4106 6414
390 359 450 412 ιιι
1626 371 1958 428 EXPOSlTll

2066 374 2095 430 η
2128 377 2447 441 PSALMUM
2489 388 2573 445 IV.

390 472 572 527 \ultin
602 489 684 541 ea,
711 489 834 546 qua:
865 486 1010 532 sunt.
1054 480 1297 547 aliorum,
1328 484 1597 553 invadere,
1642 504 1741 542 nec
1767 489 1884 544 suis
1909 498 1993 544 est

390 573 673 620 contentus
696 584 709 620 :
735 568 807 622 ita
828 570 1003 623 etiam
1025 574 1306 642 superbum
1329 585 1382 629 et
1402 588 1757 647 arrogantem,
1776 587 1991 650 quando

393 657 514 724 plus
568 659 745 728 exigit
774 676 939 728 quam
1015 663 1155 733 quod
1195 665 1295 719 sibi
1348 667 1569 724 debetur
1618 686 1647 724 a
1702 676 1988 742 proximo;

390 746 608 816 quando
637 750 755 817 quis
774 752 1018 821 seipsum
1047 754 1261 824 quidem
1293 757 1345 811 in
1391 761 1535 814 omni
1589 761 1793 818 honore
1822 766 1991 822 col‘lo-

388 851 502 904 eat,
555 839 720 894 alium
766 857 899 898 vero
950 844 1112 901 habet
1151 847 1447 918 despectui.
1500 852 1611 909 lloe
1651 866 1828 911 autem
1880 875 1987 915 non

387 931 611 986 aliunde
650 933 845 1000 oritur,
903 952 1066 1004 quam
1095 956 1158 993 ex
1193 940 1469 1010 injustitia.
1512 945 1664 1011 Quod
1695 949 1835 1003 enim
1888 949 1989 1007 hoc

388 1021 462 1076 sit
485 1021 760 1091 iniustitia,
807 1041 873 1081 ex
923 1026 1027 1082 hoc
1056 1030 1357 1087 considera.
1389 1034 1456 1089 Et
1500 1045 1553 1091 te
1601 1047 1655 1091 et
1684 1039 1831 1094 illum
1864 1040 1989 1098 fecit

387 1110 552 1177 Deus,
574 1122 630 1169 et
656 1115 748 1168 tibi
770 1118 948 1170 (itania
981 1118 1126 1174 dedit
1153 1137 1273 1175 eum
1328 1124 1419 1179 illo
1463 1130 1766 1184 communia
1813 1140 1870 1186 et
1918 1148 1987 1189 ex

383 1197 563 1270 aequo.
592 1204 871 1272 Quomodo
896 1224 1024 1278 ergo
1053 1226 1171 1265 eum
1203 1216 1455 1285 expellis,
1483 1229 1536 1271 et
1562 1221 1759 1288 spolias
1784 1222 1987 1281 honore

382 1312 547 1366 quem
581 1298 724 1353 Deus
748 1300 914 1367 dedit,
948 1313 1000 1355 et
1025 1304 1088 1358 ad
1132 1307 1443 1363 societatem
1476 1327 1579 1365 non
1608 1315 1862 1381 admitlis,
1889 1318 1983 1372 sed

383 1388 566 1441 omnia
596 1390 686 1442 libi
720 1391 927 1457 tribuis,
946 1404 997 1447 et
1024 1410 1128 1448 non
1147 1398 1316 1451 solum
1349 1400 1402 1453 iu
1433 1403 1675 1470 pecunia,
1699 1406 1792 1459 sed
1822 1408 1982 1462 etiam

383 1477 437 1531 in
490 1477 694 1534 honore
755 1497 878 1536 eum
933 1483 1060 1540 lacis
1088 1492 1420 1559 pauperem?
1460 1492 1600 1547 Deus
1629 1496 1772 1551 dedit
1796 1514 1980 1555 ,unam

383 1571 595 1640 utrique
623 1576 913 1629 essentiam
964 1595 977 1631 :
1020 1581 1210 1649 a‘quali
1252 1583 1572 1654 principatu,
1618 1591 1805 1658 a'quali
1833 1606 1983 1646 crea-

382 1664 543 1718 tiouis
570 1664 771 1721 honore
797 1667 1043 1738 dignatus
1071 1682 1171 1726 est.
1228 1673 1359 1730 Illud
1389 1678 1531 1731 enim
1584 1679 1860 1737 Faciamus
1889 1685 1982 1738 Ito—

383 1754 569 1806 mincm
602 1753 756 1824 (Gen.
790 1759 840 1811 1.
874 1757 994 1830 20),
1040 1772 1121 1816 est
1140 1778 1425 1821 connuune
1467 1770 1716 1825 universo
1770 1776 1973 1843 generi.

378 1847 662 1913 Quomodo
696 1866 824 1921 ergo
871 1869 992 1906 eum
1034 1857 1285 1913 exturbas
1314 1875 1343 1914 a
1394 1861 1549 1918 bonis
1595 1870 1861 1934 paternis,
1910 1872 1975 1927 ad

380 1950 647 1991 summam
679 1941 1028 2003 humilitatem
1051 1947 1314 2018 redigens,
1339 1962 1394 2006 et
1413 1955 1551 2022 quod
1570 1966 1648 2011 est
1670 1974 1973 2028 commune,

379 2037 647 2097 tamquam
683 2033 771 2085 tibi
806 2036 1082 2107 proprium
1110 2039 1421 2097 vindicans?
1448 2043 1552 2100 Sed
1583 2049 1703 2102 talis
1725 2067 1827 2105 non
1860 2064 1977 2109 erat

377 2120 569 2176 beatus
599 2125 876 2194 prOpbeta,
921 2137 977 2183 et
1000 2130 1117 2186 ideo
1147 2133 1401 2191 audacter
1431 2151 1484 2191 et
1509 2140 1680 2196 libere
1719 2144 1928 2200 dicebat
1956 2164 1969 2200 :

377 2214 656 2270 I-Ixtiudivit
703 2219 957 2288 justitiam
1002 2240 1165 2279 meam
1219 2227 1291 2282 Ita
1323 2230 1485 2285 etiam
1513 2232 1708 2290 Paulus
1734 2237 1969 2307 st-ipsum

372 2320 521 2376 saepe
552 2308 763 2367 adduci:
794 2311 845 2365 in
880 2314 1134 2380 medium,
1171 2334 1273 2373 non
1303 2336 1362 2376 se
1404 2322 1636 2381 efferens
1679 2344 1777 2382 nec
1831 2330 1968 2385 intu-

371 2415 641 2468 mescens,
672 2404 765 2458 sed
785 2420 845 2460 se
869 2406 988 2462 aliis
1015 2413 1291 2480 exemplar
1310 2431 1650 2485 proponens;
1680 2429 1734 2474 ut
1756 2424 1970 2493 quando

370 2490 537 2547 dicit:
583 2492 707 2549 Volo
754 2513 927 2552 omnes
957 2500 1185 2558 homines
1236 2522 1342 2560 esse
1391 2509 1519 2562 sicut
1554 2521 1601 2565 et
1632 2514 1876 2583 meipsum
1914 2518 1966 2570 in

366 2587 679 2642 continentia
702 2590 718 2620 ¹
749 2589 823 2663 (Ι.
852 2590 970 2646 Cor.
1005 2595 1057 2649 7.
1092 2594 1167 2668 7).
1189 2598 1263 2653 Ita
1293 2601 1452 2655 etiam
1503 2603 1690 2670 David,
1723 2615 1965 2678 tempore

368 2680 441 2734 ita
475 2682 794 2751 postulante,
818 2686 1180 2743 fortitudinem
1208 2706 1357 2745 suam
1377 2710 1494 2762 qua:
1511 2695 1560 2749 ei
1583 2696 1837 2754 divinitus
1866 2702 1965 2755 oh-

368 2774 581 2843 tigerat,
616 2776 666 2830 in
700 2779 933 2832 medium
963 2781 1198 2851 adducit,
1242 2784 1427 2841 dicens
1448 2804 1507 2843 se
1533 2800 1589 2844 et
1610 2806 1761 2846 ursos
1792 2795 1964 2849 Suffo-

362 2881 542 2933 casse,
592 2880 646 2923 et
677 2869 858 2925 leones
883 2876 1264 2942 strangulasse,
1320 2893 1426 2933 non
1469 2882 1703 2951 seipsum
1746 2888 1962 2954 quidem

362 2958 441 3011 sic
467 2960 755 3025 extollens,
776 2965 915 3019 absit
949 2966 1022 3035 (1.
1057 2967 1187 3039 Reg.
1213 2970 1298 3023 Π.
1332 2972 1418 3025 54.
1452 2989 1564 3043 sqq.
1601 2990 1614 3026 :
1645 2976 1741 3030 sed
1794 2994 1853 3033 ea
1886 2995 1962 3032 ra-

369 3047 518 3104 tione
571 3066 861 3119 procurans
890 3066 942 3110 ut
970 3058 1070 3112 sibi
1104 3060 1232 3116 fides
1260 3061 1566 3121 haberetur.

438 3140 664 3198 Fructus
711 3149 956 3203 orationis
976 3167 997 3215 ;
1025 3168 1177 3221 quam
1226 3155 1497 3211 exorabilis
1541 3157 1876 3218 Dens—Et
1913 3166 1958 3219 si

358 3233 829 3306 habeojustitiam,
851 3241 993 3296 dicet
1018 3242 1243 3300 fortasse
1268 3248 1552 3319 quispiam,
1578 3253 1700 3322 quid
1723 3270 1856 3325 Opus
1879 3267 1961 3311 est

360 3332 624 3397 oratione,
649 3346 767 3386 cum
790 3345 840 3388 et
867 3336 1075 3404 resipsa
1098 3338 1162 3393 ad
1188 3341 1366 3395 omnia
1395 3354 1539 3400 recte
1558 3347 1787 3414 gerenda
1809 3349 1959 3404 sufli-

359 3421 468 3474 ciat
487 3462 502 3486 ,
530 3431 586 3476 et
611 3423 699 3494 qui
722 3424 943 3481 daturus
968 3438 1071 3493 est,
1105 3431 1240 3486 sciat
1259 3434 1580 3503 quibusnam
1622 3452 1759 3509 opus
1788 3439 1954 3496 habe-

358 3516 516 3569 mus?
552 3516 812 3583 Quoniam
839 3524 1013 3578 oratio
1040 3541 1145 3579 non
1168 3537 1250 3581 est
1279 3543 1500 3598 parvum
1524 3533 1790 3590 vinculum
1818 3539 1955 3595 dile-

356 3610 555 3665 cti0nis
582 3612 632 3665 in
671 3612 833 3667 Deum
861 3633 979 3686 qua!
1006 3633 1125 3672 eum
1148 3635 1214 3675 eo
1242 3623 1472 3691 colloqui
1503 3642 1598 3680 nos
1624 3630 1909 3688 assuefacit
1931 3675 1946 3700 ,

355 3712 410 3755 et
450 3701 517 3755 ad
570 3704 844 3774 sapientia:
888 3709 1120 3764 studium
1172 3728 1271 3767 nos
1308 3714 1539 3770 deducit.
1577 3719 1630 3772 Si
1687 3723 1828 3776 enim
1860 3724 1951 3793 qui

353 3809 481 3847 cum
510 3796 693 3866 aliquo
717 3800 1014 3856 admirabili
1046 3804 1161 3857 viro
1195 3806 1417 3861 multmu
1448 3821 1707 3876 versatur,
1735 3831 1801 3869 ex
1832 3816 1950 3884 ejus

352 3890 744 3944 consuetudine
785 3893 1073 3948 maximum
1103 3895 1330 3951 fructum
1360 3901 1575 3969 accipit,
1603 3914 1803 3973 quanto
1829 3922 1946 3961 ma-

349 3978 435 4046 gis
479 3982 565 4049 qui
613 3995 732 4034 cum
766 3984 874 4039 Deo
918 3996 1227 4055 perpetuam
1273 3990 1435 4047 habet
1459 3997 1946 4055 consuetudinem?

350 4068 458 4124 Sed
494 4088 600 4125 non
632 4074 795 4142 probe
820 4076 1018 4132 scimus
1035 4081 1300 4149 quodnam
1333 4083 1400 4136 sit
1427 4084 1630 4141 lucrum
1660 4090 1939 4159 orationis,

350 4162 476 4229 quia
506 4178 608 4217 nec
636 4166 683 4218 ei
710 4166 949 4222 studiose
999 4171 1235 4226 animum
1262 4174 1599 4243 adhibemus,
1633 4195 1731 4234 nec
1759 4197 1821 4236 ea
1873 4198 1939 4239 ex

351 4253 445 4307 Dei
478 4254 678 4324 legibus
709 4258 924 4312 utimur.
954 4258 1057 4315 Sed
1085 4262 1330 4319 homines
1351 4267 1563 4336 quidem
1592 4271 1802 4341 aliquos
1817 4275 1942 4331 allo-

346 4346 589 4412 qunturi,
628 4347 715 4417 qui
744 4359 867 4402 sunt
903 4352 1052 4406 nobis
1077 4356 1412 4424 superiores,
1440 4359 1529 4413 ubi
1566 4362 1822 4430 habitum,
1856 4366 1939 4421 in-

344 4451 582 4499 cessum,
633 4439 884 4496 amictum
911 4485 924 4507 ,
974 4455 1028 4500 et
1057 4451 1232 4503 omnia
1260 4456 1740 4524 composuerimus,
1780 4459 1848 4513 ita
1883 4471 1940 4516 ut

344 4540 563 4600 oportet
612 4533 962 4604 alloquimur:
990 4540 1055 4594 ad
1089 4541 1258 4597 Deum
1289 4557 1466 4601 autem
1512 4553 1831 4610 accedentes
1857 4555 1934 4611 hi-

345 4624 568 4689 srimus,
595 4641 689 4680 nos
730 4632 1015 4702 sealpimus
1048 4640 1213 4704 atque
1236 4636 1339 4693 huc
1366 4649 1422 4696 et
1460 4642 1585 4699 illuc
1614 4661 1893 4706 versamus
1918 4688 1933 4719 ,

343 4716 678 4786 negligentes
708 4736 771 4776 ac
798 4724 1051 4781 socordes
1076 4742 1262 4789 sumus
1288 4747 1302 4797 ;
1334 4731 1477 4787 humi
1500 4736 1725 4805 genibus
1756 4739 1931 4809 flexis,

342 4822 442 4873 per
488 4806 664 4863 forum
707 4812 1037 4871 oberramns.
1087 4818 1239 4886 Quod
1294 4822 1338 4877 si
1366 4837 1487 4878 cum
1514 4840 1575 4880 ea
1599 4844 1703 4897 qua
1731 4845 1826 4899 par
1852 4843 1935 4890 est

340 4902 665 4969 reverentia,
701 4915 751 4959 et
776 4915 1040 4978 tamquam
1067 4928 1188 4967 cum
1222 4914 1328 4969 Deo
1363 4917 1630 4987 loquuturi
1662 4924 1937 4981 accedere-

340 5007 481 5057 mus,
533 5003 656 5050 tunc
708 4998 970 5055 sciremus
1014 5006 1173 5058 etiam
1228 5018 1511 5078 antequam
1565 5017 1931 5085 acceperimus

335 5099 459 5152 qua:
490 5086 739 5155 petimus,
786 5103 1042 5160 quantum
1087 5096 1217 5153 lucri
1277 5100 1553 5160 faciamus.
1585 5107 1756 5163 Homo
1786 5111 1928 5167 enitn

334 5175 426 5242 qui
460 5191 582 5231 eum
633 5179 742 5235 Deo
779 5181 916 5253 loqui
950 5185 1174 5255 didicit,
1229 5201 1281 5245 ut
1307 5193 1462 5249 decet
1488 5211 1631 5258 eum.
1677 5201 1765 5270 qui
1804 5218 1926 5258 cum

338 5265 448 5319 Deo
479 5267 743 5338 loquitur,
797 5275 901 5327 erit
947 5275 1199 5349 deinceps
1247 5286 1516 5354 angelus:
1550 5288 1621 5341 ita
1672 5265 1929 5347 liberatur

332 5356 508 5409 anima
538 5373 567 5411 a
596 5360 822 5417 vinculis
855 5369 1120 5434 corporis,
1162 5371 1231 5425 ita
1255 5375 1303 5427 ei
1337 5376 1474 5430 ratio
1502 5378 1552 5431 in
1577 5380 1742 5436 altum
1778 5379 1923 5439 tollis

331 5457 419 5502 tut
442 5491 459 5515 ,
505 5451 574 5504 ita
603 5468 633 5507 e
663 5456 818 5511 terris
846 5457 1044 5526 migrat
1073 5462 1122 5513 in
1154 5465 1367 5532 caelum,
1400 5468 1471 5523 ita
1497 5487 1615 5538 qua:
1647 5474 1713 5527 ad
1759 5478 1921 5533 vitam

332 5536 467 5596 hanc
488 5545 786 5614 pertinent,
815 5548 1067 5616 deSpicit,
1121 5553 1188 5607 ita
1233 5559 1374 5625 apud
1415 5536 1587 5628 ipsum
1611 5566 1802 5621 solium
1837 5584 1922 5624 re-

325 5638 468 5704 gium
512 5637 733 5702 sistitur,
759 5641 976 5698 etiamsi
1010 5643 1080 5696 sit
1107 5660 1322 5717 lauper,
1376 5652 1420 5705 si
1453 5652 1701 5718 famulus.
1734 5661 1776 5714 si
1815 5665 1923 5731 pri-

381 5815 400 5845 ⁸
436 5812 704 5880 lnt'olbert.
731 5796 925 5876 deSw't
951 5823 1028 5874 lite
1054 5836 1218 5890 voces,
1241 5826 1290 5879 in
1311 5831 1615 5886 remittemur.

2102 500 2256 549 vatus
2304 498 2349 551 si
2374 499 2638 561 indoctus.
2684 506 2797 565 Non
2830 516 3021 583 quaerit
3049 518 3192 575 enim
3215 522 3356 581 Deus
3373 527 3696 600 linguteele-

2097 595 2355 655 gantiam,
2388 607 2488 648 nec
2535 596 2823 657 verborum
2864 612 3354 684 compositionem,
3382 621 3477 678 sed
3503 627 3697 689 animm

2098 676 2568 752 pulchritudinem,
2603 693 2727 747 etsi
2782 695 2869 763 illa
2893 714 2954 753 ea
2980 676 3100 771 quae
3128 705 3225 775 ipsi
3259 676 3470 778 placent

2100 777 2206 836 tur,
2240 781 2349 828 tota
2394 792 2453 831 re
2494 779 2684 838 effecta
2712 790 2933 845 recedit.
2993 793 3155 851 Vides
3185 777 3380 870 quanta
3419 777 3697 866 facilitas?

2102 859 2157 914 In
2180 862 2484 924 hominibus
2505 882 2718 942 oportet
2745 895 2890 949 eum,
2924 886 3012 955 qui
3044 890 3272 960 aliquem
3300 897 3430 964 adit,
3460 916 3581 959 esse
3608 906 3693 960 di-

2095 958 2253 1013 cendi
2277 960 2526 1023 facultate
2553 972 2858 1042 prmditum,
2887 990 2939 1033 et
2967 958 3417 1052 posserblanditiis
3442 998 3541 1052 sibi
3563 1017 3693 1056 cou-

2086 1047 2279 1105 eiliare
2305 1066 2492 1111 omnes
2521 1064 2753 1118 asseclas
2783 1070 3061 1141 principis,
3086 1084 3141 1130 et
3188 1083 3353 1138 multa
3380 1086 3485 1141 alia
3526 1106 3690 1147 exco-

2094 1138 2266 1206 gitare
2287 1184 2302 1206 ,
2333 1155 2382 1198 ut
2412 1159 2597 1216 gratus
2626 1162 2746 1210 esse
2794 1162 2978 1226 possit.
3015 1164 3113 1223 llic
3160 1181 3337 1227 autem
3380 1179 3528 1234 nullo
3557 1184 3685 1249 alio,

2092 1242 2446 1304 praeterquam
2472 1244 2583 1296 sola
2614 1245 2849 1315 vigilanti
2880 1269 3059 1311 mente
3085 1276 3218 1330 opus
3247 1275 3348 1328 est,
3373 1279 3426 1323 et
3448 1272 3578 1328 nihil
3606 1287 3688 1331 est

2089 1323 2230 1391 quod
2264 1328 2543 1405 prohibeat
2571 1340 2860 1405 quominus
2892 1361 3057 1416 prope
3118 1352 3282 1408 Deum
3310 1359 3496 1416 simus.
3553 1365 3688 1422 Dem

2087 1418 2219 1470 enim
2267 1425 2685 1496 appmpinqaans
2739 1450 2831 1503 ego
2878 1453 2991 1492 sum
3014 1481 3029 1506 ,
3076 1453 3125 1496 et
3179 1463 3280 1500 non
3338 1448 3475 1507 Dens
3511 1461 3687 1524 procul

2089 1507 2220 1619 pler.
2261 1511 2350 1568 25.
2373 1514 2487 1589 ‘25).
2515 1519 2590 1574 ita
2623 1534 2679 1578 ut
2698 1528 2839 1596 quod
2867 1530 3022 1603 longe
3057 1537 3214 1601 absit,
3245 1541 3294 1596 id
3320 1558 3349 1597 a
3375 1507 3529 1603 nobis

2085 1599 2355 1659 ficiseatur
2386 1625 2401 1660 :
2434 1610 2550 1678 ipse
2573 1615 2714 1670 enim
2744 1633 2959 1691 semper
2985 1641 3152 1697 prOpe
3176 1641 3279 1687 est.
3311 1634 3377 1689 Et
3403 1639 3527 1707 quid
3552 1599 3672 1696 ilico

2085 1706 2182 1746 nos
2208 1710 2314 1750 non
2345 1712 2481 1768 opus
2507 1703 2703 1762 habere
2733 1709 2943 1768 dicendi
2987 1712 3281 1777 facultate?
3328 1703 3681 1798 Stepeumnc—

2083 1799 2145 1837 ro
2176 1802 2246 1843 ne
2273 1805 2402 1846 voce
2429 1797 2643 1863 quidem
2671 1815 2804 1872 opus
2830 1805 3108 1866 habemus.
3144 1814 3277 1872 Nam
3310 1820 3353 1874 si
3378 1797 3458 1876 vel
3488 1826 3538 1878 in
3561 1841 3684 1882 eot-

2082 1875 2149 1930 de
2174 1878 2425 1950 loquutus
2470 1886 2654 1956 fueris,
2691 1903 2745 1948 et
2765 1910 2887 1951 eum
2932 1910 2991 1954 ut
3019 1916 3231 1972 oportet
3271 1917 3561 1984 vocaveris,
3599 1922 3679 1975 vel

2084 1974 2209 2023 tunc
2231 1987 2444 2043 quoque.
2487 1979 2642 2035 facile
2674 1997 2892 2042 annuet.
2926 1990 2998 2044 Ita
3024 2002 3078 2049 et
3104 1996 3302 2054 Mosem
3346 1974 3587 2064 audivit':
3609 1974 3677 2065 ita

2079 2059 2240 2115 etiam
2266 2064 2472 2121 Annam
2507 2071 2702 2141 (Exod.
2738 2077 2826 2132 14.
2856 2082 2970 2152 15).
3003 2083 3118 2140 Non
3145 2090 3350 2146 assistit
3395 2059 3677 2169 miles

2077 2157 2329 2225 espellat,
2359 2176 2463 2216 non
2495 2168 2712 2224 satelles
2739 2173 2828 2241 qui
2877 2181 3328 2245 opportunitatem
3359 2189 3539 2255 tollat;
3571 2157 3676 2249 non

2077 2254 2160 2299 est
2189 2250 2276 2317 qui
2307 2251 2451 2308 dicat
2483 2273 2496 2309 :
2525 2257 2640 2313 Non
2683 2271 2767 2316 est
2800 2280 2942 2323 nunc
2983 2279 3191 2341 tempus
3214 2280 3520 2347 accedendi,
3556 2289 3674 2341 veni
3746 2314 3750 2319 ι

2075 2350 2259 2406 poStea
2284 2342 2360 2412 (Ι.
2383 2344 2512 2418 Reg.
2550 2348 2598 2403 l.
2629 2353 2751 2421 15);
2781 2357 2876 2411 sed
2915 2363 3128 2429 quando
3159 2372 3368 2426 veneris
3393 2412 3407 2437 ,
3431 2342 3537 2429 stat
3574 2394 3674 2432 ati-

2072 2428 2230 2485 diens
2257 2474 2271 2494 ,
2314 2436 2522 2493 etiamsi
2562 2450 2804 2514 tempore
2857 2453 3103 2521 prandii,
3150 2460 3359 2517 etiamsi
3428 2476 3669 2538 tempore

2075 2533 2264 2588 emine,
2307 2527 2515 2584 etiamsi
2540 2545 2697 2589 nocte
2729 2537 3066 2611 intempesta.
3104 2548 3157 2602 in
3194 2551 3343 2616 foro,
3392 2556 3443 2610 in
3470 2561 3585 2625 ria,
3618 2564 3669 2617 in

2072 2613 2254 2681 cubili,
2307 2619 2519 2676 etiamsi
2577 2625 2719 2682 intus
2771 2630 2822 2684 in
2866 2633 3071 2702 judicio
3132 2655 3310 2697 Coram
3362 2650 3669 2720 magistratu

2075 2700 2087 2720 ,
2195 2706 2205 2716 .
2326 2716 2333 2720 .

2870 2700 2877 2702 _
3449 2700 3668 2720 νην-,η

2072 2700 2258 2769 lueris,
2288 2716 2339 2762 et
2368 2725 2489 2766 eum
2534 2721 2836 2777 vocaveris.
2871 2725 3006 2781 nihil
3041 2740 3185 2786 vetat
3209 2738 3494 2803 quominus
3525 2751 3669 2798 tuam

2072 2796 2381 2862 petitionem
2433 2806 2653 2874 audiat,
2682 2812 2726 2864 si
2752 2813 2850 2867 rite
2886 2822 3183 2876 vocaveris.
3230 2825 3347 2882 Non
3385 2840 3537 2899 potes
3578 2836 3662 2890 tli-

2066 2894 2192 2940 cere
2219 2905 2233 2942 :
2268 2888 2472 2947 Vereor
2497 2900 2750 2955 accedere
2771 2913 2826 2958 et
2846 2920 3022 2975 orare,
3037 2912 3191 2968 adest
3221 2917 3465 2977 inimicus
3483 2938 3665 2991 meus;

2066 2984 2122 3028 at
2174 2977 2275 3033 hoc
2304 2983 2461 3037 etiam
2516 2986 2953 3056 impedimentum
3006 3000 3240 3059 ablatum
3298 3018 3429 3066 est:
3491 2977 3665 3084 neque

2066 3069 2211 3123 enim
2244 3071 2518 3130 inimicum
2554 3087 2699 3136 tuum
2737 3088 2984 3156 attendit,
3016 3108 3116 3148 nec
3147 3104 3287 3151 tuam
3321 3069 3662 3177 interrumpit

2066 3161 2378 3227 petitionem
2410 3184 2422 3220 :
2451 3170 2545 3223 sed
2569 3188 2783 3243 semper
2797 3188 2851 3233 et
2877 3182 3090 3238 assidue
3119 3199 3241 3242 eum
3268 3202 3420 3260 potes
3443 3161 3660 3269 alloqiti,

2065 3260 2121 3304 et
2148 3253 2290 3309 nulla
2319 3256 2471 3312 adest
2499 3260 2786 3323 difﬁcultas
2820 3286 2832 3323 :
2868 3287 3041 3342 neque
3088 3279 3231 3333 enim
3268 3253 3403 3351 opus
3439 3297 3522 3342 est

2068 3342 2338 3400 nitoribus
2391 3351 2479 3418 qui
2533 3361 2585 3408 te
2615 3354 2992 3430 introducunt,
3041 3383 3148 3422 non
3177 3342 3655 3449 dispensatoribus,

2064 3442 2534 3511 procuratoribus,
2563 3450 2894 3520 custodibus,
2928 3467 3017 3511 aut
3066 3462 3255 3517 amicis
3281 3482 3296 3530 ;
3325 3469 3416 3522 sed
3440 3474 3655 3540 quando

2063 3527 2178 3598 ipse
2200 3546 2294 3599 per
2320 3541 2371 3587 te
2400 3534 2573 3604 ipsum
2597 3546 2909 3611 accesseris,
2958 3557 3083 3606 tunc
3119 3556 3350 3613 maxime
3382 3569 3432 3615 te
3456 3564 3654 3634 audiet,

2060 3630 2191 3676 tunc
2210 3627 2424 3693 quando
2455 3634 2723 3688 neminem
2767 3642 3059 3708 rogaveris.

2130 3714 2183 3768 '5.
2211 3715 2324 3772 Non
2356 3718 2424 3773 ita
2454 3737 2584 3792 ergo
2612 3740 2738 3780 eum
2779 3742 2870 3798 per
2895 3733 3032 3789 alios
3081 3737 3353 3805 placamus
3396 3758 3612 3805 orantes
3634 3791 3651 3818 ,

2056 3801 2197 3858 sicut
2219 3822 2314 3874 per
2342 3812 2612 3882 nosipsos.
2643 3816 2777 3871 Cum
2819 3823 2962 3877 enim
2994 3839 3230 3883 nos:ram
3270 3847 3487 3902 expetat
3510 3843 3647 3894 ami-

2055 3892 2234 3948 citiam
2263 3935 2279 3961 ,
2310 3901 2489 3955 omnia
2545 3905 2705 3960 etiam
2753 3906 2915 3977 facit,
2951 3923 3007 3968 ut
3049 3932 3147 3972 nos
3171 3920 3220 3974 ei
3268 3924 3601 3987 confidamus
3631 3951 3644 3986 :

2054 3985 2269 4052 quando
2299 3988 2487 4046 viderit
2514 4006 2611 4048 nos
2634 3994 2734 4053 hoc
2765 4012 2862 4068 per
2887 4017 2985 4058 uos
3016 4005 3158 4075 ipsos
3198 4008 3492 4083 facientes,
3525 4029 3648 4078 tunc

2055 4077 2287 4136 maxime
2308 4086 2513 4140 annuit.
2544 4085 2617 4141 Ita
2640 4090 2802 4146 etiam
2835 4093 2962 4151 fecit
2991 4098 3043 4152 in
3074 4100 3373 4162 Chanamea
3395 4127 3408 4162 :
3432 4122 3488 4166 et
3517 4130 3640 4172 cum

2054 4163 2244 4224 Petrus
2290 4174 2504 4241 quidem
2536 4190 2589 4232 et
2636 4179 2869 4239 Jacobus
2917 4190 3237 4248 accederent
3265 4212 3358 4266 pro
3390 4201 3479 4256 illa
3516 4204 3593 4275 (a)
3626 4249 3641 4271 ,

2051 4273 2159 4313 non
2183 4266 2371 4320 annuit
2400 4283 2413 4317 :
2442 4284 2564 4323 cum
2604 4286 2665 4325 ea
2710 4284 2886 4331 autem
2922 4293 3255 4348 permaneret
3281 4330 3295 4348 .
3329 4293 3468 4357 quod
3502 4306 3646 4363 pete-

2050 4351 2210 4409 batur
2240 4359 2482 4425 protinus
2508 4363 2657 4418 dedit
2692 4367 2904 4437 (Matth.
2936 4373 3019 4428 15.
3074 4375 3328 4447 22.ε(ιᾳ.).
3349 4351 3468 4439 Ἐιδι
3501 4351 3642 4444 enim

2048 4446 2194 4502 visus
2222 4459 2304 4505 est
2337 4468 2523 4521 parum
2554 4456 2789 4525 differre,
2815 4478 2919 4516 non
2941 4465 3041 4521 hoc
3064 4467 3190 4524 fecit
3219 4483 3274 4525 ut
3301 4488 3447 4531 mora
3478 4479 3638 4535 all‘er-

2046 4549 2197 4593 retur
2214 4543 2559 4610 mulierculae,
2580 4549 2673 4602 Sed
2705 4560 2760 4604 ut
2785 4568 2902 4607 eam
2926 4562 3094 4627 magis
3121 4576 3424 4634 coronaret,
3452 4579 3501 4624 et
3526 4572 3644 4641 ejus

2045 4630 2414 4690 assiduitatem
2447 4640 2613 4707 magis
2635 4642 2732 4696 sibi
2764 4645 3077 4704 familiarem
3107 4654 3376 4713 redderet.
3410 4630 3637 4722 lilediie-

2044 4737 2165 4775 mur
2190 4739 2319 4794 ergo
2344 4740 2442 4781 nos
2480 4745 2691 4801 quoque
2729 4736 2895 4792 Deum
2946 4744 3211 4812 supplices
3241 4748 3314 4819 (ὑ)
3343 4751 3530 4809 adire:
3557 4756 3638 4811 di-

2042 4828 2255 4873 scamus
2284 4822 2554 4889 quomodo
2581 4839 2641 4878 ea
2671 4825 2739 4879 sit.
2770 4826 3008 4887 facienda
3040 4837 3379 4907 supplicatio.
3414 4842 3529 4901 Non
3553 4858 3636 4903 est

2042 4907 2277 4963 eundum
2304 4910 2359 4965 in
2391 4928 2632 4969 muscum
2657 4916 2753 4990 (c),
2788 4935 2891 4976 non
2918 4935 3041 4980 sunt
3063 4934 3442 4991 consumenda:
3466 4953 3629 5006 pecu-

2103 5044 2175 5119 (α)
2200 5046 2282 5127 Hic
2301 5050 2534 5127 memoria
2558 5050 2721 5127 lapsus
2746 5056 2937 5127 videtur
2957 5061 3335 5127 chrysostomus.
3355 5068 3410 5119 In
3434 5070 3634 5124 historia

2036 5110 2232 5180 quippe
2246 5109 2310 5180 de
2332 5109 2750 5165 Chanantea'nulla
2775 5122 2960 5171 mentio
2982 5109 3107 5175 f‘eEri
3122 5109 3385 5180 'éi'jéiétiiti.‘

2110 5122 2156 5153 ιτ)
2176 5122 2222 5156 ie
2246 5122 2310 5157 ne
2332 5122 2598 5162 (:nanantea
2622 5122 2750 5165 nulla
2775 5122 2960 5171 mentio
2982 5122 3107 5175 Petri
3132 5134 3185 5176 et
3205 5132 3385 5180 Jacobi.
3522 5122 3525 5123 ν
3570 5122 3630 5124 Ἴ

2104 5122 2195 5259 (bin
2200 5170 2266 5259 1:1:
2273 5179 2694 5259 fﬁﬁglivimﬂaz
2715 5196 2812 5259 ora.
2839 5189 2906 5259 De
2931 5185 3031 5259 hac
3058 5201 3175 5237 voce
3199 5197 3630 5259 caecat-mna"...

2036 5233 2299 5313 Sequenti'a
2335 5238 2543 5313 notanda
2559 5233 2700 5289 “sunt
2715 5233 2969 5313 ίέᾆςναάνιιν
2992 5233 3141 5309 saepe
3154 5233 3260 5313 esi,
3274 5233 3633 5313 iFétiiiit'i'EiEi

2036 5300 2204 5382 contra
2225 5293 2437 5382 aliquem
2459 5299 2643 5382 offerre.
2652 5293 2973 5382 priueiu'gnet,
2997 5293 3140 5382 ξιξ-ξχῶ
3155 5293 3384 5382 {libellus

2034 5363 2119 5405 aut
2142 5357 2387 5426 accusatio
2401 5357 2569 5432 contra
2592 5357 2803 5432 aliquem
2828 5357 3002 5432 oblata.
3021 5357 3631 5432 otiaué'r‘é'iiié

2034 5418 2233 5467 mastico
2256 5429 2422 5468 nostro
2445 5423 2504 5470 ad
2527 5418 2685 5485 Opera
2720 5427 2960 5478 Athanasii
3003 5418 3076 5505 ad.
3106 5418 3276 5495 voces:

2035 5490 2047 5505 ι
2141 5493 2146 5502 ι
2219 5480 2302 5505 ub.
2323 5489 2486 5505 ...κη-ι.
2534 5498 2544 5505 .
2664 5498 2674 5505 .
2816 5498 2878 5505 ,μ

2035 5490 2200 5570 es...
2219 5480 2506 5570 Hiqautem,
2532 5480 2780 5570 ..-.,,,.....,
2809 5498 2886 5538 est
2916 5480 3629 5570 εμρριίεαιῖέξξιᾷιῖέᾶῑζςῑηῖ

2035 5554 2063 5570 ιι
2084 5541 2228 5570 ἱρηηη
2264 5556 2293 5570 ιι
2339 5556 2399 5570 ην
2425 5548 2558 5570 ωιηεη
2619 5555 2748 5570 un...-
2818 5557 3048 5570 n.._.._“,_,
3112 5566 3147 5570 --

2031 5539 2399 5632 plicatiohutex
2423 5539 2559 5632 serie
2597 5539 2778 5632 liqluet.’
2816 5539 3080 5623 Gentiarnrus
3112 5539 3627 5632 Heg,

2031 5612 2217 5632 Iuturna)
2259 5616 2341 5632 nrt)
2381 5614 2427 5632 η.
2453 5620 2501 5632 η-
2527 5616 2639 5632 arma
2683 5617 2772 5632 αι...
2816 5626 2972 5632 _..____,_
3009 5630 3018 5632 ,λ

2030 5601 2361 5681 ittterpfllqre,
2381 5614 2432 5654 et
2453 5601 2789 5681 interpellatio,
2816 5601 3510 5681 nimusééhnxdoéi'ﬁi'raiiiif.

2096 5664 2166 5725 (c3
2187 5664 2207 5744 ΙΙ
2217 5677 2245 5711 ιι
2270 5666 2457 5744 (iratae,
2486 5664 2664 5744 ρωσξιρ.
2692 5664 2834 5744 Porro
2858 5675 2982 5726 hanc
3000 5664 3629 5744 vbééih'iﬁééhiﬁ'siitnm

2028 5726 2096 5811 ε’ξι
2119 5726 2571 5811 ξ’ριεθηδξξξρξξειςςξ
2599 5732 2830 5811 templum
2854 5726 3171 5811 amt-uiti,"
3196 5726 3291 5795 {cii
3413 5726 3504 5811 ῤ’ἷᾶ
3514 5726 3632 5801 ’ἱόἷῖι

2027 5787 2460 5877 statutisrdestiiltﬁto
2475 5787 3117 5877 accit1ieutl‘utngncerteputo
3133 5787 3297 5877 ιίρνσιιςν
3314 5787 3441 5877 apud
3461 5787 3633 5864 Fatres

2028 5847 2176 5912 longe
2197 5848 2502 5912 frequentius
2524 5847 2613 5917 pr'o
2648 5855 2762 5908 ludo
2782 5847 3188 5932 literario'a—ceiﬁ.

3645 409 3713 463 4‘2
