4106 6412
424 406 493 461 43
1158 389 1214 445 S.
1253 381 1531 443 JOANNIS
1565 375 2038 438 CHRYSOSTOMI
2080 371 2396 432 ARCﬂlEP.
2439 365 2970 428 CONSTANTINOP.
3651 363 3725 417 η

421 517 545 582 nim,
597 499 698 569 nec
719 517 844 566 sunt
867 497 1197 564 conducendi
1223 496 1519 570 pzcdagogi,
1543 494 1807 558 rhetores,
1832 499 1884 546 et
1914 505 2002 545 so-

422 608 646 679 phistae;
669 617 841 674 neque
867 598 1090 655 multum
1119 590 1375 661 temporis
1415 585 1834 668 consumendum
1889 591 1970 637 est
1993 623 2009 649 ,

422 673 480 755 ut
507 701 644 754 hanc
672 673 881 752 dicendi
911 699 1081 744 artem
1134 685 1348 746 discas;
1403 680 1498 735 sed
1551 676 1727 732 solum
1780 673 2013 728 voluisse

421 791 654 857 sufficit,
701 797 754 844 et
801 801 890 841 ars
935 781 1168 852 perfecta
1199 777 1387 833 evasit.
1448 773 1558 828 Nec
1611 785 1709 841 pro
1737 779 1788 823 te
1838 766 2012 822 solum

425 883 627 954 poteris
679 879 861 935 dicere
891 875 946 930 in
969 888 1034 930 eo
1096 869 1318 940 judicio,
1351 864 1445 921 sed
1495 864 1654 918 etiam
1685 874 1781 931 pro
1831 856 2016 913 multis

423 948 563 1028 aliis.
616 971 682 1026 Et
735 969 982 1039 quisnam
1013 971 1096 1018 est
1119 973 1345 1030 scepus,
1378 954 1520 1026 quod
1544 953 1842 1028 institutum
1885 948 2016 1003 artis

424 1065 580 1135 hujus
604 1057 916 1134 iudicialis?
939 1054 1127 1110 Modus
1152 1047 1494 1121 precationis.

495 1134 752 1210 Precandi
775 1151 991 1212 modus;
1016 1144 1245 1200 dilatatio
1265 1139 1386 1212 quid
1411 1139 1495 1193 ait.
1513 1166 1585 1176 —
1601 1134 1786 1190 Sobria
1815 1140 2016 1196 mente,

421 1250 607 1305 animo
639 1245 893 1308 contrito,
939 1255 1062 1295 cum
1097 1234 1330 1291 fontibus
1371 1232 1726 1300 lacrymarum
1775 1223 1841 1279 ad
1895 1238 2017 1278 eum

425 1340 702 1405 accedere,
743 1335 873 1391 nihil
919 1329 1062 1403 quod
1103 1326 1170 1382 ad
1205 1325 1344 1379 hanc
1373 1323 1532 1378 vitam
1562 1318 1830 1389 pertineat
1859 1322 2022 1385 pete—

426 1451 485 1490 re
514 1475 530 1499 ,
577 1404 749 1485 futura
803 1422 1203 1493 concupiscere,
1262 1430 1357 1486 pro
1406 1409 1770 1483 spiritualibus
1821 1404 2022 1475 suppli-

425 1541 572 1592 care,
613 1519 842 1578 inimicis
869 1532 976 1572 non
1003 1513 1142 1568 male
1187 1506 1415 1580 precari,
1447 1511 1718 1572 acceptam
1774 1497 2021 1567 injuriam

429 1588 683 1675 memoria
713 1627 819 1668 non
848 1621 1052 1672 tenere,
1080 1615 1270 1660 omnes
1290 1594 1723 1670 perturbationes
1747 1605 1814 1644 ex
1839 1588 2022 1642 animo

427 1708 701 1779 expellere
726 1745 740 1769 ,
763 1704 1132 1756 eonterentem
1161 1707 1256 1746 eor
1277 1690 1347 1743 ita
1376 1686 1545 1748 adire,
1568 1682 1748 1736 animo
1775 1675 2020 1748 deprimi,

429 1795 892 1857 mansuetudinem
945 1799 1192 1857 magnam
1241 1792 1522 1837 exercere;
1577 1783 1632 1829 et
1678 1773 1911 1841 linguam
1953 1767 2020 1823 ad

431 1896 567 1950 bene
603 1885 924 1960 loquendum
967 1886 1303 1937 convertere,
1357 1876 1409 1926 in
1455 1869 1600 1923 nullo
1651 1879 1813 1936 pravo
1862 1876 2028 1932 opere

431 1986 656 2053 versari,
681 1982 812 2038 nihil
859 1978 1058 2033 habere
1089 1981 1376 2028 commune
1420 1979 1540 2018 eum
1584 1957 1854 2016 communi
1884 1955 2028 2010 orbis

431 2091 691 2137 terrarum
723 2075 898 2138 hoste,
928 2085 1049 2125 cum
1092 2062 1332 2126 diabolo,
1367 2059 1607 2127 inquam.
1652 2053 1704 2107 In
1735 2067 1858 2107 eum
1885 2049 2026 2104 enim

428 2173 517 2243 qui
554 2185 651 2241 pro
675 2167 797 2223 aliis
818 2179 939 2220 cum
968 2174 1096 2229 rege
1119 2154 1374 2224 l0quitur,
1404 2158 1460 2205 et
1485 2163 1607 2204 cum
1639 2145 1756 2215 ejus
1776 2197 1779 2204 ,
1800 2141 2029 2197 inimicis

431 2231 810 2320 communicat,
832 2263 1072 2310 externa:
1096 2247 1258 2304 etiam
1297 2243 1441 2312 leges
1467 2236 1916 2293 animadvertunt.
1953 2231 2023 2285 Et

433 2367 487 2410 tu
506 2367 634 2423 ergo
661 2350 706 2404 si
727 2349 808 2403 vis
834 2355 889 2400 et
915 2358 1014 2414 pro
1045 2351 1096 2395 te
1123 2346 1178 2392 et
1206 2350 1304 2405 pro
1332 2333 1447 2386 aliis
1492 2329 1696 2393 dicere,
1729 2324 1809 2378 fac
1835 2333 1894 2378 ut
1923 2321 2025 2376 hac

399 2487 407 2501 κ
433 2452 485 2504 in
517 2413 833 2502 revntaxime
865 2413 931 2492 te,
960 2442 1106 2490 recte
1142 2442 1320 2501 geras,
1353 2432 1414 2479 ut
1458 2420 1592 2476 nihil
1625 2431 1910 2474 commune
1939 2413 2033 2466 ha-

435 2543 559 2598 beas
582 2553 704 2593 cum
726 2527 994 2590 communi
1014 2526 1165 2580 hoste
1188 2520 1332 2576 orbis
1352 2526 1632 2572 terrarum.
1661 2512 1733 2565 Ita
1757 2509 1898 2564 enim
1921 2506 2029 2569 ﬂet,

433 2629 766 2699 utsisjustus
785 2639 801 2678 :
819 2632 1008 2677 etcum
1033 2613 1402 2682 fuerisjustus,
1422 2603 1673 2665 audieris,
1691 2600 1851 2670 utqui
1874 2600 2030 2652 talem

434 2689 631 2779 habeas
643 2725 944 2788 patronam.
955 2703 1346 2764 lntribulatione
1357 2698 1581 2752 dilatant
1594 2693 1718 2746 mihi
1725 2731 1736 2744 .
1755 2690 1866 2745 Non
1880 2689 1962 2743 dia
1973 2689 2004 2742 it
2015 2728 2030 2752 ,

435 2782 712 2869 Adduxisti
759 2803 1094 2863 afﬂictiones,
1135 2810 1340 2864 neque,
1375 2785 1634 2846 sustulisti
1679 2782 2031 2844 tentationcs,

433 2905 552 2972 sed,
571 2904 726 2959 Stare
747 2893 1056 2970 permisisti,
1075 2900 1128 2945 et
1146 2883 1384 2941 Dilatasti
1407 2880 1548 2935 mihi.
1568 2879 1776 2945 Quanta
1804 2874 1874 2928 sit
1889 2872 2030 2926 enim

433 3009 488 3055 et
503 2967 661 3070 quam
691 2967 939 3064 expedita
962 2985 1054 3041 Dei
1072 2982 1308 3041 solertia,
1327 2978 1449 3030 hinc
1466 2972 1694 3027 maxime
1706 2967 2032 3030 ostenditur,

437 3055 542 3145 non
572 3088 746 3143 solum
761 3055 920 3153 quod
963 3076 1178 3132 inducat.
1206 3069 1542 3128 afﬂictiones,
1572 3061 1664 3117 sed
1693 3061 1852 3115 etiam
1890 3055 2030 3126 quod

439 3187 717 3238 manentes
745 3149 864 3228 ill—as
891 3167 1195 3224 tolerabiles
1218 3160 1426 3218 reddat.
1462 3157 1572 3211 lloc
1597 3164 1649 3209 et
1681 3153 1776 3208 Dei
1802 3149 2032 3206 ostendit

439 3273 751 3346 potentiam,
779 3275 835 3321 et
859 3264 948 3335 qui
981 3263 1037 3316 in
1067 3274 1159 3314 cas
1185 3254 1444 3312 incidunt,
1467 3246 1817 3318 sapientiores
1839 3242 2032 3310 reddit,

437 3337 652 3438 quando
679 3370 734 3416 et
758 3355 996 3414 dilatatio
1025 3351 1176 3406 adest
1203 3361 1321 3418 quae
1343 3343 1592 3397 afﬂictam
1633 3337 1865 3392 animam
1893 3349 2027 3389 con-

437 3428 660 3521 soletur,
697 3461 754 3510 et
791 3448 1010 3506 afflictio
1037 3459 1143 3499 non
1187 3439 1416 3496 tollitur.
1444 3449 1564 3504 qua:
1592 3438 1650 3486 et
1677 3428 2032 3498 negligentem

437 3516 752 3614 adstringat,
783 3550 838 3598 et
865 3539 932 3594 ab
959 3535 1103 3592 omni
1151 3528 1378 3600 segnitie
1419 3524 1627 3578 liberet.
1662 3521 1731 3574 Et
1761 3516 2030 3587 quomodo

439 3645 492 3698 in
537 3606 845 3700 afﬂictione,
887 3627 1096 3701 inquies
1121 3663 1137 3690 ,
1183 3620 1341 3677 fuerit
1369 3613 1641 3670 dilatatio?
1683 3610 1751 3666 Ut
1797 3609 1846 3664 in
1877 3606 2033 3662 trium

441 3747 730 3808 puerorum
769 3727 986 3782 fornace
1023 3719 1186 3792 (Dan.
1213 3716 1267 3771 '5.
1312 3711 1406 3780 24)
1431 3750 1446 3773 ,
1481 3718 1539 3760 ut
1582 3704 1632 3758 in
1665 3703 1781 3757 lacu
1823 3701 2034 3754 leonum

443 3798 608 3903 iban.
635 3825 686 3881 6.
715 3822 846 3892 22).
887 3817 1005 3872 Non
1051 3813 1194 3869 enim
1223 3802 1478 3863 exstinxit
1524 3798 1814 3898 ﬂammam,
1836 3802 1892 3903 et
1913 3801 2036 3903 tunc

443 3885 568 3977 fecit
588 3926 648 3974 ut
674 3914 776 3984 ipsi
805 3885 987 3967 essent
1011 3906 1064 3960 in
1088 3903 1257 3957 libero
1284 3904 1425 3952 statu
1450 3910 1465 3959 ;
1500 3906 1673 3960 neque
1704 3886 1898 3942 occidit
1924 3885 2035 3940 leo-

443 3975 563 4074 nes,
587 4015 641 4062 et
669 3975 797 4060 tunc
820 4011 1068 4056 securum
1098 3989 1369 4047 Danielem
1398 3981 1631 4040 reddidit
1664 3996 1678 4032 :
1725 3977 1820 4032 sed
1845 3987 1899 4030 et
1925 3975 2035 4029 illic

445 4067 662 4155 fornace
685 4093 1032 4149 vehementer
1060 4081 1302 4143 ardente,
1331 4085 1388 4132 et
1410 4074 1501 4128 hic
1523 4071 1648 4127 feris
1675 4067 2035 4131 inanentibus,

441 4189 571 4260 justi
594 4188 646 4241 in
676 4195 864 4254 magna
894 4179 1139 4233 libertate
1181 4173 1512 4225 manserunt.
1541 4163 1728 4217 Potest
1749 4159 1910 4213 etiam
1937 4157 2038 4210 ali-

450 4248 533 4338 ier
565 4277 730 4348 accipi
761 4248 1001 4329 dilatatio
1023 4309 1039 4333 ,
1083 4273 1142 4320 ut
1165 4259 1380 4334 quando
1408 4257 1607 4319 anima,
1661 4248 2041 4307 tentatienibus
2076 4253 2078 4258 ’

451 4339 742 4445 oppressa,
801 4365 1057 4419 liberatur
1102 4371 1134 4410 a
1179 4346 1705 4423 perturbationibus,
1760 4350 1815 4397 et
1861 4339 2042 4394 multis

451 4434 852 4538 :egritudinibus
872 4475 884 4510 :
906 4464 1032 4510 tunc
1062 4449 1204 4506 enim
1227 4444 1459 4522 maxime
1480 4440 1646 4494 libero
1663 4444 1803 4492 statu
1828 4434 2038 4488 fruitur.

453 4528 602 4616 illiilli
631 4555 771 4611 enim
800 4546 1055 4621 quamdiu
1083 4548 1303 4598 manent
1351 4538 1402 4591 in
1431 4533 1592 4589 rebus
1619 4528 1899 4594 secundis,
1932 4535 2043 4580 tur-

457 4647 690 4721 pissimis
716 4653 771 4700 et
805 4617 1038 4696 animam
1069 4629 1434 4690 cruciantibus
1478 4633 1726 4680 tenentur
1749 4617 2042 4684 amoribus,

457 4714 824 4813 pecuniarum,
878 4740 1164 4800 corporum
1188 4765 1204 4789 ,
1235 4731 1291 4778 et
1317 4715 1580 4790 ejusmodi
1630 4714 1853 4769 aliorum
1877 4751 1893 4777 ,
1924 4724 2044 4781 quae

453 4803 579 4890 sunt
623 4827 848 4886 absurda
878 4843 891 4879 :
920 4822 1017 4879 sed
1043 4826 1324 4891 postquam
1365 4812 1419 4866 in
1460 4807 1800 4863 afﬂictionem
1845 4803 2047 4856 incide-

457 4934 603 4990 runt,
631 4921 926 4977 liberantur
958 4913 1026 4967 ab
1047 4910 1152 4964 illis
1181 4903 1450 4965 omnibus,
1473 4907 1528 4953 et
1555 4898 1609 4952 in
1635 4904 1875 4965 apertum
1903 4907 2046 4948 cam-

457 5033 584 5090 pum
615 5010 864 5070 evadunt.
908 5006 986 5061 Ac
1015 5001 1153 5058 sicut
1182 4999 1216 5052 ii
1247 4996 1338 5068 qui
1377 4993 1530 5050 febre
1558 4989 1823 5051 laborant,
1855 5000 2045 5054 quam-

460 5077 550 5166 diu
573 5104 787 5178 quidem
805 5091 1193 5166 intempestivis
1222 5089 1470 5145 fruuntur
1493 5077 1874 5150 voluptatibus.
1910 5077 2050 5130 lauta

459 5168 676 5272 inquam
720 5208 904 5252 mensa
937 5199 991 5246 et
1017 5186 1141 5242 vino
1167 5195 1317 5237 mero
1342 5221 1355 5244 ,
1384 5187 1543 5247 atque
1579 5169 1876 5242 hujusmod.
1911 5168 2048 5234 aliis,

457 5297 510 5351 in
535 5264 770 5362 majores
790 5293 1052 5357 coguntur
1075 5275 1346 5349 angustias
1379 5289 1392 5324 :
1422 5269 1515 5324 sed
1549 5268 1593 5323 si
1622 5264 1890 5321 voluerint
1925 5278 2051 5330 pau-

459 5355 880 5453 lisper'seipsos‘
912 5375 1209 5444 afﬂigentes
1239 5374 1605 5436 perseverare,
1662 5357 1769 5411 lato
1805 5366 1858 5409 et
1886 5355 2052 5406 lilzero

463 5443 603 5531 statu
643 5443 910 5532 fruuntur,
938 5475 992 5520 et
1011 5443 1076 5518 eo
1101 5459 1243 5532 quod
1296 5469 1391 5511 eos
1416 5452 1642 5523 angebat
1670 5447 1912 5516 deposito
1933 5487 1946 5508 ,
1969 5443 2055 5512 juo

462 5565 637 5621 cunde
657 5561 912 5628 deinceps
933 5557 983 5609 in
1009 5568 1139 5624 pura
1167 5551 1393 5605 sanitate
1412 5551 1694 5599 versantur
1728 5556 1740 5591 :
1778 5539 1848 5591 ita
1893 5536 2051 5588 etiam

461 5661 513 5714 in
554 5656 716 5710 rebus
753 5662 808 5706 et
859 5647 1083 5717 negotiis
1105 5641 1370 5697 usuvenit.
1401 5635 1541 5690 Nihil
1597 5632 1740 5687 enim
1773 5643 1924 5696 mque
1968 5641 2054 5678 rc-

465 5752 652 5807 laxare
679 5741 970 5803 consuevit,
1017 5745 1071 5789 ut
1103 5730 1324 5788 afﬂictio
1366 5743 1483 5797 quce
1509 5742 1538 5778 a
1565 5719 1910 5777 smcularibus
1936 5732 2055 5768 om-

466 5845 622 5902 nibus
652 5838 882 5896 abducit.
916 5829 1194 5903 Quomodo
1238 5824 1507 5880 existimas
1543 5819 1756 5876 Judzeos
1800 5814 1961 5868 fuisse
2003 5811 2054 5865 in

2120 488 2431 552 afﬂictione,
2463 485 2624 541 etiam
2665 482 2879 554 quando
2899 491 3054 536 erant
3082 495 3167 536 res
3193 492 3380 534 eorum
3423 476 3675 534 secundae
3695 478 3723 531 ?
3754 507 3772 560 ί

2117 580 2310 634 Annon
2331 577 2443 630 haec
2460 575 2806 631 febricitantis
2821 573 3012 626 animm
3025 569 3443 640 aegritudineque
3457 567 3724 624 confecta:

2119 679 2196 725 est
2218 711 2233 734 ,
2266 669 2445 723 dicere
2479 685 2492 720 :
2524 666 2633 720 Fac
2659 666 2802 720 nobis
2846 665 2966 718 deos
2993 663 3082 734 qui
3106 660 3523 730 nostprazcedant
3553 675 3572 713 :
3598 658 3721 712 M0-

2119 777 2197 815 ses
2225 761 2358 814 enim
2390 761 2491 826 hic,
2520 759 2606 829 qui
2628 757 2798 812 eduarit
2829 772 2920 810 nos
2948 756 3011 808 de
3039 765 3172 808 terra
3202 751 3444 823 Egypti,
3468 755 3724 806 nescimus

2120 856 2241 928 quid
2266 856 2310 908 ei
2339 857 2529 926 factum
2552 854 2616 907 sit
2634 851 2830 920 (Exod.
2856 849 2948 904 '52-.
2973 850 3024 921 1)
3045 850 3068 902 ?
3093 849 3284 902 Annon
3307 847 3391 900 illa
3409 845 3571 900 verba
3593 854 3723 899 sunt

2121 948 2314 1003 anima:
2328 943 2777 1017 philosophantis,
2791 953 2842 998 et
2859 957 2896 997 a
2913 938 3398 1012 perturb-tionibus
3421 937 3579 1007 hujus
3597 935 3725 990 vita

2125 1040 2439 1111 respirantis
2473 1081 2489 1107 ,
2520 1038 2734 1109 quando
2759 1036 2944 1090 afﬂicti
2978 1044 3082 1090 tam
3102 1034 3450 1089 vehementer
3473 1040 3722 1095 orarunt,

2124 1145 2182 1189 ιιι
2205 1135 2376 1201 ipsum
2417 1133 2508 1188 Dei
2545 1132 2797 1186 auxilium
2837 1128 3151 1184 attraxerint
3174 1126 3254 1196 (a)
3277 1125 3300 1178 ?
3326 1124 3443 1180 Jam
3470 1139 3599 1177 vero
3622 1123 3713 1176 hic

2130 1225 2239 1296 ipse
2263 1239 2474 1297 quoque
2505 1223 2767 1294 propheta
2801 1219 3015 1290 quando
3039 1218 3355 1274 versabatur
3378 1217 3433 1271 in
3463 1213 3728 1284 tranquil-

2126 1320 2292 1384 litate,
2338 1333 2569 1390 qttonam
2598 1316 2758 1370 modo
2805 1313 3160 1384 aflligebatur,
3189 1312 3258 1368 ab
3286 1309 3523 1380 improba
3564 1308 3723 1378 cupio

2125 1415 2290 1470 ditate
2317 1415 2370 1469 in
2395 1413 2668 1483 angustias
2698 1418 2923 1466 coactus
2959 1415 3014 1462 et
3039 1405 3344 1462 laceratus?
3370 1403 3584 1475 quando
3626 1419 3726 1456 au-

2130 1514 2235 1560 tem
2281 1513 2524 1559 versatus
2572 1511 2653 1556 est
2693 1501 2744 1554 in
2801 1499 3109 1561 afﬂictione,
3169 1496 3317 1551 scitis
3356 1509 3512 1565 quam
3567 1486 3770 1548 fuerit‘

2129 1595 2467 1667 tranquillus.
2489 1594 2672 1664 Neque
2698 1591 2842 1647 enim
2869 1606 2991 1646 eum
3041 1589 3175 1659 ignis
3203 1588 3396 1658 attigit,
3427 1587 3518 1642 sed
3560 1587 3723 1642 etiam

2129 1687 2342 1742 ﬂamma
2370 1687 2615 1740 universa
2639 1684 2904 1738 exstincta
2933 1689 3036 1736 est.
3064 1679 3207 1734 Nihil
3233 1680 3376 1734 enim
3401 1693 3564 1748 aeque
3583 1677 3725 1731 afﬂi-

2129 1779 2228 1850 git,
2261 1793 2323 1832 ac
2347 1778 2392 1832 si
2423 1778 2595 1832 anima
2637 1774 2945 1830 obsideatur
2969 1788 2999 1826 a
3032 1770 3539 1842 perturbationibus.
3592 1769 3728 1822 Alia:

2130 1871 2274 1928 enim
2303 1870 2634 1925 extrinsecus
2662 1866 2927 1932 incidunt,
2963 1864 3045 1919 ba:
3074 1879 3203 1918 vero
3233 1865 3376 1918 intus
3403 1869 3721 1922 nascuntur.

2132 1974 2187 2020 et
2214 1965 2326 2020 haec
2357 1972 2440 2020 est
2466 1963 2694 2018 maxima
2734 1960 2974 2014 afﬂictio.
3000 1957 3225 2013 Etiamsi
3257 1969 3356 2009 nos
3383 1963 3539 2008 vexet
3565 1969 3723 2007 mtm-

2132 2058 2255 2124 dus,
2289 2072 2388 2112 nos
2409 2067 2585 2110 autem
2618 2055 2762 2123 ipsos
2789 2068 2893 2107 non
2913 2064 3190 2113 vexemus,
3225 2047 3356 2102 nihil
3387 2047 3540 2102 nobis
3567 2045 3731 2100 fuerit

2135 2151 2440 2206 molestum.
2471 2147 2528 2202 In
2553 2158 2736 2201 nostra
2780 2161 2908 2215 ergo
2954 2151 3217 2214 potestate
3244 2143 3404 2196 situm
3451 2151 3533 2195 est
3561 2151 3618 2193 ut
3646 2139 3729 2193 vel

2135 2243 2454 2313 afﬂigamur,
2487 2239 2570 2295 vel
2621 2255 2727 2292 non
2759 2237 3076 2307 afﬂigamur.

2206 2336 2259 2390 4.
2289 2333 2547 2387 Patientia
2584 2340 2826 2401 quantum
2858 2331 3061 2383 bonum.
3097 2325 3294 2380 Grandi
3315 2325 3513 2378 modus.
3545 2351 3613 2362 -—-
3663 2323 3731 2377 [Et

2136 2437 2312 2482 autem
2337 2427 2511 2482 discas
2532 2426 2692 2480 etiam
2719 2439 2783 2478 ex
2808 2437 2937 2477 voce
2959 2420 3271 2492 apostolica.
3291 2431 3486 2488 quanta
3515 2417 3732 2472 libertas

2137 2520 2342 2573 oriatur
2386 2533 2453 2573 ex
2483 2517 2790 2580 afﬂictione,
2827 2513 2948 2568 audi
3008 2514 3179 2582 ipsum
3227 2511 3444 2565 Paulum
3502 2509 3730 2563 fructum

2136 2610 2440 2666 afﬂictionis
2491 2618 2841 2662 narrantem:
2885 2605 3166 2659 Tribulatio
3217 2613 3385 2656 autem
3438 2601 3731 2670 patientiam

2137 2714 2378 2774 operatur
2408 2718 2425 2756 :
2469 2701 2710 2772 patientia
2736 2709 2902 2752 autem
2949 2696 3292 2768 probationem
3319 2735 3333 2756 ,
3368 2693 3596 2764 probatio
3616 2707 3731 2745 vero

2139 2812 2312 2868 spem:
2340 2810 2453 2864 spes
2481 2802 2645 2846 autem
2674 2809 2772 2845 non
2805 2789 3071 2860 confundit
3100 2787 3272 2857 (Rom.
3305 2787 3357 2842 5.
3383 2786 3482 2840 5-5
3505 2786 3545 2854 ).
3592 2783 3732 2838 lnef-

2140 2893 2353 2948 fabilem
2400 2887 2577 2944 vidisti
2621 2883 2995 2940 latitudinem?
3026 2880 3201 2934 vidisti
3241 2886 3454 2949 portum
3503 2875 3735 2931 laetitia?

2143 2982 2469 3046 Patientiam,
2501 2978 2689 3049 inquit,
2718 2973 3110 3047 eﬁicita/ﬂictio.
3154 2971 3289 3040 Quid
3316 2973 3459 3025 enim
3515 2969 3733 3022 homine

2139 3074 2546 3146 patientissimo,
2574 3082 2628 3126 et
2666 3069 2753 3140 qui
2777 3075 2956 3123 omnia
2987 3065 3141 3120 facile
3171 3063 3310 3118 ferre
3337 3071 3532 3134 potest,
3587 3070 3735 3116 tran-

2139 3169 2353 3241 quillius
2373 3160 2540 3238 ?quid
2569 3163 2795 3235 probato
2826 3159 2984 3216 fuerit
3012 3158 3200 3212 fortius
3219 3158 3243 3211 ’ἓ
3263 3155 3388 3227 quid
3407 3163 3583 3210 autem
3605 3171 3736 3209 con-

2141 3260 2266 3316 ferri
2293 3266 2470 3329 potest
2488 3272 2611 3311 cum
2631 3269 2694 3309 ea
2724 3269 2844 3323 qua:
2875 3251 2998 3305 hinc
3025 3249 3197 3304 oritur
3226 3247 3616 3304 delectatione?
3644 3246 3736 3300 Di-

2138 3355 2213 3410 cit
2239 3353 2382 3410 enim
2413 3350 2568 3406 nobis
2617 3358 2725 3404 tres
2768 3346 3073 3416 voluptates
3117 3358 3239 3413 qua:
3290 3341 3415 3396 hinc
3460 3341 3730 3404 oriuntur,

2141 3445 2473 3518 patientiam,
2505 3441 2874 3512 probationem
2901 3481 2916 3502 ,
2946 3445 3001 3492 et
3022 3450 3171 3506 spem
3203 3433 3501 3489 futurorum
3553 3433 3728 3490 bono-

2141 3555 2281 3594 rum.
2312 3537 2389 3591 De
2441 3535 2522 3589 his
2565 3548 2704 3588 nunc
2734 3531 3120 3601 philosophans
3160 3528 3418 3600 propheta
3471 3526 3683 3580 dicebat
3717 3543 3730 3579 :

2143 3631 2210 3684 In
2237 3629 2560 3683 tribulatione
2585 3625 2812 3679 dilatasti
2841 3623 2985 3676 mihi.
3017 3621 3150 3688 Quia
3179 3619 3320 3674 enim
3352 3618 3528 3672 dixit:
3563 3617 3738 3670 Exau-

2142 3720 2264 3773 divit
2286 3735 2364 3772 me
2393 3717 2530 3771 Deus
2557 3758 2572 3781 ,
2616 3729 2849 3786 quonam
2891 3711 3054 3766 modo
3079 3709 3349 3765 exaudivit
3399 3708 3494 3762 ait.
3528 3707 3642 3762 Non
3682 3707 3735 3761 in

2142 3812 2383 3884 pecuniis
2414 3828 2427 3861 ε
2461 3809 2595 3864 nihil
2631 3810 2774 3864 enim
2806 3807 3020 3878 petebat
3043 3802 3304 3875 ejusmodi
3333 3820 3346 3866 ;
3373 3818 3477 3856 non
3529 3813 3586 3854 ut
3613 3801 3735 3853 vin-

2141 3912 2292 3960 ceret
2320 3901 2596 3956 inimicos:
2629 3915 2750 3953 nam
2803 3912 2974 3966 neque
3016 3897 3129 3949 hare
3175 3891 3500 3963 posmlabat;
3542 3891 3632 3945 sed
3681 3891 3736 3944 in

2145 3993 2531 4065 tranquillitate
2583 4006 2702 4060 qua:
2739 3990 2790 4042 in
2835 3988 3012 4043 medio
3057 3985 3373 4042 afﬂictionis
3413 3992 3597 4038 exorta
3627 3992 3731 4036 est.

2147 4088 2388 4143 Miserere
2416 4084 2533 4149 mei,
2578 4092 2624 4136 et
2651 4081 2835 4135 exaudi
2879 4081 3155 4133 orationem
3187 4092 3367 4131 nteant.
3395 4075 3532 4142 Quid
3561 4073 3736 4128 dicis?

2146 4177 2429 4235 Meministi
2460 4175 2706 4244 superius
2731 4171 2972 4240 juStitiae,
3007 4170 3091 4224 Inc
3141 4167 3496 4223 miserationis
3543 4174 3598 4220 et
3636 4165 3738 4217 mi-

2146 4273 2497 4330 sericordiae:
2546 4280 2601 4324 et
2647 4257 2805 4338 quam
2859 4265 2974 4319 hmc
3025 4264 3224 4318 habent
3263 4256 3739 4330 consequentiam?

2147 4367 2402 4429 Multam,
2457 4373 2512 4418 et
2573 4359 2840 4432 prioribus
2893 4356 3180 4411 admodum
3232 4368 3551 4409 connexam.
3605 4351 3737 4405 Nam

2149 4457 2359 4514 etiamsi
2389 4455 2668 4508 innumera
2700 4460 2848 4504 recte
2887 4446 3194 4506 feeerimus,
3225 4433 3658 4497 miserationibus
3689 4452 3740 4495 et

2148 4547 2434 4606 clementia
2462 4544 2728 4598 audimur.
2782 4537 3001 4594 Etiamsi
3031 4537 3096 4590 ad
3139 4536 3311 4605 ipsum
3354 4533 3564 4587 virtutis
3594 4532 3737 4585 fasti-

2150 4644 2294 4714 gium
2322 4637 2747 4709 pervenerimus,
2803 4645 3082 4686 servamur
3109 4643 3138 4682 a
3179 4625 3564 4681 misericordia.
3606 4623 3743 4682 Hinc

2151 4735 2428 4796 discimus,
2461 4743 2582 4784 cum
2618 4726 2823 4795 jnstitia
2864 4730 3042 4776 mente
3081 4732 3294 4789 quoque
3341 4717 3570 4771 contrita
3605 4731 3744 4785 opus

2152 4842 2292 4884 esse.
2316 4824 2523 4878 Etenim
2543 4819 2664 4873 licet
2680 4817 2748 4870 sit
2763 4824 3031 4885 peccator,
3051 4812 3096 4866 si
3113 4826 3232 4865 cum
3254 4809 3548 4862 humilitate
3567 4821 3746 4861 orauh

2154 4923 2244 4985 rit,
2273 4933 2394 4990 qua:
2419 4924 2502 4970 est
2539 4928 2664 4982 pars
2705 4909 2945 4972 virtutis,
2975 4921 3164 4976 magna
3197 4903 3388 4973 poterit
3417 4901 3666 4956 efficere:
3691 4908 3750 4952 et

2157 5017 2282 5070 licet
2305 5010 2583 5079 sitjustns,
2616 5006 2660 5058 si
2689 5018 2812 5058 cum
2833 5001 3136 5070 arrogantia
3166 4994 3452 5052 accesserit
3485 5035 3500 5057 ,
3533 5009 3562 5045 a
3592 4991 3749 5046 bonis

2158 5105 2408 5164 omnibus
2455 5098 2685 5154 excidet.
2721 5096 3008 5163 Utriusque
3036 5090 3278 5160 exempla
3311 5103 3408 5143 nos
3451 5087 3752 5142 docuerunt

2158 5201 2470 5272 publicanus
2508 5203 2563 5248 et
2607 5191 2908 5246 Pharisreus
2957 5186 3107 5258 (Luc.
3142 5183 3256 5253 l8).
3299 5181 3525 5250 Oportet
3573 5180 3754 5247 itaque

2221 5296 2293 5359 (a)
2317 5295 2408 5359 Hic
2428 5291 2631 5359 omnino
2655 5283 3065 5359 videtur'aliquid
3089 5281 3534 5359 desiderari-ibam
3560 5278 3749 5359 quippe

2158 5344 2458 5416 verba,’Fac
2479 5351 2620 5416 nobis
2645 5351 2764 5416 deos
2794 5345 2878 5411 qui
2901 5344 2988 5398 nos
3012 5344 3310 5416 pragcedant,
3345 5351 3473 5416 etc.,'
3508 5355 3605 5390 non
3633 5349 3753 5416 sunt

2162 5403 2558 5484 philosophantis
2581 5412 2777 5484 animae,
2805 5403 2985 5484 'neque
3013 5403 3117 5484 Dei
3160 5407 3418 5484 aulxilinit‘n,
3460 5406 3560 5453 imo
3585 5403 3754 5484 potius

2164 5467 2554 5542 indignalionem
2579 5467 2944 5542 attraxerunt‘p
2968 5476 3109 5518 certe
3131 5469 3282 5540 verba
3321 5468 3421 5542 illa,
3447 5479 3558 5526 quae
3589 5467 3752 5511 locum

2165 5529 2310 5593 illum
2336 5538 2492 5589 Exodi
2535 5545 2858 5598 sequnnt_ur,_
2881 5529 3037 5598 alium
3076 5532 3278 5579 omnino
3323 5530 3485 5598 locum
3520 5532 3756 5598 spectare

2168 5587 2427 5652 vitientur.
2454 5587 2517 5650 Et
2545 5587 2708 5648 tamen
2732 5587 2860 5656 apud
2887 5591 3131 5656 Savitiuni
3153 5603 3346 5639 necnon
3372 5592 3422 5637 in
3446 5587 3578 5637 tiodd
3624 5587 3749 5656 Beg.

2170 5665 2238 5736 ita
2262 5661 2476 5736 legitur,
2498 5659 2584 5711 Dei
2608 5652 2853 5736 auaritiam
2891 5652 3189 5736 attraxerint
3225 5660 3436 5730 tempore
3476 5653 3755 5722 opportuno

2173 5728 2260 5788 (ὡς
2282 5708 2426 5780 «Stin
2457 5708 2811 5772 ἔπισπάσςσῢχι
2854 5717 2938 5764 τοῦ
2977 5715 3101 5765 Θεοῦ
3142 5717 3227 5772 τὴν
3266 5708 3413 5778 pontu
3444 5708 3561 5771 μεὶὰ
3585 5708 3754 5771 καιρυῦ

2172 5785 2258 5837 ’ἰοῦ
2280 5785 2621 5849 προσήκοντος)
2634 5821 2643 5830 .
