4106 6414
410 349 484 404 £3
1608 336 1980 396 EXPOSITIO

2128 335 2461 397 PSALMUII
2499 340 2585 401 ιν.
3584 347 3653 402 Η

405 462 663 535 μάθωμεν
701 457 816 523 πῶς
857 457 949 512 δεῖ
988 455 1197 529 ταύτην
1242 455 1511 510 ποιεῖσθαι
1557 454 1656 527 τήν
1706 454 1982 527 ἐντυχίαν.

405 556 521 609 οὐκ
560 557 637 618 είς
689 554 945 624 μουσεῖον
983 549 1201 605 ἀπιέναι
1242 548 1343 613 δεῖ,
1367 548 1487 601 οὐδέ
1517 547 1776 619 χρήματα
1804 547 1986 601 ἀναλί-

406 666 581 711 σκειν,
627 645 747 700 οὐδὲ
772 643 1163 711 παιδαγωγοὺς
1207 639 1552 711 μισθοῦσθαι,
1585 638 1680 692 καὶ
1726 637 1983 708 ῥήτορας,

405 743 504 797 καὶ
525 739 813 810 σοφιστάς,
839 736 968 791 οὐδὲ
997 733 1187 807 χρόνον
1215 730 1381 785 πολὺν
1411 729 1674 799 δαπανᾷν,
1709 726 1852 780 ὥστε
1885 738 1988 797 μα-

406 834 524 890 θεῖν
551 833 649 904 τὴν
691 828 983 904 ῥητορείαν
1010 825 1210 896 ταύτην
1229 840 1243 856 ο
1278 823 1393 877 ἀλλ’
1423 823 1584 894 ἀρκεῖ
1626 819 1850 891 θελῆσαι
1888 816 1987 889 μό-

406 947 520 993 νον,
550 928 647 983 καὶ
688 926 757 980 τά
785 924 901 994 ,τῆς
943 920 1139 993 τέχνης
1182 919 1538 989 ἀπήρτισται.
1576 913 1687 968 Καὶ
1715 914 1816 984 οὐχ
1847 911 1988 983 ὐπέρ

408 1018 639 1075 σεαυτοῦ
667 1018 871 1088 δυνήσῃ
916 1013 1077 1084 μόνον
1104 1012 1162 1066 ἐν
1195 1009 1273 1081 τῷ
1306 1006 1643 1079 δικαστηρίῳ
1684 1004 1857 1075 τούτῳ
1898 1004 1987 1057 λέ-

406 1134 551 1186 γειν,
581 1113 718 1167 ἀλλά
746 1111 838 1165 καὶ
869 1109 1011 1181 ὑπὲρ
1043 1106 1243 1178 ἐτέρων
1285 1103 1519 1157 πολλῶν.
1565 1099 1676 1154 Καὶ
1702 1098 1787 1163 τίς
1832 1099 1861 1151 6
1890 1098 1991 1170 τῆς

407 1204 693 1276 δικανικῆς
714 1202 918 1272 ταύτης
945 1199 1176 1266 σκοπός;
1219 1197 1276 1251 '0
1304 1198 1404 1267 τῆς
1429 1195 1595 1266 εὐχῆς
1622 1192 1843 1264 τρόπος.

482 1384 561 1440 Τδ
610 1381 849 1454 νηφούσῃ
897 1376 1122 1448 διανοίᾳ,
1151 1376 1213 1429 τὸ
1259 1371 1696 1444 συντετριμμένῃ
1723 1369 1905 1449 ψυχῇ,
1930 1368 1991 1423 τὺ

413 1478 555 1551 μετά
602 1475 791 1548 πηγῶν
837 1472 1086 1543 δακρύων
1137 1466 1285 1536 αὐτῷ
1341 1463 1657 1537 προσιέναι,
1707 1460 1770 1514 τὸ
1824 1460 1993 1533 μηδὲν

409 1572 586 1625 αἰτεῖν
608 1566 874 1639 βιωτικδν,
908 1565 971 1618 τὸ
994 1562 1101 1616 τῶν
1130 1559 1429 1639 μελλόντων
1459 1557 1611 1629 ἐρᾷν,
1631 1554 1693 1609 τὸ
1720 1554 1860 1625 ὑπὲρ
1882 1552 1992 1606 τῶν

411 1636 796 1733 πνευματικῶν
816 1655 1083 1711 ποιεῖσθαι
1099 1636 1200 1726 τὴν
1233 1648 1493 1714 ἔντευξιν,
1526 1646 1589 1701 τὸ
1621 1645 1697 1717 μὴ
1728 1642 1991 1715 κατεύχε-

413 1756 540 1809 σθαι
571 1754 682 1807 τῶν
721 1750 953 1822 ἐχθρῶν,
977 1747 1038 1802 τὺ
1069 1744 1259 1819 μηδενὶ
1305 1742 1683 1815 μνησικακεῖν,
1711 1739 1773 1792 τὸ
1813 1738 1992 1792 πάντα

411 1845 697 1900 ἐκϐάλλειν
730 1842 838 1896 ἀπὸ
870 1841 973 1910 τῆς
1008 1836 1188 1908 ψυχῆς
1227 1833 1296 1888 τά
1328 1833 1477 1904 πάθη
1496 1872 1511 1897 ,
1549 1832 1612 1885 τὸ
1644 1829 1994 1902 συντρίϐοντα

413 1937 515 2008 τὴν
541 1935 764 2008 καρδίαν
795 1931 937 1986 οὕτω
965 1928 1266 2000 προσιέναι,
1281 1926 1345 1980 τὸ
1374 1922 1748 1985 συνεστάλθαι,
1776 1920 1836 1975 τδ
1860 1921 1993 1974 πολ-

411 2026 514 2096 λὴν
544 2028 643 2099 τὴν
686 2024 981 2079 ἐπιείκειαν
1015 2021 1271 2094 μελετᾷν,
1307 2019 1402 2074 καὶ
1441 2017 1538 2089 τήν
1581 2015 1828 2085 γλῶτταν
1859 2012 1996 2088 πρὸς

414 2118 694 2190 εὐφημίαν
724 2115 966 2189 τρέπειν,
998 2114 1058 2167 τὸ
1095 2112 1282 2185 μηδενὶ
1315 2110 1424 2164 τῶν
1467 2109 1718 2181 πονηρῶν
1748 2107 1995 2161 συνίστα-

415 2211 543 2265 σθαι
568 2207 931 2282 πραγμάτων,
959 2206 1021 2260 τὸ
1043 2205 1208 2278 μηδὲν
1237 2205 1413 2258 κοινὸν
1444 2202 1586 2274 ἔχειν
1614 2201 1748 2273 πρὸς
1769 2201 1859 2255 τὸν
1882 2217 1996 2254 κοισ

414 2302 506 2356 νὺν
532 2304 629 2372 τῆς
650 2300 972 2371 οἰκουμένης
999 2298 1211 2370 ἐχθρὸν,
1226 2296 1370 2365 λέγω
1401 2296 1465 2367 δὴ
1490 2296 1581 2349 τὸν
1607 2294 1872 2349 διάϐολον.
1891 2294 1995 2348 Τὸν

414 2394 527 2464 γάρ
562 2391 703 2464 ὐπέρ
746 2391 947 2464 ἐτέρων
974 2390 1200 2451 λέγοντα
1234 2388 1467 2459 βασιλεῖ,
1503 2388 1596 2443 καὶ
1643 2391 1755 2452 τοῖς
1784 2387 1996 2459 ἐχθροῖς

416 2482 632 2536 ἐκείνου
663 2479 1158 2551 κοινολογούμενον,
1189 2481 1284 2534 καὶ
1326 2481 1376 2534 οί
1408 2479 1607 2545 ἔξωθεν
1629 2480 1782 2550 νόμοι
1826 2496 1998 2550 τιμω-

418 2574 596 2639 ροῦσι.
622 2575 730 2628 Καὶ
752 2574 817 2628 σὺ
843 2572 1042 2640 τοίνυν,
1071 2573 1120 2625 εί
1143 2572 1319 2643 βούλει
1348 2572 1443 2626 καὶ
1473 2572 1615 2644 ὑπὲρ
1649 2572 1876 2626 σεαυτοῦ
1903 2573 1998 2627 καὶ

422 2667 564 2737 ὑπὲρ
591 2666 792 2737 ἑτέρων
829 2664 1029 2734 λέγειν,
1073 2662 1226 2717 τοῦτο
1252 2663 1316 2735 δή
1360 2662 1595 2734 μάλιστα
1630 2662 1996 2735 κατόρθωσον,

418 2758 483 2812 τὸ
510 2758 676 2829 μηδὲν
700 2757 875 2813 κοινὸν
899 2755 1044 2828 ἐχειν
1071 2755 1207 2828 πρὸς
1227 2755 1320 2809 τὸν
1341 2755 1519 2809 κοινὸν
1543 2756 1643 2827 τῆς
1674 2755 1999 2826 οἰκουμένης

417 2851 634 2923 ἐχθρόν.
662 2850 817 2905 Οὕτω
840 2849 948 2922 γὰρ
976 2848 1074 2921 ἔσῃ
1101 2849 1305 2913 δίκαιος
1327 2865 1341 2878 ·
1361 2848 1455 2902 καὶ
1481 2847 1687 2913 δίκαιος
1711 2847 1807 2913 ὢν,
1837 2849 2000 2903 ἀκου-

420 2942 623 3013 σθήσῃ,
644 2940 896 3011 τοιαύτην
915 2939 1054 3010 ἔχων
1073 2952 1094 2979 ο
1112 2941 1427 3011 συνήγορον.
1463 2940 1566 2994 Ἐν
1586 2942 1789 3007 θλίψει
1811 2940 2000 2994 ἐπλά-

428 3028 621 3092 τυνάς
650 3044 770 3096 μοι.
805 3026 918 3080 Οὐκ
946 3024 1089 3093 εῐπε,
1121 3026 1449 3098 Παρήγαγες
1475 3025 1575 3092 τὰς
1607 3025 1835 3098 θλίψεις,
1865 3028 2008 3099 οὐδὲ,

429 3117 669 3181 ’Λνεῖλες
690 3116 814 3179 τούς
837 3118 1196 3187 πειρασμοὺς,
1223 3118 1360 3187 ἀλλ’,
1379 3118 1625 3191 Ἀφῆκας
1651 3123 1891 3188 ἑστάναι,
1911 3126 2007 3180 καὶ

431 3208 805 3274 Ἐπλάτυνάς
824 3227 942 3278 μοι.
971 3210 1044 3264 Τδ
1066 3211 1173 3282 γάρ
1195 3210 1504 3283 εὐμήχανον
1537 3211 1632 3268 τοῦ
1658 3215 1794 3269 Θεοῦ
1823 3217 1917 3270 καὶ
1942 3218 2003 3270 τὸ

421 3299 657 3371 εὔπορον
683 3302 972 3357 κάντεῦθεν
1005 3302 1237 3374 μάλιστα
1261 3304 1555 3370 δείκνυται,
1573 3308 1674 3361 οὐκ
1689 3307 1746 3359 ἐν
1762 3307 1841 3378 τῷ
1869 3325 2004 3380 παρ-

420 3396 669 3464 ενεγκεῖν
693 3395 790 3458 τὰς
826 3395 1031 3466 θλίψεις
1061 3395 1240 3467 μόνον,
1253 3396 1389 3450 ἀλλά
1408 3399 1502 3452 καὶ
1533 3399 1590 3452 ἐν
1613 3398 1692 3469 τῷ
1726 3401 2004 3471 μενουσῶν

420 3485 607 3540 αὐτῶν
658 3485 857 3557 πολλὴν
911 3486 1172 3558 παρέχειν
1217 3486 1316 3561 τὴν
1362 3487 1668 3561 ῥᾳστώνην.
1704 3489 1875 3545 Τοῦτο
1909 3493 2004 3547 καὶ

421 3576 518 3630 τοῦ
563 3576 698 3631 Θεοῦ
741 3577 976 3632 δείκνυσι
1005 3577 1306 3651 τὴνίσχύν,
1345 3580 1587 3645 καὶτοὺς
1630 3581 2002 3653 ἐμπίπτοντας

425 3668 544 3742 [10]
578 3669 1038 3741 φιλοσοφωτέρους
1067 3671 1378 3742 ἐργάζεται,
1406 3672 1534 3726 ὅταν
1570 3675 1665 3727 καὶ
1695 3674 2004 3748 εὐρυχωρία

421 3758 459 3836 ᾖ
491 3762 956 3834 παραμυθουμένη
1000 3763 1099 3834 τὴν
1127 3762 1448 3837 θλιϐομένην
1479 3765 1678 3836 ψυχήν,
1707 3766 1801 3819 καὶ
1833 3768 1866 3838 ή
1892 3767 2005 3821 θλί-

420 3854 519 3924 ψις
555 3854 633 3925 μή
672 3854 1004 3926 καταλύηται
1037 3855 1343 3925 σφίγγουσα
1381 3855 1584 3927 ταύτην
1631 3854 2001 3928 ῥᾳθυμοῦσαν,

420 3945 521 3998 καὶ
552 3946 731 4016 πάσης
753 3946 1162 4000 ἀπαλλάττουσα
1186 3946 1497 4018 ὀλιγωρίας.
1525 3946 1630 4001 Καὶ
1652 3946 1791 4011 πῶς,
1814 3948 2001 4018 φησὶν,

420 4038 485 4089 ἐν
520 4035 698 4107 θλίψει
732 4037 925 4106 γένοιτ’
961 4037 1028 4092 ἂν
1071 4037 1418 4109 πλατυσμός;
1462 4038 1550 4102 Ὠς
1581 4039 1640 4093 ἐν
1677 4040 1743 4109 τῇ
1790 4039 2005 4110 καμίνῳ

421 4126 537 4180 τῶν
560 4127 725 4198 τριῶν
747 4128 969 4195 παίδων,
992 4129 1067 4194 ὡς
1105 4132 1161 4183 ἐν
1186 4129 1266 4201 τῷ
1291 4128 1480 4200 λάκκῳ
1505 4128 1615 4183 τῶν
1646 4129 1897 4184 λεόντων.
1928 4130 2004 4184 Οὐ

422 4217 535 4289 γάρ
558 4217 746 4272 ἔσϐεσε
772 4220 870 4291 τὴν
912 4219 1104 4289 φλόγα,
1135 4220 1231 4275 καὶ
1273 4220 1393 4274 τότε
1426 4219 1683 4292 ἐποίησεν
1718 4221 1916 4285 αὐτοὺς
1946 4221 2005 4274 ἐν

425 4306 739 4381 εὐρυχωρίᾳ
775 4305 942 4363 εἶναι·
974 4311 1093 4364 οὐδέ
1138 4311 1430 4365 ἀπέκτεινε
1470 4311 1597 4375 τούς
1627 4311 1870 4376 λέοντας,
1910 4312 2004 4366 καὶ

424 4398 493 4451 τὺ
520 4399 821 4471 τηνικαῦτα
845 4401 1008 4455 αὐτὸν
1032 4402 1363 4473 κατέστησεν
1389 4403 1447 4455 ἐν
1469 4401 1624 4473 ἀδείᾳ
1640 4419 1654 4435 ·
1679 4401 1818 4457 ἀλλά
1843 4403 2007 4456 κάκεῖ

425 4492 533 4562 τῆς
559 4493 785 4564 καμίνου
817 4493 1058 4566 σφοδρῶς
1090 4495 1490 4565 ἀναπτομένης,
1515 4494 1610 4548 καὶ
1639 4493 1874 4548 ἐνταῦθα
1895 4493 2006 4547 τῶν

426 4584 635 4655 θηρίων
678 4588 1127 4657 παραμενόντων,
1156 4589 1207 4640 οἱ
1240 4587 1439 4640 δίκαιοι
1488 4586 1688 4657 πολλῆς
1733 4586 2005 4640 ἀπέλαυον

423 4680 531 4749 τῆς
569 4678 865 4752 ῥᾳστώνης.
904 4681 1059 4733 Ἔστι
1093 4679 1149 4733 δὲ
1177 4680 1272 4734 καὶ
1306 4680 1509 4748 ἐτέρως
1556 4677 1897 4751 εὐρυχωρίαν
1925 4679 2004 4731 εί-

428 4774 585 4827 πεῖνο
620 4764 729 4823 οἷον
776 4772 901 4824 ὅταν
931 4771 1035 4824 ὑπὸ
1076 4772 1183 4824 τῶν
1217 4770 1541 4841 πειρασμῶν
1579 4771 1612 4839 ή
1639 4769 1786 4840 ψυχὴ
1824 4769 1995 4823 θλιϐο-

433 4862 573 4932 μένη
605 4861 709 4915 τῶν
736 4861 923 4914 παθῶν
955 4862 1382 4930 ἀπαλλάττηται,
1420 4860 1514 4914 καὶ
1544 4859 1653 4913 τῶν
1686 4860 2005 4931 νοσημάτων

428 4951 541 5004 τῶν
564 4951 769 5004 πολλῶν
786 4968 799 4981 ο
828 4952 949 5005 τότε
970 4952 1078 5022 γάρ
1106 4952 1339 5022 μάλιστα
1377 4952 1476 5022 τῆς
1502 4951 1843 5022 εὐρυχωρίας
1869 4952 2006 5004 ἀπο-

427 5043 606 5096 λαύει.
662 5043 851 5096 Πολλοὶ
904 5043 1014 5114 γάρ
1062 5044 1121 5095 ὲν
1172 5043 1444 5115 εὐημερίᾳ
1497 5043 1748 5112 μένοντες
1797 5042 2008 5116 ἔρωτας

432 5135 644 5208 ἔχουσιν
699 5135 1098 5200 ἀτοπωτάτους,
1137 5133 1416 5198 θλίϐοντας
1457 5133 1635 5188 αὐτῶν
1672 5134 1770 5204 τήν
1806 5134 2005 5206 ψυχὴν,

432 5229 527 5281 καὶ
555 5229 884 5300 χρημάτων,
917 5229 1012 5280 καὶ
1050 5227 1339 5296 σωμάτων,
1366 5227 1461 5280 καὶ
1503 5225 1706 5294 ἐτέρων
1751 5224 2008 5280 τοιούτοιν

428 5319 647 5373 ἀτόπων
679 5337 691 5349 ·
725 5321 805 5383 είς
848 5318 1029 5387 θλίψιν
1058 5318 1115 5373 δὲ
1149 5319 1479 5390 ἐμπεσόντες
1528 5318 1747 5372 πάντων
1792 5317 2008 5371 ἐλευθε-

433 5412 650 5485 ροῦνται
700 5412 950 5473 ἐκείνων,
1005 5410 1098 5464 καὶ
1145 5411 1383 5481 γίνονται
1418 5411 1476 5464 ἐν
1517 5408 1848 5481 εὐρυχωρίᾳ.
1898 5409 2009 5464 Καὶ
2073 5469 2078 5473 ,

430 5504 677 5574 καθάπερ
713 5506 763 5558 οἱ
799 5505 861 5555 ἐν
912 5505 1160 5571 πυρετοῖς
1192 5501 1342 5564 ὅντες
1363 5542 1380 5566 ,
1411 5500 1516 5565 ἕως
1546 5500 1644 5571 μέν
1673 5499 2009 5554 ἀπολαύουσι

431 5598 535 5651 τῶν
582 5595 890 5662 ἐπιθυμιῶν
947 5593 1052 5646 τῶν
1079 5593 1342 5665 ἀκαίρων,
1370 5592 1649 5664 τραπέζης
1680 5591 1823 5661 λέγω
1878 5592 2011 5663 πλη-

431 5691 637 5758 θούσης,
664 5691 758 5745 καὶ
800 5687 1068 5756 ἀκράτου,
1099 5684 1476 5739 καῖ-τοιούτων
1497 5685 1719 5758 ἐτέρων,
1749 5685 2009 5755 μειζόνως

422 5770 913 5856 ’στενοχωροῦνταν
949 5776 996 5828 εἰ
1030 5777 1084 5831 δέ
1113 5775 1416 5848 βουληθεῖεν
1446 5777 1665 5839 ἑαυτοὺς
1690 5774 1867 5843 ὀλίγον
1898 5772 2009 5827 θλί-

2091 455 2293 526 ψαντες
2319 458 2677 529 καρτερῆσαι,
2702 457 2903 529 πολλῆς
2927 454 3262 511 ἀπολαύουσι
3298 453 3394 525 τῆς
3429 454 3677 524 εὐρυχωο

2095 548 2237 620 ρίας,
2264 549 2443 602 καὶτὸ
2474 552 2663 618 πνῖγον
2683 547 3008 619 ἀποθέμενοι
3041 546 3257 618 καθαρᾷ
3274 544 3458 599 λοιπὸν
3483 545 3674 614 ἐντρυ-

2094 639 2270 709 φῶσιν
2343 639 2503 711 ὐγείᾳ
2544 655 2558 669 °
2626 637 2770 693 οὕτω
2818 639 2915 693 καὶ
2981 639 3075 691 ἐπὶ
3151 636 3261 690 τῶν
3334 634 3675 707 πραγμάτων

2096 732 2405 804 συμϐαίνει.
2425 733 2595 786 Οὐδὲν
2630 731 2739 804 γὰρ
2773 731 2917 785 οὕτω
2947 732 3120 784 ποιεῖν
3154 729 3336 784 ἀνεσιν
3362 726 3574 791 εἴωθεν,
3601 725 3675 787 ὡς

2097 820 2273 892 θλίψις
2291 823 2400 876 τῶν
2422 822 2692 892 βιωτικῶν
2716 820 3005 891 ἀπάγουσα
3023 822 3260 876 πάντων.
3282 819 3405 882 Πῶς
3429 818 3531 872 οίει
3551 817 3677 878 τοὺς

2109 915 2395 980 Ἰουδαίους
2420 914 2747 985 γεγενῆσθαι
2767 916 2827 969 ἐν
2851 914 3049 985 θλίψει,
3082 914 3176 968 καὶ
3197 913 3286 966 ὅτε
3312 907 3453 983 ἦσαν
3498 911 3555 962 ἐν
3590 908 3673 961 εὐ·

2097 1006 2300 1079 ημερίᾳ
2320 1023 2337 1074 ;
2355 1009 2426 1061 Ἦ
2448 1009 2571 1078 οὐχὶ
2590 1006 2961 1079 πυρεττούσης
2991 1006 3164 1060 ταῦτα
3178 1005 3353 1076 ψυχῆς
3374 1003 3469 1057 καὶ
3489 998 3675 1055 ἀλυού-

2100 1119 2200 1173 σης
2244 1103 2337 1156 καὶ
2386 1102 2810 1174 ῥιπταζομένης,
2864 1103 2927 1155 τὸ
2979 1101 3191 1170 λέγειν’
3219 1098 3486 1165 Ποίησον
3536 1095 3677 1162 ἡμῖν

2099 1192 2295 1260 θεοὺς,
2338 1192 2396 1246 οἳ
2431 1194 2950 1262 προπορεύσονται
2987 1189 3189 1262 ἡμῶνο
3218 1191 3251 1243 ό
3277 1188 3389 1258 γὰρ
3418 1182 3677 1252 Μωῢσῆς

2064 1274 2298 1351 ,ὀῦτος,
2328 1283 2398 1352 ὃς
2425 1284 2721 1356 ἐξήγαγεν
2752 1283 2907 1355 ἡμᾶς
2936 1285 3006 1338 ἐκ
3052 1280 3163 1350 τῆς
3207 1281 3531 1350 Αἰγύπτου,
3570 1277 3679 1330 οὐκ

2099 1375 2348 1445 οῖδαμεν
2375 1377 2434 1431 τί
2465 1376 2715 1448 γέγονεν
2746 1377 2942 1443 αὑτῷ;
2973 1376 3044 1430 Ἢ
3065 1375 3185 1445 οὐχὶ
3208 1422 3211 1429 λ
3235 1375 3420 1427 ἐκεῖνα
3466 1371 3678 1442 φιλοσο-

2101 1470 2308 1540 φούσης
2336 1469 2515 1540 ψυχῆς
2534 1469 2627 1523 καὶ
2653 1468 3028 1539 ἀναπνεούσης
3054 1468 3119 1519 ἐκ
3146 1464 3253 1520 τῶν
3282 1462 3549 1537 βιωτικῶν
3575 1477 3681 1515 πα-

2101 1555 2210 1610 θῶν
2237 1557 2304 1610 τά
2342 1558 2581 1630 ῥήματα,
2604 1558 2696 1612 ὅτε
2715 1556 2983 1627 τοσαύτην
3013 1552 3352 1619 ἐπεδείξαντο
3383 1553 3482 1624 τὴν
3518 1549 3681 1621 εὐχήν

2101 1648 2441 1720 θλιϐόμενοι,
2474 1648 2550 1713 ὡς
2587 1650 2758 1723 αὐτὴν
2810 1647 3218 1704 ἐπισπάσασθαι
3252 1643 3348 1698 τοῦ
3392 1641 3530 1697 Θεοῦ
3584 1642 3683 1712 τήν

2105 1738 2310 1808 ῥοπήν;
2344 1737 2515 1800 Αὐτὸς
2533 1736 2592 1790 δέ
2619 1738 2648 1791 6
2677 1740 2961 1809 προφήτης
2979 1731 3154 1800 οὗτος,
3193 1736 3283 1789 ὅτε
3309 1730 3377 1806 ἦν
3398 1736 3456 1788 ἐν
3476 1731 3682 1796 ἀνέσει,

2103 1826 2220 1889 πῶς
2263 1825 2451 1897 ἐθλίϐη
2497 1826 2603 1881 ὐπὸ
2646 1828 2748 1898 τῆς
2791 1830 3034 1900 πονηρᾶς
3071 1824 3371 1896 ἐπιθυμίας
3422 1839 3682 1892 στενοχω-

2104 1919 2367 1993 ρούμενος
2424 1919 2518 1974 καὶ
2550 1922 3030 1993 σπαρασσόμενοςς
3059 1921 3147 1973 ὅτε
3178 1918 3235 1971 δέ
3266 1919 3325 1971 ἐν
3375 1915 3553 1985 θλίψει
3589 1913 3683 1982 γέ-

2103 2030 2282 2083 γονεν,
2314 2015 2428 2069 ίστε
2460 2016 2577 2080 πῶς
2607 2016 2829 2084 γέγονεν
2858 2017 2916 2068 ἐν
2940 2013 3142 2067 ἀνέσει.
3178 2009 3319 2065 Οὔτε
3352 2008 3460 2079 γὰρ
3482 2007 3685 2078 ἥπτετο

2103 2104 2267 2159 αὐτοῦ
2302 2107 2363 2159 τὸ
2410 2106 2538 2177 πῦρ,
2573 2106 2708 2159 ἀλλά
2736 2106 2888 2175 καὶὴ
2925 2102 3055 2173 φλὸξ
3096 2103 3282 2157 ἀπασα
3320 2096 3680 2165 κατεσϐέσθη.

2105 2197 2269 2251 Οὐδὲν
2307 2197 2416 2269 γὰρ
2462 2197 2607 2251 οὔτω
2647 2199 2794 2251 ποιεῖ
2831 2195 3032 2264 θλίψιν,
3060 2195 3136 2258 ὼς
3181 2192 3243 2246 τδ
3283 2187 3683 2261 πολιορκεῖσθαι

2104 2288 2201 2360 τὴν
2229 2289 2407 2359 ψυχὴν
2429 2290 2533 2343 ὑπὸ
2557 2289 2665 2342 τῶν
2696 2288 2903 2343 παθῶν.
2931 2288 2998 2340 Al
3032 2287 3131 2357 μὲν
3161 2283 3272 2354 γὰρ
3304 2281 3458 2336 ἄλλαι
3489 2277 3685 2344 ἔξωθεν

2106 2381 2560 2452 προσπίπτουσιν,
2583 2383 2641 2435 αἱ
2672 2383 2729 2436 δέ
2763 2379 2974 2435 ἔνδοθεν
3007 2377 3254 2448 φύονται,
3283 2375 3379 2429 καὶ
3410 2371 3551 2442 αῦτη
3585 2370 3687 2441 μά-

2105 2474 2263 2528 λιστά
2315 2476 2464 2528 ἐστιν
2515 2476 2549 2546 ἡ
2592 2474 2761 2545 πολλὴ
2810 2473 3007 2543 θλίψις.
3062 2470 3179 2524 Κᾶν
3224 2470 3249 2521 ὸ
3292 2467 3495 2537 κόσμος
3540 2464 3687 2535 ἡμᾶς

2105 2569 2282 2641 λυπῇ,
2307 2569 2467 2640 ἡμεῖς
2515 2568 2573 2621 δὲ
2620 2567 2846 2630 ἑαυτοὺς
2899 2565 2975 2635 μή
3022 2560 3314 2632 λυπῶμεν,
3340 2557 3490 2611 οὐδὲν
3535 2554 3689 2607 ἐσται

2106 2666 2239 2734 ἡμῖν
2263 2662 2455 2716 δεινόν.
2491 2661 2634 2733 Ἀρα
2657 2661 2716 2713 ἐν
2742 2661 2877 2731 ἡμῖν
2897 2658 2960 2711 τὸ
2988 2652 3289 2718 θλίϐεσθαι,
3320 2650 3417 2705 καὶ
3464 2647 3540 2720 μὴ
3570 2646 3682 2702 θλί-

2109 2755 2317 2807 ϐεσθαι.

2179 2910 2239 2964 δ’.
2266 2909 2383 2964 Ἵνα
2409 2908 2466 2962 δέ
2498 2906 2674 2979 μάθῃς
2705 2907 2796 2961 καὶ
2831 2903 2940 2960 ἀπὸ
2964 2903 3066 2975 τῆς
3095 2899 3457 2969 ἀποστολικῆς
3483 2897 3688 2967 φωνῆς,

2111 3004 2253 3075 πόση
2269 3002 2377 3057 ἀπὸ
2390 3002 2488 3071 τῆς
2508 3000 2739 3070 θλίψεως
2753 2986 3065 3071 εὐρυχωρία
3085 2995 3316 3065 γίνεται,
3334 2992 3563 3046 ἀκουσον
3589 2989 3689 3043 αὐ-

2109 3095 2203 3150 τοῦ
2250 3094 2343 3149 τοῦ
2384 3092 2598 3147 Παύλου
2642 3091 2734 3144 τὸν
2766 3088 2979 3161 καρπὸν
3014 3087 3264 3156 λέγοντος
3283 3085 3385 3155 τῆς
3420 3083 3646 3153 θλίψεως
3673 3098 3688 3113 ·

2121 3190 2189 3245 Ἠ
2208 3188 2296 3243 τδὲ
2318 3188 2524 3257 θλίψις
2552 3183 2869 3254 ὑπομονὴν
2903 3178 3315 3251 κατεργάζεται
3345 3195 3358 3209 ’
3389 3178 3428 3246 ἡ
3460 3176 3529 3230 δὲ
3557 3178 3693 3231 ὐπο-

2105 3281 2264 3354 μονὴ
2289 3281 2338 3355 [ι
2355 3280 2403 3353 η
2426 3277 2701 3349 δοκιμὴν,
2729 3277 2767 3345 ή
2797 3276 2866 3330 δὲ
2906 3273 3121 3345 δοκιμὴ
3144 3272 3395 3328 ἐλπίδαυ
3414 3273 3453 3339 ἢ
3495 3269 3563 3323 δὲ
3591 3268 3692 3323 ἑλ-

2112 3379 2213 3442 πίς
2230 3378 2303 3429 οὐ
2330 3371 2738 3441 καταισχύνει.
2762 3365 2913 3432 Εἶδες
2941 3365 3283 3439 εὐρυχωρίαν
3302 3364 3507 3434 ἄφατον
3525 3404 3540 3426 ,
3556 3355 3692 3422 εἶδες

2112 3467 2304 3539 λιμένα
2357 3464 2695 3538 εὐφροσύνης
2724 3479 2739 3528 ;
2782 3460 3156 3530 ’Υπομονὴν,
3179 3457 3364 3530 φησὶν,
3418 3455 3457 3523 ’ἡ
3487 3454 3692 3521 θλίψις

2112 3556 2540 3630 κατεργάζεται.
2571 3556 2637 3609 Τί
2667 3556 2775 3626 γὰρ
2806 3553 2997 3624 ἀνδρὸς
3048 3546 3522 3621 καρτερικωτάτου
3544 3584 3561 3609 ,
3600 3545 3695 3596 καὶ

2113 3653 2290 3707 πάντα
2313 3648 2613 3720 δυναμένου
2661 3647 2857 3719 ῥᾳδίως
2890 3645 3098 3715 φέρειν,
3136 3641 3523 3709 ἀνεκτότερον;
3555 3636 3610 3689 τί
3636 3636 3694 3689 δὲ

2111 3742 2337 3814 δοκίμου
2379 3740 2579 3813 γένοιτ’
2610 3738 2676 3792 ἃν
2710 3735 3089 3807 ἰσχυρότερον;
3118 3732 3171 3786 τί
3212 3733 3271 3786 δέ
3300 3731 3400 3801 τῆς
3446 3728 3694 3784 ἐντεῦθεν

2113 3835 2327 3905 τρυφῆς
2351 3833 2501 3901 ίσον;
2538 3832 2699 3902 Τρεῖς
2731 3828 2840 3900 γὰρ
2874 3828 3007 3897 ἡμῖν
3047 3823 3239 3896 ήδονάς
3264 3821 3514 3875 ἐντεῦθεν
3546 3820 3696 3888 λέγει

2113 3928 2460 3997 τικτομένας,
2482 3924 2580 3995 τήν
2607 3918 2905 3991 ὑπομονὴν,
2933 3918 3031 3989 τὴν
3065 3914 3315 3987 δοκιμήν,
3353 3914 3445 3968 καὶ
3485 3912 3584 3984 τὴν
3612 3912 3697 3966 ἐλ-

2115 4020 2245 4075 πίδα
2281 4018 2388 4074 τῶν
2419 4017 2718 4088 μελλόντων
2749 4011 2988 4081 ἀγαθῶν.
3007 4008 3143 4075 Περὶ
3180 4008 3383 4062 τούτων
3411 4005 3504 4059 νῦν
3545 4003 3696 4073 φιλο-

2115 4109 2295 4181 σοφῶν
2340 4110 2370 4164 6
2410 4106 2703 4178 Προφήτης
2733 4101 2947 4171 ἔλεγεν·
2986 4100 3091 4154 Ἐν
3119 4097 3324 4167 θλίψει
3351 4091 3695 4181 ἐπλάτυνάς

2109 4174 2785 4276 μοιΩΕπειδή-γάρ-είπεν,
2802 4190 3147 4262 Είσήκουσέ
3163 4208 3281 4259 μου
3304 4191 3336 4245 ό
3367 4174 3531 4253 δεὸς,
3550 4186 3696 4252 λέγει

2116 4301 2172 4351 ἐν
2200 4297 2339 4367 ποίῳ
2375 4295 2564 4365 τρόπῳ
2595 4292 2938 4363 εἰσήκουσεν.
2975 4288 3091 4342 Οὐκ
3121 4287 3177 4341 ἐν
3202 4285 3481 4355 χρήμασιν
3508 4297 3523 4313 ο
3546 4277 3698 4332 οὐδὲν

2115 4387 2224 4461 γὰρ
2248 4386 2431 4459 ἐζήτει
2455 4383 2723 4438 τοιοῦτονο
2753 4382 2851 4452 οὐχ
2895 4381 2982 4443 ἵνα
3022 4378 3234 4450 ἐχθρῶν
3265 4376 3515 4447 κρατήσῃ
3534 4390 3548 4405 ·
3576 4373 3700 4427 οὐδὲ

2114 4481 2223 4552 γάρ
2247 4478 2420 4533 ταῦτα
2444 4476 2564 4548 ᾔτει
2583 4492 2596 4506 ’
2621 4474 2735 4528 ἀλλ’
2773 4475 2833 4527 ἐν
2871 4472 3055 4526 ἀνέσει
3082 4473 3150 4542 τῇ
3181 4472 3240 4523 ἐν
3276 4467 3429 4541 μέσῳ
3452 4470 3551 4539 τῆς
3585 4466 3700 4519 θλί-

2113 4572 2258 4642 ψεως
2291 4567 2580 4639 γενομένῃ.
2610 4563 3000 4631 υίκτείρησόν
3017 4579 3114 4632 με,
3175 4559 3275 4615 καὶ
3331 4559 3701 4614 εἰσάκουσον

2114 4662 2223 4730 τῆς
2250 4656 2595 4729 προσευχῆς
2606 4674 2743 4726 μου.
2763 4656 2828 4708 Τί
2848 4655 3058 4722 λέγειςς
3080 4653 3226 4704 Ἀνω
3241 4649 3585 4720 δικαιοσύνης
3605 4648 3701 4718 μέ-

2119 4768 2342 4826 μνησαι,
2372 4749 2609 4804 ἐνταῦθα
2627 4746 2910 4818 οἰκτιρμοῦ
2938 4744 3032 4799 καὶ
3057 4744 3205 4797 ἐλέου
3226 4759 3241 4775 ο
3269 4743 3364 4795 καὶ
3395 4740 3498 4794 ποῦ
3530 4738 3701 4793 ταῦτα

2118 4846 2436 4903 ἀκολουθίαν
2467 4843 2620 4914 σχοίη
2655 4858 2670 4905 ;
2704 4838 2911 4910 Πολλὴν
2939 4839 3037 4909 μὲν
3075 4833 3187 4898 οὖν,
3230 4837 3326 4890 καὶ
3357 4834 3560 4903 σφόδρα
3588 4834 3699 4894 τοῖς
3731 4841 3733 4844 ‘

2117 4939 2401 5012 προτέροις
2448 4933 2826 5006 συνημμένην.
2860 4931 2977 4985 Κᾶν
3009 4929 3117 5000 γὰρ
3149 4928 3318 5000 μυρία
3345 4924 3702 4997 κατορθώσωο

2121 5050 2240 5104 μεν,
2280 5029 2389 5085 ἀπὸ
2439 5025 2741 5097 οἰκτιρμῶν
2785 5022 3097 5095 ἀκουόμεθα
3134 5021 3227 5074 καὶ
3272 5016 3699 5088 φιλανθρωπίας.

2119 5125 2241 5180 Κάν
2258 5123 2393 5195 πρὸς
2421 5120 2589 5190 αὐτὴν
2613 5117 2923 5188 ἀνέλθωμεν
2953 5115 3052 5187 τῆς
3083 5113 3284 5184 ἀρετῆς
3310 5110 3408 5180 τὴν
3435 5107 3701 5179 κορυφὴν,

2117 5216 2229 5270 ἀπὸ
2285 5215 2467 5278 ἐλέους
2521 5211 2829 5283 σωζόμεθα.
2881 5206 3163 5262 Ἐντεῦθεν
3211 5201 3587 5273 μανθάνομεν,
3618 5199 3702 5251 ὅτι

2123 5307 2261 5379 μετὰ
2310 5306 2412 5375 τῆς
2439 5303 2785 5372 δικαιοσύνης
2812 5299 2973 5372 χρεία
3006 5297 3099 5350 καῖ
3123 5293 3348 5364 γνώμης
3387 5307 3703 5363 συντετριμ-

2123 5398 2310 5470 μένης.
2342 5397 2465 5451 Κᾶν
2504 5395 2613 5466 γάρ
2665 5390 2988 5464 ἁμαρτωλός
3034 5404 3118 5451 τις
3158 5385 3235 5439 ῶν
3271 5382 3409 5457 μετά
3455 5399 3703 5438 ταπεινο-

2121 5489 2395 5563 φροσύνης
2445 5485 2688 5557 εὔξηται,
2715 5484 2851 5552 ὅπερ
2879 5480 2995 5534 ἐστὶ
3034 5478 3200 5550 μέρος
3238 5475 3460 5549 ἀρετῆς,
3491 5473 3703 5545 μεγάλα

2121 5575 2683 5652 ἀνύσαιδυνήσεταμ
2718 5574 2821 5629 κᾶν
2859 5574 3066 5636 δίκαιος
3105 5569 3180 5624 ὢν
3216 5568 3353 5640 μετά
3391 5565 3707 5630 ἀλαζονείας

2122 5678 2343 5751 προσίῃ,
2385 5674 2599 5729 πάντων
2638 5670 2946 5723 ἐκπεσεῖται
2974 5665 3083 5720 τῶν
3119 5662 3356 5732 ἀγαθῶν.
3397 5661 3707 5731 ’Λμφότερα

2122 5770 2191 5824 τά
2223 5767 2594 5838 ὑποδείγματα
2625 5764 2652 5818 6
2678 5760 2911 5831 τελώνης
2944 5759 3039 5812 καὶ
3063 5758 3091 5812 ὁ
3118 5757 3405 5826 Φαρισαῖος
3441 5750 3709 5817 ἐδίδαξαν.
