4106 6416
471 362 542 415 ιιδ
1195 362 1255 417 S.
1289 360 1576 418 JOANNIS
1607 357 2094 417 C‘HBYSOSTOB‘H
2138 358 2457 417 ARCHIEP.
2501 363 3055 421 CONSTANTIAOP.
3666 365 3733 419 ὅθ

471 484 565 535 Δεῖ
586 478 763 535 τοίνυν
793 482 887 532 καὶ
907 480 1106 551 τρόπον
1134 479 1297 548 εὐχῆς
1325 476 1545 533 εἰδέναι.
1577 478 1673 543 Τίς
1698 479 1755 532 δὲ
1779 481 1809 532 ὁ
1848 477 2048 550 τρόπος

469 565 571 634 τῆς
594 564 758 633 εὐχῆς
782 580 795 623 ς
816 563 968 616 Μάθε
1000 562 1109 615 ἀπὸ
1138 561 1231 613 τοῦ
1263 561 1515 636 τελῶνου,
1534 563 1627 615 καὶ
1659 562 1733 632 μὴ
1760 560 2052 631 αἰσχυνθῇς

2158 474 2455 545 καθῆσθαι,
2502 477 3018 553 βουλόμενοναήμῶν
3056 476 3358 532 ἐπακοῦσαι
3400 475 3499 545 τῆς
3541 476 3731 547 εὐχῆς.

2154 558 2263 611 Καὶ
2307 561 2563 626 ἐπίδειξιν
2589 563 2650 615 τὸ
2684 564 2916 634 πρᾶγμα
2944 563 3278 632 ποιήσωμεν.
3317 560 3561 631 Μηδεὶςο
3592 561 3735 612 ἔστω

471 649 660 700 τοῦτον
686 647 870 699 λαϐεῖν
900 645 1238 704 διδάσκαλον.
1268 644 1359 697 τὸν
1396 643 1540 698 οὕτω
1578 644 1738 697 τοῦτο
1777 642 2054 715 κατορθώ-
2154 641 2501 715 κιθαριστὴς.
2539 647 2670 715 μηδὲ
2705 646 2943 717 λυρῳδδς
2980 645 3153 709 οὓτως
3176 644 3491 713 ἐναγώνιος,
3520 643 3734 714 μέλλων

476 747 643 782 σαντα
667 768 683 790 ,
738 730 813 791 ὼς
867 728 974 780 ἀπὸ
1028 726 1201 797 ψιλῶν
1258 727 1519 798 ῥημάτων
1562 727 1623 780 τὸ
1673 729 1780 782 πᾶν
1830 727 2048 780 ἀνύσαι.

487 812 704 880 Ἐπειδὴ
724 811 831 881 γὰρ
853 813 885 881 ἡ
906 811 1113 864 διάνοια
1153 810 1303 880 αὐτῷ
1345 810 1526 873 καλῶς
1558 808 2050 878 παρεσκευασμένη

470 889 540 964 ἦν
562 936 576 959 ,
604 894 806 963 ἤρκεσε
845 894 939 945 καὶ
974 895 1124 963 ῥῆμα
1153 892 1211 945 ἓν
1247 894 1455 957 ἀνοῖξαι
1495 892 1643 962 αὐτῷ
1680 892 1770 945 τὸν
1801 891 2049 962 οὐρανόν.

474 975 598 1036 Πῶς
629 975 684 1027 δὲ
708 971 775 1045 ῆν
808 975 1328 1046 παρεσκευασμένη;
1372 973 1713 1037 Ἑταλάνιζεν
1746 974 1959 1036 ἐαυτὸν,
1990 973 2052 1025 τὸ

474 1059 668 1128 στῆθος
689 1058 935 1122 ἔτυπτεν,
958 1059 1077 1111 οὐδὲ
1106 1058 1400 1127 ἀναϐλέψαι
1431 1060 1510 1122 είς
1532 1059 1623 1111 τὸν
1650 1056 1874 1128 οὐρανὸν
1904 1055 2052 1124 ἠνεί-

471 1160 616 1213 χετο.
650 1144 746 1195 "Av
784 1142 926 1195 οὓτω
948 1143 1041 1195 καὶ
1070 1145 1133 1197 σὺ
1170 1143 1366 1215 μέλλῃς
1396 1141 1669 1212 εῦχεσθαι,
1699 1140 1900 1211 πτεροῦ
1924 1157 2051 1192 κου-

473 1226 707 1295 φοτέραν
740 1226 950 1293 ἐργάσῃ
978 1226 1077 1296 τὴν
1120 1227 1304 1296 εὐχήν.
1336 1226 1398 1279 Εἰ
1424 1226 1532 1297 γὰρ
1564 1226 1593 1278 ό
1633 1222 1956 1295 ἁμαρτωλὸς
1978 1221 2050 1275 δί-

472 1327 625 1373 καιος
668 1309 889 1378 γέγονεν
935 1311 1042 1363 ἀπὸ
1093 1310 1191 1379 τῆς
1248 1311 1448 1380 εὐχῆς,
1480 1310 1730 1379 ἐννόησον
1771 1309 1802 1361 δ
1841 1307 2048 1370 δίκαιος

471 1391 657 1460 ἡλίκος
696 1392 883 1457 ἔσται,
910 1395 958 1445 εἰ
1005 1392 1261 1462 τοιαύτην
1305 1394 1601 1464 προσάγειν
1639 1391 1799 1463 μάθοι
1840 1390 2043 1461 δέησιν.

471 1475 569 1529 Διά
611 1475 863 1545 δήτοῦτο
892 1476 1013 1528 οὐδὲ
1057 1470 1291 1529 ἐνταῦθα
1336 1476 1524 1540 ἀπλῶς
1560 1475 1753 1529 ἐαυτὸν
1800 1474 2048 1544 τίθησιν,

471 1556 609 1609 ἀλλά
635 1558 734 1629 τὴν
773 1559 1080 1629 προσευχὴν
1120 1557 1286 1611 αὐτοῦ
1312 1572 1328 1587 ⁸
1379 1558 1493 1613 ἀνω
1534 1559 1634 1629 τὴν
1678 1556 2047 1627 δικαιοσύνην,

470 1640 703 1693 ἐνταῦθα
723 1641 821 1711 τὴν
848 1642 1151 1713 προσευχὴν
1188 1642 1361 1711 λέγων
1379 1660 1392 1673 ο
1421 1643 1809 1710 Οίκτείρησόν
1826 1658 1924 1711 με,
1949 1640 2048 1693 καί

468 1723 837 1778 εἰσάκουσον
863 1725 974 1793 τῆς
1006 1725 1353 1795 προσευχῆς
1372 1743 1513 1796 μου.
1532 1724 1689 1780 Οὕτω
1721 1726 1816 1779 καὶ
1842 1728 1872 1778 ό
1901 1727 2048 1797 Κορ-

470 1808 652 1879 νήλιος
702 1807 967 1878 ἠκούσθη,
1008 1810 1198 1878 ἐπειδὴ
1227 1809 1429 1879 ταύτην
1466 1806 1578 1879 εἶχε
1631 1809 1947 1880 συνήγορον.
1982 1810 2049 1862 Al

469 1891 813 1959 προσευχαί
833 1905 971 1955 σου,
1014 1892 1109 1945 καί
1141 1894 1201 1944 αἱ
1255 1892 1658 1960 ἐλεημοσύναι
1686 1906 1828 1955 σου,
1860 1892 2046 1960 φησὶν,

468 1971 779 2038 ἀνέϐησαν
800 1974 1055 2026 ἐνώπιον
1075 1973 1180 2027 τοῦ
1206 1974 1375 2029 Θεοῦ.
1404 1976 1644 2037 Εἰκότως
1660 1990 1672 2001 ·
1692 1974 1759 2027 τά
1781 1974 1888 2044 γάρ
1913 1975 2048 2044 ἔργα

470 2055 587 2107 ἐστὶ
618 2054 686 2108 τά
714 2056 1039 2125 ἀκουόμενα,
1058 2058 1152 2109 καὶ
1184 2057 1251 2109 τὰ
1281 2056 1709 2128 κατορθώματα·
1733 2057 1831 2128 οὐχ
1862 2057 2049 2121 ἁπλῶς

465 2137 522 2190 δὲ
550 2140 608 2191 αἱ
639 2139 815 2208 εὐχαὶ,
845 2139 959 2192 ἀλλ’
990 2141 1044 2194 αι
1080 2142 1222 2194 κατά
1261 2140 1425 2209 νόμον
1448 2140 1539 2192 τοῦ
1580 2140 1715 2195 Θεοῦ
1761 2142 2048 2211 γινόμεναι

465 2221 641 2290 εὐχαί.
672 2224 779 2275 Καὶ
825 2222 970 2286 τίνες
1012 2224 1150 2276 είσὶν
1187 2217 1382 2287 abun;
1420 2224 1486 2275 Αἱ
1513 2223 1686 2277 ταῦτα
1722 2223 2049 2289 αίτοῦσαι,ἀ

465 2303 543 2373 τῷ
568 2302 686 2376 Θεῷ
718 2306 917 2375 πρέπει
969 2306 1167 2360 διδόναι
1186 2347 1200 2370 ,
1236 2310 1290 2360 αί
1332 2308 1405 2380 μὴ
1456 2309 1715 2361 τάναντία
1742 2312 1855 2373 τοῖς
1884 2308 2047 2363 αὐτοῦ

465 2387 650 2457 νόμοις
672 2388 832 2441 αὐτὸν
866 2389 1301 2460 παρακαλοῦσαι.
1331 2391 1438 2442 Καὶ
1470 2393 1552 2454 τίς
1581 2390 1722 2443 οὕτω
1753 2392 2045 2462 τολμηρὸς,

467 2470 652 2540 φησὶν,
678 2470 753 2534 ὡς
769 2471 860 2524 τὸν
878 2472 1010 2524 Θεὸν
1032 2472 1215 2537 ἀξιοῦν
1238 2473 1495 2526 τάναντία
1521 2475 1633 2537 τοῖς
1666 2475 1831 2529 αὐτοῦ
1860 2476 2048 2544 νόμοις

468 2558 642 2606 ποιεῖν
668 2565 735 2619 ις
775 2554 834 2607 '0
867 2554 1010 2608 κατά
1059 2555 1170 2607 τῶν
1212 2555 1424 2628 ἐχθρῶν
1469 2559 1630 2613 αὐτὸν
1682 2558 2043 2628 παρακαλῶν·

469 2633 587 2708 ΗΞ]
604 2636 765 2690 τοῦτο
790 2638 901 2708 γάρ
926 2638 1076 2710 παρὰ
1103 2639 1194 2691 τὸν
1221 2641 1385 2710 νόμον
1413 2640 1505 2693 τὸν
1540 2642 1633 2695 ὑπ’
1664 2642 1828 2696 αὐτοῦ
1856 2642 2048 2711 κείμε-

466 2736 576 2772 νον.
591 2719 761 2784 Αὐτὸς
782 2722 888 2792 γάρ
907 2739 1091 2792 φησιν.
1110 2722 1322 2791 Ἅφετε
1351 2723 1477 2790 τοῖς
1502 2725 1831 2793 ὀφειλέταις
1858 2723 2042 2794 ὑμῶν.

467 2801 541 2854 Σὺ
575 2802 630 2855 δὲ
663 2804 824 2857 αὐτὸν
857 2804 947 2857 τὸν
972 2805 1261 2859 κελεύοντά
1295 2824 1376 2860 σοι
1402 2808 1751 2879 συγχωρῆσαι
1777 2811 1918 2862 κατά
1939 2808 2047 2862 τῶν

468 2884 678 2955 ἐχθρῶν
709 2887 891 2950 καλεῖς
922 2903 937 2946 ;
972 2889 1078 2941 Kal
1107 2889 1159 2943 τί
1194 2890 1389 2958 γένοιτ’
1411 2889 1477 2943 ἂν
1504 2891 1602 2961 τῆς
1633 2890 1816 2955 ἀνοίας
1844 2893 2048 2963 ταύτης

468 2971 683 3040 χεῖρον;
727 2971 929 3025 Ἱκέτου
961 2974 1146 3044 σχῆμα
1176 2975 1271 3028 καὶ
1300 2973 1525 3045 γνώμην
1555 2976 1651 3028 καὶ
1679 2974 1933 3046 φρόνημα
1955 2975 2047 3028 τὸν

467 3051 757 3121 εὐχόμενον
803 3054 946 3125 ἔχειν
995 3056 1077 3109 δεῖ
1110 3072 1124 3087 ο
1157 3056 1208 3110 τί
1258 3058 1437 3110 τοίνυν
1475 3057 1660 3129 ἕτερον
1705 3060 2047 3129 προσωπεῖον

469 3135 681 3205 σεαυτῷ
715 3139 1018 3211 περιτίθης,
1042 3140 1102 3192 τὸ
1133 3140 1233 3210 τῆς
1263 3142 1631 3211 κατηγορίας;
1665 3141 1790 3205 Πῶς
1819 3140 1929 3212 γὰρ
1958 3141 2047 3194 δυ-

468 3217 609 3289 νήσῃ
641 3220 750 3271 τῶν
777 3221 992 3275 οἰκείων
1041 3224 1452 3295 ἁμαρτημάτων
1485 3225 1668 3277 λαϐεῖν
1693 3225 2042 3295 συγγνώμην,

468 3299 595 3352 ὅταν
612 3301 718 3354 τῶν
746 3306 857 3365 τοῖς
884 3306 1089 3374 ἑτέροις
1112 3306 1288 3376 πεπλη
1298 3305 1475 3377 μμελη
1485 3306 1660 3375 μένων
1692 3308 1929 3378 τιμωρὸν
1955 3309 2046 3362 τὸν

467 3382 600 3434 Θεὸν
620 3382 790 3449 ἀξιοῖς
820 3381 991 3451 εἷναι;
1026 3385 1207 3440 ’Ἑστω
1234 3389 1413 3441 τοίνυν
1441 3391 1474 3458 ή
1506 3389 1639 3460 εὐχὴ
1672 3390 1880 3460 ἥμερος
1900 3429 1914 3454 ,
1947 3406 2047 3458 γα-

467 3463 624 3536 ληνὴ.
654 3468 842 3538 χαρίεν
876 3469 1072 3537 ἔχουσα
1103 3471 1413 3542 πρόσωπον,
1429 3473 1523 3523 καὶ
1548 3472 1771 3526 ἀπαλόν.
1808 3473 2044 3544 Τοιαύτη

468 3548 576 3618 γάρ
610 3551 642 3619 ή
673 3552 810 3617 μετὰ
839 3553 1175 3624 πραότητος,
1209 3553 1304 3606 καὶ
1345 3555 1418 3625 μὴ
1458 3556 1576 3608 κατ’
1607 3552 1814 3626 ἐχθρῶν
1839 3556 1868 3595 ιι
1908 3571 2047 3624 γινο-

470 3631 608 3701 μένη
629 3647 643 3661 ⁸
665 3632 740 3696 ὼς
759 3633 793 3702 ἥ
822 3650 885 3701 γε
908 3635 1125 3689 ἐναντία
1155 3637 1423 3708 μεθυούσῃ
1447 3639 1555 3691 τινὶ
1581 3638 1675 3691 καὶ
1707 3639 2047 3712 παραπαιού-

469 3729 536 3785 σῃ
585 3715 729 3768 ἔοικε
763 3719 1009 3784 γυναικὶ,
1055 3720 1245 3774 συώδει
1293 3722 1399 3774 τινὶ
1453 3721 1545 3774 καὶ
1590 3721 1777 3794 ἀγρία.
1812 3722 1906 3775 Διὸ
1949 3724 2044 3777 καὶ

466 3799 665 3861 ἄϐατος
702 3801 839 3871 αὐτῇ
870 3803 1163 3873 όούρανός.
1207 3804 1345 3858 Ἀλλ’
1376 3804 1474 3874 οὐχ
1504 3806 1537 3875 ἡ
1572 3804 1714 3875 μετά
1741 3804 2042 3876 πραότητος

464 3880 687 3953 τοιαύτη
712 3900 723 3912 ·
754 3884 868 3935 ἀλλ’
895 3884 1006 3954 ἔχει
1038 3902 1091 3938 τι
1119 3885 1360 3958 λιγυρὸν,
1385 3888 1477 3940 καὶ
1503 3888 1790 3960 προσηνὲς,
1818 3887 1913 3941 καὶ
1948 3889 2044 3960 βα-

470 3963 688 4018 σιλικῶν
718 3965 865 4030 ἀξιον
905 3967 1103 4028 ἀκοῶν,
1139 3968 1235 4038 ἡδὺ
1285 3971 1377 4027 καὶ
1423 3971 1789 4040 παναρμόνιον
1815 3971 1907 4024 καὶ
1943 3975 2043 4042 ἐμ-

470 4047 645 4117 μελές.
673 4049 763 4100 Διὸ
779 4048 843 4119 δὴ
871 4050 971 4102 οὐκ
993 4050 1310 4106 ἐκϐάλλεται
1343 4052 1437 4106 τοῦ
1471 4053 1721 4125 θεάτρου,
1741 4054 1855 4109 ἀλλ’
1885 4058 2040 4110 ἐστε-

468 4131 763 4202 φανωμένη
802 4132 987 4186 ἄπεισι
1025 4150 1038 4164 ·
1074 4136 1168 4188 καὶ
1214 4138 1324 4208 γὰρ
1359 4139 1563 4209 χρυσῆν
1608 4138 1722 4211 ἔχει
1775 4138 2040 4211 κιθάραν,

469 4216 673 4286 χρυσῆν
698 4217 796 4287 τὴν
820 4217 1030 4288 στολήν.
1056 4222 1147 4272 Διὸ
1179 4220 1273 4272 καὶ
1297 4221 1490 4293 τέρπει
1514 4221 1604 4275 τὸν
1640 4223 1921 4295 δικαστὴν,
1951 4225 2045 4278 καὶ

466 4296 544 4368 τῷ
593 4299 853 4370 σχήματι,
894 4302 1095 4374 καὶτῷ
1148 4303 1450 4375 βλέμματι,
1488 4307 1581 4358 καὶ
1613 4310 1678 4378 τῇ
1732 4311 1904 4380 φωνῇ.
1945 4309 2043 4364 Διά

467 4380 641 4439 ταῦτα
666 4384 841 4446 οὐδεὶς
870 4387 1041 4457 αὐτὴν
1076 4387 1367 4442 ἀπελαύνει
1390 4389 1497 4442 τῶν
1526 4390 1790 4460 οὐρανίων
1816 4393 2040 4462 ἀψίδων.

470 4468 652 4527 Ἀπαν
686 4473 793 4544 γὰρ
817 4476 993 4528 ἐκεῖνο
1010 4476 1071 4528 τὸ
1100 4476 1326 4548 θέατρον
1349 4477 1598 4548 ἀνίστησι
1626 4480 1691 4549 τῇ
1714 4480 2042 4554 εὐφροσύνη.

465 4555 616 4625 Αὕτη
644 4558 752 4612 τῶν
779 4562 1024 4632 οὐρανῶν
1051 4563 1179 4630 ἀξία
1222 4566 1255 4636 ἡ
1294 4564 1456 4636 εὐχή·
1484 4565 1625 4636 αὕτη
1662 4566 1771 4619 τῶν
1796 4568 2045 4636 ἀγγέλων

470 4644 503 4711 η
534 4643 768 4711 γλῶττα,
785 4647 912 4702 ὅταν
941 4650 1104 4720 μηδὲν
1145 4651 1358 4722 πικρὸν,
1382 4653 1488 4706 πᾶν
1510 4653 1567 4706 δὲ
1594 4655 1861 4725 προσηνὲς
1886 4656 2046 4725 φθέγ-

466 4746 662 4801 γηταιο
685 4734 811 4787 ὅταν
833 4736 975 4808 ὑπὲρ
1003 4738 1111 4791 τῶν
1146 4739 1474 4793 ἀδικούντων
1502 4741 1597 4795 καὶ
1628 4743 2044 4813 ἐπηρεαζόντων

471 4820 846 4890 προσέρχηται
885 4823 985 4894 τὴν
1037 4826 1318 4896 ἱκετηρίαν
1360 4829 1674 4899 ποιουμένη,
1703 4832 1824 4883 τότε
1855 4833 1950 4885 καὶ
1991 4834 2041 4886 οἰ

470 4904 691 4974 ἄγγελοι
744 4913 1120 4983 παρεστήκασι
1175 4914 1313 4982 μετά
1359 4914 1558 4987 πολλῆς
1610 4916 1899 4980 ἀκούοντες
1941 4918 2043 4990 τῆς

470 4995 626 5064 σιγῆς
648 5033 664 5057 ,
696 4996 792 5050 καὶ
842 4998 980 5068 μετά
1019 5000 1078 5054 τὸ
1120 5001 1466 5065 παύσασθαι,
1502 5004 1822 5074 κροτοῦντες
1848 5005 2038 5077 αὐτὴν,

468 5083 831 5148 ἐπαινοῦντες,
869 5086 1237 5156 θαυμάζοντες
1283 5089 1342 5142 οὐ
1375 5089 1811 5160 διαλιμπάνουσι.
1848 5093 2041 5147 Τοιαύ-

466 5185 565 5240 την
606 5173 701 5224 καὶ
752 5174 914 5244 ἡμεῖς
967 5176 1405 5255 προσαγάγωμεν
1449 5178 1634 5249 εὐχὴν,
1681 5180 1775 5233 καὶ
1824 5181 2040 5245 πάντως

469 5258 935 5331 ἀκουσθησόμεθα.
975 5263 1086 5315 Καὶ
1116 5263 1244 5316 ὅταν
1280 5264 1603 5335 ,προσίωμεν
1654 5266 1732 5336 τῷ
1782 5267 1922 5338 Θεῷ,
1965 5269 2039 5340 μὴ

469 5345 777 5415 νομίσωμεν
809 5345 948 5404 εῖναι
976 5351 1203 5421 θέατρον
1227 5353 1486 5419 τοιοῦτον,
1511 5353 1625 5407 ἀλλ’
1647 5356 1712 5406 ἐκ
1731 5356 1830 5427 τῆς
1858 5358 2037 5410 οἰκου-

471 5429 639 5498 μένης
667 5433 907 5505 ἀπάσης,
938 5440 1136 5507 μᾶλλον
1163 5439 1220 5495 δὲ
1247 5440 1341 5494 καὶ
1367 5443 1432 5498 ἐκ
1462 5441 1570 5495 τῶν
1591 5441 1704 5497 ἀνω
1726 5443 1786 5514 δή
1796 5460 1911 5513 μων
1933 5444 2039 5497 τῶν

469 5514 732 5585 οὐρανίων
776 5522 1202 5593 συνειλεγμένον,
1252 5527 1344 5581 καὶ
1382 5529 1438 5581 ἐν
1480 5529 1629 5603 μέσῳ
1682 5529 1773 5583 τὸν
1807 5530 2037 5587 Βασιλέα

528 5676 551 5736 ξ·
580 5673 702 5736 Beg.
729 5676 904 5736 Νόμοις
928 5678 1120 5726 διδόναι.

527 5732 555 5777 ι
582 5732 704 5797 Reg.
740 5732 820 5785 καὶ
842 5739 957 5800 ὑπὲρ
980 5740 1171 5801 ἐχθρῶν.

2149 726 2209 777 ἐν
2241 733 2465 796 σκηναῖς
2491 731 2740 794 εἰσιέναι,
2758 732 2853 783 καὶ
2878 728 3132 793 δεδοικὼς
3162 730 3237 800 μή
3267 746 3319 781 τι
3351 728 3564 797 ἀπηχὲς
3598 729 3732 780 ἀνα-

2151 807 2471 879 κρούσηται,
2503 811 2578 875 ὡς
2627 815 2789 883 ἡμεῖς
2823 813 3106 882 μέλλοντες
3150 811 3377 865 εἰσιέναι
3415 811 3495 873 εἰς
3537 810 3600 862 τὸ
3624 810 3738 862 τῶν

2150 892 2396 959 ἀγγέλων
2425 894 2670 967 θέατρον.
2702 896 2987 967 Πλῆκτρον
3010 896 3064 948 δὲ
3093 898 3225 966 ἡμῖν
3267 894 3409 947 ἐστω
3435 895 3468 965 ἡ
3495 892 3735 960 γλῶττα,

2155 976 2323 1045 μηδὲν
2371 978 2532 1047 ἀηδὲς
2578 979 2922 1050 φθεγγομένη
2948 1021 2964 1046 ,
2989 979 3102 1033 ἀλλ’
3136 978 3375 1049 ἐμμελὲς
3400 978 3493 1030 καὶ
3522 993 3734 1047 παναρ-

2154 1060 2337 1129 μόνιον
2367 1060 2505 1131 μετά
2528 1062 2767 1127 διανοίας
2798 1064 2894 1132 τῆς
2919 1062 3330 1133 προσηκούσης·
3358 1062 3451 1113 καὶ
3479 1061 3735 1131 προσιόν⁴

2151 1158 2241 1205 τες
2270 1144 2347 1213 τῷ
2375 1145 2514 1214 Θεῷ,
2555 1147 2649 1199 καὶ
2694 1146 3141 1217 παρακαλοῦντες
3169 1146 3263 1198 καὶ
3289 1144 3553 1213 δεόμενοι,
3590 1143 3735 1213 ὑπὲρ

2148 1225 2259 1279 τῶν
2301 1226 2510 1297 ἐχθρῶν
2560 1228 2988 1299 ἀνακρουώμεθα
3034 1230 3132 1299 τὴν
3174 1227 3371 1299 νευράν
3395 1244 3410 1258 ·
3440 1226 3581 1279 οὕτω
3620 1224 3735 1296 γάρ

2152 1310 2246 1362 καὶ
2280 1309 2423 1380 ὑπὲρ
2453 1313 2486 1381 ὴ
2496 1311 2613 1381 μῶν
2653 1312 2832 1365 αὐτῶν
2862 1310 3332 1381 ἀκουσθησόμεθα.

2220 1397 2283 1446 ε’.
2305 1391 2452 1464 Αὕτη
2481 1394 2514 1463 ἡ
2544 1393 2695 1464 φωνὴ
2727 1394 3081 1465 καταισχύνει
3110 1395 3389 1464 δαίμονας,
3413 1389 3551 1460 αὐτη
3589 1390 3735 1461 παρο

2151 1475 2348 1545 ῥησίαν
2373 1476 2506 1547 ἡμῖν
2534 1477 2747 1532 δίδωσιν
2767 1496 2779 1507 ·
2811 1477 2950 1549 αὕτη
2984 1478 3332 1547 καταισχύνει
3361 1476 3453 1529 τὸν
3483 1473 3735 1528 διάϐολον

2149 1557 2243 1611 καί⁵
2269 1560 2574 1631 ἀναχωρεῖν
2603 1564 2764 1613 ποιεῖ.
2796 1562 2872 1614 Οὐ
2901 1561 3011 1633 γάρ
3037 1560 3213 1623 οὕτως
3244 1560 3532 1629 ἄνθρωπον
3567 1556 3733 1627 φρίτ-

2146 1655 2230 1693 τει
2258 1642 2288 1695 ό
2316 1640 2526 1712 δαίμων
2555 1643 2645 1697 τὸν
2672 1644 3004 1698 ἐκϐάλλοντα
3036 1644 3201 1697 αὐτὸν
3227 1645 3322 1696 καὶ
3350 1642 3641 1695 ἐλαύνοντα
3670 1638 3735 1704 ἐξ

2148 1723 2336 1795 ἐτέρου
2355 1724 2665 1795 ἀνθρώπου,
2687 1727 2763 1790 ὡς
2788 1727 3071 1797 ἄνθρωπον
3096 1726 3267 1798 ὀργῆς
3290 1724 3613 1796 κρατοῦντα,
3635 1722 3737 1774 καὶ

2149 1805 2321 1877 θυμοῦ
2357 1809 2811 1879 περιγενόμενον·
2854 1809 2974 1863 ἐπεὶ
3024 1811 3117 1863 καὶ
3159 1809 3319 1862 τοῦτο
3358 1806 3565 1876 δαίμων
3616 1804 3738 1859 ἐστὶ

2148 1889 2405 1960 χαλεπὸς,
2438 1893 2533 1945 καὶ
2558 1892 2779 1956 τούτους
2806 1892 3007 1963 μᾶλλον
3033 1892 3066 1961 ἢ
3099 1893 3225 1954 τοὺς
3250 1889 3618 1960 δαιμονῶντας
3644 1906 3740 1941 ταο

2148 1971 2384 2038 λανίζειν
2404 1975 2531 2045 χρή.
2564 1974 2638 2027 Τὸ
2688 1976 2786 2044 μὲν
2815 1975 2925 2047 γὰρ
2953 1975 3215 2045 δαιμονᾷν
3248 1975 3328 2036 είς
3368 1971 3593 2041 γέενναν
3630 1971 3737 2024 οὐκ

2147 2056 2409 2127 ἐμϐάλλει
2438 2074 2453 2088 ο
2485 2058 2545 2110 τὸ
2569 2058 2625 2111 δέ
2658 2056 2972 2129 ὀργίζεσθαι
3017 2058 3109 2111 καὶ
3150 2057 3529 2128 μνησικακεῖν,
3562 2052 3737 2123 αὐτῆς

2149 2140 2397 2195 ἐκϐάλλει
2413 2141 2511 2212 τῆς
2536 2141 2813 2211 βασιλείας
2832 2140 2938 2194 τῶν
2964 2140 3227 2213 οὐρανῶν.
3247 2140 3344 2191 Ἂν
3369 2138 3513 2191 οὕτω
3534 2136 3703 2208 ρυθμί
3718 2162 3738 2176 ο

2151 2239 2333 2295 σωμεν
2365 2223 2481 2295 [15]
2511 2224 2608 2295 τὴν
2653 2224 2839 2296 εὐχὴν,
2868 2223 3208 2294 δυνησόμεθα
3249 2221 3388 2294 μετὰ
3421 2219 3739 2293 παρρησίας

2147 2306 2326 2375 λέγειν
2349 2308 2441 2360 καὶ
2476 2309 2636 2378 ἡμεῖς
2659 2308 2737 2379 τῷ
2758 2307 2897 2379 Θεῷ,
2921 2308 3312 2362 Είσάκουσον
3335 2304 3445 2374 τῆς
3475 2317 3739 2373 προσευ-

2148 2390 2268 2461 χῆς
2291 2408 2434 2458 μου.
2484 2392 2647 2444 Ὥστε
2684 2394 2783 2462 οὐχ
2817 2391 3010 2445 ἑαυτὸν
3056 2390 3359 2461 ὠφελήσεις
3408 2388 3606 2459 μόνον,
3636 2384 3738 2439 καὶ

2148 2476 2591 2547 προοδοποιήσεις
2622 2492 2715 2529 σου
2737 2480 2803 2546 τῇ
2832 2475 3100 2545 ἱκετηρία,
3118 2474 3252 2531 ἀλλά
3289 2475 3384 2528 καὶ
3402 2473 3494 2527 τὸν
3518 2470 3740 2525 ἀκούον-

2146 2577 2215 2613 τα
2236 2559 2367 2611 Θεὸν
2400 2561 2712 2631 εὐφρανεῖς.
2746 2560 2895 2624 ἄξιόν
2922 2576 2975 2612 τι
3007 2557 3119 2612 τῶν
3145 2557 3311 2611 αὐτοῦ
3342 2553 3737 2624 ἐπιταγμάτων

2146 2642 2349 2696 αἰτῶν·
2381 2641 2460 2695 διὸ
2504 2643 2598 2697 καὶ
2640 2642 2837 2714 ῥᾳδίως
2883 2641 3179 2696 ἐπινεύσει.
3228 2640 3399 2694 Τοῦτο
3442 2638 3590 2705 ἀξιον
3630 2636 3736 2704 τῆς

2146 2725 2419 2789 υίοθεσίας
2472 2726 2725 2797 ἐκείνης·
2772 2725 2929 2779 τοῦτο
2972 2726 3207 2792 μάλιστα
3262 2724 3354 2778 τὸν
3403 2720 3737 2794 χαρακτῆρα

2145 2812 2351 2864 ἐκεῖνον
2382 2810 2639 2864 δείκνυσι.
2677 2810 2953 2873 Γίνεσθε,
2988 2810 3173 2879 φησὶν,
3214 2807 3617 2876 οἰκτίρμονες,
3654 2803 3737 2868 ὡς

2146 2900 2180 2952 ό
2206 2897 2409 2966 Πατὴρ
2436 2897 2602 2968 ὑμῶν
2630 2902 2662 2952 ό
2688 2898 2757 2951 ὲν
2785 2897 2910 2963 τοῖς
2937 2896 3218 2965 οὐρανοῖς
3238 2935 3253 2956 ,
3287 2894 3383 2949 καὶ
3426 2893 3610 2954 πάλιν,
3628 2891 3740 2944 Εὕα

2145 2990 2329 3056 χεσθε
2349 2985 2501 3055 ὑπὲρ
2526 2984 2646 3039 τῶν
2682 2982 3123 3055 ἐπηρεαζόντων
3153 2982 3325 3049 ὑμᾶς,
3350 2981 3510 3047 ὅπως
3556 2977 3700 3050 γένη
3718 3007 3738 3018 -

2146 3078 2258 3129 σθε
2296 3075 2484 3145 ὅμοιοι
2506 3074 2612 3129 τοῦ
2639 3074 2870 3142 Πατρός
2902 3072 3069 3143 ὑμῶν
3102 3072 3210 3127 τοῦ
3240 3072 3311 3125 ἐν
3336 3067 3635 3138 οὐρανοῖς.
3668 3067 3738 3121 Τί

2145 3162 2324 3216 τοίνυν
2358 3162 2563 3233 ταύτης
2608 3163 2709 3233 τῆς
2748 3161 2915 3233 εὐχῆς
2950 3162 3101 3224 ίσονς
3132 3159 3283 3228 Δύτη
3317 3158 3417 3211 οὐκ
3459 3156 3736 3225 ἀγγέλοις,

2145 3249 2272 3303 οὔτε
2299 3249 2684 3322 ἀρχαγγέλοις,
2703 3249 2816 3303 ἀλλ’
2833 3247 2983 3319 αὐτῷ
3011 3247 3087 3318 τῷ
3113 3247 3328 3302 Βασιλεῖ
3357 3248 3542 3317 ὅμοιον
3567 3245 3736 3297 ποιεῖ.

2157 3337 2215 3391 '0
2264 3337 2323 3391 δέ
2361 3337 2439 3409 τῷ
2465 3337 2683 3391 Βασιλεῖ
2721 3336 2905 3407 ὅμοιος
2947 3335 3240 3406 γενόμενος
3279 3332 3422 3387 κατὰ
3459 3331 3521 3385 τὸ
3560 3331 3740 3401 ἐγχω-

2150 3424 2293 3497 ροῦν,
2324 3424 2581 3497 ἐννόησον
2606 3427 2737 3495 ὅσης
2795 3422 3163 3477 ἀπολαύσεται
3195 3420 3296 3491 τῆς
3329 3415 3644 3491 παρρησίας
3675 3416 3737 3471 ἐν

2143 3516 2262 3577 ταῖς
2280 3514 2485 3583 εὐχαῖς.
2523 3513 2639 3566 Υίοὶ
2656 3512 3001 3581 ἀνθρώπων,
3017 3511 3128 3577 ἓως
3152 3512 3296 3564 πότε
3308 3505 3732 3576 βαρυκάρδιοις

2147 3600 2283 3654 ἰνα
2307 3600 2364 3652 τί
2384 3597 2653 3667 ἀγαπᾶτε
2682 3599 3068 3669 ματαιότητα,
3095 3597 3189 3651 καί
3219 3595 3440 3664 ζητεῖτε
3467 3592 3733 3661 ψεῦδος

2142 3682 2289 3754 Πρὸς
2319 3682 2472 3745 τίνας
2525 3682 2796 3735 ἀποτείνει
2845 3681 2935 3734 τὸν
2979 3680 3156 3748 λόγον,
3206 3680 3300 3732 καὶ
3360 3679 3591 3730 ποιεῖται
3632 3674 3733 3743 τὴν

2114 3769 2482 3840 ,ἐπιτίμησιν,
2518 3770 2612 3823 καὶ
2644 3769 2837 3837 ἐπάγει
2870 3768 2969 3840 τὴν
2999 3766 3308 3839 συμϐουλήν
3340 3783 3356 3828 ;
3397 3764 3550 3826 τίνας
3580 3760 3733 3823 υίοὺς

2141 3857 2446 3929 ἀνθρώπων
2466 3858 2653 3923 καλεῖς
2683 3857 2823 3921 Τοὺς
2847 3858 2906 3909 ἐν
2929 3856 3163 3927 πονηρία
3185 3853 3416 3920 ζῶντας,
3440 3852 3567 3914 τοὺς
3591 3849 3729 3920 πρὸς

2142 3945 2388 3999 κακίανά
2425 3947 2761 4018 ἐπιρρεπεῖς.
2781 3946 2847 3998 Τί
2882 3945 2946 4016 δή
2979 3961 3145 4010 ποτε;
3175 3944 3335 4014 ἡμεῖς
3358 3941 3465 4011 γὰρ
3493 3940 3593 4009 οὐχ
3620 3936 3729 3991 υίοὶ

2143 4033 2475 4105 ἀνθρώπων;
2510 4037 2576 4104 τῇ
2605 4031 2763 4101 φύσει
2800 4033 2898 4102 μὲν
2934 4032 3236 4103 ἀνθρώπων
3285 4030 3409 4092 υἱοὶ,
3443 4031 3513 4099 τῇ
3544 4025 3726 4096 χάριτι

2141 4122 2199 4175 δὲ
2222 4123 2323 4176 οὐκ
2356 4122 2457 4184 ἐτι,
2479 4122 2595 4175 ἀλλ’
2628 4123 2733 4174 υἱοὶ
2769 4121 2926 4175 Θεοῦ.
2964 4122 3027 4173 Ei
3076 4119 3206 4187 γοῦν
3248 4119 3343 4172 καὶ
3387 4117 3487 4188 τὴν
3542 4115 3724 4168 εἰκόνα

2142 4211 2242 4281 τὴν
2274 4210 2395 4264 κατ’
2412 4211 2613 4281 ἀρετὴν
2645 4211 2745 4283 τὴν
2772 4210 2908 4281 πρὸς
2939 4208 3099 4263 αὑτὸν
3126 4201 3724 4276 διατηρήσαιμεν,ἀκέο

2148 4314 2298 4370 ραιον
2328 4299 2460 4367 ἡμῖν
2506 4296 2659 4349 ἔσται
2712 4297 2773 4349 τὸ
2827 4296 2999 4367 δῶρον
3023 4310 3035 4322 ·
3068 4295 3194 4358 τοὺς
3230 4295 3354 4364 ’γὰρ
3399 4290 3724 4361 γενομένους

2145 4385 2295 4447 υἱοὺς
2325 4383 2460 4436 Θεοῦ
2498 4382 2585 4437 διὰ
2621 4383 2719 4451 τῆς
2776 4385 3017 4454 χάριτος,
3054 4381 3146 4435 καὶ
3202 4380 3291 4433 διά
3319 4380 3419 4448 τῆς
3450 4377 3723 4439 πολιτείας

2144 4473 2349 4543 ταύτην
2390 4471 2473 4523 δεῖ
2521 4472 2943 4542 χαρακτηρίζειν
2968 4470 3066 4540 τὴν
3095 4469 3298 4522 εἰκόνα.
3342 4467 3464 4519 Ὀτι
3500 4465 3559 4519 δὲ
3595 4464 3722 4527 τοὺς

2148 4558 2612 4632 βιωτικωτέρους,
2658 4558 2752 4612 καὶ
2806 4558 2941 4628 πρὸς
2987 4556 3187 4612 κακίαν
3233 4556 3527 4628 ῥέποντας.
3570 4550 3721 4613 υἱοὺς

2145 4647 2449 4719 ἀνθρώπων
2486 4647 2662 4709 καλεῖ,
2697 4646 2928 4699 ἄκουσον
2952 4660 2967 4675 ο
3021 4643 3264 4708 Ἰδόντες
3295 4641 3363 4694 δὲ
3393 4643 3446 4695 οἱ
3466 4638 3583 4695 υἱοί
3612 4636 3719 4691 τοῦ

2148 4737 2295 4791 Θεοῦ
2337 4736 2444 4799 τὰς
2482 4735 2807 4803 θυγατέρας
2837 4731 2956 4786 τῶν
3005 4730 3348 4801 ἀνθρώπων.
3384 4729 3495 4782 Καὶ
3532 4728 3638 4797 μὴν
3660 4725 3721 4779 τδ

2143 4824 2404 4886 ἐναντίον,
2435 4823 2623 4893 φησιν,
2649 4821 2892 4893 εἴρηκας.
2947 4818 3210 4889 Οὐδαμῶς
3228 4833 3242 4847 ·
3269 4817 3419 4877 υίούς
3438 4814 3548 4884 γάρ
3582 4812 3718 4866 Θεοῦ

2143 4910 2378 4966 ἐνταῦθα
2405 4909 2631 4963 ἐκάλεσε
2658 4910 2783 4971 τοὺς
2813 4907 2918 4977 πρὸ
2955 4905 3145 4959 τούτου
3174 4904 3235 4969 ἐξ
3266 4902 3532 4972 ἐναρέτων
3559 4898 3719 4962 ὄντας

2143 4999 2373 5069 ἀνδρῶν,
2408 4997 2503 5050 καὶ
2526 4994 2627 5066 τῆς
2651 4994 2744 5048 τοῦ
2773 4993 2910 5046 Θεοῦ
2941 4992 3103 5062 τιμῆς
3126 4981 3719 5050 ἁπολελαυκότας,είτα

2147 5083 2663 5159 μεταϐαλλομένους,
2685 5081 2779 5136 καί⁵
2811 5079 3101 5150 γεγονότας
3137 5076 3372 5149 χείρους,
3402 5076 3494 5129 καὶ
3523 5074 3717 5146 προδε-

2142 5174 2384 5237 δωκότας
2402 5170 2578 5225 αὐτῶν
2599 5170 2698 5239 τὴν
2727 5169 2912 5239 τιμήν.
2952 5167 3115 5218 Ὥστε
3148 5165 3255 5234 γάρ
3283 5160 3516 5233 αὐξῆσαι
3538 5160 3717 5214 αὐτῶν

2142 5262 2240 5333 τὴν
2270 5257 2624 5331 κατηγορίαν,
2655 5248 2967 5326 ἀνεμνήσθη
2993 5250 3173 5305 αὐτῶν
3197 5250 3299 5319 τῆς
3332 5250 3529 5320 τιμῆς,
3562 5253 3717 5319 μέγι-

2144 5366 2267 5403 στον
2290 5350 2368 5411 εἰς
2392 5345 2730 5415 ἐγκλήματος
2751 5340 3005 5396 ὑπόθεσιν
3025 5339 3238 5401 δεικνὺς
3260 5338 3340 5401 ὃν,
3363 5337 3425 5389 τὸ
3441 5336 3717 5398 τοιούτους

2140 5437 2319 5502 ὄντας,
2351 5435 2444 5489 καὶ
2484 5436 2547 5486 ἐκ
2577 5430 2853 5495 τοιούτων,
2877 5430 3014 5501 πρὸς
3036 5427 3292 5497 τοιαύτην
3324 5424 3715 5497 κατενεχθῆναι

2141 5525 2361 5578 κακίαν.
2395 5521 2507 5575 Καὶ
2536 5520 2696 5574 πάλιν
2744 5522 2773 5572 ό
2810 5518 2941 5582 Θεός
2973 5536 2987 5549 ο
3024 5518 3165 5587 Ἐγὼ
3197 5514 3355 5581 εἶπα,
3387 5518 3521 5570 Θεοί
3549 5517 3713 5578 ἐστε,

2204 5684 2224 5712 ⁸
2253 5682 2372 5735 ιιριε.
2399 5684 2592 5741 πρᾶγμα
2612 5679 2898 5740 νομίσωμεν·
2936 5675 3119 5740 μηδείς,
3137 5688 3233 5724 non
3260 5677 3407 5723 male.

2207 5742 2233 5781 ά
2259 5744 2361 5803 {leg
2406 5742 2640 5789 ἀσέϐειαν.
