4106 6414
355 363 420 418 s5
786 428 791 431 _
1546 359 1907 420 EXPOSl'l'IO
1944 362 1960 418 ι

2068 364 2375 423 ‘SALMUM
2416 367 2503 424 IV.
3579 379 3652 437 46

353 479 485 536 scire
503 477 660 535 etiam
676 477 898 534 modum
920 478 1135 534 orandi.
1166 477 1296 544 Quis
1313 488 1490 533 autem
1514 479 1699 535 orandi
1722 478 1950 535 modus?

356 572 508 628 Disce
550 586 582 625 a
627 571 959 634 publicano:
994 586 1094 625 nec
1137 580 1188 626 te
1213 570 1408 640 pudeat
1433 585 1499 625 eo
1549 572 1621 624 uti
1670 572 1946 642 magistro,

353 662 443 732 qui
473 662 570 716 hac
599 662 653 717 in
682 677 740 716 re
769 661 909 717 adeo
931 678 993 718 se
1025 662 1282 731 praeclare
1306 663 1505 733 gessit,
1535 672 1592 717 nt
1615 663 1745 717 solis
1771 664 1949 719 verbis

357 755 666 810 universum
711 753 969 808 eli'ecerit.
1006 753 1138 822 Quia
1167 755 1310 809 enim
1349 765 1467 810 erat
1493 771 1646 808 mens
1678 755 1729 810 in
1760 769 1827 811 eo
1856 770 1944 810 re.

354 861 443 905 ete
484 858 691 919 parata,
736 847 947 903 suffecit
974 848 1059 904 vel
1104 849 1324 904 verbum
1365 865 1525 904 unum
1569 850 1635 905 ad
1681 851 1869 904 caelum
1898 850 1949 906 ei

354 940 727 1011 aperiendum.
757 941 1039 1008 Quomodo
1069 951 1247 998 autem
1296 951 1413 997 erat
1443 944 1663 1012 parata?
1700 944 1947 1014 Seipsum

358 1033 614 1086 miserum
641 1033 929 1098 clamabat,
972 1042 1158 1103 pectus
1188 1033 1462 1098 tundehat,
1504 1050 1572 1090 ne
1610 1035 1801 1090 emlum
1831 1036 1950 1106 qui-

365 1123 490 1180 dem
520 1125 766 1195 aspicere
793 1124 1043 1180 audebat.
1072 1125 1127 1182 Si
1154 1138 1206 1181 tu
1228 1140 1440 1197 quoque
1486 1126 1555 1181 ita
1577 1129 1838 1195 oraveris,
1865 1129 1952 1185 vel

358 1230 534 1285 penna
558 1215 814 1271 leviorem
858 1217 1049 1271 reddes
1090 1218 1408 1273 orationem.
1439 1218 1494 1274 Si
1519 1219 1661 1273 enim
1704 1230 1953 1290 peccator

357 1307 533 1377 justus
580 1308 648 1361 ab
680 1309 935 1364 oratione
988 1308 1158 1363 factus
1182 1318 1268 1365 est
1292 1351 1306 1376 ,
1335 1310 1619 1365 considera
1644 1311 1949 1379 cujusmodi

358 1399 464 1453 erit
482 1399 680 1469 justus,
725 1401 773 1454 si
813 1400 972 1454 talem
999 1401 1293 1455 orationem
1345 1401 1540 1457 olferre
1568 1402 1833 1457 didicerit.
1887 1403 1952 1457 Et

359 1490 483 1546 ideo
533 1507 605 1547 ne
648 1493 736 1548 hie
767 1494 983 1563 quidem
1028 1495 1263 1565 seipsum
1314 1494 1558 1550 absolute
1599 1497 1816 1566 posuit,
1856 1494 1950 1550 sed

358 1582 658 1638 orationem
708 1599 859 1639 suam
922 1603 936 1640 :
986 1588 1232 1656 superius
1278 1587 1559 1657 justitiam,
1618 1587 1705 1642 hic
1750 1588 1955 1642 oratio-

360 1688 486 1727 nem
553 1674 739 1729 dicens
785 1693 801 1728 :
854 1675 1093 1732 Miserere
1140 1679 1256 1744 mei,
1313 1687 1358 1731 et
1416 1679 1608 1732 exaudi
1674 1679 1954 1732 orationem

362 1780 545 1817 meam.
600 1766 672 1818 Ita
718 1766 879 1821 etiam
917 1767 1194 1824 exauditus
1240 1778 1323 1823 est
1369 1768 1669 1834 Cornelius,
1700 1770 1950 1839 quoniam

356 1856 476 1924 ejus
526 1858 821 1926 patrocinio
871 1876 999 1914 usus
1041 1868 1142 1915 est.
1202 1860 1472 1915 Orationes
1521 1872 1659 1926 tute,
1710 1871 1759 1914 et
1817 1862 1949 1915 elae-

361 1968 590 2021 mosyme
611 1961 730 2017 tute,
785 1952 974 2023 inquit,
1011 1954 1344 2008 ascenderunt
1368 1971 1537 2008 coram
1564 1953 1676 2009 Dco
1702 1954 1835 2026 (Act.
1863 1955 1950 2009 10.

360 2045 395 2098 4
414 2048 458 2115 ).
484 2046 548 2099 Ει
578 2046 766 2100 merito
796 2064 809 2099 :
838 2062 1003 2115 opera
1029 2048 1171 2103 enim
1202 2060 1324 2103 sunt
1346 2063 1465 2118 quae
1488 2046 1862 2112 exaudiuntur,
1901 2055 1956 2102 et

362 2148 511 2191 recte
533 2136 707 2203 facta;
742 2153 847 2193 non
889 2139 1135 2194 absolute
1174 2147 1348 2195 autem
1380 2140 1671 2207 orationes,
1700 2140 1793 2195 sed
1833 2154 1955 2195 ora-

363 2228 536 2282 tiones
563 2245 683 2299 qua:
708 2231 839 2284 liunt
862 2247 929 2287 ex
958 2231 1074 2301 lege
1123 2231 1239 2287 Dei.
1275 2232 1340 2286 Et
1383 2247 1628 2302 quzenam
1678 2243 1805 2288 sunt
1829 2248 1908 2288 ea:
1930 2234 1956 2288 ?

361 2320 493 2386 Qum
517 2335 582 2373 ea
615 2331 933 2392 petuntqua-
957 2322 1119 2376 Deum
1146 2322 1274 2377 dare
1299 2324 1568 2389 convenit,
1600 2338 1720 2393 qua:
1746 2323 1813 2378 ab
1839 2324 1956 2393 ipso

365 2425 473 2464 non
520 2411 793 2478 postulant
837 2428 956 2482 qua:
1002 2423 1127 2467 sunt
1175 2414 1290 2482 ejus
1334 2414 1542 2485 legibus
1584 2416 1953 2487 repugnantia.

366 2501 565 2571 Ecquis
589 2511 691 2568 est,
717 2503 903 2574 inquit,
939 2505 1074 2560 adeo
1107 2506 1299 2573 audax,
1332 2517 1388 2561 ut
1417 2522 1476 2562 ea
1521 2509 1647 2563 velit
1674 2510 1841 2565 Deum
1874 2510 1954 2563 fa-

363 2609 488 2648 rere
511 2596 554 2661 ί,
602 2611 723 2664 quze
774 2608 1077 2669 repugnant
1117 2600 1233 2670 ejus
1266 2601 1512 2671 legibus?
1555 2601 1654 2669 Qui
1702 2605 1958 2661 adversus

367 2684 613 2741 inimicos
638 2704 759 2743 eum
791 2699 940 2760 rogat
972 2709 986 2747 :
1021 2690 1126 2747 hoc
1152 2694 1294 2747 enim
1320 2705 1404 2749 est
1431 2706 1624 2763 prmter
1647 2697 1815 2766 legem
1840 2713 1958 2767 qua:

366 2782 440 2836 ab
460 2800 525 2836 eo
568 2783 670 2838 lata
701 2795 785 2841 est
834 2785 948 2856 Ipse
995 2788 1135 2842 enim
1162 2789 1295 2844 dixit
1327 2809 1341 2844 :
1381 2788 1629 2846 Dimittite
1655 2791 1960 2847 debitoribus

369 2877 543 2930 vestris
568 2876 783 2948 (Matth.
830 2879 885 2933 6.
924 2880 1030 2951 12).
1064 2880 1140 2935 Τιι
1186 2892 1362 2937 autem
1392 2899 1512 2937 eum
1550 2886 1743 2955 ipsum,
1774 2887 1861 2956 qui
1907 2897 1960 2943 te

364 2968 517 3037 jubet
544 2970 869 3039 condonare,
915 2973 1173 3029 adversus
1202 2976 1446 3031 inimicos
1476 2977 1733 3032 invocas?
1758 2978 1959 3049 Ecquid

371 3065 474 3116 hac
510 3064 741 3117 amentia
794 3064 948 3121 fuerit
979 3066 1257 3124 deterius?
1303 3069 1527 3141 Oportet
1576 3088 1696 3125 eum
1727 3072 1814 3142 qni
1845 3080 1962 3126 orat

370 3155 577 3209 habere
601 3155 855 3224 habitum,
901 3168 1131 3215 mentem
1173 3171 1228 3216 et
1270 3176 1486 3217 sensum
1533 3164 1832 3232 supplicis:
1867 3179 1963 3219 eor

370 3247 530 3303 aliam
574 3264 702 3318 ergo
750 3265 1029 3318 personam
1076 3253 1269 3319 induis,
1331 3271 1521 3326 nempe
1572 3257 1962 3312 accusationis?

370 3342 653 3407 Quomodo
694 3342 833 3395 enim
882 3347 1081 3415 poteris
1123 3351 1332 3403 veniam
1365 3357 1575 3403 tuonim
1624 3360 1961 3418 peccatorum

371 3439 608 3505 assequi,
656 3442 868 3511 quando
898 3458 1052 3512 rogas
1082 3450 1135 3497 ut
1185 3442 1324 3495 Deus
1359 3442 1541 3510 puniat
1583 3452 1797 3511 peccata
1824 3443 1961 3498 alio-

372 3532 535 3583 rum?
560 3531 639 3585 Sit
670 3533 845 3605 itaque
865 3536 1034 3589 oratio
1063 3543 1361 3600 mansueta,
1388 3534 1613 3602 placida,
1639 3534 1877 3604 jucunda
1907 3545 1964 3590 et

373 3620 525 3675 molli
555 3624 699 3676 vultu
742 3624 981 3692 praedita.
1030 3626 1174 3685 Talis
1198 3634 1281 3681 est
1305 3641 1424 3693 qua:
1470 3641 1589 3679 cum
1620 3626 1840 3682 lenitate
1885 3624 1961 3693 fit,

374 3730 479 3768 nec
524 3716 780 3770 adversus
834 3718 1116 3780 inimicos:
1173 3717 1623 3787 quemadmodum
1672 3719 1961 3783 contraria,

373 3807 562 3875 ebriae,
589 3819 642 3864 et
667 3810 910 3864 deliranti
937 3812 1166 3880 cuipiam
1208 3811 1437 3878 mulieri,
1471 3822 1523 3865 et
1554 3812 1721 3867 instar
1748 3813 1862 3882 apri
1888 3811 1965 3866 ef-

376 3901 583 3967 feratae,
614 3910 696 3956 est
720 3902 927 3957 similis.
970 3902 1230 3971 Quocirca
1260 3903 1325 3958 ad
1353 3904 1541 3959 cariem
1575 3903 1626 3958 ei
1675 3918 1784 3957 non
1810 3903 1966 3957 datur

374 3991 575 4045 aditus.
607 3991 721 4046 Non
751 3995 892 4048 enim
934 4004 1015 4050 est
1040 3994 1302 4065 ejusmodi
1343 4011 1405 4050 ea
1433 4011 1553 4066 qua:
1582 3994 1641 4049 lit
1662 4010 1784 4049 cum
1809 4010 1961 4049 man-

376 4082 662 4138 suetudine
710 4101 724 4136 :
774 4084 871 4139 sed
923 4085 1083 4140 habet
1106 4085 1307 4155 aliquid
1334 4101 1592 4141 canorum
1619 4096 1674 4140 et
1703 4085 1844 4151 lene,
1875 4084 1961 4140 di-

377 4191 648 4245 gnumque
675 4177 834 4247 regiis
860 4178 1097 4242 auribus,
1122 4194 1305 4243 suave,
1337 4179 1682 4242 concinnum,
1712 4192 1964 4233 numero-

377 4282 518 4319 smn.
545 4268 899 4331 Quamobrem
923 4284 1025 4324 non
1050 4270 1331 4339 expellitur
1354 4285 1385 4325 e
1408 4270 1634 4337 theatro,
1657 4270 1750 4324 sed
1767 4284 1966 4325 corona

379 4357 628 4411 redimita
658 4360 856 4415 recedit
879 4376 893 4424 ;
916 4362 1109 4415 etenim
1133 4361 1290 4416 habet
1311 4377 1527 4416 auream
1554 4363 1835 4426 citharam,
1868 4377 1967 4416 ve-

376 4460 521 4503 stem
551 4464 786 4504 auream.
816 4452 929 4518 Qua
976 4452 1045 4508 de
1088 4469 1249 4510 causa
1293 4454 1521 4510 delectat
1547 4456 1706 4510 etiam
1732 4455 1968 4526 judicem

379 4542 589 4609 habitu,
616 4553 830 4611 aspectu
856 4554 910 4599 et
938 4560 1084 4601 voce.
1116 4547 1405 4617 Propterea
1435 4548 1612 4601 nullus
1637 4563 1753 4601 eam
1780 4556 1967 4601 extur-

378 4635 527 4689 bata
555 4636 859 4692 etelestibus
903 4638 1058 4692 aulis.
1111 4639 1429 4695 Universum
1474 4640 1616 4695 enim
1660 4639 1787 4695 illud
1816 4641 1970 4695 thea-

381 4739 523 4783 trum
540 4730 830 4784 incredibili
861 4732 1037 4785 Ιωιὶιίη
1065 4732 1246 4787 afficit.
1272 4734 1395 4788 ﬂare
1415 4744 1497 4788 est
1512 4733 1667 4803 digna
1689 4733 1835 4789 caelis
1855 4746 1972 4803 pre-

378 4823 562 4884 Catio;
596 4822 708 4878 haec
731 4834 811 4878 est
837 4824 1011 4895 lingua
1039 4826 1369 4895 angelorum,
1400 4825 1618 4896 quando
1645 4826 1779 4880 nihil
1808 4841 1967 4881 acer--

382 4916 533 4980 bunt,
563 4915 796 4982 jucunda
819 4927 993 4972 autem
1018 4919 1195 4972 omnia
1229 4919 1502 4988 loquitur:
1544 4919 1756 4989 quando
1784 4934 1878 4989 pro
1904 4919 1971 4976 iis

384 5006 475 5074 qui
502 5006 757 5085 injuriam‘
779 5017 831 5063 et
857 5007 1110 5062 damnum
1144 5008 1380 5064 inferunt
1400 5051 1416 5076 ,
1445 5012 1593 5065 venit
1639 5011 1969 5081 supplicans,

386 5109 517 5154 time
567 5090 780 5155 adstant
826 5103 989 5156 etiam
1014 5102 1185 5172 angeli
1217 5118 1412 5173 magno
1440 5102 1721 5159 audientes
1748 5120 1867 5159 eum
1895 5103 1971 5158 si-

385 5192 575 5254 lentio,
602 5202 655 5246 et
709 5203 985 5262 postquam
1018 5193 1159 5265 loqui
1190 5193 1430 5257 desierit,
1481 5195 1824 5264 applaudere,
1854 5195 1972 5250 lan-

383 5284 534 5344 dare,
566 5284 812 5338 admirari
837 5300 943 5339 non
973 5296 1203 5340 cessant.
1243 5286 1423 5341 Talem
1471 5300 1570 5342 nos
1603 5302 1813 5357 quoque
1839 5286 1972 5346 alie-

384 5391 568 5430 ramns
595 5379 913 5445 orationem,
936 5388 991 5433 et
1011 5379 1230 5433 omnino
1259 5379 1628 5435 exaudiemur.
1660 5379 1728 5434 Et
1754 5381 1973 5450 quando

385 5468 455 5521 ad
501 5471 665 5522 Deum
695 5471 1033 5536 accedimus,
1066 5486 1134 5526 ue
1184 5487 1307 5526 esse
1355 5471 1722 5527 existimemus
1760 5474 1975 5543 vulgare

387 5562 673 5629 theatmm,
702 5563 797 5616 sed
825 5578 888 5618 ex
933 5564 1183 5617 universo
1210 5563 1339 5617 orbe
1361 5572 1645 5628 terrarum,
1678 5564 1760 5620 vel
1798 5565 1974 5631 potius
2016 5578 2021 5581 ‘

385 5666 453 5707 ex
475 5656 713 5724 supernis
740 5656 955 5727 populis
977 5654 1286 5723 cmlestibus
1316 5654 1602 5710 collectum
1631 5672 1644 5708 :
1682 5666 1735 5712 ct
1773 5657 1976 5728 Regem

450 5834 467 5861 ¹
504 5837 632 5894 nee,
659 5834 795 5891 dare.
823 5846 931 5897 pro,
952 5832 1135 5897 ﬁxere.

2059 478 2111 533 in
2139 482 2317 536 medio
2362 484 2572 553 sedere,
2604 486 2925 556 precationis
2954 497 3150 545 nostrae
3196 490 3475 548 audiendas
3498 495 3645 562 cupi-

2055 569 2204 625 dum.
2238 575 2306 627 At
2331 572 2586 631 faciamus
2612 588 2667 631 ut
2688 593 2775 633 res
2801 579 2870 634 sit
2894 591 3198 650 comparata
3221 582 3286 638 ad
3316 583 3654 640 demonstra-

2059 662 2279 718 tionem.
2338 665 2525 721 Nullus
2571 668 2640 722 sit
2690 670 3034 745 citharzcdns,
3073 675 3250 728 nullus
3301 676 3523 744 lyricen,
3557 679 3642 748 qui

2058 756 2128 811 ita
2150 772 2210 812 se
2232 768 2487 814 exerceat
2515 776 2731 817 scenam
2786 763 3144 835 ingressurus,
3197 767 3393 823 timens
3428 785 3493 824 ne
3521 770 3646 838 quid

2058 848 2278 906 insuave
2328 859 2385 906 et
2429 853 2803 908 inconcinnum
2857 864 3048 919 canat,
3101 867 3158 912 ut
3217 873 3315 912 nos
3359 859 3649 928 ingressuri

2059 942 2329 997 theatrum
2360 946 2693 1012 angelorum.
2746 947 3016 1002 Plectrum
3043 960 3220 1004 autem
3253 952 3327 1006 sit
3368 952 3522 1006 nobis
3550 954 3650 1005 lin-

2056 1047 2181 1102 gua,
2202 1050 2322 1103 qua:
2369 1035 2500 1090 nihil
2540 1036 2909 1107 injucundum,
2938 1040 3033 1094 sed
3067 1057 3410 1096 ntunerosum
3442 1052 3496 1096 et
3527 1057 3648 1095 mo-

2057 1123 2295 1180 dulatum
2328 1125 2488 1193 dicat,
2515 1144 2636 1183 cum
2665 1145 2728 1185 ea
2754 1146 2854 1201 qua
2895 1146 2990 1201 par
3009 1142 3093 1187 est
3119 1133 3469 1203 cogitatione;
3499 1145 3551 1188 et
3581 1134 3648 1188 ad

2061 1214 2226 1270 Deum
2254 1218 2599 1287 accedentes,
2642 1231 2915 1292 rogantes,
2947 1232 3003 1277 et
3028 1233 3263 1289 orantes,
3301 1239 3395 1293 pro
3423 1224 3652 1280 inimicis

2060 1305 2191 1360 lides
2232 1308 2502 1376 pulsemus
2544 1328 2559 1364 :
2595 1311 2666 1367 ita
2709 1313 2853 1368 enim
2909 1328 3008 1383 pro
3059 1316 3215 1371 nobis
3263 1314 3475 1386 queque
3524 1316 3653 1388 ipsis

2057 1399 2424 1454 exaudiemur.

2130 1492 2182 1545 5.
2226 1491 2443 1561 lnjuria:
2468 1496 2749 1549 recordatio
2776 1513 2925 1564 quam
2960 1499 3132 1552 noxia.
3162 1529 3233 1538 —-
3259 1498 3384 1553 llrc
3411 1515 3511 1552 Vox
3541 1498 3655 1553 dae—

2057 1598 2247 1639 mones
2269 1586 2474 1654 pudore
2501 1587 2686 1652 allicit,
2710 1589 2827 1644 haec
2855 1591 2945 1645 dat
2974 1591 3129 1645 nobis
3154 1592 3375 1646 liberam
3402 1591 3650 1663 loquendi

2058 1684 2415 1744 potestatem;
2464 1679 2579 1735 hmc
2623 1680 2831 1752 pudore
2872 1681 3036 1738 afﬁcit
3076 1684 3424 1755 proﬂigatque
3467 1686 3654 1739 diaho.

2060 1767 2190 1821 lum.
2223 1768 2403 1840 Neque
2447 1773 2590 1826 enim
2634 1772 2845 1827 darmon
2887 1774 2957 1829 ita
3002 1792 3123 1830 cum
3152 1779 3374 1840 metuit,
3399 1776 3489 1847 qui
3529 1792 3650 1831 cum

2060 1860 2278 1927 expellit
2297 1870 2352 1916 et
2373 1861 2515 1932 ejicit
2543 1878 2608 1918 ex
2637 1864 2743 1919 alio
2773 1864 3008 1930 homine,
3029 1876 3085 1921 ut
3112 1866 3383 1922 hominem
3407 1869 3493 1937 qui
3518 1868 3651 1921 iram

2057 1950 2244 2017 vincit,
2274 1960 2329 2005 et
2352 1954 2531 2008 animo
2552 1953 2779 2023 imperat
2813 1973 2826 2009 :
2861 1972 2982 2010 nam
3015 1957 3117 2010 hoc
3143 1957 3313 2026 ipsum
3341 1973 3551 2028 quoque
3574 1966 3656 2011 est

2059 2058 2234 2099 szevus
2259 2045 2469 2100 dannon
2495 2088 2509 2110 ,
2542 2057 2595 2102 et
2625 2048 2743 2102 irati
2787 2049 2964 2118 potius
3007 2064 3164 2119 quam
3205 2050 3293 2119 qui
3336 2064 3365 2103 a
3410 2049 3655 2103 daemone

2059 2146 2339 2199 vexantur,
2364 2138 2544 2193 miseri
2567 2138 2777 2194 dicendi
2795 2149 2936 2194 sunt.
2958 2141 3003 2194 A
3020 2139 3263 2194 daemone
3283 2140 3425 2194 enim
3450 2140 3653 2204 vexari,

2061 2241 2169 2281 non
2199 2228 2437 2283 immittit
2463 2228 2514 2283 in
2542 2229 2842 2299 gehennam
2879 2249 2892 2285 :
2923 2231 3076 2285 irasci
3105 2240 3305 2295 autem,
3337 2240 3392 2286 et
3419 2241 3655 2298 accepta:

2063 2320 2270 2389 injuriae
2308 2322 2649 2390 meminisse,
2688 2324 2904 2393 expellit
2933 2325 2999 2378 ab
3037 2324 3153 2395 ipso
3186 2339 3352 2393 regno
3378 2324 3654 2378 eiu-lorum.

2060 2411 2116 2469 Si
2144 2415 2439 2469 orationem
2471 2415 2541 2468 ita
2570 2417 3062 2484 temperaverimus,
3089 2416 3378 2484 poterimus
3406 2429 3501 2469 nos
3524 2429 3661 2485 quo—

2061 2524 2166 2580 que
2212 2510 2322 2564 Deo
2370 2506 2595 2563 fidenter
2636 2507 2858 2563 dicere:
2891 2505 3097 2562 Exaudi
3146 2510 3422 2561 orationem
3470 2524 3654 2560 meam.

2063 2600 2239 2669 Quare
2282 2616 2386 2653 non
2416 2600 2585 2653 solum
2615 2600 2841 2669 teipsum
2864 2600 3075 2670 jnvahis
3105 2608 3157 2654 et
3198 2600 3539 2669 promovebis
3569 2609 3656 2655 tua

2063 2692 2472 2762 supplicatione,
2502 2691 2594 2746 sed
2631 2691 2794 2745 Deum
2828 2692 2987 2745 etiam
3016 2692 3317 2745 audientem
3344 2690 3657 2753 delc-etabis.

2065 2796 2121 2839 ut
2148 2784 2236 2855 qui
2261 2784 2375 2854 ejus
2408 2783 2687 2854 praeceptis
2716 2783 2915 2853 aliquid
2942 2783 3158 2853 dignum
3188 2793 3337 2852 petas
3365 2801 3379 2837 :
3410 2782 3655 2852 quocirca

2063 2877 2223 2931 etiam
2258 2874 2409 2931 facile
2449 2883 2669 2929 annuet.
2701 2874 2811 2929 lloe
2842 2875 2928 2929 illa
2956 2874 3241 2942 adoptione
3270 2873 3487 2944 dignum
3530 2882 3613 2928 est
3643 2892 3657 2928 :

2068 2956 2170 3022 hoc
2198 2967 2346 3022 illum
2391 2967 2618 3021 maxime
2644 2966 3009 3021 characterem
3051 2965 3305 3021 ostendit.
3329 2963 3538 3027 Estote,
3573 2964 3657 3018 in-

2066 3059 2201 3129 quit,
2227 3058 2594 3122 misericordes,
2625 3059 2752 3112 sicut
2789 3067 2834 3111 et
2860 3056 3020 3111 Pater
3047 3067 3204 3111 vester
3226 3057 3311 3127 qui
3337 3066 3406 3110 est
3436 3057 3489 3109 in
3524 3058 3662 3111 crelis

2069 3148 2218 3221 (Luc.
2254 3150 2308 3203 6.
2339 3148 2429 3217 56)
2457 3165 2470 3208 ;
2504 3157 2556 3202 et
2584 3161 2771 3202 rursus
2799 3164 2810 3201 :
2845 3146 2998 3201 Orate
3023 3164 3115 3218 pro
3141 3148 3203 3200 iis
3225 3147 3313 3217 qui
3338 3147 3473 3201 vobis
3495 3146 3658 3201 insul-

2069 3249 2194 3305 tant,
2211 3249 2264 3296 ιιι
2285 3241 2392 3296 sitis
2420 3241 2607 3295 similes
2628 3238 2799 3293 Patris
2825 3240 2991 3305 vestri,
3019 3242 3106 3310 qui
3130 3250 3203 3294 est
3221 3240 3270 3294 in
3288 3241 3423 3294 striis
3446 3238 3658 3311 (Matth.

2068 3334 2121 3390 5.
2152 3334 2222 3393 44
2241 3332 2285 3407 ).
2318 3332 2454 3401 Quid
2478 3347 2607 3403 ergo
2635 3342 2808 3403 potest
2837 3347 2957 3387 cum
2991 3332 3088 3386 hac
3117 3331 3360 3386 oratio:se
3382 3331 3660 3386 conferri?

2069 3426 2196 3482 Haec
2240 3442 2344 3481 non
2373 3427 2574 3497 angelis
2613 3442 2712 3481 nec
2744 3425 3099 3497 archangelis,
3129 3427 3219 3481 sed
3253 3425 3350 3495 ipsi
3381 3425 3509 3496 [legi
3541 3425 3664 3479 facit

2068 3519 2317 3575 similem.
2341 3521 2440 3585 Qui
2471 3530 2649 3575 autem
2679 3518 2830 3589 Regi,
2861 3528 3113 3589 quantum
3157 3519 3301 3583 licet,
3334 3518 3490 3572 fuerit
3516 3517 3664 3571 simi-

2068 3610 2157 3676 lis,
2189 3611 2467 3666 considera
2496 3621 2689 3680 quanta
2717 3621 2892 3665 utetur
2919 3609 3109 3664 ﬁducia
3132 3618 3192 3679 et
3220 3607 3470 3679 loquendi
3504 3607 3666 3665 Lber-

2070 3711 2180 3758 tate
2206 3704 2259 3757 in
2284 3703 2634 3758 orationibus.
2662 3701 2714 3757 3.
2744 3701 2868 3755 Filii
2907 3702 3168 3755 hominum
3188 3742 3201 3764 ,
3225 3718 3483 3770 quousque
3522 3701 3667 3771 gravi

2070 3793 2258 3847 corde?
2288 3792 2353 3848 Ut
2392 3793 2515 3863 quid
2553 3791 2765 3863 diligitis
2797 3789 3100 3854 vanitatem,
3132 3800 3176 3843 et
3203 3791 3424 3860 quaeritis
3459 3792 3669 3844 menda-

2070 3885 2203 3937 cium
2222 3884 2247 3936 ?
2264 3884 2343 3938 Ad
2370 3898 2628 3953 quosnam
2647 3881 2826 3952 dirigit
2850 3882 3151 3937 orationem
3187 3890 3235 3935 et
3268 3881 3524 3950 increpat,
3548 3881 3666 3933 sub-

2066 3975 2346 4047 jungitqne
2373 3973 2694 4032 consilium?
2720 3989 2980 4043 quosnam
3010 3983 3158 4027 vecat
3187 3972 3322 4028 ﬁlias
3351 3973 3623 4027 hominum
3643 3974 3679 4025 ?‘

2072 4068 2178 4124 Eos
2200 4069 2288 4139 qui
2319 4069 2503 4123 vivunt
2541 4068 2595 4122 in
2629 4066 2967 4137 improbitate
2988 4110 3003 4133 ,
3034 4067 3122 4137 qui
3152 4075 3277 4121 situt
3313 4067 3572 4136 proclives
3597 4065 3666 4119 ad

2072 4164 2384 4235 nequitiam.
2413 4162 2809 4231 Quamobrem?
2838 4176 2936 4215 nos
2979 4160 3121 4215 enim
3164 4176 3341 4214 annon
3373 4159 3463 4213 lilii
3492 4159 3667 4213 Immi-

2072 4257 2234 4311 num?
2260 4252 2456 4310 Natura
2482 4253 2695 4319 quidem
2719 4253 2995 4307 hominum
3019 4253 3131 4316 lilii,
3159 4252 3325 4321 gratia
3352 4262 3528 4305 autem
3558 4264 3683 4311 nom

2071 4347 2336 4419 amplius,
2376 4346 2472 4402 sed
2501 4346 2593 4400 Dei
2623 4345 2737 4400 filii.
2771 4343 2828 4400 Si
2857 4358 2985 4414 ergo
3027 4343 3186 4397 etiam
3220 4342 3335 4411 ejus
3382 4341 3665 4411 imaginem

2073 4454 2193 4509 qua:
2236 4446 2320 4492 est
2368 4436 2660 4492 secundum
2709 4435 2956 4489 virtutem
2999 4433 3530 4491 conservaverimus,
3567 4433 3671 4484 erit

2075 4530 2229 4585 nobis
2255 4528 2471 4583 domno
2518 4528 2779 4597 integrum
2815 4542 2828 4579 :
2859 4540 2954 4581 eos
2982 4525 3125 4577 enim
3159 4524 3248 4594 qui
3290 4521 3381 4577 Dei
3428 4522 3517 4575 lilii
3548 4521 3673 4577 facti

2076 4633 2201 4680 sunt
2245 4639 2340 4693 per
2377 4621 2600 4692 gratiam
2630 4661 2644 4683 ,
2675 4619 2834 4674 etiam
2864 4632 2963 4687 per
2992 4617 3111 4671 vitae
3138 4632 3249 4671 sua:
3278 4614 3685 4675 institutionem.

2077 4732 2195 4771 eam
2239 4720 2455 4784 oportet
2503 4711 2789 4779 imaginem
2831 4708 3151 4778 exprimere.
3185 4706 3338 4774 Quod
3366 4715 3545 4761 autem
3576 4720 3675 4759 eos

2078 4809 2165 4878 qui
2194 4808 2315 4861 vitae
2339 4805 2482 4862 curis
2506 4804 2625 4874 plus
2647 4802 2811 4857 dediti
2840 4810 2983 4864 sunt,
3007 4810 3063 4855 et
3086 4801 3152 4855 ad
3178 4801 3363 4854 vitium
3393 4798 3672 4869 prope-nsi,

2080 4910 2230 4955 vocat
2271 4899 2409 4953 lilios
2446 4880 2754 4957 hominum,
2785 4893 2907 4948 audi
2945 4910 2956 4945 :
2998 4892 3230 4946 l’identes
3253 4900 3420 4950 autem
3452 4891 3544 4955 filii
3579 4886 3671 4939 Dei

2080 4993 2214 5063 ﬁlias
2237 4991 2491 5043 hominum
2517 4985 2737 5049 (Geruli.
2769 4985 2848 5057 ἓ).
2871 4984 3027 5054 Atqui
3058 4984 3408 5047 contrarium,
3438 4979 3668 5049 inquies,

2080 5085 2282 5140 dixisti.
2314 5083 2660 5152 Nequaquam
2692 5098 2706 5135 :
2738 5080 2829 5134 Dei
2870 5079 3013 5133 enim
3059 5078 3194 5132 lifios
3225 5076 3310 5130 hic
3344 5072 3549 5128 vocavit
3576 5086 3674 5125 eos

2080 5176 2171 5248 qui
2212 5187 2364 5231 antea
2396 5190 2461 5230 ex
2492 5174 2618 5226 viris
2640 5171 2793 5225 bonis
2824 5170 2933 5224 nati
2964 5168 3189 5232 fueram,
3219 5176 3270 5221 et
3301 5180 3332 5219 τι
3358 5165 3468 5218 Deo
3497 5161 3670 5216 bono-

2079 5288 2191 5326 rem
2228 5276 2602 5339 perceperant,
2633 5264 2824 5321 deinde
2856 5260 3044 5317 mutati
3068 5267 3257 5323 erant,
3291 5266 3348 5312 et
3391 5263 3674 5325 evaserant

2079 5361 2375 5417 deteriores
2398 5400 2413 5420 .
2440 5371 2703 5426 suumque
2733 5355 2991 5407 honorem
3025 5348 3385 5418 perdiderant.
3419 5346 3490 5402 Ut
3525 5347 3669 5401 enim

2081 5453 2249 5522 magis
2295 5449 2643 5519 amplificaret
2688 5459 2873 5500 eorum
2928 5440 3439 5510 reprehensionem,
3482 5453 3669 5492 eorum

2083 5543 2337 5600 honorem
2380 5540 2727 5600 memoravit,
2756 5535 3047 5589 maximum
3088 5548 3209 5590 esse
3246 5534 3447 5587 crimen
3492 5539 3673 5584 osten-

2082 5637 2235 5701 dens,
2268 5633 2406 5704 quod
2437 5648 2556 5684 Clllll
2590 5629 2724 5684 tales
2765 5636 2979 5691 essent,
3019 5637 3073 5680 et
3102 5624 3205 5679 orti
3238 5640 3301 5678 ex
3344 5621 3540 5677 talibus
3565 5663 3578 5683 ,
3608 5622 3673 5674 ad

2086 5737 2283 5783 tantam
2335 5742 2394 5779 se
2448 5721 2869 5793 przeeipitasscnt
2917 5718 3327 5786 improbitatem.
3382 5714 3445 5769 Et
3490 5728 3676 5767 rursus

2096 5825 2233 5878 Deus
2260 5839 2270 5873 :
2303 5819 2411 5890 Ego
2442 5816 2569 5884 dixi,
2606 5813 2689 5869 Dii
2716 5814 2853 5879 estis,
2886 5821 2930 5866 ct
2955 5810 3050 5880 ﬁlii
3081 5808 3323 5863 Altissimi
3347 5820 3536 5861 omnes.
3576 5801 3690 5856 ι’ω.
