4106 6406
475 317 543 371 Π
1224 321 1280 378 S.
1307 321 1585 381 JOANNIS
1621 324 2085 385 CIIRYSOSTOMI
2126 332 2436 391 ARClllEP.
2478 338 3001 402 CONSTANTINOP.
3680 358 3750 414 48

470 440 638 486 autem
666 442 722 487 ut
745 433 970 491 homines
1006 438 1258 492 morimini
1286 438 1308 511 (
1334 438 1474 496 Psaf.
1500 444 1590 498 81.
1620 445 1747 516 67).
1784 446 1847 501 Et
1883 449 2057 502 cousi-

471 521 597 576 dera
628 522 901 592 propheta:
919 526 1418 595 prudentiamJSum
1446 534 1592 602 prius
1621 535 1940 592 ostendisset
1963 537 2052 592 Dei

472 612 788 680 potentiam,
807 613 1128 681 facultatem,
1151 619 1445 687 solertiam,
1470 623 1844 696 benignitatem
1866 637 1922 683 et
1941 629 2053 684 cle-

472 703 723 757 utentiam
748 743 765 769 ,
797 706 937 774 quod
981 707 1034 761 in
1062 709 1348 767 afﬂictione
1373 712 1595 781 dilatet,
1624 717 1766 787 quod
1793 718 2053 775 miserans

469 801 667 844 animat
689 806 704 844 :
726 792 921 849 deinde
949 798 1188 867 cogitans
1208 801 1433 858 elfu~um
1458 804 1509 859 in
1536 805 1840 863 hominibus
1866 810 2051 866 vitium

467 890 521 935 et
564 885 896 953 tyrannidem
942 888 1226 959 impietatis
1258 910 1274 949 :
1305 902 1572 967 tamquam
1618 900 1780 955 animi
1822 917 2053 959 maerore

470 971 756 1030 sutl‘ocatus
776 1016 793 1039 ,
822 981 1089 1036 convertit
1133 997 1435 1042 sermonem
1460 972 1527 1044 ad
1569 1005 1662 1046 eos
1690 982 1780 1062 qui
1827 993 1878 1048 in
1911 995 2051 1051 vitiis

470 1064 628 1119 vitam
651 1066 868 1137 degunt,
889 1074 1269 1141 propemodum
1291 1077 1473 1135 dicens
1489 1098 1502 1135 :
1518 1080 1648 1136 Cum
1671 1084 1827 1140 talem
1856 1084 2054 1143 habea-

469 1154 536 1208 tis
583 1154 746 1212 Deum
771 1198 788 1222 ,
827 1158 963 1217 adeo
1002 1162 1287 1235 benignum
1308 1209 1325 1234 ,
1352 1170 1488 1227 adeo
1529 1172 1846 1231 clementem
1871 1217 1887 1242 ,
1915 1178 2052 1234 adeo

469 1254 761 1312 potentem,
791 1253 1058 1320 quomodo
1081 1254 1386 1314 declinastis
1423 1262 1491 1316 ad
1522 1262 1892 1334 impietatem?
1919 1268 2051 1325 Vide

467 1344 646 1391 autem
664 1348 861 1405 quanta
889 1343 963 1397 ira
994 1344 1149 1400 simul
1172 1356 1227 1402 et
1247 1349 1481 1417 lenitate,
1496 1364 1691 1423 quanta
1716 1356 2048 1429 philosophia

465 1426 760 1485 admonitio
786 1433 939 1502 plena
972 1435 1059 1491 sit.
1088 1436 1225 1506 Quid
1248 1442 1389 1497 enim
1416 1444 1583 1500 dicit?
1611 1445 1735 1502 Filii
1764 1426 2045 1517 hominum,

465 1534 724 1590 quousque
746 1525 889 1593 gravi
914 1527 1067 1582 corde
1085 1529 1111 1582 Ρ
1135 1530 1259 1586 Hoc"
1274 1542 1356 1588 est
1382 1535 1498 1602 ejus
1522 1538 1610 1608 qui
1641 1541 1874 1608 graviter
1898 1542 2048 1597 inve-
2074 1536 2085 1547 ”

468 1606 616 1663 tuitur
639 1612 798 1665 etiam
824 1628 889 1668 ex
917 1619 1173 1686 temporis
1197 1606 1566 1680 diuturnitate.
1591 1606 1809 1683 Si‘enim
1839 1629 1929 1683 Dei
1958 1631 2050 1686 he-

468 1700 805 1758 nellcentiam
848 1707 917 1762 ab
956 1707 1107 1763 initio
1151 1727 1256 1767 non
1303 1716 1669 1773 considerasse
1714 1722 1886 1777 scelus
1918 1734 1997 1779 est
2031 1740 2047 1779 :

466 1805 627 1858 quam
656 1794 865 1849 veniam
894 1811 1283 1870 consequetur,
1312 1806 1400 1875 qui
1427 1807 1568 1862 circa
1602 1811 1876 1866 veritatem
1907 1823 2046 1868 tam-

465 1879 556 1935 diu
582 1886 823 1939 cacutiat
838 1887 861 1939 ἲ
879 1887 1016 1957 Quid
1038 1901 1117 1946 est
1140 1905 1340 1963 autem,
1371 1912 1489 1954 esse
1512 1902 1663 1970 gravi
1690 1904 1851 1958 corde
1872 1905 1895 1959 ?
1916 1904 2050 1961 Gra-

468 1984 557 2025 ves
585 1973 749 2029 corde
776 1988 899 2031 sunt
921 2021 937 2045 ,
968 1981 1061 2050 qui
1090 1993 1215 2038 sunt
1242 2002 1427 2043 crasso
1455 1991 1618 2046 corde
1636 2035 1649 2057 ,
1680 1996 1942 2062 carnales,
1970 1998 2049 2052 af-

467 2061 552 2115 fixi
577 2071 753 2128 terrm,
769 2068 952 2124 vitium
977 2086 1281 2143 sequentes,
1299 2079 1689 2149 improbitatem
1710 2098 2045 2157 exercentes,

465 2150 680 2211 libidine
717 2167 770 2212 et
810 2161 1081 2231 voluptate
1118 2171 1353 2239 corrupti
1380 2187 1394 2225 :
1423 2174 1543 2228 talis
1570 2175 1712 2231 enim
1741 2177 1901 2235 homo
1929 2197 2050 2237 car-

466 2242 617 2297 nalis.
649 2246 714 2301 Et
731 2248 891 2304 vitam
921 2267 1106 2308 eorum
1138 2261 1555 2329 reprehendens,
1587 2267 1819 2322 ostendit
1842 2268 2045 2327 fon'em

467 2334 787 2405 impietatis,
818 2342 1120 2411 significans
1146 2347 1247 2403 huc
1287 2351 1365 2405 eis
1404 2368 1523 2410 esse
1558 2358 1788 2413 maximo
1820 2361 2044 2431 impedi-

467 2438 681 2495 mento,
712 2435 995 2501 quominus
1025 2437 1089 2491 ad
1129 2440 1231 2495 alta
1266 2442 1511 2513 dogmata
1543 2452 1870 2517 perveniant.
1904 2454 2045 2510 Nihil

465 2518 606 2597 enim
635 2534 730 2575 cor
756 2522 891 2579 adeo
918 2538 1198 2597 aggravat,
1232 2542 1288 2588 ut
1335 2534 1497 2590 libido
1526 2541 1661 2594 maia
1682 2582 1697 2606 ,
1729 2557 1793 2597 ac
1821 2546 2045 2601 sarcula-

465 2594 601 2660 rium
649 2619 1084 2686 terrenarumqtte
1134 2636 1310 2677 rerum
1365 2639 1491 2680 cura
1535 2631 1891 2703 studiumque.
1941 2634 2047 2692 Cur

466 2694 762 2765 hujusntodi
797 2720 901 2758 non
943 2711 1202 2764 erraverit
1229 2713 1319 2782 qui
1349 2714 1547 2771 luteum
1577 2721 1957 2790 appellaverit;
1991 2736 2046 2781 et

464 2787 584 2843 ideo
611 2791 660 2844 id
689 2808 850 2861 grave
882 2801 1121 2866 vocavit;
1156 2813 1209 2858 et
1229 2805 1279 2859 id
1308 2806 1444 2862 dixit
1470 2825 1590 2866 esse
1618 2829 1830 2871 causam
1874 2820 2042 2873 malo-

462 2893 601 2946 rum,
633 2883 775 2951 qttod
824 2902 945 2943 cum
989 2893 1184 2963 aurigte
1227 2894 1401 2952 locum
1448 2909 1664 2971 teneat,
1713 2922 1816 2960 non
1871 2911 2042 2967 solum

460 2982 655 3037 equum
687 2971 906 3033 habenis
949 2997 1052 3036 non
1092 2985 1373 3056 cohibeat,
1401 2992 1493 3046 sed
1518 2994 1677 3051 etiam
1703 3013 1821 3053 eum
1847 3016 1913 3055 eo
1939 3010 2045 3057 tra-

463 3056 621 3116 hente
662 3063 908 3123 deorsum
955 3075 1345 3145 pueripitetur;
1376 3096 1603 3155 cumque
1644 3099 1884 3159 oporteat
1919 3108 2042 3148 ear-

461 3163 585 3203 nem
612 3151 711 3209 alis
736 3155 1021 3228 instruere,
1050 3166 1328 3224 sublimem
1349 3151 1530 3242 agere,
1550 3185 1605 3233 et
1628 3151 1893 3237 ἱιίοωΙηηι
1922 3198 2040 3239 sus-

465 3240 672 3307 tollere,
703 3260 765 3300 ea
791 3262 911 3304 cum
958 3255 1328 3322 aegritudinum
1358 3240 1671 3331 gravissimo
1699 3286 1861 3329 onere
1884 3274 2043 3330 deor-

458 3344 576 3436 sum
621 3349 725 3392 una
761 3338 1109 3410 deprimatur.
1140 3349 1363 3418 Quando
1404 3371 1532 3428 ergo
1560 3361 1643 3416 vel
1692 3364 1909 3436 auriga,
1952 3369 2039 3424 vel

458 3422 781 3491 gubernator
820 3434 941 3489 talis
980 3436 1170 3507 fuerit,
1198 3459 1440 3512 quaenam
1465 3422 1549 3505 est
1575 3467 1697 3523 spes
1723 3422 1947 3514 salutis?

459 3516 671 3581 quando
694 3519 841 3587 dicit,
863 3525 925 3579 Si
944 3526 1033 3581 lux
1053 3547 1164 3599 qua:
1191 3536 1244 3588 in
1266 3544 1313 3589 te
1334 3546 1428 3603 est,
1448 3516 1660 3598 tenebris
1681 3558 1817 3613 sunt,
1839 3561 2040 3619 quantm

458 3616 577 3706 sunt
602 3611 815 3665 tenebris
842 3614 862 3685 (
882 3615 1066 3674 Matth.
1099 3622 1152 3676 6.
1182 3622 1317 3693 23)?
1345 3629 1567 3693 Quando
1596 3641 1679 3688 est
1715 3611 2039 3706 gubernator

457 3694 635 3751 ebrius
658 3740 672 3762 ,
705 3710 760 3756 et
786 3703 1039 3763 ﬂuctuum
1066 3726 1129 3767 ae
1153 3725 1432 3773 ventorum
1462 3718 1699 3779 imitatur
1723 3726 2034 3786 inconstan-

458 3786 605 3850 tiam,
634 3793 901 3858 quomodo
929 3801 1076 3856 navis
1104 3807 1445 3863 servabitur?

527 3879 580 3934 6.
621 3881 756 3949 Quid
790 3901 919 3957 ergo
953 3901 1128 3960 potest
1169 3896 1338 3953 levem
1365 3902 1594 3957 animum
1632 3905 1887 3965 efﬁcere?
1915 3910 2033 3968 Vita

457 3968 734 4038 mirabilis,
759 3976 803 4029 si
830 3978 896 4031 ad
927 3982 1122 4036 nullam
1153 4001 1327 4041 rerum
1361 3989 1516 4060 hujus
1543 3995 1667 4049 vitm
1692 4000 1991 4069 aspiremus
2011 4042 2030 4071 ,

455 4072 562 4156 nec
585 4061 805 4128 pedibus
828 4067 1113 4139 quidquam
1131 4075 1408 4147 alligemus
1430 4096 1613 4138 eorum
1635 4061 2028 4156 quae-deorsum

453 4157 510 4203 et
538 4149 796 4221 feruntur,
828 4166 881 4212 et
910 4158 1101 4238 ferunt.
1126 4164 1208 4219 Ex
1236 4173 1548 4238 corporibus
1572 4149 1715 4231 enim
1744 4180 1847 4234 alia
1876 4181 2035 4237 deor-

452 4253 569 4292 sum
601 4240 725 4297 ferri
755 4245 946 4315 solent,
973 4259 1031 4306 ut
1060 4236 1281 4323 lapides,
1314 4236 1469 4330 ligna,
1503 4271 1558 4317 et
1584 4280 1703 4335 quae
1729 4278 1853 4322 sunt
1890 4271 2033 4341 ejus-

453 4331 628 4397 modi;
659 4336 760 4390 alia
790 4353 920 4395 vero
956 4357 1198 4415 sursum,
1221 4359 1279 4404 ut
1307 4350 1475 4421 ignis,
1502 4358 1746 4424 spiritus,
1775 4369 1830 4415 et
1855 4363 2028 4431 pluma

451 4432 638 4478 natura
681 4441 776 4483 sua
807 4431 959 4488 levis.
992 4436 1049 4492 Si
1089 4440 1213 4509 quid
1243 4457 1370 4513 ergo
1400 4461 1585 4504 eorum
1615 4467 1737 4520 qua:
1777 4454 2026 4516 deorsum

448 4508 710 4583 feruntur,
727 4519 776 4573 ei
797 4523 935 4591 quod
963 4525 1081 4582 leve
1104 4539 1185 4584 est
1209 4508 1527 4603 alligaveris.
1548 4508 1688 4595 nulla
1718 4553 1800 4599 est
1822 4524 2027 4606 alarum

447 4617 548 4659 nec
576 4606 793 4675 spiritus
821 4615 1021 4671 utilitas
1039 4660 1054 4684 ,
1088 4635 1209 4676 eum
1252 4626 1502 4694 excedat,
1535 4644 1748 4702 superet
1772 4648 1829 4691 et
1852 4639 2028 4697 vincat

443 4695 694 4796 gravitas.
722 4697 798 4755 lta
835 4705 994 4760 etiam
1027 4709 1072 4763 si
1100 4712 1217 4779 quis
1235 4716 1398 4783 pedes
1425 4695 1667 4777 habuerit
1690 4695 2021 4796 aggravatos,

444 4784 527 4837 vel
575 4800 793 4859 propter
838 4797 1006 4853 malos
1047 4800 1327 4859 afﬂuentes
1369 4806 1655 4880 humores,
1686 4784 1784 4870 vel
1809 4784 2025 4889 prepter

441 4875 600 4932 aliam
631 4884 1018 4955 aegritudinem,
1048 4891 1178 4946 nihil
1203 4910 1324 4950 eum
1349 4898 1565 4969 juverit,
1593 4905 1637 4959 si
1665 4907 1733 4961 sit
1760 4875 2020 4980 reliquum

437 4983 635 5040 corpus
675 4973 811 5032 leve.
839 4979 893 5034 Si
919 4991 1097 5037 autem
1126 4983 1230 5041 hoc
1257 4998 1341 5043 est
1381 4990 1431 5044 in
1479 4997 1790 5063 corporibus
1811 5040 1825 5063 ,
1854 4973 2022 5058 multo

438 5065 605 5134 magis
634 5066 685 5121 in
713 5069 893 5126 corde.
925 5071 1005 5127 Ne
1031 5073 1190 5144 igitur
1218 5077 1344 5133 illud
1378 5095 1744 5153 aggravcmus,
1778 5106 1844 5144 ne
1883 5092 2020 5148 sicut

439 5158 643 5253 navigia
662 5199 680 5225 ,
706 5177 825 5231 qua:
853 5163 1076 5221 nimium
1109 5166 1305 5225 habent
1331 5172 1572 5230 saburra:
1599 5219 1613 5240 ,
1656 5178 2016 5253 demergatur.
2052 5193 2066 5209 ‘

438 5241 492 5297 In
521 5257 701 5304 nostra
730 5252 873 5310 enim
905 5255 1007 5313 hoc
1033 5268 1295 5328 pctestate
1324 5264 1482 5319 situm
1504 5277 1604 5321 est.
1635 5268 1749 5325 Non
1770 5241 1911 5328 enim
1936 5284 2018 5331 ta-

437 5336 499 5389 lis
525 5350 609 5392 est
634 5352 839 5410 natura,
866 5350 958 5404 sed
982 5350 1100 5409 leve
1124 5362 1179 5409 et
1206 5369 1415 5411 sursum
1438 5360 1660 5417 tendens
1682 5362 1875 5420 factum
1899 5377 2011 5423 est:

436 5441 533 5481 nos
576 5440 752 5485 autem
784 5435 953 5503 ipsum
982 5453 1175 5509 praeter
1213 5458 1453 5503 naturam
1493 5466 1655 5521 grave
1694 5453 1933 5522 facimus,
1962 5468 2017 5517 ct

434 5516 557 5574 ideo
598 5523 854 5590 propheta
891 5533 1266 5599 reprehendit:
1295 5540 1338 5593 si
1379 5516 1555 5598 autem
1587 5557 1769 5601 natura
1804 5550 1906 5604 tale
1928 5568 2014 5607 es-

433 5618 549 5674 set,
581 5626 914 5684 nequaquam
962 5627 1408 5688 reprehendisset.
1442 5633 1506 5688 Ut
1551 5653 1679 5707 ergo
1722 5641 2009 5697 secundum

428 5710 683 5759 naturam
706 5706 1016 5780 incedimus,
1046 5719 1138 5773 sed
1169 5722 1210 5774 si
1241 5738 1586 5793 aggratemus
1612 5747 1803 5803 genua,
1834 5751 1920 5792 res
1951 5744 2008 5793 tit

2167 467 2360 520 prstiter
2386 472 2660 529 naturam,
2693 480 2813 521 cum
2845 484 2941 523 nos
2967 472 3135 525 simus
3162 472 3399 544 impediti
3426 493 3439 529 :
3474 476 3542 531 lta
3584 478 3748 533 etiam

2163 544 2214 598 in
2245 548 2466 615 pedibus
2490 556 2704 618 mentis,
2725 574 2917 628 nempe
2946 561 2997 615 in
3019 564 3445 633 cogitationibus,
3462 572 3751 625 usuveuire

2159 637 2314 691 solet.
2343 637 2411 693 Ut
2451 644 2576 711 quid
2613 646 2822 719 diligitis
2859 652 3145 719 vanitatem,
3186 665 3234 709 et
3267 660 3491 726 queritis
3527 663 3746 714 menda-

2158 728 2332 784 cium?
2384 732 2480 791 Hie
2525 736 2829 806 simulacra,
2885 753 2941 799 et
2988 744 3149 801 vitam
3195 748 3489 819 improbam
3532 754 3743 808 videtur

2159 820 2288 875 ntihi
2316 822 2514 881 dicere.
2546 827 2753 885 Vanum
2799 833 2942 888 enim
2972 834 3101 889 illud
3131 836 3326 893 dicitur
3359 841 3504 911 quod
3539 853 3619 897 est
3648 859 3744 896 va-

2156 925 2339 977 cuum,
2362 917 2576 984 quando
2599 936 2793 978 nomen
2819 926 3031 994 quidem
3064 926 3241 995 fuerit,
3269 945 3355 986 res
3382 948 3742 1005 nequaquam.

2157 999 2230 1057 Ita
2258 1004 2398 1073 apud
2424 1006 2640 1065 Griecos
2667 1016 2877 1069 nomina
2904 1018 3120 1086 quidem
3160 1019 3383 1076 deorum
3415 999 3615 1092 multa,
3649 1042 3737 1082 res

2155 1107 2285 1148 vero
2314 1097 2566 1165 minime;
2598 1112 2653 1157 et
2701 1104 2753 1158 in
2803 1106 2922 1163 aliis
2965 1109 3255 1165 similiter:
3289 1128 3483 1170 nomen
3527 1116 3733 1171 divitia-

2138 1200 2293 1253 rum,
2327 1204 2415 1245 res
2442 1204 2618 1249 autem
2648 1196 2900 1264 minime;
2930 1209 2986 1256 et
3028 1217 3221 1259 nomen
3249 1205 3466 1274 gloriae,
3496 1222 3581 1263 res
3605 1224 3740 1265 vero

2155 1278 2406 1343 minime;
2435 1296 2628 1339 nomen
2655 1288 2924 1355 potentiue,
2951 1300 3005 1345 et
3032 1305 3273 1349 remanet
3299 1295 3473 1353 solum
3517 1314 3736 1354 nomen.

2153 1368 2282 1436 Quis
2307 1383 2388 1425 est
2412 1388 2540 1443 ergo
2564 1376 2697 1431 adeo
2720 1393 2929 1447 excors,
2959 1390 3016 1437 ut
3036 1394 3239 1454 quierat
3260 1388 3471 1442 nomina
3497 1406 3613 1459 quae
3643 1407 3736 1447 re-

2153 1460 2253 1516 bus
2274 1462 2633 1522 destituuntur
2650 1508 2665 1532 ,
2696 1480 2745 1525 et
2777 1484 3125 1544 persequatur
3153 1477 3327 1532 inania
3343 1521 3358 1546 ,
3383 1496 3501 1551 quae
3525 1493 3740 1551 oportet

2152 1552 2373 1623 fugere?
2390 1557 2581 1612 Annon
2605 1560 2725 1615 vita:
2746 1563 3041 1632 voluptates
3060 1577 3114 1622 et
3135 1568 3412 1628 felicitates
3434 1574 3562 1629 tales
3580 1577 3735 1629 sunt?

2153 1661 2331 1703 nonne
2357 1651 2534 1704 omnia
2556 1655 2898 1722 mentiuntur,
2916 1669 2971 1713 et
2994 1660 3265 1731 decipiunt
3288 1665 3311 1718 ?
3338 1665 3553 1722 Etiamsi
3578 1669 3735 1724 dixe-

2152 1737 2228 1793 ris
2245 1740 2485 1809 gloriam,
2508 1744 2716 1802 etiamsi
2739 1746 2971 1814 divitias,
2993 1752 3200 1808 etiamsi
3227 1758 3530 1824 potentiam,
3554 1761 3734 1815 omnia

2150 1840 2271 1882 sunt
2299 1830 2523 1886 vanitas.
2558 1835 2622 1888 Et
2660 1835 2781 1891 ideo
2803 1839 2936 1893 dixit
2964 1841 3352 1899 Ecclesiasu's:
3395 1846 3603 1903 Vanitus
3640 1866 3734 1904 ea-
3788 1862 3793 1865 ·

2151 1918 2381 1982 uitatum,
2405 1931 2452 1976 et
2475 1925 2643 2003 omnia
2666 1929 2860 1983 uanitas
2883 1930 3100 2000 (Eccles.
3137 1934 3184 1987 l.
3209 1934 3289 2004 ἓ).
3324 1928 3605 2003 Propterea
3632 1939 3735 1993 du-

2152 2008 2265 2063 lore
2310 1998 2537 2067 afﬁcitur
2588 2016 2841 2085 propheta
2866 1998 3046 2083 ,Vdnm
3093 2022 3145 2077 in
3194 1998 3296 2078 vita
3340 1998 3482 2082 videt
3531 2040 3731 2083 tantam

2148 2102 2434 2157 amentiam
2468 2121 2482 2156 :
2512 2107 2732 2173 perinde
2756 2110 2897 2164 enim
2928 2121 3009 2166 est
3045 2127 3110 2167 ac
3148 2115 3192 2168 si
3237 2117 3360 2186 quis
3400 2133 3519 2172 cum
3556 2121 3733 2176 videat

2148 2193 2449 2262 quempiam
2493 2196 2662 2252 lucrm
2704 2199 2988 2269 fugientem
3017 2246 3031 2268 ,
3063 2205 3309 2263 tenebras
3337 2219 3514 2264 autem
3545 2226 3729 2279 perse-

2147 2290 2399 2351 quentem
2423 2325 2438 2350 ,
2463 2287 2511 2343 ei
2536 2287 2716 2343 dicat:
2746 2290 2854 2345 Cur
2885 2291 2986 2347 hoc
3023 2293 3153 2350 facis
3191 2296 3327 2352 adeo
3364 2300 3648 2355 absurdum
3675 2312 3729 2357 et

2150 2383 2343 2443 printer
2372 2377 2671 2434 rationem?
2708 2380 2776 2436 ita
2804 2393 2859 2438 et
2885 2386 2998 2455 ipse
3023 2401 3038 2439 :
3067 2386 3171 2441 Cur
3205 2388 3414 2459 diligitis
3439 2393 3726 2454 vanitatem,

2148 2473 2194 2518 et
2218 2467 2441 2535 quau-itis
2466 2471 2778 2527 mendacium
2795 2474 2884 2529 .94.
2904 2474 2972 2528 Et
2996 2477 3169 2531 scitote
3185 2482 3422 2549 quoniam
3446 2483 3730 2549 miriﬁcurit

2147 2554 2395 2613 Dominus
2414 2573 2642 2618 sanctum
2671 2582 2837 2619 suum.
2870 2568 3019 2624 Alius
3044 2561 3306 2642 interpres
3328 2573 3453 2628 dicit
3479 2594 3490 2627 :
3516 2575 3620 2629 Sed
3637 2577 3730 2629 sci-

2146 2657 2247 2703 tote
2264 2653 2501 2719 quoniam
2536 2656 2839 2724 miriﬁcauit.

2220 2738 2484 2805 Quomodo
2531 2746 2775 2815 propheta
2795 2748 3028 2817 homines
3056 2752 3125 2805 od
3150 2754 3482 2824 cognitionem
3518 2754 3613 2810 Dei
3641 2759 3727 2809 in-

2146 2833 2318 2888 ducat.
2350 2833 2457 2890 Vite
2484 2836 2692 2895 Domini
2717 2842 2786 2896 ad
2804 2843 3226 2900 disseminandam
3254 2849 3531 2903 doctrinam
3557 2867 3727 2904 suum.

2143 2957 2214 2969 —-
2246 2928 2432 2984 Vidisti
2464 2931 2733 3001 prophetas
2751 2936 3106 3004 sapientiam?
3130 2937 3402 2996 Undeuam
3431 2956 3523 2995 eos
3555 2942 3725 2995 addu-

2143 3021 2218 3075 cit
2245 3021 2313 3075 ad
2346 3022 2439 3077 Dei
2478 3026 2870 3094 cognitionem?
2895 3028 2938 3082 Α
2976 3029 3204 3099 quadam
3233 3040 3382 3100 parte
3409 3033 3727 3086 manifestis-

2144 3114 2274 3169 sima
2322 3124 2376 3169 et
2415 3117 2650 3171 moribus
2685 3119 2851 3190 magis
2876 3121 3136 3191 cognitis,
3170 3138 3361 3191 nempe
3396 3123 3625 3191 seipsum
3670 3124 3725 3177 iu

2143 3204 2375 3260 medittm
2401 3206 2692 3264 adducens.
2712 3207 2845 3281 Ego,
2875 3211 3063 3281 inquit,
3094 3229 3279 3267 servus
3301 3230 3422 3268 sum
3450 3215 3542 3270 Dei
3573 3216 3681 3270 veri
3710 3233 3723 3268 :

2142 3313 2173 3353 a
2203 3315 2288 3355 me
2313 3316 2439 3370 ergo
2462 3302 2578 3372 ejus
2597 3303 2785 3375 discite
2806 3307 3114 3375 potentiam,
3146 3309 3413 3376 virtutem,
3440 3311 3726 3379 providen-

2143 3390 2292 3444 tiam.
2323 3391 2437 3445 Non
2465 3402 2546 3448 est
2576 3394 2717 3449 enim
2739 3394 2842 3450 hoc
2864 3412 3103 3467 parvum,
3126 3400 3266 3468 quod
3291 3401 3437 3456 ducit
3464 3402 3515 3455 in
3542 3404 3727 3472 cogni—

2141 3481 2338 3537 tionem
2386 3482 2500 3539 Dei.
2532 3484 2683 3552 Quod
2725 3487 2935 3557 quidem
2976 3504 3039 3545 ex
3083 3494 3340 3548 creaturis
3385 3492 3555 3562 palam
3599 3494 3725 3549 facit

2140 3571 2396 3641 propheta
2415 3614 2432 3640 ,
2460 3574 2673 3644 quando
2714 3576 2782 3632 de
2822 3578 2939 3646 ejus
2969 3580 3295 3649 providentia
3324 3582 3570 3649 disserit,
3597 3599 3722 3640 cum

2137 3662 2424 3731 adsolent,
2455 3666 2665 3733 caelum,
2699 3676 2917 3738 terram,
2945 3682 2998 3726 et
3024 3688 3204 3729 aerem
3230 3675 3421 3740 elatus,
3446 3691 3512 3731 ex
3533 3677 3724 3733 ordine

2137 3771 2321 3812 eorum
2351 3774 2467 3827 qua:
2494 3759 2738 3815 videntur
2778 3762 3032 3832 Opiﬁcem
3072 3765 3322 3835 priedieat
3361 3783 3376 3820 :
3416 3782 3719 3823 Sermonem

2136 3864 2347 3919 quoque
2373 3850 2520 3907 ducit
2538 3853 2605 3909 ab
2626 3853 2740 3923 ejus
2766 3856 2956 3921 servis,
2979 3866 3030 3912 et
3051 3858 3120 3912 ab
3142 3859 3204 3913 iis
3228 3875 3347 3929 quin
3367 3860 3482 3930 ipso
3501 3872 3720 3917 auctore

2135 3943 2472 4013 contigerunt
2500 3963 2514 3999 :
2546 3946 2685 4015 quod
2714 3948 2927 4018 quidem
2956 3951 3116 4005 etiam
3145 3952 3197 4007 in
3223 3952 3486 4008 Abraham
3516 3956 3717 4011 evenit.

2135 4031 2198 4087 Ei
2225 4034 2365 4088 enim
2393 4035 2669 4121 dicebant,
2702 4038 2905 4094 Scimus
2928 4042 3063 4109 quod
3089 4059 3121 4096 a
3153 4042 3255 4097 Deo
3286 4046 3420 4098 renis
3448 4046 3589 4100 nobis
3627 4063 3718 4100 rea:

2134 4123 2392 4194 (Gen.23.
2417 4127 2492 4197 6).
2525 4127 2675 4184 Unde
2703 4131 2889 4185 scitis?
2918 4132 2994 4187 Ex
3021 4133 3260 4194 victoria.
3289 4151 3354 4189 ex
3386 4138 3619 4205 tropazis,
3646 4154 3712 4191 cx

2133 4217 2308 4273 bellis.
2328 4217 2439 4274 Hoc
2467 4221 2697 4276 etiamin
2717 4221 2912 4277 Judaiis
2935 4224 3147 4279 accidit.
3166 4225 3412 4280 Miracula
3433 4229 3572 4282 enim
3593 4244 3714 4298 qua:

2133 4325 2231 4378 pro
2270 4311 2350 4366 eis
2394 4312 2525 4367 facta
2569 4322 2713 4382 sunt,
2741 4315 3000 4371 universa:
3044 4325 3200 4372 terra:
3232 4319 3471 4374 timorem
3515 4321 3711 4376 attulc~

2131 4412 2290 4468 runt,
2321 4404 2459 4472 quod
2487 4404 2644 4459 etiam
2673 4415 2800 4461 tunc
2826 4407 2961 4462 dixit
2992 4413 3241 4504 me{eti~ix
3276 4412 3363 4464 illa
3395 4412 3711 4467 "arietum-

2131 4495 2239 4549 tina
2266 4513 2278 4549 :
2307 4482 2568 4551 Ceciditin
2588 4514 2680 4551 nos
2699 4501 2850 4552 timor
2873 4482 3101 4555 restrunt‘
3115 4513 3161 4556 et
3191 4513 3375 4556 tremor
3401 4502 3534 4576 (los.
3555 4506 3588 4560 2
3625 4505 3707 4567 9).

2130 4583 2246 4640 Una
2268 4595 2351 4640 est
2372 4602 2500 4658 ergo
2524 4589 2606 4642 via
2636 4604 2698 4643 ea
2725 4605 2842 4659 qua:
2883 4599 2965 4644 est
3013 4606 3106 4660 per
3143 4601 3450 4647 creaturas:
3478 4595 3578 4649 alia
3619 4611 3711 4649 ve-

2128 4690 2210 4740 ro,
2237 4691 2406 4745 eaque
2449 4678 2797 4745 manifestior,
2825 4695 2946 4748 quin
2985 4690 3068 4735 est
3098 4697 3190 4750 per
3215 4698 3399 4736 servos
3431 4700 3445 4737 :
3475 4693 3527 4737 et
3571 4685 3706 4739 hanc

2131 4770 2269 4825 Deus
2297 4784 2325 4822 a
2351 4770 2531 4823 multis
2551 4780 2694 4826 retro
2719 4773 2927 4826 smculis
2947 4771 3240 4828 doctrinam
3270 4774 3627 4831 disseminavit
3652 4776 3705 4829 iu

2128 4877 2442 4933 unaquaque
2489 4865 2846 4933 generatione.
2875 4863 3156 4935 [Est-ptius
3203 4866 3379 4937 itaque
3418 4866 3597 4923 docuit
3631 4884 3701 4924 ex

2125 4952 2415 5017 Abraham,
2446 4953 2633 5009 Persas
2659 4956 2737 5024 (α)
2764 4971 2948 5025 rursus
2972 4972 3036 5011 ex
3065 4958 3287 5027 eodem,
3322 4959 3611 5016 lsmaelitas
3637 4977 3702 5016 i-x

2124 5045 2240 5114 ejus
2276 5047 2554 5114 nepotibus
2577 5088 2591 5111 ,
2622 5055 2673 5101 et
2699 5048 2832 5103 alios
2859 5049 3288 5117 innumerabiles,
3317 5061 3371 5106 et
3409 5069 3505 5123 per
3539 5052 3701 5109 Jaroh

2123 5154 2217 5195 eos
2245 5139 2332 5210 qui
2360 5138 2665 5193 habitabant
2694 5139 2746 5194 in
2770 5139 3167 5209 MesOpotamia.
3197 5142 3355 5199 Vides
3398 5146 3696 5201 universum

2185 5318 2256 5384 (α)
2288 5317 2520 5375 Savilius.
2567 5332 2724 5384 ιιιηις,
2768 5318 2858 5384 _s_ic
2903 5324 2956 5367 et
2998 5317 3116 5370 alias
3135 5320 3497 5384 chrysostomus
3517 5322 3699 5376 accolas

2122 5379 2339 5457 obtine»
2362 5392 2480 5457 θυεμ.
2493 5379 2682 5457 “aratis
2705 5379 2961 5457 Were}:
2982 5387 3151 5457 tertias
3169 5379 3384 5457 ἒρίδθιιυι
3400 5396 3414 5443 ε
3433 5393 3695 5457 91.9w.“-

2121 5430 2256 5490 tiobe
2273 5430 2379 5503 ipse
2402 5440 2596 5506 viderit.
2622 5448 2735 5490 Nam
2763 5430 2962 5506 memini
2984 5441 3050 5489 de
3073 5430 3131 5492 iis
3162 5430 3697 5506 etiamquidiluviuin

2120 5500 2497 5575 praecesserunt,
2522 5500 2772 5579 loquuttim
2810 5502 3216 5579 Chry‘sostonmm,
3260 5500 3559 5579 eodem
3590 5514 3698 5554 Per-

2118 5563 2285 5612 earum
2307 5564 2501 5635 nomine
2521 5563 2884 5635 cotitpellasse.‘
2906 5563 3042 5615 Nihil
3068 5566 3245 5616 mirum
3290 5567 3435 5635 igitur
3457 5570 3497 5635 si
3520 5573 3689 5635 Semia-

2118 5623 2369 5673 cberibum
2391 5623 2646 5699 aliquando
2668 5636 2840 5686 regem
2859 5631 3107 5699 Persarum
3131 5623 3533 5699 vocavei-iulnfra
3553 5629 3698 5699 etiam

2118 5693 2287 5735 Persas
2309 5686 2463 5733 vocari
2482 5698 2510 5733 a
2532 5685 2862 5756 (Zi}r}‘§05iml10
2879 5685 3237 5756 deprehendes
3251 5690 3457 5750 Assyrios
3480 5696 3531 5737 et
3553 5690 3694 5747 liaby.

2120 5747 2304 5805 lonios;
2331 5748 2446 5808 quin
2471 5753 2522 5796 et
2541 5746 2770 5796 Abraham
2796 5754 2986 5797 remain
3008 5754 3143 5796 vocat
3167 5748 3302 5796 infra.
