4106 6418
364 349 426 403 η
1493 343 1857 401 EXPOSITIO
1899 334 1963 398 IN
2004 341 2330 407 FSALMUM
2365 347 2452 404 IV.
3567 363 3636 418 48

361 467 460 520 καί
487 468 603 522 vlo!
633 465 923 534 Ὑψίστου
950 465 1200 532 πάντες.
1233 467 1426 534 Ὑμεῖς
1461 467 1529 520 δὲ
1547 469 1626 533 ὡς
1648 468 1944 534 ἄνθρωποι

363 563 794 629 (Mam-ﬂante.
820 565 932 616 Καὶ
971 563 1075 617 θέα
1119 563 1214 618 τοῦ
1263 564 1546 636 Προφήτω
1579 565 1678 635 τὴν
1711 563 1946 618 σύνεσιν.

370 661 558 725 Δείξας
586 660 848 730 πρότερον
870 659 966 712 τοῦ
997 659 1135 713 Θεοῦ
1165 661 1265 730 τὴν
1293 661 1466 731 ἰσχὺν,
1492 661 1586 714 καὶ
1606 661 1667 713 τὸ
1694 658 1945 731 εὔπορον,

368 759 463 808 καὶ
487 757 548 809 τὸ
578 756 902 826 εὐμήχανον,
935 756 1030 810 καὶ
1059 755 1121 808 τὸ
1149 755 1402 827 χρηστὸν,
1434 756 1528 809 καὶ
1560 755 1620 808 τὸ
1655 753 1953 825 φιλάνθρω-

370 872 494 917 πον,
521 856 606 908 ὅτι
634 856 693 907 ἐν
714 853 893 922 θλίψει
921 851 1200 915 πλατύνει,
1222 853 1304 906 ὅτι
1349 853 1514 904 ἐλεῶν
1546 852 1815 931 ἐπινεύει·
1836 848 1954 907 εἶτα

370 950 568 1004 ἐννοῶν
588 951 688 1020 τὴν
724 950 1033 1020 κεχυμένην
1069 951 1126 1003 ὲν
1153 948 1461 1020 ἀνθρώποις
1485 947 1704 1010 κακίαν,
1732 947 1828 1001 καὶ
1854 947 1953 1016 τῆς

370 1047 628 1110 ἀσεϐείας
653 1049 752 1118 τὴν
781 1046 1092 1117 τυραννίδα,
1107 1045 1356 1118 καθάπερ
1380 1045 1821 1115 ἀποπνιγόμενος
1845 1043 1954 1096 ἀπὸ

370 1145 471 1214 τῆς
507 1144 769 1214 ἀθυμίας,
793 1143 984 1214 τρέπει
1012 1142 1102 1196 τὸν
1130 1143 1287 1212 λόγον
1309 1141 1446 1215 πρὸς
1483 1144 1608 1206 τούς
1626 1143 1686 1195 ἐν
1716 1139 1954 1210 πονηρίᾳ.

372 1240 606 1304 ζῶντας,
633 1241 915 1310 μονονουχὶ
961 1239 1156 1308 λέγων,
1185 1239 1265 1292 ὃτι
1291 1238 1540 1292 Τοιοῦτον
1565 1237 1779 1307 ἔχοντες
1799 1235 1951 1299 Θεὸν,

373 1336 517 1390 οὕτω
568 1337 837 1408 χρηστὸν,
872 1336 1014 1391 οὕτω
1069 1337 1479 1408 φιλάνθρωπον,
1510 1335 1651 1388 οὕτω
1695 1333 1950 1399 δυνατὸν’,

377 1436 495 1498 πῶς
524 1438 604 1499 εἰς
629 1435 884 1489 ἀσέϐειαν
910 1435 1216 1502 ἐξεκλίνατε
1247 1451 1262 1500 ;
1303 1435 1411 1487 Καὶ
1437 1435 1536 1506 δρα
1567 1432 1664 1505 τὴν
1690 1433 1954 1504 παραίνε-

377 1549 485 1593 σιν,
511 1531 684 1602 πόσης
707 1531 843 1601 μετὰ
869 1531 960 1585 τοῦ
986 1531 1157 1602 θυμοῦ
1185 1532 1347 1603 γέμει
1369 1530 1583 1600 καὶτῆς
1603 1529 1954 1602 προσηνείας,

376 1629 552 1700 πόσης
591 1629 690 1699 τῆς
730 1630 1064 1698 φιλοσοφίας.
1097 1629 1160 1682 Τί
1200 1631 1308 1700 γάρ
1347 1645 1543 1700 φησιν;
1584 1627 1700 1682 Υἱοὶ
1736 1627 1957 1696 61'0de-

376 1742 526 1788 πων,
555 1726 668 1791 ἕως
688 1727 833 1779 πότε
863 1725 1253 1795 βαρυκάρδιοι
1270 1743 1290 1792 ;
1327 1725 1590 1780 Ἐνταῦθα
1622 1725 1825 1796 σφόδρα
1841 1723 1956 1778 ἐστὶ

378 1823 794 1894 καθαπτομένου
824 1825 918 1878 καὶ
943 1825 1052 1878 ἀπὸ
1076 1825 1168 1878 τοῦ
1202 1825 1414 1897 χρόνου.
1443 1826 1507 1878 Εί
1541 1823 1588 1897 [1
1605 1823 1657 1896 ι]
1691 1824 1798 1896 γὰρ
1819 1823 1879 1876 τὸ
1898 1822 1958 1888 ἐξ

377 1919 555 1990 ἀρχῆς
589 1921 664 1991 μὴ
699 1921 927 1975 συνιδεῖν
949 1922 1044 1976 τοῦ
1068 1922 1201 1976 Θεοῦ
1224 1923 1322 1994 τὴν
1347 1922 1664 1994 εὐεργεσίαν
1686 1920 1956 1992 ἔγκλημα,

376 2016 540 2070 ποίαν
571 2017 682 2080 ἔξει
716 2017 1043 2088 συγγνώμην
1083 2018 1144 2072 τὸ
1191 2018 1349 2089 μέχρι
1381 2018 1635 2071 τοσούτου
1683 2019 1818 2089 πρὸς
1859 2018 1957 2087 τὴν

380 2113 644 2182 ἀλήθειαν
670 2113 1035 2182 τυφλώττειν;
1067 2113 1131 2166 Τί
1153 2113 1208 2166 δέ
1240 2116 1375 2176 ἐστι,
1411 2113 1771 2185 Βαρυκάρδιοι
1803 2131 1818 2180 ;
1849 2115 1961 2166 Πα-

379 2209 695 2278 χυκάρδιοι,
737 2211 1026 2280 σαρκικοὶ,
1053 2213 1119 2282 τῇ
1166 2212 1236 2282 γῇ
1283 2210 1728 2282 προσηλωμένοι,
1761 2210 1960 2263 κακίαν

377 2305 702 2371 διώκοντες,
739 2307 1006 2378 πονηρίαν
1071 2307 1344 2377 μετιόντες
1368 2347 1383 2372 ,
1440 2309 1561 2371 ταῖς
1607 2305 1963 2376 ἡδυπαθείαις

379 2403 824 2474 κατασηπόμενοι
861 2420 874 2433 ·
905 2402 1143 2467 τοιοῦτος
1169 2403 1278 2474 γὰρ
1305 2405 1333 2456 ὁ
1362 2404 1627 2476 σαρκικὸς
1654 2403 1959 2475 ἅνθρωπος.

379 2500 488 2552 Καὶ
517 2499 823 2552 διαϐάλλων
856 2500 1036 2552 αὐτῶν
1073 2500 1164 2553 τὸν
1194 2499 1330 2569 βίον,
1358 2499 1601 2554 δείκνυσι
1654 2499 1752 2568 τὴν
1782 2499 1964 2569 πηγὴν

378 2596 480 2664 τῆς
529 2594 802 2659 ἀσεϐείας,
836 2595 1011 2664 δηλῶν
1038 2596 1118 2650 δτι
1150 2594 1310 2649 τοῦτο
1339 2594 1578 2666 μάλιστά
1603 2596 1718 2648 ἐστι
1741 2595 1802 2648 τὸ
1829 2594 1964 2665 πρὸς

379 2691 447 2743 τὰ
485 2691 734 2762 δόγματα
785 2693 967 2754 αὐτοῖς
1000 2691 1287 2762 ἐμποδίζον
1316 2691 1385 2744 τὰ
1417 2690 1618 2761 ὑψηλά.
1662 2691 1828 2744 Οὐδὲν
1857 2689 1967 2760 γὰρ

377 2785 522 2838 οὕτω
546 2786 770 2856 βαρεῖαν
801 2786 1024 2857 καρδίαν
1051 2789 1300 2854 ποιεί,ὠς
1330 2787 1593 2858 ἐπιθυμία
1617 2785 1848 2857 πονηρὰ,
1874 2785 1967 2838 καὶ

382 2883 413 2952 ή
446 2881 585 2952 πρὸς
608 2882 675 2934 τά
696 2881 918 2952 βιωτικά
940 2883 1271 2954 συμπάθεια,
1287 2885 1380 2936 καὶ
1397 2883 1458 2936 τὸ
1486 2881 1872 2955 προσηλῶσθαι
1898 2883 1965 2953 τῇ

381 2979 477 3047 τῇ·
507 2978 620 3049 Τὴν
644 2978 899 3049 τοιαύτην
923 2980 1022 3032 οὐκ
1050 2979 1115 3033 ἄν
1145 2996 1228 3041 τις
1273 2979 1508 3050 ἁμάρτοι
1549 2978 1785 3049 πηλίνην
1832 2993 1968 3048 καρ-

381 3074 502 3125 δίαν
528 3074 840 3144 προσειπών
858 3093 870 3105 ο
905 3074 987 3127 διὸ
1021 3076 1114 3128 καὶ
1142 3074 1360 3147 βαρεῖαν
1383 3075 1569 3147 αὐτὴν
1597 3073 1822 3128 ἐκάλεσε
1841 3090 1855 3103 ο
1875 3074 1970 3126 καὶ

384 3168 493 3220 τῶν
533 3169 720 3222 κακῶν
770 3169 938 3223 αἴτιον
975 3169 1132 3224 τοῦτο
1174 3171 1377 3242 ἔφησεν
1421 3166 1596 3236 εἶναι,
1627 3172 1709 3224 ὃτι
1754 3170 1968 3242 ἡνιόχου

387 3264 537 3328 τάξιν
587 3267 875 3335 ἐπέχουσα,
905 3267 965 3320 οὐ
997 3267 1155 3337 μόνον
1185 3269 1246 3321 οὐ
1289 3269 1506 3339 κατέχει
1535 3268 1627 3321 τὸν
1656 3268 1819 3322 ἵππον
1852 3269 1972 3331 ταῖς

386 3361 760 3431 ήνίαις,ἀλλά
804 3366 894 3416 καὶ
926 3364 1064 3434 αὐτὴ
1113 3365 1478 3434 καταφέρεται
1522 3364 1796 3436 συρομένη
1821 3379 1836 3394 ·
1880 3365 1973 3416 καὶ

386 3458 507 3510 δέον
536 3458 770 3528 πτεροῦν
794 3459 890 3530 τὴν
916 3459 1115 3530 σάρκα,
1151 3462 1244 3514 καὶ
1277 3461 1571 3531 μετάρσιον
1622 3461 1970 3533 ἐργάζεσθαι,

389 3555 487 3607 καὶ
516 3555 653 3626 1:96;
680 3555 771 3608 τὸν
815 3555 1043 3626 οὐρανὸν
1075 3558 1320 3625 ἀνάγειν,
1351 3559 1383 3627 ὴ
1426 3557 1483 3610 δὲ
1543 3558 1974 3628 συγκαθέλκεται

505 3650 793 3722 βαρυτάτῳ
829 3652 938 3705 τῶν
990 3654 1314 3725 νοσημάτων
1359 3655 1583 3726 φορτίῳ.
1623 3657 1791 3711 Ὅταν
1825 3652 1918 3710 οὖν
1948 3659 1976 3711 6

390 3746 606 3816 ήνίοχος
643 3748 878 3812 τοιοῦτος
906 3745 964 3822 ᾖ,
993 3749 1028 3820 ἢ
1062 3751 1090 3803 6
1142 3752 1507 3824 κυϐερνήτης,
1545 3757 1671 3808 ποία
1701 3755 1977 3826 σωτηρίας

392 3845 589 3910 ἐλπίς;
632 3845 841 3916 Ὠσπερ
872 3847 1001 3901 ὅταν
1050 3848 1220 3920 λέγῃ,
1263 3853 1332 3903 El
1376 3852 1438 3904 τὸ
1469 3850 1596 3920 φῶς
1638 3853 1701 3904 τὸ
1745 3852 1815 3904 ἐν
1878 3851 1978 3906 σοι

393 3941 623 4007 σκότος
646 3941 796 4006 ἐστὶ,
829 3944 894 3996 τὸ
921 3945 1143 4012 σκότος
1171 3948 1403 4012 «door;
1447 3949 1614 4001 Ὅταν
1651 3951 1678 4002 6
1709 3949 1977 4020 κυϐερνή-

395 4054 495 4108 της
525 4036 699 4110 μεθύῃ
721 4039 814 4091 καὶ
843 4039 952 4093 τῶν
988 4043 1247 4112 κυμάτων
1271 4043 1363 4096 καὶ
1407 4043 1514 4096 τῶν
1562 4047 1888 4117 πνευμάτων
1920 4047 1979 4100 τὸ

395 4137 632 4188 ἄτακτον
660 4135 914 4206 μιμῆται,
941 4137 1055 4202 πῶς
1090 4139 1394 4211 σωθήσεται
1426 4144 1460 4212 ή
1492 4141 1659 4208 ναῦς;

473 4237 546 4295 ς’.
574 4227 647 4283 Τί
665 4230 756 4284 οὖν
785 4231 1003 4288 δύναται
1035 4235 1246 4307 κούφην
1279 4238 1377 4309 τὴν
1409 4238 1588 4310 ψυχὴν
1622 4240 1823 4306 ποιεῖν;
1860 4238 1980 4303 Βίος

397 4328 747 4397 θαυμαστὸς,
781 4330 842 4383 τὸ
880 4332 1014 4403 πρὸς
1056 4335 1222 4405 μηδὲν
1250 4336 1359 4389 τῶν
1389 4337 1622 4407 ἐνταῦθα
1655 4338 1977 4409 κεχηνέναι,

400 4426 538 4495 μηδὲ
571 4429 681 4488 τοῖς
721 4427 876 4480 ποσὶν
922 4427 1085 4482 αὐτοῦ
1120 4431 1482 4502 προσδεσμεῖν
1527 4433 1596 4486 τά
1623 4434 1773 4487 κάτω
1815 4434 1979 4505 φερό-

400 4522 542 4592 μενά
566 4538 624 4573 τε
656 4524 748 4575 καὶ
770 4524 1021 4594 φέροντα.
1047 4525 1168 4579 Τῶν
1193 4543 1301 4600 γαρ
1333 4529 1601 4599 σωμάτων
1620 4531 1687 4584 τά
1706 4531 1805 4601 μὲν
1831 4533 1982 4586 κάτω

399 4617 664 4689 φέρεσθαι
693 4619 904 4688 εἴωθεν,
932 4616 1042 4675 οἷον
1069 4622 1226 4691 λίθοι,
1257 4625 1354 4678 καὶ
1386 4605 1548 4693 ξύλα,
1578 4628 1673 4680 καὶ¹
1705 4629 1883 4681 πάντα
1915 4627 1982 4681 τὰ

397 4714 656 4768 τοιαῦτα·
682 4714 751 4768 τὰ
774 4716 832 4768 δὲ
861 4717 993 4782 ἄνω,
1024 4713 1136 4774 οἷον
1159 4720 1292 4793 πῦρ,
1320 4723 1415 4775 καὶ
1449 4724 1696 4795 πνεῦμα,
1725 4725 1817 4777 καὶ
1850 4742 1983 4778 πτε-

400 4811 515 4879 ρῶν
542 4809 703 4879 φύσις
737 4811 972 4882 κούφων.
1012 4816 1108 4869 Ἂν
1149 4813 1243 4871 οὖν
1282 4835 1336 4871 τι
1365 4817 1474 4871 τῶν
1517 4819 1668 4873 κάτω
1710 4821 1982 4891 φερόντων

397 4907 479 4976 τῷ
505 4907 694 4977 κούφῳ
719 4910 1050 4983 προσδήσῃς,
1077 4913 1230 4968 οὐδὲν
1253 4914 1361 4968 τῶν
1388 4915 1604 4987 πτερῶν
1627 4916 1835 4986 ὄφελος,
1862 4917 1983 4970 οὐδὲ

399 5003 495 5055 τοῦ
531 5004 869 5075 πνεύματος,
899 5007 993 5060 τοῦ
1034 5009 1230 5081 βάρους
1263 5011 1685 5082 ὑπερϐαίνοντος
1712 5014 1810 5086 τὴν
1847 5032 1984 5085 συμ-

405 5100 658 5170 μετρίαν,
692 5103 789 5155 καί⁵
816 5105 1077 5170 νικῶντος
1109 5107 1202 5162 καὶ
1229 5110 1666 5182 περιγινομένου.
1701 5113 1858 5166 Οὕτω
1891 5113 1986 5166 καί⁹

405 5196 572 5259 πόδας
614 5197 682 5251 ἂν
724 5198 823 5271 ἔχῃ
859 5217 944 5264 τις
977 5201 1416 5276 βεϐαρημένους,
1449 5205 1482 5276 ἦ
1533 5207 1709 5278 χυμοῦ
1745 5207 1983 5280 πονηροῦ

397 5294 798 5365 ἐπεισρέοντος,
827 5299 861 5369 ἢ
889 5299 1074 5373 ἐτέρου
1095 5302 1241 5366 τινὸς
1269 5305 1594 5375 νοσήματος,
1620 5306 1772 5360 οὐδὲν
1794 5306 1985 5377 ὄφελος

399 5389 552 5460 αὐτῴ
587 5391 678 5446 τοῦ
717 5393 908 5448 λοιποῦ
957 5395 1206 5468 σώματος
1250 5398 1402 5464 ὄντος
1445 5400 1670 5471 κούφου.
1704 5403 1768 5456 El
1801 5404 1857 5456 δὲ
1891 5405 1985 5458 ἐπὶ

401 5488 672 5556 σωμάτων
699 5490 879 5554 τοῦτο,
909 5491 1089 5563 πολλῷ
1123 5494 1322 5565 μᾶλλον
1351 5495 1444 5548 ἐπὶ
1477 5497 1723 5568 καρδίας.
1759 5499 1851 5570 Μὴ
1877 5500 1987 5552 τοί-

399 5599 496 5633 νυν
536 5586 782 5660 ποιῶμεν
830 5587 1008 5658 αὐτὴν
1037 5589 1280 5662 βαρεῖαν,
1316 5593 1402 5646 ἵνα
1442 5594 1516 5664 μὴ
1547 5596 1686 5649 κατά
1727 5595 1794 5650 τὰ
1827 5599 1987 5650 πλοῖα

400 5675 473 5730 τὰ
508 5682 704 5756 πολλὴν
733 5683 935 5756 ἔχοντα
979 5685 1074 5756 τὴν
1105 5687 1332 5758 ψάμμον
1361 5692 1843 5764 καταποντίζηται.
1898 5695 1987 5747 Ἐν

403 5778 530 5847 ἡμῖν
551 5792 655 5856 γάρ
678 5783 868 5841 τοῦτο.
897 5781 976 5834 Οὐ
1003 5783 1110 5855 γὰρ
1133 5786 1197 5855 τῇ
1235 5786 1391 5854 φύσει
1415 5787 1637 5860 τοιαύτη
1664 5791 1830 5857 ἐστὶν,
1853 5792 1987 5847 ἀλλὰ

2054 471 2118 538 τῇ
2148 468 2306 536 φύσει
2327 471 2515 539 γέγονε
2543 472 2717 544 κούφη
2747 475 2840 526 καὶ
2863 475 3166 548 ἀνωφερὴς,
3196 478 3356 548 ἡμεῖς
3382 478 3439 532 δὲ
3462 479 3636 551 αὐτὴν

2053 560 2203 628 παρὰ
2234 559 2394 628 φύσιν
2434 561 2656 632 βαρεῖαν
2703 564 2996 636 ποιοῦμεν·
3041 567 3121 620 διὸ
3161 570 3255 621 καὶ
3291 571 3320 622 6
3346 569 3637 642 Προφήτης

2055 647 2216 714 ἐγκα)
2228 651 2278 700 εἴ
2296 667 2308 678 ·
2343 651 2390 702 εί
2410 651 2466 704 δὲ
2487 652 2713 720 φυσικὸν
2737 650 2825 725 ἦν,
2857 659 2956 709 οὐκ
2982 655 3048 710 ἂν
3067 657 3404 713 ἐνεκάλεσεν.
3429 661 3637 733 ’Ὠσπερ

2052 734 2144 791 οὖν
2175 740 2315 794 κατά
2344 740 2505 808 φύσιν
2545 745 2679 814 ἡμῖν
2711 745 2773 798 τὸ
2798 745 3055 816 βαδίζειν,
3093 748 3159 802 ἂν
3189 750 3247 803 δὲ
3281 751 3538 823 βαρῶμεν
3565 753 3639 807 τὰ

2056 832 2279 899 γόνατα,
2317 834 2468 905 παρὰ
2518 835 2678 906 φύσιν
2715 837 2924 906 γίνεται
2949 840 3009 894 τὸ
3038 844 3294 914 πρᾶγμα,
3330 844 3638 916 πεπεδημέ-

2054 941 2160 976 νων
2187 924 2360 994 ήμῶν·
2383 926 2527 986 οὕτω
2548 926 2664 1001 [15]
2689 931 2782 982 καὶ
2805 930 2898 984 ἐπὶ
2921 930 3028 986 τῶν
3052 933 3226 987 ποδῶν
3255 934 3356 1003 τῆς
3375 933 3637 1002 διανοίας,

2056 1019 2198 1086 λέγω
2237 1020 2301 1090 δὴ
2349 1021 2458 1075 τῶν
2501 1022 2807 1093 λογισμῶν,
2844 1023 3163 1094 συμϐαίνειν
3189 1027 3399 1084 εἴωθεν.
3423 1029 3549 1084 Ἵνα
3579 1030 3637 1082 τί

2057 1108 2324 1178 ἀγαπᾶτε
2361 1113 2748 1180 μαῖαι-ότητα,
2807 1114 2906 1168 καὶ
2950 1113 3170 1183 ζητεῖτε
3211 1117 3438 1186 ψεῦδος
3455 1137 3475 1184 ;
3518 1120 3638 1173 Ἐν-

2055 1200 2231 1254 ταῦθα
2265 1203 2358 1255 καὶ
2389 1202 2456 1255 τὰ
2500 1203 2752 1264 είδωλικά
2789 1222 2877 1275 μοι
2905 1205 3052 1259 δοκεῖ
3076 1206 3276 1275 λέγειν,
3322 1211 3417 1263 καὶ
3447 1211 3539 1264 τὸν
3579 1213 3638 1263 ἐν

2057 1295 2292 1366 πονηρίᾳ
2330 1294 2461 1365 βίον.
2494 1297 2738 1351 Μάταιον
2769 1297 2878 1370 γὰρ
2916 1299 3093 1352 ἐκεῖνο
3129 1299 3348 1366 λέγεται
3371 1302 3432 1354 τὸ
3459 1302 3638 1366 κενὸν,

2055 1388 2184 1441 ὅταν
2213 1387 2382 1457 ὄνομα
2414 1388 2512 1458 μὲν
2555 1385 2612 1463 ᾖ,
2643 1392 2877 1462 πρᾶγμα
2902 1392 2959 1446 δέ
2989 1393 3064 1464 μὴ
3173 1391 3330 1447 Οὐτω
3354 1395 3504 1465 παρά
3528 1397 3640 1457 τοῖς

2057 1479 2316 1550 Ἕλλησιν
2359 1482 2598 1553 ὀνόματα
2651 1483 2748 1554 μὲν
2798 1484 2937 1539 θεῶν
2974 1485 3181 1551 πολλὰ,
3235 1487 3537 1558 πράγματα
3583 1486 3640 1539 δὲ

2056 1571 2326 1642 οὐδαμοῦ·
2382 1575 2476 1627 καὶ
2514 1575 2606 1628 ἐπὶ
2649 1576 2758 1628 τῶν
2799 1576 2973 1630 ἄλλων
3005 1577 3238 1648 ὁμοίως·
3277 1576 3449 1649 ὄνομα
3478 1577 3642 1630 πλούο

2057 1679 2172 1726 του,
2208 1665 2442 1734 πρᾶγμα
2469 1665 2525 1717 δὲ
2563 1665 2834 1736 οὐδαμοῦ·
2870 1667 2963 1720 καὶ
2993 1667 3162 1737 ὄνομα
3183 1667 3371 1737 δόξης,
3408 1670 3642 1739 πρᾶγμα

2056 1754 2114 1808 δὲ
2153 1754 2424 1826 οὐδαμοῦ·
2467 1755 2638 1826 ὄνομα
2670 1756 3020 1824 δυναστείας,
3066 1758 3160 1810 καὶ
3200 1757 3350 1827 μένει
3380 1757 3535 1826 ψιλὸν
3581 1756 3645 1810 τὸ

2058 1843 2248 1913 δνομα.
2299 1845 2396 1908 Τίς
2449 1840 2542 1898 οὖν
2576 1845 2748 1909 οὕτως
2793 1846 3039 1915 ἀνόητος,
3075 1846 3151 1909 ὡς
3183 1847 3423 1917 ὀνόματα
3458 1845 3644 1916 ζητεῖν

2060 1935 2402 2004 πραγμάτων
2445 1933 2654 2006 ἔρημα,
2691 1935 2786 1989 καὶ
2816 1935 2887 1988 τὰ
2909 1935 3132 1989 διάκενα
3162 1934 3384 1989 διώκειν
3403 1975 3419 1999 ,
3453 1934 3488 1988 6
3515 1934 3645 2004 φεύ-

2060 2041 2178 2094 γειν
2201 2025 2309 2092 δεῖ;
2343 2027 2413 2078 ’Π
2444 2027 2506 2079 οὐ
2543 2024 2789 2079 τοιαῦται
2822 2027 2916 2081 καὶ
2949 2028 3004 2080 αί
3033 2026 3220 2098 ήδοναὶ
3248 2025 3342 2079 τοῦ
3372 2026 3511 2096 βίου,
3550 2026 3644 2080 καὶ

2063 2119 2118 2170 αἱ
2148 2117 2472 2187 εὐπραγίαις
2512 2118 2573 2171 οὐ
2616 2118 2792 2171 πάντα
2823 2119 3076 2188 ψεύδεται
3115 2119 3209 2172 καὶ
3247 2119 3468 2190 ἀπατᾷ;
3524 2118 3646 2172 Κᾶν

2060 2207 2218 2271 δόξαν
2245 2210 2424 2281 -εῐπῃς
2444 2248 2459 2273 ,
2511 2207 2615 2262 κᾶν
2653 2208 2880 2261 πλοῦτον
2901 2249 2914 2272 ,
2946 2211 3051 2264 κᾶν
3094 2209 3433 2272 δυναστείαν,
3467 2209 3644 2262 πάντα

2067 2298 2383 2369 ματαιότης.
2417 2299 2508 2352 Διὸ
2535 2300 2628 2353 καὶ
2658 2301 2687 2352 6
2725 2299 3152 2372 Ἐκκλησιαστὴς
3175 2299 3326 2368 ἔλεγε
3345 2317 3361 2333 ο
3389 2298 3646 2353 Ματαιό·

2064 2406 2172 2457 της
2207 2387 2639 2458 ματαιοτήτων,
2693 2389 2769 2445 τὰ
2802 2390 2999 2444 πάντα
3038 2392 3386 2460 ματαιότης.
3434 2390 3532 2444 Διά
3582 2389 3651 2461 δὴ

2064 2479 2237 2534 ταῦτα
2265 2479 2514 2534 ὀδυνᾶται
2545 2481 2573 2533 6
2604 2479 2912 2551 Προφήτης,
2943 2480 3216 2552 τοσαύτην
3247 2480 3471 2549 ἀλογίαν
3504 2479 3648 2552 ὁρῶν

2067 2572 2125 2624 ἐν
2155 2569 2234 2642 τῷ
2266 2571 2382 2640 βίῳ.
2418 2573 2629 2644 Ὥσπερ
2659 2572 2770 2645 γὰρ
2798 2573 2863 2628 ἂν
2889 2573 2940 2626 εί
2957 2590 3043 2636 τις
3071 2572 3193 2627 ἰδών
3223 2590 3342 2626 τινα
3375 2572 3649 2642 φεύγοντα

2067 2663 2200 2730 φῶς,
2244 2660 2507 2716 διώκοντα
2544 2663 2601 2716 δὲ
2640 2665 2856 2728 σκότος,
2887 2664 3019 2734 λέγῃ
3038 2680 3052 2693 ·
3075 2667 3191 2720 Ἵνα
3205 2663 3258 2716 τί
3293 2663 3450 2716 τοῦτο
3475 2664 3651 2724 ποιεῖς

2066 2754 2127 2807 τὸ
2159 2755 2500 2826 παράλογον;
2545 2756 2686 2810 οὕτω
2727 2756 2822 2810 καὶ
2869 2757 3051 2820 αὐτός’
3092 2758 3224 2811 Ἵνα
3270 2757 3328 2809 τί
3383 2753 3654 2826 ἀγαπᾶτε

2063 2849 2458 2914 ματαιότητα,
2501 2848 2596 2900 καὶ
2644 2845 2864 2913 ζη“τεῐτε
2889 2846 3153 2915 ψεῦδος;
3199 2848 3305 2902 Καὶ
3334 2846 3521 2916 γνῶτε
3561 2845 3651 2899 ὅτι

2068 2939 2496 3009 ἐθαυμάστωσε
2541 2941 2754 3007 Κύριος
2803 2940 2910 3011 τόν
2954 2938 3128 2993 ὅσιον
3170 2938 3378 2994 αὑτοῦ.
3425 2938 3652 3010 Ἕτερος

2071 3023 2406 3105 ἑρμηνευτής
2445 3051 2642 3104 φησιν,
2689 3033 2869 3087 Ἀλλὰ
2911 3033 3095 3103 πψῶτε
3133 3031 3223 3086 ὅτι
3269 3031 3654 3101 ἐθαυμὰστω-

2070 3143 2201 3182 σεν.

2143 3212 2297 3280 Εἶδες
2323 3215 2514 3285 σοφίαν
2539 3215 2817 3287 Προφήτου
2840 3232 2854 3281 ;
2887 3215 3057 3270 Πόθεν
3085 3215 3282 3279 αὐτοὺς
3304 3215 3494 3284 ἀνάγει
3517 3213 3656 3286 πρὸς

2072 3308 2171 3380 τήν
2201 3306 2560 3376 θεογνωσίαν;
2604 3307 2734 3359 Ἀπὸ
2765 3307 3105 3376 σαφεστάτου
3143 3305 3347 3377 μέρους
3385 3305 3529 3369 τινὸς
3560 3305 3656 3358 καὶ

2073 3401 2274 3470 τρόπου
2303 3399 2726 3470 γνωριμωτέρου
2745 3442 2757 3465 ,
2788 3398 2976 3452 ἐαυτὸν
3007 3400 3086 3462 εἰς
3115 3399 3279 3469 μέσον
3309 3396 3652 3468 παρατιθείς.

2087 3486 2229 3555 Ἐγὼ
2255 3485 2439 3550 δοῦλός
2473 3487 2608 3557 είμι,
2642 3488 2774 3558 φησὶ
2796 3526 2812 3551 ,
2837 3486 2932 3540 τοῦ
2960 3486 3095 3540 Θεοῦ
3128 3487 3223 3541 τοῦ
3258 3487 3492 3560 ἀληθοῦς
3514 3505 3527 3518 ·
3558 3488 3655 3542 ἀπ’

2075 3577 2208 3649 ἐμοῦ
2242 3577 2418 3631 τοίνυν
2461 3579 2662 3649 μάθετε
2709 3579 2873 3632 αὐτοῦ
2904 3579 3002 3650 τὴν
3029 3579 3287 3651 δύναμιν,
3338 3581 3436 3652 τὴν
3471 3581 3656 3651 ἰσχὺν,

2076 3668 2174 3740 τὴν
2207 3669 2551 3740 κηδεμονίαν.
2593 3671 2664 3724 Οὐ
2707 3671 2900 3742 μικρὸν
2935 3671 3043 3742 γὰρ
3082 3673 3242 3725 τοῦτο
3267 3673 3329 3725 τὸ
3359 3672 3658 3741 κεφάλαιον

2077 3762 2157 3824 εἰς
2193 3761 2521 3829 θεογνωσίαν
2570 3761 2722 3830 ἄγον.
2772 3764 2925 3815 Ποιεῖ
2957 3765 3053 3833 μὲν
3082 3764 3192 3836 γὰρ
3225 3764 3382 3818 τοῦτο
3423 3766 3658 3835 φανερὸν

2078 3854 2170 3906 καὶ
2199 3854 2306 3906 ἀπὸ
2336 3855 2446 3907 τῶν
2486 3856 2800 3925 κτισμάτων
2836 3858 2865 3909 6
2897 3857 3204 3928 Προφήτης,
3239 3859 3368 3911 ὃταν
3400 3858 3530 3928 περὶ
3560 3857 3660 3927 τῆς

2080 3942 2334 4013 προνοίας
2365 3943 2530 3996 αὐτοῦ
2564 3944 2911 4014 διαλέγηται,
2947 3947 3040 4000 ἐπὶ
3070 3947 3164 4000 τὸν
3203 3947 3390 4018 ἥλιον,
3433 3949 3527 4001 καὶ
3567 3947 3661 4000 τὸν

2079 4037 2327 4107 οὐρανὸν,
2356 4036 2450 4090 καὶ
2480 4038 2578 4108 τὴν
2615 4036 2722 4107 γῆν
2743 4079 2758 4104 ,
2788 4039 2882 4091 καὶ
2907 4041 2998 4092 τὸν
3030 4039 3169 4111 ἀέρα
3204 4039 3535 4111 φερόμενος,
3567 4038 3662 4093 καὶ

2080 4133 2188 4187 ἀπὸ
2228 4133 2326 4204 τῆς
2355 4135 2412 4185 ἐν
2443 4137 2553 4198 τοῖς
2590 4135 2886 4206 ὁρωμένοις
2919 4136 3168 4201 εὐταξίας
3197 4136 3287 4190 τὸν
3310 4135 3653 4208 Δημιουργὸν

2081 4232 2510 4304 ἀνακηρύττων·
2559 4235 2701 4286 κινεῖ
2753 4233 2809 4286 δέ
2862 4234 2956 4292 καὶ
3011 4233 3103 4287 τὸν
3153 4235 3262 4287 ἀπὸ
3315 4235 3424 4288 τῶν
3458 4232 3662 4288 δούλων

2081 4329 2245 4383 αὐτοῦ
2274 4329 2451 4398 λόγον,
2487 4329 2579 4383 καὶ
2607 4329 2714 4381 τῶν
2742 4329 2836 4383 ἀπ’
2868 4329 3034 4383 αὐτοῦ
3072 4331 3476 4401 συμϐαινόντων
3496 4347 3509 4361 ·
3543 4329 3575 4383 ὃ
3595 4330 3660 4401 δὴ

2080 4428 2173 4480 καὶ
2207 4427 2300 4480 ἐπὶ
2344 4427 2439 4480 τοῦ
2496 4425 2746 4497 Ἀϐραὰμ
2793 4428 3035 4496 γέγονεν.
3080 4427 3304 4495 Ἔλεγον
3337 4428 3446 4499 γὰρ
3493 4426 3661 4496 αὐτῷ,

2077 4523 2363 4592 Οιδαμεν,
2396 4523 2559 4593 φησὶν
2577 4561 2592 4585 ,
2624 4521 2712 4576 ὅτι
2736 4523 2854 4576 ἀπὸ
2880 4523 2985 4577 τοῦ
3019 4523 3168 4577 Θεοῦ
3192 4523 3336 4593 ἡμῖν
3359 4522 3527 4592 ἦκεις
3544 4523 3664 4587 ,ϐα-

2082 4621 2310 4686 σιλεύς.
2361 4618 2530 4672 Πόθεν
2573 4617 2782 4686 οἶδατε;
2838 4620 2973 4673 Ἀπὸ
3023 4621 3122 4691 τῆς
3171 4621 3358 4692 νίκης,
3399 4621 3506 4675 ἀπὸ
3553 4621 3666 4674 τῶν

2085 4715 2395 4788 τροπαίων,
2446 4716 2553 4770 ἀπὸ
2596 4714 2703 4769 τῶν
2759 4716 3028 4788 πολέμων.
3085 4718 3256 4772 Τοῦτο
3302 4719 3396 4772 καὶ
3431 4718 3666 4773 ἐπὶτῶν

2099 4812 2368 4867 Ἰουδαίων
2415 4811 2634 4883 συνέϐη.
2672 4811 2752 4866 Τά
2775 4814 2884 4882 γὰρ
2915 4813 3169 4885 θαύματα
3205 4814 3273 4868 τὰ
3310 4815 3447 4887 ὑπὲρ
3486 4815 3664 4869 αὐτῶν

2085 4910 2365 4981 γινόμενα,
2409 4911 2588 4963 πᾶσαν
2635 4909 2735 4980 τὴν
2757 4911 2859 4981 γῆν
2901 4918 2984 4974 εἰς
3012 4911 3178 4980 φόϐον
3214 4911 3494 4978 ἐνέϐαλεν·
3527 4913 3666 4982 ὅπερ

2085 5010 2240 5079 καὶὴ
2288 5009 2462 5080 πόρνη
2508 5011 2626 5061 τότε
2662 5009 2696 5079 ή
2736 5008 3087 5078 Ἱεριχουντία
3115 5008 3330 5078 ἔλεγεν,
3371 5009 3454 5062 ὅτι
3494 5007 3665 5063 Ἐπέ-

2085 5124 2275 5162 πεσεν
2297 5107 2390 5175 ἐφ’
2423 5105 2582 5177 ἡμᾶς
2616 5110 2649 5161 ὀ
2677 5109 2862 5176 φόϐος
2890 5107 3060 5176 ὑμῶν
3090 5107 3190 5161 καὶ
3221 5111 3254 5160 ὀ
3279 5106 3515 5174 τρόμος.
3549 5105 3666 5158 Μία

2084 5205 2263 5258 τοίνυν
2291 5203 2406 5266 ὁδὸς
2434 5206 2466 5274 ή
2498 5203 2586 5256 διὰ
2615 5203 2723 5258 τῶν
2749 5203 3065 5274 κτισμάτων
3092 5219 3104 5231 ·
3157 5203 3324 5272 ἑτέρα
3368 5202 3465 5254 καὶ
3500 5218 3667 5269 σαφε-

2088 5303 2252 5375 στέρα
2279 5305 2312 5374 ἡ
2355 5301 2444 5355 διὰ
2484 5301 2592 5354 τῶν
2617 5300 2821 5354 δούλων
2840 5317 2853 5330 ·
2883 5300 2978 5352 καὶ
3018 5298 3222 5370 ταύτην
3247 5297 3452 5352 ἀνωθεν
3485 5299 3513 5350 6
3533 5297 3666 5361 Θεὸς

2088 5400 2421 5471 κατέσπειρε
2472 5398 2595 5452 καθ’
2638 5396 2875 5467 ἑκάστην
2918 5394 3112 5464 γενεὰν
3145 5394 3243 5467 τὴν
3291 5395 3664 5449 διδασκαλίαν.

2087 5497 2226 5559 Τοὺς
2256 5493 2388 5565 γοῦν
2410 5492 2739 5563 Αἰγυπτίους
2773 5491 3092 5544 ἐπαίδευσεν
3123 5491 3229 5548 ἀπὸ
3253 5491 3348 5544 τοῦ
3391 5491 3667 5563 Ἀϐραὰμ,

2087 5595 2213 5658 τοὺς
2247 5593 2462 5665 Πέρσας
2490 5591 2600 5646 ἀπὸ
2630 5590 2722 5644 τοῦ
2749 5588 2914 5644 αὐτοῦ
2941 5590 3126 5658 πάλιν,
3157 5591 3283 5654 τοὺς
3329 5588 3669 5661 Ἰσραηλίτας

2090 5692 2199 5747 ἀπὸ
2231 5690 2338 5746 τῶν
2375 5691 2644 5758 ἐκγόνων,
2675 5691 2772 5743 καὶ
2800 5689 3020 5762 ἐτέρους
3057 5691 3301 5762 μυρίους,
3336 5688 3430 5741 καὶ
3456 5687 3543 5740 διὰ
3573 5685 3668 5739 τοῦ

2106 5787 2300 5845 Ἰακὼϐ
2345 5787 2595 5859 ἐτέρους,
2644 5787 2770 5850 τοὺς
2819 5789 2875 5842 ἐν
2913 5790 2979 5858 τῇ
3026 5787 3182 5859 Μὲσῃ
3234 5785 3341 5841 τῶν
3386 5784 3669 5856 ποταμῶν.
