4106 6414
458 306 527 361 49
1194 310 1251 367 S.
1290 312 1576 370 JUANNIS
1613 316 2107 380 CIIHYSOSTOMI
2140 327 2462 390 ARCHIEP.
2500 336 3057 402 CONSTANTINOP.
3655 352 3725 408 ει)

461 425 613 490 Εἰδες
665 427 881 481 ἃπασαν
930 430 1029 501 τὴν
1075 429 1401 503 οἰκουμένην
1449 436 1866 510 παιδευομένην,
1920 442 2034 510 εἴγε

459 514 652 584 ἦθελον
670 553 685 577 ,
734 516 841 570 ἀπὸ
870 517 979 571 τῶν
1011 518 1208 586 ἁγίων;
1236 521 1343 574 Καὶ
1371 522 1477 592 πρὸ
1504 524 1706 578 τούτων
1731 527 1786 580 δὲ
1816 530 1845 580 6
1871 546 2039 583 κατα-

461 596 732 668 κλυσμὸς,
783 602 816 670 ή
866 601 973 653 τῶν
1023 602 1281 670 γλωσσῶν
1330 605 1604 677 διάχυσις,
1643 611 1802 665 ἰκανά
1850 611 2036 666 διανα-

464 686 655 756 στῆσαι
701 689 879 741 αὐτῶν
922 690 1020 760 τὴν
1066 692 1325 748 διάνοιαν.
1376 695 1494 750 Ἵνα
1542 697 1651 770 γὰρ
1704 701 1779 772 μὴ
1821 701 1908 756 διὰ
1946 703 2037 756 τὸν

461 773 650 843 χρόνον
682 777 762 841 εἰς
797 776 966 849 λήθην
1011 781 1226 854 ἐμπέσῃ
1259 782 1320 835 τὸ
1358 785 1592 854 συμϐἀν,
1625 788 1654 839 6
1689 788 1853 853 τόπος
1894 797 2037 861 λαμ-

464 860 615 914 ϐάνει
660 862 759 935 τὴν
805 869 1211 939 προσηγορίαν,
1253 872 1347 925 καὶ
1390 872 1645 927 Βαϐυλὼν
1676 875 1924 930 ἐντεῦθεν
1952 860 2038 931 λέ-

463 962 637 1016 γεται,
664 950 771 1037 ἀπὸ
792 951 893 1022 τῆς
909 956 1222 1026 συγχύσεως
1248 958 1357 1012 τῶν
1380 959 1652 1029 γλωττῶν,
1680 963 1765 1017 ῖνα
1788 967 1816 1018 6
1836 968 2038 1037 ἀκροα-

462 1033 560 1104 τὴς
591 1035 700 1089 ἀπὸ
726 1038 824 1108 τῆς
862 1043 1233 1113 προσηγορίας
1270 1045 1650 1119 ὁδηγούμενος,
1686 1052 1778 1105 ἐπὶ
1808 1033 2033 1126 τὴν-ἀρ-

462 1120 563 1191 χὴν
594 1123 724 1198 ἔλθῃ
768 1126 876 1180 τῶν
921 1129 1281 1200 συμϐάντων,
1312 1137 1405 1187 καὶ
1451 1136 1595 1208 μάθῃ
1638 1138 1732 1191 τοῦ
1775 1120 1911 1194 Θεοῦ
1937 1120 2037 1213 την

468 1210 640 1280 ἰσχύν.
673 1214 828 1267 Οῦτω
847 1217 940 1268 καὶ
963 1220 1012 1270 οἰ
1038 1220 1135 1290 τὴν
1162 1219 1313 1274 δύσιν
1334 1223 1607 1288 οἰκοῦντες
1638 1225 1838 1292 πάντες
1858 1210 2037 1282 πάντα

464 1298 787 1368 ἐμάνθανον,
810 1303 925 1377 [16]
949 1309 1068 1360 κατ’
1088 1309 1356 1379 ἐμπορίαν
1374 1312 1687 1380 Αἰγυπτίοις
1707 1318 2035 1388 συγγινόμε-

462 1388 780 1454 νοι.”Δλλως
810 1393 869 1446 δὲ
893 1396 949 1446 ἐν
981 1396 1178 1466 ἀρχαῖς
1199 1400 1291 1451 καὶ
1311 1400 1369 1451 ἐν
1393 1403 1697 1471 προοιμίοις
1721 1405 1841 1459 οὺδέ
1869 1405 2038 1461 πολλά

463 1474 590 1546 ἔθνη
614 1478 753 1532 κατὰ
776 1479 837 1533 16
869 1481 1035 1553 μέρος
1056 1484 1154 1555 τῆς
1181 1486 1503 1559 οἰκουμένης
1527 1491 1701 1546 ἐκεῖνο
1727 1488 1793 1564 ἦν
1813 1512 1826 1527 ο
1858 1494 1973 1549 ἀλλ’
2002 1497 2037 1567 ή

463 1563 886 1637 πολυανθρωπία
916 1569 1010 1621 καὶ
1051 1571 1085 1642 ή
1126 1573 1418 1644 πολυοχλία
1448 1577 1505 1629 ἐν
1529 1581 1643 1643 τοῖς
1690 1563 1881 1652 μέρεσι
1925 1563 2039 1648 τοῖς

463 1652 605 1743 κατά
626 1653 723 1724 τὴν
739 1654 1006 1743 ἀνατολὴν
1033 1663 1392 1734 συνειστήκει.
1422 1665 1528 1718 Καὶ
1551 1667 1662 1738 γὰρ
1683 1670 1778 1722 καὶ
1799 1673 1828 1724 6
1868 1671 2040 1743 Ἀδὰμ

465 1736 673 1827 ἐκεῖθεν
701 1738 914 1827 ἐξῆλθε,
946 1743 1039 1827 καὶ
1060 1744 1129 1799 τὰ
1157 1745 1287 1817 γένη
1329 1747 1425 1827 τοῦ
1459 1747 1580 1803 Νῶε
1605 1736 1722 1805 ἐκεῖ
1767 1736 2035 1827 διέτριϐέ,

465 1821 557 1873 καὶ
605 1823 741 1910 μετά
781 1823 874 1877 τὸν
916 1826 1126 1910 πύργον
1161 1830 1278 1884 ἐκεῖ
1323 1826 1482 1901 ἦσαν,
1523 1835 1618 1889 καί⁵
1648 1821 2040 1910 ἀνεστρέξροντο

461 1905 557 1959 ἐπὶ
589 1905 779 1996 πλεῖον.
804 1908 945 1996 κατά
971 1911 1255 1977 ἀνατολάς.
1305 1916 1441 1971 Ἀλλ’
1471 1918 1620 1987 ὅμως
1649 1922 1771 1975 καθ’
1800 1905 2039 1996 ἑκάστην

459 1991 656 2059 γενεὰν
705 1991 1059 2061 διδασκάλους
1102 1996 1286 2061 αὐτοῖς
1334 2000 1667 2073 κατέστησεν
1694 2005 1723 2057 6
1751 2005 1883 2070 Θεὸς
1902 2046 1918 2071 ,
1945 1991 2057 2063 16v-

461 2073 620 2139 Νῶε,
669 2073 762 2127 τὸν
813 2076 1098 2149 Ἀϐραάμ,
1142 2080 1232 2134 τὸν
1294 2083 1514 2149 Ἰσαὰκ,
1552 2087 1645 2139 τὸν
1687 2087 1910 2156 Ἰακὼϐ,
1946 2090 2038 2147 τὸν

459 2156 815 2227 Μελχισεδέκ.
851 2159 943 2212 Διὸ
986 2161 1081 2214 καὶ
1109 2164 1138 2217 6
1165 2166 1451 2236 προφήτης
1497 2160 1651 2233 οὗτος
1680 2170 1788 2225 ἀπὸ
1815 2172 1922 2227 τῶν
1955 2175 2036 2240 εἰς

459 2240 585 2303 τοὺς
616 2241 801 2329 ἀγίους
837 2245 1142 2329 γενομένων
1166 2248 1357 2317 ἀνάγει
1384 2251 1511 2315 τοὺς
1544 2254 1602 2306 ὲν
1631 2257 1867 2329 πονηρίᾳ
1896 2258 2035 2322 ζῶν-

457 2340 589 2409 τας,
622 2324 795 2394 λέγων
815 2341 831 2357 ·
860 2327 1063 2382 Γνῶτε
1100 2330 1188 2385 ὅτι
1218 2333 1646 2403 ἐθαυμάστωσε
1690 2324 1905 2409 Κύριος
1930 2344 2038 2398 τὸν

461 2407 637 2499 ὅσιον
672 2410 881 2499 αύτοῦ.
928 2412 993 2499 Τί
1036 2415 1216 2499 ἐστιν,
1273 2407 1786 2489 Ἐθαυμάστωσεί
1809 2407 2036 2499 Θαυμα-

464 2490 589 2583 στὸν
632 2493 921 2583 ἐποίησεν,
962 2496 1265 2583 ἐπίσημον,
1302 2501 1584 2575 λαμπρὸν,
1625 2511 1899 2583 περιφανῆ
1929 2490 2037 2567 ’τὸν

460 2574 814 2646 ἀνακείμενον
862 2579 1031 2651 αὐτῷ.
1076 2581 1208 2635 Ἀπὸ
1255 2584 1347 2637 τοῦ
1374 2574 1561 2640 δούλου
1594 2574 1777 2644 τοίνυν
1808 2574 1902 2647 καί
1928 2596 2037 2649 τῶν

460 2658 543 2721 εἰς
582 2659 744 2713 αὐτὸν
784 2661 1201 2750 συμϐαινόντων⁸
1234 2666 1433 2736 μάθετε
1483 2670 1576 2723 τοῦ
1624 2675 1893 2730 Δεσπότου
1940 2678 2038 2750 τὴν

459 2741 710 2827 δύναμιν.
757 2744 871 2799 οὐκ
914 2741 1067 2809 εἰπε,
1114 2747 1351 2804 Δέδωκεν
1401 2753 1635 2819 ἀγαθὸν,
1674 2757 1864 2827 μόνον,
1897 2741 2033 2827 ἀλλῖ,

474 2825 923 2897 Ἑθαυμάστωσε,
978 2829 1153 2901 δηλῶν
1192 2833 1273 2886 ὅτι
1301 2832 1498 2890 δέδῶκε
1546 2825 1686 2909 μετά
1721 2841 1918 2897 πολλοῦ
1944 2825 2035 2899 τοῦ

463 2909 773 2981 θαύματος,
824 2912 960 2982 μετὰ
1008 2914 1207 2987 πολλῆς
1257 2918 1357 2989 τῆς
1397 2920 2039 2991 παραδοξοποιίας.οὔτω

461 2995 554 3048 καὶ
602 2994 695 3047 ἐπὶ
736 2994 827 3047 τοῦ
875 2995 1127 3082 Ἀϐραάμ
1175 2998 1419 3067 γέγονεν.
1471 3002 1544 3055 (νύ
1594 3006 1703 3076 γάρ
1746 3008 1906 3080 μόνον
1937 3011 2038 3082 τὴν

462 3082 694 3148 γυναῖκα
731 3078 928 3134 ἔδωκεν
960 3081 1269 3153 ἀνέπαφον,
1301 3084 1437 3138 ἀλλὰ
1465 3087 1560 3140 καὶ
1594 3078 1906 3161 θαυμαστὸν
1935 3078 2037 3148 σύ-

458 3162 551 3217 τὸν
581 3163 1019 3245 παρεσκεύασεν
1060 3165 1136 3229 ὼς
1171 3167 1245 3238 μὴ
1280 3169 1440 3238 μόνον
1468 3172 1527 3224 ἐν
1557 3171 1634 3243 τῷ
1667 3175 1740 3245 μὴ
1765 3175 1958 3231 παθεῖν
1984 3197 2037 3233 τι

464 3247 634 3300 δεινὸν
675 3244 813 3300 εἶναι
843 3248 993 3318 αὐτῷ
1025 3248 1390 3333 τὴνδωρεὰν,
1427 3252 1564 3307 ἀλλὰ
1584 3258 1678 3309 καὶ
1710 3244 1769 3311 ἐν
1795 3259 1872 3330 τῷ
1893 3260 2038 3333 λαμο

465 3329 600 3400 πρὸν
628 3329 877 3416 γενέσθαι
918 3332 1059 3416 κατά
1099 3332 1196 3403 τὴν
1238 3334 1532 3403 Αἴγυπτον.
1569 3338 1642 3392 Τὸ
1673 3340 1772 3412 μὲν
1803 3329 1912 3416 γάρ
1950 3329 2039 3401 διά

466 3412 558 3483 τὴν
589 3412 753 3466 αὐτοῦ
778 3414 1122 3487 δικαιοσύνην
1154 3418 1387 3485 ἐγένετο,
1420 3419 1481 3472 τὸ
1516 3422 1685 3491 μηδὲν
1726 3412 1893 3495 ἀηδὲς
1935 3446 2040 3481 πα-

463 3496 611 3578 θεῖνῇ
646 3495 708 3549 τὸ
755 3496 812 3550 δὲ
841 3496 929 3549 διά
958 3497 1056 3569 τὴν
1094 3501 1320 3553 ἐκείνων
1355 3502 1652 3571 ὠφέλειαν,
1678 3506 1741 3560 τὸ
1771 3510 1907 3578 μετὰ
1932 3527 2039 3564 πα-

465 3577 847 3651 ραδοξοποιίας-
861 3580 1070 3634 ἐκεῖθεν
1086 3582 1418 3639 ἐπανελθεῖν.
1445 3585 1615 3640 Τοῦτο
1632 3588 1723 3641 ἐπὶ
1738 3577 1843 3645 τῶν
1872 3593 2040 3663 τριῶν

464 3660 689 3731 παίδων,
715 3664 873 3719 τοῦτο
903 3664 1124 3719 ἐπὶτῶν
1149 3666 1380 3721 λεόντων
1399 3670 1616 3742 συνέϐη,
1644 3671 1803 3727 τοῦτο
1822 3660 1921 3728 ἐπί
1944 3676 2038 3730 τοῦ

468 3750 663 3819 κήτους
693 3750 790 3803 καὶ
814 3748 909 3802 τοῦ
949 3751 1123 3815 Ἰωνᾶ,
1156 3751 1251 3804 καὶ
1278 3753 1556 3825 πανταχοῦ
1596 3756 1735 3826 μετά
1763 3757 2041 3831 θαύματος

466 3831 649 3897 σώζει,
672 3832 770 3902 οὐχ
800 3831 985 3896 ἁπλῶς
1011 3833 1239 3900 πάντας,
1270 3834 1408 3891 ἀλλά
1427 3838 1519 3891 τὸν
1550 3839 1716 3894 ὅσιον.

534 3910 760 3979 ζ¹.Εἰδες
777 3916 891 3980 πῶς
914 3916 1052 3986 μετά
1066 3917 1165 3989 τῆς
1184 3916 1529 3987 θεογνωσίας,
1544 3924 1636 3976 καὶ
1648 3922 1764 3993 βίου
1775 3924 2041 3997 ἀκριϐοῦς

464 3997 831 4084 παραίνεσινξι
855 4002 1105 4084 ποιεῖται,
1121 4001 1403 4084 παιδεύων
1428 4002 1503 4074 μὴ
1534 4006 1695 4074 μόνον
1722 4008 1783 4060 ἐν
1809 4011 1875 4080 τῇ
1903 4028 2039 4084 χρη-

464 4080 684 4150 στότητι
702 4073 818 4164 τοῦί
829 4080 986 4164 Θεοῦ,
1009 4081 1145 4135 ἀλλά
1176 4083 1269 4136 καὶ
1295 4086 1353 4137 ἐν
1382 4088 1448 4157 τῇ
1484 4073 1593 4142 τῶν
1620 4073 2037 4164 οἰκείων

460 4163 631 4233 ,ἀρετῇ
655 4163 755 4227 τὰς
781 4163 999 4227 ἐλπίδας
1025 4163 1170 4236 ἔχειν
1196 4164 1640 4240 τῆς’σωτηρίας;
1678 4163 1903 4242 Κύριος
1915 4181 2038 4231 εἰσ-

460 4247 786 4301 ακούσεται
818 4264 939 4315 μου
966 4248 1037 4301 ἐν
1068 4247 1149 4313 τῷ
1169 4251 1521 4321 κεκραγέναι
1545 4271 1624 4324 με
1646 4257 1796 4325 πρὸς
1826 4262 2035 4323 αὐτόν,

463 4330 646 4389 Εἰπὼν
660 4332 744 4385 ὅτι
765 4331 1209 4402 ὲθσυμάστωσεν,
1240 4335 1336 4404 οὐχ
1363 4335 1575 4390 ἵσταται
1608 4339 1772 4412 μέχρι
1806 4342 2034 4411 τούτων,

463 4414 596 4470 ἀλλά
636 4416 731 4469 καὶ
781 4416 969 4487 ἕτερον
1008 4415 1316 4501 εὐημερίας
1379 4413 1521 4483 εἰδος
1550 4420 1719 4491 λέγει.
1770 4424 1929 4480 Ποῖον
1970 4427 2037 4501 δὴ

460 4500 644 4567 τοῦτος
679 4500 753 4554 T6
792 4500 1055 4573 διηνεκῶς
1083 4501 1229 4573 ἔχειν
1271 4502 1364 4557 τὸν
1406 4503 1540 4559 Θεὸν
1605 4506 1894 4581 σύμμαχον
1940 4500 2036 4567 καὶ

462 4583 674 4666 βοηθὸν,
708 4585 805 4638 καὶ
834 4584 1111 4655 πανταχοῦ
1147 4586 1577 4658 παριστάμενον.
1623 4592 1701 4645 υύ
1738 4592 1848 4666 γὰρ
1888 4595 2038 4662 ἅπαξ

461 4665 616 4719 τοῦτο
634 4667 785 4751 ποιεῖ
823 4668 919 4751 καὶ
950 4667 1032 4732 δὶς
1063 4669 1156 4723 καὶ
1187 4670 1328 4740 τρὶς,
1357 4671 1493 4725 ἀλλά
1526 4665 1823 4745 διηνεκῶς,
1846 4681 2032 4751 φησὶν,

461 4750 556 4804 ἐὰν
586 4748 747 4802 αὺτὸν
768 4749 1052 4820 καλῶμεν·
1079 4751 1173 4805 καὶ
1200 4753 1302 4824 ὅρα
1329 4753 1490 4810 πάλιν
1529 4757 1807 4814 κάνταῦθα
1830 4763 1891 4816 τὸ
1908 4748 1917 4751 ⁷
1936 4764 2036 4819 τά-

460 4848 573 4902 χος.
611 4831 820 4902 Ὠσπερ
846 4832 955 4904 γὰρ
981 4832 1095 4887 ἄνω
1124 4834 1331 4903 ἔλεγεν,
1378 4838 1482 4891 Ἐν
1504 4837 1586 4904 τῷ
1615 4841 2037 4902 ἐπικαλεῖσθαι

459 4932 551 4984 με,
591 4915 924 4983 εἰσαήκουσέ
962 4935 1083 4987 μου
1104 4920 1137 4973 ὁ
1163 4919 1310 4986 Θεὸς
1337 4919 1448 4990 τῆς
1474 4922 1865 4995 δικαιοσύνης
1877 4947 1998 4998 μου
2017 4949 2032 4964 ο

461 4998 604 5053 οὕτω
651 5000 746 5053 καὶ
787 4999 1054 5066 ἐνταῦθα,
1112 5002 1217 5057 Ἐν
1259 5002 1342 5070 τῷ
1373 5007 1721 5078 κεκραγέναι
1760 5027 1838 5081 με
1882 5013 2035 5083 πρὸς

457 5083 665 5142 αὐτόν.

529 5166 652 5231 Πῶς
701 5161 796 5222 οὖν
827 5168 927 5222 οὐκ
969 5167 1257 5223 ἀκούονται
1305 5168 1525 5236 πολλοὶ,
1581 5175 1749 5244 φησίς
1813 5179 1915 5235 Διά
1970 5182 2035 5237 τὸ

461 5248 989 5335 ἀσύμφορα-αἰτεῖν.
1018 5251 1314 5335 ΠἘνταῦθα
1351 5256 1460 5328 γὰρ
1487 5255 1550 5309 τὸ
1589 5258 1663 5328 μὴ
1696 5259 2032 5335 ἀκουσθῆναι

461 5330 551 5383 τοῦ
586 5331 917 5403 ἀκουσθῆναι
965 5333 1194 5406 βέλτιον.
1231 5336 1395 5391 ’Ὥστε
1446 5338 1547 5393 κᾶν
1574 5330 2035 5420 ἀκουώμεθαίμὴ

459 5413 547 5500 διά
572 5415 729 5500 τοῦτο
761 5419 1040 5500 χαίρωμεν
1060 5439 1073 5453 ο
1105 5421 1242 5480 ἀλλὰ
1275 5424 1370 5475 καὶ
1396 5424 1522 5479 ὅταν
1552 5425 1626 5496 μὴ
1670 5413 2031 5500 ἁκουὼμεθα,

463 5498 554 5549 καὶ
585 5495 674 5581 διά
701 5498 859 5552 τοῦτο
884 5500 1215 5573 δοξάζωμεν.
1257 5503 1330 5563 ’Ἡ
1361 5505 1470 5577 γὰρ
1492 5495 1788 5581 ἀσύμφορα
1815 5495 2030 5567 αἰτοῦνέ

460 5593 548 5642 τες
572 5580 674 5631 οὐκ
714 5582 1023 5653 ἀκουόμεθα
1042 5625 1056 5649 ,
1089 5587 1183 5640 καί⁸
1212 5588 1291 5658 τῷ
1329 5590 1404 5660 μὴ
1430 5589 1617 5647 λαϐεῖν
1641 5594 2027 5669 κερδαίνομενο

519 5725 549 5759 ι
578 5714 698 5779 Reg.
726 5721 804 5767 καὶ
832 5721 936 5783 βίου
956 5726 1174 5788 προνοίας
1195 5727 1490 5789 παραίνεσιν,

2145 445 2187 541 ἢ.
2212 449 2472 522 ῥᾳθύμως
2503 456 2794 528 αἰτοῦμεν,
2843 464 2939 517 καὶ
2984 468 3050 538 τῇ
3096 467 3349 541 μελλήσει
3395 469 3496 539 τῆς
3523 469 3727 539 δόσεως

2139 537 2237 607 τὴν
2269 542 2593 621 προσεδρίαν
2619 548 2748 618 ἡμῖν
2776 552 2805 602 6
2825 550 2959 616 Θεὸς
2992 537 3271 624 σοφίζεται
3293 573 3307 588 ·
3348 537 3633 613 καὶ-τοῦτο

2137 624 2198 675 οὐ
2228 627 2421 697 μικρὸν
2463 630 2670 702 κέρδος.
2703 637 2771 690 El
2797 638 2908 707 γὰρ
2943 641 3133 709 ὑμεῖς,
3165 646 3362 716 φησὶν,
3394 644 3598 702 οῖδατε
3626 645 3729 699 δό-

2133 726 2287 806 ματα
2322 716 2513 806 ἀγαθὰ
2551 720 2783 778 διδόναι
2834 726 2959 794 τοῖς
3002 730 3238 798 τέκνοις
3280 732 3484 801 ὑμῶν,
3542 734 3726 806 πολλῷ

2142 801 2344 869 μᾶλλον
2372 806 2399 857 6
2425 804 2558 873 Θεὸς
2595 810 2778 881 ήμῶν,
2820 813 3188 887 ἐπιστάμενος
3208 818 3270 873 τὸ
3293 818 3480 874 δοῦναι
3498 861 3515 885 ,
3538 820 3634 875 καὶ
3661 801 3727 874 16

2140 888 2271 977 πότε
2306 889 2512 955 δοῦναι,
2537 896 2632 949 καὶ
2654 896 2717 950 τὸ
2740 900 2797 951 τί
2825 899 3029 956 δοῦναι.
3056 902 3169 977 [17]
3201 906 3354 959 Ἐπεὶ
3379 906 3478 961 καὶ
3509 905 3725 971 Παῦλος

2139 974 2330 1066 ⁴ᾔτησε,
2362 981 2455 1033 καὶ
2483 982 2581 1035 οὐκ
2621 982 2841 1039 ἔλαϐεν·
2874 974 3191 1063 ἀσύμφορον
3224 992 3254 1033 ι)
3284 993 3394 1066 γὰρ
3434 994 3558 1066 ⁴ᾔτει
3579 1011 3592 1025 ·
3623 996 3724 1048 καὶ
3824 978 3835 983 ’

2141 1060 2395 1136 Μωῡσῆς,
2433 1068 2524 1120 καὶ
2557 1069 2677 1124 οὐδὲ
2704 1071 2897 1143 ἐκείνῳ
2926 1060 3217 1132 ἐπένευσεν
3246 1078 3275 1131 6
3297 1060 3468 1140 Θεόςῖ
3488 1079 3581 1151 Μὴ
3606 1077 3724 1132 τοί-

2139 1168 2236 1203 νυν
2262 1155 2612 1229 ἀποστῶμεν,
2648 1161 2775 1215 ὅταν
2814 1163 2890 1236 μὴ
2921 1165 3270 1236 άκουὼμεθα,
3302 1167 3434 1238 μηδὲ
3465 1167 3725 1238 ἁλύωμεν

2140 1241 2236 1293 καὶ
2277 1244 2603 1315 ναρκῶμεν’,
2646 1248 2760 1302 ἀλλ’
2802 1251 3154 1323 ἐπιμένωμεν
3190 1255 3258 1325 τῇ
3294 1253 3592 1325 προσεδρίᾳ
3624 1254 3721 1306 καὶ

2138 1331 2204 1398 τῇ
2234 1326 2465 1403 ἇίτήσει.
2506 1335 2692 1390 Πάντα
2735 1340 2848 1411 γάρ
2898 1342 3288 1412 συμφερόντως
3327 1343 3357 1395 6
3387 1340 3521 1405 Θεὸς
3554 1341 3722 1411 ἐργά-

2140 1415 2313 1480 ζεται.
2359 1419 2710 1491 Ὀργίζεσθε,
2757 1410 2858 1480 καὶ
3013 1410 3411 1498 ἁμαρτάνετε’
3441 1426 3481 1482 d
3512 1410 3722 1496 λέγετε

2140 1503 2210 1557 ἐν
2250 1506 2379 1574 ταῖς
2425 1510 2695 1579 καρδίαις
2737 1514 2938 1583 ὑμῶν,
2989 1516 3088 1569 ἐπὶ
3126 1516 3255 1582 ταῖς
3294 1517 3521 1581 κοίταις
3551 1513 3722 1584 ὑμῶν

2141 1596 2532 1665 κατανύγητε.
2586 1599 2762 1672 Ὅπερ
2805 1602 3117 1673 ἔμπροσθεν
3166 1599 3355 1667 εἰπον,
3408 1602 3569 1657 τοῦτο
3625 1602 3720 1656 καὶ

2139 1680 2235 1735 νῦν
2258 1680 2420 1751 λέγω.
2462 1686 2679 1759 Ἐπειδὴ
2709 1688 2815 1760 γὰρ
2846 1689 2983 1760 πρὸς
3014 1689 3343 1760 θεογνωσίαν
3370 1690 3569 1755 αὐτοὺς
3598 1688 3721 1761 μέλ-

2138 1766 2219 1822 λει
2240 1775 2622 1842 χειραγωγεῖν,
2650 1776 2985 1830 ἀπαλλάττει
3006 1779 3105 1848 τὴν
3136 1777 3313 1849 ψυχὴν
3337 1777 3447 1831 τῶν
3474 1775 3720 1848 νοσημά-

2137 1871 2265 1912 των.
2308 1854 2428 1912 Οἰδε
2467 1861 2597 1931 γὰρ,
2636 1862 2717 1914 ὅτι
2769 1862 2884 1932 βίος
2919 1864 3315 1936 διεφθαρμένος
3351 1863 3580 1935 κώλυμα
3616 1863 3719 1934 τῆς

2136 1945 2244 1999 τῶν
2274 1948 2493 2020 ὑψηλῶν
2524 1950 2809 2022 δογμάτων
2838 1953 3121 2026 ἀκριϐείας
3146 1954 3379 2023 γίνεται.
3407 1953 3585 2023 Ὅπερ
3622 1948 3717 2006 οὖν

2138 2034 2234 2086 καὶ
2267 2036 2480 2101 Παῦλος
2510 2039 2883 2111 αἰνιττόμενος
2925 2040 3110 2110 ἔλεγεν
3137 2052 3161 2081 ο
3186 2059 3199 2073 ·
3241 2042 3363 2095 Οὐκ
3398 2038 3718 2115 ἠδυνήθην
3752 2038 3763 2045 ’

2135 2122 2279 2192 ύμῖν
2308 2124 2578 2193 λαλῆσαι
2614 2128 2693 2194 ὠς
2718 2128 3170 2197 πνευματικοῖς,
3203 2128 3342 2184 ἀλλ’
3385 2129 3467 2195 ὡς
3505 2142 3719 2194 σαρκι-

2135 2210 2283 2277 κοῖς.
2330 2212 2440 2265 Καὶ
2494 2212 2687 2267 πάλινο
2744 2214 2839 2281 Ὡς
2883 2215 3125 2283 νηπίοις
3166 2215 3238 2268 ἐν
3271 2215 3525 2284 Χριστῷ,
3559 2213 3716 2285 γάλα

2133 2298 2292 2369 ὑμᾶς
2310 2301 2581 2369 ἐπότισα,
2612 2305 2683 2359 οὐ
2704 2303 2935 2375 βρῶμα.
2960 2304 3071 2359 Καὶ
3104 2303 3268 2359 πάλιν
3285 2321 3299 2336 ο
3328 2303 3472 2373 Περὶ
3497 2298 3570 2358 οὗ
3608 2317 3718 2356 πο-

2134 2388 2252 2455 λὺς
2292 2388 2439 2458 ἡμῖν
2477 2392 2511 2444 ό
2550 2391 2735 2459 λόγος
2774 2392 2872 2445 καὶ
2904 2391 3411 2461 δυσερμήνευτος,
3441 2389 3574 2443 ἐπεὶ
3603 2406 3715 2443 νω-

2136 2476 2266 2543 θροί
2292 2476 2434 2531 ἐστε
2459 2477 2575 2545 τὴν
2600 2477 2814 2546 ἀκοήν.
2850 2480 2955 2533 Καὶ
2985 2481 3015 2533 6
3048 2479 3277 2544 Ἡσαΐας
3310 2478 3473 2533 πάλιν
3493 2494 3506 2510 ·
3541 2475 3716 2544 Ζητεῖ

2129 2578 2209 2631 με
2243 2565 2275 2617 d
2314 2564 2465 2630 λαὸς
2495 2558 2693 2630 οὗτος,
2719 2565 2820 2619 καί
2845 2564 3068 2635 γνῶναι
3091 2583 3212 2635 μου
3240 2564 3348 2633 τὰς
3378 2563 3558 2631 ὀδοὺς
3587 2564 3715 2617 ἐπι-

2135 2648 2463 2718 θυμοῦσιν,
2506 2650 2588 2717 ὡς
2610 2650 2763 2717 λαὸς
2787 2651 3186 2721 δικαιοσύνην
3218 2652 3581 2720 πεποιηκὼς,
3616 2648 3715 2705 και

2134 2738 2336 2806 κρίσιν
2363 2738 2511 2793 Θεοῦ
2527 2738 2614 2810 μὴ
2635 2739 3168 2811 ὲγκαταλελοιπώς.
3193 2742 3304 2796 Καὶ
3329 2740 3488 2811 Ὠσηέ
3507 2755 3526 2775 ο
3547 2738 3717 2794 Σπεί-

2126 2842 2272 2893 ρατε
2297 2825 2535 2893 ἑαυτοῖς
2548 2829 2635 2894 εἰς
2658 2827 3074 2899 δικαιοσύνην,
3097 2829 3396 2899 φωτίσαι-ε
3419 2826 3545 2898 φῶς
3568 2826 3717 2897 γνώς

2135 2930 2309 2983 σεως.
2346 2916 2456 2970 Καὶ
2488 2918 2517 2970 ὀ
2544 2918 2775 2984 Χριστὸς
2801 2918 3067 2972 διδάσκων
3094 2918 3245 2985 ἔλεγε
3263 2935 3275 2948 ·
3306 2916 3430 2984 Πᾶς
3452 2920 3484 2971 ό
3509 2916 3719 2987 φαῦλα

2135 3002 2449 3073 πράσσων,
2468 2995 2651 3075 ’μισεῖ
2664 3004 2730 3059 τὸ
2759 3005 2903 3075 φῶς,
2942 3005 3039 3059 καί
3067 3007 3178 3060 οὐκ
3211 3006 3446 3073 ἔρχεται
3474 3004 3625 3073 πρὸς
3647 3002 3718 3057 τὸ

2134 3090 2280 3162 φῶς.
2319 3093 2429 3145 Καὶ
2456 3093 2645 3147 πάλιν·
2678 3093 2810 3160 Πῶς
2835 3094 3101 3149 δύνασθε
3133 3094 3443 3147 πιστεύειν
3458 3094 3487 3157 ,Ἶ
3526 3090 3718 3155 δόξαν

2135 3179 2274 3250 παρ’
2307 3180 2598 3250 ἀλλήλων
2628 3181 3066 3251 λαμϐάνοντες,
3116 3181 3217 3234 καί
3244 3179 3363 3249 τὴν
3390 3178 3581 3243 δόξαν
3601 3175 3720 3245 τὴν

2135 3269 2298 3338 παρὰ
2330 3269 2436 3324 τοῦ
2460 3273 2652 3339 μόνου
2682 3269 2831 3323 Θεοῦ
2871 3271 2942 3323 οὐ
2986 3269 3331 3337 ζητοῦντες;
3374 3268 3483 3320 Καὶ
3511 3266 3674 3320 πάλιν
3696 3279 3713 3296 ⁸

2141 3356 2332 3411 Ταῦτα
2365 3352 2539 3411 εἷπον
2570 3360 2623 3412 οἱ
2647 3358 2838 3427 γονεῖς
2861 3357 3069 3421 αὑτοῦ,
3104 3357 3191 3411 ὅτι
3219 3355 3547 3426 ἐφοϐοῦντο
3570 3351 3718 3419 τοὺς

2148 3444 2501 3511 Ἰουδαίους,
2533 3446 2634 3499 ἵνα
2654 3444 2741 3515 μὴ
2775 3444 3233 3515 ἀποσυνάγωγοι
3260 3444 3568 3514 γένωνται.
3604 3441 3719 3495 Καὶ

2136 3532 2297 3588 πάλιν
2318 3550 2332 3562 ·
2363 3531 2588 3586 Πολλοὶ
2626 3531 2694 3586 δὲ
2721 3532 3095 3588 ἐπίστευσαν
3132 3534 3221 3598 εἰς
3245 3530 3450 3595 αὑτὸν,
3492 3528 3589 3583 καί
3616 3528 3719 3581 διὰ

2134 3621 2278 3688 τοὺς
2311 3622 2673 3689 Φαρισαίους
2716 3621 2829 3690 οὐχ
2873 3621 3238 3690 ὡμολόγουν.
3291 3619 3400 3672 Καὶ
3437 3617 3715 3688 πανταχοῦ

2137 3711 2237 3765 ἴδοι
2276 3725 2362 3772 τις
2415 3708 2482 3763 ἂν
2527 3707 2620 3762 τὸν
2658 3708 3056 3781 διεφθαρμένον
3101 3708 3216 3778 βίον
3260 3708 3396 3779 πρὸς
3427 3706 3717 3778 δογμάτων

2135 3797 2421 3870 ἀκρίϐειαν
2451 3795 2706 3868 ἐμπόδιον
2730 3796 3030 3867 γινόμενον.
3077 3797 3290 3867 Ὥσπερ
3319 3795 3428 3867 γὰρ
3461 3795 3609 3865 λήμη
3644 3795 3714 3865 τῇ

2134 3886 2245 3939 τῶν
2270 3883 2565 3956 ὀφθαλμῶν
2592 3882 2781 3936 διειδεῖ
2807 3883 2945 3955 κόρῃ
2993 3881 3397 3955 προσιζάνουσα
3435 3882 3715 3934 ἐπισκοτεῖ

2134 3974 2231 4027 καὶ
2261 3972 2406 4026 θολοῖ
2439 3966 2499 4025 τὸ
2531 3970 2785 4041 φωτίζον,
2816 3968 2960 4024 οὓτω
2986 3969 3049 4041 δὴ
3082 3970 3179 4023 καὶ
3200 3969 3461 4039 λογισμὸς
3490 3966 3594 4020 ὑπὸ
3617 3984 3715 4020 πο-

2134 4061 2331 4133 νηρίας
2355 4058 2787 4130 κατειλημμένος
2812 4060 2996 4111 σκοτοῖ
3016 4059 3111 4112 καὶ
3142 4060 3307 4129 πηροῖ
3332 4056 3432 4128 τὴν
3452 4057 3711 4111 διάνοιαν.

2204 4150 2297 4202 Διὸ
2329 4151 2421 4202 καὶ
2462 4150 2491 4202 6
2535 4148 2827 4218 Προφήτης
2875 4145 3032 4200 τοῦτο
3084 4147 3241 4211 εἰδὼς
3300 4147 3482 4215 λέγει·
3530 4145 3714 4215 Ὀργί-

2135 4236 2324 4302 ζεσθε,
2357 4234 2558 4306 καὶμὴ
2591 4233 2975 4306 ἁμαρτάνετε.
3005 4235 3082 4288 Οὐ
3104 4234 3213 4306 γὰρ
3234 4235 3334 4307 τὴν
3356 4235 3529 4307 ὀργὴν
3554 4235 3713 4289 ἀναι-

2137 4329 2239 4396 ρεῖ,
2265 4326 2509 4397 χρησίμη
2536 4325 2646 4396 γάρ
2664 4342 2677 4356 ·
2709 4322 2830 4378 οὐδὲ
2851 4323 2944 4376 16v
2971 4324 3144 4394 θυμὸν
3169 4323 3449 4388 ἐκκόπτει,
3484 4324 3577 4378 καὶ
3602 4323 3716 4394 γὰρ

2133 4414 2406 4485 ὠφέλιμος
2427 4412 2569 4467 κατὰ
2579 4412 2686 4466 τῶν
2700 4411 3028 4467 ἀδικούντων
3044 4413 3325 4483 γινόμενος
3344 4412 3438 4466 καὶ
3449 4410 3591 4466 κατά
3602 4409 3715 4463 τῶν
3805 4460 3810 4465 .

2136 4497 2397 4571 ῥᾳθύμων
2415 4513 2430 4527 ο
2466 4495 2603 4550 ἀλλά
2624 4496 2724 4567 τὴν
2755 4496 2941 4551 ἄδικον
2966 4496 3157 4567 ὀργὴν,
3181 4497 3273 4550 τὸν
3296 4496 3487 4565 ἄλογον
3516 4494 3708 4565 θυμόν.

2133 4582 2243 4635 Καὶ
2260 4579 2511 4650 καθάπερ
2526 4579 2554 4632 6
2576 4578 2818 4650 Μωῦσῆς
2836 4579 2917 4643 εἰς
2931 4580 3021 4633 τὸν
3043 4580 3231 4649 ήθικὸν
3255 4578 3511 4650 ἐμπεσὼν
3530 4578 3709 4646 λόγον,

2132 4663 2240 4718 ἀπὸ
2253 4663 2443 4717 τούτου
2466 4660 2680 4731 πρῶτον
2692 4663 2789 4733 τῆς
2805 4661 3126 4734 νομοθεσίας
3137 4664 3236 4734 τὴν
3257 4662 3432 4735 ἀρχὴν
3453 4664 3707 4725 ποιεῖται,

2132 4746 2337 4815 λέγων,
2376 4747 2457 4798 Οὐ
2472 4744 2810 4814 φονεύσεις,
2848 4744 2992 4799 οὕτω
3016 4746 3081 4818 δή
3112 4747 3207 4800 καὶ
3230 4740 3383 4810 οὗτος
3404 4763 3417 4775 ·
3454 4744 3590 4798 ἀλλά
3618 4742 3711 4797 καὶ

2134 4831 2317 4885 πλεῖον
2338 4823 2523 4894 οὗτος,
2554 4830 2664 4900 ὅσῳ
2691 4830 2784 4883 καὶ
2813 4830 3015 4902 μᾶλλον
3042 4831 3110 4884 τὰ
3142 4831 3242 4902 τῆς
3271 4830 3548 4895 εὐσεϐείας
3571 4847 3710 4899 γνω-

2134 4913 2412 4987 ριμώτερα
2440 4908 2528 4985 ἦν.
2580 4913 2640 4967 '0
2676 4913 2774 4984 μὲν
2795 4913 2905 4985 γὰρ
2934 4914 3025 4967 τὸν
3048 4914 3207 4983 φόνον
3237 4912 3496 4968 ἐκκόπτει
3514 4930 3530 4944 ο
3555 4906 3708 4975 οὗτος

2131 4999 2190 5052 δὲ
2233 4999 2328 5052 καί
2366 4997 2467 5067 τὴν
2500 4995 2712 5068 μητέρα
2756 4997 2851 5051 τοῦ
2891 5000 3082 5067 φόνου,
3124 4997 3225 5068 τήν
3254 4996 3451 5069 ὀργὴν,
3487 4996 3581 5050 καὶ
3609 4995 3711 5067 τὴν

2134 5080 2319 5152 ῥίζανζ,
2362 5080 2458 5134 καὶ
2496 5079 2595 5148 τὴν
2627 5080 2810 5151 πηγὴν
2837 5075 3003 5134 οὖσαν
3033 5080 3131 5134 τοῦ
3166 5080 3339 5135 κακοῦ
3367 5079 3698 5137 ἀναστέλλει.

2132 5166 2223 5219 Διὸ
2251 5164 2345 5218 καὶ
2384 5164 2413 5216 6
2448 5160 2683 5233 Χριστὸς
2722 5161 3101 5216 καταστέλλων
3129 5163 3229 5236 τὴν
3265 5163 3460 5235 ὀργὴν,
3489 5162 3697 5231 ἐλεγενο

2145 5250 2206 5302 '0
2245 5247 2615 5319 ὀργιζόμενος
2652 5244 2732 5311 τῷ
2764 5245 3008 5316 ἀδελφῷ
3051 5249 3239 5303 αὐτοῦ
3283 5248 3448 5318 εἰκῆ,
3491 5249 3709 5318 ἔνοχος

2130 5331 2303 5386 ἕσται
2322 5333 2411 5396 εἰς
2442 5331 2559 5398 τὴν
2587 5328 2840 5400 γέενναν
2866 5330 2973 5383 τοῦ
3005 5332 3216 5399 πυρός.
3243 5327 3398 5396 Εἶδες
3429 5331 3707 5404 πανταχοῦ

2134 5415 2327 5488 μέτρα.
2376 5411 2729 5484 Ὀρτιζεσθε,
2748 5413 2870 5467 οιαὶ
2908 5412 2995 5485 μὴ
3028 5414 3413 5485 ἁμαρτάνετε.
3468 5414 3521 5470 Ὁ
3554 5416 3709 5485 ὀργι-

2190 5553 2369 5619 δμξὶεε.
2412 5558 2467 5603 ει
2506 5553 2646 5619 (ἶοιί).
2688 5554 3073 5619 ἀσυμφόρωςβι
3104 5557 3175 5606 sic
3214 5557 3366 5608 εει-ιι.
3390 5555 3490 5608 Sed
3509 5570 3636 5607 unus
3676 5569 3706 5607 ι

2130 5615 2284 5678 Sam.
2308 5615 2606 5678 memoratus
2628 5615 2904 5678 ἀσύμφορον
2926 5617 3091 5665 habet.

2194 5680 2223 5747 ξ
2242 5677 2363 5738 Reg.
2385 5676 2519 5747 37.60.
2542 5678 2651 5747 γὰρ,
2668 5676 2916 5747 βπερέκαζ
2934 5679 3195 5747 ἔμπροσθεν
3232 5680 3383 5741 εἷπον,
3413 5680 3485 5730 ὅτι
3504 5681 3705 5741 βίαια..

2135 5740 2332 5799 κώλυμα
2355 5743 2472 5799 τῇ...
2498 5738 2775 5802 ἀκριϐείᾳ...
2793 5738 2983 5796 Παῦλος
3005 5738 3177 5802 ἔλεγεν.
