4106 6406
318 339 380 394 49
1086 332 1097 335 Α
1274 346 1277 349 ’
1500 338 1860 397 EXI‘OSlTlO
1901 337 1966 392 IN
2004 336 2331 396 PSALMUM
2374 341 2461 397 IV.
3050 348 3059 353 ’
3578 356 3650 412 50

317 454 493 509 orbem
524 462 806 510 terrarum
843 453 1026 510 fuisse
1054 470 1084 509 a
1111 456 1303 510 sanctis
1331 455 1626 509 docendum
1646 496 1668 522 ,
1700 455 1743 508 si
1775 454 1934 508 modo

323 544 416 614 ipsi
451 545 751 600 voluissem
774 545 802 598 ?
830 548 1145 614 Quinetiam
1185 555 1310 602 ante
1348 562 1440 601 eos
1464 546 1721 602 diluvium
1747 556 1801 600 et
1831 545 1939 601 lin-

332 654 539 707 guarum
568 638 833 693 confusio
861 638 936 693 ad
983 638 1311 694 excitandam
1338 655 1521 695 eorum
1551 648 1782 693 mentem
1809 639 1939 693 satis

341 733 555 789 fuerant.
581 732 660 788 Ne
682 733 838 787 enim
868 733 1019 803 quod
1038 745 1284 788 evenerat
1310 734 1568 804 temporis
1595 733 1940 789 diuturnitate

340 826 582 879 oblivioni
608 825 928 881 traderetur
950 868 967 892 ,
1000 826 1146 881 locus
1171 827 1577 897 appellationem
1624 826 1819 894 accipit
1845 844 1857 879 :
1885 834 1942 880 et

343 917 530 971 exinde
556 916 801 987 Babylon
834 933 906 974 ex
933 917 1228 987 linguarum
1272 918 1588 973 confusione
1625 918 1851 982 dicitur,
1882 925 1942 970 ut

343 1007 551 1061 auditor
585 1007 651 1061 ah
698 1009 813 1077 ipsa
859 1009 1215 1078 appellatione
1241 1009 1532 1074 deductus,
1565 1009 1631 1063 ad
1670 1009 1745 1063 rei
1776 1020 1941 1079 gest-'0

347 1100 661 1168 principium
707 1099 963 1155 deveniat
1008 1112 1063 1156 et
1103 1103 1194 1156 Dei
1238 1102 1488 1158 virtutem
1531 1102 1809 1171 intelligat.
1862 1102 1939 1155 lta

344 1190 503 1245 etiam
525 1193 615 1261 qtti
640 1192 955 1248 habitabant
979 1194 1031 1249 in
1052 1194 1339 1252 Occidente
1359 1213 1546 1253 omnes
1567 1198 1742 1251 omnia
1762 1197 1942 1251 disce-

346 1281 511 1344 bant,
545 1298 668 1337 eum
701 1287 1087 1341 mercatoribus
1114 1286 1381 1359 Egyptiis
1419 1300 1714 1344 versantes.
1744 1289 1944 1357 Quam-

345 1389 504 1443 quam
535 1375 732 1444 alioqui
763 1378 813 1431 in
847 1378 1107 1449 principio
1132 1396 1236 1433 non
1266 1381 1444 1435 multa:
1469 1392 1657 1452 gentes
1688 1391 1840 1437 erant
1886 1383 1939 1437 in

350 1468 433 1521 illa
480 1470 749 1537 regione:
791 1472 885 1526 sed
928 1474 1156 1533 maxima
1204 1474 1481 1529 hominum
1529 1474 1830 1547 frequentia
1879 1490 1944 1533 ac

351 1559 519 1613 turba:
547 1561 831 1616 multitudo
858 1572 976 1618 erat
1002 1564 1056 1618 in
1096 1566 1333 1635 partibus
1363 1567 1616 1622 Orientis.
1649 1569 1854 1623 Etenim
1885 1578 1942 1624 et

349 1649 519 1703 Adam
549 1650 697 1705 illinc
727 1667 972 1722 egressus
1013 1665 1125 1720 est,
1154 1666 1207 1711 et
1227 1672 1396 1727 genus
1425 1657 1537 1714 Noe
1565 1658 1671 1714 illic
1693 1659 1944 1715 versaba-

352 1751 458 1806 tur,
490 1751 546 1797 et
573 1752 695 1813 post
723 1748 909 1800 turrim
937 1748 1043 1803 illic
1070 1759 1237 1815 erant,
1272 1760 1326 1806 et
1354 1761 1416 1807 ut
1442 1752 1728 1821 plurimum
1756 1767 1942 1808 versa-

351 1834 548 1889 bantur
577 1837 627 1890 in
654 1836 892 1893 Oriente.
920 1839 1027 1895 Sed
1059 1850 1234 1897 tamen
1274 1841 1326 1897 in
1370 1850 1686 1914 unaquaque
1714 1860 1941 1915 genera-

352 1926 497 1982 tione
519 1928 662 1984 Deus
691 1929 795 1984 illis
820 1932 1070 1987 doctores
1111 1934 1415 2002 constituit,
1453 1935 1565 1991 Noe
1583 1977 1599 2002 ,
1633 1934 1901 1991 Abraham
1922 1975 1939 2001 ,

351 2019 524 2085 Isaac,
550 2021 736 2088 Jacob,
754 2023 1161 2085 Melchisedech.
1183 2027 1540 2095 Quamobrem
1576 2028 1661 2084 hic
1682 2030 1941 2100 propheta

351 2126 417 2166 ex
446 2112 544 2178 iis,
574 2128 693 2182 qua:
719 2117 919 2171 sanctis
958 2120 1236 2185 eveniunt,
1261 2136 1355 2175 eos
1395 2120 1484 2191 qui
1522 2122 1573 2175 in
1606 2122 1944 2192 improbitate

353 2203 539 2260 vivunt
565 2206 779 2273 excitat,
809 2208 993 2264 dicens
1016 2227 1031 2264 :
1056 2209 1244 2267 Scitote
1266 2214 1505 2284 quoniam
1526 2215 1810 2284 miriﬁcavit
1837 2214 1945 2270 Do-

349 2297 520 2350 minus
542 2306 769 2353 sanctum
793 2316 962 2355 situm.
990 2301 1128 2370 Quid
1154 2313 1269 2370 est,
1295 2305 1589 2376 Miriﬁcavit
1610 2307 1636 2361 i’
1655 2306 1805 2363 Fecit
1843 2307 1942 2363 ad-

350 2389 675 2457 mirabilem,
702 2392 984 2464 insignem.
1024 2395 1257 2464 clarum,
1287 2398 1633 2468 conspicuum
1653 2439 1668 2465 ,
1699 2415 1822 2455 eum
1853 2400 1943 2471 qui

354 2480 454 2550 ipsi
481 2481 728 2539 addictus
755 2493 854 2539 est.
889 2484 970 2540 Ex
994 2500 1150 2541 servo
1175 2502 1305 2559 ergo
1329 2496 1384 2543 et
1426 2489 1491 2544 iis
1515 2505 1634 2560 quae
1665 2490 1763 2561 ipsi
1804 2491 1947 2546 acci-

353 2571 486 2627 dunt
517 2573 725 2629 Domini
753 2575 944 2632 discite
970 2579 1281 2647 potentiam.
1313 2579 1428 2635 Non
1452 2580 1585 2636 dixit
1619 2583 1815 2648 solum,
1840 2582 1945 2637 Bo-

354 2680 482 2720 num
516 2666 701 2733 dedit,
738 2668 831 2724 sed
851 2710 868 2736 ,
897 2670 1257 2726 Admirabilem
1282 2673 1438 2742 fecit,
1468 2674 1777 2744 signiﬁcans
1818 2690 1942 2730 eum

352 2755 567 2813 dedisse
591 2774 711 2814 cum
738 2776 931 2832 magno
951 2763 1230 2829 miraculo,
1252 2774 1449 2836 prteler
1473 2764 1630 2822 fidem
1658 2774 1714 2822 et
1737 2767 1946 2837 opinio-

354 2865 498 2905 nem.
528 2851 600 2905 Ita
622 2853 782 2908 etiam
813 2854 869 2909 in
908 2855 1177 2911 Abraham
1221 2856 1418 2914 factum
1462 2868 1563 2915 est.
1609 2859 1726 2915 Non
1769 2862 1942 2916 solum

351 2942 496 2995 enim
523 2942 673 2997 dedit
699 2959 916 3000 uxorem
948 2947 1220 3014 intactam,
1249 2951 1344 3005 sed
1372 2966 1494 3006 eum
1522 2953 1681 3007 etiam
1713 2953 1946 3009 reddidit

353 3034 724 3091 admirabilem
756 3055 769 3092 :
796 3047 852 3092 ut
877 3053 985 3093 non
1010 3040 1185 3096 solum
1207 3042 1405 3097 donum
1434 3044 1485 3098 in
1517 3059 1583 3101 eo
1602 3045 1941 3112 consisteret,

352 3127 495 3197 quod
526 3128 659 3184 nihil
688 3146 847 3201 grave
868 3147 1058 3202 passus
1083 3135 1171 3198 sit,
1196 3135 1289 3191 sed
1312 3137 1471 3192 etiam
1498 3138 1550 3191 in
1576 3153 1641 3193 eo
1664 3139 1806 3209 quod
1832 3138 1944 3193 cla-

352 3234 447 3274 rus
483 3220 536 3274 in
578 3220 810 3294 Egypto
836 3228 1082 3281 evaserit.
1113 3227 1338 3299 Proliter
1361 3229 1477 3299 ejus
1516 3230 1659 3285 enim
1680 3231 1941 3300 justitiam

355 3310 549 3365 factum
577 3320 680 3377 est,
704 3322 764 3368 ut
793 3315 921 3371 nihil
945 3318 1228 3374 molestum
1258 3320 1333 3374 illi
1361 3319 1547 3388 ﬁeret;
1574 3331 1791 3393 prepter
1811 3322 1945 3378 alio-

350 3415 472 3455 rum
500 3413 681 3457 autem
708 3405 1010 3472 utilitatem,
1034 3418 1091 3463 ut
1111 3409 1498 3466 admirabiliter
1522 3420 1579 3467 et
1604 3422 1799 3482 praeter
1823 3413 1943 3484 upi-

353 3492 570 3547 nionem
602 3494 745 3551 illinc
781 3496 1000 3553 rediret.
1025 3498 1140 3557 Hoc
1168 3502 1220 3555 in
1261 3501 1430 3557 tribus
1475 3504 1654 3572 pueris
1676 3545 1692 3570 ,
1738 3505 1840 3559 hoc
1885 3504 1941 3560 in

352 3582 599 3639 leonibus
627 3586 853 3654 accidit,
886 3586 987 3644 hoc
1012 3590 1067 3645 in
1092 3599 1213 3646 ceto
1254 3604 1308 3647 et
1335 3593 1402 3667 _in
1435 3593 1600 3671 Jona,
1627 3603 1683 3651 et
1705 3596 1945 3668 undique

350 3688 532 3731 servat
560 3693 682 3734 eum
717 3681 1008 3752 miraculo,
1048 3699 1158 3741 non
1201 3688 1494 3758 quemlibet
1532 3690 1776 3747 absolute
1797 3733 1812 3760 ,
1844 3691 1940 3746 sed

347 3781 618 3826 Sanctum.

420 3862 489 3929 7._
514 3863 697 3919 Vidisti
739 3868 1005 3936 quomodo
1044 3885 1166 3927 cum
1206 3872 1300 3928 Dei
1340 3875 1644 3945 cognitione
1680 3877 1747 3930 ad
1777 3874 1940 3931 vitam

346 3967 563 4023 quoque
608 3958 825 4026 probam
860 3961 877 3991 ¹
906 3960 1252 4031 exhortatur,
1302 3965 1504 4022 docens
1547 3982 1651 4021 non
1682 3967 1855 4021 solum
1886 3968 1940 4022 in

349 4044 446 4100 Dei
490 4047 848 4121 benignitate,
896 4054 988 4108 sed
1038 4056 1091 4111 in
1120 4058 1456 4128 propriorum
1489 4061 1651 4116 etiam
1677 4063 1939 4118 factorum

348 4141 547 4194 virtute
585 4157 731 4211 spem
771 4145 954 4203 salutis
1000 4151 1240 4219 ponere?
1286 4149 1538 4207 Dominus
1574 4155 1815 4223 (exaudiet
1859 4171 1942 4211 me

348 4245 465 4283 cum
493 4232 773 4290 clsonauero
791 4240 859 4291 ad
883 4256 1013 4294 eum.
1046 4241 1332 4313 Postquam
1359 4244 1492 4300 dixit
1513 4263 1572 4302 se
1597 4264 1718 4303 eum
1745 4247 1939 4306 fecisse

345 4325 754 4396 admirabilem,
807 4348 911 4387 non
963 4337 1014 4389 in
1062 4336 1144 4391 his
1183 4339 1457 4406 subsistit,
1498 4342 1591 4396 sed
1621 4343 1750 4398 dicit
1775 4344 1937 4400 etiam

341 4416 490 4470 aliud
505 4433 673 4488 genus
690 4420 970 4480 felicitatis.
1004 4426 1279 4493 Quodnam
1297 4440 1473 4487 autem
1498 4433 1599 4489 hoc
1619 4435 1743 4490 est?
1770 4435 1936 4491 Deum

344 4506 548 4564 habere
575 4526 826 4583 perpetuo
847 4516 1141 4587 adjutorem
1164 4563 1178 4586 ,
1208 4525 1578 4581 auxiliatorem
1601 4568 1615 4592 ,
1659 4537 1714 4583 et
1739 4528 1937 4599 ubique

345 4615 686 4672 prazsentem.
733 4607 849 4663 Non
888 4613 1028 4666 enim
1065 4613 1169 4669 hoc
1206 4619 1370 4673 semel
1396 4659 1411 4684 ,
1443 4631 1535 4674 aut
1572 4620 1689 4689 bis,
1737 4633 1828 4678 aut
1857 4635 1938 4679 tcr

341 4693 473 4749 facit
492 4737 507 4760 ,
555 4698 651 4752 sed
682 4710 935 4770 perpetuo
957 4746 973 4771 ,
1001 4705 1209 4777 inquit,
1238 4709 1281 4763 si
1310 4710 1482 4780 ipsum
1511 4712 1839 4770 invocemus.
1870 4717 1937 4772 Et

340 4788 469 4842 vide
508 4804 696 4845 rursus
743 4794 826 4849 hic
869 4786 1029 4851 etiam
1074 4801 1424 4858 celeritatem.
1472 4805 1933 4871 Quemadmodum

336 4883 486 4935 enim
525 4883 660 4938 dixit
702 4888 944 4955 superius
975 4907 989 4944 :
1035 4889 1160 4946 Cum
1197 4895 1518 4965 invocarem,
1559 4901 1815 4955 exaudivit
1857 4919 1936 4957 me

347 4972 481 5027 Deus
507 4975 725 5044 justitia:
751 4994 874 5034 mete
900 4997 919 5035 :
958 4981 1028 5036 ita
1052 4985 1211 5040 etiam
1249 4986 1335 5042 hic
1354 5027 1370 5055 ,
1410 4988 1534 5044 Cant
1560 4991 1841 5048 clamavero
1866 4995 1934 5049 ad

334 5080 475 5117 cum.

411 5155 516 5211 Cur
572 5160 717 5215 multi
766 5173 1028 5234 precantes
1087 5186 1188 5225 non
1242 5173 1538 5229 audiantur.
1578 5206 1652 5217 —-
1699 5176 1934 5247 Quomo-

339 5248 406 5302 dn
429 5265 577 5319 ergo,
608 5254 796 5323 inquit,
826 5260 1226 5318 nonaudiuntur
1255 5267 1445 5322 multi?
1464 5267 1727 5337 Quoniam
1746 5283 1933 5342 petunt

338 5342 565 5399 inutilia.
615 5347 712 5403 llic
746 5350 890 5405 enim
919 5354 1107 5410 melius
1139 5366 1223 5412 est
1256 5374 1361 5415 non
1406 5359 1572 5418 fuisse
1596 5364 1925 5431 exauditum,

334 5449 494 5503 quam
528 5440 840 5496 exauditam
883 5442 1064 5501 fuisse.
1096 5447 1272 5516 Quare
1310 5451 1517 5507 etiamsi
1557 5454 1926 5522 cxaudiamur,

334 5541 441 5581 non
478 5543 758 5604 propterea
791 5535 1037 5593 Izatemur
1067 5556 1081 5592 :
1118 5541 1211 5595 sed
1238 5551 1293 5597 et
1320 5549 1533 5614 quando
1560 5562 1665 5600 non
1702 5547 1928 5605 exaudi-

331 5638 485 5688 tuur,
514 5623 633 5683 idco
666 5629 837 5685 Deum
880 5630 1257 5699 glorificamus.
1306 5634 1402 5690 Vel
1431 5638 1573 5715 enim
1603 5639 1805 5696 inutilia
1832 5654 1928 5712 pe-

391 5807 407 5839 ·
438 5814 574 5872 tteg.,
601 5810 669 5861 ad
692 5809 807 5862 riae
833 5809 1143 5874 rigil'mtiam.

2050 460 2223 507 tentes
2239 470 2343 507 non
2356 457 2685 523 exaudimnr,
2706 467 2759 513 et
2771 474 2891 515 cum
2911 475 3015 516 non
3029 463 3330 533 accepimus
3344 464 3615 522 lucramur
3632 487 3646 532 ;

2048 547 2132 600 vel
2164 548 2495 618 negligenter
2533 551 2781 618 petimus,
2811 563 2863 608 et
2895 555 2945 609 in
2974 555 3116 610 dono
3146 557 3443 614 dilferendo
3482 560 3643 624 Deus,

2047 649 2105 692 ut
2133 653 2231 694 nos
2259 641 2350 710 .illi
2389 642 2721 697 assideamus
2742 687 2776 711 ,_
2807 647 3062 702 solertem
3105 650 3198 705 init
3249 653 3509 708 rationem
3541 671 3556 708 :
3593 663 3647 709 et

2050 728 2151 783 hoc
2177 731 2337 784 etiam
2380 747 2484 784 non
2521 742 2603 787 est
2627 735 2874 803 exiguum
2902 737 3129 793 lucrum.
3182 741 3244 794 Si
3266 744 3398 795 enim
3427 752 3529 807 v'os,
3559 744 3644 798 iu-

2048 821 2195 888 quit,
2225 822 2382 875 nostis
2403 823 2526 876 dare
2551 823 2683 878 bona
2706 826 2830 880 data
2859 828 2979 896 ﬁliis
3000 833 3174 885 vestris
3196 832 3409 902 (Matth.
3442 837 3493 889 7.
3525 837 3640 907 ll),

2048 912 2216 965 multo
2258 913 2426 978 magis
2471 915 2612 970 Deus
2661 928 2842 972 noster
2878 921 2966 989 qui
3011 922 3115 976 scit
3162 923 3290 979 dare
3338 935 3391 981 et
3431 927 3649 997 quando

2045 1000 2206 1067 dare,
2238 1013 2292 1058 et
2320 1004 2445 1073 quid
2473 1005 2603 1062 dare
2640 1018 2904 1078 oporteat.
2933 1010 3063 1066 Nam
3097 1013 3289 1071 Paulus
3319 1018 3481 1072 etiam
3506 1020 3643 1087 peti~

2046 1097 2140 1160 vit,
2173 1107 2356 1153 etnon
2382 1102 2621 1170 accepit;
2657 1105 3027 1171 petebatenim
3046 1107 3245 1177 aliquid
3272 1111 3486 1167 inutile:
3517 1114 3643 1169 item

2047 1187 2221 1244 Moses
2240 1231 2253 1253 ,
2282 1206 2382 1246 nec
2409 1192 2481 1246 illi
2511 1193 2723 1260 quidem
2761 1197 2905 1252 Deus
2924 1200 3128 1253 annuit.
3159 1201 3235 1255 Ne
3259 1217 3388 1273 ergo
3414 1204 3644 1260 desista-

2048 1294 2168 1334 mus
2190 1320 2206 1345 ,
2238 1282 2449 1349 quando
2477 1300 2582 1339 non
2612 1288 2946 1355 exaudimur,
2983 1306 3081 1346 nec
3109 1293 3318 1349 tristitia
3347 1293 3645 1353 afﬁciamur

2048 1381 2105 1425 et
2129 1381 2469 1441 torpcamus,
2506 1376 2601 1430 sed
2629 1377 2924 1434 assidentes
2952 1390 3006 1435 et
3051 1392 3292 1450 petentes
3332 1400 3645 1455 permanea-

2049 1478 2186 1517 mus.
2218 1465 2338 1535 Agit
2364 1467 2505 1521 enim
2535 1468 2676 1523 Deus
2700 1473 2876 1525 omnia
2900 1474 3120 1529 utiliter.
3162 1477 3214 1531 5.
3241 1475 3565 1543 Irascimini,
3595 1488 3643 1534 et

2049 1553 2206 1609 nolite
2230 1572 2435 1625 peccare
2456 1574 2474 1611 :
2503 1575 2617 1627 qute
2642 1560 2807 1616 dicitis
2833 1565 2886 1615 in
2915 1565 3149 1620 cordibus
3175 1569 3352 1623 vestris
3370 1610 3385 1635 ,
3424 1570 3477 1623 in
3500 1570 3646 1625 cubi-

2049 1646 2181 1701 libus
2210 1648 2383 1703 vestris
2411 1652 2829 1722 compungimiui.
2875 1657 3028 1723 Quod
3058 1670 3182 1713 ante
3211 1660 3318 1715 dixi
3348 1701 3362 1725 ,
3405 1662 3455 1716 id
3482 1663 3644 1718 etiam

2051 1752 2194 1792 nunc
2220 1738 2363 1794 dico.
2405 1740 2534 1794 Nam
2565 1744 2685 1812 quia
2714 1745 2781 1800 ad
2815 1746 2906 1800 Dei
2942 1751 3298 1817 cognitionem
3324 1767 3419 1807 eos
3443 1754 3646 1809 estde-

2049 1828 2325 1894 ducturus,
2354 1832 2795 1892 liberatanimum
2823 1839 2889 1893 ab
2916 1842 3337 1910 mgritudinibus.
3360 1844 3472 1901 Scit
3499 1848 3642 1901 enim

2049 1921 2211 1975 vitam
2239 1933 2543 1993 corruptam
2574 1941 2699 1983 esse
2737 1928 3152 1998 impedimento,
3195 1936 3485 2003 quominus
3517 1937 3647 1992 sub-

2050 2013 2194 2069 limia
2214 2015 2462 2085 dogmata
2492 2033 2860 2090 aSSequamur.
2885 2025 3035 2092 Quod
3058 2027 3271 2096 quidem
3301 2029 3494 2085 Paulus
3515 2034 3648 2101 quo-

2049 2120 2154 2175 que
2188 2106 2417 2163 innuens
2455 2110 2666 2166 dicebat
2696 2134 2713 2166 τ
2741 2112 2858 2168 Non
2892 2118 3033 2186 potui
3062 2118 3201 2188 loqui
3224 2122 3361 2174 vobis
3388 2132 3646 2192 tamquam

2048 2197 2431 2268 spiritualibus,
2476 2203 2568 2257 sed
2603 2212 2859 2277 tamquam
2902 2209 3191 2265 carnalibus
3217 2211 3293 2284 (l.
3327 2212 3445 2267 Cor.
3478 2214 3532 2269 '5.
3567 2216 3647 2287 l).

2052 2290 2117 2345 Et
2145 2305 2333 2348 rursus
2361 2310 2375 2346 :
2403 2292 2683 2366 Tamquam
2714 2298 2997 2367 infantibus
3021 2301 3073 2354 in
3109 2300 3313 2357 Christo
3334 2345 3349 2371 ,
3389 2305 3479 2381 lac.
3509 2307 3647 2362 vobis

2051 2391 2227 2453 potum
2260 2383 2415 2447 dedi,
2446 2401 2551 2439 non
2587 2387 2750 2441 cibum
2779 2388 2944 2460 (Ibid.
2973 2406 3020 2444 υ.
3052 2390 3131 2463 2).
3185 2393 3251 2447 Et
3298 2410 3485 2450 rursus
3517 2414 3530 2451 :
3564 2396 3642 2450 De

2049 2489 2150 2542 quo
2169 2482 2242 2529 est
2267 2474 2410 2530 nobis
2437 2477 2624 2533 multus
2646 2495 2811 2534 sermo
2831 2481 3084 2551 explicata
3108 2483 3336 2554 difﬁcilis
3360 2502 3381 2550 ,'
3406 2487 3647 2555 quoniam

2049 2570 2167 2623 estis
2195 2568 2391 2625 hebetes
2429 2572 2607 2626 auditu
2637 2572 2819 2644 (Hebr.
2856 2575 2908 2629 5.
2940 2575 3055 2647 ll).
3110 2577 3179 2631 Et
3226 2577 3390 2633 Isaias
3415 2594 3644 2642 rursus;

2053 2659 2249 2725 Quaerit
2274 2678 2354 2716 me
2385 2664 2602 2733 populus
2621 2665 2743 2729 iste,
2786 2674 2834 2719 et
2871 2666 2998 2721 scire
3024 2668 3130 2722 uias
3158 2685 3296 2723 meas
3322 2670 3565 2741 cupiunt,
3592 2680 3649 2726 ut

2051 2752 2272 2823 papulas
2295 2755 2384 2824 qui
2394 2756 2653 2825 justitiam
2678 2759 2888 2828 fecerit,
2926 2768 2975 2813 et
3008 2758 3099 2814 Dei
3116 2761 3372 2828 judicium
3397 2779 3497 2817 non
3523 2763 3648 2818 reli-

2049 2846 2214 2912 querit
2256 2845 2424 2917 (Isai.
2470 2847 2559 2903 58.
2591 2848 2671 2920 2).
2717 2849 2784 2904 Et
2825 2849 2964 2907 Osee
2996 2869 3009 2905 :
3041 2852 3302 2908 Sentinate
3344 2855 3482 2910 robis
3520 2856 3647 2926 ipsis

2050 2938 2105 2991 in
2132 2940 2419 3009 justitiam,
2459 2941 2748 2997 illuminate
2790 2944 2953 2998 lucem
2993 2948 3297 3018 cognitionis
3338 2946 3513 3021 (Osee.
3550 2948 3641 3004 10.

2052 3029 2165 3100 l2).
2197 3030 2263 3085 Et
2289 3029 2534 3086 Christus
2566 3030 2770 3088 docens
2796 3034 3009 3089 dicebat
3037 3053 3050 3088 :
3086 3034 3268 3091 Omnis
3293 3039 3381 3108 qui
3407 3040 3544 3092 mula
3566 3042 3648 3106 fa-

2051 3122 2149 3187 cit,
2187 3122 2294 3175 odit
2325 3123 2487 3177 lucem
2507 3164 2521 3187 ,
2568 3134 2615 3178 et
2650 3141 2751 3179 non
2778 3127 2909 3180 venit
2937 3128 3006 3180 ad
3031 3128 3190 3181 lucem
3222 3127 3405 3200 (Joan.
3438 3131 3491 3184 ὅ.
3523 3129 3643 3200 20).

2051 3213 2120 3268 Et
2146 3229 2330 3270 rursus
2361 3230 2376 3268 :
2412 3214 2679 3281 Quomodo
2726 3218 2930 3288 potestis
2973 3219 3209 3283 credere,
3250 3219 3468 3291 gloriam
3494 3239 3524 3274 a
3556 3238 3645 3274 va-

2050 3304 2125 3360 bis
2148 3305 2358 3360 invicem
2386 3307 2686 3378 accipientes
2708 3349 2722 3373 ,
2764 3318 2809 3363 et
2835 3309 3052 3380 gloriam
3093 3326 3206 3381 qua:
3230 3322 3301 3365 est
3331 3328 3363 3365 a
3396 3312 3504 3367 solo
3535 3311 3646 3368 Deo

2050 3412 2153 3450 non
2187 3407 2466 3466 quserentes
2503 3396 2744 3470 (Joan.5.
2776 3399 2918 3472 44)?
2965 3399 3034 3454 Et
3078 3416 3267 3456 rursus
3299 3419 3311 3455 :
3351 3400 3472 3456 Haec
3500 3403 3643 3458 dice-

2048 3487 2169 3541 bant
2200 3497 2433 3558 parentes
2456 3489 2600 3559 ejus,
2646 3490 2765 3558 quia
2791 3490 3028 3545 timebant
3056 3490 3267 3546 Judteos
3286 3535 3301 3555 .
3335 3509 3396 3548 ne
3424 3495 3647 3563 expelle-

2047 3589 2222 3633 rentur
2257 3594 2291 3632 a
2333 3596 2596 3651 synagoga
2625 3578 2819 3650 (Joan.
2848 3580 2902 3637 9.
2930 3581 3059 3652 22).
3112 3583 3179 3637 Et
3221 3598 3408 3639 rursus
3439 3602 3453 3639 :
3488 3584 3646 3640 Multi

2045 3682 2215 3727 autem
2249 3673 2571 3726 crediderunt
2598 3674 2649 3727 in
2677 3673 2846 3744 ipsum
2871 3714 2886 3739 ,
2917 3684 2964 3728 et
2988 3684 3194 3745 propter
3223 3674 3517 3732 Pharisteos
3539 3695 3643 3733 non

2047 3766 2417 3833 conﬁtebantur
2446 3764 2624 3838 (Joan.
2655 3766 2745 3820 l2.
2778 3766 2891 3838 42).
2934 3768 3003 3823 Et
3030 3768 3227 3838 ubique
3266 3770 3433 3824 videri
3471 3779 3645 3840 potest

2046 3856 2158 3911 vita
2198 3870 2450 3928 corrupta
2481 3858 2547 3912 ad
2574 3857 2963 3928 perfectiOuem
2993 3859 3299 3931 dogmatum
3330 3860 3523 3917 afferre
3546 3863 3645 3918 im-

2050 3949 2437 4020 pedimentum.
2488 3950 2949 4017 Quemadmodum
2990 3953 3132 4008 enim
3170 3953 3307 4009 lema
3349 3958 3644 4026 perspicax

2048 4044 2325 4099 oculorum
2355 4044 2568 4115 pupilla:
2595 4043 2834 4100 insidens
2871 4045 2923 4100 id
2963 4045 3105 4117 quod
3137 4047 3366 4101 illustrat
3392 4046 3646 4105 obscurat

2044 4148 2101 4193 et
2132 4137 2480 4204 obtenebrat,
2520 4138 2594 4192 ita
2640 4138 2802 4194 etiam
2837 4138 3125 4208 cogitatio,
3167 4154 3326 4209 quam
3357 4140 3565 4196 obsedit
3589 4148 3643 4199 et

2042 4234 2324 4303 occupavit
2344 4231 2531 4288 vitium
2553 4273 2568 4300 ,
2595 4232 2913 4289 obtenebrat
2938 4240 3170 4287 mentem
3197 4242 3252 4288 et
3278 4244 3532 4289 excaecat.

2115 4323 2210 4379 Ira
2235 4339 2349 4395 quae
2375 4324 2550 4388 licita;
2590 4324 2671 4379 ira
2697 4324 2765 4377 ad
2791 4324 2913 4395 quid
2936 4323 3096 4379 utilis.
3131 4322 3472 4393 Impossibilia
3497 4342 3643 4382 nemo

2043 4419 2295 4490 prtecipit.
2344 4415 2575 4472 Examen
2622 4417 2957 4472 conscientias.
3003 4446 3076 4456 —
3120 4415 3380 4483 Quocirca
3421 4431 3545 4472 cum
3586 4417 3642 4474 id

2042 4512 2202 4568 etiam
2233 4510 2393 4565 sciret
2419 4508 2679 4579 propheta
2700 4549 2715 4571 ,
2738 4507 2904 4562 dicit:
2935 4506 2962 4560 1
2970 4508 3248 4575 rascimini,
3270 4518 3317 4562 et
3338 4509 3491 4563 nolite
3519 4526 3642 4581 pec-

2041 4619 2178 4658 care.
2225 4600 2341 4657 Non
2382 4601 2524 4655 enim
2564 4599 2700 4654 tollit
2738 4599 2906 4664 iram;
2943 4608 3026 4654 est
3055 4613 3287 4669 namque
3326 4600 3509 4656 utilis:
3539 4615 3643 4658 nec

2043 4696 2309 4752 exscindit
2353 4692 2802 4763 indignationem;
2834 4690 3054 4762 prodest
3079 4692 3225 4747 enim
3256 4693 3515 4748 adversus
3544 4707 3641 4748 eos

2040 4787 2130 4858 qui
2159 4785 2404 4857 injuriam
2432 4783 2698 4849 inferunt,
2729 4793 2784 4837 et
2827 4782 3085 4838 adversus
3127 4782 3498 4854 negligentes;
3541 4785 3637 4841 sed

2042 4878 2173 4932 iram
2201 4893 2320 4948 qua:
2345 4876 2539 4946 injuste
2568 4889 2813 4931 movetur
2836 4918 2849 4942 ,
2876 4885 2931 4930 et
2960 4875 3191 4957 furorem
3214 4918 3228 4942 ,
3260 4877 3351 4946 qui
3381 4877 3521 4933 nulla
3552 4893 3641 4932 ra-

2042 4975 2185 5029 tione
2220 4971 2440 5040 regitur.
2494 4970 2560 5024 Et
2600 4968 3051 5039 quemadmodum
3081 4967 3256 5024 Moses
3281 4984 3405 5024 cum
3436 4970 3489 5024 in
3522 4985 3637 5024 scr-

2041 5082 2252 5122 monem
2283 5066 2349 5120 de
2378 5064 2615 5119 moribus
2642 5063 2946 5130 incidisset,
2980 5062 3103 5118 hinc
3133 5062 3308 5133 primo
3330 5062 3461 5133 legis
3490 5061 3639 5119 ducit

2040 5161 2275 5222 initium,
2303 5158 2488 5214 dicens
2520 5174 2533 5211 :
2567 5156 2687 5210 Non
2715 5157 2912 5210 occides
2935 5155 3128 5228 (Exod.
3160 5155 3252 5210 20.
3285 5155 3374 5225 15)
3404 5173 3418 5209 :
3449 5155 3520 5209 ita
3548 5156 3638 5213 hic

2038 5254 2198 5309 etiam
2225 5268 2241 5318 ;
2276 5252 2383 5306 imo
2420 5265 2486 5306 eo
2511 5249 2738 5319 amplius
2763 5288 2777 5311 ,
2805 5263 2912 5320 quo
2945 5248 3114 5316 magis
3140 5247 3187 5301 ei
3213 5253 3330 5301 erat
3356 5256 3481 5303 nota
3510 5260 3635 5303 vera

2038 5346 2228 5416 pietas.
2260 5343 2351 5398 Ille
2377 5342 2520 5398 enim
2548 5340 2732 5396 evellit
2762 5338 3005 5393 cuidem:
3037 5337 3121 5391 hic
3156 5352 3283 5391 vero
3315 5337 3448 5392 iram
3470 5381 3485 5406 ,
3514 5354 3636 5409 quae

2036 5436 2200 5491 aedis
2227 5446 2430 5501 mater,
2458 5431 2608 5487 radix
2636 5439 2690 5486 et
2715 5428 2835 5484 fons
2860 5438 2943 5484 est
2979 5426 3133 5494 mali,
3184 5427 3445 5499 reprimit.
3491 5429 3636 5497 Quo-

2035 5530 2178 5584 circa
2206 5526 2454 5581 Christus
2495 5523 2657 5578 etiam
2688 5522 2820 5576 iram
2856 5519 3217 5589 comprimens
3252 5535 3317 5576 ac
3349 5520 3632 5578 refrenans

2035 5624 2244 5679 diccbat
2276 5639 2289 5675 :
2323 5620 2423 5687 Qui
2449 5616 2687 5671 irascitur
2717 5610 2870 5678 fratri
2898 5629 2992 5668 suo
3017 5621 3199 5667 tentare
3221 5655 3237 5678 ,
3263 5624 3356 5668 erit
3385 5616 3635 5672 obnoxius

2032 5719 2087 5773 in
2113 5718 2391 5790 gehennam
2420 5712 2554 5783 ignis
2586 5709 2800 5781 (Matth.
2829 5711 2883 5766 5.
2912 5707 3029 5778 22).
3077 5706 3268 5761 Vidisu
3293 5705 3487 5776 ubique
3514 5722 3628 5761 mo-

2033 5813 2160 5866 dum
2198 5825 2212 5866 :
2246 5804 2540 5865 Irascimini
2563 5845 2577 5873 ,
2618 5812 2665 5859 et
2695 5802 2849 5857 nolite
2890 5814 3114 5872 peccare.
3162 5797 3259 5867 Qui
3291 5799 3525 5852 irascitur
3549 5806 3628 5850 ts-
