4106 6414
414 343 475 400 Si
1180 343 1235 396 S.
1277 341 1555 396 JOANNIS
1583 337 2055 394 CIIRYSOSTOMI
2097 337 2412 423 ARCIiIEP.
2453 338 2992 397 C(iNSTAN'TINOP.
3639 343 3716 398 52

423 470 587 514 tum;
626 455 753 510 licet
793 455 936 508 enim
975 454 1132 507 etiam
1155 454 1297 522 jnste
1328 454 1508 508 irasci.
1557 452 1691 506 Nam
1729 462 1782 506 et
1811 451 2006 505 Paulus

425 546 626 617 Elyma:
651 547 955 600 succensuit
984 546 1118 613 (Act.
1148 545 1262 610 l3),
1287 553 1339 597 et
1366 543 1554 597 Petrus
1573 542 1849 612 Sappltira‘.
1868 543 2006 613 (Act.

423 639 500 704 5).
543 639 612 692 At
657 638 705 691 id
742 653 846 691 non
879 638 1007 690 iram
1035 636 1266 690 dixerim
1309 635 1588 700 abSolute,
1639 635 1731 689 sed
1777 635 2010 703 philoso-

425 730 598 799 phiam
619 771 635 793 ,
663 744 846 782 curam
873 737 926 782 et
952 727 1329 781 oeconomiam.
1382 726 1629 781 Irascitur
1663 725 1821 780 etiam
1858 733 2010 793 paler

424 821 565 886 tilio,
613 819 706 874 sed
747 819 861 888 ejus
886 833 1068 872 curam
1099 832 1310 888 gerens.
1367 817 1457 871 Ille
1498 826 1703 871 temere
1740 816 2006 880 irascitur,

421 915 510 982 qui
533 912 764 981 seipsum
802 911 1111 974 ulciscitur;
1153 909 1240 979 qui
1280 918 1460 964 autem
1492 909 1665 963 aliena
1696 906 1934 976 corrigit,
1967 907 2012 960 is

421 1013 502 1056 est
529 1003 766 1055 ninnium
789 1001 1269 1056 mansuetissimus.
1297 999 1429 1054 Nam
1453 1000 1594 1055 Deus
1611 1000 1770 1054 etiam
1797 997 2012 1068 quando

419 1091 616 1145 dicitur
656 1090 846 1156 irasci,
892 1105 997 1144 non
1029 1091 1262 1160 seipsum
1289 1088 1568 1144 vindicans
1607 1089 1879 1150 irascitur,
1916 1087 2011 1141 sed

422 1195 520 1235 nos
563 1182 856 1250 corrigens.
915 1180 1048 1234 Eum
1090 1196 1217 1250 ergo
1257 1195 1355 1234 nos
1381 1194 1590 1250 quoque
1621 1178 1910 1233 imitemur.
1938 1177 2012 1232 Ita

421 1273 564 1326 enim
600 1272 822 1338 ulcisci,
867 1271 1104 1326 divinum
1150 1281 1267 1335 est;
1313 1271 1471 1325 aliter
1494 1286 1656 1337 vero,
1700 1270 2011 1324 humanum.

423 1365 528 1420 Sed
559 1365 700 1419 Deus
740 1380 846 1419 non
885 1380 952 1419 eo
995 1366 1165 1419 solum
1197 1380 1227 1418 a
1254 1364 1409 1418 nobis
1434 1363 1642 1426 dill‘ert,
1689 1362 1830 1432 quod
1872 1363 2014 1430 juste

427 1459 716 1520 irascatur,
753 1455 847 1511 sed
877 1456 1017 1526 quod
1055 1457 1106 1510 iu
1141 1457 1248 1510 Deo
1277 1455 1352 1510 ira
1384 1470 1488 1508 non
1511 1455 1582 1510 sit
1610 1453 1771 1508 animi
1801 1461 2014 1522 pertur-

427 1548 590 1603 batio.
635 1549 745 1603 Nec
779 1564 875 1603 nos
903 1565 1029 1620 ergo
1059 1558 1262 1604 temere
1306 1550 1619 1604 irascamur.
1670 1547 1749 1602 Ira
1790 1547 1932 1600 enim
1961 1547 2013 1599 in

422 1643 581 1697 nobis
609 1641 730 1697 ideo
769 1642 924 1696 insita
970 1651 1079 1706 est,
1115 1657 1218 1696 non
1249 1650 1308 1696 ut
1338 1655 1615 1712 peccemus
1639 1682 1653 1701 ,
1686 1638 1778 1694 sed
1801 1648 1857 1691 ut
1885 1637 2017 1692 alios

431 1743 710 1802 peccantes
759 1733 1164 1804 prohibeamus;
1213 1749 1320 1788 non
1367 1742 1424 1788 ut
1474 1734 1544 1786 sit
1589 1732 1751 1785 animi
1797 1738 2012 1800 pertur-

429 1825 572 1879 batio
595 1836 649 1879 et
671 1825 927 1896 a2gritudo
945 1867 960 1892 ,
989 1824 1082 1879 sed
1118 1833 1173 1878 ut
1201 1825 1270 1878 sit
1293 1822 1665 1893 aegritudinum
1695 1819 2009 1876 remedium.

500 1919 553 1970 8.
585 1917 768 1988 Cogita
795 1918 934 1987 apud
959 1927 1008 1972 te
1033 1933 1191 1987 quam
1221 1917 1292 1970 sit
1318 1917 1524 1986 insigne
1553 1915 1738 1968 vitium
1759 1955 1774 1978 ,
1803 1911 2017 1984 quando

429 2006 872 2062 medicamentum
914 2023 1177 2062 venenum
1219 2005 1481 2071 efﬁcitur,
1512 2004 1722 2075 quando
1755 2020 1847 2074 per
1874 2002 2017 2074 quod

429 2101 652 2154 aliorum
697 2100 1001 2154 vulneribus
1046 2099 1364 2154 medendum
1393 2109 1510 2164 est,
1559 2113 1653 2168 per
1699 2097 1750 2151 id
1798 2097 2016 2151 vulnera

434 2189 720 2260 inﬂigimus
749 2207 763 2245 :
798 2189 1243 2258 quemadmodum
1283 2190 1328 2244 si
1371 2190 1491 2259 quis
1517 2196 1737 2258 accepto
1772 2185 1934 2250 ferro,
1962 2194 2021 2239 ut

433 2298 551 2350 qua:
597 2282 648 2335 in
685 2281 806 2336 aliis
832 2282 1124 2352 putrefacta
1153 2290 1278 2336 sunt
1300 2280 1582 2336 exscindat
1604 2320 1620 2345 ,
1671 2280 1905 2349 seipsum
1944 2289 2022 2332 te-

435 2387 581 2425 mere
620 2371 900 2437 concidat,
951 2387 1010 2426 se
1039 2387 1135 2440 per
1177 2380 1344 2425 totum
1388 2384 1586 2440 corpus
1613 2369 1859 2424 saucians
1891 2386 1904 2422 :
1935 2367 2019 2423 vel

433 2465 758 2532 gubernator
812 2480 907 2534 per
953 2465 1164 2518 clavum
1219 2463 1464 2533 cymbam
1518 2461 1866 2531 submergat,
1925 2474 2022 2529 per

433 2569 591 2624 quem
623 2563 898 2608 ventorum
923 2557 1174 2624 impetum
1200 2553 1482 2624 oportebat
1507 2552 1778 2607 cohibere.
1823 2552 2014 2621 Hujus-

434 2644 578 2699 modi
607 2655 689 2700 est
717 2647 877 2700 etiam
917 2646 991 2698 ira
1012 2685 1029 2710 ,
1069 2645 1195 2700 utile
1225 2646 1669 2710 instrumentum,
1699 2652 1757 2697 ut
1783 2653 2022 2697 nostram

433 2738 630 2792 excitet
678 2737 1123 2803 somnolentiam,
1173 2746 1229 2792 ut
1265 2737 1444 2792 animo
1473 2737 1709 2808 vigorem
1738 2737 1882 2792 indat
1905 2778 1921 2803 ,
1964 2743 2026 2790 ut

437 2846 536 2886 nos
565 2831 800 2886 acriores
826 2831 1050 2896 efficiat,
1079 2840 1136 2884 ut
1169 2845 1264 2899 pro
1294 2831 1376 2885 his
1402 2828 1739 2900 indignemur
1777 2829 1865 2898 qui
1896 2837 2022 2882 sunt

445 2922 619 2977 affecti
650 2923 841 2992 injuria
866 2964 880 2988 ,
910 2931 966 2976 ut
991 2922 1057 2977 ad
1086 2938 1270 2992 poenas
1295 2923 1360 2976 de
1388 2923 1781 2977 insidiatoribus
1807 2937 2025 2976 sumen-

434 3016 531 3069 das
551 3032 650 3072 nos
671 3026 897 3070 moveat.
929 3016 1002 3070 Ea
1027 3015 1094 3070 de
1119 3031 1276 3069 causa
1298 3014 1455 3069 dicit:
1475 3013 1502 3067 1
1510 3015 1784 3076 rascintini,
1806 3024 1850 3067 et
1870 3015 2026 3068 nolite

438 3123 660 3175 peccare.
707 3106 861 3174 Quod
891 3107 935 3160 si
963 3106 1065 3161 hoc
1092 3107 1205 3160 ﬁeri
1237 3122 1340 3160 non
1378 3116 1596 3176 posset,
1641 3105 1858 3159 minime
1885 3119 2022 3174 prze~

438 3201 682 3266 cepisset.
709 3199 837 3268 Qua:
865 3199 1006 3254 enim
1036 3199 1146 3254 lieri
1170 3213 1273 3252 non
1303 3207 1544 3267 possunt,
1573 3213 1732 3254 nemo
1762 3197 2020 3267 praecipit.

441 3293 631 3362 Legem
665 3293 840 3362 itaque
869 3293 1096 3346 atterens
1123 3291 1502 3361 apostolicam,
1535 3299 1589 3346 et
1633 3289 2022 3359 philosophiam

440 3384 818 3450 evangelicum,
846 3398 965 3437 cum
991 3383 1176 3436 eadem
1204 3382 1424 3436 dixisset
1444 3397 1563 3450 qua:
1589 3381 1850 3444 Christus,
1866 3381 2023 3435 aliam

439 3475 621 3544 adjicit
648 3475 1062 3530 admonitionem
1089 3516 1105 3540 ,
1145 3491 1264 3544 qua:
1305 3475 1383 3530 sic
1421 3474 1586 3528 dicit:
1619 3475 1746 3540 Qua:
1773 3475 1938 3528 dicitis
1971 3475 2025 3528 in

439 3568 672 3622 cordibus
698 3569 892 3633 vestris,
923 3569 977 3621 in
997 3567 1242 3620 cubilibus
1261 3567 1435 3620 vestris
1455 3565 1864 3634 compungimini.
1889 3564 2026 3631 Quid

441 3660 687 3729 estquod
727 3659 925 3713 dictum
953 3660 1073 3713 est?
1131 3659 1348 3712 Videtur
1383 3656 1525 3710 enim
1559 3671 1679 3711 esse
1716 3656 2022 3710 obscurum.

444 3750 569 3804 l’ost
593 3765 800 3805 caenam
822 3791 836 3814 ,
868 3749 1069 3819 inquit,
1097 3748 1311 3818 quando
1350 3748 1437 3803 itis
1466 3747 1785 3810 dormitum,
1813 3745 2027 3816 quando

441 3843 570 3895 estis
609 3841 902 3896 decubituri
929 3881 945 3907 ,
994 3851 1047 3894 et
1089 3841 1236 3894 nullo
1280 3848 1543 3909 prasente
1573 3838 1740 3893 multa
1769 3837 1940 3908 quies,
1973 3847 2028 3893 et

444 3935 655 3990 nemine
699 3933 1086 3988 interturbante
1135 3931 1394 4001 profunda
1440 3931 1825 4002 tranquillitas,
1855 3931 2028 3986 excita

440 4023 694 4095 judicium
718 4034 820 4078 tua:
844 4023 1184 4078 conscientia:
1205 4063 1220 4088 ,
1253 4022 1320 4076 ab
1347 4023 1458 4090 ipsa
1487 4022 1744 4076 rationem
1770 4021 1942 4087 exige,
1975 4031 2030 4074 et

442 4132 562 4184 qua:
589 4116 820 4171 interdiu
849 4116 984 4170 mala
1033 4115 1220 4180 cepisti
1251 4113 1513 4178 consilia,
1568 4113 1649 4166 vel
1696 4111 1850 4166 dolos
1894 4127 2026 4167 con-

444 4217 694 4273 struens,
739 4206 820 4259 vel
868 4205 1223 4275 propinquum
1252 4202 1713 4265 circumveniens,
1742 4202 1825 4257 vel
1867 4215 2028 4272 prava

445 4298 712 4353 desideria
736 4297 1054 4365 suscipiens,
1087 4311 1148 4350 ea
1177 4309 1297 4348 cum
1322 4294 1374 4347 in
1407 4293 1547 4347 illius
1568 4292 1760 4363 quietis
1789 4301 2030 4361 tempore

339 4431 354 4437 -
445 4395 496 4448 in
527 4393 756 4448 medium
785 4390 1091 4456 adduxeris,
1123 4399 1178 4444 et
1203 4387 1458 4456 improbis
1491 4387 1596 4441 illis
1623 4385 2031 4459 cogitationibus

439 4485 820 4540 conscientiam
843 4483 1076 4554 judicem
1099 4481 1333 4546 dederis,
1353 4495 1447 4535 eas
1472 4479 1640 4534 iodica
1661 4489 1716 4532 et
1738 4478 1954 4546 dilania,
1978 4489 2033 4534 et

440 4576 510 4631 de
532 4577 609 4632 eis
637 4590 848 4645 pinnam
871 4589 1024 4630 sume
1041 4616 1056 4641 ,
1087 4583 1275 4643 torque
1298 4572 1671 4643 cogitationem
1699 4585 1820 4640 qua:
1843 4585 2032 4634 pecca-

443 4667 536 4721 vit.
591 4666 644 4720 Id
685 4665 828 4720 enim
868 4665 970 4720 sibi
1015 4664 1127 4718 vult
1161 4662 1288 4718 illud
1318 4680 1331 4716 :
1364 4661 1804 4734 Compungimini,
1839 4676 1938 4731 pro
1965 4676 2032 4716 eo

441 4755 583 4827 quod
609 4763 724 4821 est,
755 4754 975 4824 Pungite
993 4795 1009 4820 ,
1049 4755 1316 4808 stimulate
1341 4770 1461 4824 qua:
1485 4755 1538 4808 in
1566 4753 1821 4808 cordibus
1840 4753 2032 4808 vestris

441 4849 652 4905 dixistis
692 4848 922 4903 interdiu
953 4865 965 4901 :
999 4846 1100 4902 hoc
1135 4856 1238 4914 est,
1280 4847 1420 4901 mala
1451 4861 1570 4914 quin
1607 4846 1878 4916 cogitastis
1903 4861 2032 4900 con-

440 4948 556 5002 silia
582 4988 598 5012 ,
639 4961 704 5001 ea
735 4945 789 4999 in
831 4943 1092 4999 cubilibus
1117 4941 1327 5008 vestris,
1360 4942 1412 4996 in
1449 4953 1689 5010 tempore
1715 4940 1858 4994 illius
1883 4939 2036 5008 quie-

441 5042 507 5098 tis
530 5041 734 5111 punite,
759 5039 810 5092 in
833 5053 895 5092 ea
917 5035 1323 5091 animadvertite
1353 5053 1367 5088 :
1394 5033 1607 5104 quando
1632 5049 1802 5103 neque
1827 5032 2032 5086 amicus

441 5133 778 5197 interturbat,
803 5146 902 5185 nec
924 5129 1154 5184 famulus
1182 5128 1370 5192 irritat,
1397 5143 1496 5182 nec
1522 5128 1674 5182 turba
1697 5127 2032 5194 negotiorum

444 5233 632 5294 urget,
679 5231 806 5278 tunc
832 5223 954 5276 vitte
985 5221 1216 5276 interdiu
1254 5227 1388 5274 actze
1413 5218 1674 5273 rationem
1710 5218 1922 5288 exigite.
1971 5217 2036 5271 Et

443 5330 540 5370 cur
567 5331 673 5369 non
698 5315 866 5380 dixit,
918 5313 1204 5370 verborum
1233 5321 1288 5366 et
1318 5311 1578 5365 factorum
1604 5350 1620 5374 ,
1653 5309 1746 5363 sed
1775 5307 2034 5362 malarum

443 5407 858 5477 cogitationum?
906 5407 1021 5462 Hoc
1063 5408 1264 5461 docens
1302 5419 1372 5460 ex
1425 5401 1737 5457 abundanti.
1788 5400 1846 5456 Si
1889 5400 2036 5456 enim

445 5499 582 5554 mala
611 5508 736 5553 sunt
761 5497 1062 5567 castiganda
1084 5497 1325 5562 consilia,
1348 5504 1407 5550 ut
1428 5510 1532 5550 non
1565 5495 1618 5549 in
1647 5508 1782 5564 opus
1806 5501 2033 5548 exeant:

445 5589 616 5644 multo
653 5590 820 5659 magis
865 5603 962 5658 pro
999 5588 1150 5643 factis
1175 5598 1230 5643 et
1253 5587 1411 5642 dictis
1434 5593 1648 5655 oportet
1673 5584 1794 5654 angi
1833 5583 2033 5640 animo.

448 5679 576 5734 Haec
623 5681 752 5734 tiant
794 5680 1017 5748 singulis
1065 5678 1288 5742 diebus,
1338 5693 1434 5733 nec
1475 5679 1620 5746 prius
1658 5675 1976 5740 dormieris,
2004 5688 2038 5729 0

452 5774 634 5839 homo,
664 5785 822 5842 quam
849 5780 1032 5828 mente
1063 5769 1357 5827 versaveris
1382 5783 1499 5840 qute
1520 5783 1549 5823 a
1578 5777 1628 5824 te
1654 5764 1883 5823 interdiu
1910 5779 2036 5840 per-

2117 465 2298 520 peram
2329 463 2444 507 acta
2472 463 2590 506 sunt
2627 471 2641 506 :
2672 464 2724 508 et
2749 454 2837 509 die
2857 455 3100 525 sequenti
3118 456 3230 510 eris
3257 458 3478 512 onniino
3507 458 3720 513 tardior

2115 541 2182 595 ad
2209 557 2269 596 ea
2316 544 2427 612 ipsa
2459 558 2642 598 rursus
2675 544 3051 614 aggredienda.
3107 549 3170 600 Et
3197 549 3340 616 quod
3373 547 3502 602 facis
3529 550 3581 602 iu
3612 565 3711 619 pe-

2115 634 2269 686 cunia
2295 675 2310 700 ,
2362 649 2463 690 nec
2500 636 2630 689 sinis
2660 645 2716 690 ut
2741 635 2850 690 duo
2875 637 2993 691 dies
3032 648 3384 708 praetereant,
3435 643 3562 711 quin
3586 658 3718 698 cum

2119 725 2315 782 famulo
2345 729 2603 783 rationem
2654 731 2801 783 ineas
2821 771 2835 794 ,
2881 745 2949 784 ne
2974 730 3342 786 confusionem
3375 732 3586 788 inducat
3611 735 3714 790 ob—

2117 820 2280 886 livio,
2327 819 2430 875 hoc
2470 821 2630 875 etiam
2675 823 2727 876 in
2766 823 3063 876 actionibus
3106 822 3190 878 l'ac
3223 823 3446 894 singulis
3474 825 3663 880 diebus
3695 841 3712 878 :

2118 909 2328 978 vesperi
2375 909 2444 964 ab
2484 913 2660 965 anima
2707 913 2968 966 rationem
2995 913 3184 981 exige,
3231 921 3288 968 et
3329 915 3717 984 cogitationem

2118 1016 2238 1070 qua:
2269 1001 2506 1070 peccavit
2531 1001 2864 1068 condemna;
2893 1017 3012 1057 eam
3049 1002 3214 1057 veluti
3245 1003 3388 1073 ligno
3418 1005 3722 1074 suspende,

2119 1107 2180 1145 ac
2204 1101 2390 1162 torque
2411 1133 2426 1158 ,
2453 1103 2506 1147 et
2529 1091 2661 1161 jube
2683 1107 2750 1146 ne
2781 1093 3005 1162 amplius
3030 1107 3094 1147 ea
3116 1093 3472 1163 aggrediatur.
3521 1095 3720 1151 Vidisti

2121 1184 2378 1253 optimam
2418 1184 2664 1239 medendi
2693 1185 2979 1252 rationem,
3010 1186 3281 1256 quomodo
3303 1193 3358 1242 et
3385 1202 3725 1256 prmservau-

2121 1277 2261 1330 tibus
2287 1286 2342 1331 et
2372 1277 2762 1348 corrigentibns
2802 1277 3213 1333 medicamentis
3241 1294 3367 1334 usus
3394 1280 3520 1334 est?
3565 1281 3720 1335 Prw-

2121 1371 2302 1440 cipere
2330 1371 2472 1426 enim
2503 1386 2570 1426 ne
2600 1372 2652 1426 in
2683 1382 2900 1439 peccata
2930 1372 3167 1436 incidas,
3203 1376 3576 1442 praeservantis
3603 1390 3726 1429 uie-

2121 1460 2405 1516 dieamenti
2435 1462 2609 1517 locum
2641 1463 2866 1527 obtinet,
2897 1477 3107 1533 nempe,
3142 1462 3454 1528 Irascimini,
3485 1475 3530 1520 et
3557 1467 3722 1520 nolite

2123 1569 2371 1621 peccare:
2409 1551 2536 1607 illud
2565 1561 2743 1608 autem
2764 1595 2780 1620 ,
2814 1551 2941 1618 Quir
2961 1553 3128 1608 dicitis
3165 1554 3220 1608 in
3253 1554 3487 1608 cordibus
3510 1556 3713 1620 vestris,

2123 1644 2176 1696 in
2227 1635 2477 1698 cubilibus
2505 1645 2680 1698 vestris
2721 1645 3119 1715 compungimini
3139 1685 3152 1709 ,
3186 1644 3521 1714 corrigentis.
3557 1645 3720 1699 Post-

2121 1749 2282 1805 quam
2327 1735 2470 1790 enim
2519 1734 2798 1804 peccavit,
2845 1734 3062 1789 adhibet
3087 1749 3273 1790 rursus
3303 1734 3716 1801 medicamenta,

2123 1825 2190 1880 ab
2236 1825 2352 1896 ipso
2399 1825 2486 1896 qui
2539 1826 2777 1896 peccavit
2823 1825 3036 1880 inducta
3085 1825 3370 1879 medicina.
3431 1824 3540 1879 liae
3584 1840 3722 1895 ergo

2125 1928 2335 1973 utamur
2383 1919 2645 1974 medicina
2665 1958 2681 1984 ,
2723 1934 2842 1989 qua:
2886 1917 3015 1972 nihil
3046 1917 3207 1971 habet
3235 1916 3453 1970 omnino
3482 1916 3717 1971 dil‘licul-

2124 2011 2268 2065 tatis.
2293 2008 2384 2065 Sin
2413 2017 2590 2064 autem
2617 2024 2722 2063 non
2751 2009 2979 2063 sustinet
2997 2008 3172 2062 anima
3197 2007 3506 2062 meminisse
3526 2022 3711 2076 pecca-

2125 2112 2296 2157 torum
2319 2142 2334 2167 ,
2372 2101 2696 2156 erubescens
2724 2108 2779 2156 et
2804 2099 3006 2170 pudore
3035 2099 3233 2154 sull'usa
3256 2115 3270 2162 ;
3316 2098 3401 2152 dic
3423 2099 3496 2152 illi
3523 2115 3535 2151 :
3569 2097 3714 2152 Nihil

2126 2195 2426 2261 lucrifacis,
2469 2195 2516 2250 si
2557 2209 2662 2248 non
2708 2193 3060 2249 memineris:
3107 2190 3201 2246 sed
3250 2205 3500 2259 maguum
3541 2191 3722 2258 potius

2125 2289 2378 2343 damnum
2407 2287 2626 2356 accipis.
2686 2285 2743 2341 Si
2786 2285 2930 2340 enim
2957 2299 3060 2338 non
3104 2297 3243 2338 nunc
3281 2282 3419 2351 apud
3449 2293 3499 2335 te
3526 2280 3722 2334 metui-

2126 2381 2270 2434 neris
2291 2420 2307 2446 ,
2353 2388 2482 2433 tunc
2518 2386 2642 2432 ante
2667 2378 2906 2432 omnium
2932 2375 3120 2430 oculos
3148 2384 3235 2428 tua
3265 2383 3567 2428 statuenlur
3597 2385 3721 2440 pec-

2126 2485 2244 2527 cata
2273 2476 2310 2526 ¹.
2344 2473 2398 2528 Si
2427 2483 2608 2527 autem
2634 2487 2774 2526 nunc
2798 2485 2860 2524 ea
2890 2466 3283 2539 supputaveris,
3313 2475 3366 2520 et
3393 2466 3462 2518 ab
3488 2464 3589 2518 illis
3610 2463 3724 2516 cito

2129 2564 2461 2626 liberaberis,
2492 2573 2546 2616 et
2573 2563 2624 2617 in
2651 2563 2752 2616 alia
2776 2576 2881 2615 non
2911 2559 3066 2614 facile
3093 2557 3320 2612 incides.
3351 2556 3541 2610 Anima
3572 2553 3721 2609 enim

2128 2655 2489 2726 veSpertinum
2511 2655 2677 2708 verita
2695 2651 2976 2722 judicium,
3003 2667 3071 2706 ne
3097 2648 3343 2706 eamdem
3371 2661 3556 2701 rursus
3583 2646 3718 2700 sub-

2128 2758 2216 2802 eat
2256 2746 2576 2801 sententiam
2597 2785 2612 2810 ,
2641 2746 2686 2798 si
2734 2752 3044 2811 torqueatur
3071 2751 3127 2795 et
3162 2739 3488 2808 ﬂagelletur,
3527 2736 3724 2790 redde-

2130 2850 2219 2895 tur
2250 2840 2316 2894 ad
2365 2847 2640 2909 peceatum
2683 2836 2888 2890 tardior
2919 2852 2934 2885 :
2965 2843 3020 2888 et
3063 2848 3129 2887 ex
3167 2846 3230 2886 ea
3270 2845 3330 2885 re
3373 2839 3579 2884 tantum
3617 2828 3727 2882 erit

2130 2932 2549 2986 emolumentum
2572 2968 2586 2989 ,
2629 2937 2687 2981 ut
2727 2926 2771 2980 si
2813 2925 2864 2978 id
2897 2939 3005 2978 uno
3032 2923 3148 2978 solo
3187 2936 3370 2974 mense
3415 2917 3723 2982 fecerimus,

2129 3023 2182 3077 in
2216 3022 2451 3092 perfecto
2495 3018 2706 3073 virtutis
2749 3015 2933 3070 habitu
2973 3028 3072 3069 nos
3120 3013 3266 3081 ipsos
3311 3011 3722 3064 eoastituemus.

2129 3116 2205 3170 Ne
2225 3123 2425 3168 tantum
2456 3113 2634 3182 itaque
2664 3109 2861 3164 bonum
2885 3107 3296 3177 neglexerimus.
3321 3103 3420 3170 Qui
3452 3102 3593 3158 enim
3621 3101 3727 3156 hoc

2125 3206 2385 3277 judicium
2424 3204 2510 3259 hic
2553 3201 2838 3266 statuerit,
2883 3198 3106 3254 acerbas
3137 3197 3245 3250 illic
3281 3209 3467 3265 pteuas
3494 3207 3598 3247 non
3629 3192 3728 3246 da-

2133 3299 2225 3352 bit.
2272 3295 2332 3351 Si
2359 3297 2491 3349 enim
2520 3310 2612 3347 nos
2631 3294 2766 3364 ipsos
2782 3291 3164 3362 iudicaremus,
3194 3305 3295 3341 non
3320 3287 3492 3356 utique
3511 3284 3727 3354 judicao

2129 3407 2298 3444 remur
2324 3405 2343 3442 :
2372 3405 2404 3441 α
2434 3387 2658 3441 Domino
2679 3395 2847 3438 autem
2868 3382 3090 3454 judicati
3115 3381 3374 3434 erudimur
3393 3419 3408 3442 ,
3442 3377 3631 3446 inquit,
3661 3391 3727 3429 ne

2130 3498 2247 3534 cum
2293 3480 2482 3533 mundo
2527 3477 2916 3532 condemnemur
2954 3474 2972 3542 (
2998 3474 3048 3527 1.
3079 3471 3198 3526 Cor.
3230 3472 3317 3525 11.
3349 3470 3438 3525 51.
3466 3467 3594 3539 32).
3647 3467 3728 3522 Ne

2131 3589 2258 3644 ergo
2285 3573 2733 3635 condemnemur,
2771 3569 2875 3622 hoc
2903 3566 3180 3621 faciamus.
3226 3564 3280 3620 6.
3315 3562 3616 3631 Sacriﬁcate
3633 3577 3726 3614 sa-

2131 3667 2380 3736 criﬁcium
2399 3653 2614 3735 justitia:
2647 3672 2693 3717 et
2717 3670 2916 3731 sperate
2945 3661 2998 3713 in
3023 3657 3263 3712 Domino.
3310 3654 3504 3710 Vidisti
3531 3666 3726 3707 conse-

2132 3759 2402 3828 quentiam
2433 3755 2621 3826 Optimi
2648 3753 2894 3809 consilii?
2940 3749 3119 3805 vidisti
3155 3745 3444 3820 perfectam
3482 3743 3726 3799 admoni-

2133 3847 2376 3904 tionem?
2403 3847 2690 3916 Postquam
2723 3843 2866 3899 enim
2894 3849 3112 3911 propter
3143 3847 3359 3910 peccata
3389 3834 3724 3905 compunxit,

2131 3949 2190 3996 et
2237 3939 2303 3994 ad
2348 3925 2536 3994 eadem
2587 3949 2773 3991 rursus
2817 3931 3172 4004 aggredienda
3223 3928 3484 3984 tardiores
3526 3924 3724 3992 ei‘l‘ecit,

2128 4031 2496 4103 judiciumque
2532 4027 2674 4099 quod
2700 4040 2806 4081 non
2835 4033 3009 4095 potest
3034 4021 3304 4091 corrumpi
3329 4019 3639 4080 constituit,
3667 4025 3727 4070 et

2133 4129 2257 4183 vitze
2285 4127 2547 4181 rationem
2575 4122 2751 4191 exegit
2775 4161 2789 4184 ,
2835 4119 2907 4174 ita
2935 4118 3000 4173 ad
3039 4115 3248 4171 virtutis
3289 4112 3602 4170 exercitium
3631 4108 3728 4163 de-

2133 4219 2298 4274 ducit.
2329 4217 2511 4286 Neque
2531 4215 2676 4270 enim
2704 4211 2900 4268 sufﬁcit
2919 4210 3012 4264 sia
3034 4207 3191 4262 malis
3213 4205 3598 4268 abstineamus,
3627 4202 3726 4254 sed

2135 4318 2349 4380 oportet
2368 4309 2528 4364 etiam
2557 4306 2726 4360 bonos
2762 4315 2913 4358 actus
2941 4300 3220 4356 accedere.
3272 4295 3533 4365 Quocirca
3563 4291 3727 4348 etiam

2138 4400 2485 4474 progrediens
2510 4398 2791 4460 admonet,
2822 4394 3006 4449 dicens
3036 4410 3049 4444 :
3085 4391 3296 4445 Declina
3316 4404 3349 4441 a
3373 4387 3532 4452 malo,
3572 4394 3617 4438 et
3642 4387 3729 4454 {ac

2138 4493 2323 4547 bonum
2354 4489 2525 4562 (Psal.
2552 4489 2642 4543 55.
2677 4485 2787 4558 15).
2841 4484 2957 4539 Non
2982 4483 3157 4536 solum
3185 4481 3329 4536 enim
3370 4475 3731 4547 improbitatis

2137 4583 2278 4638 actio
2297 4624 2312 4646 ,
2339 4581 2437 4636 sed
2464 4581 2625 4636 etiam
2651 4593 2680 4632 a
2708 4577 2902 4631 virtute
2931 4571 3164 4628 cessatio
3186 4613 3202 4639 ,
3232 4580 3294 4626 ut
3319 4569 3623 4640 puniamur,
3650 4565 3733 4620 ef-

2139 4677 2266 4730 ticit.
2308 4673 2439 4730 Nam
2469 4679 2526 4728 et
2553 4671 2626 4726 illi
2665 4670 2754 4741 qui
2799 4669 3122 4723 esurientem
3167 4679 3272 4719 non
3319 4671 3616 4734 paverunt,
3664 4674 3734 4715 ac

2139 4765 2339 4820 sitienti
2376 4771 2560 4834 potum
2589 4776 2694 4815 non
2733 4758 3032 4824 dederunt,
3065 4765 3119 4811 et
3145 4759 3236 4826 qui
3275 4752 3476 4808 nudum
3504 4767 3610 4806 non
3636 4766 3730 4805 ve-

2141 4846 2368 4914 stierunt
2396 4853 2607 4924 (Matth.
2635 4853 2728 4909 ‘25.
2756 4852 2844 4906 42.
2875 4850 3039 4920 seqq.)
3061 4891 3078 4915 ,
3107 4864 3213 4903 non
3245 4845 3403 4901 iurati
3433 4853 3596 4910 sunt,
3630 4856 3734 4897 nec

2139 4949 2284 5003 avari
2321 4946 2570 5011 fuerunt,
2600 4960 2701 5000 nec
2741 4944 2877 4998 bona
2920 4943 3094 4996 aliena
3125 4947 3416 5008 rapuerunt
3445 4954 3459 4991 ε
3487 4934 3582 4992 sed
3607 4934 3734 5004 quia

2141 5056 2247 5096 non
2280 5038 2522 5093 fecerunt
2540 5037 2937 5106 eleemosynam
2960 5073 2975 5100 ,
3003 5041 3287 5102 propterea
3312 5043 3483 5100 piens:
3511 5027 3734 5080 immor-

2143 5133 2234 5188 tali
2260 5130 2571 5195 traduntur,
2599 5136 2653 5184 et
2680 5125 2941 5196 supplicio
2971 5123 3122 5192 cujus
3149 5122 3326 5176 nullus
3350 5128 3435 5201 est
3458 5118 3598 5172 linis.
3649 5115 3733 5170 Ex

2142 5237 2248 5293 quo
2279 5219 2658 5290 intelligimus,
2707 5215 2980 5272 abstinere
3011 5229 3040 5268 a
3069 5212 3222 5268 malis
3263 5225 3368 5264 non
3413 5223 3534 5265 esse
3577 5206 3734 5261 nobis

2143 5315 2460 5387 principium
2488 5309 2674 5366 salutis
2701 5311 2755 5373 ³,
2806 5307 2907 5362 nisi
2947 5306 3087 5361 adsit
3123 5305 3286 5360 etiam
3312 5303 3577 5358 bonorum
3609 5311 3734 5370 pos-

2143 5407 2312 5464 sessio
2334 5447 2347 5471 ,
2379 5413 2434 5460 et
2459 5402 2669 5459 virtutis
2695 5400 2854 5456 actio.

2210 5586 2226 5616 ί
2265 5591 2402 5646 Beg.,
2420 5587 2528 5632 ante
2547 5580 2760 5632 omnium
2801 5578 2964 5630 oculos
2985 5577 3128 5629 stabit
3161 5573 3246 5626 tibi
3269 5568 3477 5624 tribunal
3493 5576 3576 5620 tua
3601 5579 3734 5618 corn-

2144 5646 2729 5712 ρνειιβηαεησρεεωιακ
2811 5707 2821 5712 _
3039 5704 3050 5712 ,
3159 5703 3235 5712 _-
3327 5699 3398 5712 ,,
3538 5711 3569 5712 κν

2213 5712 2234 5743 ²
2257 5699 2312 5772 [η
2343 5699 2670 5772 ϐτωὲοηούκ
2710 5707 2832 5772 ἀρχῂ
2867 5704 3108 5772 «tempta;
3148 5703 3280 5764 ἡμῖν.
3327 5699 3608 5772 l_nte_rpres,
3648 5699 3736 5772 qui

2155 5770 2324 5837 vertit,
2353 5785 2446 5824 non
2467 5765 2586 5824 satis
2612 5776 2685 5822 est
2708 5765 2844 5822 nobis
2868 5766 2933 5818 ad
2969 5765 3187 5824 salutem,
3217 5777 3310 5814 non
3333 5765 3454 5826 ἀρχὴ
3481 5765 3734 5824 σωτηρίας,
