4106 6416
346 370 411 427 5|
1527 376 1896 436 EXPOSITIO
1934 380 2003 436 IN
2044 382 2369 448 PSALMUM
2407 395 2491 454 IV.
3556 420 3627 475 5'3

345 488 590 559 (ὀμενος
640 486 801 556 ρικῆ’
839 488 966 543 ἐστι
1013 490 1122 562 γάρ
1163 493 1255 545 καὶ
1302 494 1527 558 δ.καίως
1568 498 1923 569 ὀργίζεσθαι·

345 574 472 629 ἐπεὶ
495 578 593 628 καὶ
628 572 835 637 Παῦλος
862 574 1117 646 ὠργίσθη
1141 577 1220 647 τῷ
1260 578 1485 650 Ἐλύμα,
1508 582 1601 634 καὶ
1629 584 1833 654 Πέτρος
1864 587 1929 656 τῇ

348 659 657 728 Σαπφείρα.
697 658 837 711 Ἀλλ’
859 660 968 711 οὐκ
998 657 1066 713 ἂν
1097 659 1307 733 εἴποιμι
1336 663 1493 717 τοῦτο
1521 666 1690 739 ὀργὴν
1720 668 1929 733 ἁπλῶς,

343 740 482 795 ἀλλὰ
499 742 833 811 φιλοσοφίαν,
850 741 974 815 [18]
989 742 1081 795 καὶ
1104 744 1452 815 κηδεμονίαν,
1477 752 1569 802 καὶ
1593 752 1927 821 οἰκονομίαν.

354 825 665 895 Ὀργίζεται
695 826 789 879 καὶ
812 828 994 898 πατὴρ
1022 827 1141 898 υἱῷ,
1168 828 1303 882 ἀλλά
1329 832 1645 902 κηδόμενος.
1685 835 1930 900 Ἐκεῖνός

344 911 494 963 ἐστιν
517 914 547 967 ὀ
585 910 936 981 ὀργιζόμενος
977 913 1118 983 εἰκῆ,
1143 915 1170 966 ὀ
1198 915 1389 969 ἐαυτῖον
1423 917 1656 971 ἐκδικῶν
1677 936 1690 949 ο
1718 920 1745 971 ὀ
1778 920 1834 973 δὲ
1862 920 1932 974 τὰ

343 995 548 1065 ἐτέρων
586 993 849 1065 διορθῶν,
894 991 1047 1059 οὗτος
1090 996 1302 1050 πάντων
1351 1001 1500 1054 ἐστὶν
1556 1001 1929 1076 ἡμερώτερος.

353 1079 574 1150 Ἐπειδὴ
606 1080 701 1133 καὶ
744 1081 774 1132 ὀ
820 1078 952 1143 Θεὸς
975 1121 987 1141 ,
1018 1081 1153 1135 ἐπὰν
1192 1081 1420 1153 λέγηται
1453 1084 1803 1157 ὀργίζεσθαι,
1831 1087 1930 1158 οὐχ

342 1162 523 1232 ἐαυτῷ
568 1161 791 1232 ἀμύνων
824 1163 1133 1234 ὀργίζεται,
1180 1166 1294 1218 ἀλλ’
1330 1168 1477 1237 ἡμᾶς
1526 1168 1927 1241 διορθούμενος.

341 1245 545 1301 Τοῦτον
596 1247 776 1300 τοίνυν
827 1247 922 1299 καί¹
973 1249 1133 1317 ἡμεῖς
1188 1249 1503 1320 μιμώμεθα.
1550 1252 1625 1305 Τὸ
1672 1254 1770 1323 μὲν
1817 1254 1929 1326 γάρ

341 1328 515 1392 οὕτως
546 1329 841 1395 ἐπεξιέναι,
888 1330 1030 1385 θεῖον
1050 1348 1062 1361 ·
1100 1332 1159 1385 τὸ
1195 1332 1252 1386 δέ
1285 1334 1488 1405 ἑτέρως
1508 1375 1523 1400 ,
1562 1336 1927 1408 ἀνθρώπινον.

354 1413 496 1467 Ἀλλ’
544 1416 574 1467 ὀ
611 1412 744 1477 Θεὸς
782 1415 843 1467 οὐ
896 1414 1067 1485 ταύτῃ
1104 1416 1260 1486 ἡμῶν
1292 1417 1542 1489 διέστηκε
1584 1420 1765 1490 μόνον,
1801 1417 1931 1495 ᾖδι-

340 1499 514 1561 καίως
534 1498 834 1571 ὀργίζεται,
858 1498 972 1552 ἀλλ’
1002 1499 1083 1553 ὃτι
1111 1500 1231 1554 οὐδέ
1258 1501 1433 1565 πάθος
1465 1503 1594 1573 περὶ
1618 1503 1749 1556 Θεόν
1779 1506 1929 1559 ἐστιν

339 1584 373 1652 ἡ
418 1582 582 1652 ὀργή.
633 1583 723 1653 Μὴ
771 1582 954 1635 τοίνυν
1001 1582 1134 1654 μηδὲ
1170 1585 1330 1655 ἡμεῖς
1380 1585 1734 1657 ὀργιζώμεθα
1780 1589 1926 1660 εἰκῆ.

340 1665 454 1717 Καὶ
482 1665 594 1736 γάρ
632 1664 724 1718 διὰ
768 1665 927 1719 τοῦτο
980 1666 1197 1737 ἐνετέθη
1245 1669 1377 1737 ἡμῖν
1430 1671 1465 1740 ἡ
1502 1668 1672 1740 ὀργὴ,
1701 1670 1803 1742 οὐχ
1845 1670 1930 1725 ἵνα

342 1749 783 1821 άμαρτάνωμεν,
816 1750 930 1815 ἀλλ’
973 1751 1059 1803 ῖνα
1084 1750 1304 1822 ἐτέρους
1358 1752 1779 1824 ἁμαρτάνοντας
1821 1771 1931 1809 κω-

338 1833 588 1903 λύωμεν⁸
611 1834 710 1903 οὐχ
741 1833 829 1887 ῖνα
857 1832 1027 1897 πάθος
1055 1834 1149 1887 καὶ
1180 1835 1395 1907 νόσημα
1417 1836 1664 1908 γένηται,
1697 1838 1813 1891 ἀλλ’
1841 1838 1930 1893 ἵνα

341 1918 532 1972 παθῶν
563 1917 870 1987 φάρμακον.

412 2009 484 2072 η’.
525 2001 807 2073 Ἐννόησον
854 2004 1033 2056 τοίνυν
1071 2004 1270 2069 κακίας
1318 2004 1625 2077 ὑπερϐολήν
1648 2046 1663 2071 ,
1699 2007 1826 2063 ὅταν
1869 2010 1931 2064 τὸ

341 2087 634 2157 φάρμακον
659 2086 985 2157 δηλητήριον
1025 2087 1255 2156 γίνηται,
1289 2089 1415 2143 ὅταν
1443 2090 1510 2143 δι’
1535 2082 1596 2142 οὐ
1633 2090 1701 2144 τὰ
1726 2092 1929 2164 ἐτέρων

338 2172 634 2243 τραύματα
661 2171 906 2243 διορθοῦν
938 2171 1063 2243 χρὴ,
1090 2170 1178 2225 διά
1204 2171 1392 2227 τούτου
1434 2173 1725 2244 τραύματα
1763 2176 1930 2247 ἐργα-

337 2254 597 2326 ζώμεθα”
631 2258 819 2326 ὥσπερ
867 2256 933 2309 ἂν
971 2255 1024 2307 εί
1060 2272 1142 2318 τις
1194 2255 1409 2326 σίδηρον
1453 2256 1655 2323 λαϐὼν,
1700 2258 1786 2311 ίνα
1829 2260 1929 2323 τὰς

337 2340 543 2410 ἐτέρων
586 2340 883 2407 σηπεδόνας
908 2339 1169 2409 ἐκκόπτῃ,
1198 2340 1391 2393 ἑαυτὸν
1423 2342 1544 2413 είκῆ
1582 2342 1926 2414 κατακόπτῃ,

336 2427 590 2495 πανταχῇ
620 2424 712 2477 τοῦ
745 2423 995 2494 σώματος
1023 2422 1155 2493 ’έλκη
1185 2423 1353 2477 ποιῶν
1379 2439 1393 2452 ⁸
1426 2425 1458 2495 ἡ
1490 2425 1829 2496 κυϐερνήτης
1854 2426 1928 2479 ὢν

336 2506 422 2560 διὰ
456 2508 567 2560 τῶν
600 2509 803 2561 οἰάκων
832 2506 1072 2577 καταδύῃ
1110 2506 1170 2559 τὸ
1209 2506 1436 2576 σκάφος,
1463 2507 1530 2561 δι’
1558 2501 1633 2561 ὧν
1658 2508 1763 2561 τῶν
1797 2509 1929 2562 ἀτά-

336 2607 482 2645 κτων
515 2591 839 2660 πνευμάτων
867 2589 965 2661 τὴν
994 2590 1175 2660 ῥύμην
1200 2592 1490 2644 ἐκκόπτειν
1517 2591 1646 2647 ἔδει.
1677 2593 1928 2647 Τοιοῦτόν

335 2693 387 2729 τι
418 2677 517 2728 καὶ
542 2677 575 2745 ἡ
604 2675 740 2746 ὀργή
767 2676 932 2737 ἐστιν,
969 2675 1198 2746 ὄργανον
1225 2678 1514 2747 χρήσιμον,
1548 2678 1636 2731 ῖνα
1672 2679 1731 2731 τὸ
1756 2680 1928 2750 ὑπνη-

334 2760 426 2813 λόν
454 2760 614 2830 ἡμῶν
653 2760 913 2832 διεγείρῃ.
959 2760 1047 2813 ῖνα
1090 2761 1243 2815 τόνον
1286 2762 1467 2833 ἐντιθῇ
1512 2765 1577 2834 τῇ
1622 2762 1791 2834 ψυχῇ,
1840 2765 1928 2818 ἵνα

337 2843 730 2914 σφοδροτέρους
762 2842 1064 2913 ἐργάζηται
1091 2845 1225 2915 πρὸς
1254 2844 1353 2909 τὰς
1393 2844 1534 2917 ὑπὲρ
1571 2847 1680 2901 τῶν
1709 2848 1923 2902 ἀδικου-

338 2927 520 2996 μένων
550 2927 973 2996 ἀγανακτήσεις,
1007 2928 1091 2980 ἵνα
1113 2931 1386 2999 τιμωροὺς
1417 2933 1540 3001 ποιῇ
1572 2935 1685 2995 τοῖς
1714 2932 1927 2985 ἐπιϐού-

333 3009 470 3072 λοις.
511 3009 611 3061 Διά
637 3009 700 3079 δὴ
727 3009 881 3061 τοῦτό
911 3028 1095 3080 φησιν,
1141 3011 1490 3081 Ὀργίζεσθε,
1512 3014 1619 3091 zeal
1642 3015 1725 3084 μὴ
1748 3017 1927 3085 ἀμαρ-

332 3096 565 3150 τάνετε.
599 3096 660 3147 Εἰ
692 3095 747 3148 δέ
778 3095 851 3167 μὴ
893 3091 960 3165 ἦν
988 3096 1211 3150 δυνατὸν
1244 3097 1419 3161 τοῦτο,
1451 3100 1551 3151 οὐκ
1581 3100 1647 3153 ἂν
1674 3101 1921 3166 ἐπέταξε.

334 3176 418 3232 Τά
463 3178 573 3250 γὰρ
624 3178 856 3232 ἀδύνατα
893 3179 1068 3242 οὐδεὶς
1107 3181 1400 3234 ἐπιτάττει.
1456 3183 1703 3250 Είσάγων
1745 3186 1924 3239 τοίνυν

336 3264 498 3335 νόμον
535 3266 908 3328 άποστολικδν,
940 3267 1035 3320 καὶ
1074 3268 1390 3338 φιλοσοφίαν
1421 3270 1802 3344 εὐαγγελικὴν,
1831 3276 1924 3327 καὶ

331 3354 404 3408 τὰ
427 3354 569 3408 αὐτὰ
612 3353 779 3407 εἰπὼν
813 3355 957 3426 άπερ
988 3356 1084 3408 καὶ
1123 3355 1150 3407 ὀ
1180 3357 1433 3425 Χριστὸς,
1476 3359 1667 3429 ἑτέραν
1698 3363 1939 3432 προστίσι

330 3441 460 3511 θησι
486 3441 800 3511 παραίνεσιν
828 3441 972 3495 οὐτω
995 3442 1167 3512 λέγων
1193 3460 1206 3473 ·
1241 3445 1299 3497 Ἃ
1328 3444 1534 3513 λέγετε
1551 3448 1623 3500 ἐν
1643 3449 1771 3515 ταῖς
1792 3468 1925 3519 καρ-

332 3528 493 3594 δίαις
524 3529 710 3597 ὑμῶν,
758 3529 854 3581 ἐπὶ
894 3529 1025 3597 ταῖς
1069 3531 1297 3597 κοίταις
1322 3532 1489 3601 ὑμῶν
1528 3538 1917 3606 κατανύγητε.

329 3619 400 3671 Τί
432 3620 547 3671 ἐστι
591 3618 649 3671 τὸ
675 3619 993 3689 εἰρημένον;
1038 3614 1197 3672 Δοκεῖ
1229 3621 1338 3692 γάρ
1381 3623 1590 3692 ἀσαφὲς
1630 3621 1788 3681 εἶναι.
1835 3628 1922 3680 Ἐν

327 3706 410 3777 τῷ
444 3704 621 3775 καιρῷ
645 3705 720 3775 τῷ
750 3705 887 3775 μετὰ
922 3705 991 3758 τὰ
1020 3705 1228 3772 δεῖπνα,
1262 3709 1445 3777 φησὶν,
1481 3712 1643 3782 ἡνίκα
1690 3713 1757 3767 ἂν
1786 3715 1923 3785 πρὸς

328 3794 500 3848 ὕπνον
539 3795 761 3863 ἀπίητε,
793 3794 955 3866 ἡνίκα
988 3795 1054 3849 ἂν
1098 3797 1328 3869 μέλλητε
1351 3801 1793 3869 κατακλίνεσθαι,
1829 3805 1924 3857 καὶ

331 3884 565 3956 μηδενὸς
602 3884 866 3955 παρόντος
898 3884 1064 3956 πολλὴ
1102 3887 1134 3957 ἡ
1166 3887 1385 3958 ἡσυχία,
1423 3887 1616 3958 βαθεῖα
1649 3892 1682 3961 ἡ
1712 3890 1919 3963 γαλήνη

333 3972 563 4044 μηδενὸς
599 3972 1013 4043 διενοχλοῦντος,
1065 3974 1125 4027 τὸ
1172 3974 1520 4048 δικαστήριον
1568 3977 1779 4051 έγειρον
1824 3978 1918 4032 τοῦ

330 4060 658 4123 συνειδότος,
688 4059 915 4124 εὐθύνας
940 4062 1242 4133 άπαίτησον
1265 4064 1414 4128 αὐτὸ,
1444 4066 1536 4119 καὶ
1569 4065 1605 4119 ἃ
1644 4066 1764 4137 μεθ’
1789 4068 1922 4140 ἡμέ-

328 4166 434 4219 ραν
466 4147 769 4200 ἐϐουλεύσω
797 4149 1085 4220 πονηρά,ἢ
1121 4150 1303 4215 δόλους
1335 4152 1631 4225 ῥάπτων,ἢ
1662 4155 1752 4208 τὸν
1781 4156 1919 4228 πλη-

328 4236 447 4289 σίον
480 4235 870 4300 ὑποσκελίζων,
902 4237 1248 4308 ἢέπιθυμίας
1275 4239 1560 4311 δεχόμενος
1592 4242 1919 4315 διεφθαρμέ-

326 4342 448 4388 νας,
482 4323 656 4377 ταῦτα
688 4324 745 4375 ἐν
775 4323 851 4394 τῷ
884 4325 1057 4396 καιρῷ
1083 4327 1181 4396 τῆς
1213 4328 1441 4398 ἡσυχίας
1473 4330 1686 4401 ἐκείνης
1714 4334 1795 4396 εἰς
1830 4333 1919 4404 μέ-

327 4430 421 4466 σον
447 4410 692 4480 άγαγὼν,
726 4414 819 4465 καὶ
840 4413 899 4466 τὺ
934 4413 1168 4478 συνειδὸς
1211 4416 1406 4487 ἐπιστὴ
1419 4434 1512 4482 σας
1551 4421 1664 4483 τοῖς
1698 4421 1917 4486 ἀτόποις

322 4500 539 4563 τούτοις
565 4499 862 4571 λογισμοῖς,
888 4500 1176 4566 κατάξαινε
1212 4503 1427 4569 αὐτοὺς,
1461 4505 1555 4558 καὶ
1575 4506 1731 4578 δίκην
1761 4509 1919 4562 ἀπαί-

322 4605 430 4652 τει,
463 4588 749 4643 κατάτεινε
783 4588 880 4659 τὴν
920 4588 1269 4659 ἁμαρτοῦσαν
1312 4589 1570 4646 διάνοιαν.
1607 4595 1777 4649 Τοῦτο
1807 4597 1915 4669 γάρ

322 4680 465 4738 ἐστι,
491 4676 574 4738 τὸ,
632 4678 1013 4745 Κατανύγητε
1076 4678 1571 4745 ἀπὶτοῦ,Νύξατε,
1615 4686 1913 4754 κεντήσατε

322 4768 472 4835 ἅπερ
518 4764 711 4817 εἴπατε
751 4766 808 4819 ἐν
853 4768 971 4828 ταῖς
1013 4766 1260 4837 καρδίαις
1304 4768 1457 4836 ὐμῶν
1490 4769 1607 4839 μεθ’
1658 4772 1910 4844 ἡμέραν

320 4854 695 4918 τουτέστιν,’Λ
712 4852 1024 4922 ἐλογίσασθε
1040 4855 1252 4925 πονηρὰ
1269 4855 1629 4927 βουλεύματα,
1656 4861 1829 4915 ταῦτα
1855 4864 1912 4917 ἐν

320 4946 448 5006 ταῖς
471 4942 681 5004 κοίταις
709 4941 882 5011 ὐμῶν,
918 4943 976 4993 ἐν
998 4942 1074 5012 τῷ
1101 4943 1276 5014 καιρῷ
1305 4943 1405 5014 τῆς
1441 4946 1668 5016 ἡσυχίας
1697 4949 1913 5022 ἐκείνης

318 5030 605 5094 κολάζετε,
658 5029 1073 5100 τιμωρήσασθε·
1126 5031 1255 5084 ὅταν
1301 5034 1439 5103 μήτε
1486 5034 1638 5104 φίλος
1697 5038 1909 5111 ἐνοχλῇ,

322 5123 461 5192 μήτε
519 5119 736 5191 οἰκέτης
802 5119 1111 5193 παροξύνῃ,
1163 5123 1301 5194 μήτε
1354 5127 1696 5195 πραγμάτων
1755 5129 1912 5199 ὀχλος

318 5209 542 5280 ἐπείγῃ,
575 5209 695 5261 τότε
739 5209 847 5262 τῶν
879 5208 996 5279 μεθ’
1026 5210 1241 5282 ἡμέραν
1288 5210 1634 5284 βεϐιωμένων
1669 5217 1908 5270 ποιεῖσθε

318 5297 497 5367 λόγον.
542 5297 653 5351 Καὶ
691 5296 779 5351 διὰ
805 5298 858 5350 τί
889 5298 963 5370 μὴ
993 5294 1112 5352 εἶπε
1155 5302 1416 5372 ῥημάτων
1444 5305 1536 5357 καὶ
1565 5304 1762 5377 ἔργων,
1792 5306 1909 5361 ἀλλ’

319 5385 720 5456 ἐνθυμημάτων
762 5386 1051 5456 πονηρῶνς
1094 5388 1187 5441 Ἐκ
1227 5390 1543 5461 περιουσίας
1588 5394 1745 5447 τοῦτο
1777 5413 1904 5448 παι-

319 5474 510 5529 δεύων.
546 5473 656 5547 [l9]
690 5476 750 5528 Εἰ
788 5474 896 5546 γάρ
920 5475 988 5528 τά
1020 5477 1228 5549 πονηρά
1256 5477 1595 5549 βουλεύματα
1626 5482 1707 5536 δεῖ
1748 5484 1908 5539 κολά-

319 5559 453 5623 ζειν,
480 5563 622 5617 ὧστε
650 5564 727 5633 μὴ
751 5564 830 5626 εἰς
864 5560 1024 5632 ἔργον
1057 5564 1288 5629 ἐξιέναι’
1323 5566 1502 5637 πολλῷ
1537 5568 1735 5638 μᾶλλον
1765 5573 1907 5644 ὑπὲρ

316 5650 426 5703 τῶν
455 5650 631 5719 ἔργων
661 5653 754 5705 καί
781 5651 893 5703 τῶν
923 5652 1181 5722 ῥημάτων
1208 5655 1525 5726 ἐπιστύφειν
1556 5658 1639 5711 δεῖ
1667 5660 1764 5732 τὴν
1800 5662 1903 5731 ψυ-

315 5739 437 5811 χήν.
472 5741 642 5797 Τοῦτο
674 5740 798 5795 καθ’
826 5742 1066 5810 ἑκάστην
1105 5745 1345 5813 γενέσθω
1386 5747 1487 5819 τὴν
1532 5748 1764 5819 ἡμέραν,
1811 5754 1904 5805 καὶ

319 5831 395 5901 μή
426 5830 683 5903 πρότερον
732 5831 1122 5904 καθυπνώσῃς,
1158 5834 1433 5907 ἄνθρωπε,
1460 5837 1565 5903 ἕως
1600 5837 1663 5894 ἂν
1706 5843 1898 5897 ἀναλο-

601 5951 885 6014 Pyram.
939 5951 1054 6012 Gn.
1105 5956 1227 6020 LV.

2040 504 2264 600 γίσῃᾲτά
2293 513 2412 583 μεθ’
2441 516 2654 589 ἡμέραν
2678 537 2758 575 σοι
2790 524 3302 600 πεπλημμελημένα
3325 546 3338 560 ο
3369 535 3462 586 καὶ
3488 535 3626 589 πάν-

2036 610 2143 689 τως
2170 598 2529 689 ὀκνηρότερος
2556 606 2654 680 ἔσῃ
2681 614 2745 682 τῇ
2776 611 3003 685 ἐπιούσῃ
3043 598 3181 687 πρδς
3209 621 3269 672 τὸ
3304 623 3417 685 τοῖς
3444 623 3626 689 αὐτοῖς

2035 683 2403 775 ἐπιχειρῆσαι.
2434 694 2543 747 Καὶ
2572 696 2707 769 ὅπερ
2736 700 2829 752 ἐπὶ
2852 702 2962 755 τῶν
2978 683 3268 775 ἀργυρίων
3303 683 3495 774 ποιεῖς,
3534 683 3627 765 καῖ

2034 773 2134 871 οὐκ
2168 775 2333 871 ἀνέχῃ
2362 778 2455 871 δύο
2480 785 2768 854 παρελθεῖν
2795 773 3148 861 ἡμέραςξκαῖ
3180 793 3255 865 μὴ
3292 773 3466 851 θεῖναι
3491 798 3627 871 πρὸς

2033 860 2124 961 τὸν
2144 864 2359 962 οἰκέτην
2381 868 2557 962 λόγον,
2577 872 2718 927 ὥστε
2744 877 2816 947 μὴ
2837 877 3096 949 σύγχυσιν
3112 860 3442 958 γενέσθαιτῇ
3463 860 3621 962 λήθῃ,

2033 951 2192 1005 τοῦτο
2211 955 2313 1045 καί.
2338 956 2431 1010 ἐπὶ
2462 958 2571 1013 τῶν
2598 962 2850 1031 πράξεων
2885 968 3026 1020 ποίει
3065 970 3185 1021 καθ’
3208 951 3447 1045 ἑκάστην
3482 951 3623 1045 ἡμέζ

2035 1056 2136 1110 ραν
2159 1043 2264 1132 ’-ἐν
2297 1044 2507 1132 ἐσπέρα
2554 1047 2859 1118 λογοθέσιον
2906 1054 3127 1109 ἀπαίτει
3155 1060 3254 1129 τὴν
3294 1043 3625 1132 ψυχὴνξκαὶ

2035 1129 2360 1220 καταδίκαζε
2386 1134 2477 1189 τὸν
2512 1139 2874 1210 ἡμαρτηκότα
2909 1140 3187 1215 λογισμὸν,
3219 1129 3521 1220 ἀνάρτησον
3547 1149 3624 1213 ώς

2033 1217 2127 1270 ἐπ’(¹
2162 1217 2339 1284 ξύλου,
2382 1223 2473 1277 καὶ
2522 1224 2832 1295 βασάνισον,
2886 1231 2981 1285 καὶ
3031 1217 3376 1304 παράγγελλε
3414 1217 3622 1308 ’μηκέτι

2030 1308 2144 1387 τοῖς
2172 1311 2355 1373 αὐτοῖς
2383 1313 2701 1387 ἐπιχειρεῖν.
2739 1315 2891 1384 Εἶδες
2927 1322 3169 1391 ἰατρείαν
3211 1325 3462 1397 ἀρίστην,
3502 1327 3621 1391 πῶς

2033 1396 2127 1448 καὶ
2158 1400 2614 1469 προφυλακτικοῖς
2653 1405 2745 1459 καὶ
2769 1407 3137 1479 διορθωτικοῖς
3168 1411 3433 1484 κέχρηται
3482 1431 3621 1485 φαρ-

2036 1484 2263 1553 μάκοις;
2290 1488 2363 1541 Τὸ
2387 1490 2487 1559 μὲν
2509 1491 2616 1563 γάρ
2643 1496 3040 1565 παραγγέλλειν
3064 1498 3136 1569 μὴ
3172 1501 3519 1571 περιπίπτειν
3540 1503 3620 1566 εἰς

2034 1572 2425 1661 ἁμαρτήματα,
2467 1581 2907 1649 προφυλακτικοῦ
2959 1588 3250 1657 φαρμάκου
3299 1587 3481 1661 χώραν
3521 1591 3619 1643 ἐπ-

2033 1661 2178 1731 έχει·
2211 1659 2341 1729 οἷον,
2384 1667 2731 1737 Ὀργίζεσθε,
2761 1674 2857 1726 καὶ
2888 1674 2973 1744 μὴ
3005 1676 3369 1746 ἁμαρτάνετε
3382 1659 3403 1709 ὀ
3440 1678 3499 1732 τὸ
3540 1680 3616 1741 δὲ,

2038 1750 2106 1804 Ἀ
2130 1750 2338 1821 λέγετε
2359 1755 2427 1807 ἑν
2455 1756 2585 1824 ταῖς
2603 1760 2875 1828 καρδίαις
2900 1762 3089 1832 ὑμῶν,
3113 1765 3210 1818 ἐπὶ
3243 1766 3371 1833 ταῖς
3397 1768 3618 1832 κοίταις

2031 1838 2199 1908 ὑμῶν
2221 1844 2612 1914 κατανύγητε,
2641 1848 3011 1919 διορθωτικοῦ.
3044 1853 3197 1906 Μετὰ
3216 1853 3324 1925 γὰρ
3355 1855 3413 1907 τδ
3436 1856 3618 1926 ἀμαρ-

2031 1930 2164 1990 τεῖν,
2195 1929 2356 1983 πάλιν
2386 1932 2583 2002 ἐπάγει
2617 1935 2905 2007 φάρμακα,
2947 1941 3076 2011 παρ’
3108 1941 3275 1994 αὐτοῦ
3314 1941 3405 1995 τοῦ
3438 1943 3618 2013 ἀμαρ-

2030 2014 2214 2081 τόντος
2247 2020 2347 2090 τὴν
2400 2021 2641 2094 ἰατρείαν
2673 2026 2928 2094 εἰσάγων.
2979 2027 3270 2098 Ποιώμεθα
3302 2029 3481 2085 τοίνυν
3519 2031 3618 2103 τὴν

2034 2105 2277 2175 ἰατρείαν
2303 2108 2532 2181 ταύτην,
2571 2112 2829 2185 οὐδεμίαν
2868 2114 3150 2169 δυσκολίαν
3187 2118 3435 2188 ἔχουσαν.
3474 2120 3533 2172 Εἰ
3561 2119 3617 2172 δὲ

2030 2196 2131 2249 οὐκ
2160 2197 2408 2268 ἀνέχεται
2452 2201 2659 2273 ἡψυχὴ
2708 2206 3016 2276 μεμνῆσθαι
3054 2206 3163 2260 τῶν
3211 2208 3609 2279 πλημμελημά·

2030 2299 2157 2343 των,
2194 2286 2557 2360 αἰσχυνομένη
2593 2291 2689 2343 καὶ
2732 2292 3061 2364 ἐρυθριῶσα,
3096 2295 3216 2348 εἰπέ
3247 2295 3381 2369 πρὸς
3412 2296 3609 2365 αὐτήν·

2030 2371 2196 2424 Οὐδέν
2225 2390 2305 2425 σοι
2351 2375 2541 2445 κέρδος
2569 2378 2676 2430 ἀπὸ
2703 2379 2796 2432 τοῦ
2834 2380 2909 2450 μὴ
2946 2382 3325 2453 μνημονεύειν,
3359 2382 3494 2435 ἀλλὰ
3524 2382 3617 2435 καὶ

2031 2458 2197 2531 πολλὴ
2224 2462 2255 2531 ἡ
2288 2462 2482 2534 βλάϐη.
2538 2464 2665 2519 Ἐάν
2687 2467 2796 2538 γὰρ
2829 2469 2902 2539 μὴ
2939 2470 3287 2542 μνημονεύσῃ
3321 2471 3460 2524 κατά
3487 2487 3618 2523 σαυ-

2028 2550 2125 2621 τὴν
2160 2551 2275 2615 νῦν,
2310 2553 2430 2606 τότε
2466 2555 2572 2627 πρὸ
2595 2556 2705 2610 τῶν
2751 2558 3005 2613 ἁπάντων
3049 2560 3346 2631 ὀφθαλμῶν
3377 2559 3616 2614 κείσεται

2031 2656 2113 2693 σοι
2142 2639 2211 2693 τὰ
2246 2641 2617 2713 ἁμαρτήματα
2648 2657 2697 2699 ει.
2738 2647 2835 2699 Ἂν
2865 2645 2922 2699 δὲ
2962 2644 3060 2702 νῦν
3094 2648 3389 2721 ἀναλογίσῃ
3421 2648 3615 2710 ταῦτα,

2029 2729 2295 2784 κάκείνων
2329 2732 2688 2807 ἀπαλλαγὴσῃ
2717 2735 2947 2806 ταχέως,
2976 2736 3070 2789 καὶ
3114 2736 3323 2807 ἐτέροις
3368 2737 3428 2789 οὐ
3460 2754 3613 2806 περι-

2028 2820 2168 2890 πεσῇ
2219 2819 2435 2890 ῥᾳδίως.
2476 2821 2540 2874 Ἡ
2573 2821 2682 2894 γὰρ
2715 2823 2861 2894 ψυχὴ
2895 2823 3165 2878 δεδοικυῖα
3195 2824 3292 2894 τὴν
3326 2825 3617 2895 ἐσπερινὴν

2026 2905 2202 2978 δίκην,
2235 2909 2308 2981 μὴ
2339 2910 2502 2964 πάλιν
2533 2912 2638 2965 ὐπὸ
2665 2913 2764 2984 τὴν
2808 2914 2979 2983 αὐτὴν
3010 2913 3124 2983 άλῷ
3153 2912 3354 2983 ψῆφον,
3389 2916 3483 2967 καὶ
3518 2931 3616 2966 κα-

2025 2995 2338 3067 τατείνηται
2382 2998 2477 3050 καὶ
2529 2999 2820 3071 μαστιχθῇ,
2857 3002 3193 3072 ὀκνηροτέρα
3238 3002 3447 3070 γίνεται
3488 3002 3618 3071 περὶ

2028 3084 2125 3154 τὴν
2155 3084 2430 3156 ἁμαρτίαν
2453 3103 2467 3116 ·
2501 3088 2595 3140 καὶ
2626 3088 2880 3141 τοσοῦτον
2913 3090 2973 3142 τὸ
3004 3089 3195 3160 κέρδος
3232 3090 3326 3143 τοῦ
3358 3091 3617 3161 πράγμα-

2029 3174 2120 3235 τός
2151 3173 2319 3234 ἐστιν.
2364 3176 2444 3228 ὅτι
2477 3175 2624 3245 μῆνα
2657 3176 2816 3246 μόνον
2851 3177 2916 3231 ἂν
2948 3179 3185 3249 συνεχῶς
3217 3180 3347 3233 αὐτὸ
3380 3180 3614 3251 ποιήσω·

2033 3280 2150 3331 μεν,
2188 3265 2246 3314 ἐν
2296 3263 2405 3329 ἔξει
2443 3265 2627 3319 λοιπὸν
2674 3268 2874 3339 ἀρετῆς
2911 3268 3134 3333 ἑαυτοὺς
3175 3269 3611 3337 καταστήσομεν.

2026 3351 2118 3423 Μὴ
2155 3350 2219 3421 δὴ
2271 3353 2601 3425 περιίδωμεν
2647 3355 2900 3409 τοσοῦτον
2953 3356 3138 3411 καλόν.
3196 3358 3253 3410 Ὀ
3300 3356 3408 3427 γάρ
3457 3355 3617 3410 τοῦτο

2027 3441 2260 3495 ἐνταῦθα
2300 3443 2532 3507 καθίσας
2582 3445 2643 3497 τὸ
2689 3444 3061 3516 δικαστήριον,
3097 3447 3159 3499 οὐ
3201 3445 3361 3499 δώσει
3412 3444 3616 3516 πικρὰς

2025 3530 2252 3596 εὐθύνας
2281 3533 2414 3586 ἐκεῖ.
2449 3535 2517 3587 Ei
2562 3533 2670 3603 γὰρ
2713 3535 2966 3603 ἑαυτοὺς
2996 3536 3330 3606 ἐκρίνομεν,
3383 3538 3494 3590 οὐκ
3535 3535 3617 3590 ἂν

2026 3619 2408 3688 ἐκρινόμεθαο
2449 3623 2789 3691 κρινόμενοι
2822 3622 2892 3675 δὲ
2934 3622 3050 3676 ὑπὸ
3085 3623 3306 3691 Κυρίου
3337 3608 3614 3675 παίδευό-

2019 3713 2193 3777 μεθα,
2237 3709 2420 3781 φησὶν,
2460 3710 2562 3763 ἵνα
2599 3709 2684 3778 μὴ
2716 3709 2839 3763 σὺν
2871 3710 2951 3773 τῷ
3002 3712 3209 3779 κόσμῳ
3248 3707 3611 3778 κατακριθῶ-

2018 3812 2155 3863 μεν.
2191 3797 2285 3849 ”ῐν’
2311 3792 2403 3849 οὖν
2449 3796 2523 3867 μὴ
2552 3797 2998 3868 κατακριθῶμεν,
3032 3800 3192 3852 τοῦτο
3225 3797 3610 3870 ἐργαζώμεθα.

2027 3885 2262 3938 Θύσατε
2306 3885 2530 3940 θυσίαν
2573 3885 2990 3953 δικαιοσύνης,
3041 3887 3139 3940 καὶ
3175 3887 3465 3940 ἐλπίσατε
3510 3885 3608 3939 ἐπὶ

2024 3974 2263 4042 Κύριον.
2300 3968 2453 4038 Εἶδες
2484 3974 2804 4027 ἀκολουθίαν
2836 3975 3145 4045 συμϐουλῆς
3175 3975 3438 4046 άρίστης;
3475 3969 3610 4037 εἶδες

2024 4061 2347 4133 παραίνεσιν
2384 4062 2835 4136 ἀπηρτισμένην;
2868 4063 3190 4128 Κατανύξας
3222 4063 3330 4135 γάρ
3361 4064 3453 4115 ἐπὶ
3499 4065 3611 4126 τοῖς

2025 4151 2405 4221 ἁμαρτήμασι,
2436 4151 2531 4205 καὶ
2566 4152 2797 4222 ποιήσας
2826 4151 3219 4223 ὀκνηροτέρους
3252 4152 3387 4222 πρὸς
3415 4151 3475 4204 τὸ
3499 4153 3612 4213 τοῖς

2020 4239 2204 4302 αὐτοῖς
2252 4241 2603 4311 ἐπιχειρῆσαι
2654 4240 2837 4302 πάλιν,
2876 4240 3062 4293 καὶτὸ
3100 4240 3449 4311 δικαστήριον
3482 4241 3610 4293 άνα-

2023 4328 2226 4398 στήσας
2250 4327 2312 4380 τὸ
2343 4328 2662 4390 ἀδέκαστον,
2691 4330 2782 4382 καὶ
2815 4328 2922 4382 τῶν
2957 4327 3303 4399 βεϐιωμένων
3326 4328 3354 4367 δ
3382 4327 3611 4390 εὐθύνας

2019 4415 2347 4486 ἀπαιτήσας,
2381 4415 2553 4479 οὕτως
2573 4417 2664 4469 ἐπὶ
2683 4417 2782 4487 τὴν
2809 4416 2908 4487 τῆς
2936 4415 3138 4486 ἀρετῆς
3170 4416 3433 4487 ἐργασίαν
3461 4416 3606 4484 άγει.

2021 4503 2155 4555 Οὐδὲ
2184 4503 2293 4574 γὰρ
2325 4504 2486 4573 ἀρκεῖ
2521 4505 2679 4573 μόνον
2713 4505 2745 4573 ἡ
2779 4503 2957 4573 ἀποχὴ
2984 4504 3094 4557 τῶν
3135 4502 3342 4568 κακῶν,
3372 4504 3505 4557 ἀλλὰ
3529 4506 3611 4559 δεῖ

2020 4594 2303 4663 προσεῖναι
2355 4593 2449 4646 καὶ
2498 4592 2597 4663 τὴν
2646 4593 2910 4664 ἐργασίαν
2945 4592 3054 4645 τῶν
3098 4592 3340 4661 ἀγαθῶν.
3381 4594 3473 4647 Διὸ
3514 4595 3609 4647 καὶ

2020 4678 2224 4750 προῖὼν
2259 4683 2514 4750 παραινεῖ
2539 4678 2739 4749 λέγων·
2773 4681 3095 4735 Ἕκκλινον
3120 4680 3238 4735 ἀπὸ
3265 4681 3477 4748 κακοῦ,
3509 4683 3607 4735 καὶ

2017 4768 2281 4835 ποίησον
2307 4768 2548 4836 ἀγαθόν.
2584 4768 2696 4822 Καὶ
2724 4766 2832 4841 γάρ
2877 4770 2910 4840 ἡ
2950 4768 3119 4841 ἀργία
3147 4769 3247 4840 τῆς
3289 4771 3490 4841 ἀρετῆς
3518 4771 3606 4823 κό-

2017 4857 2172 4912 λασιν
2204 4853 2310 4910 οἶδε
2359 4856 2663 4929 προξενεῖν,
2714 4859 2814 4929 οὐχ
2846 4860 2879 4928 ἠ
2924 4859 3158 4931 ἐργασία
3198 4860 3297 4930 τῆς
3342 4859 3606 4931 πονηρίας

2019 4947 2200 5017 μόνον.
2248 4946 2400 4999 Ἐπεὶ
2449 4947 2693 5001 κάκεῖνοι
2745 4949 2795 5000 οἱ
2853 4948 3122 5002 πεινῶντα
3172 4947 3249 5019 μὴ
3283 4947 3601 5019 θρέψαντες.

2018 5034 2153 5106 μηδέ
2173 5034 2410 5105 διψῶντα
2432 5035 2774 5103 ποτίσαντες,
2804 5036 2940 5108 μηδὲ
2968 5035 3172 5108 γυμνὸν
3194 5036 3600 5106 περιϐαλόντες,

2014 5125 2111 5193 οὐχ
2155 5125 2431 5195 ἥρπασαν,
2476 5124 2577 5177 οὐκ
2619 5123 3070 5195 ἐπλεονέκτησαν,
3115 5124 3177 5176 οὐ
3224 5122 3293 5176 τά
3346 5122 3601 5192 ἀλλότρια

2013 5211 2203 5265 ἐλαϐον
2228 5228 2240 5240 -
2283 5210 2398 5265 ἀλλ’
2452 5211 2638 5285 ἐπειδὴ
2692 5213 3058 5285 ἐλεημοσύνην
3110 5213 3209 5264 οὐκ
3253 5212 3595 5282 εἰργάσαντο,

2015 5295 2131 5371 [ΞΟ]
2159 5299 2248 5353 διὰ
2268 5301 2426 5354 τοῦτο
2452 5303 2518 5373 τῇ
2548 5302 2802 5373 ἀθανάτῳ
2828 5301 3207 5373 παραδίδονται
3238 5302 3477 5367 κολάσει,
3504 5307 3598 5357 καὶ

2009 5389 2250 5461 τιμωρίᾳ
2293 5391 2463 5462 πέρας
2494 5392 2595 5446 οὐκ
2636 5392 2855 5465 ἐχούσῃ.
2891 5391 3054 5444 Ὅθεν
3102 5391 3467 5463 μανθάνομεν,
3514 5394 3595 5449 ὄτι

2008 5480 2070 5533 οὐ
2095 5480 2155 5534 τὸ
2184 5480 2482 5551 ἀπέχεσθαι
2518 5481 2703 5533 κακῶν
2734 5481 2876 5551 ἀρχὴ
2907 5480 3180 5552 σωτηρίας
3205 5482 3358 5554 ἡμῖν,
3392 5481 3487 5537 ἐὰν
3517 5485 3592 5555 μὴ

2009 5572 2187 5640 προσῇ
2219 5570 2313 5623 καὶ
2352 5569 2461 5623 τῶν
2490 5567 2710 5637 ἀγαθῶν
2738 5570 2769 5638 ἡ
2807 5569 3020 5638 κτῆσις,
3050 5571 3143 5624 καὶ
3182 5571 3285 5642 τῆς
3327 5572 3525 5645 ἀρετῆς
3556 5575 3593 5645 ἡ

2007 5657 2257 5729 ἐργασία.

2069 5792 2095 5856 _‘
2125 5790 2245 5856 βεδε.
2269 5788 2490 5856 Κείσεταί
2523 5805 2599 5856 σοι
2618 5789 2922 5856 δικαστήριον
2944 5792 3160 5854 περιέχον

2066 5852 2094 5892 δ
2121 5852 2243 5921 Heg.
2269 5852 2753 5914 πεπλημμεληιένρνν.
