4106 6452
277 402 342 456 53

352 520 411 579 9-
441 521 587 592 Quid
611 525 683 580 sit
714 529 1060 598 sacriﬁcium
1076 526 1294 599 justitiw
1314 543 1333 592 ;
1354 525 1571 597 justitite
1593 526 1795 581 nomine
1821 525 1926 579 vir-

307 624 381 670 tus
400 614 590 676 omnis:
614 633 740 686 spes
770 618 834 673 in
866 617 1042 674 Deum
1061 616 1744 687 immortalis.—Proptcrea
1770 615 1935 671 etiam

320 708 595 783 propheta,
622 725 756 765 cum
789 722 849 767 et
878 713 952 767 ab
981 711 1319 782 improbitate
1353 725 1446 778 per
1465 708 1932 778 compunctionem

333 802 631 860 abduxisset
649 842 668 867 ,
704 811 764 858 et
778 802 852 857 ad
880 794 1091 857 virtutis
1115 803 1376 855 actionem
1397 800 1655 869 aptiorem
1678 798 1893 855 fecisset
1916 840 1932 865 ,

332 907 385 955 et
406 894 654 952 duritiam
684 895 894 949 mentis
913 893 1281 957 emollivissct,
1300 903 1355 946 et
1389 907 1507 947 eam
1552 906 1647 960 per
1671 905 1934 959 compun-

336 993 564 1047 etionem
603 998 852 1045 teneram
882 986 1222 1051 reddidisset,
1255 984 1439 1052 incipit
1470 982 1633 1037 verba
1665 981 1841 1037 facere
1866 980 1936 1037 de

335 1087 535 1153 iustitia
566 1127 581 1151 ,
608 1094 664 1141 et
702 1083 873 1139 dicit:
906 1080 1208 1148 Sacriﬁcate
1249 1076 1559 1146 sacriﬁcium
1602 1076 1819 1147 justitite
1847 1115 1862 1140 ,
1889 1083 1937 1128 et

338 1188 536 1246 sperate
580 1179 635 1232 in
675 1174 916 1231 Domino.
950 1171 1087 1240 Quid
1127 1178 1213 1224 est
1240 1210 1255 1234 ,
1291 1168 1592 1236 Sacriﬁcate
1627 1165 1939 1233 sacriﬁcium

341 1270 591 1337 ᾔειςιίιὶιεῖ
617 1266 1007 1338 Persequimini
1047 1263 1304 1334 justitiam
1339 1302 1355 1327 ,
1405 1261 1594 1316 olferte
1627 1259 1888 1330 justitiam
1921 1276 1935 1312 :

344 1361 447 1415 hoc
475 1370 559 1416 est
584 1361 872 1415 maximum
902 1359 1012 1412 Deo
1038 1356 1255 1421 donum,
1288 1353 1390 1408 hoc
1429 1363 1512 1407 est
1551 1361 1826 1420 acceptum
1853 1365 1938 1405 sa-

344 1456 605 1510 criﬁcium
641 1495 654 1517 ,
689 1454 803 1507 iure
837 1452 1036 1506 oblatio
1076 1450 1227 1503 valde
1255 1458 1402 1519 grata
1434 1456 1517 1502 est
1540 1488 1553 1511 ,
1602 1450 1711 1500 non
1732 1458 1861 1499 oves
1887 1452 1941 1499 et

343 1548 543 1602 vitulos
576 1546 880 1601 sacriﬁcare
907 1586 920 1609 ,
944 1543 1038 1598 sed
1075 1558 1193 1613 qua:
1221 1549 1343 1596 sunt
1366 1540 1510 1610 justa
1553 1537 1748 1593 facere.
1776 1537 1940 1593 Vides

344 1644 472 1695 vitae
509 1641 562 1694 in
596 1640 835 1693 Ecclesia
871 1635 1212 1692 instituendas:
1261 1635 1522 1689 rationem
1568 1632 1750 1687 multis
1793 1639 1940 1687 retro

343 1731 561 1785 seculis
589 1730 753 1784 fuisse
778 1742 901 1782 ante
938 1727 1256 1797 descriptam
1282 1766 1298 1792 ,
1330 1735 1385 1780 et
1410 1739 1509 1795 pro
1538 1724 1643 1778 illis
1671 1723 1943 1779 sensibili-

345 1822 448 1877 bus
464 1836 527 1876 ea
550 1820 735 1891 quaeri,
766 1835 881 1888 qua:
898 1817 1209 1872 caduntsub
1225 1814 1649 1884 intelligentiam.
1674 1813 1940 1869 Justitiam

346 1923 527 1967 autem
556 1912 643 1966 bie
665 1953 681 1977 ,
712 1911 847 1965 sicut
882 1919 1004 1964 ante
1031 1908 1139 1962 dixi
1168 1951 1183 1972 ,
1214 1924 1318 1961 non
1349 1906 1678 1977 singularem
1708 1906 1941 1975 aliquam

347 2003 480 2058 dicit
503 2003 749 2056 virtutem
769 2043 784 2067 ,
808 2000 902 2054 sed
932 2000 1269 2053 universam:
1303 1996 1753 2068 quemadmodum
1781 1997 1941 2051 etiam

345 2094 523 2147 virum
566 2092 769 2162 justum
810 2103 1063 2143 vocamus
1107 2090 1198 2159 qui
1228 2103 1440 2142 omnem
1487 2088 1539 2141 in
1589 2102 1649 2142 se
1693 2088 1942 2141 virtutem

352 2183 615 2237 continet.
651 2180 759 2236 Hoc
779 2180 1102 2235 sacriﬁcium
1130 2195 1232 2234 non
1257 2189 1380 2250 eget
1410 2180 1631 2249 pecunia
1653 2222 1666 2245 ,
1697 2195 1802 2232 non
1830 2180 1945 2249 gla-

347 2275 464 2340 dio,
491 2291 600 2330 non
620 2276 795 2341 altari,
818 2291 923 2329 non
953 2275 1107 2344 igne:
1142 2289 1246 2328 non
1275 2274 1560 2327 resolvitur
1597 2273 1653 2327 in
1694 2271 1900 2328 fumum
1922 2315 1939 2339 ,

347 2368 613 2430 cinerem,
636 2377 691 2422 et
720 2365 959 2421 nidorem
985 2407 998 2433 ,
1030 2365 1122 2420 sed
1153 2366 1333 2420 animo
1362 2365 1479 2435 ejus
1500 2364 1591 2435 qui
1621 2364 1781 2420 oll‘ert
1806 2379 1942 2420 con-

347 2471 560 2517 tentum
603 2469 705 2516 est.
747 2460 810 2515 Ei
859 2475 959 2515 nec
986 2469 1071 2515 est
1107 2469 1391 2529 paupertas
1433 2457 1767 2515 obstaculum
1802 2500 1817 2525 ,
1845 2472 1946 2514 nec

350 2552 670 2608 mendicitas
696 2551 1155 2622 impedimentum,
1188 2566 1292 2605 non
1312 2549 1483 2618 locus,
1516 2565 1615 2604 nec
1635 2549 1780 2604 aliud
1801 2550 1948 2621 ejus-

350 2645 534 2710 modi;
562 2644 657 2700 sed
684 2643 1002 2714 ubicumque
1023 2643 1219 2711 fueris,
1250 2643 1301 2696 id
1332 2642 1525 2698 oll'erre
1552 2643 1751 2714 poteris
1779 2686 1793 2708 ,
1822 2658 1945 2698 cum

352 2737 471 2808 ipse
496 2738 570 2791 sis
596 2745 650 2790 et
674 2736 930 2791 sacerdos
952 2776 969 2801 ,
996 2744 1051 2790 et
1078 2735 1248 2790 altare
1269 2775 1283 2799 ,
1314 2745 1369 2789 et
1393 2735 1604 2805 gladius
1628 2776 1643 2800 ,
1669 2744 1723 2788 et
1749 2734 1942 2790 hostia.

351 2830 501 2885 Talia
528 2830 672 2885 enim
693 2838 818 2884 sunt
840 2844 959 2899 quae
976 2828 1043 2882 ad
1063 2836 1297 2882 mentem
1326 2827 1595 2897 pertinent
1612 2834 1667 2880 et
1690 2827 1947 2897 Spiritus-

350 2922 458 2990 lia;
487 2923 768 2993 plurimum
794 2921 993 2976 habent
1024 2921 1321 2985 facilitatis,
1358 2929 1414 2974 ut
1439 2934 1559 2990 quae
1587 2919 1730 2974 nulla
1762 2929 1946 2974 exter-

350 3030 421 3070 na
462 3015 771 3084 operatione
816 3023 1028 3084 egeant.
1066 3012 1136 3067 Et
1177 3022 1376 3084 sperate
1418 3012 1474 3066 in
1518 3009 1761 3066 Domino.
1793 3011 1945 3065 Alius

350 3104 483 3161 dicit
512 3123 527 3160 :
556 3103 625 3159 Et
647 3105 889 3174 conﬁdite
913 3103 1153 3159 Domino.
1179 3104 1278 3171 Qui
1306 3103 1449 3160 enim
1483 3118 1578 3173 per
1594 3103 1793 3173 justam
1819 3103 1945 3157 vitae

350 3198 743 3254 institutionem
773 3199 938 3252 Deum
965 3198 1065 3253 sibi
1089 3197 1375 3267 propitium
1398 3206 1452 3252 et
1477 3196 1796 3251 clementem
1823 3194 1947 3251 red-

355 3289 550 3345 diderit
583 3332 599 3356 ,
656 3291 939 3345 maximam
997 3291 1157 3345 habet
1203 3290 1607 3365 opitulatiouem
1640 3332 1655 3357 ,
1689 3290 1946 3345 auxilium

354 3382 766 3452 inexpugnabile
791 3423 806 3447 ,
835 3392 889 3437 et
916 3381 1204 3451 plurimum
1235 3381 1377 3435 illinc
1403 3381 1728 3450 praesidium.
1758 3381 1947 3437 Vidisti

351 3472 585 3529 fructum
613 3473 877 3536 sacriﬁcii,
908 3473 994 3542 qui
1025 3483 1104 3527 est
1130 3473 1179 3525 in
1206 3472 1405 3526 foribus
1426 3473 1448 3525 ἵ
1466 3472 1594 3526 vidi:
1607 3474 1644 3525 ti
1669 3471 1948 3527 celerrime

353 3568 744 3636 germinantem
785 3566 1045 3620 bonorum
1085 3564 1441 3621 thesaurum?
1465 3564 1563 3632 Qui
1603 3566 1744 3619 enim
1782 3565 1946 3619 Deum

354 3655 519 3711 habet
557 3657 922 3711 auxiliatorem
948 3698 962 3719 ,
995 3671 1281 3725 quemnam
1315 3655 1521 3710 timebit
1550 3656 1817 3725 amplius?
1844 3656 1949 3711 Ne-

354 3750 578 3803 minem.
618 3747 733 3802 Jam
763 3764 888 3802 vero
924 3748 1025 3801 hoc
1052 3762 1263 3817 quoque
1301 3757 1383 3801 est
1412 3762 1516 3800 non
1544 3762 1701 3816 parva
1732 3748 1902 3802 virtus
1928 3790 1944 3815 ,

353 3841 479 3910 ipso
517 3841 710 3894 fretum
739 3840 880 3895 bono
909 3841 1091 3895 animo
1118 3853 1238 3894 83:8
1263 3880 1278 3905 ,
1325 3846 1379 3894 et
1420 3840 1470 3893 in
1501 3840 1617 3908 ipso
1652 3838 1945 3894 conﬁdere.

352 3929 467 3988 Sed
494 3947 615 3985 cum
636 3932 831 4001 iustitia
852 3947 881 3986 a
912 3931 1068 3985 nobis
1093 3930 1231 3985 hanc
1252 3945 1464 4001 quoque
1483 3930 1732 3985 virtutem
1760 3930 1945 4000 exigit,

356 4035 417 4080 ut
444 4026 497 4079 in
528 4040 596 4080 eo
620 4024 972 4091 conﬁdamus,
1005 4033 1063 4080 ut
1087 4027 1139 4080 in
1166 4040 1236 4080 eo
1253 4040 1531 4094 speremus
1556 4066 1571 4091 ,
1603 4035 1661 4079 ut
1691 4025 1821 4079 nulli
1851 4026 1950 4080 hu-

357 4133 532 4172 mana:
556 4118 637 4171 rei
668 4116 923 4184 ﬁdamus,
953 4116 1047 4172 sed
1076 4132 1173 4171 nos
1194 4116 1263 4171 ab
1285 4116 1536 4171 omnibus
1556 4116 1898 4187 sejungentes
1928 4157 1945 4185 ,

355 4211 733 4281 cogitationem
762 4225 977 4265 omnem
1009 4210 1115 4265 illic
1157 4210 1471 4281 deﬁgamus.
1508 4209 1616 4265 Res
1645 4211 1787 4265 enim
1825 4209 1949 4265 vitae

356 4304 642 4373 praesentis
673 4313 797 4357 sunt
824 4303 1029 4358 umbris
1071 4313 1125 4358 et
1173 4304 1398 4358 somniis
1422 4303 1624 4359 similes
1652 4346 1668 4371 ,
1697 4312 1858 4375 atque
1884 4304 1949 4361 iis

353 4397 517 4453 etiam
534 4395 928 4461 imbecilliores,
950 4405 1140 4467 utqute
1159 4396 1315 4452 simul
1333 4406 1621 4467 appareant
1641 4407 1694 4453 et
1713 4398 1947 4465 avolent;

354 4496 412 4541 et
440 4487 643 4541 interea
670 4486 794 4540 dum
825 4486 1022 4542 adsunt
1050 4529 1066 4554 ,
1093 4488 1158 4543 iis
1195 4489 1282 4558 qui
1319 4489 1436 4543 illas
1479 4489 1676 4543 habent
1722 4489 1949 4544 multum

355 4579 532 4633 turba
557 4594 622 4632 ac
643 4580 900 4634 molestia:
922 4579 1179 4645 afferant;
1221 4595 1347 4651 spes
1379 4591 1556 4635 autem
1588 4581 1641 4635 in
1672 4581 1836 4635 Deum
1867 4588 1952 4636 est

356 4671 701 4733 immortalis,
722 4672 1084 4740 immutabilis,
1113 4673 1423 4740 immobilis,
1447 4673 1581 4727 nulli
1600 4673 1951 4729 vicissitudini

355 4765 618 4826 obnoxia,
648 4780 765 4834 qua!
781 4765 925 4819 omni
948 4780 1015 4820 ex
1044 4775 1190 4833 parte
1218 4774 1388 4821 tutum
1415 4766 1591 4821 reddit
1615 4809 1631 4834 ,
1653 4776 1708 4821 et
1730 4769 1953 4836 inexpu-

356 4855 628 4927 gnabilem
654 4870 774 4910 eum
806 4855 986 4921 efﬁcit,
1011 4858 1096 4926 qui
1125 4872 1209 4921 ea,
1236 4873 1338 4928 qua
1370 4873 1466 4928 par
1486 4868 1567 4912 est
1591 4900 1605 4923 ,
1638 4874 1766 4913 cura
1794 4872 1847 4915 et
1872 4861 1952 4916 af-

359 4948 595 5002 fectione
634 4949 814 5002 utitur.
847 4950 901 5003 7.
936 4947 1092 5003 Multi
1127 4950 1302 5003 dicunt
1330 4991 1345 5016 ,
1398 4950 1523 5017 Quis
1549 4952 1775 5006 ostendet
1807 4953 1950 5009 nobis

356 5038 492 5093 bona
512 5039 538 5093 ?
556 5040 822 5110 Signatum
833 5050 906 5095 est
923 5057 1074 5113 super
1096 5058 1187 5095 nos
1213 5042 1380 5095 lumen
1403 5042 1568 5095 vultus
1596 5043 1686 5105 tui,
1714 5043 1946 5099 Domine.

360 5132 650 5201 Postquam
681 5131 749 5186 de
788 5133 1027 5187 moribus
1051 5132 1271 5200 perfecit
1296 5132 1713 5188 admonitionem
1739 5176 1753 5200 ,
1804 5144 1857 5189 et
1885 5135 1953 5192 ad

362 5222 463 5277 Dei
497 5223 718 5278 adduxit
744 5223 1106 5294 cognitionem
1140 5266 1154 5289 ,
1179 5238 1502 5293 omnemque
1530 5226 1765 5280 versavit
1792 5228 1955 5282 ratio-

360 5328 516 5381 nem,
545 5330 661 5384 quze
690 5324 865 5384 potest
895 5314 1101 5385 erigere
1132 5323 1364 5370 mentem
1393 5330 1578 5370 eorum
1609 5316 1698 5386 qui
1733 5316 1952 5373 aberra-

361 5416 517 5473 runt;
547 5408 796 5477 exemplo
819 5407 1049 5461 maxime
1075 5422 1259 5463 eorum
1285 5408 1375 5477 qui
1407 5409 1480 5463 illi
1504 5416 1627 5463 sunt
1650 5409 1868 5474 addicti,
1900 5419 1957 5467 et

360 5501 471 5569 ejus
494 5517 618 5571 erga
658 5503 781 5557 illos
810 5499 1160 5570 providentia:
1184 5541 1198 5563 .
1231 5510 1510 5571 postquam
1543 5515 1692 5556 suam
1721 5502 1956 5573 ostendit

358 5593 765 5651 sollicitudinem
799 5635 813 5653 .
843 5592 1131 5662 quamdam
1170 5593 1526 5664 objectionem
1548 5594 1617 5648 ab
1647 5594 1955 5650 imbecillio-

349 5685 487 5746 ribus
524 5705 589 5745 ac
618 5682 999 5743 crassioribus
1037 5683 1303 5740 inductam
1333 5684 1531 5751 affert,
1572 5694 1629 5741 et
1659 5687 1766 5741 ait:
1799 5685 1956 5742 Multi

1487 404 1847 464 EXPOSITIO
1884 404 1951 461 IN
1991 405 2315 465 PSALMUM
2358 408 2446 464 IV.
3569 415 3633 470 δι

2042 524 2235 591 dicunt,
2255 511 2397 594 'Quis
2422 528 2646 581 ostendet
2670 527 2811 582 nobis
2842 527 3012 584 bona?
3041 528 3155 583 Non
3178 528 3255 583 illi
3282 528 3434 599 pauci
3460 530 3634 600 probi,

2039 634 2103 675 ac
2133 618 2330 675 sinceri
2361 662 2376 685 ,
2406 629 2461 674 et
2485 620 2572 691 qui
2608 630 2802 675 norunt
2828 621 3194 694 pliiliiSOphari
3221 663 3234 689 ,
3261 621 3375 678 haec
3401 622 3587 699 dicunt
3620 665 3637 689 ,
3734 670 3745 677 .

2047 713 2142 769 sed
2169 712 2392 769 confusa
2417 722 2471 768 et
2501 715 2800 785 promiscua
2822 715 3131 782 multitudo,
3165 731 3284 786 quae
3324 716 3642 787 ignorationi

2041 813 2095 861 et
2115 806 2359 861 stultitize
2382 806 2534 860 afﬁxa
2562 815 2665 861 est.
2694 807 2831 875 Quid
2857 816 2939 862 est
2964 817 3140 865 autem
3163 809 3304 881 quod
3330 809 3640 877 dicit?Quis

2042 898 2267 951 ostendet
2307 898 2449 953 nobis
2510 898 2641 953 bona
2671 899 2697 952 ἔ)
2725 899 2861 956 Sunt
2902 900 3116 970 quidam
3162 902 3253 972 qui
3295 902 3481 957 dicunt
3509 899 3639 968 ,alii

2043 988 2257 1059 quidem
2286 989 2377 1043 Dei
2407 982 2792 1060 providentiam
2823 1003 3154 1058 accusantes,
3198 994 3289 1048 alii
3327 1010 3455 1050 vero
3484 995 3637 1049 volu-

2048 1081 2206 1151 ptatis
2233 1091 2520 1148 amatores,
2549 1083 2829 1148 socordim,
2856 1098 3042 1153 opum,
3067 1085 3248 1154 gloria:
3273 1094 3321 1139 et
3345 1086 3597 1155 potentia:
3623 1127 3636 1150 ,

2043 1173 2132 1242 qui
2165 1172 2325 1226 etiam
2361 1172 2474 1228 iure
2502 1182 2764 1241 amantes,
2798 1175 2981 1229 dicunt
3009 1177 3132 1230 talia
3165 1194 3179 1230 :
3210 1176 3310 1231 Ubi
3342 1186 3466 1231 sunt
3497 1176 3636 1231 bona

2046 1262 2186 1318 Dei?
2215 1263 2326 1334 Ego
2342 1280 2458 1318 sum
2483 1264 2536 1319 in
2558 1265 2916 1330 mendicitate,
2945 1274 2998 1320 ct
3016 1266 3222 1333 morbo,
3247 1274 3302 1322 et
3316 1267 3639 1337 calamitate,

2044 1362 2100 1409 et
2134 1356 2396 1409 extremis
2425 1356 2578 1410 malis
2603 1398 2616 1419 ,
2647 1356 2860 1427 probris
2887 1366 2940 1413 et
2974 1359 3313 1413 contumeliis
3341 1377 3355 1413 :
3386 1360 3524 1413 alius
3544 1376 3640 1414 au-

2046 1454 2152 1501 tem
2185 1447 2236 1500 in
2266 1446 2538 1510 felicitate,
2567 1449 2863 1518 voluptate,
2891 1449 3097 1505 deliciis
3120 1492 3135 1518 ,
3162 1451 3415 1519 potentia,
3446 1451 3638 1522 gloria,

2044 1547 2099 1593 et
2127 1539 2345 1595 divitiis.
2373 1540 2437 1594 Et
2458 1542 2545 1594 alii
2567 1542 2780 1613 quidem
2809 1542 2924 1597 haec
2953 1543 3087 1596 bona
3108 1552 3310 1598 tantum
3338 1546 3639 1615 requirunt,

2046 1645 2107 1685 ea
2138 1630 2257 1700 quae
2294 1647 2423 1687 vere
2465 1641 2589 1687 sunt
2625 1632 2763 1688 bona
2794 1635 3268 1705 praetermitteutes
3301 1677 3315 1701 ,
3346 1636 3595 1690 virtutem
3625 1678 3640 1701 ,

2047 1722 2284 1793 inquam,
2312 1733 2363 1778 et
2391 1724 2621 1778 studium
2652 1726 2961 1796 sapientiae:
2992 1725 3080 1779 alii
3108 1740 3257 1792 vero,
3277 1737 3330 1781 ut
3357 1736 3483 1782 ante
3512 1728 3643 1796 dixi,

2048 1813 2141 1867 Dei
2169 1814 2327 1867 etiam
2351 1815 2742 1884 providentiam
2776 1831 2843 1871 ex
2868 1832 2933 1872 eo
2960 1817 3333 1883 criminantur,
3364 1818 3638 1873 dicentes:

2047 1904 2148 1961 Ubi
2175 1914 2254 1961 est
2284 1907 2376 1961 Dei
2407 1907 2740 1976 providentia
2766 1951 2780 1974 ,
2815 1923 2935 1964 cum
2965 1918 3109 1964 tanta
3136 1911 3205 1964 sit
3234 1910 3285 1964 in
3315 1912 3422 1965 vita
3450 1910 3640 1964 confu.

2047 1997 2149 2062 sio,
2180 2012 2300 2051 cum
2330 1998 2512 2068 plures
2539 1999 2590 2053 in
2622 2000 2984 2067 mendicitate,
3016 2001 3193 2072 inopia
3223 2011 3276 2057 et
3306 2002 3357 2056 in
3384 2005 3641 2057 extremis

2047 2088 2204 2144 malis
2229 2088 2460 2158 degant?
2480 2089 2622 2158 quod
2646 2099 2729 2145 est
2753 2091 2961 2161 signum
2985 2091 3100 2160 ejus
3127 2091 3515 2161 providentiae?
3540 2094 3642 2158 Qui

2048 2192 2224 2237 autem
2255 2181 2369 2237 haec
2394 2183 2579 2238 dicunt
2609 2184 2833 2254 perinde
2853 2184 3056 2239 faciunt
3082 2200 3147 2239 ac
3176 2187 3219 2239 si
3248 2185 3367 2254 quis
3395 2185 3636 2241 clarissi-

2049 2290 2139 2330 mo
2170 2274 2392 2329 meridie
2416 2284 2622 2345 quierat
2650 2275 2820 2330 solem
2849 2275 3056 2342 videre,
3082 2284 3137 2330 et
3165 2275 3373 2331 dubitet
3406 2276 3475 2331 de
3500 2276 3639 2332 lucc.

2048 2366 2201 2433 Quod
2233 2366 2523 2422 ostendens
2550 2367 2808 2437 propheta
2838 2409 2852 2434 ,
2889 2376 2945 2423 et
2990 2369 3381 2440 quamprimum
3413 2368 3643 2424 all‘erens

2049 2457 2371 2512 solutionem
2403 2501 2417 2525 ,
2463 2458 2596 2513 dixit
2625 2476 2638 2511 :
2669 2459 2725 2513 7.
2755 2459 3030 2530 Signatum
3076 2469 3151 2513 est
3183 2476 3334 2530 super
3360 2477 3451 2515 nos
3476 2461 3646 2514 lumen

2049 2552 2219 2604 vultus
2253 2551 2357 2615 tui,
2383 2549 2620 2605 Domine.
2653 2551 2768 2606 Non
2792 2551 2926 2606 dixit
2957 2592 2973 2618 ,
3004 2552 3299 2624 Apparuit;
3329 2567 3437 2607 non
3466 2552 3601 2607 dixit
3627 2595 3642 2616 ,

2050 2641 2404 2711 ReSplenduit
2432 2684 2446 2708 ,
2492 2641 2586 2698 sed
2618 2682 2635 2709 ,
2689 2642 2963 2713 Signatum
3003 2651 3075 2697 est
3103 2658 3119 2698 ε
3149 2642 3249 2698 hoc
3293 2643 3597 2714 signiﬁcans
3625 2685 3643 2710 ,

2050 2735 2500 2805 quemadmodum
2527 2736 2667 2806 quod
2691 2746 2775 2791 est
2801 2737 2853 2791 in
2885 2735 3062 2792 fronte
3088 2736 3379 2807 signatum,
3411 2746 3494 2791 est
3520 2750 3643 2792 om-

2050 2827 2208 2881 nibus
2242 2826 2583 2882 manifestum
2609 2869 2624 2893 ,
2658 2842 2758 2882 nec
2787 2827 2901 2882 fieri
2929 2835 3109 2898 potest
3139 2835 3197 2881 ut
3223 2826 3275 2883 id
3303 2827 3533 2896 aliquem
3563 2828 3641 2880 la-

2054 2927 2197 2985 teat,
2229 2933 2330 2973 nec
2372 2917 2562 2973 faciem
2603 2920 2722 2974 luce
2756 2919 2967 2989 plenam
3003 2929 3058 2973 et
3094 2918 3274 2974 radios
3309 2919 3645 2974 emittentem

2051 3020 2228 3081 potest
2251 3010 2370 3080 quis
2397 3009 2643 3080 ignorare
2668 3027 2682 3063 :
2714 3009 2807 3074 ita,
2840 3010 3031 3080 inquit,
3060 3024 3159 3064 nec
3186 3017 3330 3063 tuam
3358 3008 3644 3080 providen-

2053 3102 2203 3157 tiam.
2227 3100 2376 3157 Sicut
2402 3102 2545 3156 euim
2576 3101 2663 3155 lux
2694 3101 2898 3170 signata
2929 3141 2944 3167 ,
2973 3099 3077 3154 hoc
3102 3108 3184 3155 est
3215 3141 3230 3165 ,
3259 3100 3312 3153 in
3353 3098 3498 3153 vultu
3539 3099 3643 3152 im~

2051 3209 2234 3265 pressa
2258 3204 2313 3249 et
2342 3195 2629 3265 insculpta,
2661 3203 2744 3250 est
2772 3194 3052 3250 manifesta
3076 3193 3355 3248 omnibus:
3383 3193 3452 3248 ita
3485 3194 3644 3247 etiam

2055 3286 2388 3357 providentia
2422 3296 2525 3342 tum
2554 3286 2916 3357 benignitatis.
2945 3285 3145 3341 Lucem
3172 3285 3313 3341 enim
3351 3283 3438 3361 hic
3472 3285 3597 3339 dicit
3627 3325 3642 3349 ,

2051 3377 2415 3434 defensionem
2445 3420 2461 3446 ,
2500 3381 2806 3450 praesidium
2841 3420 2857 3447 ,
2903 3379 3156 3433 auxilium
3187 3420 3202 3447 ,
3234 3377 3645 3448 providentiam.

2055 3471 2256 3526 Deinde
2282 3487 2401 3527 cum
2426 3472 2529 3527 hoc
2560 3473 2991 3543 pronuntiasset,
3028 3471 3300 3543 subjungit
3327 3471 3486 3526 etiam
3518 3485 3647 3541 pro-

2054 3564 2347 3619 bationem.
2375 3564 2672 3631 Quamnam
2703 3564 2925 3619 autem?
2952 3562 3150 3619 Dedisti
3169 3562 3394 3618 laetitiam
3418 3565 3471 3616 in
3499 3562 3650 3618 corde

2052 3672 2184 3710 meo.
2214 3656 2501 3727 Postquam
2539 3656 2984 3711 inconsideratam
3033 3655 3378 3727 reprehendit
3410 3655 3649 3709 multitu-

2052 3748 2232 3804 dinem
2267 3790 2283 3815 ,
2313 3764 2380 3804 ex
2424 3749 2487 3805 iis
2516 3750 2605 3819 qui
2645 3751 2857 3819 sapiunt
2899 3758 2954 3803 et
2991 3751 3106 3802 sani
3151 3757 3277 3802 sunt
3316 3748 3410 3803 Dei
3454 3747 3652 3819 probat

2052 3842 2463 3912 providentiam,
2494 3851 2548 3896 et
2573 3841 2739 3897 dicit:
2776 3841 2973 3895 Dedisti
2993 3841 3220 3894 lwtitiam
3246 3841 3297 3893 in
3319 3841 3471 3894 corde
3497 3857 3647 3905 meo;

2053 3933 2157 3988 hoc
2184 3942 2300 3997 est,
2326 3932 2563 3988 Docuisti
2597 3948 2683 3987 me
2713 3931 3074 4002 philosophari
3108 3972 3125 3998 ,
3157 3946 3242 3986 res
3275 3946 3393 4001 qum
3417 3931 3482 3984 ad
3512 3929 3650 3985 hanc

2053 4024 2215 4079 vitam
2256 4024 2524 4095 pertinent
2552 4023 2861 4094 aspernari,
2890 4038 2953 4078 ea
2981 4024 3121 4078 scire
3141 4038 3260 4092 qua:
3287 4031 3412 4077 sunt
3435 4037 3560 4076 vera
3586 4036 3650 4076 ac

2052 4116 2444 4186 permanentia,
2477 4122 2535 4170 ut
2560 4114 2698 4171 bona
2728 4130 2823 4185 spe
2847 4114 3070 4169 ducerer
3095 4113 3316 4169 ell‘ecisti
3367 4155 3381 4178 ,
3414 4112 3480 4167 ad
3508 4111 3651 4166 futti-

2053 4223 2167 4263 ram
2197 4210 2357 4263 vitam
2384 4223 2543 4262 manu
2569 4207 2786 4274 duxisti;
2810 4216 2933 4261 ante
2960 4206 3220 4262 bonorum
3249 4206 3648 4276 perceptionem

2054 4314 2142 4355 me
2171 4299 2223 4355 iu
2251 4315 2400 4371 spem
2427 4299 2693 4355 bonorum
2722 4300 2959 4355 erexisti.
2987 4297 3077 4355 Sic
3100 4308 3245 4354 recte
3272 4298 3521 4369 loquutus
3544 4308 3648 4352 est.

2128 4390 2216 4445 10.
2248 4391 2302 4445 Si
2334 4390 2454 4462 quis
2484 4392 2627 4445 enim
2657 4392 2917 4461 pecuniae,
2961 4390 3043 4444 vel
3072 4390 3231 4444 etiam
3269 4388 3494 4459 alicujus
3534 4403 3650 4441 ma-

2054 4481 2185 4536 ximi
2229 4482 2559 4553 principatus
2590 4482 2746 4537 heres
2783 4484 2991 4537 futurus
3019 4523 3035 4549 ,
3065 4498 3168 4536 non
3204 4481 3375 4535 solum
3409 4492 3650 4550 tempore

2055 4574 2436 4645 perceptionis,
2464 4574 2562 4629 sed
2586 4575 2747 4629 etiam
2776 4586 3058 4643 antequam
3083 4589 3147 4629 ea
3172 4574 3478 4643 experiatur
3496 4573 3649 4638 ..ει-ἰ-

2055 4669 2196 4739 gitur
2224 4669 2645 4739 eXSpectatione,
2670 4684 2734 4724 ex
2765 4682 2861 4737 spe
2888 4683 3133 4738 magnam
3159 4667 3488 4736 voluptatem
3530 4681 3651 4736 per-

2058 4771 2220 4830 petuo
2246 4761 2483 4829 capiens,
2518 4760 2692 4831 cogita
2718 4759 2930 4829 qualem
2958 4775 3078 4813 eum
3102 4774 3219 4814 esse
3235 4769 3649 4814 consentaneum

2058 4866 2161 4920 est,
2186 4854 2276 4925 qui
2315 4863 2593 4924 exspectat
2629 4870 2856 4925 regnum
2907 4854 3090 4908 vivens
3131 4864 3186 4910 et
3225 4854 3527 4921 immortale
3552 4894 3566 4917 ,
3598 4862 3654 4908 et

2057 4949 2196 5005 bona
2226 4949 2312 5004 illa
2346 4991 2360 5013 ,
2391 4965 2511 5018 quae
2553 4963 2655 5003 nec
2696 4948 2882 5004 oculus
2911 4949 3043 5003 vidit
3073 4991 3088 5014 ,
3121 4964 3223 5004 nec
3248 4949 3391 5004 auris
3418 4948 3648 5009 audivit,

2061 5060 2161 5099 nec
2191 5044 2243 5098 in
2269 5059 2363 5100 cor
2385 5043 2617 5098 hominis
2645 5041 3003 5097 ascenderunt
3031 5044 3047 5122 (
3085 5043 3134 5097 1.
3168 5041 3287 5098 Cor.
3315 5040 3369 5095 2.
3395 5041 3429 5097 9
3454 5041 3495 5111 ).
3530 5040 3652 5095 Ideo

2060 5136 2231 5207 inquit
2257 5179 2272 5203 ,
2304 5134 2505 5190 Dedisti
2531 5135 2757 5191 lcetitiam
2791 5137 2847 5189 in
2874 5134 3026 5189 corde
3062 5151 3193 5200 meo,
3239 5133 3379 5204 quod
3401 5134 3654 5187 maxima:

2060 5238 2177 5284 erat
2207 5228 2577 5298 providentius,
2611 5228 2702 5283 illa
2729 5243 2923 5298 nempe
2953 5236 3079 5283 tunc
3106 5226 3405 5296 providisse
3436 5235 3486 5281 et
3512 5241 3653 5294 prtu-

2062 5334 2299 5389 parasse.
2328 5319 2481 5388 Quod
2529 5319 2573 5373 si
2615 5320 2649 5374 ii
2691 5320 2781 5390 qui
2814 5325 2942 5373 sunt
2982 5318 3277 5373 crassiores
3298 5356 3316 5383 ,
3344 5317 3526 5371 carnei
3555 5358 3570 5383 ,
3599 5325 3654 5373 et

2060 5417 2219 5466 terrae
2263 5411 2407 5466 affixi
2434 5453 2448 5479 ,
2496 5411 2613 5467 hzec
2642 5426 2747 5464 non
2777 5409 3056 5465 attendunt
3086 5449 3101 5473 ,
3140 5422 3247 5462 non
3271 5422 3335 5464 ex
3363 5423 3430 5463 eo
3453 5408 3542 5479 qui
3571 5417 3653 5464 est

2063 5505 2347 5574 pollicitus,
2374 5504 2467 5560 sed
2492 5520 2558 5559 ex
2597 5504 2808 5559 illorum
2845 5501 3095 5557 vecordia
3122 5500 3276 5555 turba
3304 5509 3359 5556 et
3395 5500 3651 5555 tumultus

2061 5596 2251 5652 oritur.
2278 5596 2345 5651 Et
2373 5612 2476 5650 non
2500 5593 2962 5663 dixitsimpliciter
2981 5592 3314 5654 etabsolute.
3351 5589 3545 5646 Dedisti
3564 5587 3647 5644 ιω.

2063 5687 2246 5755 titiam,
2277 5685 2394 5753 sed,
2423 5685 2488 5740 In
2515 5685 2666 5740 corde
2695 5700 2804 5739 meo
2832 5726 2846 5750 ,
2882 5683 3172 5740 ostendens
3200 5696 3309 5737 non
3331 5695 3455 5738 esse
3483 5684 3535 5735 in
3563 5692 3649 5736 re-

318 5907 518 5978 icgerit,
542 5903 646 5958 sed
670 5894 832 5964 ἀρκεῖ
854 5893 979 5956 πρὸς
1004 5893 1255 5962 surrupiam
1282 5892 1384 5945 Sed
1405 5905 1516 5944 cum
1545 5889 1697 5945 lectio
1721 5897 1888 5946 nostra
1911 5892 1944 5946 si

2051 5893 2175 5943 idem
2203 5895 2254 5943 in
2277 5893 2503 5947 omnibus
2524 5895 2660 5957 Περὶ,
2686 5895 2808 5946 nihil
2833 5897 3117 5952 mutandum
3138 5898 3440 5947 censuimus.
