4106 6408
450 372 521 426 55
1168 383 1222 436 ἓ.
1262 380 1538 435 JO.\.\'.\'IS
1578 378 1710 434 Cll“
1726 376 2052 433 TSOS'I'OMI
2088 376 2405 431 ABIZIIIEP.
2445 376 2982 433 (ZONSTANTINOI’.
3670 380 3738 431 56

460 490 558 546 bus
583 493 815 547 externis
839 494 1095 550 izctitiam.
1124 509 1217 548 uec.
1247 496 1296 547 in
1321 493 1598 560 mancipiis
1621 534 1637 555 ,
1659 507 1755 545 nec
1784 492 1836 544 in
1863 505 1995 543 auro
2024 530 2037 551 ,

467 604 565 639 uer
582 587 636 640 in
650 594 892 655 argento.
908 599 1015 639 non
1035 584 1087 637 in
1104 582 1484 646 vestibus,non
1497 577 1704 634 inlauta
1719 592 1925 638 mensa,
1941 595 2037 633 nec

460 676 510 729 in
535 677 784 745 polentia:
809 676 1190 747 magnitudine,
1215 690 1313 731 nec
1342 675 1393 729 in
1424 674 1615 729 :edinm
1633 671 2043 742 magnificentia.

462 764 587 820 ΙΙωο
612 766 753 820 enim
772 765 949 821 ltetitia
980 782 1084 820 non
1106 774 1188 819 est
1209 766 1408 828 cordis,
1428 763 1522 819 sed
1552 764 1723 819 solum
1748 762 2044 817 oculorum.

462 855 609 910 Multi
635 872 765 927 ergo
790 872 998 923 eorum,
1027 857 1115 927 qui
1143 857 1257 911 hcce
1280 856 1573 928 possident,
1599 855 1760 909 vitam
1792 869 1897 908 non
1925 868 2049 908 esse

462 948 675 1002 vitalem
714 949 1039 1013 existimant,
1064 960 1112 1002 et
1138 949 1351 1018 angoris
1370 948 1638 1003 fornacem
1663 947 1714 1002 in
1739 947 1919 1001 animo
1948 945 2053 998 cir-

462 1039 783 1101 cumferunt,
813 1054 842 1093 a
863 1054 1112 1094 curarum
1136 1038 1474 1094 multitudine
1500 1037 1764 1103 exhausti,
1794 1047 1846 1092 et
1875 1037 2052 1091 conti-

464 1130 583 1185 nuis
610 1130 889 1185 timoribus
913 1130 1175 1201 oppressi.
1209 1130 1404 1185 Verum
1433 1129 1582 1196 mihi,
1617 1130 1806 1199 inquit.
1837 1143 1942 1182 non
1971 1137 2055 1183 est

467 1221 519 1275 in
550 1219 633 1275 his
656 1221 833 1276 ltetitia
859 1262 873 1288 ,
903 1221 998 1278 sed
1033 1223 1085 1277 in
1115 1221 1276 1277 corde
1305 1221 1661 1291 intelligente,
1688 1221 1738 1275 in
1765 1228 1944 1275 mente
1969 1220 2052 1274 in-

470 1321 819 1382 corporea,et
846 1327 908 1367 ea
946 1328 1065 1383 quae
1090 1322 1214 1368 sunt
1258 1313 1570 1382 incorporea
1598 1313 1884 1382 cogitante.
1915 1311 2057 1378 Qua-

470 1422 532 1459 re
562 1406 605 1460 si
640 1415 689 1460 le
714 1406 983 1461 delectant
1010 1407 1293 1476 przesentia
1326 1447 1341 1471 ,
1379 1415 1432 1461 et
1455 1423 1522 1461 ex
1554 1406 1618 1460 iis
1644 1406 1738 1460 Dei
1767 1405 2057 1475 providen-

470 1497 598 1551 tiam
625 1498 902 1567 cognoscis
928 1512 945 1552 :
974 1513 1040 1552 eo
1068 1499 1236 1569 magis
1264 1512 1379 1551 eam
1405 1497 1553 1551 disce
1589 1512 1651 1551 ex
1701 1497 1925 1562 futuris,
1953 1510 2059 1565 quo

472 1595 598 1642 sunt
628 1585 714 1641 illa
746 1588 1137 1657 praestantiora,
1171 1599 1223 1642 et
1253 1587 1605 1653 diuturniora,
1632 1596 1688 1642 et
1713 1604 1832 1657 quae
1861 1587 2057 1641 auferri

478 1694 582 1734 non
608 1690 847 1748 possunt.
870 1680 925 1736 Si
951 1680 1092 1752 quod
1116 1680 1317 1736 divitiis
1337 1679 1526 1735 afllnas
1555 1690 1607 1735 et
1633 1695 1889 1751 prospere
1910 1696 2057 1749 agas,

478 1769 528 1823 id
560 1770 651 1824 tibi
679 1770 964 1840 persuadet
988 1786 1107 1827 esse
1132 1772 1223 1827 Dei
1250 1771 1660 1842 providentiam,
1695 1772 1862 1825 multo
1894 1772 2061 1841 magis

475 1860 530 1914 id
548 1861 636 1914 tibi
656 1861 1008 1931 persuadeant
1033 1878 1150 1932 quze
1176 1871 1300 1917 sunt
1326 1862 1377 1916 iu
1403 1860 1537 1916 ctelo
1561 1860 1777 1916 divitirc.
1800 1860 1855 1916 Si
1883 1871 2062 1916 autem

476 1952 658 2006 dicas:
687 1953 862 2020 Quare
884 1964 1002 2008 sunt
1038 1954 1150 2009 ha‘c
1181 1955 1231 2008 in
1263 1970 1358 2023 spe
1388 1954 1485 2007 sita
1507 1996 1522 2020 ,
1552 1963 1606 2009 ct
1636 1969 1741 2007 non
1770 1952 2065 2023 apparent?

480 2042 582 2097 hoc
612 2043 838 2099 dixerim
873 2087 886 2109 ,
923 2060 1021 2101 nos
1059 2045 1269 2115 quidem
1300 2045 1483 2101 fideles
1511 2061 1573 2100 ea
1617 2060 1736 2115 quae
1767 2045 1818 2099 in
1845 2061 1937 2116 spe
1966 2045 2064 2098 sila

480 2146 602 2191 sunt
632 2178 648 2203 ,
679 2138 742 2192 iis
780 2154 897 2208 qua:
926 2148 1049 2193 Sunt
1079 2138 1355 2194 manifesta
1386 2179 1402 2205 ,
1433 2137 1798 2193 manifestiora
1829 2138 2025 2192 ducere
2051 2155 2063 2191 ;

484 2230 603 2283 talis
629 2230 768 2285 enim
800 2242 881 2285 cst
912 2232 1030 2285 lidei
1058 2232 1341 2286 certitudo.
1387 2231 1538 2298 Quod
1585 2231 1629 2285 si
1666 2245 1853 2285 rursus
1880 2230 2026 2283 dicas
2052 2247 2065 2282 :

456 2314 595 2386 Qua
623 2320 691 2375 de
728 2337 886 2374 causa
920 2322 1007 2376 hic
1048 2322 1425 2377 retributiones
1455 2337 1559 2376 non
1589 2320 1919 2390 accipimus?
1944 2320 2069 2373 illud

490 2413 694 2465 dicam:
729 2412 841 2467 llv-c
870 2424 951 2467 cst
988 2414 1202 2483 quidem
1248 2422 1456 2483 tempus
1494 2412 1786 2467 stadiorum
1820 2421 1872 2467 et
1900 2420 2073 2464 certa-

485 2503 715 2567 minum,
749 2503 876 2557 illud
915 2520 1042 2558 vero
1066 2519 1382 2559 coronarum
1406 2512 1458 2558 et
1489 2504 1848 2572 prasmiormn.
1876 2502 1941 2557 Et
1971 2501 2073 2555 hoc

488 2607 696 2660 quoque
721 2593 811 2647 Dei
844 2605 918 2648 est
953 2593 1301 2663 providentia:
1328 2593 1549 2649 ell'cctus
1579 2632 1598 2660 ,
1625 2592 1834 2648 labores
1858 2593 2072 2662 quidem

487 2694 538 2737 ct
558 2682 781 2738 sudores
810 2685 954 2738 brevi
981 2688 1146 2738 hacet
1169 2684 1304 2738 llnxa
1323 2684 1427 2738 vita
1448 2682 1905 2746 circumsrribcre,
1933 2698 2043 2753 pra!

489 2775 593 2828 mia
617 2786 790 2829 autem
818 2785 871 2831 et
901 2792 1124 2831 coronas
1151 2776 1203 2830 in
1228 2791 1399 2829 :evum
1424 2774 1722 2829 immortale
1745 2789 1807 2828 ac
1833 2789 1875 2828 St
1894 2782 2077 2828 nectu-

492 2867 560 2918 tis
615 2878 811 2936 expers
855 2867 1149 2922 extendere
1204 2868 1221 2935 (
1254 2865 1307 2920 2.
1339 2865 1470 2920 Tim.
1498 2865 1553 2920 4.
1578 2862 1655 2937 8).
1681 2864 1889 2935 Alioqui
1916 2866 2076 2919 etiam

492 2955 701 3023 quando
723 2956 873 3011 multi
895 2968 1045 3011 erant
1062 2956 1424 3011 imbecillioris
1446 2956 1629 3021 animi,
1654 2955 1921 3010 seusibilia
1942 2971 2078 3025 quo-

492 3060 595 3113 que
648 3045 758 3100 iure
804 3048 883 3101 eis
928 3049 1062 3102 bona
1100 3047 1262 3103 dedit.
1308 3048 1567 3117 Populum
1598 3048 1777 3117 itaque
1800 3046 2076 3102 Iudaicum

496 3150 590 3203 per
618 3151 734 3190 eam
767 3137 886 3191 vita:
924 3138 1144 3208 agendae
1185 3138 1445 3193 rationem
1484 3137 1731 3193 deduxit.
1763 3138 1969 3193 Etenim
2002 3138 2082 3192 eis

494 3225 780 3281 afﬂuebant
808 3227 1005 3282 divitixe
1030 3271 1045 3294 ,
1069 3228 1134 3283 ad
1160 3232 1367 3283 senium
1400 3243 1565 3298 usque
1590 3231 1696 3283 vita
1749 3228 2079 3297 produceba-

499 3331 602 3378 [υτ.
634 3322 808 3374 mimis
838 3320 1054 3374 morbus
1085 3322 1265 3389 procul
1295 3323 1512 3385 aberat;
1542 3322 1830 3376 accedebat
1851 3322 2082 3377 hostium

498 3411 812 3476 internecio,
839 3427 935 3480 pax
963 3413 1087 3476 alta,
1119 3412 1370 3482 trimnphi
1398 3453 1411 3475 ,
1448 3414 1686 3468 victoria:
1717 3455 1731 3474 .
1767 3413 1889 3468 felix
1919 3415 2082 3469 bono-

497 3518 615 3557 rum
665 3502 948 3556 liberorum
980 3503 1263 3558 multitudo
1296 3545 1310 3566 ,
1353 3514 1402 3558 et
1434 3504 1534 3559 alia
1578 3503 1837 3573 ejusmodi
1864 3505 2086 3560 aderant

500 3592 672 3657 iis‘qui
706 3593 814 3646 Deo
837 3594 1107 3662 parebant.
1135 3593 1418 3664 Postquam
1443 3603 1619 3648 autem
1649 3596 1876 3649 accessit
1905 3595 2084 3649 Domi-

505 3698 605 3737 nus
629 3695 810 3739 nostcr
834 3683 991 3739 Jesns
1018 3684 1261 3739 Christus
1281 3727 1295 3747 ,
1328 3686 1381 3740 in
1417 3685 1607 3741 caelum
1638 3700 1738 3740 nos
1766 3701 1963 3741 vocans
1991 3727 2006 3752 ,
2033 3696 2090 3742 et

501 3791 620 3844 qua:
644 3776 727 3830 hic
754 3786 878 3831 sunt
902 3776 1179 3842 despicere
1205 3778 1552 3846 persuadens,
1573 3778 1892 3848 illormnque
1931 3794 2086 3834 amo-

507 3882 619 3920 rem
661 3868 983 3936 immittens,
1012 3878 1067 3924 et
1095 3869 1163 3922 ab
1191 3869 1254 3924 iis
1292 3884 1409 3939 qua:
1446 3868 1512 3923 ad
1557 3867 1694 3924 hanc
1732 3869 1890 3923 vitam
1925 3869 2088 3937 perti-

505 3969 632 4014 nent
660 3975 758 4014 nos
802 3960 1071 4015 abducens
1096 3978 1108 4013 :
1134 3960 1248 4016 hac
1273 3962 1462 4014 merito
1492 3960 1543 4014 in
1567 3971 1846 4029 angustum
1872 3968 2090 4015 contra-

509 4062 592 4102 cta
623 4059 765 4118 sunt,
790 4050 841 4103 in
873 4050 974 4103 illis
1003 4059 1178 4104 autem
1210 4050 1471 4103 universa:
1500 4051 1754 4104 suntsitaz
1783 4049 2006 4115 divitize,
2035 4058 2092 4103 ut

508 4140 595 4207 qui
622 4141 730 4205 jam
759 4139 977 4209 perfecti
1004 4143 1349 4193 evaserimns.
1379 4140 1511 4193 Nam
1536 4141 1691 4194 etiam
1717 4142 1769 4193 in
1790 4141 1970 4211 pueris
1989 4182 2003 4205 ,
2031 4140 2094 4194 iis

509 4230 721 4299 quidem
754 4230 843 4299 qui
884 4240 1006 4284 sunt
1046 4231 1220 4285 adhuc
1268 4233 1422 4300 paulo
1450 4232 1683 4285 minores
1707 4273 1721 4291 .
1756 4241 1932 4300 patre;
1961 4246 2096 4300 prm-

509 4321 639 4374 bcnt
666 4320 947 4390 ejusmodi,
980 4324 1209 4387 calceos,
1236 4331 1430 4385 vestes,
1461 4338 1619 4377 aurea
1650 4332 1963 4377 ornamenta
1998 4364 2012 4386 ,
2041 4332 2097 4378 et

510 4412 782 4466 armillas:
819 4423 1095 4484 postquam
1134 4422 1310 4468 autem
1352 4415 1666 4479 creverint,
1714 4414 1818 4469 illis
1860 4414 2049 4469 ablatis
2078 4456 2093 4481 ,

514 4504 643 4559 dant
671 4506 771 4559 alia
801 4507 1025 4577 majora,
1054 4508 1190 4562 bene
1216 4506 1426 4561 dicendi
1468 4508 1518 4561 in
1555 4515 1805 4577 suggestu
1829 4507 2051 4577 gloriam
2078 4547 2094 4573 ,

514 4595 567 4648 in
590 4598 802 4651 civitate
830 4598 1171 4674 splendorem
1198 4640 1213 4664 ,
1245 4598 1295 4651 in
1323 4597 1441 4652 aula
1475 4598 1815 4668 imperatoria
1846 4597 2097 4667 loquendi

513 4687 812 4743 libertatem
834 4730 849 4755 ,
883 4688 1221 4760 magistratus
1248 4698 1301 4744 et
1342 4689 1669 4759 principatus
1692 4729 1707 4755 ,
1742 4702 1836 4743 eos
1865 4689 1933 4743 ab
1953 4688 2097 4742 omni

520 4779 710 4849 puerili
748 4780 1039 4833 ambitione
1085 4780 1429 4835 abducentes.
1462 4779 1538 4833 Ita
1584 4781 1747 4835 etiam
1775 4779 1896 4835 fecit
1924 4780 2094 4835 Deus:

519 4884 616 4925 nos
640 4885 666 4922 a
700 4870 876 4939 parvis
899 4870 1002 4925 illis
1019 4879 1075 4924 et
1105 4871 1396 4939 puerilibus
1421 4869 1713 4937 abducens,
1741 4886 1802 4925 ea
1832 4886 1950 4941 quae
1976 4878 2102 4923 sunt

519 4961 571 5015 in
601 4962 748 5016 czrlis
782 4962 1046 5030 pollicitus
1092 4972 1192 5015 est.
1244 4961 1321 5017 Ne
1365 4961 1479 5016 hzec
1523 4977 1650 5032 ergo
1688 4977 1803 5032 quae
1843 4961 2012 5016 ﬂuunt
2046 4970 2102 5015 et

520 5064 937 5126 praetercurntnt
959 5054 1262 5118 admireris,
1296 5054 1380 5109 vel
1407 5061 1630 5123 appetas
1652 5096 1666 5118 ,
1696 5069 1795 5109 nec
1825 5054 1900 5109 sis
1924 5053 2100 5124 pusilli

508 5148 698 5202 animi.
724 5146 1056 5216 Quamquam
1083 5160 1183 5199 nec
1212 5145 1274 5199 iis
1301 5145 1516 5213 quidem
1550 5153 1600 5198 te
1630 5145 1851 5199 omnino
1875 5159 2100 5198 vacuum

521 5238 749 5307 reliquit.
791 5236 923 5305 Quia
954 5237 1096 5290 enim
1125 5251 1219 5290 cos
1247 5235 1337 5305 qui
1368 5249 1529 5289 carne
1570 5235 1696 5290 tecti
1731 5244 1884 5289 erant
1911 5276 1925 5297 ,
1956 5243 2009 5289 et
2049 5235 2101 5288 in

519 5344 743 5395 corpore
772 5328 1152 5395 versabantur,
1198 5344 1263 5382 ne
1298 5327 1360 5382 iis
1386 5327 1599 5398 quidem
1634 5327 1844 5397 penitus
1874 5328 2107 5398 privatos

520 5432 642 5472 esse
670 5420 967 5487 oportebat,
1003 5419 1117 5473 lucc
1142 5434 1351 5489 quoque
1376 5418 1526 5472 nobis
1554 5417 1751 5472 allatim
1782 5417 2103 5488 suppeditat.

522 5509 588 5563 Et
626 5506 746 5561 ideo
789 5508 1041 5577 propheln
1089 5524 1208 5563 cum
1237 5509 1396 5564 altam
1429 5509 1571 5564 illam
1602 5518 1657 5565 et
1685 5507 2105 5579 philosophicam

520 5599 868 5668 providentia:
915 5601 1148 5667 speciem
1194 5602 1483 5670 agitasset,
1528 5607 1583 5655 et
1619 5599 1837 5655 dixisset
1868 5617 1882 5653 :
1912 5597 2107 5652 Dedisti

520 5687 754 5741 latitinm
783 5689 835 5741 in
863 5688 1017 5741 corde
1040 5705 1168 5753 meo,
1196 5689 1465 5760 sabjungit
1490 5709 1501 5744 :
1531 5690 1583 5746 8.
1615 5691 1659 5743 Α
1674 5693 1844 5760 fructu
1868 5687 2111 5761 frumenti

518 5787 573 5833 -ιι
599 5776 720 5843 viui,
746 5788 797 5831 at
822 5778 918 5832 olei
943 5777 1020 5832 sui
1050 5776 1346 5847 muliplicati
1373 5788 1508 5834 sunt.
1534 5779 1647 5838 Hoc
1674 5788 1851 5836 autem
1882 5792 2003 5836 cum
2021 5778 2104 5835 di-

2146 490 2236 552 cit,
2265 504 2370 543 uou
2401 505 2617 558 parvam
2648 489 2811 559 tangit
2846 500 3048 559 partem
3078 489 3192 559 ejus
3226 488 3590 559 providentiae,
3616 504 3740 561 qua!

2148 580 2386 635 cernitur
2433 583 2486 635 in
2529 582 2592 635 iis
2630 596 2748 651 quae
2792 581 2893 635 sub
2940 593 3213 650 aspectum
3257 580 3473 634 cadunt.
3512 578 3743 646 Quando

2150 671 2293 726 enim
2316 672 2445 727 dicit
2472 674 2837 737 frumentum,
2880 672 3093 734 vinmn,
3124 680 3172 725 et
3206 671 3413 732 oleum,
3446 684 3746 740 eorumque

2150 766 2357 835 copiam
2379 806 2395 833 ,
2423 765 2550 821 dicit
2572 774 2626 821 et
2655 765 2883 835 pluviam
2910 806 2925 828 ,
2954 772 3328 833 tempestatum
3365 763 3563 819 bonum
3593 759 3745 815 ordi-

2155 872 2300 923 nem,
2335 867 2493 912 terra:
2517 867 2858 926 conceptum,
2892 865 3102 927 partum
3131 864 3184 910 et
3205 856 3373 909 fetum
3394 896 3409 917 ,
3436 868 3616 910 aerem
3642 852 3753 907 dif-

2158 947 2334 1003 fusum
2359 989 2375 1014 ,
2405 950 2537 1004 solis
2574 964 2810 1015 cursum,
2845 949 2983 1003 lunae
3008 948 3242 1003 ambitus
3265 989 3281 1013 ,
3310 947 3588 1003 stellarum
3617 945 3756 1000 cho—

2159 1055 2326 1102 ream,
2339 1046 2608 1103 aastatem,
2626 1042 2895 1112 hyemem,
2910 1049 3248 1104 autumnum,
3262 1053 3375 1105 ver,
3403 1038 3516 1109 agri
3534 1035 3754 1093 colendi

2158 1143 2328 1188 artem
2355 1174 2369 1198 ,
2397 1143 2451 1188 et
2492 1134 2966 1187 instrumentorum
3006 1131 3349 1187 commodum
3371 1171 3386 1194 ,
3413 1130 3758 1196 aliarumque

2161 1227 2354 1281 artium
2379 1242 2625 1281 examen.
2659 1225 2768 1280 Nisi
2796 1224 2912 1279 htec
2939 1224 3080 1278 enim
3108 1224 3286 1278 omnia
3328 1222 3703 1278 concurrerint
3737 1218 3771 1284 ,“

2164 1317 2277 1373 ﬁeri
2305 1335 2408 1373 non
2439 1326 2617 1389 potest
2645 1326 2702 1371 nt
2726 1316 2931 1372 fructus
2954 1317 3293 1387 perficiantur
3312 1354 3327 1370 .
3353 1322 3408 1368 et
3432 1313 3498 1367 ad
3525 1311 3760 1366 maturi-

2165 1421 2326 1465 tatem
2356 1410 2687 1479 perw-niant.
2719 1407 2945 1473 Quando
2970 1422 3098 1475 etgo
3127 1405 3258 1459 dicit
3289 1403 3614 1458 frumentum
3637 1443 3652 1463 ,
3673 1400 3763 1454 vi-

2167 1518 2291 1557 nmn
2318 1510 2371 1555 ct
2398 1502 2596 1563 oleum,
2617 1498 2707 1552 dat
2727 1498 2951 1568 Sapienti
2974 1498 3311 1551 occasionem
3330 1511 3396 1549 ex
3421 1503 3570 1564 parte
3584 1500 3761 1546 totum

2169 1592 2497 1661 intelligendi
2520 1633 2534 1657 ,
2561 1602 2749 1660 aperto
2780 1590 2911 1644 mari
2940 1589 3031 1644 Dei
3064 1587 3414 1657 providentia;
3439 1599 3558 1656 qua:
3585 1599 3765 1656 appa-

2167 1692 2251 1740 ret
2281 1678 2331 1737 in
2360 1682 2702 1737 sensibilibns
2732 1682 2770 1732 ¹.
3498 1736 3503 1739 _

2246 1777 2332 1831 ll.
2377 1774 2637 1841 Quocirca
2665 1773 2824 1827 etiam
2857 1771 3052 1826 Paulus
3091 1769 3285 1825 alicubi
3328 1768 3671 1825 concionans.
3708 1774 3771 1818 et

2170 1868 2238 1924 de
2263 1867 2379 1936 ejus
2424 1863 2755 1935 providentia
2798 1863 3089 1928 disserens,
3124 1861 3248 1917 hinc
3285 1860 3445 1915 verba
3476 1858 3647 1912 facere
3669 1871 3775 1925 ag-

2171 1959 2431 2029 greditur,
2462 1956 2645 2010 diCcns
2675 1973 2688 2009 :
2721 1953 2819 2018 Qui
2859 1954 2944 2005 dat
2974 1953 3190 2022 pluvias,
3222 1960 3269 2005 et
3310 1960 3536 2019 (corpora
3581 1947 3774 2019 fructi-

2174 2054 2300 2122 fera,
2332 2050 2417 2120 qui
2446 2046 2619 2117 implet
2645 2046 2947 2100 nutrimento
2973 2054 3017 2098 et
3047 2044 3224 2097 latitia
3247 2042 3400 2096 corda
3425 2051 3598 2095 nostra
3623 2038 3774 2107 (Act.

2176 2144 2263 2199 Η.
2298 2142 2408 2214 l7).
2458 2140 2718 2207 Quoniam
2765 2147 2943 2192 autem
2991 2135 3251 2205 propheta
3304 2133 3433 2203 fugit
3478 2146 3597 2202 quae
3643 2141 3780 2183 sunt

2175 2246 2592 2304 supervacanea,
2625 2228 2996 2298 prmtermissis
3025 2227 3144 2282 aliis
3172 2224 3440 2285 omnibus.
3469 2222 3733 2277 fructibus
3756 2260 3778 2285 ,

2176 2325 2376 2389 baccis,
2427 2321 2717 2393 generibus
2761 2320 3079 2389 plantarum,
3133 2315 3418 2387 generibus
3461 2312 3729 2367 seminum
3757 2352 3777 2375 ,

2177 2416 2468 2487 generibus
2491 2414 2798 2477 herbarum,
2832 2419 3122 2482 pratorum.
3148 2408 3360 2473 ﬂorum,
3391 2407 3689 2465 hortorum,
3717 2414 3781 2457 et

2178 2520 2526 2576 anccnmque
2555 2512 2681 2558 sunt
2707 2504 2807 2558 alia
2837 2519 2850 2556 :
2884 2517 2946 2557 ea
2985 2500 3136 2571 ponit
3176 2515 3295 2569 qua:
3324 2506 3446 2553 sunt
3474 2510 3782 2565 congruen-

2183 2600 2273 2663 tia,
2319 2607 2375 2652 et
2401 2598 2466 2650 ad
2496 2598 2655 2650 vitam
2687 2604 2922 2649 nostram
2965 2592 3287 2653 necessaria,
3314 2605 3380 2645 ex
3407 2590 3490 2643 his
3518 2588 3603 2642 illa
3633 2600 3781 2656 quo-

2181 2707 2284 2759 que
2308 2688 2587 2744 manifesta
2607 2689 2825 2743 faciens.
2850 2688 2980 2753 Qua:
2998 2700 3103 2739 non
3131 2693 3335 2738 tantum
3357 2682 3449 2736 dat
3473 2680 3648 2747 nobis,
3677 2680 3780 2734 sed

2183 2800 2304 2839 cum
2337 2798 2525 2853 magna
2552 2783 2725 2853 copia,
2749 2789 2804 2835 et
2831 2779 3053 2849 singulis
3073 2778 3248 2832 annis.
3279 2774 3432 2843 Quod
3458 2774 3502 2828 si
3529 2788 3592 2827 ea
3612 2772 3783 2827 etiam

2182 2873 2499 2945 quandoque
2544 2871 2829 2933 contrahit,
2874 2876 2931 2924 et
2976 2867 3068 2923 dat
3116 2866 3349 2937 parcius,
3384 2866 3534 2919 in-eo
3558 2876 3784 2933 quoque

2185 2966 2422 3021 ostendit
2468 2978 2618 3017 suam
2662 2960 3088 3033 providentiam,
3142 2958 3428 3012 multorum
3476 2953 3784 3008 socordiam

2186 3059 2444 3120 excitans,
2473 3064 2527 3109 et
2551 3068 2643 3106 cos
2667 3055 2876 3121 erigens
2901 3048 2968 3103 ad
2999 3048 3113 3103 baac
3138 3048 3277 3102 bona
3300 3046 3369 3102 ab
3388 3046 3503 3115 ipso
3530 3042 3784 3114 petenda.

2186 3148 2279 3205 Sin
2301 3155 2478 3203 autem
2511 3145 2689 3200 dicant
2717 3143 2898 3212 aliqui,
2930 3157 3038 3196 non
3083 3155 3203 3195 esse
3232 3139 3325 3193 Dei
3351 3138 3477 3193 dare
3504 3136 3735 3207 pluviam
3764 3175 3785 3201 ,

2187 3239 2281 3296 scd
2314 3238 2573 3294 idolorum
2604 3251 2619 3290 :
2652 3250 2745 3290 eos
2789 3235 3178 3302 interrogemus
3217 3229 3479 3284 undenam
3525 3226 3626 3282 hoc
3647 3240 3789 3281 oon-

2189 3331 2391 3387 stab‘t?
2419 3329 2549 3395 Quia
2593 3335 2786 3398 poetae,
2836 3324 3103 3394 inquiunt,
3152 3320 3403 3376 dixerunt
3447 3317 3631 3374 Jovem
3661 3330 3792 3371 esse

2191 3423 2278 3493 qui
2307 3421 2506 3491 pluit’.
2540 3418 2644 3474 Sed
2674 3417 2749 3471 illi
2772 3416 2870 3486 ipsi
2890 3414 3139 3469 dixerunt
3175 3427 3299 3465 cum
3321 3425 3440 3465 esse
3459 3408 3790 3471 adulterum,

2194 3513 2521 3584 pmdiconem
2543 3551 2558 3575 ,
2591 3507 2905 3579 parricidam
2927 3547 2943 3573 ,
2974 3504 3077 3559 alia
3102 3518 3313 3573 quoque
3341 3518 3445 3557 non
3474 3501 3679 3554 minora
3702 3499 3792 3553 his

2195 3603 2420 3657 crimina
2449 3601 2521 3655 illi
2545 3598 2930 3655 adscribentes.
2963 3596 3033 3652 At
3053 3610 3159 3648 non
3184 3601 3327 3654 sunt,
3354 3591 3613 3661 inquiunt,
3636 3604 3791 3644 vera.

2196 3697 2340 3767 Ergo
2365 3710 2463 3749 nec
2491 3692 2633 3764 quod
2666 3692 2831 3762 pluat.
2862 3690 2915 3745 Si
2945 3688 3048 3744 hoc
3070 3688 3213 3744 enim
3241 3684 3498 3749 admittis,
3540 3683 3628 3737 illa
3656 3696 3797 3752 quo-

2194 3806 2297 3860 que
2341 3787 2621 3842 admittere
2666 3798 2887 3839 necesse
2928 3792 3011 3837 est
3043 3799 3056 3835 :
3087 3781 3167 3835 sin
3214 3780 3301 3833 illa
3350 3778 3545 3847 rejicis,
3593 3784 3648 3830 et
3687 3773 3797 3828 hoc

2196 3897 2408 3952 quoque
2454 3894 2576 3934 cum
2624 3878 2749 3933 illis.
2796 3876 2902 3930 Nos
2947 3876 3091 3929 enim
3139 3873 3576 3943 quotiescumque
3625 3878 3798 3925 testes

2199 3974 2501 4045 pnebemus
2545 3971 2637 4026 Dei
2686 3969 2957 4039 potentiae,
3001 3979 3349 4037 quaecumque
3393 3963 3461 4018 ab
3497 3963 3576 4018 eis
3605 3962 3672 4016 de
3701 3962 3799 4015 illo

2178 4065 2472 4129 dicuntur,
2501 4061 2841 4130 suscipimus.
2871 4059 3101 4113 Necesse
3143 4064 3225 4110 est
3265 4069 3394 4124 ergo
3423 4062 3473 4108 te
3510 4051 3802 4108 admittere

2201 4156 2346 4210 illum
2387 4168 2601 4224 quoque
2629 4165 2749 4206 esse
2791 4149 3112 4213 adulterum,
3144 4156 3199 4201 et
3228 4146 3429 4215 reliqua
3468 4144 3646 4199 untnia
3671 4157 3799 4212 quas

2202 4245 2269 4301 de
2298 4247 2414 4315 ipso
2458 4245 2527 4300 ab
2570 4243 2674 4298 illis
2717 4242 2983 4307 dicuntur,
3029 4249 3086 4295 et
3126 4237 3250 4294 inde
3290 4237 3501 4293 discere
3530 4236 3798 4307 ejusmodi

2201 4335 2428 4390 crimina
2455 4349 2575 4389 esse
2622 4334 2778 4404 longe
2800 4350 2828 4385 a
2854 4332 3034 4387 divina
3079 4338 3341 4399 potestate
3367 4337 3594 4394 remota,
3621 4335 3674 4381 ct
3701 4328 3799 4394 qui

2205 4432 2327 4486 talis
2352 4440 2436 4486 est
2477 4443 2812 4499 nequaquam
2853 4441 2973 4482 esse
2999 4424 3180 4480 deum.
3212 4422 3315 4478 Sed
3348 4421 3524 4476 fabula
3555 4419 3666 4490 ipsa
3692 4418 3800 4474 sibi

2203 4529 2484 4592 repugnat,
2513 4531 2569 4576 et
2592 4518 2924 4574 mendacium
2951 4531 2981 4570 a
3002 4515 3179 4585 seipso
3205 4510 3557 4577 convincitur,
3585 4509 3799 4565 etiamsi

2206 4614 2388 4670 nolitis
2418 4613 2519 4667 hoc
2547 4610 2851 4673 admittere,
2881 4617 2936 4663 et
2963 4615 3146 4677 poetas
3191 4616 3410 4674 prorsus
3449 4601 3614 4671 ejicit.
3641 4600 3801 4667 Quod

2204 4716 2382 4762 autem
2410 4705 2515 4760 illis
2543 4703 2728 4774 ejectis
2756 4701 2934 4756 omnia
2965 4710 3138 4753 vestra
3163 4700 3271 4752 sint
3298 4695 3555 4764 peritura,
3592 4691 3800 4747 clarum

2204 4809 2308 4854 est.
2355 4797 2598 4867 Ipsorum
2649 4794 2792 4849 enim
2822 4792 3039 4847 nomina
3088 4790 3406 4842 invenerunt
3444 4784 3518 4839 illi
3546 4793 3601 4838 et
3629 4782 3806 4850 impo-

2205 4898 2447 4956 Snerunt,
2481 4887 2622 4959 quod
2646 4888 2807 4942 etiam
2835 4900 2903 4939 ex
2929 4882 3120 4938 vestris
3148 4879 3364 4950 quidam
3395 4878 3529 4932 dixit
3559 4875 3802 4947 philoso—

2272 5050 2288 5081 ι
2324 5055 2461 5109 Reg,
2484 5057 2549 5096 ex
2570 5049 2709 5105 parte
2732 5048 2880 5109 totum
2894 5034 3309 5109 subintelligmdg
3324 5041 3513 5106 portam

2490 5094 2730 5173 possimus
2748 5104 2838 5155 Dei
2862 5094 3212 5167 providentiam
3224 5094 3383 5155 adire,
3407 5096 3459 5146 in
3482 5094 3625 5145 rebus
3645 5094 3803 5145 sensi-

2212 5170 2733 5222 bilibuaunnurentem.

2272 5184 2384 5222 Linus
2405 5184 2733 5233 apparentem.

2272 5234 2293 5263 ⁸
2325 5232 2379 5282 In
2403 5233 2533 5282 hunc
2554 5230 2711 5281 locum
2731 5226 2953 5278 Savilium
2977 5223 3255 5285 audiamus:
3283 5234 3300 5266 ι
3323 5218 3569 5285 llomerus
3582 5221 3799 5285 ὸδυωκιε

2210 5301 2251 5347 ιι
2272 5280 2382 5356 δ’εῇ
2404 5280 2488 5353 ita
2518 5280 2730 5356 eam“:
2745 5302 2841 5356 ,νεῖν
2865 5294 3050 5356 ηοειεηι
3070 5282 3408 5356 ﬂaminem
3431 5280 3643 5356 Ρθίὲπωη
3671 5280 3808 5356 93““

2211 5346 2417 5420 Jupiter.
2443 5346 2844 5420 Ὶῷθυανὶῖςῐᾱῄιι.
2877 5349 2909 5397 4
2939 5362 2951 5397 :
2987 5359 3069 5406 ως
3099 5346 3806 5420 ᾆλλοξαῃξξγξξλιξ-τῖοςὲζέξξιτ

2214 5400 2723 5479 Effitipi‘é'r'bibdd
2756 5400 2971 5467 Serenus,
2998 5400 3141 5457 modo
3158 5400 3802 5479 pluviosttsjt‘lteog‘u‘i

2215 5460 2304 5536 2.3.?
2319 5460 2810 5540 issam
2827 5460 2992 5540 άθδάγεῖ.
3015 5478 3091 5540 οὒτ’
3284 5462 3474 5540 Mi“?
3482 5460 3807 5540 τιθειέιιςξιίρψ

2214 5520 3019 5594 ῖπῑξῑιξιῑε·ἠξῑ;ῖίέιιῑιξξ;“ᾱιιὶξεδάε
3042 5520 3319 5594 emerim
3341 5520 3515 5594 βωτςι·
3539 5520 3641 5594 ἐξω
3664 5520 3804 5594 ⁵¹¹¹¹⁴⁸τ

2215 5587 2507 5655 maxime;
2531 5587 2902 5659 intelligendum
2923 5601 3005 5659 est
3024 5592 3089 5641 de
3114 5587 3359 5659 Alcmena,
3379 5587 3535 5659 Leda,
3554 5589 3650 5659 etc.
3664 5593 3810 5659 ipf:

2217 5649 2452 5717 (tironem,
2490 5649 2556 5723 de
2598 5649 2875 5723 Catt§tttede
2906 5655 3115 5712 dictum;
3137 5649 3461 5723 parricidam,

2222 5706 2977 5785 Fé'ghé'sﬁoiiito'ﬁaoqtamen
3022 5706 3330 5785 parricidium
3348 5784 3353 5785 γ
3372 5710 3573 5785 proprie
3598 5706 3692 5755 dici
3719 5719 3811 5755 ue-

2224 5771 2375 5847 qu‘éat
2393 5799 2407 5846 ;
2425 5771 2536 5849 qua:
2557 5771 2713 5833 omnia
2739 5778 2907 5829 Alieno
2931 5771 3096 5827 nostro
3117 5780 3279 5825 notata
3301 5771 3598 5822 doctissime.
3623 5783 3646 5813 ι
