4106 6410
447 348 514 406 57
1143 357 1203 415 S.
1237 357 1526 417 JOANMS
1563 355 2051 418 CHRYSOSTOMI
2089 357 2410 417 ARCHIEP.
2454 363 3002 424 CUNSTANTINOP.
3649 367 3723 426 53

441 480 595 530 νους,
632 467 726 523 ὲπί
778 468 877 534 τάς
918 471 1247 547 ἀλληγορίας
1289 479 1540 553 δράμοις,
1592 481 1769 534 ἐκεῖνό
1801 498 1859 534 σε
1900 481 2063 553 ὲρήοη

445 572 639 627 σομαι·
672 560 725 613 τί
759 563 889 616 ποτέ
926 566 1072 620 ἐστιν
1102 571 1129 621 6
1157 570 1327 637 Ζεύς;
1369 573 1433 626 Ἡ
1464 573 1684 639 ζέουσα,
1722 574 1905 645 φησὶν,
1940 574 2032 627 οὐ·

444 652 534 744 ῗτία
573 656 666 709 καὶ
706 658 766 712 τδ
809 663 949 735 ὑπὲρ
991 664 1080 718 τὸν
1113 668 1251 739 ἀέρα
1285 670 1481 744 μέρος,
1516 674 1611 726 και
1639 672 1666 725 δ
1695 671 1887 743 αἰθέρα
1928 687 2030 724 κα-

442 741 619 808 λοῦσι,
679 754 831 824 παρά
877 756 935 809 τὸ
985 757 1103 822 ζέον
1151 763 1245 816 καὶ
1293 769 1470 821 καῖον.
1517 765 1729 819 Οὐκοῦν
1764 765 1865 818 οὐκ
1916 763 2031 816 ἔστι

444 831 636 928 λνῖική
668 854 752 906 τις
793 846 951 901 οὐσία
991 853 1085 904 καὶ
1125 853 1470 928 διακριτικὴ,
1504 857 1617 911 ἀλλ’
1661 857 1873 926 ἄλογος.
1910 857 2032 910 Ὅτι

445 925 554 998 γάρ
588 930 619 1000 ή
660 934 752 988 τοῦ
792 936 954 1010 ἀέρος
998 942 1157 1010 φύσις
1189 925 1313 1000 οὔτε
1352 925 1510 1017 λόγον
1549 950 1692 1021 ἔχει,
1728 948 1853 1003 οὔτε
1887 949 2034 1017 λογι-

449 1020 604 1107 Ϋίίηδν,
639 1029 800 1082 παντί
830 1049 931 1085 που
966 1034 1123 1105 δῆλόν
1150 1040 1285 1100 ἐστι,
1318 1043 1409 1095 καὶ
1442 1045 1550 1107 πᾶς
1583 1044 1740 1097 τοῦτο
1768 1038 1898 1104 οἶδε,
1928 1041 2033 1095 κᾶν

445 1105 608 1201 λίθων
645 1113 1100 1191 ἀναισθητότερός
1128 1141 1212 1188 τις
1340 1127 1502 1181 Ὥστε
1532 1105 1801 1201 ἀνῄρηται
1835 1130 1971 1191 τέως
2004 1129 2034 1181 6

447 1197 606 1265 Ζεὺς,
639 1205 730 1258 καὶ
752 1208 786 1277 ή
815 1209 972 1264 οὐσία
1003 1215 1170 1269 αὐτοῦ
1200 1197 1725 1296 ἡφάνισταιἙί-γάρ
1750 1222 1861 1293 ἀήρ
1887 1222 2034 1275 ἐστιν

445 1297 475 1347 6
499 1297 654 1391 256;,
697 1300 727 1353 6
759 1303 816 1356 δὲ
850 1304 958 1376 ἀήρ
997 1308 1155 1364 τοῦτό
1185 1314 1355 1378 ἐστιν,
1383 1316 1520 1388 ὅπερ
1555 1318 1879 1391 εἰρήκαμεν,
1904 1319 2036 1371 κάν-

448 1388 639 1484 τεῦθεν
665 1394 693 1445 ὁ
716 1394 885 1463 μῦθος
909 1400 1212 1469 οἰχήσεται.
1234 1408 1294 1458 Εἰ
1320 1408 1377 1460 δὲ
1402 1410 1533 1481 ἀὴρ,
1557 1388 1682 1464 οὐτε
1705 1411 1890 1484 πατὴρ
1913 1411 2037 1481 ἐγέ-

454 1482 572 1534 νετό
599 1500 762 1549 τινος,
784 1486 906 1541 οὕτε
933 1490 1085 1546 ἔτεκέ
1108 1512 1229 1549 τινα
1253 1499 1460 1565 οὐσίαν,
1490 1504 1607 1556 οἵαν
1633 1482 2036 1557 ἀναπλάττουσι

451 1572 543 1625 τὸν
570 1575 739 1646 ἥλιον,
771 1579 830 1633 ὃν
857 1584 951 1637 καὶ
988 1584 1299 1645 Ἀπόλλωνα
1334 1594 1579 1660 καλοῦσι,
1603 1597 1698 1651 καὶ
1731 1599 1844 1651 υἱὸν
1869 1596 2035 1652 αὐτοῦ

452 1661 706 1760 λέγουσιν
748 1667 921 1726 εἶναι’
951 1675 1074 1731 οὔτε
1110 1680 1219 1752 γάρ
1250 1682 1401 1753 ἥλιος
1441 1686 1699 1758 λογισμόν
1737 1706 1858 1742 τινα
1901 1689 2034 1760 ἔχει,

452 1751 575 1849 οὔτε
604 1757 842 1817 διάνοιαν
874 1767 968 1820 καὶ
996 1771 1141 1838 νοῦν,
1169 1774 1305 1831 ἀλλὰ
1338 1778 1433 1830 καὶ
1458 1779 1589 1833 αὐτὸ
1620 1782 1847 1849 φυσικόν
1890 1751 2038 1835 ἔτί-τιν

453 1846 637 1947 ἔργον,
660 1855 928 1926 ἀγόμενον
955 1863 1048 1916 καὶ
1069 1871 1501 1942 περιφερόμενον
1528 1875 1605 1945 τῷ
1627 1846 1796 1947 νόμῳ.
1822 1869 1867 1944 ᾧ
1889 1876 2040 1947 παρὰ

455 1940 556 2047 τὴν
601 1945 972 2047 ἀρχήνΔαύτῷ
1011 1956 1198 2026 ἔταξεν
1231 1940 1451 2028 ἀθεός.
1486 1940 1779 2033 ama;
1826 1940 2041 2023 ὁοδεᾎτδ

603 2036 696 2089 τοῦ
726 2040 942 2114 αἰθέρος
976 2046 1143 2113 ἐστὶν,
1172 2050 1307 2107 ἀλλά
1336 2054 1444 2107 τῶν
1463 2056 1703 2123 νεφελῶν
1734 2058 2040 2128 δεχομένων

454 2126 515 2223 τό
540 2124 684 2223 ὕδωρ
715 2132 745 2203 ἢ
775 2135 882 2188 ἀπὸ
909 2141 1007 2208 τῆς
1033 2139 1332 2214 θαλάσσης,
1354 2145 1385 2217 ἦ
1408 2147 1516 2199 τῶν
1536 2147 1745 2203 ὑδάτων
1770 2124 1878 2203 τῶν
1899 2151 2041 2223 ὑπὲρ

455 2217 545 2272 τὸν
575 2221 802 2293 οὐρανὸν
829 2227 1034 2284 ἄνωθεν
1064 2235 1400 2306 φερομένων,
1432 2239 1682 2312 καθάπερ
1702 2217 2043 2314 οἰπροφῆταί

457 2327 643 2405 φασιν.
662 2315 734 2405 ῨΕἱ
764 2317 820 2370 δὲ
853 2319 1103 2385 ἀπιστεῖς
1134 2329 1246 2389 τοῖς
1264 2330 1588 2399 προφήταις,
1613 2334 1812 2399 σημεῖα
1834 2334 2045 2405 φανερὰ

457 2401 553 2491 καὶ
593 2402 729 2474 δῆλα
765 2411 1139 2482 παρεχόμεθα,
1171 2416 1207 2470 ἀ
1261 2418 1498 2489 μάλιστα
1542 2421 1813 2477 δείκνυσιν
1847 2401 2045 2491 αὐτοὺς

460 2489 853 2562 θεοπνεύστους
887 2504 1241 2572 γενομένους,
1289 2509 1383 2561 καὶ
1432 2511 1585 2564 οὐδὲν
1612 2512 1827 2571 οἴκοθεν
1864 2515 2043 2571 διαλε-

460 2582 689 2681 χθέντας
726 2591 876 2661 ἡμῖν,
906 2593 1020 2646 ἀλλ’
1053 2595 1160 2649 ἀπὸ
1190 2598 1291 2668 τῆς
1322 2600 1471 2667 θείας
1502 2604 1718 2676 ἐκείνης
1744 2607 1840 2661 καὶ
1877 2609 2049 2681 ὑπερ-

461 2678 711 2772 οὐρανίου
743 2684 966 2754 χάριτος
1001 2688 1464 2758 ἐμπνευσθέντας.
1507 2697 1692 2752 Πάντα
1718 2699 1828 2772 γὰρ
1855 2701 1926 2756 τά
1955 2678 2048 2755 ὑπ’

462 2768 642 2823 αὐτῶν
676 2774 943 2845 εἰρημένα
975 2778 1128 2844 τέλος
1158 2782 1291 2853 ἔχει,
1320 2786 1414 2839 καὶ
1444 2788 1621 2843 πάντα
1656 2768 1915 2863 πρὸς-τὴν
1939 2794 2049 2848 τῶν

465 2865 810 2934 πραγμάτων
844 2868 1103 2934 ἀλήθειαν
1129 2874 1312 2949 ἐξέϐη,
1347 2881 1412 2934 ἀν
1445 2898 1503 2934 τε
1535 2882 1602 2937 τὰ
1625 2885 1852 2949 παλαιὰ,
1893 2888 1959 2942 ἄν
1988 2906 2050 2943 τε

463 2952 727 3050 ⁶τιὶιικαινὲι
749 2957 929 3029 βούλει
963 2968 1386 3039 μεταχειρίζειν.
1411 2972 1493 3026 Τά
1522 2990 1583 3027 τε
1617 2976 1728 3048 γὰρ
1752 2979 1883 3050 περὶ
1913 2981 2050 3034 ’1ου-

464 3043 922 3152 δαίωνιείρη-μέινα
946 3058 1068 3152 τοῖς
1090 3062 1399 3152 προφήταις
1427 3043 1645 3120 ἅπαντα
1663 3043 1815 3132 τέλος
1827 3043 2049 3135 ἔλαϐεν,

466 3136 557 3230 ὦν*
574 3136 668 3230 καὶ
701 3140 734 3210 ή
768 3140 995 3207 ἔκϐασις
1042 3146 1215 3203 ἅπασι
1241 3162 1267 3191 ει
1298 3151 1434 3227 δήλη
1466 3155 1690 3225 γέγονε·
1720 3158 1790 3213 τά
1817 3177 1876 3213 τε
1923 3159 2054 3230 περὶ

467 3227 561 3318 τοῦ
592 3229 829 3300 Χριστοῦ
861 3232 975 3308 [25]
1006 3238 1065 3290 ὲν
1109 3242 1176 3311 τῇ
1224 3245 1400 3317 Καινῇ
1423 3285 1438 3310 ,
1471 3246 1509 3301 ἀ
1542 3248 1776 3318 μάλιστα
1809 3227 2055 3306 δείκνυσι

470 3317 620 3373 θείαν
650 3322 919 3397 ἑκατέραν
954 3326 1121 3385 οὖσαν
1154 3333 1252 3405 τὴν
1285 3317 1633 3408 ΓραφήνξΕἰ
1677 3340 1735 3395 δὲ
1771 3341 1920 3409 θεία,
1962 3344 2055 3397 καὶ

416 3480 425 3489 ο
469 3409 540 3463 τὰ
578 3413 636 3465 ὲν
678 3418 815 3490 αὐτῇ
854 3421 983 3493 περί
1023 3423 1160 3478 Θεοῦ
1204 3429 1473 3498 εἰρημένα
1510 3430 1686 3502 ἀληθῆ
1730 3432 1932 3488 πάντα.
1962 3434 2056 3506 Μή

472 3506 652 3560 τοίνυν
679 3510 989 3582 ἀμφίϐαλλε
1020 3520 1274 3591 περὶτῆς
1310 3520 1404 3575 τοῦ
1438 3522 1574 3578 Θεοῦ
1614 3526 1895 3597 προνοίας,
1921 3526 2058 3581 ἀλλά

475 3597 722 3670 θαύμαζε
753 3605 918 3659 αὑτοῦ
954 3609 1054 3680 τὴν
1098 3611 1449 3684 κηδεμονίαν.
1474 3616 1557 3670 ὅτι
1596 3616 1773 3672 καίτοι
1807 3618 2060 3690 πονηρῶν
2106 3604 2109 3607 ἰ

456 3691 643 3746 ’ὄντων
672 3696 768 3748 καὶ
790 3697 1033 3765 ἀγαθῶν,
1061 3700 1160 3774 τήν
1185 3704 1512 3778 οἰκουμένην
1539 3708 1633 3761 καὶ
1657 3708 1752 3762 τὸν
1780 3708 1930 3780 ἥλιον
1956 3709 2061 3763 πᾶ-

477 3802 563 3839 σιν
584 3787 774 3858 ἀνῆκε,
802 3790 896 3844 καὶ
923 3794 1049 3856 τοὺς
1076 3794 1266 3859 ὑετοὺς
1292 3795 1525 3852 δίδωσιν.
1543 3800 1606 3853 Εἰ
1636 3800 1693 3853 δέ
1722 3818 1874 3865 τινας
1897 3801 2061 3872 ἀφίη-

478 3896 562 3932 σιν
592 3876 733 3935 εἷναι
779 3882 839 3936 ὲν
872 3887 1116 3959 πτωχείᾳ
1146 3889 1242 3942 καὶ
1280 3889 1461 3963 πενίᾳ,
1491 3890 1721 3963 διορθῶν
1747 3893 1927 3947 αὐτῶν
1963 3894 2061 3964 τὴν

476 3967 653 4041 ψυχὴν
692 3972 907 4040 ἀφίησι,
944 3976 1385 4050 φιλοσοφωτέραν
1411 3983 1511 4053 τὴν
1556 3983 1781 4055 γνώμην
1827 3985 2061 4056 ἐργαςό-

481 4077 660 4131 μενος.
683 4065 826 4117 ’Ίστε
854 4066 987 4138 γὰρ,
1015 4070 1129 4122 ἴστε
1162 4071 1368 4140 σαφῶς.
1391 4077 1475 4128 ὅτι
1504 4076 1533 4127 6
1566 4074 1665 4145 μὲν
1698 4074 1927 4139 πλοῦτος
1952 4077 2064 4139 τοῖς

484 4150 558 4221 μὴ
588 4153 913 4225 προσέχουσι
938 4161 1200 4232 πονηρίας
1231 4162 1377 4215 ἐστὶν
1405 4163 1681 4235 ὑπηρέτης
1704 4180 1718 4195 ⁸
1747 4168 1781 4238 ἡ
1820 4165 1875 4220 δὲ
1906 4167 2066 4221 πενία

483 4243 799 4315 φιλοσοφίας
822 4248 937 4300 ἐστὶ
959 4251 1167 4323 μήτηρ·
1196 4254 1292 4307 καὶ
1321 4253 1495 4309 ταῦτα
1522 4254 1761 4310 δείκνυσι
1784 4258 1903 4311 καθ’
1931 4259 2064 4312 ἐκάο

484 4347 617 4402 στην
649 4334 861 4406 ἡμέραν
889 4336 958 4391 τά
992 4340 1313 4412 πράγματα.
1346 4345 1510 4398 Πόσοι
1538 4345 1648 4399 τῶν
1683 4349 1931 4418 πενήτων
1958 4348 2065 4403 τῶν

484 4423 860 4482 πλουτούντων
884 4430 990 4484 εἰσί
1017 4433 1375 4507 συνετώτεροί
1402 4454 1461 4490 τε
1487 4436 1584 4490 καὶ
1618 4437 2066 4510 φιλοσοφώτεροι,

485 4518 578 4571 καὶ
607 4520 676 4573 τὰ
712 4520 942 4592 σώματα
981 4526 1357 4601 ὑγιεινότεροι,
1393 4530 1585 4594 πενίας
1623 4530 1806 4595 αὐτοῖς
1835 4532 1929 4585 καὶ
1969 4531 2068 4604 τὴν

485 4608 663 4678 σάρκα
693 4613 788 4665 καὶ
817 4611 914 4685 τὴν
942 4614 1120 4687 ψυχὴν
1151 4617 1572 4693 διορθουμένης;
1614 4622 1711 4675 Ἐν
1729 4624 1941 4693 εἰρήνῃ
1969 4624 2070 4677 ἐπὶ

484 4697 549 4751 τὸ
571 4699 716 4752 αὐτὸ
748 4703 1205 4776 κοιμηθήσομαι,
1229 4709 1327 4762 καί
1359 4710 1641 4767 ύπνώσω.
1670 4715 1802 4769 ’Ὅτι
1829 4715 1933 4779 σὺ,
1957 4717 2071 4770 Κύ-

481 4808 590 4858 ριε,
626 4795 776 4849 κατὰ
810 4798 1006 4865 μόνας
1048 4800 1142 4853 ἐπ’
1176 4802 1377 4859 ἑλπίδι
1422 4806 1759 4875 κατῴκισάς
1790 4826 1889 4879 με.
1935 4809 2068 4865 Ἰδοὺ

485 4886 580 4940 καὶ
613 4886 742 4942 ἄλλο
773 4891 1032 4960 προνοίας
1070 4889 1210 4959 εἶδος
1242 4897 1304 4950 οὐ
1343 4900 1561 4971 μικρὸν,
1592 4901 1653 4955 τὸ
1683 4904 1909 4975 εἰρήνης
1935 4905 2071 4958 ἀπο-

485 4978 670 5033 λαύειν
716 4981 844 5045 τοὺς
895 4981 1290 5055 ἀνακειμένους
1330 4990 1470 5061 Θεῷ.
1508 4992 1735 5061 Εἰρήνη
1787 4995 1896 5068 γάρ
1944 4996 2071 5062 τοῖς

485 5072 761 5143 ἀγαπῶσι
798 5075 905 5128 τὸν
942 5076 1134 5146 νόμον
1182 5094 1318 5143 σου,
1369 5082 1468 5136 καί
1509 5085 1620 5138 οὐκ
1657 5084 1831 5140 ἐστιν
1866 5085 2070 5152 αὐτοῖς

488 5164 860 5221 σκάνδαλον.
888 5168 1056 5221 Οὐδὲν
1081 5169 1189 5242 γὰρ
1209 5168 1381 5235 οὑτως
1403 5173 1630 5244 εἰρήνην
1662 5178 1835 5228 ποιεῖν
1855 5175 2068 5242 εἴωθεν,

486 5255 562 5319 ὡς
591 5259 623 5328 ή
649 5258 740 5312 τοῦ
770 5258 904 5313 Θεοῦ
938 5260 1159 5329 γνῶσις,
1190 5263 1282 5315 καὶ
1316 5264 1472 5333 ήτῆς
1498 5265 1702 5337 ἀρετῆς
1735 5267 1946 5338 κτῆσις,
1979 5268 2071 5323 τὸν

489 5345 699 5402 ἔνδοθεν
754 5351 860 5404 τῶν
908 5353 1098 5407 παθῶν
1150 5352 1493 5420 ὲξοικίζουσα
1527 5355 1798 5429 πόλεμον,
1842 5361 1937 5412 καὶ
1970 5359 2072 5414 οὐκ

489 5437 713 5508 ἀφιεῖσα
740 5441 901 5495 αὐτὸν
924 5444 1061 5515 πρὸς
1093 5445 1286 5499 ἑαυτὸν
1312 5446 1716 5514 διαστασιάζειν
1742 5449 1833 5504 τὸν
1860 5449 1956 5505 ἀνθ
1967 5469 2074 5523 ρω·

493 5546 615 5585 πον.
659 5530 747 5595 Ὠς
778 5533 894 5600 εῐγε
927 5536 1009 5608 μὴ,
1033 5537 1239 5609 ταύτης
1265 5538 1528 5595 ἀπολαύοι
1565 5542 1667 5612 τῆς
1694 5543 1937 5614 εἰρήνης,
1970 5543 2074 5598 κᾶν

493 5618 553 5672 ιν
588 5618 861 5693 βαθυτάτῃ
894 5624 1085 5697 εἰρήνῃ
1194 5626 1392 5693 ἔξωθεν
1412 5670 1426 5697 ,
1462 5630 1565 5685 κᾶν
1598 5630 1786 5704 μηδεὶς
1817 5631 2076 5703 πολέμιος

561 5803 586 5830 ⁸
610 5801 730 5863 Reg.
757 5805 837 5851 καὶ
858 5807 889 5861 ἡ
911 5808 1015 5868 ὁψις
1033 5808 1227 5855 ἅπασιν.

2132 482 2293 534 αὑτὸν
2322 482 2512 556 βάλλῃ.
2539 483 2647 537 τῶν
2680 485 2787 538 ὑπὸ
2812 485 2909 556 τῆς
2935 485 3261 557 οἰκουμένης
3295 484 3724 559 πολεμουμένων

2131 572 2350 626 πάντων
2380 574 2526 627 ἐστὶν
2559 574 2882 648 ἀθλιώτερος
2906 577 2956 630 ι’.

2207 733 2293 787 ιϐ’.
2313 735 2385 787 Οὐ
2413 734 2519 805 γὰρ
2541 733 2684 787 οὑτω
2712 734 2936 796 Σκύθαι,
2957 735 3077 788 οὐδὲ
3097 736 3333 808 Θρᾷκες.
3357 737 3418 790 οὐ
3443 738 3736 808 Σαυρομά-

2132 846 2244 891 ται,
2274 827 2369 880 καὶ
2404 828 2570 893 Ἰνδοὶ,
2603 828 2697 882 καὶ
2718 827 2953 900 Μαῦροι,
2978 830 3071 883 καὶ
3091 830 3190 883 ὅσα
3211 830 3378 899 ἄγρια
3409 829 3536 900 ἔθνη
3563 830 3727 884 πολε-

2139 921 2258 989 μεῖν
2278 918 2555 980 εἰώθασιν,
2574 919 2650 982 ὡς
2672 918 2930 989 λογισμὸς
2952 919 3297 984 ἀτοπώτατος
3320 919 3629 991 ὲνδομυχῶν
3652 923 3725 992 τῇ

2134 1009 2301 1081 ψυχῇ,
2326 1012 2419 1064 καί⁵
2453 1011 2716 1081 ἐπιθυμία
2743 1012 3058 1076 ἀκόλαστος,
3097 1014 3191 1065 καὶ
3229 1014 3527 1084 χρημάτων
3554 1014 3725 1084 ἔρως.

2135 1105 2229 1157 καὶ
2248 1104 2566 1183 δυναστείας
2596 1104 2782 1168 πόθος,
2813 1105 2906 1157 καὶ
2931 1106 3041 1158 τῶν
3074 1105 3343 1174 βιωτικῶν
3378 1108 3727 1177 πραγμάτων

2134 1200 2168 1269 ή
2206 1196 2572 1269 προσπάθεια.
2594 1198 2705 1251 Καὶ
2738 1197 2964 1261 εἰκότως
2986 1215 3000 1229 ο
3028 1199 3235 1263 ἐκεῖνος
3266 1198 3364 1269 μὲν
3389 1200 3497 1270 γὰρ
3521 1197 3727 1266 ἔξωθεν

2136 1292 2164 1344 6
2204 1290 2461 1361 πόλεμος,
2498 1288 2637 1360 αὕτη
2665 1288 2722 1341 δὲ
2755 1288 2902 1342 ἔνδον
2940 1290 3088 1343 ἔστὶν
3127 1292 3160 1361 ή
3203 1292 3371 1361 μάχη.
3419 1292 3540 1344 Ὅτι
3568 1290 3626 1344 δὲ
3654 1290 3731 1343 τὰ

2136 1382 2347 1437 ἔνδοθεν
2391 1383 2688 1454 τικτόμενα
2721 1383 2831 1437 τῶν
2882 1381 3080 1447 ἔξωθεν
3113 1381 3560 1453 προσϐαλλόντων
3603 1383 3730 1435 ἐστὶ

2138 1476 2528 1548 χαλεπώτερα,
2578 1476 2673 1529 καί⁸
2714 1476 2914 1547 μᾶλλον
2961 1474 3296 1548 διαφθείρειν
3343 1475 3530 1542 εἴωθε,
3562 1473 3731 1528 τοῦτο

2138 1570 2234 1621 ἐπὶ
2280 1570 2499 1623 πάντων
2558 1568 2705 1622 ἔστιν
2741 1569 2888 1623 ἰδεῖν.
2920 1568 3031 1622 Καὶ
3063 1568 3172 1639 γὰρ
3224 1569 3318 1621 καὶ
3365 1566 3519 1635 ξύλου
3559 1567 3729 1637 φύσιν

2141 1663 2357 1734 σκώληξ
2390 1664 2536 1718 ἔνδον
2558 1663 2875 1734 τικτόμενος
2907 1661 3105 1733 μᾶλλον
3142 1661 3464 1734 διαφθείρει,
3491 1664 3586 1716 καὶ
3618 1661 3731 1715 σώ-

2143 1772 2312 1827 ματος
2346 1754 2577 1825 δύναμιν
2622 1755 2717 1807 καί¹
2757 1752 2946 1821 ὑγείαν
2974 1752 3082 1805 τῶν
3112 1751 3309 1820 ἔξωθεν
3342 1753 3622 1824 φυομένων
3654 1754 3734 1806 τὰ

2141 1846 2351 1901 ἔνδοθεν
2376 1846 2744 1917 βλαστάνοντα
2766 1847 3050 1917 νοσήματα
3084 1845 3345 1915 μειζόνως
3367 1845 3689 1915 λυμαίνεται
3714 1862 3728 1875 ·

2140 1942 2237 1993 καὶ
2275 1939 2459 2002 πόλεις
2497 1938 2597 2010 οὐχ
2626 1938 2797 2002 οὔτως
2829 1940 2878 1991 οἰ
2910 1936 3109 2003 ἔξωθεν
3144 1938 3412 2008 πολέμιοι,
3439 1938 3515 1999 ὡς
3545 1939 3593 1990 οἰ
3621 1940 3735 2008 ἑμ-

2144 2032 2323 2102 φύλιοι
2349 2031 2707 2085 καταλύουσιν
2730 2048 2743 2060 ο
2769 2029 2913 2084 οὕτω
2945 2030 3009 2102 δὴ
3041 2030 3137 2083 καὶ
3165 2031 3342 2101 ψυχὴν
3370 2032 3469 2100 οὑχ
3496 2029 3638 2083 οὑτω
3657 2030 3737 2084 τὰ

2144 2118 2341 2189 ἔξωθεν
2364 2126 2657 2197 προσιόντα
2698 2125 2909 2196 μηχανή
2920 2141 3083 2194 ματα,
3117 2123 3192 2186 ὡς
3220 2123 3291 2175 τὰ
3317 2123 3527 2175 ἔνδοθεν
3551 2122 3743 2176 τικτό-

2148 2238 2285 2291 μενα
2314 2223 2601 2292 νοσήματα
2639 2218 2997 2289 λυμαίνεσθαι
3047 2216 3312 2285 πέφυκεν.
3353 2215 3493 2268 ’Δλλ’
3527 2216 3619 2269 ὲάν
3646 2233 3739 2280 τις

2144 2312 2235 2364 τὸν
2266 2311 2429 2380 φόϐον
2480 2309 2574 2363 τοῦ
2624 2309 2759 2362 Θεοῦ
2811 2309 2985 2380 ἔχων,
3019 2310 3159 2379 μετά
3205 2306 3491 2379 ἀκριϐείας
3540 2305 3739 2360 τοῦτον

2147 2402 2425 2475 καταλύσῃ
2455 2402 2544 2456 τὸν
2573 2401 2829 2472 πόλεμον,
2848 2401 2940 2454 καὶ
2969 2401 3213 2473 κοιμήσῃ
3243 2400 3312 2452 τὰ
3341 2399 3509 2469 πάθη,
3539 2398 3635 2453 καὶ
3663 2398 3743 2452 τὰ

2149 2497 2312 2568 θηρία
2346 2496 2415 2550 τά
2452 2494 2672 2548 ποικίλα
2693 2496 2875 2548 ἐκεῖνα
2906 2492 3013 2546 τῶν
3044 2494 3261 2547 ἀτόπων
3292 2492 3567 2564 λογισμῶν
3596 2494 3744 2546 ἀπο-

2149 2590 2363 2657 πνίξας,
2391 2589 2466 2661 μὴ
2488 2588 2823 2660 ὲμφωλεύειν
2852 2587 3274 2661 παρασκευάσῃ,
3297 2580 3451 2650 οὗτος
3482 2584 3744 2658 καθαρω-

2148 2685 2316 2756 τάτης
2350 2684 2442 2738 καὶ
2483 2683 2787 2753 βαθυτάτης
2832 2681 3199 2735 ἀπολαύσεται
3242 2681 3482 2751 εἰρήνης.
3515 2678 3743 2750 Ταύτην

2149 2777 2248 2847 τὴν
2282 2778 2505 2848 εἰρήνην
2532 2772 2700 2827 ἐλθὼν
2727 2777 2756 2826 6
2789 2773 3023 2844 Χριστος
3056 2773 3375 2844 ἐχαρίσατο·
3408 2770 3614 2843 ταύτην
3640 2772 3747 2825 καὶ

2150 2872 2179 2924 ὁ
2212 2869 2424 2931 [Ιαῦλος
2458 2870 2571 2930 τοῖς
2606 2869 2815 2930 πιστοῖς
2855 2865 3156 2936 ὲπηύχετο,
3190 2865 3312 2920 καθ’
3344 2867 3583 2936 ἑκάστην
3610 2866 3746 2918 ἐπι-

2153 2962 2345 3033 στολὴν
2393 2961 2565 3030 λέγων
2584 2977 2598 2991 ο
2643 2958 2822 3028 Χάρις
2853 2958 2997 3027 ὑμῖν
3040 2958 3139 3012 καί
3185 2957 3391 3027 εἰρήνη
3430 2956 3547 3012 ἀπὸ
3587 2956 3746 3012 Θεοῦ

2153 3054 2384 3123 Πατρός
2409 3051 2610 3124 ἡμῶν·
2650 3053 2679 3105 6
2721 3054 2829 3124 γὰρ
2861 3052 2961 3122 τὴν
2997 3052 3223 3123 εἰρήνην
3255 3050 3459 3121 ταύτην
3484 3050 3644 3122 ἔχων,
3675 3051 3745 3105 οὐ

2158 3146 2317 3218 μόνον
2360 3145 2634 3217 βάρϐαρον
2685 3145 2780 3197 καὶ
2811 3144 3091 3214 πολέμιον,
3132 3142 3245 3197 ἀλλ’
3282 3143 3404 3197 οὐδὲ
3446 3143 3612 3197 αὐτὸν
3647 3140 3749 3197 τὸν

2158 3237 2272 3313 [26]
2301 3238 2546 3292 διάϐολον
2583 3236 2818 3290 δέδοικεν
2838 3251 2852 3266 °
2880 3235 3018 3290 ἀλλά
3046 3237 3228 3306 πάσης
3270 3236 3369 3306 τῆς
3412 3235 3520 3289 τῶν
3547 3235 3750 3306 δαιμό-

2156 3347 2263 3384 νων
2285 3329 2562 3399 φάλαγγος
2591 3326 2890 3399 καταγελᾷ,
2909 3327 3004 3380 καὶ
3027 3327 3243 3380 πάντων
3268 3324 3571 3396 ἀνθρώπων
3592 3325 3750 3378 ἐστὶν

2158 3421 2546 3495 εὐθυμότερος,
2564 3422 2625 3473 οὐ
2652 3419 2813 3491 πενίᾳ
2837 3417 3256 3490 πιεζόμενος,οὑ
3285 3419 3426 3488 νόσῳ
3450 3419 3543 3471 καὶ
3569 3418 3755 3489 appu-

2162 3513 2287 3585 στίᾳ.
2317 3514 2675 3585 βαρούμενος,
2698 3514 2800 3565 οὐκ
2827 3512 2971 3582 ἄλλῳ
2992 3512 3101 3563 τινί
3126 3511 3236 3564 τῶν
3258 3510 3613 3581 ἀνθρωπίνων
3634 3507 3753 3560 τῶν

2160 3608 2440 3679 ἀδοκήτως
2472 3605 2926 3678 προσπιπτόντων
2972 3603 3391 3674 θορυϐούμενος,
3430 3601 3519 3655 διά
3554 3601 3615 3654 τὸ
3646 3600 3754 3673 τὴν

2160 3703 2361 3775 ψυχὴν,
2392 3702 2491 3771 τὴν
2516 3699 2820 3770 δυναμένην
2848 3696 3018 3751 ταῦτα
3054 3695 3192 3768 μετά
3234 3694 3521 3766 ἀκριϐείας
3548 3692 3756 3747 διαθεῖ-

2162 3816 2252 3852 ναι
2278 3797 2372 3851 καὶ
2399 3794 2647 3857 εὐκολίας
2673 3794 2909 3865 ἀπάσης,
2935 3790 3255 3863 ἐρρωμένην
3284 3790 3378 3842 καὶ
3398 3789 3756 3856 ὑγιαίνουσαν

2166 3891 2331 3962 ἔχειν.
2364 3890 2473 3943 Καὶ
2507 3889 2596 3943 ἵνα
2628 3887 2837 3960 μάθητε
2863 3888 2946 3939 ὅτι
2977 3885 3135 3938 τοῦτό
3160 3887 3306 3938 ἐστιν
3344 3882 3543 3953 ἀληθές
3565 3897 3579 3910 ·
3608 3881 3757 3934 ἔστω

2163 4002 2246 4050 τις
2299 3985 2587 4055 βάσκανος,
2637 3982 2733 4035 καί
2780 3980 2968 4051 μηδεὶς
3006 3976 3156 4049 αὐτῷ
3203 3976 3540 4047 πολεμείτωο
3583 3975 3637 4028 τί
3689 3978 3758 4028 τὸ

2164 4076 2388 4148 ὅφελος;
2442 4074 2615 4137 Αὐτὸς
2659 4074 2769 4145 γὰρ
2811 4071 2989 4142 ἑαυτῷ
3027 4071 3285 4141 πολεμεῖ,
3328 4069 3530 4133 παντὸς
3564 4068 3758 4136 ξίφους

2165 4172 2454 4242 ὀξυτέρους
2503 4167 2624 4223 καθ’
2665 4168 2859 4221 ἑαυτοῦ
2894 4166 3076 4238 θήγων
3112 4164 3441 4235 λογισμοὺς,
3475 4166 3607 4215 πᾶσι
3637 4166 3758 4225 τοῖς

2166 4263 2465 4336 ὁρωμένοις
2493 4259 2863 4334 προσπταίων,
2896 4260 2990 4313 καὶ
3017 4258 3141 4313 καθ’
3170 4259 3400 4312 ἕκαστον
3433 4254 3540 4310 τῶν
3561 4257 3760 4324 ἐντυγ-

2168 4359 2440 4429 χανόντων
2487 4353 2791 4426 ἀνθρώπων
2845 4351 3166 4423 τιτρώσκων
3197 4349 3423 4413 ἑαυτὸν,
3473 4347 3569 4401 καὶ
3613 4348 3761 4417 πρὸς

2167 4452 2360 4506 οὐδένα
2395 4450 2566 4522 ήδέως
2603 4450 2763 4519 έχων,
2800 4445 2936 4501 ἀλλά
2968 4444 3182 4507 κοινοὺς
3218 4442 3512 4513 πολεμίους
3542 4441 3761 4503 πάντας

2167 4545 2331 4618 ὀρῶν.
2357 4545 2422 4598 Τί
2456 4539 2548 4597 οὖν
2569 4543 2762 4614 ὄφελος
2791 4541 2894 4610 τῆς
2922 4538 3120 4606 ἔξωθεν
3151 4537 3373 4609 εἰρήνης
3397 4534 3593 4606 τούτῳ,
3621 4533 3760 4587 ὅταν

2170 4640 2331 4704 αὐτὸς
2357 4637 2419 4691 λυ
2429 4636 2570 4691 σσῶν
2597 4636 2690 4691 καὶ
2714 4634 3058 4707 μαινόμενος,
3088 4631 3183 4685 καὶ
3213 4630 3390 4693 κοινὸς
3413 4628 3515 4698 τῆς
3539 4626 3760 4696 φύσεως

2169 4731 2245 4786 ὢν
2277 4730 2491 4803 ἐχθρὸς,
2528 4728 2888 4801 περιέρχηται
2916 4722 3170 4778 τοσοῦτον
3199 4720 3410 4776 ἔνδοθεν
3442 4720 3623 4792 φέρων
3650 4719 3758 4772 πό-

2170 4827 2356 4897 λεμον,
2394 4824 2489 4878 καὶ
2518 4822 2689 4894 μυρία
2724 4820 2855 4885 τόξα
2888 4819 2985 4872 καὶ
3025 4818 3177 4889 βέλη,
3207 4814 3407 4887 μᾶλλον
3437 4813 3496 4867 δὲ
3525 4812 3762 4884 μυρίους

2171 4921 2435 4982 θανάτους
2458 4916 2774 4988 εὐχόμενος,
2802 4914 2836 4984 ἢ
2864 4913 2992 4967 ἰδεῖν
3015 4928 3137 4964 τινα
3157 4910 3265 4963 τῶν
3294 4907 3570 4979 ὁμογενῶν
3603 4906 3759 4959 εὐδο-

2170 5011 2440 5084 κιμοῦντα
2469 5010 2569 5063 καὶ
2615 5005 2913 5078 εὐημερίας
2953 5001 3334 5069 ἀπολαύοντας
3371 4999 3538 5053 Πάλιν
3569 4998 3759 5069 ἔτερος

2173 5105 2278 5159 ὑπὸ
2305 5102 2604 5176 χρημάτων
2631 5098 2928 5169 ἐπιθυμίας
2968 5095 3354 5166 κατεχόμενος,
3387 5090 3615 5163 μυρίους
3654 5106 3758 5143 πο-

2172 5200 2371 5270 λέμους
2401 5197 2498 5251 καὶ
2535 5195 2716 5267 μάχας
2758 5193 2854 5246 καὶ
2893 5190 3112 5250 στάσεις
3139 5190 3220 5252 εἰς
3246 5185 3346 5256 τὴν
3399 5182 3595 5289 ἑαυτοῦ
3783 5210 3799 5289 1

2173 5294 2297 5362 ἀγει
2324 5291 2523 5362 ψυχὴν,
2566 5289 2660 5342 καὶ
2715 5288 2773 5339 ὲν
2825 5284 3041 5358 θορύϐῳ
3078 5283 3175 5336 καὶ
3221 5282 3435 5352 ταραχῇ
3482 5278 3595 5341 ὢν,
3635 5275 3789 5343 οὐδὲξ

2178 5382 2371 5454 μικρὸν
2426 5378 2760 5435 ἀναπνεῦσαι
2814 5374 3056 5431 δύναται.
3122 5371 3262 5425 Ἀλλ’
3307 5371 3407 5440 οὐχ
3470 5370 3501 5422 ὀ
3552 5368 3764 5420 τούτων

2176 5472 2591 5544 ἀπηλλαγμένος
2641 5457 2749 5522 τῶν
2799 5466 2986 5521 παθῶν
3032 5464 3174 5519 οὕτω
3214 5462 3518 5522 διάκειται,
3553 5457 3669 5512 ἀλλ’
3702 5459 3764 5509 ἐν

2176 5566 2399 5639 γαληνῷ
2425 5564 2660 5637 κάθηται
2690 5560 2895 5632 λιμένι,
2920 5557 3202 5631 ἐντρυφῶν
3229 5558 3295 5626 τῇ
3327 5552 3633 5624 φιλοσοφίᾳ,
3667 5551 3765 5603 καὶ

2241 5748 2270 5788 b
2295 5750 2376 5798 Sic
2408 5749 2532 5810 Reg.
2557 5747 2742 5810 melius
2760 5758 2905 5805 quam
2935 5744 3071 5807 prius
3105 5740 3232 5792 Εᾶίιὶ
3254 5742 3349 5789 τῶν
3383 5737 3474 5788 ὑπὸ
3495 5736 3581 5794 τήν
3599 5735 3762 5784 obmu-

2183 5814 2324 5872 μένην
2345 5808 2533 5860 πάντων
2572 5809 2698 5857 ἐστὶν
2723 5808 2791 5856 ἀθ.
