4106 6420
328 343 385 402 E1

348 456 466 527 phis
492 453 598 526 (α).
624 455 787 524 Quod
813 457 865 512 si
894 456 1010 511 illis
1040 453 1232 510 relictis
1253 452 1319 507 ad
1339 453 1621 522 allegorias
1640 450 1972 522 confugeris,

359 559 409 605 te
437 547 564 604 illud
607 547 1003 616 interrogabo,
1033 544 1164 613 Quid
1211 553 1293 600 est
1331 542 1538 612 Jupiter
1564 542 1687 614 (lt)?
1731 542 1827 597 Est
1866 541 1972 597 fer-

367 655 515 699 vens,
543 638 739 709 inquit,
769 638 1096 701 substantia,
1128 643 1183 690 et
1215 650 1335 703 pars
1362 650 1479 704 quia
1504 643 1721 704 superat
1747 647 1926 688 acrem
1951 672 1968 700 ,

369 743 424 788 et
472 748 630 804 quam
675 732 954 803 appellant
999 729 1269 792 aetherem,
1302 743 1367 782 ex
1411 742 1476 782 eo
1502 727 1642 797 quod
1689 725 1893 781 ferveat
1919 734 1975 780 et

370 836 513 881 urat.
542 825 658 880 Non
684 837 767 879 est
812 839 947 894 ergo
973 821 1321 877 ratiocinandi
1368 837 1464 875 nec
1491 819 1827 875 discernendi
1874 834 1969 887 po-

374 927 567 973 testate
596 917 834 988 prtedita.
864 915 961 970 sed
1000 929 1190 983 expers
1216 912 1437 967 rationis
1474 911 1789 966 substantia.
1820 909 1972 978 Quod

373 1012 519 1062 enim
551 1019 736 1062 natura
773 1007 917 1063 aeris
948 1020 1046 1061 nec
1082 1006 1342 1059 rationem
1374 1003 1585 1068 habeat,
1621 1018 1721 1058 nec
1760 1003 1974 1057 ratioci-

375 1106 673 1161 nationem,
703 1101 873 1156 cuivis
916 1108 998 1154 est
1039 1108 1298 1168 apertum,
1335 1105 1383 1151 et
1427 1111 1586 1149 uento
1629 1104 1711 1149 est
1739 1094 1827 1164 qui
1874 1095 1975 1147 hoc

377 1197 608 1260 nesciat,
639 1193 848 1249 etiamsi
880 1192 1076 1257 minus,
1119 1204 1279 1259 quam
1322 1187 1480 1258 lapis,
1522 1201 1713 1241 sensus
1761 1184 1972 1241 haheat.

376 1286 558 1355 Quare
598 1285 705 1354 jam
734 1283 801 1338 de
828 1281 1006 1337 medio
1031 1279 1270 1335 sublatus
1295 1288 1376 1333 est
1401 1277 1627 1347 Jupiter,
1656 1284 1709 1330 et
1736 1275 1853 1345 ejus
1878 1275 1974 1330 de-

381 1382 487 1434 leta
530 1376 846 1431 substantia.
876 1371 931 1428 Si
974 1372 1114 1427 enim
1143 1386 1237 1427 aer
1285 1380 1367 1426 cst
1406 1368 1614 1440 Jupiter
1639 1410 1650 1429 ,
1678 1382 1772 1421 aer
1799 1377 1975 1421 autem

382 1478 469 1526 est
512 1467 564 1521 id
596 1466 738 1536 quod
776 1467 887 1536 jam
917 1464 1166 1531 diximus,
1197 1479 1261 1519 ex
1288 1477 1355 1517 eo
1383 1476 1592 1532 quoque
1630 1459 1869 1515 interibit
1896 1458 1977 1512 fa-

388 1561 540 1616 oula.
567 1548 624 1614 Si
668 1566 843 1612 autem
890 1566 974 1612 est
999 1572 1109 1620 aer,
1143 1571 1243 1610 nec
1285 1554 1383 1609 fuit
1410 1553 1632 1624 alicujus
1662 1562 1833 1624 pater,
1878 1566 1979 1608 nec

382 1655 614 1723 aliquam
656 1651 866 1722 peperit
911 1648 1283 1714 substantiam,
1331 1647 1630 1716 cujusmodi
1671 1645 1980 1715 contingunt

383 1748 554 1805 solem
575 1784 590 1809 ,
622 1758 779 1813 quem
823 1741 984 1797 etiam
1011 1749 1203 1795 vocant
1244 1739 1546 1809 Apollinem
1580 1740 1675 1807 (c),
1707 1747 1762 1792 ct
1796 1735 1981 1792 dicunt

384 1851 509 1892 esse
535 1835 654 1903 ejus
700 1834 862 1888 tilium
894 1851 906 1885 :
938 1848 1037 1887 nec
1075 1833 1215 1886 enim
1242 1831 1323 1885 sol
1368 1830 1526 1886 habet
1567 1832 1849 1895 rationem,
1880 1843 1981 1885 nec

384 1936 641 1988 mentem,
674 1939 771 1978 nec
794 1924 1189 1993 cogitationem,
1224 1921 1317 1976 sed
1350 1922 1518 1991 ipsum
1551 1921 1710 1975 etiam
1737 1930 1817 1974 est
1845 1935 1980 1990 opus

385 2017 645 2081 naturale,
661 2013 797 2082 quod
816 2015 988 2085 agitur
1005 2012 1437 2069 etcircumfertnr
1456 2013 1755 2083 lege,quam
1771 2011 1820 2067 ei
1840 2013 1979 2067 Deus

384 2109 438 2161 in
492 2106 750 2176 principio
798 2106 994 2176 posuit.
1019 2105 1229 2175 Alioqui
1258 2120 1357 2159 nec
1382 2104 1566 2174 pluere
1615 2112 1699 2159 est
1721 2103 1937 2158 tetheris
1961 2144 1977 2169 ,

384 2196 480 2251 sed
500 2196 739 2262 nubium,
758 2212 872 2265 qua:
892 2211 1081 2265 aquam
1099 2195 1397 2264 suscipiunt
1414 2197 1496 2250 vel
1522 2211 1586 2251 ex
1619 2197 1774 2260 mari,
1804 2196 1885 2250 vel
1913 2211 1976 2250 ex

382 2290 537 2357 aquis
561 2305 680 2359 qua:
708 2289 775 2343 ab
803 2290 912 2343 alto
959 2304 1120 2357 super
1163 2290 1350 2344 cretum
1382 2288 1644 2353 feruntur,
1688 2297 1745 2342 ut
1794 2288 1979 2343 dicunt

385 2379 680 2449 prophetat.
705 2379 795 2435 Sin
813 2390 989 2434 autem
1015 2379 1168 2434 fidem
1194 2396 1297 2434 non
1328 2381 1490 2433 habes
1513 2379 1805 2449 prolihetis,
1830 2379 1979 2449 signa

388 2483 575 2544 aperta
604 2484 657 2528 et
702 2474 978 2527 manifesta
1011 2473 1329 2542 pra-bemus,
1358 2488 1477 2543 qua:
1523 2475 1753 2527 maxime
1795 2481 1980 2526 osten-

384 2566 519 2620 dunt
542 2583 635 2621 eos
665 2565 825 2622 fuisse
855 2583 882 2618 a
910 2567 1021 2621 Deo
1052 2567 1364 2637 inspiratos,
1393 2580 1444 2620 et
1475 2566 1603 2621 nihil
1632 2567 1786 2622 nobis
1812 2566 1984 2621 disse-

384 2660 581 2723 ruisse,
611 2659 748 2727 quod
779 2675 842 2713 ex
871 2675 927 2712 se
955 2658 1225 2723 afferrent,
1256 2657 1351 2713 sed
1393 2658 1572 2711 divina
1601 2658 1688 2712 illa
1730 2657 1900 2728 gratia
1924 2666 1981 2711 et

386 2751 753 2822 supercaelesti
783 2751 1008 2806 amatos.
1044 2751 1402 2821 Qmeeumque
1441 2751 1582 2805 enim
1626 2750 1694 2804 ab
1720 2751 1798 2805 eis
1840 2749 1979 2805 dic'a

387 2855 534 2909 sunt,
568 2844 727 2898 linem
758 2854 880 2898 sunt
904 2855 1213 2914 assequuta,
1245 2851 1299 2897 et
1327 2843 1502 2896 omnia
1534 2841 1600 2895 ad
1630 2856 1806 2895 rermn
1838 2840 1980 2895 veri-

390 2947 557 2993 tatem
604 2924 953 3001 devenerunt,
1000 2952 1093 2991 seu
1139 2944 1342 3001 vetera,
1389 2949 1484 2990 seu
1513 2949 1654 2988 nova
1684 2933 1815 2988 velis
1842 2932 1984 2986 acci-

390 3045 541 3100 pere.
573 3029 705 3083 Nam
752 3037 808 3082 et
835 3044 953 3098 qua:
981 3027 1049 3081 de
1091 3026 1291 3081 Juda‘is
1330 3041 1359 3078 a
1389 3024 1663 3097 prophetis
1691 3024 1829 3078 dicta
1859 3032 1984 3077 sunt

388 3123 567 3177 omnia
616 3122 774 3176 tinem
825 3130 1120 3191 ceperunt,
1167 3135 1395 3190 quorum
1454 3120 1612 3172 etiam
1660 3118 1834 3172 exitus
1884 3116 1985 3172 fuit

387 3213 637 3269 cautibus
667 3210 982 3266 manifestus
1010 3228 1022 3264 :
1052 3218 1107 3266 et
1127 3227 1247 3281 quae
1267 3209 1333 3266 de
1361 3207 1572 3264 Christo
1594 3208 1644 3262 in
1671 3207 1840 3273 Novo,
1864 3222 1982 3276 qua:

390 3304 622 3358 maxime
650 3302 940 3357 ostendunt
981 3302 1218 3357 divinam
1247 3315 1367 3355 esse
1411 3308 1693 3367 utramque
1736 3298 1980 3367 Scriptu-

392 3410 527 3449 ram.
560 3392 616 3449 Si
662 3405 838 3447 autem
870 3403 992 3447 sunt
1020 3394 1215 3456 divina,
1264 3408 1383 3462 quae
1427 3392 1493 3446 de
1522 3391 1633 3445 Deo
1660 3390 1710 3443 in
1753 3405 1816 3444 ea
1843 3389 1981 3444 dicta

388 3493 532 3547 sunt,
563 3500 625 3540 ea
673 3500 796 3539 vera
841 3494 967 3538 sunt
1012 3484 1211 3539 omnia.
1243 3483 1321 3538 Ne
1364 3482 1544 3536 dubita
1591 3482 1746 3551 igitur
1774 3481 1841 3536 de
1893 3480 1983 3535 Dei

390 3575 746 3645 providentia,
776 3574 872 3630 sed
901 3576 1015 3645 ejus
1055 3590 1260 3641 curam,
1289 3589 1446 3642 quam
1475 3573 1633 3643 gerit,
1676 3572 1942 3626 admirare
1965 3614 1980 3640 ,

389 3669 532 3735 quod
560 3683 681 3722 cum
711 3670 814 3731 sint
839 3668 961 3723 boni
983 3677 1038 3723 et
1066 3668 1211 3732 mali,
1232 3668 1417 3722 orbem
1446 3674 1709 3720 terrarum
1738 3676 1792 3719 et
1815 3663 1981 3720 solem

388 3760 644 3815 omnibus
674 3760 953 3829 permittit,
985 3769 1039 3814 et
1082 3757 1332 3813 omnibus
1361 3757 1453 3811 dat
1501 3757 1723 3826 pluvias.
1758 3754 1910 3824 Quod
1941 3754 1984 3809 si

388 3850 519 3905 sinit
546 3850 755 3919 aliquos
781 3850 974 3919 degere
1001 3850 1052 3903 in
1083 3849 1421 3904 mendicitate
1450 3858 1503 3903 et
1532 3847 1729 3916 inapia,
1780 3847 1829 3899 id
1863 3846 1986 3900 facit

388 3951 449 3995 ut
476 3942 707 3994 animam
757 3942 963 3995 illorum
1009 3941 1259 4009 corrigat,
1306 3938 1578 4008 sapientia:
1609 3936 1983 3993 studiosiorem

388 4034 625 4087 anintam
657 4032 914 4087 efficiens.
963 4032 1122 4087 Scitis
1151 4032 1317 4098 enim,
1350 4031 1497 4085 scitis
1536 4040 1737 4100 aperte,
1776 4028 1985 4082 divitias

390 4125 610 4193 quidem
638 4124 702 4178 iis
720 4126 808 4193 qui
836 4139 939 4178 non
962 4123 1241 4178 attendunt
1264 4138 1383 4178 esse
1409 4122 1655 4175 vitiorum
1677 4120 1983 4184 ministras;

391 4227 758 4287 paupertatem
789 4226 965 4270 autem
1005 4224 1229 4270 matrem
1285 4213 1633 4282 jhilosophia:
1662 4229 1675 4265 :
1707 4227 1875 4279 eaque
1898 4225 1987 4266 res

394 4307 527 4374 ipsa:
553 4306 788 4360 indicant
814 4305 1071 4376 quotidie.
1113 4305 1253 4372 Quot
1284 4319 1542 4373 pauperes
1588 4310 1711 4357 sunt
1736 4300 1987 4357 divitibus

395 4397 793 4466 prudentiores,
841 4397 1115 4467 sapientiae
1157 4395 1500 4459 amantiores,
1555 4404 1609 4449 et
1649 4409 1872 4463 corpore
1902 4407 1990 4447 sa-

398 4491 615 4556 niores,
661 4505 783 4545 cum
834 4500 1119 4560 paupertas
1160 4491 1239 4543 eis
1289 4496 1341 4542 et
1385 4504 1601 4544 carnem
1651 4494 1706 4540 et
1753 4486 1986 4540 animam

394 4583 675 4653 corrigat?
703 4582 754 4638 9.
784 4582 852 4638 In
876 4584 1067 4653 pacein
1084 4584 1301 4655 idipsum
1322 4583 1570 4636 dormiam
1597 4590 1641 4635 et
1661 4582 1985 4651 requiescam.

397 4675 486 4730 10.
520 4675 769 4741 Quoniam
797 4684 869 4738 tn,
898 4673 1131 4737 Domine,
1156 4675 1477 4745 singulariter
1504 4674 1558 4727 in
1578 4688 1666 4741 spe
1690 4670 1988 4726 constituisti

398 4782 498 4817 me.
534 4766 670 4819 Ecce
707 4764 864 4818 aliam
911 4780 1016 4818 non
1050 4780 1261 4834 parvam
1310 4764 1544 4834 speciem
1594 4763 1940 4832 providentia:
1968 4799 1984 4826 ,

396 4857 541 4928 quod
589 4873 718 4926 pace
762 4857 1006 4911 fruantur
1049 4859 1137 4927 qui
1177 4866 1301 4910 sunt
1342 4858 1449 4910 Deo
1478 4854 1670 4909 addicti
1701 4870 1714 4908 :
1750 4851 1867 4906 Pax
1907 4862 1991 4907 est

398 4950 545 5003 enim
580 4948 904 5018 diligentibus
934 4951 1090 5018 legem
1119 4958 1279 5013 tuam,
1308 4957 1353 5000 et
1383 4963 1482 5000 non
1514 4956 1588 4999 est
1619 4947 1743 5016 ipsis
1770 4943 1988 5010 o/fendi-

397 5040 575 5093 culum
601 5038 764 5107 (Psal.
794 5040 916 5093 118.
949 5036 1096 5111 165).
1128 5038 1264 5093 Nihil
1290 5038 1431 5093 enim
1461 5052 1612 5106 a‘que
1640 5037 1777 5091 solet
1805 5049 1989 5106 pacem

395 5147 616 5202 parere,
646 5140 808 5201 atque
839 5132 928 5186 Dei
957 5132 1207 5201 cognitio,
1237 5140 1292 5185 ct
1318 5130 1527 5185 virtutis
1552 5128 1842 5199 possessio,
1873 5142 1991 5195 quze

398 5222 569 5277 animi
597 5222 1054 5292 perturbationum
1080 5223 1345 5278 interntnn
1390 5222 1587 5277 bellum
1619 5219 1778 5277 domo
1807 5217 1992 5288 procul

486 5379 540 5441 a)
572 5378 689 5427 Vide
710 5377 919 5428 Platonis
937 5376 1190 5441 Cratylum,
1214 5391 1263 5441 p.
1290 5376 1375 5426 401
1391 5389 1515 5441 sqq.

491 5436 704 5508 b')_cire2
721 5442 851 5508 διῇξε
874 5436 1091 5491 naturain
1110 5436 1351 5508 “dequae
1373 5436 1586 5508 diximus
1606 5436 1851 5497 Disqmsn.
1874 5445 1993 5508 prte-

402 5495 487 5551 via
504 5495 564 5550 a'd
590 5503 950 5564 Antiquitatem,
966 5562 972 5564 Α
991 5514 1180 5564 paragr.
1206 5495 1302 5561 IV;
1327 5500 1539 5550 maxime
1562 5509 1681 5547 vero
1703 5495 1811 5559 Qua:
1839 5510 1900 5544 ex
1923 5495 1994 5543 Ci-

402 5516 481 5551 vra
504 5515 564 5550 ao
590 5515 693 5551 Αιιῑδ
762 5515 950 5557 uatem,
991 5517 993 5521 τ

398 5576 587 5615 cerozte
608 5515 856 5613 atttii'iimus
877 5562 993 5612 ibid.

472 5626 544 5687 (ο)
578 5625 802 5688 Plerique
822 5632 1096 5673 Graecorum
1139 5622 1367 5672 dicebant
1406 5619 1671 5688 Apollinem
1693 5618 1823 5688 {ovis
1842 5616 1994 5688 filium

405 5679 805 5737 essc'SolemfAt
820 5698 916 5736 non
937 5688 1007 5735 sic
1028 5693 1261 5746 Homerus
1278 5692 1328 5734 et
1343 5679 1520 5746 νοεῖτε,
1539 5682 1622 5746 qui
1644 5679 1801 5746 Solem
1824 5680 1989 5746 distino

404 5756 564 5807 guunt
583 5749 643 5797 ab
661 5747 895 5811 Apolline.
914 5746 969 5798 in
989 5745 1118 5798 cultu
1141 5754 1302 5797 autem
1328 5739 1519 5807 publico
1541 5739 1646 5793 lucc
1667 5742 1861 5792 immitia
1884 5739 1956 5789 dis
1970 5762 1984 5775 -

407 5810 770 5874 timebantur.

1510 339 1873 397 EXPOSITIO
1911 338 1976 395 IN

2087 341 2342 399 unum
2380 343 2468 399 tv.
3002 305 3006 309 θ
3592 347 3678 405 se

2076 453 2239 524 qiicit,
2283 471 2382 512 nec
2426 457 2683 527 permittit
2710 466 2766 517 ut
2804 458 2963 515 homo
3004 475 3122 515 cum
3153 460 3331 530 seipso
3372 459 3685 516 seditiones»

2075 547 2260 615 agitet.
2302 545 2441 602 Sane
2467 549 2510 602 si
2551 546 2648 602 hac
2674 564 2806 618 pace
2834 563 2939 605 non
2981 549 3206 613 fruatur,
3234 550 3442 607 etiamsi
3471 550 3541 606 sit
3567 566 3664 605 ex-

2078 639 2340 695 trinsecus
2385 653 2594 694 summa
2646 656 2742 710 pax
2773 680 2789 707 ,
2832 641 3039 696 etiamsi
3099 642 3277 697 nullus
3326 657 3448 697 eum
3492 640 3677 703 hostis

2078 731 2312 797 invadat,
2337 741 2418 786 cst
2445 733 2684 787 otnniuut
2713 734 2800 803 qui
2831 734 2882 787 in
2911 743 3052 789 terra
3080 736 3456 806 impugnantur
3480 734 3681 789 πήξει-ο.
3720 791 3731 818 ε

2078 837 2263 876 ιίιιιιιε.

2154 912 2238 968 124
2272 912 2552 967 Swvissimi
2583 913 2750 969 hostes
2774 915 2959 969 anima:
2986 916 3300 970 immoderati
3342 914 3552 983 affectus
3577 930 3667 970 vo-

2078 1003 2307 1058 luntatis.
2338 1003 2555 1058 Invidia:
2574 1006 2818 1059 conditio.
2844 1036 2916 1047 —
2942 1006 3123 1077 Neque
3145 1008 3287 1062 enim
3312 1008 3547 1079 Scythm,
3571 1021 3670 1062 nec

2079 1096 2335 1162 Thraces,
2361 1113 2458 1151 nec
2481 1097 2759 1163 Sarmata;
2783 1114 2883 1153 nec
2910 1098 3045 1165 lndi,
3076 1113 3173 1153 nec
3202 1098 3387 1159 Mauri,
3411 1113 3512 1154 nec
3526 1113 3669 1167 quas

2078 1204 2307 1260 Cumque
2334 1200 2457 1245 sunt
2494 1190 2622 1246 ferte
2651 1200 2859 1261 gentes,
2907 1199 3015 1246 tam
3062 1201 3215 1246 atrox
3254 1190 3452 1245 bellum
3483 1203 3679 1261 gerere

2079 1282 2272 1342 solent,
2298 1297 2459 1352 quam
2488 1283 2685 1339 neraria
2714 1283 2984 1352 cogitatio,
3013 1299 3133 1353 qua:
3164 1293 3404 1336 versatur
3430 1282 3480 1336 in
3510 1297 3669 1350 pene—

2083 1373 2306 1428 tralibus
2331 1373 2515 1438 animi,
2547 1383 2602 1428 ct
2623 1375 2984 1443 intemperans
3014 1375 3199 1443 libido,
3226 1391 3377 1429 amor
3408 1375 3667 1444 pecuniae,

2083 1465 2334 1535 potentiae
2365 1465 2655 1521 vehemens
2687 1465 3046 1522 desiderium.
3074 1476 3233 1537 atque
3271 1480 3395 1536 erga
3437 1481 3524 1521 res
3569 1465 3669 1520 hu-

2082 1572 2267 1613 manas
2310 1557 2540 1614 all'ectio.
2590 1558 2659 1613 Et
2702 1560 2891 1613 merito
2934 1576 2947 1612 :
2991 1558 3117 1612 illud
3162 1557 3303 1613 enim
3348 1567 3429 1611 cst
3474 1557 3670 1612 bellum

2082 1659 2397 1716 externum,
2444 1650 2546 1705 hoc
2589 1666 2717 1705 vero
2764 1660 2845 1705 est
2893 1650 3159 1704 internum
3205 1649 3470 1721 prmlium.
3519 1648 3671 1715 Quod

2083 1752 2262 1797 autem
2287 1758 2406 1812 qua:
2435 1743 2577 1797 intus
2618 1752 2930 1807 nascuntur,
2962 1743 3071 1796 sint
3100 1741 3163 1796 iis
3196 1756 3314 1811 qua:
3343 1739 3675 1795 extrinsecus

2083 1832 2361 1901 invadunt,
2383 1833 2650 1905 gravium,
2674 1842 2727 1888 et
2744 1834 3013 1888 interitum
3039 1833 3209 1904 magis
3231 1832 3423 1888 atii-rre
3445 1831 3672 1897 soleant,

2086 1923 2188 1980 hoc
2210 1925 2328 1980 licet
2359 1924 2542 1979 videre
2568 1926 2620 1978 in
2652 1925 2921 1980 omnibus.
2952 1923 3163 1978 Etenim
3196 1932 3249 1978 et
3276 1923 3402 1994 ligni
3431 1932 3675 1977 naturam

2084 2017 2302 2081 vermis,
2341 2017 2431 2086 qui
2474 2026 2630 2072 natus
2658 2026 2741 2071 est
2770 2017 2934 2084 intus,
2965 2017 3132 2086 magis
3159 2017 3491 2086 corrumpit;
3535 2018 3676 2071 vires

2085 2120 2137 2161 et
2165 2109 2442 2162 Sanitatem
2473 2108 2734 2178 corporis,
2758 2107 2950 2172 morbi,
2981 2109 3069 2177 qui
3102 2108 3246 2162 intus
3277 2116 3627 2176 procreantur
3654 2148 3669 2167 .

2087 2200 2204 2270 plus
2249 2200 2469 2266 laedunt,
2515 2216 2674 2270 quant
2729 2200 2818 2269 qui
2870 2199 3201 2254 extrinsecus
3252 2198 3578 2263 adveniunt;
3625 2207 3680 2252 et

2085 2292 2330 2346 civitates
2367 2307 2474 2346 non
2507 2301 2610 2344 tam
2664 2291 2870 2345 extenti
2917 2290 3122 2365 hostes,
3152 2304 3310 2360 quam
3340 2288 3526 2343 civiles
3554 2303 3680 2357 pes-

2084 2383 2338 2439 sumdant
2365 2400 2379 2436 :
2413 2382 2481 2435 ita
2512 2383 2670 2437 etiam
2713 2383 2904 2436 animae
2944 2398 3049 2436 non
3079 2392 3185 2435 tam
3213 2391 3451 2436 externae
3476 2394 3595 2450 quae
3625 2379 3676 2432 in

2085 2492 2201 2530 eam
2232 2474 2485 2529 invadunt
2516 2473 2959 2540 machinationes,
2989 2489 3149 2544 quam
3176 2488 3295 2542 quae
3318 2472 3462 2527 intus
3497 2471 3680 2525 oriun-

2088 2580 2173 2624 tnr
2202 2570 2566 2640 aegritudines,
2610 2569 2897 2639 perniciem
2947 2568 3198 2624 aﬂ'erunt.
3227 2567 3330 2623 Sed
3379 2568 3422 2622 si
3467 2567 3586 2637 quis
3612 2567 3680 2620 ti-

2089 2678 2295 2716 morem
2322 2662 2417 2716 Dei
2448 2661 2676 2726 habens,
2702 2660 2804 2716 hoc
2830 2660 3028 2716 bellum
3057 2659 3290 2729 perfecte
3318 2658 3603 2724 sedaverit,
3625 2666 3681 2713 et

2089 2754 2517 2825 perturbationes
2566 2753 2729 2807 animi
2792 2752 3188 2822 composuerit,
3234 2763 3288 2804 et
3336 2750 3511 2804 varias
3565 2749 3679 2805 illas

2086 2846 2451 2916 improborum
2521 2845 2899 2915 cogitationum
2963 2843 3169 2900 belluas
3219 2840 3521 2905 sulTocans,
3572 2855 3677 2894 non

2086 2938 2395 3011 permiserit
2441 2947 2497 2993 ut
2546 2938 2600 2993 in
2644 2937 2811 2991 antris
2841 2936 3181 3000 delitescant,
3228 2933 3276 2988 is
3315 2932 3595 3004 purissima
3626 2942 3682 2985 et

2087 3031 2344 3086 altissima
2374 3044 2503 3100 pace
2547 3029 2770 3083 fruetur.
2806 3026 2952 3081 Hanc
2982 3039 3166 3096 pacem
3195 3025 3434 3079 Christus
3460 3023 3680 3078 veniens

2089 3123 2306 3192 largitus
2335 3131 2451 3187 est;
2499 3120 2637 3174 hanc
2682 3120 2844 3173 etiam
2874 3118 3069 3173 Paulus
3110 3125 3356 3187 precatus
3399 3125 3480 3169 est
3508 3113 3678 3168 fideli-

2088 3216 2207 3279 bus,
2237 3214 2422 3270 dicens
2451 3213 2502 3267 in
2548 3210 2771 3282 singulis
2797 3210 3039 3280 epistolis
3070 3227 3083 3263 :
3118 3208 3294 3263 Gratia
3336 3207 3473 3261 vobis
3498 3214 3543 3259 et
3573 3220 3674 3275 pax

2088 3324 2120 3360 a
2154 3305 2257 3360 Deo
2284 3304 2438 3358 Patre
2461 3313 2651 3357 nostra.
2682 3301 2781 3368 Qui
2811 3300 2951 3355 hanc
2979 3301 3122 3354 enim
3155 3299 3315 3353 habet
3340 3313 3547 3367 parem,
3573 3312 3677 3349 non

2088 3400 2259 3454 Solum
2292 3397 2575 3453 barbarum
2617 3404 2671 3450 et
2720 3394 2929 3449 hostem
2953 3435 2966 3456 ,
3000 3392 3094 3449 sed
3144 3408 3212 3446 ne
3258 3393 3428 3461 ipsum
3461 3389 3676 3460 quidem

2089 3493 2356 3547 diabolum
2388 3488 2725 3553 extimescit;
2756 3486 2849 3542 sed
2879 3486 3183 3540 universam
3211 3482 3351 3538 ridet
3374 3481 3678 3537 da‘tnonum

2089 3586 2430 3655 phalangem,
2472 3591 2523 3636 et
2563 3591 2646 3636 est
2695 3581 2945 3634 omnibus
2983 3577 3288 3633 hominibus
3331 3575 3576 3636 alacrior,
3622 3581 3681 3627 ut

2088 3678 2178 3748 qui
2209 3692 2313 3730 non
2343 3681 2656 3746 paupertate
2683 3682 2976 3743 prematur,
3008 3688 3112 3726 non
3148 3670 3337 3725 morbo
3377 3678 3429 3724 ct
3457 3668 3679 3722 adversa

2093 3765 2398 3822 valetudine
2422 3773 2691 3835 gravetur,
2721 3778 2827 3818 non
2857 3763 3038 3830 aliquo
3074 3775 3258 3816 eorum
3290 3775 3406 3831 quae
3438 3758 3680 3812 Immani-

2093 3870 2177 3915 tus
2203 3858 2475 3928 inopinato
2498 3856 2746 3911 accidunt
2770 3857 3133 3925 perturbetur,
3161 3869 3226 3909 eo
3252 3853 3390 3922 quod
3414 3853 3678 3907 valentem

2092 3961 2145 4007 et
2174 3966 2357 4005 Sanam
2392 3949 2586 4003 haheat
2613 3947 2867 4013 animam,
2897 3962 3013 4016 qua:
3043 3945 3158 3999 haec
3203 3952 3383 4015 potest
3426 3942 3680 4012 pra-clare

2090 4055 2143 4101 et
2186 4044 2431 4097 facillime
2461 4041 2836 4095 administrare
2876 4053 2940 4094 ac
2982 4046 3301 4107 temperare.
3330 4037 3474 4091 Etnt
3499 4034 3679 4087 sciatis

2094 4136 2195 4192 hoc
2222 4151 2343 4190 esse
2366 4149 2548 4187 verum
2584 4150 2596 4183 :
2625 4133 2695 4186 sit
2721 4132 2915 4201 aliquis
2936 4130 3167 4195 invidus,
3201 4137 3255 4183 et
3284 4142 3439 4181 nemo
3469 4141 3587 4180 cum
3615 4140 3680 4179 co

2091 4229 2288 4286 bellum
2317 4234 2500 4297 gerat;
2533 4226 2660 4296 quid
2685 4224 2874 4295 juvat?
2903 4223 3019 4293 Ipse
3045 4223 3188 4277 enim
3220 4236 3340 4276 cum
3371 4219 3546 4289 seipso
3569 4217 3681 4272 bel-

2094 4321 2201 4375 lnnt
2232 4319 2388 4391 gerit,
2413 4318 2603 4389 quovis
2632 4332 2761 4370 ense
2790 4313 3225 4385 penetrabiliores
3250 4312 3301 4364 in
3325 4326 3382 4364 se
3406 4309 3681 4379 cogitatio-

2038 4454 2041 4457 -
2091 4430 2189 4470 nes
2217 4428 2434 4478 acuens,
2468 4412 2522 4466 in
2550 4410 2797 4465 onmibus
2816 4424 2935 4478 qua:
2959 4406 3205 4461 videntur
3225 4403 3522 4467 oﬂ'endens,
3547 4409 3603 4455 et
3626 4400 3679 4454 in

2093 4506 2316 4576 singulis
2343 4505 2430 4574 qui
2477 4512 2766 4556 occurrunt
2796 4497 3098 4553 hominibus
3137 4494 3370 4565 seipsum
3414 4491 3676 4554 saucians,

2095 4599 2145 4653 in
2194 4596 2394 4651 nullum
2448 4592 2706 4647 benevolo
2748 4597 2805 4645 et
2846 4596 2998 4659 grato
3041 4587 3220 4667 animo
3267 4582 3555 4653 prarditus,
3583 4579 3679 4634 sed

2093 4704 2289 4743 omnes
2314 4687 2431 4741 illos
2478 4694 2746 4753 tamquam
2796 4680 2978 4734 hostes
3009 4678 3239 4732 intuens.
3273 4675 3402 4742 Quae
3445 4680 3681 4741 estergo

2096 4781 2169 4836 illi
2196 4780 2338 4849 pacis
2366 4786 2602 4832 externae
2631 4774 2850 4839 utilitas,
2880 4770 3095 4841 quando
3136 4770 3223 4822 ille
3249 4768 3432 4822 furens
3456 4773 3509 4818 et
3535 4761 3683 4818 rabie

2095 4875 2350 4944 percitus,
2393 4860 2455 4925 et'
2484 4866 2785 4923 communis
2824 4876 3028 4919 natura:
3069 4861 3234 4916 hostis
3264 4858 3680 4920 circumcursat,

2097 4978 2300 5024 tantum
2345 4966 2610 5020 internum
2650 4961 2847 5017 bellum
2893 4970 3127 5029 gestans,
3171 4963 3226 5009 et
3272 4952 3417 5006 mille
3461 4949 3578 5003 telis
3621 4960 3685 5000 ac

2096 5060 2299 5132 sagittis
2338 5056 2569 5121 confodi,
2615 5063 2774 5124 atque
2819 5052 2954 5107 adeo
2999 5047 3172 5119 potius
3219 5044 3412 5099 millies
3454 5047 3683 5094 mortem

2098 5155 2204 5227 pati
2231 5160 2442 5223 optans,
2472 5164 2629 5219 quam
2661 5146 2843 5200 videre
2890 5141 3192 5213 quempiam
3221 5153 3284 5191 ex
3330 5135 3415 5199 iis,
3443 5131 3531 5203 qui
3562 5139 3682 5184 sunt

2096 5225 2335 5313 ejusdem
2381 5239 2612 5311 generis,
2664 5238 2715 5291 itt
2764 5236 2903 5290 bona
2956 5247 3076 5289 esse
3125 5225 3549 5284 existimatione.
3595 5229 3687 5274 aut

2098 5312 2305 5390 felicius
2330 5329 2524 5402 agere?
2554 5330 2819 5383 Tencatur
2848 5337 3032 5379 rursus
3054 5320 3187 5375 alius
3218 5317 3454 5388 pecuniae
3480 5312 3685 5383 cupidi-

2099 5435 2225 5488 tate,
2277 5424 2549 5477 innumera
2594 5416 2753 5479 bella,
2801 5427 3037 5485 pugnas,
3082 5420 3135 5465 et
3176 5407 3462 5463 seditiones
3492 5405 3541 5459 in
3590 5418 3686 5458 sua

2098 5515 2295 5571 Cottﬂul
2313 5516 2489 5568 anima
2516 5530 2529 5565 :
2552 5521 2607 5566 et
2623 5509 2846 5564 tumultu
2867 5522 2930 5562 ac
2951 5502 3349 5577 perturbatione
3369 5499 3687 5571 exagitatus,

2099 5625 2167 5664 ne
2198 5615 2370 5676 potest
2396 5602 2608 5670 quidem
2653 5599 2923 5669 paululum
2969 5595 3346 5667 respirare.At
3384 5606 3492 5646 non
3522 5590 3567 5644 is
3596 5583 3686 5657 qui

2099 5709 2183 5755 est
2224 5697 2355 5752 liber
2400 5695 2467 5749 ab
2509 5690 2769 5762 ejusmodi
2828 5685 3332 5757 perturbationibus,
3379 5681 3481 5735 hoc
3528 5677 3688 5731 modo

2106 5789 2325 5845 allectus
2354 5780 2436 5843 est
2464 5804 2477 5840 :
2505 5785 2599 5841 scd
2631 5782 2683 5839 in
2715 5779 2999 5853 tranquillo
3041 5789 3196 5850 portu
3239 5775 3410 5843 sedet,
3440 5785 3500 5827 se
3528 5767 3684 5825 studii
