  <div class='ocr_page' id='page_1' title='image "/cluster/home/n/w/nwhite01/storage/ocr_20150623/55:no.5/coo.31924054869551/051.png"; bbox 0 0 4106 6412; ppageno 0'>
   <div class='ocr_carea' id='block_1_1' title="bbox 436 336 3733 405">
    <p class='ocr_par' dir='ltr' id='par_1_1' title="bbox 436 336 3733 405">
     <span class='ocr_line' id='line_1_1' title="bbox 436 336 3733 405; baseline 0.004 -13"><span class='ocrx_word' id='word_1_1' title='bbox 436 338 504 392; x_wconf 81' lang='lat'><strong>59</strong></span> <span class='ocrx_word' id='word_1_2' title='bbox 1171 337 1232 393; x_wconf 89' lang='lat' dir='ltr'><strong>S.</strong></span> <span class='ocrx_word' id='word_1_3' title='bbox 1260 336 1541 394; x_wconf 68' lang='lat' dir='ltr'><strong>JOANNIS</strong></span> <span class='ocrx_word' id='word_1_4' title='bbox 1578 337 2056 395; x_wconf 65' lang='lat' dir='ltr'><strong>CllllYSOSTOMI</strong></span> <span class='ocrx_word' id='word_1_5' title='bbox 2099 338 2416 398; x_wconf 77' lang='lat' dir='ltr'><strong>AllClllEP.</strong></span> <span class='ocrx_word' id='word_1_6' title='bbox 2446 343 2986 402; x_wconf 71' lang='lat' dir='ltr'><strong>CONSTANTINOP.</strong></span> <span class='ocrx_word' id='word_1_7' title='bbox 3664 347 3733 405; x_wconf 82' lang='lat'><strong>60</strong></span> 
     </span>
    </p>
   </div>
   <div class='ocr_carea' id='block_1_2' title="bbox 429 448 2026 522">
    <p class='ocr_par' dir='ltr' id='par_1_2' title="bbox 429 448 2026 522">
     <span class='ocr_line' id='line_1_2' title="bbox 429 448 2026 522; baseline 0.004 -20"><span class='ocrx_word' id='word_1_8' title='bbox 429 448 706 519; x_wconf 66' lang='lat' dir='ltr'><strong>sapientiae</strong></span> <span class='ocrx_word' id='word_1_9' title='bbox 755 448 1111 520; x_wconf 68' lang='lat' dir='ltr'><strong>voluptatibus</strong></span> <span class='ocrx_word' id='word_1_10' title='bbox 1145 450 1403 520; x_wconf 78' lang='lat' dir='ltr'><strong>explens,</strong></span> <span class='ocrx_word' id='word_1_11' title='bbox 1432 458 1487 506; x_wconf 88' lang='lat' dir='ltr'><strong>et</strong></span> <span class='ocrx_word' id='word_1_12' title='bbox 1525 451 1720 507; x_wconf 76' lang='lat' dir='ltr'><strong>nullam</strong></span> <span class='ocrx_word' id='word_1_13' title='bbox 1764 450 2026 522; x_wconf 82' lang='lat' dir='ltr'><strong>ejusmodi</strong></span> 
     </span>
    </p>
   </div>
   <div class='ocr_carea' id='block_1_3' title="bbox 433 540 2027 614">
    <p class='ocr_par' dir='ltr' id='par_1_3' title="bbox 433 540 2027 614">
     <span class='ocr_line' id='line_1_3' title="bbox 433 540 2027 614; baseline 0.001 -19"><span class='ocrx_word' id='word_1_14' title='bbox 433 542 732 597; x_wconf 79' lang='lat' dir='ltr'><strong>molestiam</strong></span> <span class='ocrx_word' id='word_1_15' title='bbox 764 543 1052 598; x_wconf 75' lang='lat' dir='ltr'><strong>sustinens.</strong></span> <span class='ocrx_word' id='word_1_16' title='bbox 1084 540 1345 608; x_wconf 83' lang='lat' dir='ltr'><strong>Quocirca</strong></span> <span class='ocrx_word' id='word_1_17' title='bbox 1374 541 1474 598; x_wconf 91' lang='lat' dir='ltr'><strong>hac</strong></span> <span class='ocrx_word' id='word_1_18' title='bbox 1498 559 1711 614; x_wconf 87' lang='lat' dir='ltr'><strong>qttoque</strong></span> <span class='ocrx_word' id='word_1_19' title='bbox 1742 543 2027 614; x_wconf 80' lang='lat' dir='ltr'><strong>providen-</strong></span> 
     </span>
    </p>
   </div>
   <div class='ocr_carea' id='block_1_4' title="bbox 432 637 2030 711">
    <p class='ocr_par' dir='ltr' id='par_1_4' title="bbox 432 637 2030 711">
     <span class='ocr_line' id='line_1_4' title="bbox 432 637 2030 711; baseline 0.001 -19"><span class='ocrx_word' id='word_1_20' title='bbox 432 639 500 692; x_wconf 87' lang='lat' dir='ltr'><strong>tia</strong></span> <span class='ocrx_word' id='word_1_21' title='bbox 548 637 729 695; x_wconf 84' lang='lat' dir='ltr'><strong>fruens</strong></span> <span class='ocrx_word' id='word_1_22' title='bbox 760 640 1013 709; x_wconf 88' lang='lat' dir='ltr'><strong>propheta</strong></span> <span class='ocrx_word' id='word_1_23' title='bbox 1051 639 1259 695; x_wconf 87' lang='lat' dir='ltr'><strong>dicebat</strong></span> <span class='ocrx_word' id='word_1_24' title='bbox 1287 657 1301 694; x_wconf 89' lang='lat'><strong>:</strong></span> <span class='ocrx_word' id='word_1_25' title='bbox 1337 639 1401 693; x_wconf 89' lang='lat' dir='ltr'><strong>In</strong></span> <span class='ocrx_word' id='word_1_26' title='bbox 1437 656 1561 711; x_wconf 79' lang='lat' dir='ltr'><strong>pare</strong></span> <span class='ocrx_word' id='word_1_27' title='bbox 1586 642 1637 694; x_wconf 87' lang='lat' dir='ltr'><strong>in</strong></span> <span class='ocrx_word' id='word_1_28' title='bbox 1664 641 1887 710; x_wconf 83' lang='lat' dir='ltr'><strong>idipsum</strong></span> <span class='ocrx_word' id='word_1_29' title='bbox 1909 640 2030 695; x_wconf 87' lang='lat' dir='ltr'><strong>dor-</strong></span> 
     </span>
    </p>
   </div>
   <div class='ocr_carea' id='block_1_5' title="bbox 432 730 2030 802">
    <p class='ocr_par' dir='ltr' id='par_1_5' title="bbox 432 730 2030 802">
     <span class='ocr_line' id='line_1_5' title="bbox 432 730 2030 802; baseline 0.004 -21"><span class='ocrx_word' id='word_1_30' title='bbox 432 731 586 783; x_wconf 85' lang='lat' dir='ltr'><strong>miam</strong></span> <span class='ocrx_word' id='word_1_31' title='bbox 612 740 658 784; x_wconf 83' lang='lat' dir='ltr'><strong>et</strong></span> <span class='ocrx_word' id='word_1_32' title='bbox 684 732 1025 800; x_wconf 73' lang='lat' dir='ltr'><strong>requiescam;</strong></span> <span class='ocrx_word' id='word_1_33' title='bbox 1054 732 1302 797; x_wconf 89' lang='lat' dir='ltr'><strong>inttneus,</strong></span> <span class='ocrx_word' id='word_1_34' title='bbox 1332 731 1378 786; x_wconf 90' lang='lat' dir='ltr'><strong>ei</strong></span> <span class='ocrx_word' id='word_1_35' title='bbox 1411 730 1500 802; x_wconf 85' lang='lat' dir='ltr'><strong>qui</strong></span> <span class='ocrx_word' id='word_1_36' title='bbox 1550 731 1689 786; x_wconf 90' lang='lat' dir='ltr'><strong>hanc</strong></span> <span class='ocrx_word' id='word_1_37' title='bbox 1734 748 1837 785; x_wconf 91' lang='lat' dir='ltr'><strong>non</strong></span> <span class='ocrx_word' id='word_1_38' title='bbox 1868 730 2030 787; x_wconf 82' lang='lat' dir='ltr'><strong>habet</strong></span> 
     </span>
    </p>
   </div>
   <div class='ocr_carea' id='block_1_6' title="bbox 434 823 2031 893">
    <p class='ocr_par' dir='ltr' id='par_1_6' title="bbox 434 823 2031 893">
     <span class='ocr_line' id='line_1_6' title="bbox 434 823 2031 893; baseline 0.003 -18"><span class='ocrx_word' id='word_1_39' title='bbox 434 837 638 891; x_wconf 81' lang='lat' dir='ltr'><strong>pacem,</strong></span> <span class='ocrx_word' id='word_1_40' title='bbox 670 837 736 877; x_wconf 91' lang='lat' dir='ltr'><strong>ne</strong></span> <span class='ocrx_word' id='word_1_41' title='bbox 778 838 1115 877; x_wconf 91' lang='lat' dir='ltr'><strong>communem</strong></span> <span class='ocrx_word' id='word_1_42' title='bbox 1145 823 1359 893; x_wconf 86' lang='lat' dir='ltr'><strong>quidem</strong></span> <span class='ocrx_word' id='word_1_43' title='bbox 1403 824 1641 877; x_wconf 90' lang='lat' dir='ltr'><strong>omnium</strong></span> <span class='ocrx_word' id='word_1_44' title='bbox 1674 835 1880 893; x_wconf 81' lang='lat' dir='ltr'><strong>portum</strong></span> <span class='ocrx_word' id='word_1_45' title='bbox 1911 838 2031 880; x_wconf 87' lang='lat' dir='ltr'><strong>esse</strong></span> 
     </span>
    </p>
   </div>
   <div class='ocr_carea' id='block_1_7' title="bbox 431 913 2032 985">
    <p class='ocr_par' dir='ltr' id='par_1_7' title="bbox 431 913 2032 985">
     <span class='ocr_line' id='line_1_7' title="bbox 431 913 2032 985; baseline 0.003 -20"><span class='ocrx_word' id='word_1_46' title='bbox 431 923 693 982; x_wconf 83' lang='lat' dir='ltr'><strong>apertum,</strong></span> <span class='ocrx_word' id='word_1_47' title='bbox 743 913 838 967; x_wconf 90' lang='lat' dir='ltr'><strong>sed</strong></span> <span class='ocrx_word' id='word_1_48' title='bbox 882 913 1027 968; x_wconf 88' lang='lat' dir='ltr'><strong>illum</strong></span> <span class='ocrx_word' id='word_1_49' title='bbox 1060 929 1272 984; x_wconf 88' lang='lat' dir='ltr'><strong>quoque</strong></span> <span class='ocrx_word' id='word_1_50' title='bbox 1310 915 1641 969; x_wconf 89' lang='lat' dir='ltr'><strong>obstructum</strong></span> <span class='ocrx_word' id='word_1_51' title='bbox 1668 929 1807 978; x_wconf 85' lang='lat' dir='ltr'><strong>esse,</strong></span> <span class='ocrx_word' id='word_1_52' title='bbox 1838 928 2032 985; x_wconf 82' lang='lat' dir='ltr'><strong>nempe</strong></span> 
     </span>
    </p>
   </div>
   <div class='ocr_carea' id='block_1_8' title="bbox 431 1004 2032 1077">
    <p class='ocr_par' dir='ltr' id='par_1_8' title="bbox 431 1004 2032 1077">
     <span class='ocr_line' id='line_1_8' title="bbox 431 1004 2032 1077; baseline 0.004 -20"><span class='ocrx_word' id='word_1_53' title='bbox 431 1004 626 1074; x_wconf 61' lang='lat' dir='ltr'><strong>quinis</strong></span> <span class='ocrx_word' id='word_1_54' title='bbox 688 1014 743 1061; x_wconf 84' lang='lat' dir='ltr'><strong>et</strong></span> <span class='ocrx_word' id='word_1_55' title='bbox 791 1006 985 1061; x_wconf 86' lang='lat' dir='ltr'><strong>noctis.</strong></span> <span class='ocrx_word' id='word_1_56' title='bbox 1039 1006 1353 1076; x_wconf 80' lang='lat' dir='ltr'><strong>llujnsmodi</strong></span> <span class='ocrx_word' id='word_1_57' title='bbox 1410 1008 1551 1062; x_wconf 89' lang='lat' dir='ltr'><strong>enim</strong></span> <span class='ocrx_word' id='word_1_58' title='bbox 1608 1007 2032 1077; x_wconf 65' lang='lat' dir='ltr'><strong>[erturbationes</strong></span> 
     </span>
    </p>
   </div>
   <div class='ocr_carea' id='block_1_9' title="bbox 430 1096 2028 1169">
    <p class='ocr_par' dir='ltr' id='par_1_9' title="bbox 430 1096 2028 1169">
     <span class='ocr_line' id='line_1_9' title="bbox 430 1096 2028 1169; baseline 0 -18"><span class='ocrx_word' id='word_1_59' title='bbox 430 1097 588 1152; x_wconf 85' lang='lat' dir='ltr'><strong>etiam</strong></span> <span class='ocrx_word' id='word_1_60' title='bbox 619 1113 737 1153; x_wconf 86' lang='lat' dir='ltr'><strong>eam</strong></span> <span class='ocrx_word' id='word_1_61' title='bbox 764 1113 883 1169; x_wconf 64' lang='lat' dir='ltr'><strong>qua!</strong></span> <span class='ocrx_word' id='word_1_62' title='bbox 909 1114 939 1153; x_wconf 88' lang='lat' dir='ltr'><strong>a</strong></span> <span class='ocrx_word' id='word_1_63' title='bbox 970 1108 1156 1152; x_wconf 87' lang='lat' dir='ltr'><strong>natura</strong></span> <span class='ocrx_word' id='word_1_64' title='bbox 1185 1096 1341 1152; x_wconf 89' lang='lat' dir='ltr'><strong>datur</strong></span> <span class='ocrx_word' id='word_1_65' title='bbox 1359 1101 1699 1154; x_wconf 80' lang='lat' dir='ltr'><strong>securitatem</strong></span> <span class='ocrx_word' id='word_1_66' title='bbox 1726 1097 2028 1168; x_wconf 83' lang='lat' dir='ltr'><strong>proﬂigant,</strong></span> 
     </span>
    </p>
   </div>
   <div class='ocr_carea' id='block_1_10' title="bbox 433 1191 2032 1263">
    <p class='ocr_par' dir='ltr' id='par_1_10' title="bbox 433 1191 2032 1263">
     <span class='ocr_line' id='line_1_10' title="bbox 433 1191 2032 1263; baseline 0.003 -21"><span class='ocrx_word' id='word_1_67' title='bbox 433 1191 537 1244; x_wconf 89' lang='lat' dir='ltr'><strong>alia</strong></span> <span class='ocrx_word' id='word_1_68' title='bbox 585 1191 822 1261; x_wconf 74' lang='lat' dir='ltr'><strong>graviori</strong></span> <span class='ocrx_word' id='word_1_69' title='bbox 869 1191 1150 1263; x_wconf 87' lang='lat' dir='ltr'><strong>tyrannide</strong></span> <span class='ocrx_word' id='word_1_70' title='bbox 1197 1193 1369 1246; x_wconf 84' lang='lat' dir='ltr'><strong>somni</strong></span> <span class='ocrx_word' id='word_1_71' title='bbox 1430 1191 1762 1263; x_wconf 79' lang='lat' dir='ltr'><strong>tyrannidem</strong></span> <span class='ocrx_word' id='word_1_72' title='bbox 1814 1193 2032 1246; x_wconf 85' lang='lat' dir='ltr'><strong>omnino</strong></span> 
     </span>
    </p>
   </div>
   <div class='ocr_carea' id='block_1_11' title="bbox 429 1282 2030 1356">
    <p class='ocr_par' dir='ltr' id='par_1_11' title="bbox 429 1282 2030 1356">
     <span class='ocr_line' id='line_1_11' title="bbox 429 1282 2030 1356; baseline 0.002 -20"><span class='ocrx_word' id='word_1_73' title='bbox 429 1282 798 1339; x_wconf 73' lang='lat' dir='ltr'><strong>«lt-turbantes.</strong></span> <span class='ocrx_word' id='word_1_74' title='bbox 824 1283 988 1339; x_wconf 73' lang='lat' dir='ltr'><strong>Invidi</strong></span> <span class='ocrx_word' id='word_1_75' title='bbox 1010 1284 1177 1353; x_wconf 84' lang='lat' dir='ltr'><strong>enim,</strong></span> <span class='ocrx_word' id='word_1_76' title='bbox 1197 1286 1341 1340; x_wconf 84' lang='lat' dir='ltr'><strong>avari</strong></span> <span class='ocrx_word' id='word_1_77' title='bbox 1362 1297 1415 1340; x_wconf 86' lang='lat' dir='ltr'><strong>et</strong></span> <span class='ocrx_word' id='word_1_78' title='bbox 1434 1298 1693 1356; x_wconf 49' lang='lat' dir='ltr'><strong>raptores.</strong></span> <span class='ocrx_word' id='word_1_79' title='bbox 1714 1286 1814 1340; x_wconf 89' lang='lat' dir='ltr'><strong>hoc</strong></span> <span class='ocrx_word' id='word_1_80' title='bbox 1837 1286 2030 1341; x_wconf 90' lang='lat' dir='ltr'><strong>bellum</strong></span> 
     </span>
    </p>
   </div>
   <div class='ocr_carea' id='block_1_12' title="bbox 432 1376 2034 1451">
    <p class='ocr_par' dir='ltr' id='par_1_12' title="bbox 432 1376 2034 1451">
     <span class='ocr_line' id='line_1_12' title="bbox 432 1376 2034 1451; baseline 0.005 -23"><span class='ocrx_word' id='word_1_81' title='bbox 432 1376 666 1447; x_wconf 87' lang='lat' dir='ltr'><strong>undique</strong></span> <span class='ocrx_word' id='word_1_82' title='bbox 719 1378 1160 1435; x_wconf 76' lang='lat' dir='ltr'><strong>circumferentes</strong></span> <span class='ocrx_word' id='word_1_83' title='bbox 1189 1421 1204 1447; x_wconf 91' lang='lat'><strong>,</strong></span> <span class='ocrx_word' id='word_1_84' title='bbox 1257 1391 1309 1434; x_wconf 89' lang='lat' dir='ltr'><strong>et</strong></span> <span class='ocrx_word' id='word_1_85' title='bbox 1355 1380 1497 1434; x_wconf 90' lang='lat' dir='ltr'><strong>intus</strong></span> <span class='ocrx_word' id='word_1_86' title='bbox 1540 1380 1743 1451; x_wconf 89' lang='lat' dir='ltr'><strong>positos</strong></span> <span class='ocrx_word' id='word_1_87' title='bbox 1790 1380 2034 1436; x_wconf 83' lang='lat' dir='ltr'><strong>inimicos</strong></span> 
     </span>
    </p>
   </div>
   <div class='ocr_carea' id='block_1_13' title="bbox 436 1468 2034 1543">
    <p class='ocr_par' dir='ltr' id='par_1_13' title="bbox 436 1468 2034 1543">
     <span class='ocr_line' id='line_1_13' title="bbox 436 1468 2034 1543; baseline 0.005 -24"><span class='ocrx_word' id='word_1_88' title='bbox 436 1468 718 1535; x_wconf 85' lang='lat' dir='ltr'><strong>habentes,</strong></span> <span class='ocrx_word' id='word_1_89' title='bbox 765 1486 1103 1542; x_wconf 81' lang='lat' dir='ltr'><strong>quocumque</strong></span> <span class='ocrx_word' id='word_1_90' title='bbox 1149 1472 1486 1537; x_wconf 73' lang='lat' dir='ltr'><strong>recesset-int,</strong></span> <span class='ocrx_word' id='word_1_91' title='bbox 1517 1488 1745 1543; x_wconf 86' lang='lat' dir='ltr'><strong>pugnam</strong></span> <span class='ocrx_word' id='word_1_92' title='bbox 1775 1488 1881 1526; x_wconf 89' lang='lat' dir='ltr'><strong>non</strong></span> <span class='ocrx_word' id='word_1_93' title='bbox 1906 1488 2034 1543; x_wconf 82' lang='lat' dir='ltr'><strong>pos-</strong></span> 
     </span>
    </p>
   </div>
   <div class='ocr_carea' id='block_1_14' title="bbox 430 1558 2034 1632">
    <p class='ocr_par' dir='ltr' id='par_1_14' title="bbox 430 1558 2034 1632">
     <span class='ocr_line' id='line_1_14' title="bbox 430 1558 2034 1632; baseline 0.006 -20"><span class='ocrx_word' id='word_1_94' title='bbox 430 1567 554 1612; x_wconf 79' lang='lat' dir='ltr'><strong>sunt</strong></span> <span class='ocrx_word' id='word_1_95' title='bbox 581 1558 816 1632; x_wconf 78' lang='lat' dir='ltr'><strong>effugere</strong></span> <span class='ocrx_word' id='word_1_96' title='bbox 845 1579 859 1616; x_wconf 90' lang='lat'><strong>:</strong></span> <span class='ocrx_word' id='word_1_97' title='bbox 891 1563 988 1618; x_wconf 88' lang='lat' dir='ltr'><strong>sed</strong></span> <span class='ocrx_word' id='word_1_98' title='bbox 1032 1564 1133 1619; x_wconf 89' lang='lat' dir='ltr'><strong>etsi</strong></span> <span class='ocrx_word' id='word_1_99' title='bbox 1164 1563 1308 1618; x_wconf 87' lang='lat' dir='ltr'><strong>domi</strong></span> <span class='ocrx_word' id='word_1_100' title='bbox 1358 1574 1639 1628; x_wconf 88' lang='lat' dir='ltr'><strong>maneant,</strong></span> <span class='ocrx_word' id='word_1_101' title='bbox 1670 1566 1771 1619; x_wconf 84' lang='lat' dir='ltr'><strong>etsi</strong></span> <span class='ocrx_word' id='word_1_102' title='bbox 1803 1565 1854 1618; x_wconf 95' lang='lat' dir='ltr'><strong>in</strong></span> <span class='ocrx_word' id='word_1_103' title='bbox 1897 1566 2034 1621; x_wconf 89' lang='lat' dir='ltr'><strong>lecto</strong></span> 
     </span>
    </p>
   </div>
   <div class='ocr_carea' id='block_1_15' title="bbox 430 1650 2030 1722">
    <p class='ocr_par' dir='ltr' id='par_1_15' title="bbox 430 1650 2030 1722">
     <span class='ocr_line' id='line_1_15' title="bbox 430 1650 2030 1722; baseline 0.004 -18"><span class='ocrx_word' id='word_1_104' title='bbox 430 1650 661 1720; x_wconf 77' lang='lat' dir='ltr'><strong>iaceant,</strong></span> <span class='ocrx_word' id='word_1_105' title='bbox 692 1655 918 1711; x_wconf 86' lang='lat' dir='ltr'><strong>telorum</strong></span> <span class='ocrx_word' id='word_1_106' title='bbox 962 1656 1161 1722; x_wconf 88' lang='lat' dir='ltr'><strong>nubes,</strong></span> <span class='ocrx_word' id='word_1_107' title='bbox 1191 1668 1243 1712; x_wconf 92' lang='lat' dir='ltr'><strong>et</strong></span> <span class='ocrx_word' id='word_1_108' title='bbox 1273 1659 1525 1713; x_wconf 90' lang='lat' dir='ltr'><strong>tumultus</strong></span> <span class='ocrx_word' id='word_1_109' title='bbox 1573 1658 1725 1712; x_wconf 86' lang='lat' dir='ltr'><strong>undis</strong></span> <span class='ocrx_word' id='word_1_110' title='bbox 1752 1658 2030 1713; x_wconf 81' lang='lat' dir='ltr'><strong>violentio-</strong></span> 
     </span>
    </p>
   </div>
   <div class='ocr_carea' id='block_1_16' title="bbox 435 1745 2032 1819">
    <p class='ocr_par' dir='ltr' id='par_1_16' title="bbox 435 1745 2032 1819">
     <span class='ocr_line' id='line_1_16' title="bbox 435 1745 2032 1819; baseline 0.003 -23"><span class='ocrx_word' id='word_1_111' title='bbox 435 1758 544 1810; x_wconf 88' lang='lat' dir='ltr'><strong>res,</strong></span> <span class='ocrx_word' id='word_1_112' title='bbox 579 1745 777 1811; x_wconf 74' lang='lat' dir='ltr'><strong>rmdes,</strong></span> <span class='ocrx_word' id='word_1_113' title='bbox 806 1746 1089 1814; x_wconf 87' lang='lat' dir='ltr'><strong>clamores,</strong></span> <span class='ocrx_word' id='word_1_114' title='bbox 1136 1749 1380 1819; x_wconf 87' lang='lat' dir='ltr'><strong>querelas</strong></span> <span class='ocrx_word' id='word_1_115' title='bbox 1406 1759 1459 1803; x_wconf 83' lang='lat' dir='ltr'><strong>et</strong></span> <span class='ocrx_word' id='word_1_116' title='bbox 1486 1748 1824 1818; x_wconf 66' lang='lat' dir='ltr'><strong>ejnlatioues,</strong></span> <span class='ocrx_word' id='word_1_117' title='bbox 1855 1759 1908 1803; x_wconf 90' lang='lat' dir='ltr'><strong>et</strong></span> <span class='ocrx_word' id='word_1_118' title='bbox 1932 1747 2032 1801; x_wconf 89' lang='lat' dir='ltr'><strong>alia</strong></span> 
     </span>
    </p>
   </div>
   <div class='ocr_carea' id='block_1_17' title="bbox 433 1837 2031 1910">
    <p class='ocr_par' dir='ltr' id='par_1_17' title="bbox 433 1837 2031 1910">
     <span class='ocr_line' id='line_1_17' title="bbox 433 1837 2031 1910; baseline 0.002 -21"><span class='ocrx_word' id='word_1_119' title='bbox 433 1839 597 1892; x_wconf 89' lang='lat' dir='ltr'><strong>nmlto</strong></span> <span class='ocrx_word' id='word_1_120' title='bbox 630 1837 692 1892; x_wconf 92' lang='lat' dir='ltr'><strong>iis</strong></span> <span class='ocrx_word' id='word_1_121' title='bbox 718 1854 839 1908; x_wconf 72' lang='lat' dir='ltr'><strong>qua:</strong></span> <span class='ocrx_word' id='word_1_122' title='bbox 886 1840 1024 1895; x_wconf 88' lang='lat' dir='ltr'><strong>inter</strong></span> <span class='ocrx_word' id='word_1_123' title='bbox 1066 1840 1245 1896; x_wconf 86' lang='lat' dir='ltr'><strong>hostes</strong></span> <span class='ocrx_word' id='word_1_124' title='bbox 1275 1841 1525 1896; x_wconf 88' lang='lat' dir='ltr'><strong>accidunt</strong></span> <span class='ocrx_word' id='word_1_125' title='bbox 1567 1841 1815 1910; x_wconf 73' lang='lat' dir='ltr'><strong>graviora</strong></span> <span class='ocrx_word' id='word_1_126' title='bbox 1865 1840 2031 1895; x_wconf 83' lang='lat' dir='ltr'><strong>susti-</strong></span> 
     </span>
    </p>
   </div>
   <div class='ocr_carea' id='block_1_18' title="bbox 435 1931 2034 2005">
    <p class='ocr_par' dir='ltr' id='par_1_18' title="bbox 435 1931 2034 2005">
     <span class='ocr_line' id='line_1_18' title="bbox 435 1931 2034 2005; baseline 0.005 -24"><span class='ocrx_word' id='word_1_127' title='bbox 435 1937 579 1984; x_wconf 86' lang='lat' dir='ltr'><strong>nent.</strong></span> <span class='ocrx_word' id='word_1_128' title='bbox 616 1931 686 1985; x_wconf 80' lang='lat' dir='ltr'><strong>At</strong></span> <span class='ocrx_word' id='word_1_129' title='bbox 717 1946 821 1986; x_wconf 93' lang='lat' dir='ltr'><strong>non</strong></span> <span class='ocrx_word' id='word_1_130' title='bbox 850 1933 929 1987; x_wconf 90' lang='lat' dir='ltr'><strong>sic</strong></span> <span class='ocrx_word' id='word_1_131' title='bbox 968 1933 1146 2003; x_wconf 91' lang='lat' dir='ltr'><strong>justus</strong></span> <span class='ocrx_word' id='word_1_132' title='bbox 1179 1951 1191 1987; x_wconf 89' lang='lat'><strong>:</strong></span> <span class='ocrx_word' id='word_1_133' title='bbox 1219 1934 1310 1989; x_wconf 85' lang='lat' dir='ltr'><strong>sed</strong></span> <span class='ocrx_word' id='word_1_134' title='bbox 1339 1944 1392 1989; x_wconf 88' lang='lat' dir='ltr'><strong>et</strong></span> <span class='ocrx_word' id='word_1_135' title='bbox 1418 1933 1641 2005; x_wconf 75' lang='lat' dir='ltr'><strong>vigilans</strong></span> <span class='ocrx_word' id='word_1_136' title='bbox 1679 1933 2034 1989; x_wconf 74' lang='lat' dir='ltr'><strong>delectatione</strong></span> 
     </span>
    </p>
   </div>
   <div class='ocr_carea' id='block_1_19' title="bbox 433 2022 2035 2098">
    <p class='ocr_par' dir='ltr' id='par_1_19' title="bbox 433 2022 2035 2098">
     <span class='ocr_line' id='line_1_19' title="bbox 433 2022 2035 2098; baseline 0.004 -24"><span class='ocrx_word' id='word_1_137' title='bbox 433 2022 646 2088; x_wconf 77' lang='lat' dir='ltr'><strong>fruitur,</strong></span> <span class='ocrx_word' id='word_1_138' title='bbox 677 2036 731 2079; x_wconf 89' lang='lat' dir='ltr'><strong>et</strong></span> <span class='ocrx_word' id='word_1_139' title='bbox 779 2034 1046 2082; x_wconf 88' lang='lat' dir='ltr'><strong>nocturno</strong></span> <span class='ocrx_word' id='word_1_140' title='bbox 1094 2039 1332 2098; x_wconf 89' lang='lat' dir='ltr'><strong>tempore</strong></span> <span class='ocrx_word' id='word_1_141' title='bbox 1361 2046 1481 2082; x_wconf 80' lang='lat' dir='ltr'><strong>cum</strong></span> <span class='ocrx_word' id='word_1_142' title='bbox 1528 2043 1718 2098; x_wconf 87' lang='lat' dir='ltr'><strong>magna</strong></span> <span class='ocrx_word' id='word_1_143' title='bbox 1767 2027 2035 2097; x_wconf 89' lang='lat' dir='ltr'><strong>voluptate</strong></span> 
     </span>
    </p>
   </div>
   <div class='ocr_carea' id='block_1_20' title="bbox 431 2118 2037 2191">
    <p class='ocr_par' dir='ltr' id='par_1_20' title="bbox 431 2118 2037 2191">
     <span class='ocr_line' id='line_1_20' title="bbox 431 2118 2037 2191; baseline 0.002 -22"><span class='ocrx_word' id='word_1_144' title='bbox 431 2128 679 2170; x_wconf 89' lang='lat' dir='ltr'><strong>somnum</strong></span> <span class='ocrx_word' id='word_1_145' title='bbox 710 2118 871 2187; x_wconf 90' lang='lat' dir='ltr'><strong>capit.</strong></span> <span class='ocrx_word' id='word_1_146' title='bbox 917 2118 1053 2187; x_wconf 86' lang='lat' dir='ltr'><strong>Quid</strong></span> <span class='ocrx_word' id='word_1_147' title='bbox 1099 2130 1183 2174; x_wconf 83' lang='lat' dir='ltr'><strong>est</strong></span> <span class='ocrx_word' id='word_1_148' title='bbox 1211 2130 1413 2186; x_wconf 90' lang='lat' dir='ltr'><strong>autem,</strong></span> <span class='ocrx_word' id='word_1_149' title='bbox 1445 2119 1508 2174; x_wconf 91' lang='lat' dir='ltr'><strong>In</strong></span> <span class='ocrx_word' id='word_1_150' title='bbox 1538 2120 1809 2191; x_wconf 84' lang='lat' dir='ltr'><strong>idipsum?</strong></span> <span class='ocrx_word' id='word_1_151' title='bbox 1841 2119 1894 2173; x_wconf 85' lang='lat' dir='ltr'><strong>In</strong></span> <span class='ocrx_word' id='word_1_152' title='bbox 1924 2133 2037 2173; x_wconf 86' lang='lat' dir='ltr'><strong>mc-</strong></span> 
     </span>
    </p>
   </div>
   <div class='ocr_carea' id='block_1_21' title="bbox 440 2206 2036 2280">
    <p class='ocr_par' dir='ltr' id='par_1_21' title="bbox 440 2206 2036 2280">
     <span class='ocr_line' id='line_1_21' title="bbox 440 2206 2036 2280; baseline 0.006 -23"><span class='ocrx_word' id='word_1_153' title='bbox 440 2206 640 2275; x_wconf 89' lang='lat' dir='ltr'><strong>ipsum,</strong></span> <span class='ocrx_word' id='word_1_154' title='bbox 669 2208 861 2280; x_wconf 82' lang='lat' dir='ltr'><strong>inquit,</strong></span> <span class='ocrx_word' id='word_1_155' title='bbox 893 2218 1034 2266; x_wconf 89' lang='lat' dir='ltr'><strong>totus</strong></span> <span class='ocrx_word' id='word_1_156' title='bbox 1060 2227 1370 2278; x_wconf 78' lang='lat' dir='ltr'><strong>conversus,</strong></span> <span class='ocrx_word' id='word_1_157' title='bbox 1403 2229 1507 2267; x_wconf 90' lang='lat' dir='ltr'><strong>non</strong></span> <span class='ocrx_word' id='word_1_158' title='bbox 1534 2214 1585 2267; x_wconf 93' lang='lat' dir='ltr'><strong>in</strong></span> <span class='ocrx_word' id='word_1_159' title='bbox 1612 2229 1766 2268; x_wconf 87' lang='lat' dir='ltr'><strong>curas</strong></span> <span class='ocrx_word' id='word_1_160' title='bbox 1792 2213 2036 2266; x_wconf 85' lang='lat' dir='ltr'><strong>innume-</strong></span> 
     </span>
    </p>
   </div>
   <div class='ocr_carea' id='block_1_22' title="bbox 433 2296 2033 2374">
    <p class='ocr_par' dir='ltr' id='par_1_22' title="bbox 433 2296 2033 2374">
     <span class='ocr_line' id='line_1_22' title="bbox 433 2296 2033 2374; baseline 0.003 -24"><span class='ocrx_word' id='word_1_161' title='bbox 433 2296 623 2352; x_wconf 86' lang='lat' dir='ltr'><strong>rabiles</strong></span> <span class='ocrx_word' id='word_1_162' title='bbox 640 2299 865 2367; x_wconf 89' lang='lat' dir='ltr'><strong>divisus,</strong></span> <span class='ocrx_word' id='word_1_163' title='bbox 896 2318 1002 2357; x_wconf 92' lang='lat' dir='ltr'><strong>non</strong></span> <span class='ocrx_word' id='word_1_164' title='bbox 1028 2320 1148 2374; x_wconf 77' lang='lat' dir='ltr'><strong>qua:</strong></span> <span class='ocrx_word' id='word_1_165' title='bbox 1171 2314 1295 2358; x_wconf 91' lang='lat' dir='ltr'><strong>sunt</strong></span> <span class='ocrx_word' id='word_1_166' title='bbox 1324 2303 1480 2374; x_wconf 89' lang='lat' dir='ltr'><strong>hujus</strong></span> <span class='ocrx_word' id='word_1_167' title='bbox 1507 2305 1588 2359; x_wconf 89' lang='lat' dir='ltr'><strong>vel</strong></span> <span class='ocrx_word' id='word_1_168' title='bbox 1608 2304 1749 2359; x_wconf 72' lang='lat' dir='ltr'><strong>illius</strong></span> <span class='ocrx_word' id='word_1_169' title='bbox 1770 2304 2033 2374; x_wconf 90' lang='lat' dir='ltr'><strong>cogitans,</strong></span> 
     </span>
    </p>
   </div>
   <div class='ocr_carea' id='block_1_23' title="bbox 440 2392 2033 2468">
    <p class='ocr_par' dir='ltr' id='par_1_23' title="bbox 440 2392 2033 2468">
     <span class='ocr_line' id='line_1_23' title="bbox 440 2392 2033 2468; baseline 0.006 -23"><span class='ocrx_word' id='word_1_170' title='bbox 440 2405 541 2446; x_wconf 90' lang='lat' dir='ltr'><strong>nec</strong></span> <span class='ocrx_word' id='word_1_171' title='bbox 573 2392 624 2447; x_wconf 87' lang='lat' dir='ltr'><strong>itt</strong></span> <span class='ocrx_word' id='word_1_172' title='bbox 649 2393 834 2449; x_wconf 88' lang='lat' dir='ltr'><strong>orbem</strong></span> <span class='ocrx_word' id='word_1_173' title='bbox 866 2405 1129 2452; x_wconf 89' lang='lat' dir='ltr'><strong>terrarum</strong></span> <span class='ocrx_word' id='word_1_174' title='bbox 1151 2399 1536 2454; x_wconf 87' lang='lat' dir='ltr'><strong>sollicitudines</strong></span> <span class='ocrx_word' id='word_1_175' title='bbox 1556 2400 1908 2468; x_wconf 63' lang='lat' dir='ltr'><strong>dispertiens;</strong></span> <span class='ocrx_word' id='word_1_176' title='bbox 1938 2400 2033 2455; x_wconf 90' lang='lat' dir='ltr'><strong>sed</strong></span> 
     </span>
    </p>
   </div>
   <div class='ocr_carea' id='block_1_24' title="bbox 435 2490 2035 2562">
    <p class='ocr_par' dir='ltr' id='par_1_24' title="bbox 435 2490 2035 2562">
     <span class='ocr_line' id='line_1_24' title="bbox 435 2490 2035 2562; baseline 0.006 -25"><span class='ocrx_word' id='word_1_177' title='bbox 435 2501 558 2553; x_wconf 80' lang='lat' dir='ltr'><strong>qua:</strong></span> <span class='ocrx_word' id='word_1_178' title='bbox 587 2502 703 2541; x_wconf 82' lang='lat' dir='ltr'><strong>mea</strong></span> <span class='ocrx_word' id='word_1_179' title='bbox 747 2497 874 2542; x_wconf 88' lang='lat' dir='ltr'><strong>sunt</strong></span> <span class='ocrx_word' id='word_1_180' title='bbox 918 2490 1178 2560; x_wconf 83' lang='lat' dir='ltr'><strong>cogitans,</strong></span> <span class='ocrx_word' id='word_1_181' title='bbox 1206 2500 1260 2546; x_wconf 88' lang='lat' dir='ltr'><strong>et</strong></span> <span class='ocrx_word' id='word_1_182' title='bbox 1299 2508 1417 2561; x_wconf 75' lang='lat' dir='ltr'><strong>qua:</strong></span> <span class='ocrx_word' id='word_1_183' title='bbox 1445 2493 1572 2546; x_wconf 81' lang='lat' dir='ltr'><strong>mihi</strong></span> <span class='ocrx_word' id='word_1_184' title='bbox 1623 2493 1790 2556; x_wconf 91' lang='lat' dir='ltr'><strong>utilia,</strong></span> <span class='ocrx_word' id='word_1_185' title='bbox 1835 2500 1888 2546; x_wconf 91' lang='lat' dir='ltr'><strong>et</strong></span> <span class='ocrx_word' id='word_1_186' title='bbox 1916 2507 2035 2562; x_wconf 73' lang='lat' dir='ltr'><strong>qua:</strong></span> 
     </span>
    </p>
   </div>
   <div class='ocr_carea' id='block_1_25' title="bbox 436 2576 2031 2649">
    <p class='ocr_par' dir='ltr' id='par_1_25' title="bbox 436 2576 2031 2649">
     <span class='ocr_line' id='line_1_25' title="bbox 436 2576 2031 2649; baseline 0.006 -22"><span class='ocrx_word' id='word_1_187' title='bbox 436 2584 558 2629; x_wconf 90' lang='lat' dir='ltr'><strong>sunt</strong></span> <span class='ocrx_word' id='word_1_188' title='bbox 592 2576 793 2632; x_wconf 89' lang='lat' dir='ltr'><strong>homini</strong></span> <span class='ocrx_word' id='word_1_189' title='bbox 824 2581 1056 2637; x_wconf 85' lang='lat' dir='ltr'><strong>maxime</strong></span> <span class='ocrx_word' id='word_1_190' title='bbox 1085 2583 1453 2638; x_wconf 87' lang='lat' dir='ltr'><strong>convenientia</strong></span> <span class='ocrx_word' id='word_1_191' title='bbox 1489 2602 1503 2638; x_wconf 92' lang='lat'><em>:</em></span> <span class='ocrx_word' id='word_1_192' title='bbox 1536 2582 1668 2649; x_wconf 88' lang='lat' dir='ltr'><strong>Quia</strong></span> <span class='ocrx_word' id='word_1_193' title='bbox 1689 2594 1763 2648; x_wconf 87' lang='lat' dir='ltr'><strong>tu,</strong></span> <span class='ocrx_word' id='word_1_194' title='bbox 1797 2582 2031 2648; x_wconf 83' lang='lat' dir='ltr'><strong>Domine,</strong></span> 
     </span>
    </p>
   </div>
   <div class='ocr_carea' id='block_1_26' title="bbox 431 2668 2030 2742">
    <p class='ocr_par' dir='ltr' id='par_1_26' title="bbox 431 2668 2030 2742">
     <span class='ocr_line' id='line_1_26' title="bbox 431 2668 2030 2742; baseline 0.006 -23"><span class='ocrx_word' id='word_1_195' title='bbox 431 2668 756 2738; x_wconf 84' lang='lat' dir='ltr'><strong>singulariter</strong></span> <span class='ocrx_word' id='word_1_196' title='bbox 788 2671 841 2724; x_wconf 88' lang='lat' dir='ltr'><strong>in</strong></span> <span class='ocrx_word' id='word_1_197' title='bbox 870 2689 961 2741; x_wconf 87' lang='lat' dir='ltr'><strong>spe</strong></span> <span class='ocrx_word' id='word_1_198' title='bbox 1003 2675 1305 2728; x_wconf 74' lang='lat' dir='ltr'><strong>constituisti</strong></span> <span class='ocrx_word' id='word_1_199' title='bbox 1333 2691 1429 2728; x_wconf 84' lang='lat' dir='ltr'><strong>me.</strong></span> <span class='ocrx_word' id='word_1_200' title='bbox 1460 2674 1610 2742; x_wconf 87' lang='lat' dir='ltr'><strong>Quod</strong></span> <span class='ocrx_word' id='word_1_201' title='bbox 1652 2683 1830 2730; x_wconf 88' lang='lat' dir='ltr'><strong>autem</strong></span> <span class='ocrx_word' id='word_1_202' title='bbox 1862 2674 1990 2729; x_wconf 88' lang='lat' dir='ltr'><strong>dicit</strong></span> <span class='ocrx_word' id='word_1_203' title='bbox 2016 2718 2030 2741; x_wconf 95' lang='lat'><strong>,</strong></span> 
     </span>
    </p>
   </div>
   <div class='ocr_carea' id='block_1_27' title="bbox 433 2759 2033 2835">
    <p class='ocr_par' dir='ltr' id='par_1_27' title="bbox 433 2759 2033 2835">
     <span class='ocr_line' id='line_1_27' title="bbox 433 2759 2033 2835; baseline 0.005 -23"><span class='ocrx_word' id='word_1_204' title='bbox 433 2767 516 2812; x_wconf 89' lang='lat' dir='ltr'><strong>est</strong></span> <span class='ocrx_word' id='word_1_205' title='bbox 546 2759 807 2828; x_wconf 79' lang='lat' dir='ltr'><strong>ejusmodi</strong></span> <span class='ocrx_word' id='word_1_206' title='bbox 841 2779 854 2815; x_wconf 90' lang='lat'><strong>:</strong></span> <span class='ocrx_word' id='word_1_207' title='bbox 885 2762 1108 2833; x_wconf 78' lang='lat' dir='ltr'><strong>Propter</strong></span> <span class='ocrx_word' id='word_1_208' title='bbox 1145 2781 1295 2833; x_wconf 80' lang='lat' dir='ltr'><strong>spent</strong></span> <span class='ocrx_word' id='word_1_209' title='bbox 1326 2766 1640 2832; x_wconf 90' lang='lat' dir='ltr'><strong>futurorum,</strong></span> <span class='ocrx_word' id='word_1_210' title='bbox 1673 2777 1725 2821; x_wconf 88' lang='lat' dir='ltr'><strong>et</strong></span> <span class='ocrx_word' id='word_1_211' title='bbox 1756 2775 2033 2835; x_wconf 77' lang='lat' dir='ltr'><strong>exspecta-</strong></span> 
     </span>
    </p>
   </div>
   <div class='ocr_carea' id='block_1_28' title="bbox 434 2851 2034 2927">
    <p class='ocr_par' dir='ltr' id='par_1_28' title="bbox 434 2851 2034 2927">
     <span class='ocr_line' id='line_1_28' title="bbox 434 2851 2034 2927; baseline 0.006 -24"><span class='ocrx_word' id='word_1_212' title='bbox 434 2851 507 2905; x_wconf 88' lang='lat' dir='ltr'><strong>tio</strong></span> <span class='ocrx_word' id='word_1_213' title='bbox 532 2868 632 2906; x_wconf 88' lang='lat' dir='ltr'><strong>.em</strong></span> <span class='ocrx_word' id='word_1_214' title='bbox 661 2868 781 2923; x_wconf 77' lang='lat' dir='ltr'><strong>quae</strong></span> <span class='ocrx_word' id='word_1_215' title='bbox 804 2866 885 2909; x_wconf 86' lang='lat' dir='ltr'><strong>est</strong></span> <span class='ocrx_word' id='word_1_216' title='bbox 908 2856 958 2909; x_wconf 91' lang='lat' dir='ltr'><strong>in</strong></span> <span class='ocrx_word' id='word_1_217' title='bbox 989 2866 1060 2922; x_wconf 86' lang='lat' dir='ltr'><strong>te,</strong></span> <span class='ocrx_word' id='word_1_218' title='bbox 1088 2870 1278 2911; x_wconf 86' lang='lat' dir='ltr'><strong>omnes</strong></span> <span class='ocrx_word' id='word_1_219' title='bbox 1294 2858 1453 2912; x_wconf 86' lang='lat' dir='ltr'><strong>animi</strong></span> <span class='ocrx_word' id='word_1_220' title='bbox 1485 2859 1586 2913; x_wconf 81' lang='lat' dir='ltr'><strong>mei</strong></span> <span class='ocrx_word' id='word_1_221' title='bbox 1611 2858 2034 2927; x_wconf 84' lang='lat' dir='ltr'><strong>perturbationes</strong></span> 
     </span>
    </p>
   </div>
   <div class='ocr_carea' id='block_1_29' title="bbox 430 2944 2035 3015">
    <p class='ocr_par' dir='ltr' id='par_1_29' title="bbox 430 2944 2035 3015">
     <span class='ocr_line' id='line_1_29' title="bbox 430 2944 2035 3015; baseline 0.005 -21"><span class='ocrx_word' id='word_1_222' title='bbox 430 2944 743 3012; x_wconf 76' lang='lat' dir='ltr'><strong>contpressi.</strong></span> <span class='ocrx_word' id='word_1_223' title='bbox 799 2946 950 2999; x_wconf 78' lang='lat' dir='ltr'><strong>Sicut</strong></span> <span class='ocrx_word' id='word_1_224' title='bbox 993 2947 1151 3001; x_wconf 88' lang='lat' dir='ltr'><strong>etiam</strong></span> <span class='ocrx_word' id='word_1_225' title='bbox 1191 2948 1317 3002; x_wconf 91' lang='lat' dir='ltr'><strong>dicit</strong></span> <span class='ocrx_word' id='word_1_226' title='bbox 1345 2947 1539 3002; x_wconf 80' lang='lat' dir='ltr'><strong>Paulus</strong></span> <span class='ocrx_word' id='word_1_227' title='bbox 1569 2965 1583 3000; x_wconf 89' lang='lat'><strong><em>:</em></strong></span> <span class='ocrx_word' id='word_1_228' title='bbox 1614 2948 1764 3015; x_wconf 82' lang='lat' dir='ltr'><strong>Quod</strong></span> <span class='ocrx_word' id='word_1_229' title='bbox 1788 2958 1859 3002; x_wconf 83' lang='lat' dir='ltr'><strong>est</strong></span> <span class='ocrx_word' id='word_1_230' title='bbox 1901 2950 2035 3002; x_wconf 90' lang='lat' dir='ltr'><strong>enim</strong></span> 
     </span>
    </p>
   </div>
   <div class='ocr_carea' id='block_1_30' title="bbox 430 3035 2031 3112">
    <p class='ocr_par' dir='ltr' id='par_1_30' title="bbox 430 3035 2031 3112">
     <span class='ocr_line' id='line_1_30' title="bbox 430 3035 2031 3112; baseline 0.007 -26"><span class='ocrx_word' id='word_1_231' title='bbox 430 3035 480 3087; x_wconf 88' lang='lat' dir='ltr'><strong>in</strong></span> <span class='ocrx_word' id='word_1_232' title='bbox 531 3038 798 3102; x_wconf 74' lang='lat' dir='ltr'><strong>pra&#39;sentia</strong></span> <span class='ocrx_word' id='word_1_233' title='bbox 845 3040 1121 3094; x_wconf 81' lang='lat' dir='ltr'><strong>admodum</strong></span> <span class='ocrx_word' id='word_1_234' title='bbox 1168 3042 1272 3096; x_wconf 81' lang='lat' dir='ltr'><strong>lere</strong></span> <span class='ocrx_word' id='word_1_235' title='bbox 1315 3042 1632 3112; x_wconf 67' lang='lat' dir='ltr'><strong>aﬁlicsionis,</strong></span> <span class='ocrx_word' id='word_1_236' title='bbox 1678 3042 1939 3112; x_wconf 76' lang='lat' dir='ltr'><strong>insigniter</strong></span> <span class='ocrx_word' id='word_1_237' title='bbox 1980 3044 2031 3097; x_wconf 87' lang='lat' dir='ltr'><strong>in</strong></span> 
     </span>
    </p>
   </div>
   <div class='ocr_carea' id='block_1_31' title="bbox 432 3128 2033 3206">
    <p class='ocr_par' dir='ltr' id='par_1_31' title="bbox 432 3128 2033 3206">
     <span class='ocr_line' id='line_1_31' title="bbox 432 3128 2033 3206; baseline 0.007 -28"><span class='ocrx_word' id='word_1_238' title='bbox 432 3128 737 3183; x_wconf 72' lang='lat' dir='ltr'><strong>sublimitate</strong></span> <span class='ocrx_word' id='word_1_239' title='bbox 762 3140 1004 3185; x_wconf 78' lang='lat' dir='ltr'><strong>reternum</strong></span> <span class='ocrx_word' id='word_1_240' title='bbox 1044 3133 1244 3203; x_wconf 80' lang='lat' dir='ltr'><strong>pondus</strong></span> <span class='ocrx_word' id='word_1_241' title='bbox 1270 3135 1447 3205; x_wconf 74' lang='lat' dir='ltr'><strong>gloria:</strong></span> <span class='ocrx_word' id='word_1_242' title='bbox 1476 3134 1617 3188; x_wconf 79' lang='lat' dir='ltr'><strong>nobis</strong></span> <span class='ocrx_word' id='word_1_243' title='bbox 1640 3146 1899 3206; x_wconf 82' lang='lat' dir='ltr'><strong>operatur,</strong></span> <span class='ocrx_word' id='word_1_244' title='bbox 1932 3151 2033 3189; x_wconf 86' lang='lat' dir='ltr'><strong>non</strong></span> 
     </span>
    </p>
   </div>
   <div class='ocr_carea' id='block_1_32' title="bbox 431 3222 2035 3298">
    <p class='ocr_par' dir='ltr' id='par_1_32' title="bbox 431 3222 2035 3298">
     <span class='ocr_line' id='line_1_32' title="bbox 431 3222 2035 3298; baseline 0.006 -25"><span class='ocrx_word' id='word_1_245' title='bbox 431 3222 862 3277; x_wconf 76' lang='lat' dir='ltr'><strong>rousiderantibus</strong></span> <span class='ocrx_word' id='word_1_246' title='bbox 887 3224 1030 3279; x_wconf 83' lang='lat' dir='ltr'><strong>nobis</strong></span> <span class='ocrx_word' id='word_1_247' title='bbox 1066 3242 1181 3295; x_wconf 79' lang='lat' dir='ltr'><strong>qua:</strong></span> <span class='ocrx_word' id='word_1_248' title='bbox 1204 3229 1453 3293; x_wconf 82' lang='lat' dir='ltr'><strong>videntur,</strong></span> <span class='ocrx_word' id='word_1_249' title='bbox 1483 3228 1572 3282; x_wconf 81' lang='lat' dir='ltr'><strong>sed</strong></span> <span class='ocrx_word' id='word_1_250' title='bbox 1599 3244 1711 3298; x_wconf 79' lang='lat' dir='ltr'><strong>qua:</strong></span> <span class='ocrx_word' id='word_1_251' title='bbox 1735 3245 1835 3282; x_wconf 87' lang='lat' dir='ltr'><strong>non</strong></span> <span class='ocrx_word' id='word_1_252' title='bbox 1863 3228 2035 3283; x_wconf 78' lang='lat' dir='ltr'><strong>viden-</strong></span> 
     </span>
    </p>
   </div>
   <div class='ocr_carea' id='block_1_33' title="bbox 437 3313 2031 3389">
    <p class='ocr_par' dir='ltr' id='par_1_33' title="bbox 437 3313 2031 3389">
     <span class='ocr_line' id='line_1_33' title="bbox 437 3313 2031 3389; baseline 0.006 -24"><span class='ocrx_word' id='word_1_253' title='bbox 437 3322 519 3366; x_wconf 86' lang='lat' dir='ltr'><strong>tur</strong></span> <span class='ocrx_word' id='word_1_254' title='bbox 568 3314 623 3385; x_wconf 75' lang='grc'><strong>(2</strong></span> <span class='ocrx_word' id='word_1_255' title='bbox 652 3313 772 3371; x_wconf 88' lang='lat' dir='ltr'><strong>Cor.</strong></span> <span class='ocrx_word' id='word_1_256' title='bbox 802 3317 856 3371; x_wconf 78' lang='grc'><strong>4.</strong></span> <span class='ocrx_word' id='word_1_257' title='bbox 889 3318 974 3372; x_wconf 84' lang='lat' dir='ltr'><strong>l7.</strong></span> <span class='ocrx_word' id='word_1_258' title='bbox 1010 3318 1118 3389; x_wconf 79' lang='grc'><strong>18).</strong></span> <span class='ocrx_word' id='word_1_259' title='bbox 1148 3318 1302 3373; x_wconf 83' lang='lat' dir='ltr'><strong>Nulla</strong></span> <span class='ocrx_word' id='word_1_260' title='bbox 1329 3320 1471 3374; x_wconf 84' lang='lat' dir='ltr'><strong>enim</strong></span> <span class='ocrx_word' id='word_1_261' title='bbox 1502 3335 1591 3375; x_wconf 86' lang='lat' dir='ltr'><strong>res</strong></span> <span class='ocrx_word' id='word_1_262' title='bbox 1620 3329 1702 3375; x_wconf 88' lang='lat' dir='ltr'><strong>est</strong></span> <span class='ocrx_word' id='word_1_263' title='bbox 1729 3320 1864 3375; x_wconf 87' lang='lat' dir='ltr'><strong>adeo</strong></span> <span class='ocrx_word' id='word_1_264' title='bbox 1890 3320 2031 3375; x_wconf 87' lang='lat' dir='ltr'><strong>diffi-</strong></span> 
     </span>
    </p>
   </div>
   <div class='ocr_carea' id='block_1_34' title="bbox 433 3406 2028 3483">
    <p class='ocr_par' dir='ltr' id='par_1_34' title="bbox 433 3406 2028 3483">
     <span class='ocr_line' id='line_1_34' title="bbox 433 3406 2028 3483; baseline 0.004 -24"><span class='ocrx_word' id='word_1_265' title='bbox 433 3406 570 3463; x_wconf 87' lang='lat' dir='ltr'><strong>cilis.</strong></span> <span class='ocrx_word' id='word_1_266' title='bbox 602 3422 720 3476; x_wconf 81' lang='lat' dir='ltr'><strong>qua:</strong></span> <span class='ocrx_word' id='word_1_267' title='bbox 751 3423 855 3462; x_wconf 86' lang='lat' dir='ltr'><strong>non</strong></span> <span class='ocrx_word' id='word_1_268' title='bbox 891 3409 981 3464; x_wconf 83' lang='lat' dir='ltr'><strong>fiat</strong></span> <span class='ocrx_word' id='word_1_269' title='bbox 1011 3410 1254 3465; x_wconf 85' lang='lat' dir='ltr'><strong>facillima</strong></span> <span class='ocrx_word' id='word_1_270' title='bbox 1286 3425 1383 3480; x_wconf 92' lang='lat' dir='ltr'><strong>spe</strong></span> <span class='ocrx_word' id='word_1_271' title='bbox 1413 3411 1600 3466; x_wconf 69' lang='lat' dir='ltr'><strong>futura:</strong></span> <span class='ocrx_word' id='word_1_272' title='bbox 1629 3427 1657 3466; x_wconf 87' lang='lat' dir='ltr'><strong>a</strong></span> <span class='ocrx_word' id='word_1_273' title='bbox 1690 3413 1798 3467; x_wconf 88' lang='lat' dir='ltr'><strong>Deo</strong></span> <span class='ocrx_word' id='word_1_274' title='bbox 1826 3412 2028 3483; x_wconf 63' lang='lat' dir='ltr'><strong>gloriae.</strong></span> 
     </span>
    </p>
   </div>
   <div class='ocr_carea' id='block_1_35' title="bbox 436 3497 2031 3571">
    <p class='ocr_par' dir='ltr' id='par_1_35' title="bbox 436 3497 2031 3571">
     <span class='ocr_line' id='line_1_35' title="bbox 436 3497 2031 3571; baseline 0.006 -21"><span class='ocrx_word' id='word_1_275' title='bbox 436 3497 726 3569; x_wconf 81' lang='lat' dir='ltr'><strong>Propterea</strong></span> <span class='ocrx_word' id='word_1_276' title='bbox 754 3499 883 3555; x_wconf 83' lang='lat' dir='ltr'><strong>dicit</strong></span> <span class='ocrx_word' id='word_1_277' title='bbox 917 3520 929 3555; x_wconf 91' lang='lat'><strong>:</strong></span> <span class='ocrx_word' id='word_1_278' title='bbox 965 3500 1030 3555; x_wconf 87' lang='lat' dir='ltr'><strong>In</strong></span> <span class='ocrx_word' id='word_1_279' title='bbox 1057 3510 1146 3571; x_wconf 85' lang='lat' dir='ltr'><strong>spe</strong></span> <span class='ocrx_word' id='word_1_280' title='bbox 1172 3504 1475 3558; x_wconf 78' lang='lat' dir='ltr'><strong>constituisti</strong></span> <span class='ocrx_word' id='word_1_281' title='bbox 1505 3519 1600 3557; x_wconf 85' lang='lat' dir='ltr'><strong>me.</strong></span> <span class='ocrx_word' id='word_1_282' title='bbox 1638 3505 1702 3559; x_wconf 82' lang='lat' dir='ltr'><strong>Et</strong></span> <span class='ocrx_word' id='word_1_283' title='bbox 1728 3503 1875 3570; x_wconf 91' lang='lat' dir='ltr'><strong>illttd,</strong></span> <span class='ocrx_word' id='word_1_284' title='bbox 1908 3504 2031 3560; x_wconf 88' lang='lat' dir='ltr'><strong>Sin-</strong></span> 
     </span>
    </p>
   </div>
   <div class='ocr_carea' id='block_1_36' title="bbox 434 3590 1637 3664">
    <p class='ocr_par' dir='ltr' id='par_1_36' title="bbox 434 3590 1637 3664">
     <span class='ocr_line' id='line_1_36' title="bbox 434 3590 1637 3664; baseline 0.007 -21"><span class='ocrx_word' id='word_1_285' title='bbox 434 3590 699 3660; x_wconf 81' lang='lat' dir='ltr'><strong>gulariter,</strong></span> <span class='ocrx_word' id='word_1_286' title='bbox 734 3608 839 3646; x_wconf 88' lang='lat' dir='ltr'><strong>non</strong></span> <span class='ocrx_word' id='word_1_287' title='bbox 869 3603 951 3648; x_wconf 90' lang='lat' dir='ltr'><strong>est</strong></span> <span class='ocrx_word' id='word_1_288' title='bbox 980 3610 1138 3664; x_wconf 88' lang='lat' dir='ltr'><strong>parva</strong></span> <span class='ocrx_word' id='word_1_289' title='bbox 1166 3595 1422 3652; x_wconf 77' lang='lat' dir='ltr'><strong>doctrina:</strong></span> <span class='ocrx_word' id='word_1_290' title='bbox 1448 3598 1637 3651; x_wconf 85' lang='lat' dir='ltr'><strong>virtus.</strong></span> 
     </span>
    </p>
   </div>
   <div class='ocr_carea' id='block_1_37' title="bbox 503 3683 2025 3759">
    <p class='ocr_par' dir='ltr' id='par_1_37' title="bbox 503 3683 2025 3759">
     <span class='ocr_line' id='line_1_37' title="bbox 503 3683 2025 3759; baseline 0.005 -23"><span class='ocrx_word' id='word_1_291' title='bbox 503 3683 591 3738; x_wconf 81' lang='grc'><strong>15.</strong></span> <span class='ocrx_word' id='word_1_292' title='bbox 634 3683 771 3752; x_wconf 86' lang='lat' dir='ltr'><strong>Quid</strong></span> <span class='ocrx_word' id='word_1_293' title='bbox 800 3694 882 3741; x_wconf 89' lang='lat' dir='ltr'><strong>est</strong></span> <span class='ocrx_word' id='word_1_294' title='bbox 907 3697 1106 3755; x_wconf 88' lang='lat' dir='ltr'><strong>autem,</strong></span> <span class='ocrx_word' id='word_1_295' title='bbox 1137 3688 1525 3759; x_wconf 83' lang='lat' dir='ltr'><strong>Singulariter?</strong></span> <span class='ocrx_word' id='word_1_296' title='bbox 1551 3689 1804 3747; x_wconf 88' lang='lat' dir='ltr'><strong>Seorsum</strong></span> <span class='ocrx_word' id='word_1_297' title='bbox 1836 3689 1904 3745; x_wconf 88' lang='lat' dir='ltr'><strong>ab</strong></span> <span class='ocrx_word' id='word_1_298' title='bbox 1927 3690 2025 3744; x_wconf 88' lang='lat' dir='ltr'><strong>im-</strong></span> 
     </span>
    </p>
   </div>
   <div class='ocr_carea' id='block_1_38' title="bbox 431 3775 2031 3854">
    <p class='ocr_par' dir='ltr' id='par_1_38' title="bbox 431 3775 2031 3854">
     <span class='ocr_line' id='line_1_38' title="bbox 431 3775 2031 3854; baseline 0.007 -25"><span class='ocrx_word' id='word_1_299' title='bbox 431 3775 631 3844; x_wconf 87' lang='lat' dir='ltr'><strong>probis.</strong></span> <span class='ocrx_word' id='word_1_300' title='bbox 667 3778 814 3834; x_wconf 89' lang='lat' dir='ltr'><strong>llanc</strong></span> <span class='ocrx_word' id='word_1_301' title='bbox 853 3782 994 3835; x_wconf 89' lang='lat' dir='ltr'><strong>enim</strong></span> <span class='ocrx_word' id='word_1_302' title='bbox 1026 3797 1210 3851; x_wconf 89' lang='lat' dir='ltr'><strong>pacem</strong></span> <span class='ocrx_word' id='word_1_303' title='bbox 1232 3823 1246 3848; x_wconf 95' lang='lat'><strong>,</strong></span> <span class='ocrx_word' id='word_1_304' title='bbox 1282 3784 1481 3854; x_wconf 88' lang='lat' dir='ltr'><strong>inquit,</strong></span> <span class='ocrx_word' id='word_1_305' title='bbox 1513 3783 1651 3854; x_wconf 89' lang='lat' dir='ltr'><strong>apud</strong></span> <span class='ocrx_word' id='word_1_306' title='bbox 1693 3794 1743 3839; x_wconf 90' lang='lat' dir='ltr'><strong>te</strong></span> <span class='ocrx_word' id='word_1_307' title='bbox 1776 3785 2031 3853; x_wconf 61' lang='lat' dir='ltr'><strong>priet-lare</strong></span> 
     </span>
    </p>
   </div>
   <div class='ocr_carea' id='block_1_39' title="bbox 433 3868 2032 3945">
    <p class='ocr_par' dir='ltr' id='par_1_39' title="bbox 433 3868 2032 3945">
     <span class='ocr_line' id='line_1_39' title="bbox 433 3868 2032 3945; baseline 0.006 -24"><span class='ocrx_word' id='word_1_308' title='bbox 433 3868 613 3935; x_wconf 87' lang='lat' dir='ltr'><strong>habui,</strong></span> <span class='ocrx_word' id='word_1_309' title='bbox 637 3879 689 3924; x_wconf 92' lang='lat' dir='ltr'><strong>ct</strong></span> <span class='ocrx_word' id='word_1_310' title='bbox 719 3872 1005 3942; x_wconf 89' lang='lat' dir='ltr'><strong>separatim</strong></span> <span class='ocrx_word' id='word_1_311' title='bbox 1038 3873 1238 3936; x_wconf 88' lang='lat' dir='ltr'><strong>habito,</strong></span> <span class='ocrx_word' id='word_1_312' title='bbox 1266 3874 1472 3945; x_wconf 80' lang='lat' dir='ltr'><strong>fugiens</strong></span> <span class='ocrx_word' id='word_1_313' title='bbox 1494 3874 1737 3929; x_wconf 89' lang='lat' dir='ltr'><strong>homines</strong></span> <span class='ocrx_word' id='word_1_314' title='bbox 1761 3875 2032 3944; x_wconf 84' lang='lat' dir='ltr'><strong>improbos</strong></span> 
     </span>
    </p>
   </div>
   <div class='ocr_carea' id='block_1_40' title="bbox 430 3963 2030 4033">
    <p class='ocr_par' dir='ltr' id='par_1_40' title="bbox 430 3963 2030 4033">
     <span class='ocr_line' id='line_1_40' title="bbox 430 3963 2030 4033; baseline 0.005 -23"><span class='ocrx_word' id='word_1_315' title='bbox 430 3974 495 4013; x_wconf 90' lang='lat' dir='ltr'><strong>ac</strong></span> <span class='ocrx_word' id='word_1_316' title='bbox 519 3970 823 4029; x_wconf 79' lang='lat' dir='ltr'><strong>corruptos.</strong></span> <span class='ocrx_word' id='word_1_317' title='bbox 856 3964 923 4016; x_wconf 92' lang='lat' dir='ltr'><strong>Et</strong></span> <span class='ocrx_word' id='word_1_318' title='bbox 942 3963 1065 4032; x_wconf 87' lang='lat' dir='ltr'><strong>jure</strong></span> <span class='ocrx_word' id='word_1_319' title='bbox 1086 3964 1352 4033; x_wconf 82' lang='lat' dir='ltr'><strong>profecto.</strong></span> <span class='ocrx_word' id='word_1_320' title='bbox 1385 3964 1845 4031; x_wconf 87' lang='lat' dir='ltr'><strong>Quemadmodum</strong></span> <span class='ocrx_word' id='word_1_321' title='bbox 1887 3965 2030 4019; x_wconf 90' lang='lat' dir='ltr'><strong>enim</strong></span> 
     </span>
    </p>
   </div>
   <div class='ocr_carea' id='block_1_41' title="bbox 430 4054 2028 4124">
    <p class='ocr_par' dir='ltr' id='par_1_41' title="bbox 430 4054 2028 4124">
     <span class='ocr_line' id='line_1_41' title="bbox 430 4054 2028 4124; baseline 0.004 -20"><span class='ocrx_word' id='word_1_322' title='bbox 430 4064 653 4119; x_wconf 90' lang='lat' dir='ltr'><strong>corpora</strong></span> <span class='ocrx_word' id='word_1_323' title='bbox 685 4066 829 4120; x_wconf 66' lang='lat' dir='ltr'><strong>saepe</strong></span> <span class='ocrx_word' id='word_1_324' title='bbox 871 4068 899 4104; x_wconf 89' lang='lat' dir='ltr'><strong>a</strong></span> <span class='ocrx_word' id='word_1_325' title='bbox 941 4055 1175 4122; x_wconf 82' lang='lat' dir='ltr'><strong>corrupti</strong></span> <span class='ocrx_word' id='word_1_326' title='bbox 1219 4055 1362 4109; x_wconf 87' lang='lat' dir='ltr'><strong>aeris</strong></span> <span class='ocrx_word' id='word_1_327' title='bbox 1408 4056 1492 4111; x_wconf 90' lang='lat' dir='ltr'><strong>lue</strong></span> <span class='ocrx_word' id='word_1_328' title='bbox 1535 4054 1725 4110; x_wconf 88' lang='lat' dir='ltr'><strong>infecta</strong></span> <span class='ocrx_word' id='word_1_329' title='bbox 1771 4067 2028 4124; x_wconf 88' lang='lat' dir='ltr'><strong>pereunt:</strong></span> 
     </span>
    </p>
   </div>
   <div class='ocr_carea' id='block_1_42' title="bbox 436 4141 2030 4218">
    <p class='ocr_par' dir='ltr' id='par_1_42' title="bbox 436 4141 2030 4218">
     <span class='ocr_line' id='line_1_42' title="bbox 436 4141 2030 4218; baseline 0.005 -24"><span class='ocrx_word' id='word_1_330' title='bbox 436 4141 505 4194; x_wconf 88' lang='lat' dir='ltr'><strong>ita</strong></span> <span class='ocrx_word' id='word_1_331' title='bbox 535 4142 695 4196; x_wconf 89' lang='lat' dir='ltr'><strong>etiam</strong></span> <span class='ocrx_word' id='word_1_332' title='bbox 739 4145 916 4198; x_wconf 89' lang='lat' dir='ltr'><strong>anima</strong></span> <span class='ocrx_word' id='word_1_333' title='bbox 959 4160 1104 4212; x_wconf 60' lang='lat' dir='ltr'><strong>sane</strong></span> <span class='ocrx_word' id='word_1_334' title='bbox 1129 4146 1381 4200; x_wconf 89' lang='lat' dir='ltr'><strong>damnum</strong></span> <span class='ocrx_word' id='word_1_335' title='bbox 1418 4149 1624 4218; x_wconf 89' lang='lat' dir='ltr'><strong>accepit</strong></span> <span class='ocrx_word' id='word_1_336' title='bbox 1661 4163 1728 4201; x_wconf 82' lang='lat' dir='ltr'><strong>ex</strong></span> <span class='ocrx_word' id='word_1_337' title='bbox 1770 4148 2030 4202; x_wconf 83' lang='lat' dir='ltr'><strong>malorum</strong></span> 
     </span>
    </p>
   </div>
   <div class='ocr_carea' id='block_1_43' title="bbox 433 4234 2031 4308">
    <p class='ocr_par' dir='ltr' id='par_1_43' title="bbox 433 4234 2031 4308">
     <span class='ocr_line' id='line_1_43' title="bbox 433 4234 2031 4308; baseline 0.004 -22"><span class='ocrx_word' id='word_1_338' title='bbox 433 4234 817 4302; x_wconf 83' lang='lat' dir='ltr'><strong>congressione</strong></span> <span class='ocrx_word' id='word_1_339' title='bbox 842 4252 855 4289; x_wconf 91' lang='lat'><strong>:</strong></span> <span class='ocrx_word' id='word_1_340' title='bbox 885 4246 938 4289; x_wconf 80' lang='lat' dir='ltr'><strong>et</strong></span> <span class='ocrx_word' id='word_1_341' title='bbox 966 4238 1103 4290; x_wconf 88' lang='lat' dir='ltr'><strong>sicut</strong></span> <span class='ocrx_word' id='word_1_342' title='bbox 1129 4252 1291 4292; x_wconf 81' lang='lat' dir='ltr'><strong>sanus</strong></span> <span class='ocrx_word' id='word_1_343' title='bbox 1320 4238 1506 4293; x_wconf 86' lang='lat' dir='ltr'><strong>oculus</strong></span> <span class='ocrx_word' id='word_1_344' title='bbox 1532 4238 1745 4308; x_wconf 83' lang='lat' dir='ltr'><strong>quando</strong></span> <span class='ocrx_word' id='word_1_345' title='bbox 1784 4238 2031 4293; x_wconf 89' lang='lat' dir='ltr'><strong>laboran-</strong></span> 
     </span>
    </p>
   </div>
   <div class='ocr_carea' id='block_1_44' title="bbox 433 4326 2033 4399">
    <p class='ocr_par' dir='ltr' id='par_1_44' title="bbox 433 4326 2033 4399">
     <span class='ocr_line' id='line_1_44' title="bbox 433 4326 2033 4399; baseline 0.006 -23"><span class='ocrx_word' id='word_1_346' title='bbox 433 4331 539 4377; x_wconf 90' lang='lat' dir='ltr'><strong>tem</strong></span> <span class='ocrx_word' id='word_1_347' title='bbox 566 4326 853 4394; x_wconf 75' lang='lat' dir='ltr'><strong>aspexerit,</strong></span> <span class='ocrx_word' id='word_1_348' title='bbox 880 4326 1134 4393; x_wconf 88' lang='lat' dir='ltr'><strong>afticitnr,</strong></span> <span class='ocrx_word' id='word_1_349' title='bbox 1163 4340 1219 4383; x_wconf 87' lang='lat' dir='ltr'><strong>et</strong></span> <span class='ocrx_word' id='word_1_350' title='bbox 1245 4329 1333 4399; x_wconf 91' lang='lat' dir='ltr'><strong>qui</strong></span> <span class='ocrx_word' id='word_1_351' title='bbox 1364 4340 1446 4382; x_wconf 80' lang='lat' dir='ltr'><strong>est</strong></span> <span class='ocrx_word' id='word_1_352' title='bbox 1471 4329 1650 4385; x_wconf 85' lang='lat' dir='ltr'><strong>scabie</strong></span> <span class='ocrx_word' id='word_1_353' title='bbox 1676 4330 1901 4385; x_wconf 87' lang='lat' dir='ltr'><strong>refertus</strong></span> <span class='ocrx_word' id='word_1_354' title='bbox 1920 4371 1934 4395; x_wconf 94' lang='lat'><strong>,</strong></span> <span class='ocrx_word' id='word_1_355' title='bbox 1969 4331 2033 4385; x_wconf 88' lang='lat' dir='ltr'><strong>iis</strong></span> 
     </span>
    </p>
   </div>
   <div class='ocr_carea' id='block_1_45' title="bbox 433 4414 2033 4489">
    <p class='ocr_par' dir='ltr' id='par_1_45' title="bbox 433 4414 2033 4489">
     <span class='ocr_line' id='line_1_45' title="bbox 433 4414 2033 4489; baseline 0.004 -22"><span class='ocrx_word' id='word_1_356' title='bbox 433 4414 593 4470; x_wconf 89' lang='lat' dir='ltr'><strong>etiam</strong></span> <span class='ocrx_word' id='word_1_357' title='bbox 634 4417 722 4487; x_wconf 91' lang='lat' dir='ltr'><strong>qui</strong></span> <span class='ocrx_word' id='word_1_358' title='bbox 770 4418 886 4472; x_wconf 85' lang='lat' dir='ltr'><strong>sani</strong></span> <span class='ocrx_word' id='word_1_359' title='bbox 926 4428 1050 4473; x_wconf 90' lang='lat' dir='ltr'><strong>sunt</strong></span> <span class='ocrx_word' id='word_1_360' title='bbox 1088 4436 1205 4474; x_wconf 80' lang='lat' dir='ltr'><strong>eam</strong></span> <span class='ocrx_word' id='word_1_361' title='bbox 1256 4418 1527 4489; x_wconf 87' lang='lat' dir='ltr'><strong>impertit;</strong></span> <span class='ocrx_word' id='word_1_362' title='bbox 1580 4420 1651 4474; x_wconf 89' lang='lat' dir='ltr'><strong>ita</strong></span> <span class='ocrx_word' id='word_1_363' title='bbox 1689 4419 1849 4475; x_wconf 84' lang='lat' dir='ltr'><strong>etiam</strong></span> <span class='ocrx_word' id='word_1_364' title='bbox 1890 4434 2033 4489; x_wconf 64' lang='lat' dir='ltr'><strong>saepe</strong></span> 
     </span>
    </p>
   </div>
   <div class='ocr_carea' id='block_1_46' title="bbox 433 4507 2035 4582">
    <p class='ocr_par' dir='ltr' id='par_1_46' title="bbox 433 4507 2035 4582">
     <span class='ocr_line' id='line_1_46' title="bbox 433 4507 2035 4582; baseline 0.002 -21"><span class='ocrx_word' id='word_1_365' title='bbox 433 4507 694 4578; x_wconf 82' lang='lat' dir='ltr'><strong>contingit</strong></span> <span class='ocrx_word' id='word_1_366' title='bbox 721 4509 772 4563; x_wconf 88' lang='lat' dir='ltr'><strong>in</strong></span> <span class='ocrx_word' id='word_1_367' title='bbox 807 4509 1192 4566; x_wconf 73' lang='lat' dir='ltr'><strong>con~netudine</strong></span> <span class='ocrx_word' id='word_1_368' title='bbox 1222 4512 1586 4582; x_wconf 88' lang='lat' dir='ltr'><strong>improborum</strong></span> <span class='ocrx_word' id='word_1_369' title='bbox 1622 4510 1921 4566; x_wconf 89' lang='lat' dir='ltr'><strong>hominum.</strong></span> <span class='ocrx_word' id='word_1_370' title='bbox 1966 4510 2035 4565; x_wconf 86' lang='lat' dir='ltr'><strong>Et.</strong></span> 
     </span>
    </p>
   </div>
   <div class='ocr_carea' id='block_1_47' title="bbox 439 4597 2034 4674">
    <p class='ocr_par' dir='ltr' id='par_1_47' title="bbox 439 4597 2034 4674">
     <span class='ocr_line' id='line_1_47' title="bbox 439 4597 2034 4674; baseline 0.004 -23"><span class='ocrx_word' id='word_1_371' title='bbox 439 4597 556 4652; x_wconf 89' lang='lat' dir='ltr'><strong>ideo</strong></span> <span class='ocrx_word' id='word_1_372' title='bbox 586 4600 748 4655; x_wconf 89' lang='lat' dir='ltr'><strong>etiam</strong></span> <span class='ocrx_word' id='word_1_373' title='bbox 788 4604 956 4657; x_wconf 81' lang='lat' dir='ltr'><strong>suasit</strong></span> <span class='ocrx_word' id='word_1_374' title='bbox 991 4603 1235 4659; x_wconf 85' lang='lat' dir='ltr'><strong>Christus</strong></span> <span class='ocrx_word' id='word_1_375' title='bbox 1279 4619 1383 4658; x_wconf 91' lang='lat' dir='ltr'><strong>non</strong></span> <span class='ocrx_word' id='word_1_376' title='bbox 1427 4605 1598 4658; x_wconf 89' lang='lat' dir='ltr'><strong>solum</strong></span> <span class='ocrx_word' id='word_1_377' title='bbox 1645 4618 1740 4659; x_wconf 93' lang='lat' dir='ltr'><strong>eos</strong></span> <span class='ocrx_word' id='word_1_378' title='bbox 1776 4604 1864 4674; x_wconf 91' lang='lat' dir='ltr'><strong>qui</strong></span> <span class='ocrx_word' id='word_1_379' title='bbox 1909 4611 2034 4658; x_wconf 91' lang='lat' dir='ltr'><strong>sunt</strong></span> 
     </span>
    </p>
   </div>
   <div class='ocr_carea' id='block_1_48' title="bbox 438 4687 2033 4759">
    <p class='ocr_par' dir='ltr' id='par_1_48' title="bbox 438 4687 2033 4759">
     <span class='ocr_line' id='line_1_48' title="bbox 438 4687 2033 4759; baseline 0.007 -21"><span class='ocrx_word' id='word_1_380' title='bbox 438 4687 572 4743; x_wconf 89' lang='lat' dir='ltr'><strong>tales</strong></span> <span class='ocrx_word' id='word_1_381' title='bbox 611 4689 811 4759; x_wconf 79' lang='lat' dir='ltr'><strong>fugere,</strong></span> <span class='ocrx_word' id='word_1_382' title='bbox 858 4692 953 4747; x_wconf 70' lang='lat' dir='ltr'><strong>sed</strong></span> <span class='ocrx_word' id='word_1_383' title='bbox 1000 4695 1159 4748; x_wconf 89' lang='lat' dir='ltr'><strong>etiam</strong></span> <span class='ocrx_word' id='word_1_384' title='bbox 1207 4695 1539 4758; x_wconf 71' lang='lat' dir='ltr'><strong>esscindere,</strong></span> <span class='ocrx_word' id='word_1_385' title='bbox 1583 4695 1661 4750; x_wconf 87' lang='lat' dir='ltr'><strong>sic</strong></span> <span class='ocrx_word' id='word_1_386' title='bbox 1696 4694 1917 4750; x_wconf 89' lang='lat' dir='ltr'><strong>dicens:</strong></span> <span class='ocrx_word' id='word_1_387' title='bbox 1971 4694 2033 4751; x_wconf 90' lang='lat' dir='ltr'><strong>Si</strong></span> 
     </span>
    </p>
   </div>
   <div class='ocr_carea' id='block_1_49' title="bbox 435 4767 2035 4860">
    <p class='ocr_par' dir='ltr' id='par_1_49' title="bbox 435 4767 2035 4860">
     <span class='ocr_line' id='line_1_49' title="bbox 435 4767 2035 4860; baseline 0.006 -28"><span class='ocrx_word' id='word_1_388' title='bbox 435 4767 612 4834; x_wconf 76' lang='lat' dir='ltr'><strong>oculus</strong></span> <span class='ocrx_word' id='word_1_389' title='bbox 638 4790 756 4836; x_wconf 88' lang='lat' dir='ltr'><strong>tuus</strong></span> <span class='ocrx_word' id='word_1_390' title='bbox 782 4785 954 4838; x_wconf 71' lang='lat' dir='ltr'><strong>(terter</strong></span> <span class='ocrx_word' id='word_1_391' title='bbox 974 4795 1021 4840; x_wconf 88' lang='lat' dir='ltr'><strong>te</strong></span> <span class='ocrx_word' id='word_1_392' title='bbox 1048 4788 1381 4854; x_wconf 73' lang='lat' dir='ltr'><strong>scandalizat,</strong></span> <span class='ocrx_word' id='word_1_393' title='bbox 1405 4805 1521 4841; x_wconf 89' lang='lat' dir='ltr'><strong>erue</strong></span> <span class='ocrx_word' id='word_1_394' title='bbox 1547 4805 1682 4853; x_wconf 87' lang='lat' dir='ltr'><strong>eum,</strong></span> <span class='ocrx_word' id='word_1_395' title='bbox 1713 4798 1762 4843; x_wconf 88' lang='lat' dir='ltr'><strong>et</strong></span> <span class='ocrx_word' id='word_1_396' title='bbox 1788 4790 1911 4860; x_wconf 77' lang='lat' dir='ltr'><strong>ej&#39;ce</strong></span> <span class='ocrx_word' id='word_1_397' title='bbox 1935 4806 1966 4841; x_wconf 89' lang='lat' dir='ltr'><strong>a</strong></span> <span class='ocrx_word' id='word_1_398' title='bbox 1988 4798 2035 4841; x_wconf 90' lang='lat' dir='ltr'><strong>te</strong></span> 
     </span>
    </p>
   </div>
   <div class='ocr_carea' id='block_1_50' title="bbox 437 4869 2032 4950">
    <p class='ocr_par' dir='ltr' id='par_1_50' title="bbox 437 4869 2032 4950">
     <span class='ocr_line' id='line_1_50' title="bbox 437 4869 2032 4950; baseline 0.008 -27"><span class='ocrx_word' id='word_1_399' title='bbox 437 4869 650 4941; x_wconf 78' lang='lat' dir='ltr'><strong>(Matth.</strong></span> <span class='ocrx_word' id='word_1_400' title='bbox 680 4874 732 4928; x_wconf 85' lang='lat'><strong>5.</strong></span> <span class='ocrx_word' id='word_1_401' title='bbox 761 4874 878 4946; x_wconf 73' lang='lat'><strong>29),</strong></span> <span class='ocrx_word' id='word_1_402' title='bbox 911 4892 1015 4932; x_wconf 89' lang='lat' dir='ltr'><strong>non</strong></span> <span class='ocrx_word' id='word_1_403' title='bbox 1043 4878 1225 4933; x_wconf 75' lang='lat' dir='ltr'><strong>dicens</strong></span> <span class='ocrx_word' id='word_1_404' title='bbox 1252 4880 1320 4933; x_wconf 87' lang='lat' dir='ltr'><strong>de</strong></span> <span class='ocrx_word' id='word_1_405' title='bbox 1354 4880 1542 4939; x_wconf 84' lang='lat' dir='ltr'><strong>oculo:</strong></span> <span class='ocrx_word' id='word_1_406' title='bbox 1577 4880 1699 4950; x_wconf 88' lang='lat' dir='ltr'><strong>qttid</strong></span> <span class='ocrx_word' id='word_1_407' title='bbox 1726 4881 1868 4936; x_wconf 89' lang='lat' dir='ltr'><strong>enim</strong></span> <span class='ocrx_word' id='word_1_408' title='bbox 1909 4881 2032 4935; x_wconf 87' lang='lat' dir='ltr'><strong>mali</strong></span> 
     </span>
    </p>
   </div>
   <div class='ocr_carea' id='block_1_51' title="bbox 440 4961 2034 5031">
    <p class='ocr_par' dir='ltr' id='par_1_51' title="bbox 440 4961 2034 5031">
     <span class='ocr_line' id='line_1_51' title="bbox 440 4961 2034 5031; baseline 0.005 -14"><span class='ocrx_word' id='word_1_409' title='bbox 440 4961 625 5019; x_wconf 80' lang='lat' dir='ltr'><strong>fecerit</strong></span> <span class='ocrx_word' id='word_1_410' title='bbox 665 4966 871 5031; x_wconf 89' lang='lat' dir='ltr'><strong>oculus,</strong></span> <span class='ocrx_word' id='word_1_411' title='bbox 904 4969 946 5022; x_wconf 90' lang='lat' dir='ltr'><strong>si</strong></span> <span class='ocrx_word' id='word_1_412' title='bbox 991 4970 1060 5023; x_wconf 85' lang='lat' dir='ltr'><strong>sit</strong></span> <span class='ocrx_word' id='word_1_413' title='bbox 1102 4984 1264 5024; x_wconf 89' lang='lat' dir='ltr'><strong>sanus</strong></span> <span class='ocrx_word' id='word_1_414' title='bbox 1313 4972 1565 5026; x_wconf 75' lang='lat' dir='ltr'><strong>animus!</strong></span> <span class='ocrx_word' id='word_1_415' title='bbox 1603 4971 1696 5026; x_wconf 78' lang='lat' dir='ltr'><strong>sed</strong></span> <span class='ocrx_word' id='word_1_416' title='bbox 1737 4972 1805 5026; x_wconf 89' lang='lat' dir='ltr'><strong>de</strong></span> <span class='ocrx_word' id='word_1_417' title='bbox 1847 4973 2034 5026; x_wconf 66' lang='lat' dir='ltr'><strong>amicis</strong></span> 
     </span>
    </p>
   </div>
   <div class='ocr_carea' id='block_1_52' title="bbox 439 5059 2035 5130">
    <p class='ocr_par' dir='ltr' id='par_1_52' title="bbox 439 5059 2035 5130">
     <span class='ocr_line' id='line_1_52' title="bbox 439 5059 2035 5130; baseline 0.006 -21"><span class='ocrx_word' id='word_1_418' title='bbox 439 5059 775 5126; x_wconf 82' lang='lat' dir='ltr'><strong>necessariis,</strong></span> <span class='ocrx_word' id='word_1_419' title='bbox 806 5067 860 5114; x_wconf 90' lang='lat' dir='ltr'><strong>et</strong></span> <span class='ocrx_word' id='word_1_420' title='bbox 903 5062 992 5130; x_wconf 91' lang='lat' dir='ltr'><strong>qui</strong></span> <span class='ocrx_word' id='word_1_421' title='bbox 1029 5071 1153 5117; x_wconf 91' lang='lat' dir='ltr'><strong>sunt</strong></span> <span class='ocrx_word' id='word_1_422' title='bbox 1189 5062 1341 5117; x_wconf 87' lang='lat' dir='ltr'><strong>nobis</strong></span> <span class='ocrx_word' id='word_1_423' title='bbox 1378 5062 1496 5118; x_wconf 86' lang='lat' dir='ltr'><strong>loco</strong></span> <span class='ocrx_word' id='word_1_424' title='bbox 1542 5063 1730 5117; x_wconf 90' lang='lat' dir='ltr'><strong>horum</strong></span> <span class='ocrx_word' id='word_1_425' title='bbox 1763 5064 2035 5118; x_wconf 71' lang='lat' dir='ltr'><strong>membro-</strong></span> 
     </span>
    </p>
   </div>
   <div class='ocr_carea' id='block_1_53' title="bbox 439 5153 2033 5226">
    <p class='ocr_par' dir='ltr' id='par_1_53' title="bbox 439 5153 2033 5226">
     <span class='ocr_line' id='line_1_53' title="bbox 439 5153 2033 5226; baseline 0.006 -25"><span class='ocrx_word' id='word_1_426' title='bbox 439 5165 586 5218; x_wconf 88' lang='lat' dir='ltr'><strong>rum,</strong></span> <span class='ocrx_word' id='word_1_427' title='bbox 618 5162 673 5207; x_wconf 89' lang='lat' dir='ltr'><strong>et</strong></span> <span class='ocrx_word' id='word_1_428' title='bbox 709 5169 807 5208; x_wconf 92' lang='lat' dir='ltr'><strong>nos</strong></span> <span class='ocrx_word' id='word_1_429' title='bbox 852 5153 1079 5219; x_wconf 63' lang='lat' dir='ltr'><strong>laedunt,</strong></span> <span class='ocrx_word' id='word_1_430' title='bbox 1112 5154 1226 5209; x_wconf 71' lang='lat' dir='ltr'><strong>htrc</strong></span> <span class='ocrx_word' id='word_1_431' title='bbox 1275 5157 1587 5222; x_wconf 88' lang='lat' dir='ltr'><strong>constituit,</strong></span> <span class='ocrx_word' id='word_1_432' title='bbox 1623 5156 1815 5226; x_wconf 88' lang='lat' dir='ltr'><strong>jnbens</strong></span> <span class='ocrx_word' id='word_1_433' title='bbox 1845 5171 2033 5211; x_wconf 55' lang='lat' dir='ltr'><strong>eorum</strong></span> 
     </span>
    </p>
   </div>
   <div class='ocr_carea' id='block_1_54' title="bbox 439 5242 2037 5312">
    <p class='ocr_par' dir='ltr' id='par_1_54' title="bbox 439 5242 2037 5312">
     <span class='ocr_line' id='line_1_54' title="bbox 439 5242 2037 5312; baseline 0.005 -17"><span class='ocrx_word' id='word_1_434' title='bbox 439 5242 597 5297; x_wconf 88' lang='lat' dir='ltr'><strong>etiam</strong></span> <span class='ocrx_word' id='word_1_435' title='bbox 620 5246 910 5302; x_wconf 87' lang='lat' dir='ltr'><strong>amicitiam</strong></span> <span class='ocrx_word' id='word_1_436' title='bbox 937 5255 1303 5312; x_wconf 81' lang='lat' dir='ltr'><strong>contemnere,</strong></span> <span class='ocrx_word' id='word_1_437' title='bbox 1332 5256 1387 5302; x_wconf 92' lang='lat' dir='ltr'><strong>ut</strong></span> <span class='ocrx_word' id='word_1_438' title='bbox 1409 5258 1588 5301; x_wconf 90' lang='lat' dir='ltr'><strong>nostra</strong></span> <span class='ocrx_word' id='word_1_439' title='bbox 1612 5248 1753 5302; x_wconf 85' lang='lat' dir='ltr'><strong>salus</strong></span> <span class='ocrx_word' id='word_1_440' title='bbox 1776 5248 2037 5307; x_wconf 81' lang='lat' dir='ltr'><strong>efﬁciatur</strong></span> 
     </span>
    </p>
   </div>
   <div class='ocr_carea' id='block_1_55' title="bbox 443 5337 2036 5413">
    <p class='ocr_par' dir='ltr' id='par_1_55' title="bbox 443 5337 2036 5413">
     <span class='ocr_line' id='line_1_55' title="bbox 443 5337 2036 5413; baseline 0.006 -25"><span class='ocrx_word' id='word_1_441' title='bbox 443 5337 622 5390; x_wconf 88' lang='lat' dir='ltr'><strong>tutior.</strong></span> <span class='ocrx_word' id='word_1_442' title='bbox 654 5338 1011 5406; x_wconf 87' lang='lat' dir='ltr'><strong>Quamobrem</strong></span> <span class='ocrx_word' id='word_1_443' title='bbox 1041 5341 1154 5410; x_wconf 87' lang='lat' dir='ltr'><strong>ipse</strong></span> <span class='ocrx_word' id='word_1_444' title='bbox 1193 5342 1352 5395; x_wconf 85' lang='lat' dir='ltr'><strong>etiam</strong></span> <span class='ocrx_word' id='word_1_445' title='bbox 1389 5356 1576 5397; x_wconf 88' lang='lat' dir='ltr'><strong>rursus</strong></span> <span class='ocrx_word' id='word_1_446' title='bbox 1606 5343 1657 5396; x_wconf 89' lang='lat' dir='ltr'><strong>in</strong></span> <span class='ocrx_word' id='word_1_447' title='bbox 1689 5342 2036 5413; x_wconf 86' lang='lat' dir='ltr'><strong>sequentibus</strong></span> 
     </span>
    </p>
   </div>
   <div class='ocr_carea' id='block_1_56' title="bbox 441 5427 2039 5504">
    <p class='ocr_par' dir='ltr' id='par_1_56' title="bbox 441 5427 2039 5504">
     <span class='ocr_line' id='line_1_56' title="bbox 441 5427 2039 5504; baseline 0.008 -26"><span class='ocrx_word' id='word_1_448' title='bbox 441 5427 571 5482; x_wconf 82' lang='lat' dir='ltr'><strong>dicit</strong></span> <span class='ocrx_word' id='word_1_449' title='bbox 598 5447 611 5484; x_wconf 89' lang='lat'><strong>:</strong></span> <span class='ocrx_word' id='word_1_450' title='bbox 642 5427 763 5484; x_wconf 75' lang='lat' dir='ltr'><strong>Non</strong></span> <span class='ocrx_word' id='word_1_451' title='bbox 793 5433 901 5485; x_wconf 82' lang='lat' dir='ltr'><strong>sedi</strong></span> <span class='ocrx_word' id='word_1_452' title='bbox 928 5448 1041 5487; x_wconf 87' lang='lat' dir='ltr'><strong>cum</strong></span> <span class='ocrx_word' id='word_1_453' title='bbox 1081 5434 1294 5488; x_wconf 84' lang='lat' dir='ltr'><strong>consilio</strong></span> <span class='ocrx_word' id='word_1_454' title='bbox 1334 5435 1568 5488; x_wconf 81' lang='lat' dir='ltr'><strong>vanitatis</strong></span> <span class='ocrx_word' id='word_1_455' title='bbox 1588 5477 1601 5495; x_wconf 90' lang='lat'><strong>.</strong></span> <span class='ocrx_word' id='word_1_456' title='bbox 1646 5444 1692 5488; x_wconf 84' lang='lat' dir='ltr'><strong>et</strong></span> <span class='ocrx_word' id='word_1_457' title='bbox 1726 5451 1839 5488; x_wconf 81' lang='lat' dir='ltr'><strong>cum</strong></span> <span class='ocrx_word' id='word_1_458' title='bbox 1870 5437 2039 5504; x_wconf 70' lang='lat' dir='ltr'><strong>inique</strong></span> 
     </span>
    </p>
   </div>
   <div class='ocr_carea' id='block_1_57' title="bbox 442 5521 2037 5597">
    <p class='ocr_par' dir='ltr' id='par_1_57' title="bbox 442 5521 2037 5597">
     <span class='ocr_line' id='line_1_57' title="bbox 442 5521 2037 5597; baseline 0.007 -25"><span class='ocrx_word' id='word_1_459' title='bbox 442 5521 704 5592; x_wconf 72' lang='lat' dir='ltr'><strong>agentibus</strong></span> <span class='ocrx_word' id='word_1_460' title='bbox 728 5540 830 5577; x_wconf 87' lang='lat' dir='ltr'><strong>non</strong></span> <span class='ocrx_word' id='word_1_461' title='bbox 853 5524 1109 5594; x_wconf 85' lang='lat' dir='ltr'><strong>ingrediar</strong></span> <span class='ocrx_word' id='word_1_462' title='bbox 1132 5525 1300 5597; x_wconf 72' lang='lat' dir='ltr'><strong>(Psal.</strong></span> <span class='ocrx_word' id='word_1_463' title='bbox 1333 5526 1423 5582; x_wconf 71' lang='grc'><strong>25.</strong></span> <span class='ocrx_word' id='word_1_464' title='bbox 1456 5528 1533 5595; x_wconf 73' lang='grc'><strong>4).</strong></span> <span class='ocrx_word' id='word_1_465' title='bbox 1567 5527 1866 5595; x_wconf 81' lang='lat' dir='ltr'><strong>Quinetiam</strong></span> <span class='ocrx_word' id='word_1_466' title='bbox 1887 5526 2037 5583; x_wconf 85' lang='lat' dir='ltr'><strong>Jere-</strong></span> 
     </span>
    </p>
   </div>
   <div class='ocr_carea' id='block_1_58' title="bbox 444 5613 2037 5687">
    <p class='ocr_par' dir='ltr' id='par_1_58' title="bbox 444 5613 2037 5687">
     <span class='ocr_line' id='line_1_58' title="bbox 444 5613 2037 5687; baseline 0.005 -22"><span class='ocrx_word' id='word_1_467' title='bbox 444 5613 579 5665; x_wconf 70' lang='lat' dir='ltr'><strong>naias</strong></span> <span class='ocrx_word' id='word_1_468' title='bbox 604 5628 726 5665; x_wconf 87' lang='lat' dir='ltr'><strong>eum</strong></span> <span class='ocrx_word' id='word_1_469' title='bbox 755 5614 885 5669; x_wconf 71' lang='lat' dir='ltr'><strong>dicit</strong></span> <span class='ocrx_word' id='word_1_470' title='bbox 919 5614 1150 5685; x_wconf 86' lang='lat' dir='ltr'><strong>beatum,</strong></span> <span class='ocrx_word' id='word_1_471' title='bbox 1181 5617 1269 5687; x_wconf 86' lang='lat' dir='ltr'><strong>qui</strong></span> <span class='ocrx_word' id='word_1_472' title='bbox 1297 5617 1446 5672; x_wconf 79' lang='lat' dir='ltr'><strong>sedet</strong></span> <span class='ocrx_word' id='word_1_473' title='bbox 1475 5619 1759 5687; x_wconf 80' lang='lat' dir='ltr'><strong>separatim</strong></span> <span class='ocrx_word' id='word_1_474' title='bbox 1782 5659 1794 5682; x_wconf 90' lang='lat'><strong>,</strong></span> <span class='ocrx_word' id='word_1_475' title='bbox 1819 5627 1873 5672; x_wconf 88' lang='lat' dir='ltr'><strong>ct</strong></span> <span class='ocrx_word' id='word_1_476' title='bbox 1901 5617 2037 5673; x_wconf 91' lang='lat' dir='ltr'><strong>tollit</strong></span> 
     </span>
    </p>
   </div>
   <div class='ocr_carea' id='block_1_59' title="bbox 442 5702 2039 5778">
    <p class='ocr_par' dir='ltr' id='par_1_59' title="bbox 442 5702 2039 5778">
     <span class='ocr_line' id='line_1_59' title="bbox 442 5702 2039 5778; baseline 0.008 -27"><span class='ocrx_word' id='word_1_477' title='bbox 442 5702 625 5772; x_wconf 77' lang='lat' dir='ltr'><strong>jngunt</strong></span> <span class='ocrx_word' id='word_1_478' title='bbox 669 5703 737 5755; x_wconf 85' lang='lat' dir='ltr'><strong>ab</strong></span> <span class='ocrx_word' id='word_1_479' title='bbox 770 5704 1126 5761; x_wconf 83' lang='lat' dir='ltr'><strong>adolescentia</strong></span> <span class='ocrx_word' id='word_1_480' title='bbox 1157 5708 1366 5777; x_wconf 74' lang='grc' dir='ltr'><strong>(ΤΙυιη.</strong></span> <span class='ocrx_word' id='word_1_481' title='bbox 1399 5711 1452 5764; x_wconf 78' lang='lat'><strong>5.</strong></span> <span class='ocrx_word' id='word_1_482' title='bbox 1480 5710 1568 5763; x_wconf 73' lang='grc'><strong>27.</strong></span> <span class='ocrx_word' id='word_1_483' title='bbox 1600 5709 1717 5778; x_wconf 77' lang='lat'><strong>‘28).</strong></span> <span class='ocrx_word' id='word_1_484' title='bbox 1765 5708 1881 5763; x_wconf 80' lang='lat' dir='ltr'><strong>Jam</strong></span> <span class='ocrx_word' id='word_1_485' title='bbox 1911 5724 2039 5764; x_wconf 77' lang='lat' dir='ltr'><strong>vero</strong></span> 
     </span>
    </p>
   </div>
   <div class='ocr_carea' id='block_1_60' title="bbox 447 5796 2037 5871">
    <p class='ocr_par' dir='ltr' id='par_1_60' title="bbox 447 5796 2037 5871">
     <span class='ocr_line' id='line_1_60' title="bbox 447 5796 2037 5871; baseline 0.008 -22"><span class='ocrx_word' id='word_1_486' title='bbox 447 5799 608 5849; x_wconf 79' lang='lat' dir='ltr'><strong>etiam</strong></span> <span class='ocrx_word' id='word_1_487' title='bbox 635 5796 916 5852; x_wconf 76' lang='lat' dir='ltr'><strong>Proverbia</strong></span> <span class='ocrx_word' id='word_1_488' title='bbox 947 5801 1110 5855; x_wconf 90' lang='lat' dir='ltr'><strong>multa</strong></span> <span class='ocrx_word' id='word_1_489' title='bbox 1138 5804 1204 5858; x_wconf 85' lang='lat' dir='ltr'><strong>de</strong></span> <span class='ocrx_word' id='word_1_490' title='bbox 1233 5818 1296 5859; x_wconf 82' lang='lat' dir='ltr'><strong>ea</strong></span> <span class='ocrx_word' id='word_1_491' title='bbox 1324 5820 1381 5858; x_wconf 90' lang='lat' dir='ltr'><strong>re</strong></span> <span class='ocrx_word' id='word_1_492' title='bbox 1412 5806 1570 5862; x_wconf 83' lang='lat' dir='ltr'><strong>verba</strong></span> <span class='ocrx_word' id='word_1_493' title='bbox 1601 5805 1816 5871; x_wconf 82' lang='lat' dir='ltr'><strong>faciunt,</strong></span> <span class='ocrx_word' id='word_1_494' title='bbox 1848 5805 2037 5861; x_wconf 83' lang='lat' dir='ltr'><strong>dicen-</strong></span> 
     </span>
    </p>
   </div>
   <div class='ocr_carea' id='block_1_61' title="bbox 2142 452 3732 532">
    <p class='ocr_par' dir='ltr' id='par_1_61' title="bbox 2142 452 3732 532">
     <span class='ocr_line' id='line_1_61' title="bbox 2142 452 3732 532; baseline 0.009 -26"><span class='ocrx_word' id='word_1_495' title='bbox 2142 452 2209 506; x_wconf 88' lang='lat' dir='ltr'><strong>tia</strong></span> <span class='ocrx_word' id='word_1_496' title='bbox 2239 462 2296 509; x_wconf 91' lang='lat' dir='ltr'><strong>et</strong></span> <span class='ocrx_word' id='word_1_497' title='bbox 2327 455 2603 513; x_wconf 85' lang='lat' dir='ltr'><strong>suadentia</strong></span> <span class='ocrx_word' id='word_1_498' title='bbox 2631 458 2879 515; x_wconf 89' lang='lat' dir='ltr'><strong>omnibus</strong></span> <span class='ocrx_word' id='word_1_499' title='bbox 2898 500 2913 525; x_wconf 95' lang='lat'><strong>,</strong></span> <span class='ocrx_word' id='word_1_500' title='bbox 2941 473 3046 514; x_wconf 93' lang='lat' dir='ltr'><strong>non</strong></span> <span class='ocrx_word' id='word_1_501' title='bbox 3081 458 3254 515; x_wconf 88' lang='lat' dir='ltr'><strong>solum</strong></span> <span class='ocrx_word' id='word_1_502' title='bbox 3300 459 3569 518; x_wconf 86' lang='lat' dir='ltr'><strong>declinare</strong></span> <span class='ocrx_word' id='word_1_503' title='bbox 3593 505 3608 532; x_wconf 97' lang='lat'><strong>,</strong></span> <span class='ocrx_word' id='word_1_504' title='bbox 3635 463 3732 519; x_wconf 73' lang='lat' dir='ltr'><strong>Sed</strong></span> 
     </span>
    </p>
   </div>
   <div class='ocr_carea' id='block_1_62' title="bbox 2136 545 3731 622">
    <p class='ocr_par' dir='ltr' id='par_1_62' title="bbox 2136 545 3731 622">
     <span class='ocr_line' id='line_1_62' title="bbox 2136 545 3731 622; baseline 0.007 -22"><span class='ocrx_word' id='word_1_505' title='bbox 2136 545 2293 601; x_wconf 89' lang='lat' dir='ltr'><strong>etiam</strong></span> <span class='ocrx_word' id='word_1_506' title='bbox 2321 549 2528 606; x_wconf 87' lang='lat' dir='ltr'><strong>resilire</strong></span> <span class='ocrx_word' id='word_1_507' title='bbox 2556 551 2624 605; x_wconf 88' lang='lat' dir='ltr'><strong>ab</strong></span> <span class='ocrx_word' id='word_1_508' title='bbox 2653 552 2716 607; x_wconf 89' lang='lat' dir='ltr'><strong>iis</strong></span> <span class='ocrx_word' id='word_1_509' title='bbox 2744 553 2834 622; x_wconf 88' lang='lat' dir='ltr'><strong>qui</strong></span> <span class='ocrx_word' id='word_1_510' title='bbox 2865 551 3001 607; x_wconf 86' lang='lat' dir='ltr'><strong>mala</strong></span> <span class='ocrx_word' id='word_1_511' title='bbox 3034 554 3319 607; x_wconf 86' lang='lat' dir='ltr'><strong>consulunt</strong></span> <span class='ocrx_word' id='word_1_512' title='bbox 3340 596 3352 616; x_wconf 87' lang='lat'>.</span> <span class='ocrx_word' id='word_1_513' title='bbox 3386 563 3440 610; x_wconf 90' lang='lat' dir='ltr'><strong>et</strong></span> <span class='ocrx_word' id='word_1_514' title='bbox 3470 571 3575 610; x_wconf 85' lang='lat' dir='ltr'><strong>non</strong></span> <span class='ocrx_word' id='word_1_515' title='bbox 3605 571 3731 611; x_wconf 83' lang='lat' dir='ltr'><strong>eum</strong></span> 
     </span>
    </p>
   </div>
   <div class='ocr_carea' id='block_1_63' title="bbox 2137 635 3734 716">
    <p class='ocr_par' dir='ltr' id='par_1_63' title="bbox 2137 635 3734 716">
     <span class='ocr_line' id='line_1_63' title="bbox 2137 635 3734 716; baseline 0.007 -25"><span class='ocrx_word' id='word_1_516' title='bbox 2137 635 2240 691; x_wconf 88' lang='lat' dir='ltr'><strong>illis</strong></span> <span class='ocrx_word' id='word_1_517' title='bbox 2268 641 2492 695; x_wconf 83' lang='lat' dir='ltr'><strong>versari.</strong></span> <span class='ocrx_word' id='word_1_518' title='bbox 2520 640 2574 697; x_wconf 86' lang='lat' dir='ltr'><strong>Si</strong></span> <span class='ocrx_word' id='word_1_519' title='bbox 2601 642 2743 697; x_wconf 89' lang='lat' dir='ltr'><strong>enim</strong></span> <span class='ocrx_word' id='word_1_520' title='bbox 2773 659 2891 714; x_wconf 69' lang='lat' dir='ltr'><strong>qua:</strong></span> <span class='ocrx_word' id='word_1_521' title='bbox 2916 653 3041 698; x_wconf 90' lang='lat' dir='ltr'><strong>sunt</strong></span> <span class='ocrx_word' id='word_1_522' title='bbox 3069 646 3324 699; x_wconf 71' lang='lat' dir='ltr'><strong>naturam</strong></span> <span class='ocrx_word' id='word_1_523' title='bbox 3351 662 3495 716; x_wconf 71' lang='lat' dir='ltr'><strong>smpe</strong></span> <span class='ocrx_word' id='word_1_524' title='bbox 3525 656 3734 702; x_wconf 89' lang='lat' dir='ltr'><strong>mutant</strong></span> 
     </span>
    </p>
   </div>
   <div class='ocr_carea' id='block_1_64' title="bbox 2136 734 3736 809">
    <p class='ocr_par' dir='ltr' id='par_1_64' title="bbox 2136 734 3736 809">
     <span class='ocr_line' id='line_1_64' title="bbox 2136 734 3736 809; baseline 0.008 -28"><span class='ocrx_word' id='word_1_525' title='bbox 2136 740 2379 784; x_wconf 85' lang='lat' dir='ltr'><strong>naturam</strong></span> <span class='ocrx_word' id='word_1_526' title='bbox 2426 746 2493 787; x_wconf 79' lang='lat' dir='ltr'><strong>ex</strong></span> <span class='ocrx_word' id='word_1_527' title='bbox 2536 734 2674 788; x_wconf 88' lang='lat' dir='ltr'><strong>mala</strong></span> <span class='ocrx_word' id='word_1_528' title='bbox 2704 736 3127 790; x_wconf 86' lang='lat' dir='ltr'><strong>consuetudine:</strong></span> <span class='ocrx_word' id='word_1_529' title='bbox 3174 746 3374 805; x_wconf 89' lang='lat' dir='ltr'><strong>quanto</strong></span> <span class='ocrx_word' id='word_1_530' title='bbox 3408 737 3578 808; x_wconf 84' lang='lat' dir='ltr'><strong>magis</strong></span> <span class='ocrx_word' id='word_1_531' title='bbox 3613 753 3736 809; x_wconf 76' lang='lat' dir='ltr'><strong>quae</strong></span> 
     </span>
    </p>
   </div>
   <div class='ocr_carea' id='block_1_65' title="bbox 2136 824 3739 883">
    <p class='ocr_par' dir='ltr' id='par_1_65' title="bbox 2136 824 3739 883">
     <span class='ocr_line' id='line_1_65' title="bbox 2136 824 3739 883; baseline 0.006 -9"><span class='ocrx_word' id='word_1_532' title='bbox 2136 828 2264 874; x_wconf 90' lang='lat' dir='ltr'><strong>sunt</strong></span> <span class='ocrx_word' id='word_1_533' title='bbox 2304 831 2502 876; x_wconf 67' lang='lat' dir='ltr'><strong>nostra:</strong></span> <span class='ocrx_word' id='word_1_534' title='bbox 2537 824 2867 881; x_wconf 85' lang='lat' dir='ltr'><strong>voluntatis?</strong></span> <span class='ocrx_word' id='word_1_535' title='bbox 2892 826 3053 880; x_wconf 83' lang='lat' dir='ltr'><strong>Color</strong></span> <span class='ocrx_word' id='word_1_536' title='bbox 3096 827 3238 881; x_wconf 92' lang='lat' dir='ltr'><strong>enim</strong></span> <span class='ocrx_word' id='word_1_537' title='bbox 3275 836 3329 881; x_wconf 87' lang='lat' dir='ltr'><strong>et</strong></span> <span class='ocrx_word' id='word_1_538' title='bbox 3366 828 3566 882; x_wconf 83' lang='lat' dir='ltr'><strong>sanitas</strong></span> <span class='ocrx_word' id='word_1_539' title='bbox 3596 828 3739 883; x_wconf 81' lang='lat' dir='ltr'><strong>inest</strong></span> 
     </span>
    </p>
   </div>
   <div class='ocr_carea' id='block_1_66' title="bbox 2140 911 3740 988">
    <p class='ocr_par' dir='ltr' id='par_1_66' title="bbox 2140 911 3740 988">
     <span class='ocr_line' id='line_1_66' title="bbox 2140 911 3740 988; baseline 0.008 -23"><span class='ocrx_word' id='word_1_540' title='bbox 2140 911 2291 966; x_wconf 88' lang='lat' dir='ltr'><strong>nobis</strong></span> <span class='ocrx_word' id='word_1_541' title='bbox 2318 925 2505 968; x_wconf 88' lang='lat' dir='ltr'><strong>natura</strong></span> <span class='ocrx_word' id='word_1_542' title='bbox 2532 933 2544 968; x_wconf 92' lang='lat'><strong>:</strong></span> <span class='ocrx_word' id='word_1_543' title='bbox 2577 916 2670 971; x_wconf 84' lang='lat' dir='ltr'><strong>sed</strong></span> <span class='ocrx_word' id='word_1_544' title='bbox 2698 933 2760 971; x_wconf 90' lang='lat' dir='ltr'><strong>ea</strong></span> <span class='ocrx_word' id='word_1_545' title='bbox 2804 934 3199 987; x_wconf 82' lang='lat' dir='ltr'><strong>nonnumquam</strong></span> <span class='ocrx_word' id='word_1_546' title='bbox 3225 930 3640 988; x_wconf 85' lang='lat' dir='ltr'><strong>corrumpuntur</strong></span> <span class='ocrx_word' id='word_1_547' title='bbox 3667 936 3740 977; x_wconf 77' lang='lat' dir='ltr'><strong>ex</strong></span> 
     </span>
    </p>
   </div>
   <div class='ocr_carea' id='block_1_67' title="bbox 2139 1002 3738 1080">
    <p class='ocr_par' dir='ltr' id='par_1_67' title="bbox 2139 1002 3738 1080">
     <span class='ocr_line' id='line_1_67' title="bbox 2139 1002 3738 1080; baseline 0.006 -24"><span class='ocrx_word' id='word_1_548' title='bbox 2139 1002 2244 1058; x_wconf 88' lang='lat' dir='ltr'><strong>alio</strong></span> <span class='ocrx_word' id='word_1_549' title='bbox 2272 1003 2453 1059; x_wconf 89' lang='lat' dir='ltr'><strong>habitu</strong></span> <span class='ocrx_word' id='word_1_550' title='bbox 2479 1008 2781 1075; x_wconf 90' lang='lat' dir='ltr'><strong>contrario;</strong></span> <span class='ocrx_word' id='word_1_551' title='bbox 2814 1018 2867 1063; x_wconf 91' lang='lat' dir='ltr'><strong>et</strong></span> <span class='ocrx_word' id='word_1_552' title='bbox 2892 1025 3075 1063; x_wconf 87' lang='lat' dir='ltr'><strong>rursus</strong></span> <span class='ocrx_word' id='word_1_553' title='bbox 3103 1010 3368 1080; x_wconf 89' lang='lat' dir='ltr'><strong>appetitus</strong></span> <span class='ocrx_word' id='word_1_554' title='bbox 3391 1010 3657 1075; x_wconf 87' lang='lat' dir='ltr'><strong>ciborum,</strong></span> <span class='ocrx_word' id='word_1_555' title='bbox 3680 1019 3738 1066; x_wconf 89' lang='lat' dir='ltr'><strong>et</strong></span> 
     </span>
    </p>
   </div>
   <div class='ocr_carea' id='block_1_68' title="bbox 2138 1096 3737 1170">
    <p class='ocr_par' dir='ltr' id='par_1_68' title="bbox 2138 1096 3737 1170">
     <span class='ocr_line' id='line_1_68' title="bbox 2138 1096 3737 1170; baseline 0.004 -23"><span class='ocrx_word' id='word_1_556' title='bbox 2138 1107 2260 1148; x_wconf 91' lang='lat' dir='ltr'><strong>eum</strong></span> <span class='ocrx_word' id='word_1_557' title='bbox 2289 1109 2432 1165; x_wconf 63' lang='lat' dir='ltr'><strong>saepe</strong></span> <span class='ocrx_word' id='word_1_558' title='bbox 2457 1096 2727 1167; x_wconf 88' lang='lat' dir='ltr'><strong>perdimus</strong></span> <span class='ocrx_word' id='word_1_559' title='bbox 2756 1100 2884 1153; x_wconf 84' lang='lat' dir='ltr'><strong>vitio</strong></span> <span class='ocrx_word' id='word_1_560' title='bbox 2918 1100 3287 1170; x_wconf 67' lang='lat' dir='ltr'><strong>mgritudinum</strong></span> <span class='ocrx_word' id='word_1_561' title='bbox 3313 1116 3327 1165; x_wconf 88' lang='lat'><strong>;</strong></span> <span class='ocrx_word' id='word_1_562' title='bbox 3363 1101 3527 1155; x_wconf 85' lang='lat' dir='ltr'><strong>multa</strong></span> <span class='ocrx_word' id='word_1_563' title='bbox 3570 1101 3737 1155; x_wconf 86' lang='lat' dir='ltr'><strong>etiam</strong></span> 
     </span>
    </p>
   </div>
   <div class='ocr_carea' id='block_1_69' title="bbox 2138 1185 3741 1262">
    <p class='ocr_par' dir='ltr' id='par_1_69' title="bbox 2138 1185 3741 1262">
     <span class='ocr_line' id='line_1_69' title="bbox 2138 1185 3741 1262; baseline 0.004 -22"><span class='ocrx_word' id='word_1_564' title='bbox 2138 1185 2240 1240; x_wconf 86' lang='lat' dir='ltr'><strong>alia</strong></span> <span class='ocrx_word' id='word_1_565' title='bbox 2266 1187 2527 1257; x_wconf 59' lang='lat' dir='ltr'><strong>ejurmodi</strong></span> <span class='ocrx_word' id='word_1_566' title='bbox 2566 1191 2807 1247; x_wconf 83' lang='lat' dir='ltr'><strong>accidere</strong></span> <span class='ocrx_word' id='word_1_567' title='bbox 2839 1191 3095 1247; x_wconf 87' lang='lat' dir='ltr'><strong>videmus.</strong></span> <span class='ocrx_word' id='word_1_568' title='bbox 3128 1192 3281 1261; x_wconf 86' lang='lat' dir='ltr'><strong>Quod</strong></span> <span class='ocrx_word' id='word_1_569' title='bbox 3309 1194 3351 1246; x_wconf 84' lang='lat' dir='ltr'><strong>si</strong></span> <span class='ocrx_word' id='word_1_570' title='bbox 3384 1208 3445 1246; x_wconf 83' lang='lat' dir='ltr'><strong>ea</strong></span> <span class='ocrx_word' id='word_1_571' title='bbox 3474 1210 3589 1262; x_wconf 74' lang='lat' dir='ltr'><strong>qua:</strong></span> <span class='ocrx_word' id='word_1_572' title='bbox 3609 1202 3741 1246; x_wconf 89' lang='lat' dir='ltr'><strong>sunt</strong></span> 
     </span>
    </p>
   </div>
   <div class='ocr_carea' id='block_1_70' title="bbox 2142 1279 3737 1353">
    <p class='ocr_par' dir='ltr' id='par_1_70' title="bbox 2142 1279 3737 1353">
     <span class='ocr_line' id='line_1_70' title="bbox 2142 1279 3737 1353; baseline 0.004 -23"><span class='ocrx_word' id='word_1_573' title='bbox 2142 1279 2422 1346; x_wconf 87' lang='lat' dir='ltr'><strong>naturalia,</strong></span> <span class='ocrx_word' id='word_1_574' title='bbox 2454 1291 2747 1346; x_wconf 88' lang='lat' dir='ltr'><strong>mutantur,</strong></span> <span class='ocrx_word' id='word_1_575' title='bbox 2777 1283 2944 1337; x_wconf 88' lang='lat' dir='ltr'><strong>multo</strong></span> <span class='ocrx_word' id='word_1_576' title='bbox 2974 1284 3139 1353; x_wconf 76' lang='lat' dir='ltr'><strong>magis</strong></span> <span class='ocrx_word' id='word_1_577' title='bbox 3165 1300 3225 1338; x_wconf 85' lang='lat' dir='ltr'><strong>ea</strong></span> <span class='ocrx_word' id='word_1_578' title='bbox 3251 1300 3369 1352; x_wconf 67' lang='lat' dir='ltr'><strong>quae</strong></span> <span class='ocrx_word' id='word_1_579' title='bbox 3394 1293 3519 1337; x_wconf 89' lang='lat' dir='ltr'><strong>sunt</strong></span> <span class='ocrx_word' id='word_1_580' title='bbox 3544 1283 3737 1337; x_wconf 85' lang='lat' dir='ltr'><strong>volun-</strong></span> 
     </span>
    </p>
   </div>
   <div class='ocr_carea' id='block_1_71' title="bbox 2140 1369 3739 1446">
    <p class='ocr_par' dir='ltr' id='par_1_71' title="bbox 2140 1369 3739 1446">
     <span class='ocr_line' id='line_1_71' title="bbox 2140 1369 3739 1446; baseline 0.004 -24"><span class='ocrx_word' id='word_1_581' title='bbox 2140 1369 2302 1434; x_wconf 87' lang='lat' dir='ltr'><strong>tatis,</strong></span> <span class='ocrx_word' id='word_1_582' title='bbox 2354 1369 2560 1428; x_wconf 84' lang='lat' dir='ltr'><strong>facilius</strong></span> <span class='ocrx_word' id='word_1_583' title='bbox 2614 1382 2886 1429; x_wconf 87' lang='lat' dir='ltr'><strong>mutantur</strong></span> <span class='ocrx_word' id='word_1_584' title='bbox 2927 1373 2995 1428; x_wconf 86' lang='lat' dir='ltr'><strong>atl</strong></span> <span class='ocrx_word' id='word_1_585' title='bbox 3043 1375 3372 1430; x_wconf 89' lang='lat' dir='ltr'><strong>utrumlibet.</strong></span> <span class='ocrx_word' id='word_1_586' title='bbox 3419 1373 3497 1430; x_wconf 79' lang='lat' dir='ltr'><strong>Ne</strong></span> <span class='ocrx_word' id='word_1_587' title='bbox 3545 1391 3739 1446; x_wconf 80' lang='lat' dir='ltr'><strong>parum</strong></span> 
     </span>
    </p>
   </div>
   <div class='ocr_carea' id='block_1_72' title="bbox 2139 1457 3740 1534">
    <p class='ocr_par' dir='ltr' id='par_1_72' title="bbox 2139 1457 3740 1534">
     <span class='ocr_line' id='line_1_72' title="bbox 2139 1457 3740 1534; baseline 0.004 -21"><span class='ocrx_word' id='word_1_588' title='bbox 2139 1457 2317 1514; x_wconf 89' lang='lat' dir='ltr'><strong>damni</strong></span> <span class='ocrx_word' id='word_1_589' title='bbox 2349 1460 2541 1518; x_wconf 86' lang='lat' dir='ltr'><strong>aﬂ&#39;erre</strong></span> <span class='ocrx_word' id='word_1_590' title='bbox 2577 1465 2946 1521; x_wconf 77' lang='lat' dir='ltr'><strong>existimemus</strong></span> <span class='ocrx_word' id='word_1_591' title='bbox 2981 1466 3345 1534; x_wconf 88' lang='lat' dir='ltr'><strong>improborum</strong></span> <span class='ocrx_word' id='word_1_592' title='bbox 3386 1466 3740 1522; x_wconf 80' lang='lat' dir='ltr'><strong>consuetudi-</strong></span> 
     </span>
    </p>
   </div>
   <div class='ocr_carea' id='block_1_73' title="bbox 2142 1554 3736 1627">
    <p class='ocr_par' dir='ltr' id='par_1_73' title="bbox 2142 1554 3736 1627">
     <span class='ocr_line' id='line_1_73' title="bbox 2142 1554 3736 1627; baseline 0.003 -21"><span class='ocrx_word' id='word_1_593' title='bbox 2142 1568 2302 1608; x_wconf 90' lang='lat' dir='ltr'><strong>nem:</strong></span> <span class='ocrx_word' id='word_1_594' title='bbox 2351 1554 2444 1610; x_wconf 89' lang='lat' dir='ltr'><strong>setl</strong></span> <span class='ocrx_word' id='word_1_595' title='bbox 2486 1566 2609 1611; x_wconf 86' lang='lat' dir='ltr'><strong>ante</strong></span> <span class='ocrx_word' id='word_1_596' title='bbox 2646 1559 2824 1611; x_wconf 88' lang='lat' dir='ltr'><strong>omnia</strong></span> <span class='ocrx_word' id='word_1_597' title='bbox 2859 1573 2953 1612; x_wconf 91' lang='lat' dir='ltr'><strong>eos</strong></span> <span class='ocrx_word' id='word_1_598' title='bbox 2996 1559 3085 1627; x_wconf 88' lang='lat' dir='ltr'><strong>qtti</strong></span> <span class='ocrx_word' id='word_1_599' title='bbox 3133 1559 3263 1614; x_wconf 83' lang='lat' dir='ltr'><strong>tales</strong></span> <span class='ocrx_word' id='word_1_600' title='bbox 3308 1568 3432 1613; x_wconf 92' lang='lat' dir='ltr'><strong>sunt</strong></span> <span class='ocrx_word' id='word_1_601' title='bbox 3468 1558 3736 1622; x_wconf 59' lang='lat' dir='ltr'><strong>vitemui,</strong></span> 
     </span>
    </p>
   </div>
   <div class='ocr_carea' id='block_1_74' title="bbox 2140 1644 3735 1718">
    <p class='ocr_par' dir='ltr' id='par_1_74' title="bbox 2140 1644 3735 1718">
     <span class='ocr_line' id='line_1_74' title="bbox 2140 1644 3735 1718; baseline 0.001 -19"><span class='ocrx_word' id='word_1_602' title='bbox 2140 1644 2346 1699; x_wconf 64' lang='lat' dir='ltr'><strong>etiamsi</strong></span> <span class='ocrx_word' id='word_1_603' title='bbox 2388 1646 2495 1701; x_wconf 88' lang='lat' dir='ltr'><strong>sint</strong></span> <span class='ocrx_word' id='word_1_604' title='bbox 2526 1663 2751 1715; x_wconf 77' lang='lat' dir='ltr'><strong>uxores,</strong></span> <span class='ocrx_word' id='word_1_605' title='bbox 2796 1649 3000 1705; x_wconf 85' lang='lat' dir='ltr'><strong>etiamsi</strong></span> <span class='ocrx_word' id='word_1_606' title='bbox 3033 1649 3227 1714; x_wconf 90' lang='lat' dir='ltr'><strong>amici,</strong></span> <span class='ocrx_word' id='word_1_607' title='bbox 3255 1648 3464 1703; x_wconf 87' lang='lat' dir='ltr'><strong>etiamsi</strong></span> <span class='ocrx_word' id='word_1_608' title='bbox 3491 1648 3735 1718; x_wconf 85' lang='lat' dir='ltr'><strong>quilibet.</strong></span> 
     </span>
    </p>
   </div>
   <div class='ocr_carea' id='block_1_75' title="bbox 2142 1733 3738 1809">
    <p class='ocr_par' dir='ltr' id='par_1_75' title="bbox 2142 1733 3738 1809">
     <span class='ocr_line' id='line_1_75' title="bbox 2142 1733 3738 1809; baseline 0.001 -21"><span class='ocrx_word' id='word_1_609' title='bbox 2142 1733 2272 1788; x_wconf 78' lang='lat' dir='ltr'><strong>Nam</strong></span> <span class='ocrx_word' id='word_1_610' title='bbox 2317 1737 2417 1791; x_wconf 90' lang='lat' dir='ltr'><strong>hoc</strong></span> <span class='ocrx_word' id='word_1_611' title='bbox 2445 1738 2606 1793; x_wconf 89' lang='lat' dir='ltr'><strong>etiam</strong></span> <span class='ocrx_word' id='word_1_612' title='bbox 2652 1753 2870 1808; x_wconf 84' lang='lat' dir='ltr'><strong>magnos</strong></span> <span class='ocrx_word' id='word_1_613' title='bbox 2901 1739 3018 1793; x_wconf 91' lang='lat' dir='ltr'><strong>illos</strong></span> <span class='ocrx_word' id='word_1_614' title='bbox 3048 1740 3313 1809; x_wconf 81' lang='lat' dir='ltr'><strong>perdidit,</strong></span> <span class='ocrx_word' id='word_1_615' title='bbox 3341 1739 3688 1794; x_wconf 89' lang='lat' dir='ltr'><strong>Salomonetn</strong></span> <span class='ocrx_word' id='word_1_616' title='bbox 3715 1778 3738 1804; x_wconf 89' lang='lat'><strong>,</strong></span> 
     </span>
    </p>
   </div>
   <div class='ocr_carea' id='block_1_76' title="bbox 2145 1827 3742 1902">
    <p class='ocr_par' dir='ltr' id='par_1_76' title="bbox 2145 1827 3742 1902">
     <span class='ocr_line' id='line_1_76' title="bbox 2145 1827 3742 1902; baseline 0.003 -23"><span class='ocrx_word' id='word_1_617' title='bbox 2145 1827 2359 1893; x_wconf 86' lang='lat' dir='ltr'><strong>inquam</strong></span> <span class='ocrx_word' id='word_1_618' title='bbox 2390 1870 2406 1894; x_wconf 95' lang='lat'><strong>,</strong></span> <span class='ocrx_word' id='word_1_619' title='bbox 2435 1838 2487 1882; x_wconf 89' lang='lat' dir='ltr'><strong>et</strong></span> <span class='ocrx_word' id='word_1_620' title='bbox 2525 1828 2837 1884; x_wconf 83' lang='lat' dir='ltr'><strong>Samsonetn</strong></span> <span class='ocrx_word' id='word_1_621' title='bbox 2869 1850 2882 1886; x_wconf 90' lang='lat'><strong>:</strong></span> <span class='ocrx_word' id='word_1_622' title='bbox 2915 1831 3202 1902; x_wconf 85' lang='lat' dir='ltr'><strong>quinetiam</strong></span> <span class='ocrx_word' id='word_1_623' title='bbox 3233 1841 3399 1886; x_wconf 90' lang='lat' dir='ltr'><strong>totum</strong></span> <span class='ocrx_word' id='word_1_624' title='bbox 3443 1846 3611 1901; x_wconf 88' lang='lat' dir='ltr'><strong>genus</strong></span> <span class='ocrx_word' id='word_1_625' title='bbox 3634 1829 3742 1885; x_wconf 82' lang='lat' dir='ltr'><strong>Ju-</strong></span> 
     </span>
    </p>
   </div>
   <div class='ocr_carea' id='block_1_77' title="bbox 2140 1917 3743 1991">
    <p class='ocr_par' dir='ltr' id='par_1_77' title="bbox 2140 1917 3743 1991">
     <span class='ocr_line' id='line_1_77' title="bbox 2140 1917 3743 1991; baseline 0.002 -18"><span class='ocrx_word' id='word_1_626' title='bbox 2140 1917 2349 1973; x_wconf 89' lang='lat' dir='ltr'><strong>daicum</strong></span> <span class='ocrx_word' id='word_1_627' title='bbox 2392 1920 2468 1974; x_wconf 86' lang='lat' dir='ltr'><strong>sic</strong></span> <span class='ocrx_word' id='word_1_628' title='bbox 2506 1919 2679 1990; x_wconf 91' lang='lat' dir='ltr'><strong>periit.</strong></span> <span class='ocrx_word' id='word_1_629' title='bbox 2721 1919 2902 1991; x_wconf 81' lang='lat' dir='ltr'><strong>Neque</strong></span> <span class='ocrx_word' id='word_1_630' title='bbox 2940 1922 3080 1976; x_wconf 86' lang='lat' dir='ltr'><strong>enim</strong></span> <span class='ocrx_word' id='word_1_631' title='bbox 3128 1922 3253 1975; x_wconf 72' lang='lat' dir='ltr'><strong>ferte</strong></span> <span class='ocrx_word' id='word_1_632' title='bbox 3298 1923 3367 1976; x_wconf 90' lang='lat' dir='ltr'><strong>ita</strong></span> <span class='ocrx_word' id='word_1_633' title='bbox 3410 1922 3627 1989; x_wconf 71' lang='lat' dir='ltr'><strong>lmdunt,</strong></span> <span class='ocrx_word' id='word_1_634' title='bbox 3678 1931 3743 1976; x_wconf 87' lang='lat' dir='ltr'><strong>ut</strong></span> 
     </span>
    </p>
   </div>
   <div class='ocr_carea' id='block_1_78' title="bbox 2143 2008 3741 2086">
    <p class='ocr_par' dir='ltr' id='par_1_78' title="bbox 2143 2008 3741 2086">
     <span class='ocr_line' id='line_1_78' title="bbox 2143 2008 3741 2086; baseline 0.004 -23"><span class='ocrx_word' id='word_1_635' title='bbox 2143 2008 2416 2066; x_wconf 82' lang='lat' dir='ltr'><strong>hominum</strong></span> <span class='ocrx_word' id='word_1_636' title='bbox 2450 2013 2779 2082; x_wconf 89' lang='lat' dir='ltr'><strong>improbitas.</strong></span> <span class='ocrx_word' id='word_1_637' title='bbox 2810 2015 2915 2070; x_wconf 76' lang='lat' dir='ltr'><strong>lllte</strong></span> <span class='ocrx_word' id='word_1_638' title='bbox 2953 2016 3094 2069; x_wconf 89' lang='lat' dir='ltr'><strong>enim</strong></span> <span class='ocrx_word' id='word_1_639' title='bbox 3125 2031 3387 2069; x_wconf 84' lang='lat' dir='ltr'><strong>venenum</strong></span> <span class='ocrx_word' id='word_1_640' title='bbox 3415 2024 3597 2086; x_wconf 86' lang='lat' dir='ltr'><strong>aperte</strong></span> <span class='ocrx_word' id='word_1_641' title='bbox 3623 2031 3741 2085; x_wconf 74' lang='lat' dir='ltr'><strong>pra:</strong></span> 
     </span>
    </p>
   </div>
   <div class='ocr_carea' id='block_1_79' title="bbox 2143 2102 3742 2175">
    <p class='ocr_par' dir='ltr' id='par_1_79' title="bbox 2143 2102 3742 2175">
     <span class='ocr_line' id='line_1_79' title="bbox 2143 2102 3742 2175; baseline 0.003 -20"><span class='ocrx_word' id='word_1_642' title='bbox 2143 2115 2201 2155; x_wconf 88' lang='lat' dir='ltr'><strong>se</strong></span> <span class='ocrx_word' id='word_1_643' title='bbox 2239 2102 2451 2156; x_wconf 90' lang='lat' dir='ltr'><strong>ferunt:</strong></span> <span class='ocrx_word' id='word_1_644' title='bbox 2487 2102 2538 2157; x_wconf 90' lang='lat' dir='ltr'><strong>hi</strong></span> <span class='ocrx_word' id='word_1_645' title='bbox 2585 2113 2761 2158; x_wconf 89' lang='lat' dir='ltr'><strong>autem</strong></span> <span class='ocrx_word' id='word_1_646' title='bbox 2792 2104 2989 2159; x_wconf 88' lang='lat' dir='ltr'><strong>sensim</strong></span> <span class='ocrx_word' id='word_1_647' title='bbox 3036 2115 3091 2159; x_wconf 90' lang='lat' dir='ltr'><strong>et</strong></span> <span class='ocrx_word' id='word_1_648' title='bbox 3130 2107 3330 2175; x_wconf 44' lang='lat' dir='ltr'><strong>alisque</strong></span> <span class='ocrx_word' id='word_1_649' title='bbox 3372 2105 3480 2159; x_wconf 88' lang='lat' dir='ltr'><strong>ttllo</strong></span> <span class='ocrx_word' id='word_1_650' title='bbox 3508 2106 3742 2174; x_wconf 87' lang='lat' dir='ltr'><strong>strepitu</strong></span> 
     </span>
    </p>
   </div>
   <div class='ocr_carea' id='block_1_80' title="bbox 2143 2192 3741 2268">
    <p class='ocr_par' dir='ltr' id='par_1_80' title="bbox 2143 2192 3741 2268">
     <span class='ocr_line' id='line_1_80' title="bbox 2143 2192 3741 2268; baseline 0.005 -22"><span class='ocrx_word' id='word_1_651' title='bbox 2143 2192 2313 2248; x_wconf 88' lang='lat' dir='ltr'><strong>labem</strong></span> <span class='ocrx_word' id='word_1_652' title='bbox 2344 2194 2580 2264; x_wconf 88' lang='lat' dir='ltr'><strong>quotidie</strong></span> <span class='ocrx_word' id='word_1_653' title='bbox 2608 2196 2913 2262; x_wconf 90' lang='lat' dir='ltr'><strong>immittunt,</strong></span> <span class='ocrx_word' id='word_1_654' title='bbox 2944 2196 3010 2252; x_wconf 86' lang='lat' dir='ltr'><strong>de</strong></span> <span class='ocrx_word' id='word_1_655' title='bbox 3039 2197 3246 2252; x_wconf 84' lang='lat' dir='ltr'><strong>vittatis</strong></span> <span class='ocrx_word' id='word_1_656' title='bbox 3277 2197 3469 2252; x_wconf 89' lang='lat' dir='ltr'><strong>robore</strong></span> <span class='ocrx_word' id='word_1_657' title='bbox 3495 2198 3741 2268; x_wconf 68' lang='lat' dir='ltr'><strong>quotid7e</strong></span> 
     </span>
    </p>
   </div>
   <div class='ocr_carea' id='block_1_81' title="bbox 2143 2287 3740 2359">
    <p class='ocr_par' dir='ltr' id='par_1_81' title="bbox 2143 2287 3740 2359">
     <span class='ocr_line' id='line_1_81' title="bbox 2143 2287 3740 2359; baseline 0.003 -20"><span class='ocrx_word' id='word_1_658' title='bbox 2143 2287 2392 2355; x_wconf 88' lang='lat' dir='ltr'><strong>paulatim</strong></span> <span class='ocrx_word' id='word_1_659' title='bbox 2449 2287 2812 2343; x_wconf 85' lang='lat' dir='ltr'><strong>detrahentes.</strong></span> <span class='ocrx_word' id='word_1_660' title='bbox 2870 2288 3131 2358; x_wconf 72' lang='lat' dir='ltr'><strong>Quocirca</strong></span> <span class='ocrx_word' id='word_1_661' title='bbox 3188 2291 3348 2345; x_wconf 85' lang='lat' dir='ltr'><strong>etiam</strong></span> <span class='ocrx_word' id='word_1_662' title='bbox 3407 2290 3740 2359; x_wconf 71' lang='lat' dir='ltr'><strong>impudicam</strong></span> 
     </span>
    </p>
   </div>
   <div class='ocr_carea' id='block_1_82' title="bbox 2141 2380 3736 2453">
    <p class='ocr_par' dir='ltr' id='par_1_82' title="bbox 2141 2380 3736 2453">
     <span class='ocr_line' id='line_1_82' title="bbox 2141 2380 3736 2453; baseline 0.001 -22"><span class='ocrx_word' id='word_1_663' title='bbox 2141 2391 2414 2448; x_wconf 82' lang='lat' dir='ltr'><strong>aspectum</strong></span> <span class='ocrx_word' id='word_1_664' title='bbox 2447 2380 2585 2434; x_wconf 88' lang='lat' dir='ltr'><strong>Deus</strong></span> <span class='ocrx_word' id='word_1_665' title='bbox 2614 2381 2896 2447; x_wconf 89' lang='lat' dir='ltr'><strong>amolitur,</strong></span> <span class='ocrx_word' id='word_1_666' title='bbox 2931 2382 3153 2437; x_wconf 90' lang='lat' dir='ltr'><strong>dicens:</strong></span> <span class='ocrx_word' id='word_1_667' title='bbox 3185 2382 3287 2447; x_wconf 87' lang='lat' dir='ltr'><strong>Qui</strong></span> <span class='ocrx_word' id='word_1_668' title='bbox 3316 2383 3586 2453; x_wconf 72' lang='lat' dir='ltr'><strong>respexerit</strong></span> <span class='ocrx_word' id='word_1_669' title='bbox 3616 2400 3736 2434; x_wconf 88' lang='lat' dir='ltr'><strong>nm-</strong></span> 
     </span>
    </p>
   </div>
   <div class='ocr_carea' id='block_1_83' title="bbox 2141 2470 3738 2546">
    <p class='ocr_par' dir='ltr' id='par_1_83' title="bbox 2141 2470 3738 2546">
     <span class='ocr_line' id='line_1_83' title="bbox 2141 2470 3738 2546; baseline 0.003 -22"><span class='ocrx_word' id='word_1_670' title='bbox 2141 2470 2311 2526; x_wconf 82' lang='lat' dir='ltr'><strong>lierem</strong></span> <span class='ocrx_word' id='word_1_671' title='bbox 2340 2472 2409 2526; x_wconf 84' lang='lat' dir='ltr'><strong>ad</strong></span> <span class='ocrx_word' id='word_1_672' title='bbox 2448 2475 2923 2540; x_wconf 84' lang='lat' dir='ltr'><strong>concupiscendum,</strong></span> <span class='ocrx_word' id='word_1_673' title='bbox 2955 2476 3070 2546; x_wconf 84' lang='lat' dir='ltr'><strong>jam</strong></span> <span class='ocrx_word' id='word_1_674' title='bbox 3108 2478 3385 2528; x_wconf 68' lang='lat' dir='ltr'><strong>mae/tatus</strong></span> <span class='ocrx_word' id='word_1_675' title='bbox 3425 2483 3497 2528; x_wconf 84' lang='lat' dir='ltr'><strong>est</strong></span> <span class='ocrx_word' id='word_1_676' title='bbox 3540 2491 3650 2528; x_wconf 83' lang='lat' dir='ltr'><strong>eam</strong></span> <span class='ocrx_word' id='word_1_677' title='bbox 3680 2477 3738 2529; x_wconf 77' lang='lat' dir='ltr'><strong>iis</strong></span> 
     </span>
    </p>
   </div>
   <div class='ocr_carea' id='block_1_84' title="bbox 2140 2566 3735 2639">
    <p class='ocr_par' dir='ltr' id='par_1_84' title="bbox 2140 2566 3735 2639">
     <span class='ocr_line' id='line_1_84' title="bbox 2140 2566 3735 2639; baseline 0.003 -22"><span class='ocrx_word' id='word_1_678' title='bbox 2140 2567 2293 2621; x_wconf 86' lang='lat' dir='ltr'><strong>corde</strong></span> <span class='ocrx_word' id='word_1_679' title='bbox 2331 2583 2423 2621; x_wconf 84' lang='lat' dir='ltr'><strong>suo</strong></span> <span class='ocrx_word' id='word_1_680' title='bbox 2456 2566 2668 2639; x_wconf 82' lang='lat' dir='ltr'><strong>(Matth.</strong></span> <span class='ocrx_word' id='word_1_681' title='bbox 2700 2569 2752 2624; x_wconf 84' lang='lat'><strong>5.</strong></span> <span class='ocrx_word' id='word_1_682' title='bbox 2779 2568 2874 2636; x_wconf 69' lang='lat'><strong>38)</strong></span> <span class='ocrx_word' id='word_1_683' title='bbox 2904 2588 2917 2620; x_wconf 89' lang='lat'><strong>:</strong></span> <span class='ocrx_word' id='word_1_684' title='bbox 2962 2583 3027 2623; x_wconf 90' lang='lat' dir='ltr'><strong>eo</strong></span> <span class='ocrx_word' id='word_1_685' title='bbox 3052 2567 3191 2636; x_wconf 88' lang='lat' dir='ltr'><strong>quod</strong></span> <span class='ocrx_word' id='word_1_686' title='bbox 3230 2568 3297 2621; x_wconf 86' lang='lat' dir='ltr'><strong>sit</strong></span> <span class='ocrx_word' id='word_1_687' title='bbox 3325 2566 3477 2622; x_wconf 80' lang='lat' dir='ltr'><strong>facile</strong></span> <span class='ocrx_word' id='word_1_688' title='bbox 3516 2583 3579 2622; x_wconf 87' lang='lat' dir='ltr'><strong>ac</strong></span> <span class='ocrx_word' id='word_1_689' title='bbox 3606 2583 3735 2637; x_wconf 84' lang='lat' dir='ltr'><strong>pro-</strong></span> 
     </span>
    </p>
   </div>
   <div class='ocr_carea' id='block_1_85' title="bbox 2140 2658 3738 2728">
    <p class='ocr_par' dir='ltr' id='par_1_85' title="bbox 2140 2658 3738 2728">
     <span class='ocr_line' id='line_1_85' title="bbox 2140 2658 3738 2728; baseline 0 -15"><span class='ocrx_word' id='word_1_690' title='bbox 2140 2658 2279 2714; x_wconf 82' lang='lat' dir='ltr'><strong>clive</strong></span> <span class='ocrx_word' id='word_1_691' title='bbox 2318 2660 2567 2716; x_wconf 81' lang='lat' dir='ltr'><strong>exitium.</strong></span> <span class='ocrx_word' id='word_1_692' title='bbox 2609 2660 2688 2714; x_wconf 86' lang='lat' dir='ltr'><strong>Tu</strong></span> <span class='ocrx_word' id='word_1_693' title='bbox 2734 2670 2937 2726; x_wconf 86' lang='lat' dir='ltr'><strong>autem,</strong></span> <span class='ocrx_word' id='word_1_694' title='bbox 2989 2660 3033 2715; x_wconf 91' lang='lat' dir='ltr'><strong>si</strong></span> <span class='ocrx_word' id='word_1_695' title='bbox 3081 2660 3133 2713; x_wconf 93' lang='lat' dir='ltr'><strong>in</strong></span> <span class='ocrx_word' id='word_1_696' title='bbox 3184 2660 3397 2713; x_wconf 83' lang='lat' dir='ltr'><strong>civitate</strong></span> <span class='ocrx_word' id='word_1_697' title='bbox 3439 2658 3613 2728; x_wconf 88' lang='lat' dir='ltr'><strong>aliqua</strong></span> <span class='ocrx_word' id='word_1_698' title='bbox 3656 2658 3738 2713; x_wconf 86' lang='lat' dir='ltr'><strong>sis</strong></span> 
     </span>
    </p>
   </div>
   <div class='ocr_carea' id='block_1_86' title="bbox 2141 2749 3733 2821">
    <p class='ocr_par' dir='ltr' id='par_1_86' title="bbox 2141 2749 3733 2821">
     <span class='ocr_line' id='line_1_86' title="bbox 2141 2749 3733 2821; baseline 0.001 -19"><span class='ocrx_word' id='word_1_699' title='bbox 2141 2749 2496 2814; x_wconf 86' lang='lat' dir='ltr'><strong>habitaturus,</strong></span> <span class='ocrx_word' id='word_1_700' title='bbox 2520 2751 2587 2805; x_wconf 90' lang='lat' dir='ltr'><strong>de</strong></span> <span class='ocrx_word' id='word_1_701' title='bbox 2613 2766 2737 2806; x_wconf 90' lang='lat' dir='ltr'><strong>acre</strong></span> <span class='ocrx_word' id='word_1_702' title='bbox 2762 2752 2972 2806; x_wconf 89' lang='lat' dir='ltr'><strong>curiose</strong></span> <span class='ocrx_word' id='word_1_703' title='bbox 2999 2750 3242 2821; x_wconf 85' lang='lat' dir='ltr'><strong>inquiris,</strong></span> <span class='ocrx_word' id='word_1_704' title='bbox 3272 2766 3339 2804; x_wconf 91' lang='lat' dir='ltr'><strong>an</strong></span> <span class='ocrx_word' id='word_1_705' title='bbox 3369 2750 3437 2805; x_wconf 88' lang='lat' dir='ltr'><strong>sit</strong></span> <span class='ocrx_word' id='word_1_706' title='bbox 3467 2749 3695 2804; x_wconf 77' lang='lat' dir='ltr'><strong>salubris</strong></span> <span class='ocrx_word' id='word_1_707' title='bbox 3717 2793 3733 2814; x_wconf 91' lang='lat'><strong>,</strong></span> 
     </span>
    </p>
   </div>
   <div class='ocr_carea' id='block_1_87' title="bbox 2141 2841 3734 2913">
    <p class='ocr_par' dir='ltr' id='par_1_87' title="bbox 2141 2841 3734 2913">
     <span class='ocr_line' id='line_1_87' title="bbox 2141 2841 3734 2913; baseline -0.001 -16"><span class='ocrx_word' id='word_1_708' title='bbox 2141 2858 2206 2897; x_wconf 90' lang='lat' dir='ltr'><strong>an</strong></span> <span class='ocrx_word' id='word_1_709' title='bbox 2237 2853 2561 2913; x_wconf 86' lang='lat' dir='ltr'><strong>temperatus</strong></span> <span class='ocrx_word' id='word_1_710' title='bbox 2583 2886 2596 2909; x_wconf 92' lang='lat'><strong>,</strong></span> <span class='ocrx_word' id='word_1_711' title='bbox 2626 2858 2693 2898; x_wconf 86' lang='lat' dir='ltr'><strong>an</strong></span> <span class='ocrx_word' id='word_1_712' title='bbox 2719 2843 2893 2898; x_wconf 88' lang='lat' dir='ltr'><strong>siccus</strong></span> <span class='ocrx_word' id='word_1_713' title='bbox 2918 2861 2931 2896; x_wconf 93' lang='lat'>:</span> <span class='ocrx_word' id='word_1_714' title='bbox 2962 2842 3027 2898; x_wconf 88' lang='lat' dir='ltr'><strong>de</strong></span> <span class='ocrx_word' id='word_1_715' title='bbox 3052 2843 3227 2896; x_wconf 87' lang='lat' dir='ltr'><strong>anima</strong></span> <span class='ocrx_word' id='word_1_716' title='bbox 3254 2854 3428 2896; x_wconf 86' lang='lat' dir='ltr'><strong>autem</strong></span> <span class='ocrx_word' id='word_1_717' title='bbox 3468 2841 3734 2896; x_wconf 90' lang='lat' dir='ltr'><strong>rationem</strong></span> 
     </span>
    </p>
   </div>
   <div class='ocr_carea' id='block_1_88' title="bbox 2141 2931 3736 3001">
    <p class='ocr_par' dir='ltr' id='par_1_88' title="bbox 2141 2931 3736 3001">
     <span class='ocr_line' id='line_1_88' title="bbox 2141 2931 3736 3001; baseline -0.001 -13"><span class='ocrx_word' id='word_1_718' title='bbox 2141 2934 2387 3001; x_wconf 82' lang='lat' dir='ltr'><strong>initurus.</strong></span> <span class='ocrx_word' id='word_1_719' title='bbox 2421 2950 2526 2989; x_wconf 90' lang='lat' dir='ltr'><strong>non</strong></span> <span class='ocrx_word' id='word_1_720' title='bbox 2552 2949 2611 2989; x_wconf 90' lang='lat' dir='ltr'><strong>es</strong></span> <span class='ocrx_word' id='word_1_721' title='bbox 2630 2935 2890 2989; x_wconf 88' lang='lat' dir='ltr'><strong>sollicitus</strong></span> <span class='ocrx_word' id='word_1_722' title='bbox 2909 2933 2976 2989; x_wconf 91' lang='lat' dir='ltr'><strong>de</strong></span> <span class='ocrx_word' id='word_1_723' title='bbox 3000 2948 3184 2987; x_wconf 82' lang='lat' dir='ltr'><strong>eorum</strong></span> <span class='ocrx_word' id='word_1_724' title='bbox 3206 2932 3612 2997; x_wconf 88' lang='lat' dir='ltr'><strong>consuetudine,</strong></span> <span class='ocrx_word' id='word_1_725' title='bbox 3639 2931 3736 3001; x_wconf 87' lang='lat' dir='ltr'><strong>qui</strong></span> 
     </span>
    </p>
   </div>
   <div class='ocr_carea' id='block_1_89' title="bbox 2139 3023 3737 3093">
    <p class='ocr_par' dir='ltr' id='par_1_89' title="bbox 2139 3023 3737 3093">
     <span class='ocr_line' id='line_1_89' title="bbox 2139 3023 3737 3093; baseline -0.001 -14"><span class='ocrx_word' id='word_1_726' title='bbox 2139 3039 2259 3080; x_wconf 91' lang='lat' dir='ltr'><strong>eum</strong></span> <span class='ocrx_word' id='word_1_727' title='bbox 2288 3041 2347 3080; x_wconf 89' lang='lat' dir='ltr'><strong>ea</strong></span> <span class='ocrx_word' id='word_1_728' title='bbox 2377 3036 2498 3079; x_wconf 85' lang='lat' dir='ltr'><strong>sunt</strong></span> <span class='ocrx_word' id='word_1_729' title='bbox 2524 3024 2889 3093; x_wconf 77' lang='lat' dir='ltr'><strong>congressuri;</strong></span> <span class='ocrx_word' id='word_1_730' title='bbox 2916 3023 3009 3079; x_wconf 89' lang='lat' dir='ltr'><strong>sed</strong></span> <span class='ocrx_word' id='word_1_731' title='bbox 3038 3035 3236 3078; x_wconf 85' lang='lat' dir='ltr'><strong>temere</strong></span> <span class='ocrx_word' id='word_1_732' title='bbox 3256 3034 3310 3078; x_wconf 91' lang='lat' dir='ltr'><strong>et</strong></span> <span class='ocrx_word' id='word_1_733' title='bbox 3339 3023 3737 3077; x_wconf 71' lang='lat' dir='ltr'><strong>inconsiderate</strong></span> 
     </span>
    </p>
   </div>
   <div class='ocr_carea' id='block_1_90' title="bbox 2140 3114 3737 3186">
    <p class='ocr_par' dir='ltr' id='par_1_90' title="bbox 2140 3114 3737 3186">
     <span class='ocr_line' id='line_1_90' title="bbox 2140 3114 3737 3186; baseline -0.002 -15"><span class='ocrx_word' id='word_1_734' title='bbox 2140 3132 2257 3171; x_wconf 88' lang='lat' dir='ltr'><strong>eam</strong></span> <span class='ocrx_word' id='word_1_735' title='bbox 2289 3118 2535 3172; x_wconf 80' lang='lat' dir='ltr'><strong>omnibus</strong></span> <span class='ocrx_word' id='word_1_736' title='bbox 2565 3116 2829 3186; x_wconf 89' lang='lat' dir='ltr'><strong>permittis</strong></span> <span class='ocrx_word' id='word_1_737' title='bbox 2850 3116 2874 3166; x_wconf 63' lang='grc' dir='ltr'><strong>ἶ)</strong></span> <span class='ocrx_word' id='word_1_738' title='bbox 2894 3116 3086 3184; x_wconf 88' lang='lat' dir='ltr'><strong>Quam,</strong></span> <span class='ocrx_word' id='word_1_739' title='bbox 3115 3129 3318 3184; x_wconf 80' lang='lat' dir='ltr'><strong>qiueso,</strong></span> <span class='ocrx_word' id='word_1_740' title='bbox 3352 3114 3558 3168; x_wconf 88' lang='lat' dir='ltr'><strong>veniam</strong></span> <span class='ocrx_word' id='word_1_741' title='bbox 3585 3127 3737 3168; x_wconf 84' lang='lat' dir='ltr'><strong>asse-</strong></span> 
     </span>
    </p>
   </div>
   <div class='ocr_carea' id='block_1_91' title="bbox 2139 3206 3737 3281">
    <p class='ocr_par' dir='ltr' id='par_1_91' title="bbox 2139 3206 3737 3281">
     <span class='ocr_line' id='line_1_91' title="bbox 2139 3206 3737 3281; baseline 0 -21"><span class='ocrx_word' id='word_1_742' title='bbox 2139 3210 2317 3279; x_wconf 81' lang='lat' dir='ltr'><strong>queris</strong></span> <span class='ocrx_word' id='word_1_743' title='bbox 2340 3252 2353 3273; x_wconf 85' lang='lat'><strong>,</strong></span> <span class='ocrx_word' id='word_1_744' title='bbox 2382 3210 2470 3281; x_wconf 86' lang='lat' dir='ltr'><strong>qui</strong></span> <span class='ocrx_word' id='word_1_745' title='bbox 2499 3224 2614 3263; x_wconf 83' lang='lat' dir='ltr'><strong>eam</strong></span> <span class='ocrx_word' id='word_1_746' title='bbox 2644 3210 2721 3263; x_wconf 90' lang='lat' dir='ltr'><strong>sic</strong></span> <span class='ocrx_word' id='word_1_747' title='bbox 2749 3208 3007 3278; x_wconf 79' lang='lat' dir='ltr'><strong>negligis?</strong></span> <span class='ocrx_word' id='word_1_748' title='bbox 3036 3207 3311 3263; x_wconf 77' lang='lat' dir='ltr'><strong>Undenam</strong></span> <span class='ocrx_word' id='word_1_749' title='bbox 3336 3206 3613 3261; x_wconf 72' lang='lat' dir='ltr'><strong>existimas</strong></span> <span class='ocrx_word' id='word_1_750' title='bbox 3637 3221 3737 3261; x_wconf 89' lang='lat' dir='ltr'><strong>eos</strong></span> 
     </span>
    </p>
   </div>
   <div class='ocr_carea' id='block_1_92' title="bbox 2139 3297 3736 3370">
    <p class='ocr_par' dir='ltr' id='par_1_92' title="bbox 2139 3297 3736 3370">
     <span class='ocr_line' id='line_1_92' title="bbox 2139 3297 3736 3370; baseline -0.001 -17"><span class='ocrx_word' id='word_1_751' title='bbox 2139 3302 2227 3370; x_wconf 86' lang='lat' dir='ltr'><strong>qui</strong></span> <span class='ocrx_word' id='word_1_752' title='bbox 2260 3300 2469 3354; x_wconf 87' lang='lat' dir='ltr'><strong>deserta</strong></span> <span class='ocrx_word' id='word_1_753' title='bbox 2508 3301 2741 3355; x_wconf 77' lang='lat' dir='ltr'><strong>incolunt</strong></span> <span class='ocrx_word' id='word_1_754' title='bbox 2766 3341 2781 3366; x_wconf 96' lang='lat'><strong>,</strong></span> <span class='ocrx_word' id='word_1_755' title='bbox 2813 3299 3153 3353; x_wconf 89' lang='lat' dir='ltr'><strong>admirabiles</strong></span> <span class='ocrx_word' id='word_1_756' title='bbox 3180 3309 3231 3352; x_wconf 90' lang='lat' dir='ltr'><strong>et</strong></span> <span class='ocrx_word' id='word_1_757' title='bbox 3258 3298 3430 3353; x_wconf 87' lang='lat' dir='ltr'><strong>claros</strong></span> <span class='ocrx_word' id='word_1_758' title='bbox 3462 3297 3736 3353; x_wconf 84' lang='lat' dir='ltr'><strong>evadere?</strong></span> 
     </span>
    </p>
   </div>
   <div class='ocr_carea' id='block_1_93' title="bbox 2142 3389 3734 3462">
    <p class='ocr_par' dir='ltr' id='par_1_93' title="bbox 2142 3389 3734 3462">
     <span class='ocr_line' id='line_1_93' title="bbox 2142 3389 3734 3462; baseline -0.003 -15"><span class='ocrx_word' id='word_1_759' title='bbox 2142 3408 2322 3447; x_wconf 85' lang='lat' dir='ltr'><strong>nonne</strong></span> <span class='ocrx_word' id='word_1_760' title='bbox 2359 3393 2500 3462; x_wconf 85' lang='lat' dir='ltr'><strong>quod</strong></span> <span class='ocrx_word' id='word_1_761' title='bbox 2543 3393 2797 3461; x_wconf 80' lang='lat' dir='ltr'><strong>strepitus</strong></span> <span class='ocrx_word' id='word_1_762' title='bbox 2834 3401 2887 3447; x_wconf 86' lang='lat' dir='ltr'><strong>et</strong></span> <span class='ocrx_word' id='word_1_763' title='bbox 2932 3391 3041 3445; x_wconf 87' lang='lat' dir='ltr'><strong>fora</strong></span> <span class='ocrx_word' id='word_1_764' title='bbox 3093 3390 3335 3461; x_wconf 84' lang='lat' dir='ltr'><strong>fugiant?</strong></span> <span class='ocrx_word' id='word_1_765' title='bbox 3372 3405 3548 3443; x_wconf 89' lang='lat' dir='ltr'><strong>nonne</strong></span> <span class='ocrx_word' id='word_1_766' title='bbox 3587 3389 3734 3460; x_wconf 87' lang='lat' dir='ltr'><strong>quod</strong></span> 
     </span>
    </p>
   </div>
   <div class='ocr_carea' id='block_1_94' title="bbox 2139 3482 3735 3557">
    <p class='ocr_par' dir='ltr' id='par_1_94' title="bbox 2139 3482 3735 3557">
     <span class='ocr_line' id='line_1_94' title="bbox 2139 3482 3735 3557; baseline -0.003 -19"><span class='ocrx_word' id='word_1_767' title='bbox 2139 3486 2295 3555; x_wconf 86' lang='lat' dir='ltr'><strong>longe</strong></span> <span class='ocrx_word' id='word_1_768' title='bbox 2317 3500 2347 3539; x_wconf 91' lang='lat' dir='ltr'><strong>a</strong></span> <span class='ocrx_word' id='word_1_769' title='bbox 2377 3487 2520 3540; x_wconf 88' lang='lat' dir='ltr'><strong>fumo</strong></span> <span class='ocrx_word' id='word_1_770' title='bbox 2549 3488 2905 3557; x_wconf 80' lang='lat' dir='ltr'><strong>negotiorum,</strong></span> <span class='ocrx_word' id='word_1_771' title='bbox 2933 3500 3049 3554; x_wconf 73' lang='lat' dir='ltr'><strong>qua:</strong></span> <span class='ocrx_word' id='word_1_772' title='bbox 3071 3495 3193 3537; x_wconf 90' lang='lat' dir='ltr'><strong>sunt</strong></span> <span class='ocrx_word' id='word_1_773' title='bbox 3216 3483 3267 3537; x_wconf 92' lang='lat' dir='ltr'><strong>in</strong></span> <span class='ocrx_word' id='word_1_774' title='bbox 3294 3482 3467 3537; x_wconf 85' lang='lat' dir='ltr'><strong>medio</strong></span> <span class='ocrx_word' id='word_1_775' title='bbox 3488 3525 3501 3546; x_wconf 93' lang='lat'><strong>,</strong></span> <span class='ocrx_word' id='word_1_776' title='bbox 3532 3496 3590 3536; x_wconf 86' lang='lat' dir='ltr'><strong>se</strong></span> <span class='ocrx_word' id='word_1_777' title='bbox 3616 3482 3735 3534; x_wconf 76' lang='lat' dir='ltr'><strong>colo</strong></span> 
     </span>
    </p>
   </div>
   <div class='ocr_carea' id='block_1_95' title="bbox 2139 3573 3736 3649">
    <p class='ocr_par' dir='ltr' id='par_1_95' title="bbox 2139 3573 3736 3649">
     <span class='ocr_line' id='line_1_95' title="bbox 2139 3573 3736 3649; baseline -0.003 -17"><span class='ocrx_word' id='word_1_778' title='bbox 2139 3578 2403 3633; x_wconf 85' lang='lat' dir='ltr'><strong>lorarint?</strong></span> <span class='ocrx_word' id='word_1_779' title='bbox 2429 3579 2535 3634; x_wconf 86' lang='lat' dir='ltr'><strong>Eos</strong></span> <span class='ocrx_word' id='word_1_780' title='bbox 2570 3581 2681 3649; x_wconf 89' lang='lat' dir='ltr'><strong>ipse</strong></span> <span class='ocrx_word' id='word_1_781' title='bbox 2719 3594 2928 3649; x_wconf 86' lang='lat' dir='ltr'><strong>quoque</strong></span> <span class='ocrx_word' id='word_1_782' title='bbox 2968 3578 3195 3641; x_wconf 88' lang='lat' dir='ltr'><strong>imitare,</strong></span> <span class='ocrx_word' id='word_1_783' title='bbox 3223 3575 3273 3630; x_wconf 91' lang='lat' dir='ltr'><strong>in</strong></span> <span class='ocrx_word' id='word_1_784' title='bbox 3302 3574 3472 3631; x_wconf 85' lang='lat' dir='ltr'><strong>media</strong></span> <span class='ocrx_word' id='word_1_785' title='bbox 3516 3573 3736 3629; x_wconf 86' lang='lat' dir='ltr'><strong>civitate</strong></span> 
     </span>
    </p>
   </div>
   <div class='ocr_carea' id='block_1_96' title="bbox 2140 3664 3733 3741">
    <p class='ocr_par' dir='ltr' id='par_1_96' title="bbox 2140 3664 3733 3741">
     <span class='ocr_line' id='line_1_96' title="bbox 2140 3664 3733 3741; baseline -0.004 -16"><span class='ocrx_word' id='word_1_786' title='bbox 2140 3670 2478 3725; x_wconf 90' lang='lat' dir='ltr'><strong>solitudinem</strong></span> <span class='ocrx_word' id='word_1_787' title='bbox 2503 3685 2847 3741; x_wconf 65' lang='lat' dir='ltr'><strong>persequens.</strong></span> <span class='ocrx_word' id='word_1_788' title='bbox 2877 3668 3156 3739; x_wconf 85' lang='lat' dir='ltr'><strong>Quomodo</strong></span> <span class='ocrx_word' id='word_1_789' title='bbox 3177 3682 3352 3722; x_wconf 78' lang='lat' dir='ltr'><strong>autem</strong></span> <span class='ocrx_word' id='word_1_790' title='bbox 3381 3666 3481 3719; x_wconf 89' lang='lat' dir='ltr'><strong>hoc</strong></span> <span class='ocrx_word' id='word_1_791' title='bbox 3509 3666 3610 3720; x_wconf 88' lang='lat' dir='ltr'><strong>erit</strong></span> <span class='ocrx_word' id='word_1_792' title='bbox 3631 3664 3653 3717; x_wconf 84' lang='lat'><strong>?</strong></span> <span class='ocrx_word' id='word_1_793' title='bbox 3676 3665 3733 3719; x_wconf 91' lang='lat' dir='ltr'><strong>Si</strong></span> 
     </span>
    </p>
   </div>
   <div class='ocr_carea' id='block_1_97' title="bbox 2138 3756 3736 3831">
    <p class='ocr_par' dir='ltr' id='par_1_97' title="bbox 2138 3756 3736 3831">
     <span class='ocr_line' id='line_1_97' title="bbox 2138 3756 3736 3831; baseline -0.005 -15"><span class='ocrx_word' id='word_1_794' title='bbox 2138 3761 2307 3830; x_wconf 77' lang='lat' dir='ltr'><strong>fugias</strong></span> <span class='ocrx_word' id='word_1_795' title='bbox 2337 3762 2610 3831; x_wconf 88' lang='lat' dir='ltr'><strong>improbos</strong></span> <span class='ocrx_word' id='word_1_796' title='bbox 2631 3804 2645 3827; x_wconf 94' lang='lat'><strong>,</strong></span> <span class='ocrx_word' id='word_1_797' title='bbox 2678 3771 2732 3816; x_wconf 91' lang='lat' dir='ltr'><strong>et</strong></span> <span class='ocrx_word' id='word_1_798' title='bbox 2754 3761 2801 3816; x_wconf 89' lang='lat' dir='ltr'><strong>si</strong></span> <span class='ocrx_word' id='word_1_799' title='bbox 2833 3762 3000 3816; x_wconf 89' lang='lat' dir='ltr'><strong>bonos</strong></span> <span class='ocrx_word' id='word_1_800' title='bbox 3038 3759 3296 3830; x_wconf 69' lang='lat' dir='ltr'><strong>sequaris.</strong></span> <span class='ocrx_word' id='word_1_801' title='bbox 3329 3756 3403 3812; x_wconf 85' lang='lat' dir='ltr'><strong>Ita</strong></span> <span class='ocrx_word' id='word_1_802' title='bbox 3432 3757 3575 3812; x_wconf 89' lang='lat' dir='ltr'><strong>enim</strong></span> <span class='ocrx_word' id='word_1_803' title='bbox 3615 3770 3736 3809; x_wconf 87' lang='lat' dir='ltr'><strong>ma-</strong></span> 
     </span>
    </p>
   </div>
   <div class='ocr_carea' id='block_1_98' title="bbox 2135 3847 3735 3925">
    <p class='ocr_par' dir='ltr' id='par_1_98' title="bbox 2135 3847 3735 3925">
     <span class='ocr_line' id='line_1_98' title="bbox 2135 3847 3735 3925; baseline -0.004 -17"><span class='ocrx_word' id='word_1_804' title='bbox 2135 3853 2306 3925; x_wconf 90' lang='lat' dir='ltr'><strong>jorem</strong></span> <span class='ocrx_word' id='word_1_805' title='bbox 2353 3855 2615 3925; x_wconf 66' lang='lat' dir='ltr'><strong>percipies</strong></span> <span class='ocrx_word' id='word_1_806' title='bbox 2660 3856 3021 3917; x_wconf 67' lang='lat' dir='ltr'><strong>securitatem,</strong></span> <span class='ocrx_word' id='word_1_807' title='bbox 3069 3866 3228 3922; x_wconf 88' lang='lat' dir='ltr'><strong>quam</strong></span> <span class='ocrx_word' id='word_1_808' title='bbox 3272 3851 3360 3921; x_wconf 89' lang='lat' dir='ltr'><strong>qui</strong></span> <span class='ocrx_word' id='word_1_809' title='bbox 3407 3849 3461 3904; x_wconf 90' lang='lat' dir='ltr'><strong>in</strong></span> <span class='ocrx_word' id='word_1_810' title='bbox 3502 3847 3735 3903; x_wconf 88' lang='lat' dir='ltr'><strong>desertis</strong></span> 
     </span>
    </p>
   </div>
   <div class='ocr_carea' id='block_1_99' title="bbox 2142 3938 3733 4014">
    <p class='ocr_par' dir='ltr' id='par_1_99' title="bbox 2142 3938 3733 4014">
     <span class='ocr_line' id='line_1_99' title="bbox 2142 3938 3733 4014; baseline -0.005 -15"><span class='ocrx_word' id='word_1_811' title='bbox 2142 3947 2416 4011; x_wconf 78' lang='lat' dir='ltr'><strong>habitant,</strong></span> <span class='ocrx_word' id='word_1_812' title='bbox 2446 3961 2551 4001; x_wconf 89' lang='lat' dir='ltr'><strong>non</strong></span> <span class='ocrx_word' id='word_1_813' title='bbox 2574 3946 2744 4000; x_wconf 87' lang='lat' dir='ltr'><strong>solum</strong></span> <span class='ocrx_word' id='word_1_814' title='bbox 2778 3946 2831 3999; x_wconf 92' lang='lat' dir='ltr'><strong>in</strong></span> <span class='ocrx_word' id='word_1_815' title='bbox 2876 3943 2940 3998; x_wconf 87' lang='lat' dir='ltr'><strong>iis</strong></span> <span class='ocrx_word' id='word_1_816' title='bbox 2971 3942 3232 4014; x_wconf 84' lang='lat' dir='ltr'><strong>fugiendis</strong></span> <span class='ocrx_word' id='word_1_817' title='bbox 3257 3942 3343 4011; x_wconf 89' lang='lat' dir='ltr'><strong>qui</strong></span> <span class='ocrx_word' id='word_1_818' title='bbox 3371 3939 3598 4005; x_wconf 74' lang='lat' dir='ltr'><strong>lmdnnt,</strong></span> <span class='ocrx_word' id='word_1_819' title='bbox 3635 3938 3733 3991; x_wconf 83' lang='lat' dir='ltr'><strong>sed</strong></span> 
     </span>
    </p>
   </div>
   <div class='ocr_carea' id='block_1_100' title="bbox 2138 4028 3733 4103">
    <p class='ocr_par' dir='ltr' id='par_1_100' title="bbox 2138 4028 3733 4103">
     <span class='ocr_line' id='line_1_100' title="bbox 2138 4028 3733 4103; baseline -0.006 -12"><span class='ocrx_word' id='word_1_820' title='bbox 2138 4039 2296 4091; x_wconf 85' lang='lat' dir='ltr'><strong>etiam</strong></span> <span class='ocrx_word' id='word_1_821' title='bbox 2326 4038 2377 4092; x_wconf 91' lang='lat' dir='ltr'><strong>in</strong></span> <span class='ocrx_word' id='word_1_822' title='bbox 2405 4035 2849 4092; x_wconf 86' lang='lat' dir='ltr'><strong>communicando</strong></span> <span class='ocrx_word' id='word_1_823' title='bbox 2875 4049 2994 4089; x_wconf 90' lang='lat' dir='ltr'><strong>cum</strong></span> <span class='ocrx_word' id='word_1_824' title='bbox 3029 4035 3090 4087; x_wconf 86' lang='lat' dir='ltr'><strong>iis</strong></span> <span class='ocrx_word' id='word_1_825' title='bbox 3116 4032 3203 4103; x_wconf 87' lang='lat' dir='ltr'><strong>qni</strong></span> <span class='ocrx_word' id='word_1_826' title='bbox 3234 4039 3472 4100; x_wconf 88' lang='lat' dir='ltr'><strong>prosunt.</strong></span> <span class='ocrx_word' id='word_1_827' title='bbox 3506 4028 3560 4085; x_wconf 88' lang='lat' dir='ltr'><strong>Si</strong></span> <span class='ocrx_word' id='word_1_828' title='bbox 3588 4029 3733 4083; x_wconf 89' lang='lat' dir='ltr'><strong>enim</strong></span> 
     </span>
    </p>
   </div>
   <div class='ocr_carea' id='block_1_101' title="bbox 2140 4122 3737 4198">
    <p class='ocr_par' dir='ltr' id='par_1_101' title="bbox 2140 4122 3737 4198">
     <span class='ocr_line' id='line_1_101' title="bbox 2140 4122 3737 4198; baseline -0.006 -14"><span class='ocrx_word' id='word_1_829' title='bbox 2140 4130 2309 4184; x_wconf 83' lang='lat' dir='ltr'><strong>malos</strong></span> <span class='ocrx_word' id='word_1_830' title='bbox 2338 4127 2550 4198; x_wconf 89' lang='lat' dir='ltr'><strong>quidem</strong></span> <span class='ocrx_word' id='word_1_831' title='bbox 2582 4126 2772 4197; x_wconf 88' lang='lat' dir='ltr'><strong>fugias,</strong></span> <span class='ocrx_word' id='word_1_832' title='bbox 2797 4127 2967 4182; x_wconf 91' lang='lat' dir='ltr'><strong>bonos</strong></span> <span class='ocrx_word' id='word_1_833' title='bbox 2992 4135 3167 4179; x_wconf 91' lang='lat' dir='ltr'><strong>autem</strong></span> <span class='ocrx_word' id='word_1_834' title='bbox 3194 4122 3454 4194; x_wconf 89' lang='lat' dir='ltr'><strong>sequaris,</strong></span> <span class='ocrx_word' id='word_1_835' title='bbox 3484 4123 3737 4190; x_wconf 68' lang='lat' dir='ltr'><strong>utrinque</strong></span> 
     </span>
    </p>
   </div>
   <div class='ocr_carea' id='block_1_102' title="bbox 2139 4213 3737 4288">
    <p class='ocr_par' dir='ltr' id='par_1_102' title="bbox 2139 4213 3737 4288">
     <span class='ocr_line' id='line_1_102' title="bbox 2139 4213 3737 4288; baseline -0.008 -11"><span class='ocrx_word' id='word_1_836' title='bbox 2139 4229 2195 4276; x_wconf 90' lang='lat' dir='ltr'><strong>et</strong></span> <span class='ocrx_word' id='word_1_837' title='bbox 2219 4221 2386 4275; x_wconf 86' lang='lat' dir='ltr'><strong>virtus</strong></span> <span class='ocrx_word' id='word_1_838' title='bbox 2416 4226 2684 4288; x_wconf 85' lang='lat' dir='ltr'><strong>angescet,</strong></span> <span class='ocrx_word' id='word_1_839' title='bbox 2727 4229 2782 4273; x_wconf 89' lang='lat' dir='ltr'><strong>et</strong></span> <span class='ocrx_word' id='word_1_840' title='bbox 2810 4217 3085 4271; x_wconf 80' lang='lat' dir='ltr'><strong>decrescet</strong></span> <span class='ocrx_word' id='word_1_841' title='bbox 3125 4216 3331 4269; x_wconf 87' lang='lat' dir='ltr'><strong>vitimn.</strong></span> <span class='ocrx_word' id='word_1_842' title='bbox 3360 4213 3429 4269; x_wconf 88' lang='lat' dir='ltr'><strong>Ut</strong></span> <span class='ocrx_word' id='word_1_843' title='bbox 3473 4214 3575 4267; x_wconf 91' lang='lat' dir='ltr'><strong>hoc</strong></span> <span class='ocrx_word' id='word_1_844' title='bbox 3603 4226 3737 4282; x_wconf 78' lang='lat' dir='ltr'><strong>ergo</strong></span> 
     </span>
    </p>
   </div>
   <div class='ocr_carea' id='block_1_103' title="bbox 2144 4302 3731 4377">
    <p class='ocr_par' dir='ltr' id='par_1_103' title="bbox 2144 4302 3731 4377">
     <span class='ocr_line' id='line_1_103' title="bbox 2144 4302 3731 4377; baseline -0.006 -11"><span class='ocrx_word' id='word_1_845' title='bbox 2144 4310 2254 4375; x_wconf 85' lang='lat' dir='ltr'><strong>fiat,</strong></span> <span class='ocrx_word' id='word_1_846' title='bbox 2279 4311 2392 4365; x_wconf 76' lang='lat' dir='ltr'><strong>ha-c</strong></span> <span class='ocrx_word' id='word_1_847' title='bbox 2421 4308 2697 4373; x_wconf 82' lang='lat' dir='ltr'><strong>faciamus,</strong></span> <span class='ocrx_word' id='word_1_848' title='bbox 2728 4317 2976 4377; x_wconf 87' lang='lat' dir='ltr'><strong>parentes</strong></span> <span class='ocrx_word' id='word_1_849' title='bbox 2999 4306 3427 4377; x_wconf 86' lang='lat' dir='ltr'><strong>psalmographo,</strong></span> <span class='ocrx_word' id='word_1_850' title='bbox 3454 4304 3542 4374; x_wconf 91' lang='lat' dir='ltr'><strong>qui</strong></span> <span class='ocrx_word' id='word_1_851' title='bbox 3565 4302 3731 4358; x_wconf 89' lang='lat' dir='ltr'><strong>dicit:</strong></span> 
     </span>
    </p>
   </div>
   <div class='ocr_carea' id='block_1_104' title="bbox 2143 4395 3737 4470">
    <p class='ocr_par' dir='ltr' id='par_1_104' title="bbox 2143 4395 3737 4470">
     <span class='ocr_line' id='line_1_104' title="bbox 2143 4395 3737 4470; baseline -0.005 -14"><span class='ocrx_word' id='word_1_852' title='bbox 2143 4401 2396 4468; x_wconf 80' lang='lat' dir='ltr'><strong>Quoniam</strong></span> <span class='ocrx_word' id='word_1_853' title='bbox 2444 4411 2531 4467; x_wconf 88' lang='lat' dir='ltr'><strong>tu,</strong></span> <span class='ocrx_word' id='word_1_854' title='bbox 2564 4399 2797 4462; x_wconf 89' lang='lat' dir='ltr'><strong>Domine,</strong></span> <span class='ocrx_word' id='word_1_855' title='bbox 2840 4398 3165 4470; x_wconf 82' lang='lat' dir='ltr'><strong>singulariter</strong></span> <span class='ocrx_word' id='word_1_856' title='bbox 3206 4399 3258 4451; x_wconf 88' lang='lat' dir='ltr'><strong>in</strong></span> <span class='ocrx_word' id='word_1_857' title='bbox 3297 4413 3389 4467; x_wconf 76' lang='lat' dir='ltr'><strong>spe</strong></span> <span class='ocrx_word' id='word_1_858' title='bbox 3432 4395 3737 4449; x_wconf 59' lang='lat' dir='ltr'><strong>conuiuiin</strong></span> 
     </span>
    </p>
   </div>
   <div class='ocr_carea' id='block_1_105' title="bbox 2139 4486 3731 4555">
    <p class='ocr_par' dir='ltr' id='par_1_105' title="bbox 2139 4486 3731 4555">
     <span class='ocr_line' id='line_1_105' title="bbox 2139 4486 3731 4555; baseline -0.005 -6"><span class='ocrx_word' id='word_1_859' title='bbox 2139 4512 2220 4549; x_wconf 87' lang='lat' dir='ltr'><strong>me</strong></span> <span class='ocrx_word' id='word_1_860' title='bbox 2252 4500 2289 4548; x_wconf 83' lang='grc'><strong>³.</strong></span> <span class='ocrx_word' id='word_1_861' title='bbox 2336 4495 2433 4550; x_wconf 85' lang='lat' dir='ltr'><strong>llic</strong></span> <span class='ocrx_word' id='word_1_862' title='bbox 2474 4509 2602 4550; x_wconf 91' lang='lat' dir='ltr'><strong>vero</strong></span> <span class='ocrx_word' id='word_1_863' title='bbox 2643 4493 2803 4549; x_wconf 89' lang='lat' dir='ltr'><strong>finem</strong></span> <span class='ocrx_word' id='word_1_864' title='bbox 2847 4492 3054 4548; x_wconf 86' lang='lat' dir='ltr'><strong>dicendi</strong></span> <span class='ocrx_word' id='word_1_865' title='bbox 3090 4490 3298 4555; x_wconf 76' lang='lat' dir='ltr'><strong>faciam,</strong></span> <span class='ocrx_word' id='word_1_866' title='bbox 3339 4503 3466 4543; x_wconf 90' lang='lat' dir='ltr'><strong>cum</strong></span> <span class='ocrx_word' id='word_1_867' title='bbox 3499 4486 3731 4552; x_wconf 83' lang='lat' dir='ltr'><strong>abunde,</strong></span> 
     </span>
    </p>
   </div>
   <div class='ocr_carea' id='block_1_106' title="bbox 2140 4580 3736 4662">
    <p class='ocr_par' dir='ltr' id='par_1_106' title="bbox 2140 4580 3736 4662">
     <span class='ocr_line' id='line_1_106' title="bbox 2140 4580 3736 4662; baseline -0.008 -15"><span class='ocrx_word' id='word_1_868' title='bbox 2140 4594 2355 4662; x_wconf 89' lang='lat' dir='ltr'><strong>opinor,</strong></span> <span class='ocrx_word' id='word_1_869' title='bbox 2383 4591 2681 4662; x_wconf 85' lang='lat' dir='ltr'><strong>propositas</strong></span> <span class='ocrx_word' id='word_1_870' title='bbox 2710 4588 3032 4660; x_wconf 69' lang='lat' dir='ltr'><strong>qumstiones</strong></span> <span class='ocrx_word' id='word_1_871' title='bbox 3061 4587 3399 4651; x_wconf 89' lang='lat' dir='ltr'><strong>solverimus,</strong></span> <span class='ocrx_word' id='word_1_872' title='bbox 3443 4584 3493 4636; x_wconf 93' lang='lat' dir='ltr'><strong>in</strong></span> <span class='ocrx_word' id='word_1_873' title='bbox 3521 4580 3736 4637; x_wconf 75' lang='lat' dir='ltr'><strong>Christo</strong></span> 
     </span>
    </p>
   </div>
   <div class='ocr_carea' id='block_1_107' title="bbox 2139 4676 3735 4750">
    <p class='ocr_par' dir='ltr' id='par_1_107' title="bbox 2139 4676 3735 4750">
     <span class='ocr_line' id='line_1_107' title="bbox 2139 4676 3735 4750; baseline -0.009 -10"><span class='ocrx_word' id='word_1_874' title='bbox 2139 4682 2265 4740; x_wconf 81' lang='lat' dir='ltr'><strong>Jesn</strong></span> <span class='ocrx_word' id='word_1_875' title='bbox 2299 4684 2523 4739; x_wconf 91' lang='lat' dir='ltr'><strong>Domino</strong></span> <span class='ocrx_word' id='word_1_876' title='bbox 2563 4690 2768 4747; x_wconf 88' lang='lat' dir='ltr'><strong>nostro,</strong></span> <span class='ocrx_word' id='word_1_877' title='bbox 2796 4680 2879 4735; x_wconf 91' lang='lat' dir='ltr'><strong>cui</strong></span> <span class='ocrx_word' id='word_1_878' title='bbox 2901 4679 3066 4750; x_wconf 84' lang='lat' dir='ltr'><strong>gloria</strong></span> <span class='ocrx_word' id='word_1_879' title='bbox 3095 4688 3147 4732; x_wconf 88' lang='lat' dir='ltr'><strong>ct</strong></span> <span class='ocrx_word' id='word_1_880' title='bbox 3173 4676 3476 4745; x_wconf 87' lang='lat' dir='ltr'><strong>imperium,</strong></span> <span class='ocrx_word' id='word_1_881' title='bbox 3506 4686 3649 4727; x_wconf 84' lang='lat' dir='ltr'><strong>nunc</strong></span> <span class='ocrx_word' id='word_1_882' title='bbox 3679 4682 3735 4726; x_wconf 88' lang='lat' dir='ltr'><strong>et</strong></span> 
     </span>
    </p>
   </div>
   <div class='ocr_carea' id='block_1_108' title="bbox 2141 4770 3349 4845">
    <p class='ocr_par' dir='ltr' id='par_1_108' title="bbox 2141 4770 3349 4845">
     <span class='ocr_line' id='line_1_108' title="bbox 2141 4770 3349 4845; baseline -0.011 -13"><span class='ocrx_word' id='word_1_883' title='bbox 2141 4791 2373 4845; x_wconf 86' lang='lat' dir='ltr'><strong>semper,</strong></span> <span class='ocrx_word' id='word_1_884' title='bbox 2405 4784 2459 4831; x_wconf 93' lang='lat' dir='ltr'><strong>et</strong></span> <span class='ocrx_word' id='word_1_885' title='bbox 2486 4776 2537 4830; x_wconf 92' lang='lat' dir='ltr'><strong>in</strong></span> <span class='ocrx_word' id='word_1_886' title='bbox 2564 4772 2755 4828; x_wconf 68' lang='lat' dir='ltr'><strong>saecula</strong></span> <span class='ocrx_word' id='word_1_887' title='bbox 2788 4772 3121 4826; x_wconf 69' lang='lat' dir='ltr'><strong>saeculorum.</strong></span> <span class='ocrx_word' id='word_1_888' title='bbox 3155 4770 3349 4823; x_wconf 85' lang='lat' dir='ltr'><strong>Amen.</strong></span> 
     </span>
    </p>
   </div>
   <div class='ocr_carea' id='block_1_109' title="bbox 2463 4881 3407 4941">
    <p class='ocr_par' dir='ltr' id='par_1_109' title="bbox 2463 4881 3407 4941">
     <span class='ocr_line' id='line_1_109' title="bbox 2463 4881 3407 4941; baseline -0.005 0"><span class='ocrx_word' id='word_1_889' title='bbox 2463 4884 2828 4941; x_wconf 80' lang='lat' dir='ltr'><strong>EXPOSITIO</strong></span> <span class='ocrx_word' id='word_1_890' title='bbox 2869 4884 2936 4938; x_wconf 80' lang='lat' dir='ltr'><strong>IN</strong></span> <span class='ocrx_word' id='word_1_891' title='bbox 2977 4881 3301 4938; x_wconf 76' lang='lat' dir='ltr'><strong>PSALMUM</strong></span> <span class='ocrx_word' id='word_1_892' title='bbox 3340 4881 3407 4936; x_wconf 71' lang='grc' dir='ltr'><strong>ν.</strong></span> 
     </span>
    </p>
   </div>
   <div class='ocr_carea' id='block_1_110' title="bbox 2142 4994 3736 5071">
    <p class='ocr_par' dir='ltr' id='par_1_110' title="bbox 2142 4994 3736 5071">
     <span class='ocr_line' id='line_1_110' title="bbox 2142 4994 3736 5071; baseline -0.004 -15"><span class='ocrx_word' id='word_1_893' title='bbox 2142 5000 2210 5056; x_wconf 86' lang='grc' dir='ltr'><strong>1η</strong></span> <span class='ocrx_word' id='word_1_894' title='bbox 2260 5002 2412 5070; x_wconf 82' lang='lat' dir='ltr'><strong>ﬁnem</strong></span> <span class='ocrx_word' id='word_1_895' title='bbox 2452 5018 2545 5071; x_wconf 83' lang='lat' dir='ltr'><strong>pro</strong></span> <span class='ocrx_word' id='word_1_896' title='bbox 2596 5018 2655 5055; x_wconf 88' lang='lat' dir='ltr'><strong>ea</strong></span> <span class='ocrx_word' id='word_1_897' title='bbox 2704 5015 2820 5071; x_wconf 82' lang='lat' dir='ltr'><strong>qute</strong></span> <span class='ocrx_word' id='word_1_898' title='bbox 2866 4998 3193 5067; x_wconf 84' lang='lat' dir='ltr'><strong>hereditatem</strong></span> <span class='ocrx_word' id='word_1_899' title='bbox 3229 4997 3432 5068; x_wconf 77' lang='lat' dir='ltr'><strong>accipit,</strong></span> <span class='ocrx_word' id='word_1_900' title='bbox 3496 4994 3736 5050; x_wconf 82' lang='lat' dir='ltr'><strong>Psalmus</strong></span> 
     </span>
    </p>
   </div>
   <div class='ocr_carea' id='block_1_111' title="bbox 2680 5089 3189 5163">
    <p class='ocr_par' dir='ltr' id='par_1_111' title="bbox 2680 5089 3189 5163">
     <span class='ocr_line' id='line_1_111' title="bbox 2680 5089 3189 5163; baseline -0.002 -19"><span class='ocrx_word' id='word_1_901' title='bbox 2680 5090 2863 5145; x_wconf 82' lang='lat' dir='ltr'><strong>Davidi</strong></span> <span class='ocrx_word' id='word_1_902' title='bbox 2902 5092 2975 5159; x_wconf 81' lang='grc' dir='ltr'><strong>(υ.</strong></span> <span class='ocrx_word' id='word_1_903' title='bbox 3002 5091 3054 5161; x_wconf 83' lang='grc'><strong>1)</strong></span> <span class='ocrx_word' id='word_1_904' title='bbox 3091 5089 3189 5163; x_wconf 82' lang='grc' dir='ltr'><strong>((ι).</strong></span> 
     </span>
    </p>
   </div>
   <div class='ocr_carea' id='block_1_112' title="bbox 2217 5196 3735 5275">
    <p class='ocr_par' dir='ltr' id='par_1_112' title="bbox 2217 5196 3735 5275">
     <span class='ocr_line' id='line_1_112' title="bbox 2217 5196 3735 5275; baseline -0.007 -13"><span class='ocrx_word' id='word_1_905' title='bbox 2217 5207 2269 5262; x_wconf 82' lang='grc' dir='ltr'><strong>Ι.</strong></span> <span class='ocrx_word' id='word_1_906' title='bbox 2312 5204 2582 5261; x_wconf 79' lang='lat' dir='ltr'><strong>Hereditas</strong></span> <span class='ocrx_word' id='word_1_907' title='bbox 2604 5220 2720 5275; x_wconf 71' lang='lat' dir='ltr'><strong>quae</strong></span> <span class='ocrx_word' id='word_1_908' title='bbox 2741 5205 2886 5259; x_wconf 85' lang='lat' dir='ltr'><strong>nobis</strong></span> <span class='ocrx_word' id='word_1_909' title='bbox 2912 5204 3088 5259; x_wconf 85' lang='lat' dir='ltr'><strong>relicta</strong></span> <span class='ocrx_word' id='word_1_910' title='bbox 3124 5196 3285 5257; x_wconf 83' lang='lat' dir='ltr'><strong>sit.—-</strong></span> <span class='ocrx_word' id='word_1_911' title='bbox 3305 5199 3594 5255; x_wconf 82' lang='lat' dir='ltr'><strong>Videamus</strong></span> <span class='ocrx_word' id='word_1_912' title='bbox 3620 5199 3735 5268; x_wconf 86' lang='lat' dir='ltr'><strong>pri-</strong></span> 
     </span>
    </p>
   </div>
   <div class='ocr_carea' id='block_1_113' title="bbox 2209 5311 3733 5383">
    <p class='ocr_par' dir='ltr' id='par_1_113' title="bbox 2209 5311 3733 5383">
     <span class='ocr_line' id='line_1_113' title="bbox 2209 5311 3733 5383; baseline -0.008 -12"><span class='ocrx_word' id='word_1_913' title='bbox 2209 5322 2226 5353; x_wconf 72' lang='grc' dir='ltr'>ί</span> <span class='ocrx_word' id='word_1_914' title='bbox 2263 5326 2382 5383; x_wconf 69' lang='lat' dir='ltr'><strong>Reg.</strong></span> <span class='ocrx_word' id='word_1_915' title='bbox 2398 5326 2516 5383; x_wconf 81' lang='lat' dir='ltr'><strong>post</strong></span> <span class='ocrx_word' id='word_1_916' title='bbox 2548 5318 2654 5383; x_wconf 67' lang='lat' dir='ltr'><strong>lues</strong></span> <span class='ocrx_word' id='word_1_917' title='bbox 2676 5318 2846 5383; x_wconf 79' lang='lat' dir='ltr'><strong>verba,</strong></span> <span class='ocrx_word' id='word_1_918' title='bbox 2879 5317 2945 5383; x_wconf 84' lang='lat' dir='ltr'><strong>in_</strong></span> <span class='ocrx_word' id='word_1_919' title='bbox 2961 5329 3048 5381; x_wconf 84' lang='lat' dir='ltr'><strong>spe</strong></span> <span class='ocrx_word' id='word_1_920' title='bbox 3083 5312 3375 5383; x_wconf 65' lang='lat' dir='ltr'><strong>cmstiuiisti</strong></span> <span class='ocrx_word' id='word_1_921' title='bbox 3406 5325 3501 5383; x_wconf 70' lang='lat' dir='ltr'><strong>me,</strong></span> <span class='ocrx_word' id='word_1_922' title='bbox 3550 5311 3733 5383; x_wconf 66' lang='lat' dir='ltr'><strong>adjicit,</strong></span> 
     </span>
    </p>
   </div>
   <div class='ocr_carea' id='block_1_114' title="bbox 2143 5373 3737 5449">
    <p class='ocr_par' dir='ltr' id='par_1_114' title="bbox 2143 5373 3737 5449">
     <span class='ocr_line' id='line_1_114' title="bbox 2143 5373 3737 5449; baseline -0.007 -16"><span class='ocrx_word' id='word_1_923' title='bbox 2389 5373 2484 5449; x_wconf 63' lang='lat' dir='ltr'><strong>ipsi</strong></span> <span class='ocrx_word' id='word_1_924' title='bbox 2518 5380 2675 5449; x_wconf 79' lang='lat' dir='ltr'><strong>gloria</strong></span> <span class='ocrx_word' id='word_1_925' title='bbox 2695 5387 2741 5449; x_wconf 77' lang='lat' dir='ltr'><strong>et</strong></span> <span class='ocrx_word' id='word_1_926' title='bbox 2771 5373 3043 5443; x_wconf 69' lang='lat' dir='ltr'><strong>imperium,</strong></span> <span class='ocrx_word' id='word_1_927' title='bbox 3059 5386 3183 5449; x_wconf 45' lang='lat' dir='ltr'><strong>“etc.</strong></span> <span class='ocrx_word' id='word_1_928' title='bbox 3198 5378 3335 5449; x_wconf 64' lang='lat' dir='ltr'><strong>Coll).</strong></span> <span class='ocrx_word' id='word_1_929' title='bbox 3362 5377 3410 5425; x_wconf 91' lang='lat' dir='ltr'><strong>in</strong></span> <span class='ocrx_word' id='word_1_930' title='bbox 3433 5373 3737 5449; x_wconf 76' lang='lat' dir='ltr'><strong>verba,</strong></span> 
     </span>
    </p>
   </div>
   <div class='ocr_carea' id='block_1_115' title="bbox 2145 5439 3737 5503">
    <p class='ocr_par' dir='ltr' id='par_1_115' title="bbox 2145 5439 3737 5503">
     <span class='ocr_line' id='line_1_115' title="bbox 2145 5439 3737 5503; baseline -0.006 -8"><span class='ocrx_word' id='word_1_931' title='bbox 2145 5439 2428 5494; x_wconf 43' lang='lat' dir='ltr'><strong>constituisti</strong></span> <span class='ocrx_word' id='word_1_932' title='bbox 2449 5439 2542 5501; x_wconf 73' lang='lat' dir='ltr'><strong>me,</strong></span> <span class='ocrx_word' id='word_1_933' title='bbox 2569 5443 2768 5503; x_wconf 85' lang='lat' dir='ltr'><strong>desinit,</strong></span> <span class='ocrx_word' id='word_1_934' title='bbox 2808 5439 2861 5492; x_wconf 82' lang='lat' dir='ltr'><strong>ut</strong></span> <span class='ocrx_word' id='word_1_935' title='bbox 2894 5449 2947 5491; x_wconf 92' lang='lat' dir='ltr'><strong>et</strong></span> <span class='ocrx_word' id='word_1_936' title='bbox 2967 5439 3230 5503; x_wconf 83' lang='lat' dir='ltr'><strong>Savit.,qul</strong></span> <span class='ocrx_word' id='word_1_937' title='bbox 3248 5439 3514 5502; x_wconf 87' lang='lat' dir='ltr'><strong>sequentia</strong></span> <span class='ocrx_word' id='word_1_938' title='bbox 3537 5439 3586 5485; x_wconf 91' lang='lat' dir='ltr'><strong>in</strong></span> <span class='ocrx_word' id='word_1_939' title='bbox 3606 5448 3737 5485; x_wconf 82' lang='lat' dir='ltr'><strong>mar-</strong></span> 
     </span>
    </p>
   </div>
   <div class='ocr_carea' id='block_1_116' title="bbox 2143 5505 3734 5569">
    <p class='ocr_par' dir='ltr' id='par_1_116' title="bbox 2143 5505 3734 5569">
     <span class='ocr_line' id='line_1_116' title="bbox 2143 5505 3734 5569; baseline -0.002 -14"><span class='ocrx_word' id='word_1_940' title='bbox 2143 5507 2263 5569; x_wconf 84' lang='lat' dir='ltr'><strong>gine</strong></span> <span class='ocrx_word' id='word_1_941' title='bbox 2284 5505 2527 5569; x_wconf 87' lang='lat' dir='ltr'><strong>adscribit.</strong></span> <span class='ocrx_word' id='word_1_942' title='bbox 2659 5566 2669 5569; x_wconf 26' lang='grc' dir='ltr'><strong>Α</strong></span> <span class='ocrx_word' id='word_1_943' title='bbox 2796 5568 2801 5569; x_wconf 14' lang='grc' dir='ltr'>ί</span> <span class='ocrx_word' id='word_1_944' title='bbox 3028 5564 3038 5569; x_wconf 88' lang='lat'><strong><em>_</em></strong></span> <span class='ocrx_word' id='word_1_945' title='bbox 3095 5565 3105 5569; x_wconf 89' lang='lat'><strong>_</strong></span> <span class='ocrx_word' id='word_1_946' title='bbox 3701 5555 3734 5569; x_wconf 46' lang='grc' dir='ltr'><strong>ι,</strong></span> 
     </span>
    </p>
   </div>
   <div class='ocr_carea' id='block_1_117' title="bbox 2209 5555 3737 5630">
    <p class='ocr_par' dir='ltr' id='par_1_117' title="bbox 2209 5555 3737 5630">
     <span class='ocr_line' id='line_1_117' title="bbox 2209 5555 3737 5630; baseline -0.005 -14"><span class='ocrx_word' id='word_1_947' title='bbox 2209 5555 2281 5630; x_wconf 86' lang='lat' dir='ltr'><strong>(a)</strong></span> <span class='ocrx_word' id='word_1_948' title='bbox 2318 5574 2426 5630; x_wconf 84' lang='lat' dir='ltr'><strong>Post</strong></span> <span class='ocrx_word' id='word_1_949' title='bbox 2444 5566 2558 5630; x_wconf 46' lang='grc' dir='ltr'><strong>ἣτεοῄ</strong></span> <span class='ocrx_word' id='word_1_950' title='bbox 2568 5566 2718 5616; x_wconf 83' lang='lat' dir='ltr'><strong>verba</strong></span> <span class='ocrx_word' id='word_1_951' title='bbox 2734 5568 2919 5630; x_wconf 81' lang='lat' dir='ltr'><strong>primus</strong></span> <span class='ocrx_word' id='word_1_952' title='bbox 2941 5564 3107 5614; x_wconf 80' lang='lat' dir='ltr'><strong>Psalmi</strong></span> <span class='ocrx_word' id='word_1_953' title='bbox 3138 5574 3309 5630; x_wconf 81' lang='lat' dir='ltr'><strong>versus</strong></span> <span class='ocrx_word' id='word_1_954' title='bbox 3326 5571 3595 5630; x_wconf 51' lang='lat' dir='ltr'><strong>perper-atq</strong></span> <span class='ocrx_word' id='word_1_955' title='bbox 3607 5555 3737 5608; x_wconf 84' lang='lat' dir='ltr'><strong>tituli</strong></span> 
     </span>
    </p>
   </div>
   <div class='ocr_carea' id='block_1_118' title="bbox 2145 5619 3735 5690">
    <p class='ocr_par' dir='ltr' id='par_1_118' title="bbox 2145 5619 3735 5690">
     <span class='ocr_line' id='line_1_118' title="bbox 2145 5619 3735 5690; baseline -0.008 -11"><span class='ocrx_word' id='word_1_956' title='bbox 2145 5619 2285 5679; x_wconf 74' lang='lat' dir='ltr'><strong>more</strong></span> <span class='ocrx_word' id='word_1_957' title='bbox 2317 5629 2510 5690; x_wconf 75' lang='lat' dir='ltr'><strong>ponitur</strong></span> <span class='ocrx_word' id='word_1_958' title='bbox 2548 5628 2597 5676; x_wconf 92' lang='lat' dir='ltr'><strong>in</strong></span> <span class='ocrx_word' id='word_1_959' title='bbox 2641 5619 2826 5690; x_wconf 50' lang='lat' dir='ltr'><strong>Morel“</strong></span> <span class='ocrx_word' id='word_1_960' title='bbox 2854 5640 2948 5676; x_wconf 88' lang='lat' dir='ltr'><strong>non</strong></span> <span class='ocrx_word' id='word_1_961' title='bbox 2980 5635 3145 5675; x_wconf 82' lang='lat' dir='ltr'><strong>autem</strong></span> <span class='ocrx_word' id='word_1_962' title='bbox 3169 5628 3217 5672; x_wconf 91' lang='lat' dir='ltr'><strong>in</strong></span> <span class='ocrx_word' id='word_1_963' title='bbox 3248 5619 3392 5690; x_wconf 6' lang='lat' dir='ltr'><strong>(savii.</strong></span> <span class='ocrx_word' id='word_1_964' title='bbox 3418 5619 3483 5673; x_wconf 75' lang='grc' dir='ltr'>ἐι</span> <span class='ocrx_word' id='word_1_965' title='bbox 3503 5619 3735 5673; x_wconf 80' lang='lat' dir='ltr'><strong>Colberi..</strong></span> 
     </span>
    </p>
   </div>
   <div class='ocr_carea' id='block_1_119' title="bbox 2146 5688 3736 5752">
    <p class='ocr_par' dir='ltr' id='par_1_119' title="bbox 2146 5688 3736 5752">
     <span class='ocr_line' id='line_1_119' title="bbox 2146 5688 3736 5752; baseline -0.006 -12"><span class='ocrx_word' id='word_1_966' title='bbox 2146 5691 2228 5740; x_wconf 87' lang='lat' dir='ltr'><strong>ubi</strong></span> <span class='ocrx_word' id='word_1_967' title='bbox 2253 5688 2361 5752; x_wconf 66' lang='lat' dir='ltr'><strong>poét</strong></span> <span class='ocrx_word' id='word_1_968' title='bbox 2379 5688 2570 5738; x_wconf 88' lang='lat' dir='ltr'><strong>titulum</strong></span> <span class='ocrx_word' id='word_1_969' title='bbox 2591 5689 2756 5739; x_wconf 78' lang='lat' dir='ltr'><strong>Psalmi</strong></span> <span class='ocrx_word' id='word_1_970' title='bbox 2778 5690 2942 5752; x_wconf 85' lang='lat' dir='ltr'><strong>statim</strong></span> <span class='ocrx_word' id='word_1_971' title='bbox 2964 5690 3157 5751; x_wconf 86' lang='lat' dir='ltr'><strong>ponitur</strong></span> <span class='ocrx_word' id='word_1_972' title='bbox 3181 5689 3408 5752; x_wconf 80' lang='lat' dir='ltr'><strong>primum.</strong></span> <span class='ocrx_word' id='word_1_973' title='bbox 3437 5692 3736 5752; x_wconf 35' lang='lat' dir='ltr'><strong>uecta-gnta</strong></span> 
     </span>
    </p>
   </div>
   <div class='ocr_carea' id='block_1_120' title="bbox 2147 5743 3735 5815">
    <p class='ocr_par' dir='ltr' id='par_1_120' title="bbox 2147 5743 3735 5815">
     <span class='ocr_line' id='line_1_120' title="bbox 2147 5743 3735 5815; baseline -0.003 -13"><span class='ocrx_word' id='word_1_974' title='bbox 2147 5743 2284 5802; x_wconf 78' lang='lat' dir='ltr'><strong>initio</strong></span> <span class='ocrx_word' id='word_1_975' title='bbox 2300 5753 2665 5815; x_wconf 84' lang='lat' dir='ltr'><strong>inscriptionem</strong></span> <span class='ocrx_word' id='word_1_976' title='bbox 2688 5765 2778 5801; x_wconf 89' lang='lat' dir='ltr'><strong>seu</strong></span> <span class='ocrx_word' id='word_1_977' title='bbox 2804 5743 2997 5801; x_wconf 81' lang='lat' dir='ltr'><strong>titulum</strong></span> <span class='ocrx_word' id='word_1_978' title='bbox 3020 5743 3204 5801; x_wconf 84' lang='lat' dir='ltr'><strong>tantum</strong></span> <span class='ocrx_word' id='word_1_979' title='bbox 3225 5750 3573 5810; x_wconf 70' lang='lat' dir='ltr'><strong>interpretatur</strong></span> <span class='ocrx_word' id='word_1_980' title='bbox 3590 5743 3735 5808; x_wconf 59' lang='lat' dir='ltr'><strong>Chr}.-</strong></span> 
     </span>
    </p>
   </div>
   <div class='ocr_carea' id='block_1_121' title="bbox 2146 5823 2403 5867">
    <p class='ocr_par' dir='ltr' id='par_1_121' title="bbox 2146 5823 2403 5867">
     <span class='ocr_line' id='line_1_121' title="bbox 2146 5823 2403 5867; baseline -0.012 0"><span class='ocrx_word' id='word_1_981' title='bbox 2146 5823 2403 5867; x_wconf 69' lang='grc' dir='ltr'><strong>εοξιοῐηιιδ.</strong></span> 
     </span>
    </p>
   </div>
  </div>
