4106 6406
371 333 435 388 50
1553 329 1920 388 EXTOSITIO
1960 328 2026 383 IN
2065 329 2392 387 PSALMUM
2421 330 2484 387 ν.
3567 340 3639 391 60

372 450 620 521 οὐδεμίαν
652 453 961 525 ὑπομένων
995 455 1184 527 ἀηδίαν
1207 454 1480 523 τοιαύτην.
1508 453 1599 511 Διὸ
1620 431 1802 524 δήκαὶ
1822 450 1955 506 ταύ-

377 553 470 607 της
494 535 786 590 ἀπολαύων
820 539 928 609 τῆς
970 538 1225 611 προνοίας
1252 540 1281 591 6
1307 537 1597 609 Προφήτης
1623 535 1829 604 έλεγεψ
1863 536 1967 589 Ἐν

284 682 295 701 ἱ
379 627 580 697 εἰρήνῃ
610 628 711 681 ἐπὶ
749 629 820 683 τὸ
854 629 1009 683 αὐτὸ
1050 628 1504 699 κοιμηθήσομαι,
1548 626 1645 681 καὶ
1670 624 1963 683 ῠπγώσω·

285 708 311 741 ἐ
382 709 575 779 δηλῶν,
613 711 696 763 ὅτι
729 711 814 781 τῷ
849 712 927 784 μὴ
981 712 1184 784 ταύτην
1214 712 1390 782 ἔχοντι
1422 712 1521 781 τὴν
1548 709 1770 782 εἰρήνην
1789 708 1907 761 οὐδὲ
1937 710 1966 761 6

383 794 558 857 κοινὸς
588 793 753 864 λιμὴν
792 794 942 860 ἅπας
970 796 1297 865 ἀνέῳκταιι,
1321 792 1457 847 ἀλλά
1484 794 1579 846 καὶ
1612 784 1765 855 οὗτος
1795 807 1965 862 προσ-

384 877 675 947 κέχωσται,
706 880 736 931 6
755 878 853 931 τοῦ
889 878 1058 932 ὕπνου
1089 880 1182 932 καὶ
1209 882 1308 950 τῆς
1328 879 1539 941 νυκτός.
1568 874 1650 929 Τὰ
1680 874 1790 946 γὰρ
1814 875 1961 943 πάθη

382 958 559 1012 ταῦτα
590 962 683 1012 καὶ
712 959 813 1030 τὴν
838 961 947 1015 ἀπὸ
969 962 1067 1031 τῆς
1098 962 1310 1030 φύσεως
1330 962 1511 1014 ἄδειαν
1541 958 1823 1029 διδομένην
1849 956 1964 1010 δια-

384 1042 616 1112 φθείρει,
640 1044 803 1115 ἑτέρα
838 1044 1113 1114 τυραννίδι
1144 1045 1499 1116 χαλεπωτέρᾳ
1526 1043 1620 1096 τοῦ
1663 1042 1830 1096 ὕπνου
1864 1042 1960 1113 τὴν

381 1125 672 1195 τυραννίδα
696 1127 978 1190 παντελῶς
1010 1127 1429 1198 παρωθούμενα.
1458 1128 1521 1181 Ol
1550 1128 1657 1197 γὰρ
1688 1126 1959 1196 φθονεροὶ,

382 1210 480 1261 καὶ
513 1207 794 1278 βάσκανοι,
825 1210 919 1262 καὶ
954 1208 1305 1272 πλεονέκται,
1341 1211 1439 1264 καὶ
1491 1210 1739 1280 ἅρπαγες
1772 1207 1960 1262 τοῦτον

379 1293 476 1344 τὸν
510 1293 745 1363 πόλεμον
768 1292 1045 1363 πανταχοῦ
1086 1294 1492 1365 περιφέροντες,
1529 1293 1621 1346 καὶ
1648 1294 1772 1357 τοὺς
1803 1291 1961 1345 πολε-

384 1374 545 1442 μίους
574 1373 718 1428 ἔνδον
748 1375 963 1446 ἔχοντες
991 1376 1416 1446 ἐγκαθημένους,
1438 1378 1681 1447 ὅπουπερ
1705 1374 1770 1428 ἂν
1795 1373 1960 1427 ἀπέλ-

379 1456 539 1520 θωσι,
566 1461 755 1527 φυγεῖν
778 1459 838 1512 ού
871 1458 1120 1512 δύνανται
1153 1459 1251 1529 τὴν
1281 1460 1460 1529 μάχην
1481 1477 1493 1490 ’
1527 1459 1661 1512 ἀλλὰ
1685 1459 1791 1512 κᾶν
1820 1460 1957 1511 οἴκοι

384 1545 613 1608 μένωσι,
660 1541 764 1594 κᾶν
798 1543 889 1594 ἐπὶ
936 1542 1122 1613 κλίνης
1156 1544 1421 1606 κέωνται,
1450 1542 1587 1611 νέφη
1629 1540 1827 1611 βελῶν,
1863 1542 1957 1594 καὶ

381 1622 650 1693 θορύϐους
696 1623 957 1693 κυμάτων
1007 1625 1375 1695 βιαιοτέρους,
1424 1625 1517 1678 καὶ
1558 1624 1809 1693 σφαγὰς,
1860 1624 1955 1675 καὶ

379 1707 651 1773 κραυγὰς,
683 1707 779 1759 καὶ
803 1709 1069 1777 οἰμωγὰς,
1102 1708 1197 1760 καὶ
1224 1708 1387 1779 ἕτερα
1410 1707 1591 1777 πολλῷ
1622 1707 1730 1760 τῶν
1755 1708 1812 1759 ἐν
1842 1708 1954 1769 τοῖς
2002 1734 2012 1753 ι

380 1789 663 1859 πολεμίοις
709 1789 1115 1859 συμϐαινόντων
1163 1790 1518 1861 χαλεπώτερα
1569 1790 1950 1859 ὑπομένουσιν.

395 1872 535 1924 Ἀλλ’
560 1872 657 1941 οὐχ
683 1872 710 1924 ὁ
739 1872 945 1936 δίκαιος
972 1873 1178 1937 οὕτως·
1203 1874 1338 1928 ἀλλὰ
1364 1875 1458 1926 καὶ
1485 1872 1803 1944 ἐγρηγορώς
1822 1889 1952 1942 τρυ-

378 1957 478 2024 φᾷ,
514 1956 610 2008 καὶ
642 1955 698 2006 ὲν
728 1954 907 2026 καιρῷ
938 1956 1041 2026 τῆς
1072 1956 1263 2020 νυκτὸς
1297 1956 1434 2028 μετά
1470 1957 1670 2027 πολλῆς
1700 1958 1801 2027 τῆς
1834 1956 1954 2025 ἡδο-

378 2040 479 2107 νῆς
509 2038 601 2091 τὸν
627 2038 793 2093 ὕπνον
828 2039 1064 2108 δέχεται.
1104 2040 1169 2092 Τί
1206 2040 1263 2093 δέ
1300 2041 1469 2103 ἐστιν,
1502 2040 1628 2093 Ἐπί
1672 2039 1739 2091 τὸ
1771 2038 1953 2099 αὐτό;

378 2123 725 2193 Συνηγμένος
748 2122 884 2194 πρὸς
908 2122 1162 2192 ἐμαυτὸν,
1187 2124 1339 2192 φησὶ,
1369 2121 1862 2193 συνεστραμμένος.
1890 2123 1951 2175 ού

378 2205 698 2276 σχιζόμενος
734 2206 815 2268 είς
846 2206 1047 2276 μυρίας
1073 2207 1380 2275 φροντίδας.
1409 2206 1528 2258 οὐδὲ
1566 2206 1633 2259 τὰ
1666 2203 1755 2258 τοῦ
1784 2204 1953 2268 δεῖνος

374 2293 473 2343 καὶ
499 2289 594 2341 τοῦ
615 2289 785 2352 δεῖνος
806 2289 1107 2361 μεριμνῶν,
1132 2289 1250 2342 οὐδὲ
1274 2292 1351 2351 εἰς
1372 2289 1471 2360 τὴν
1498 2288 1822 2359 οἰκουμένην
1845 2287 1955 2341 δια-

372 2371 706 2440 τεμνόμενος
729 2374 849 2434 ταῖς
878 2371 1154 2441 φροντίσιν
1174 2387 1188 2402 ο
1220 2370 1353 2423 ἀλλὰ
1382 2372 1449 2424 τά
1484 2371 1719 2441 ἐμαυτοῦ
1744 2368 1954 2439 λογιζόσ

378 2470 567 2524 μενος,
587 2455 681 2506 καὶ
719 2453 787 2506 τά
819 2455 941 2524 ἐμοὶ
968 2453 1313 2523 διαφέροντα,
1340 2454 1431 2506 καὶ
1462 2453 1499 2507 ἃ
1528 2452 1763 2523 μάλιστά
1805 2454 1952 2505 ἐστιν

373 2535 649 2607 ἀνθρώπῳ
687 2538 1049 2606 προσήκοντα.
1096 2536 1216 2590 Ὅτι
1258 2537 1344 2597 σὺ,
1380 2537 1571 2607 Κύριε,
1599 2535 1741 2589 κατά
1782 2535 1951 2606 μόνας

374 2621 464 2674 ἐπ’
494 2620 672 2674 ἑλπίδι
709 2619 1023 2689 κατῴκισάς
1055 2636 1143 2689 με.
1177 2621 1243 2673 Ὃ
1267 2620 1322 2673 δὲ
1360 2620 1507 2688 λέγει
1534 2619 1771 2672 τοιοῦτόν
1800 2620 1946 2672 ἐστι·

370 2702 577 2777 Τῇτῶν
610 2701 910 2770 μελλόντων
954 2701 1131 2755 ἐλπίδι
1171 2702 1264 2754 καὶ
1315 2705 1381 2772 τῇ
1428 2701 1722 2773 προσδοκίᾳ
1769 2704 1831 2771 τῇ
1872 2702 1952 2765 είς

374 2787 437 2838 σὲ
466 2785 650 2838 πάντα
671 2800 772 2855 μου
796 2784 861 2837 τά
885 2782 1033 2853 πάθη
1063 2784 1406 2837 κατέστειλα.
1430 2784 1696 2853 Καθάπερ
1720 2784 1810 2836 καὶ
1835 2781 1949 2854 [27]

375 2867 590 2930 Παῦλός
612 2884 741 2935 φησι
758 2880 779 2897 ⁸
809 2866 877 2919 Τὸ
901 2866 1012 2935 γὰρ
1040 2867 1374 2935 παραυτίκα
1398 2867 1662 2935 ἐλαφρὸν
1685 2866 1793 2933 τῆς
1827 2868 1952 2919 θλί-

376 2954 560 3019 ψεως.
587 2950 715 3004 καθ’
743 2949 1087 3019 ὑπερϐολὴν
1112 2953 1198 3015 εἰς
1224 2949 1561 3018 ὑπερϐολὴν
1583 2949 1823 3003 αίώνιον
1840 2950 1953 3015 βά-

374 3049 481 3098 ρος
505 3031 692 3103 δόξης
744 3031 1151 3101 κατεργάζεται
1203 3031 1377 3101 ἡμῖν,
1420 3031 1507 3100 μὴ
1556 3035 1953 3087 σκοπούντων

379 3113 544 3183 ἡμῶν
572 3116 644 3169 τὰ
665 3116 1037 3184 βλεπόμενα,
1065 3116 1225 3169 ἀλλὰ
1258 3116 1327 3168 τὰ
1360 3115 1446 3183 μὴ
1476 3116 1847 3185 βλεπόμενα.
1876 3118 1949 3170 Ού

375 3201 485 3271 γάρ
515 3201 661 3253 ἐστιν
689 3200 838 3253 οὐδὲν
868 3200 1122 3270 φορτικὸν
1153 3201 1405 3270 πρᾶγμα,
1438 3201 1466 3252 ὃ
1502 3200 1577 3271 μὴ
1609 3202 1817 3269 γίνεται
1854 3203 1951 3273 ῥᾷ-

378 3300 502 3337 στον
528 3286 595 3354 τῇ
623 3284 795 3337 ἑλπίδι
815 3283 913 3355 τῆς
945 3284 1348 3353 εύδοκιμήσεως
1381 3284 1479 3354 τῆς
1517 3285 1658 3336 κατά
1683 3285 1833 3338 Θεόν.
1855 3285 1952 3340 Διά

376 3366 533 3419 τοῦτό
572 3375 764 3436 φησιν⁸
799 3366 924 3420 Ἐπ’
962 3366 1163 3420 ἐλπίδι
1217 3365 1553 3432 κατῴκισάς
1599 3384 1696 3435 με.
1740 3370 1852 3423 Καὶ
1892 3369 1954 3425 τὸ

378 3450 539 3504 ιιάτὰ
561 3450 755 3518 μόνας
780 3447 835 3502 δὲ
858 3447 918 3501 ού
956 3447 1128 3520 μικρὰ
1149 3447 1493 3513 διδασκαλίας
1519 3450 1709 3521 ἀρετή.

453 3581 539 3643 ιγ’.
568 3574 632 3627 Τί
660 3574 717 3629 δέ
740 3577 877 3640 ἐστι,
905 3575 1063 3629 Κατὰ
1078 3576 1273 3645 μόνας
1292 3590 1310 3637 ;
1332 3574 1453 3628 Τῶν
1484 3576 1736 3646 πονηρῶν
1761 3576 1948 3648 χωρίς.

375 3659 491 3729 Τήν
507 3658 618 3729 γάρ
645 3658 867 3729 εἰρήνην
887 3658 1093 3728 ταύτην
1122 3657 1483 3728 κατώρθωσα,
1514 3660 1667 3729 φησὶ,
1702 3659 1837 3729 πρὸς
1868 3659 1949 3720 σὲ,

376 3740 632 3795 καὶκατὰ
655 3741 819 3811 μόνας
834 3739 971 3793 οἰκῶ
992 3740 1207 3809 φεύγων
1229 3740 1355 3803 τοὺς
1372 3741 1818 3810 διεφθαρμένους.
1844 3742 1954 3794 Καὶ

376 3823 527 3895 μάλα
553 3825 798 3887 εἰκότως.
840 3823 1109 3895 Καθάπερ
1136 3824 1245 3895 γὰρ
1279 3823 1506 3894 σώματα
1547 3823 1808 3886 πολλάκις
1844 3824 1953 3876 ἀπὸ

371 3907 476 3974 τῆς
497 3906 605 3958 τῶν
625 3905 802 3976 ἀέρων
828 3906 934 3959 τῶν
956 3906 1362 3979 διεφθαρμένων
1388 3905 1562 3977 λύμης
1591 3906 1917 3959 ἀπόλλυνται
1934 3922 1948 3936 ·

371 3988 518 4042 οὕτω
545 3988 610 4057 δὴ
634 3989 728 4042 καὶ
754 3990 899 4060 ψυχὴ
927 3989 1187 4053 πολλάκις
1222 3988 1439 4053 ἐδέξατο
1473 3988 1675 4059 βλάϐην
1713 3988 1820 4042 ἀπὸ
1851 3989 1952 4058 τῆς

374 4068 485 4124 τῶν
528 4070 783 4141 πονηρῶν
845 4072 1127 4135 συνουσίας
1148 4089 1161 4104 ’
1211 4072 1305 4125 καὶ
1369 4070 1621 4143 καθάπερ
1675 4071 1952 4142 ὀφθαλμὸς

376 4153 659 4222 ὑγιαίνων,
683 4155 809 4209 ὅταν
835 4155 1092 4209 νοσοῦντα
1118 4156 1225 4229 ἴδη,
1248 4155 1564 4227 πλήττεται,
1595 4155 1687 4209 καὶ
1708 4156 1737 4207 6
1761 4154 1950 4227 ψώρας

375 4237 831 4308 ἐμπεπλησμένος
854 4278 869 4301 ,
907 4239 1231 4309 μεταδίδωσι
1267 4240 1360 4295 καὶ
1409 4241 1526 4303 τοῖς
1573 4239 1907 4309 ὑγιαίνουσιν
1931 4257 1945 4271 ·

372 4319 518 4375 οὕτω
544 4321 609 4394 δὴ
644 4321 930 4393 συμϐαίνει
964 4323 1222 4389 πολλάκις
1264 4322 1358 4376 καὶ
1389 4323 1484 4375 ἐπὶ
1526 4324 1624 4395 τῆς
1664 4325 1952 4390 συνουσίας

374 4403 484 4457 τῶν
511 4406 764 4476 πονηρῶν
810 4405 1130 4476 ἀνθρώπων.
1178 4404 1277 4459 Διά
1321 4404 1480 4458 τοῦτο
1513 4406 1610 4458 καὶ
1648 4408 1675 4459 6
1718 4405 1953 4477 Χριστὸς

375 4488 611 4559 παρῄνει
643 4488 703 4541 ού
746 4488 903 4557 μόνον
930 4488 1151 4557 φεύγειν
1183 4489 1309 4549 τοὺς
1348 4487 1656 4552 τοιούτους,
1693 4488 1832 4542 ἀλλὰ
1860 4488 1952 4543 καὶ

373 4570 681 4639 ἐκτέμνειν,
725 4570 866 4624 οὕτω
904 4571 1109 4639 λέγων⁹
1136 4573 1201 4624 El
1240 4570 1310 4624 δὲ
1340 4574 1373 4624 ό
1407 4572 1715 4641 ὀφθαλμός
1753 4588 1870 4626 σου
1919 4575 1953 4627 ό

372 4652 575 4720 δεξιὸς
590 4652 965 4714 σκανδαλίζει
984 4670 1076 4718 σε,
1104 4653 1279 4718 ἐξελε
1303 4655 1506 4718 αὐτὸν,
1531 4655 1629 4707 καὶ
1649 4654 1812 4718 ,βάλε
1834 4654 1951 4711 ἀπὸ

374 4737 496 4791 σοῦ
515 4753 528 4767 ο
559 4738 621 4789 ού
648 4738 712 4809 δὴ
741 4739 870 4809 περὶ
895 4737 1176 4807 ὀφθαλμοῦ
1209 4738 1383 4806 λέγων
1404 4754 1417 4768 ·
1453 4738 1505 4791 τί
1538 4738 1646 4808 γάρ
1666 4738 1732 4792 ἂν
1763 4739 1953 4809 ἀδικήσ

375 4838 522 4875 σειεν
573 4821 868 4892 ὀφθαλμὸς,
915 4822 1154 4884 διανοίας
1202 4821 1586 4893 ὑγιαινούσηςς
1642 4822 1778 4875 ἀλλὰ
1825 4823 1954 4895 περ)⁸

375 4905 546 4975 φίλων
591 4905 903 4973 ἀναγκαίων
960 4906 1056 4959 καὶ
1085 4908 1144 4958 ὲν
1172 4904 1323 4970 τάξει
1367 4905 1476 4959 τῶν
1524 4904 1699 4974 μελῶν
1747 4904 1953 4960 τούτων

374 4990 509 5057 ἡμῖν
547 4988 737 5050 ὅντων,
769 4988 863 5041 καὶ
906 4986 1248 5057 βλαπτόντων
1281 4987 1451 5058 ἡμᾶς,
1496 4988 1670 5040 ταῦτα
1698 4988 1953 5057 ἐνομοθέ-

371 5087 530 5139 τησε,
573 5070 809 5123 κελεύων
841 5071 937 5124 καὶ
980 5071 1081 5140 τὴν
1109 5070 1293 5139 φιλίαν
1320 5070 1429 5123 τῶν
1464 5069 1719 5124 τοιούτων
1756 5071 1955 5141 ἀτιμά-

373 5152 511 5218 ζειν,
541 5153 683 5207 ὥστε
729 5153 829 5223 τὴν
863 5153 1138 5225 σωτηρίαν
1170 5153 1270 5224 τὴν
1302 5153 1514 5209 ἑαυτῶν
1542 5154 1955 5224 ἀσφαλεστέραν

374 5241 570 5291 ποιεῖν.
598 5237 691 5291 Διὸ
716 5238 809 5291 καὶ
835 5237 997 5302 αὐτὸς
1026 5237 1187 5291 πάλιν
1211 5236 1417 5309 προῖὼν
1436 5238 1613 5307 λέγει·
1641 5242 1765 5293 Οὐκ
1790 5239 1957 5293 ἐκάθ-

373 5339 478 5377 ισα
503 5322 654 5393 μετὰ
676 5320 1002 5388 συνεδρίου
1031 5322 1437 5389 ματαιότητος,
1469 5322 1565 5376 καί
1595 5323 1746 5392 μετὰ
1769 5338 1955 5391 παρα-

370 5408 718 5476 νομούντων
750 5407 823 5460 οὺ
846 5404 937 5475 μὴ
970 5403 1234 5460 είσέλθω.
1266 5405 1375 5459 Καὶ
1405 5407 1434 5458 6
1464 5406 1733 5477 Ἱερεμίας
1764 5406 1820 5459 δὲ
1852 5424 1954 5476 μα-

372 5493 584 5563 καρίζει
617 5492 709 5545 τὸν
759 5490 907 5543 κατά
955 5487 1118 5556 μόνας
1159 5487 1553 5560 καθεζόμενον,
1591 5490 1684 5544 καὶ
1730 5490 1953 5562 αἴροντα

370 5577 460 5629 15v
489 5576 646 5645 ζυγὸν
680 5576 744 5627 ἐκ
779 5571 1181 5641 νεότητος.Καὶ
1204 5573 1256 5627 αί
1287 5571 1586 5646 Παροιμίαι
1619 5572 1783 5627 πολὺν
1816 5574 1954 5642 ὑπὲρ

432 5738 615 5792 ιιζοιί).
641 5739 787 5795 ὶιμὴν
827 5738 853 5783 ὀ
892 5736 1042 5782 πᾶσιν
1063 5733 1308 5794 ἀνέῳκται.

2074 453 2264 508 τούτου
2306 454 2582 509 ποιοῦνται
2618 455 2794 525 λόγον,
2831 458 2963 510 πᾶσι
3000 456 3359 529 παραινοῦσαι
3408 455 3501 509 καὶ
3548 455 3635 508 λέα

2067 558 2262 609 γουσαι
2291 542 2365 614 μή
2398 543 2558 612 μόνον
2584 544 2871 607 ἐκκλίνειν,
2902 544 3036 598 ἀλλὰ
3058 545 3084 583 δ
3104 545 3198 598 καὶ
3218 543 3501 613 ἀποπηδᾷν
3530 544 3637 596 ἀπὸ

2063 628 2174 680 τῶν
2210 629 2425 699 πονηρὰ
2458 629 2965 699 συμϐουλευόντων,
2996 633 3090 685 καὶ
3126 631 3260 703 μηδὲ
3302 630 3635 701 ἐγχρονίζειν

2064 718 2249 782 αὐτοῖς
2309 719 2371 771 Εἰ
2408 719 2517 789 γάρ
2576 719 2645 773 τὰ
2689 721 2895 787 φυσικά
2942 720 3334 791 μεταϐάλλεται
3378 719 3635 782 πολλάκις

2064 804 2196 874 ἡμῖν
2227 805 2334 859 ἀπὸ
2380 806 2558 875 κακῆς
2586 806 2801 877 ὁμιλίας
2820 822 2833 836 ο
2867 807 3015 875 πόσῳ
3056 807 3255 877 μᾶλλον
3284 807 3351 860 τά
3376 806 3477 875 τῆς
3502 823 3635 876 προ-

2064 890 2362 961 αιρέσεως;
2388 892 2461 945 Τό
2488 910 2547 945 τε
2572 892 2680 967 γάρ
2700 897 2895 963 χρῶμα
2916 905 2937 933 ι
2965 894 3105 947 κατά
3129 894 3288 962 φύσιν
3316 896 3448 963 ἡμῖν
3472 895 3632 963 πρόσ-

2062 995 2199 1042 εστι,
2230 980 2323 1033 καὶ
2368 981 2430 1033 τὸ
2463 981 2725 1048 ὑγιαίνειν
2749 997 2763 1012 ο
2812 982 2926 1035 ἀλλ’
2957 981 3103 1034 ἔστιν
3134 982 3222 1033 ὅτε
3258 980 3641 1051 διαφθείρεται

2060 1066 2235 1120 ταῦτα
2264 1065 2323 1131 ἐξ
2367 1068 2558 1138 ἐτέρας
2596 1065 2761 1134 ἕξεως
2796 1068 3043 1130 ἐναντίας
3065 1083 3078 1096 ’
3112 1068 3205 1121 καί⁵
3247 1066 3307 1119 τὸ
3344 1066 3639 1138 ὀρέγεσθαι

2061 1152 2225 1206 πάλιν
2270 1154 2486 1208 σιτίων·
2520 1156 2613 1208 καὶ
2643 1155 2802 1209 τοῦτο
2836 1154 3094 1217 πολλάκις
3131 1154 3494 1224 ἀπωλέσαμεν
3521 1154 3631 1207 ἀπὸ

2060 1244 2259 1307 κακίας
2298 1244 2619 1314 νοσημάτων
2643 1259 2659 1277 ⁸
2692 1245 2785 1298 καὶ
2830 1244 2965 1299 ἄλλα
3016 1242 3188 1297 πολλὰ
3218 1243 3443 1297 τοιαῦτα
3486 1240 3629 1296 ἔστιν

2063 1330 2191 1384 ἰδεῖν
2247 1331 2632 1401 συμϐαίνοντα.
2669 1333 2732 1385 Εἰ
2778 1332 2836 1385 δὲ
2865 1332 2933 1384 τά
2979 1332 3075 1403 τῆς
3112 1330 3324 1399 φύσεως
3365 1333 3626 1391 κινεῖται,

2059 1418 2240 1490 πολλῷ
2282 1419 2480 1489 μᾶλλον
2513 1420 2582 1472 τά
2622 1420 2723 1489 τῆς
2756 1419 3159 1490 προαιρέσεως,
3196 1419 3304 1488 ὅσῳ
3333 1419 3426 1470 καὶ
3470 1417 3628 1469 εύκο-

2058 1508 2300 1581 λωτέραν
2332 1509 2444 1579 ἔχει
2476 1507 2573 1578 τὴν
2611 1510 2703 1561 ἐπὶ
2727 1508 2928 1578 θάτερα
2965 1506 3284 1577 μεταϐολήν.
3320 1507 3410 1576 Μὴ
3444 1505 3508 1575 δὴ
3542 1523 3629 1576 μι-

2057 1598 2190 1667 κρὸν
2220 1594 2361 1651 εἶναι
2393 1597 2702 1666 νομίζωμεν
2731 1596 2828 1666 τὴν
2863 1594 2969 1647 τῶν
3004 1594 3188 1647 κακῶν
3224 1593 3509 1646 συνουσίαν
3548 1594 3629 1657 είς

2056 1686 2281 1755 βλάϐην,
2299 1685 2434 1738 άλλά
2460 1683 2566 1755 πρὸ
2590 1682 2696 1736 τῶν
2718 1682 2893 1736 ἄλλων
2916 1682 3169 1735 ἁπάντων
3192 1679 3481 1750 φεύγωμεν
3502 1680 3628 1744 τοὺς

2053 1773 2345 1838 τοιούτους,
2370 1773 2471 1826 κᾶν
2491 1774 2743 1841 γυναῖκες
2770 1764 2891 1830 ὦσι,
2917 1771 3020 1822 κᾶν
3048 1768 3209 1838 φίλοι,
3238 1768 3345 1822 κᾶν
3357 1768 3625 1822 ὁστισοῦν.

2066 1863 2217 1916 Ἐπεὶ⁸
2275 1863 2367 1916 καὶ
2409 1863 2535 1926 τοὺς
2577 1860 2843 1932 μεγάλους
2871 1860 3112 1922 ἐκείνους
3158 1857 3315 1911 τοῦτο
3356 1857 3622 1922 ἀπώλεσε,

2052 1953 2374 2023 Σολομῶντα
2404 1953 2549 2020 λέγω
2572 1951 2667 2005 καὶ
2694 1949 2931 2020 Σαμψών
2952 1966 2965 1981 ’
3007 1950 3101 2003 καὶ
3137 1947 3286 2011 ἔθνος
3325 1947 3380 1999 δὲ
3403 1947 3626 2019 ὁλόκλη-

2054 2058 2146 2112 ρον
2174 2042 2234 2094 τὸ
2272 2041 2558 2095 Ἰουδαϊκὸν
2586 2040 2726 2092 οὕτω
2753 2038 3061 2107 διέφθαρτο.
3105 2037 3180 2088 Ού
3221 2034 3328 2104 γὰρ
3356 2033 3498 2087 οὕτω
3527 2034 3625 2105 θη-

2054 2130 2144 2200 ρία
2167 2130 2420 2200 πλήττειν
2447 2127 2657 2191 εἴωθεν,
2689 2128 2763 2189 ώς
2794 2124 3023 2196 πονηρία
3055 2124 3374 2194 ἀνθρώπων.
3414 2123 3626 2177 Ἐκεῖνα

2055 2222 2153 2293 μὲν
2185 2222 2293 2292 γὰρ
2323 2220 2551 2291 φανερὸν
2573 2219 2684 2288 ἔχει
2704 2220 2795 2270 τὸν
2827 2217 2903 2270 ἰόν
2921 2232 2936 2247 ⁸
2959 2208 3104 2267 οὗτοι
3128 2213 3183 2265 δὲ
3219 2213 3623 2281 ἀνεπαισθήτως

2051 2309 2144 2362 καὶ
2164 2308 2403 2377 ἀψοφητὶ
2428 2306 2549 2359 καθ’
2573 2305 2808 2374 ἑκάστην
2835 2302 3045 2373 ἡμέραν
3068 2301 3240 2354 ένιᾶσι
3262 2299 3359 2371 τὴν
3378 2297 3553 2369 λύμην
3580 2297 3628 2361 ἀ,

2050 2397 2192 2451 κατά
2219 2396 2411 2467 μικρὸν
2436 2395 2797 2463 ύποσύροντες
2823 2393 2881 2443 τὸ
2918 2392 3129 2444 εὕτονον
3152 2390 3249 2458 τῆς
3275 2388 3494 2459 ἀρετῆς.
3526 2388 3623 2440 Διά

2048 2485 2206 2540 τοῦτο
2226 2485 2321 2539 καὶ
2346 2484 2444 2555 τὴν
2466 2483 2761 2537 ἀκόλαστον
2783 2480 2903 2550 ὄψιν
2923 2481 2951 2533 6
2977 2478 3107 2540 Θεὸς
3134 2475 3464 2546 ἀποτειχίζει
3482 2473 3620 2546 [28},

2049 2572 2249 2641 λέγων’
2291 2572 2343 2624 '0
2368 2568 2672 2641 ἐμϐλέψας
2698 2566 2935 2636 γυναικὶ
2963 2566 3111 2633 πρὸς
3138 2564 3205 2617 τὸ
3233 2565 3621 2633 ἐπιθυμῆσαι,

2051 2661 2166 2730 ἤδη
2192 2660 2549 2729 ἐμοίχευσεν
2568 2657 2763 2719 αὐτὴν
2785 2657 2855 2709 ἐν
2876 2654 2949 2723 τῇ
2970 2654 3179 2721 καρδίᾳ
3205 2654 3389 2707 αὐτοῦ
3410 2670 3421 2682 ·
3453 2653 3539 2706 διὰ
3563 2654 3625 2706 τὸ

2048 2749 2269 2804 εὕκολον
2301 2749 2394 2802 καὶ
2440 2745 2828 2817 εὐπερίστατον
2861 2744 2958 2814 τῆς
3009 2741 3286 2803 ἀπωλείας
3357 2741 3426 2794 Σὺ
3458 2740 3536 2800 δὲ,
3574 2742 3622 2793 εἰ

2054 2836 2153 2907 μὲν
2189 2834 2342 2888 πόλιν
2384 2833 2597 2904 μέλλεις
2625 2835 2827 2898 οἰκεῖν,
2871 2828 3039 2882 πολλά
3075 2828 3204 2899 περὶ
3236 2827 3413 2899 ἀέρων
3457 2828 3622 2881 πολυ-

2052 2924 2406 2995 πραγμονεῖς,
2441 2921 2490 2973 εί
2526 2919 2600 2991 μὴ
2639 2917 2911 2981 νοσώδεις,
2934 2918 2984 2969 εί
3018 2916 3090 2987 μὴ
3118 2915 3428 2986 δύσκρατοι,
3464 2917 3512 2967 εἰ
3549 2914 3624 2985 μὴ

2050 3011 2322 3083 αὐχμηροί
2340 3029 2352 3041 ·
2374 3011 2554 3081 ψυχῆς
2581 3010 2637 3063 δὲ
2666 3008 2873 3079 μέλλων
2897 3007 3164 3059 ποιεῖσθαι
3185 3005 3361 3073 λόγον,
3383 3007 3442 3057 ού
3470 3022 3623 3073 περι-

2050 3101 2261 3174 εργάζῃ
2287 3099 2384 3171 τὴν
2418 3098 2703 3152 συνουσίαν
2733 3096 2840 3149 τῶν
2876 3094 3177 3163 μελλόντων
3216 3092 3421 3163 ὁμιλεῖν
3449 3093 3585 3161 αὐτῇ
3607 3109 3619 3121 ·

2051 3189 2166 3243 ἀλλ’
2209 3187 2395 3250 ἁπλῶς
2433 3187 2528 3240 καλ⁸
2557 3185 2633 3249 ώς
2674 3184 2832 3254 ἔτυχε
2863 3184 3026 3235 πᾶσιν
3062 3182 3229 3251 αὐτὴν
3271 3180 3622 3251 ἐπιτρέπεις;

2052 3280 2160 3332 Καὶ
2188 3276 2348 3341 ποίας
2380 3275 2544 3347 τεύξῃ
2576 3271 2924 3343 συγγνώμης,
2960 3270 3080 3324 εἰπέ
3112 3287 3222 3340 μοι,
3249 3267 3421 3331 οὕτως
3453 3266 3623 3337 αὐτῆς

2050 3365 2366 3437 ύπερορῶν;
2399 3362 2569 3417 Πόθεν
2602 3362 2711 3433 γὰρ
2738 3362 2837 3413 οἴει
2872 3359 2997 3421 τοῦς
3033 3358 3131 3420 τὰς
3162 3357 3399 3427 ἐρήμους
3438 3373 3622 3408 κατει-

2050 3453 2289 3525 ληφότας
2324 3450 2670 3522 θαυμαστούς
2718 3464 2870 3510 τινας
2908 3446 3000 3499 καὶ
3032 3444 3319 3515 λαμπροὺς
3347 3443 3621 3512 γίνεσθαις

2050 3544 2151 3597 οῦκ
2184 3540 2371 3612 ἐπειδὴ
2409 3538 2671 3611 θορύϐους
2714 3535 2809 3590 καὶ
2854 3534 3058 3605 ἀγοράς
3086 3534 3366 3602 φεύγουσι,
3402 3533 3495 3585 καὶ
3528 3528 3625 3584 τοῦ

2051 3628 2257 3684 καπνοῦ
2281 3628 2389 3682 τῶν
2414 3629 2473 3681 έν
2500 3626 2578 3697 τῷ
2612 3625 2761 3696 μέσῳ
2790 3622 3130 3693 πραγμάτων
3158 3618 3373 3691 μακρὰν
3399 3620 3625 3681 ἑαυτοὺς

2050 3720 2405 3789 ὲσκήνωσαν;
2437 3713 2673 3777 Τούτους
2703 3713 2797 3766 καὶ
2838 3710 2999 3774 αὐτὸς
3040 3709 3301 3781 ζήλωσον,
3326 3710 3418 3761 ἐπὶ
3453 3707 3624 3778 μέσης

2051 3809 2259 3874 πόλεως
2288 3806 2525 3879 ἐρημίας
2556 3802 2784 3857 διώκων.
2827 3800 2951 3865 Πῶς
2973 3801 3029 3853 δὲ
3070 3800 3221 3852 ἔσται
3262 3797 3448 3854 τοῦτο;
3498 3798 3623 3850 Ἐὰν

2048 3898 2176 3962 τοὺς
2213 3894 2484 3966 πονηροὺς
2522 3891 2761 3962 φεύγῃς,
2812 3888 2904 3942 ὲάν
2956 3888 3082 3951 τοὺς
3122 3886 3355 3955 ἀγαθοὺς
3401 3885 3620 3956 διώκῃς.

2052 3984 2207 4040 Οὕτω
2250 3984 2358 4056 γάρ
2397 3981 2616 4035 πλείονα
2657 3976 2924 4049 καρπώσῃ
2965 3975 3074 4028 τῶν
3124 3976 3182 4027 ὲν
3236 3976 3356 4036 ταῖς
3399 3974 3624 4044 ἐρήμοις

2051 4071 2370 4141 ἀσφάλειαν,
2397 4070 2498 4123 ούκ
2539 4070 2596 4120 ὲν
2629 4069 2696 4138 τῇ
2729 4064 2840 4119 τών
2879 4062 3223 4133 βλαπτόντων
3248 4063 3389 4131 φυγῇ
3443 4061 3622 4131 μόνον,

2051 4160 2187 4217 ἀλλὰ
2216 4160 2310 4213 καὶ
2342 4159 2399 4212 ἐν
2444 4159 2511 4227 τῇ
2553 4154 2663 4208 τῶν
2688 4151 3039 4223 ὠφελούντων
3081 4148 3354 4219 κοινωνία.
3381 4149 3478 4200 “Av
3517 4146 3633 4217 γὰρ

2051 4249 2259 4319 φεύγῃς
2294 4247 2390 4319 μὲν
2422 4246 2547 4307 τοὺς
2575 4242 2868 4311 πονηροὺς,
2902 4237 3102 4307 διώκῃς
3123 4236 3180 4289 δὲ
3210 4236 3335 4298 τοὺς
3364 4232 3623 4302 ἀγαθοὺς,

2049 4338 2389 4410 ἑκατέρωθέν
2424 4353 2505 4389 σοι
2541 4334 2609 4387 τὰ
2649 4333 2747 4402 τῆς
2793 4330 2993 4400 ἀρετῆς
3021 4327 3407 4410 αὐξηθήσεται,
3436 4323 3636 4410 καὶμτὰ.

2049 4426 2148 4495 τῆς
2179 4406 2375 4485 κακίας
2402 4421 2703 4490 οἰχήσεται.
2736 4414 2831 4467 'lv‘
2873 4410 2964 4465 οὖν
2990 4410 3149 4463 τοῦτο
3185 4409 3428 4479 γένηται,
3456 4406 3633 4459 ταῦτα

2050 4488 2315 4577 ποιῶμεν,
2350 4488 2661 4573 πειθόμενοι
2681 4498 2759 4568 τῷ
2790 4493 3063 4577 ψαλμῳδῷ
3090 4492 3328 4577 λέγοντι·
3359 4492 3486 4577 "Qu
3518 4488 3625 4549 σὺ,

2049 4571 2258 4662 Κύριε,
2293 4571 2444 4643 κατὰ
2486 4571 2680 4654 μόνας
2714 4580 2807 4634 ἐπ’
2853 4576 3053 4662 ἐλπίδι
3098 4571 3438 4662 κατῴκισάς
3463 4588 3547 4662 με
3574 4586 3629 4625 e.

2063 4651 2327 4730 Ἐνταῦθα
2367 4672 2423 4724 δὲ
2463 4651 2799 4723 καταπαύσω
2828 4663 2919 4715 τὸν
2947 4660 3125 4729 λόγον,
3173 4656 3371 4719 ἱκανῶς
3390 4697 3403 4717 ,
3436 4651 3590 4726 οἶμαι
3609 4695 3625 4714 ,

2050 4761 2148 4829 τὴν
2174 4758 2327 4810 λύσιν
2349 4753 2579 4829 ἀποδοὺς
2602 4750 2709 4803 τῶν
2734 4745 3100 4829 ζητουμένων,
3122 4743 3185 4829 εν
3213 4738 3431 4829 Χριστῷ
3453 4738 3627 4829 ’ίησοῦ

2050 4823 2128 4913 τῷ
2144 4841 2333 4911 Κυρίῳ
2354 4836 2530 4908 ἡμῶν,
2560 4828 2604 4902 ᾧ
2628 4835 2661 4904 ή
2683 4829 2809 4896 δόξα
2832 4830 2927 4883 καὶ
2952 4827 3013 4881 τὸ
3034 4826 3255 4913 κράτος,
3283 4824 3377 4877 νῦν
3401 4824 3494 4877 καὶ
3518 4823 3625 4883 ἀεὶ,

2053 4910 2146 4982 καὶ
2181 4910 2260 4988 εἰς
2291 4923 2416 4985 τοὺς
2451 4920 2653 4981 αίῶνας
2678 4916 2785 4968 τῶν
2811 4913 3045 4966 αἰώνων.
3080 4910 3274 4980 Ἀμήν.

2472 5018 2583 5073 ΕΙΣ
2619 5016 2759 5071 ΤΟΝ
2801 5014 2856 5068 E'
2894 5009 3220 5066 ΨΑΛΜΟΝ.

2055 5121 2158 5185 Είς
2187 5117 2251 5170 τὸ
2290 5115 2484 5179 τέλος,
2527 5109 2679 5179 ὑπὲρ
2716 5104 3237 5231 κέαηεέλδνομσύσης,
3275 5097 3509 5168 ψαλμύς
3550 5094 3628 5160 τῷ

2126 5290 2191 5339 α’.
2215 5281 2484 5354 Πρότερον
2517 5275 2715 5345 ἴδωμεν
2746 5271 2829 5335 τίς
2856 5272 2889 5339 ἡ
2913 5264 3265 5338 κληρονομία,
3297 5261 3393 5316 καὶ
3417 5262 3465 5315 εἰ
3490 5259 3629 5328 αὕτη

2115 5423 2143 5463 b
2168 5423 2289 5477 Reg.
2318 5422 2381 5481 μὴ
2405 5418 2545 5481 μόνον
2566 5409 2849 5481 ιῖιιτιοχωρεῖν⁸
2877 5406 3015 5456 ἀλλά.

2119 5489 2140 5551 ‘f
2161 5485 2215 5551 in
2240 5477 2415 5551 Μυτβιζ
2438 5479 2611 5551 χρῶμα
2628 5477 2789 5522 deest.

2115 5545 2397 5607 (ηυδε-τήν
2434 5545 2681 5607 ηονηέίαγι
2836 5592 2847 5606 ρ
2955 5591 2967 5604 ,
3080 5606 3089 5607 ,
3337 5586 3401 5607 υ--
3453 5584 3570 5607 _.~.__-.

3017 5606 3121 5681 ..ει
3158 5587 3301 5681 229::

2120 5622 2143 5650 ο
2176 5612 2296 5681 Βρδ.
2326 5612 2437 5666 post
2457 5612 2505 5649 έν
2550 5612 2702 5647 ελπιοι
2725 5612 2813 5642 κατ
2859 5612 2996 5646 κισας
3036 5612 3112 5653 με,
3159 5612 3291 5637 auuu
3334 5612 3404 5633 uu
3450 5612 3579 5660 u'vup
3605 5612 3637 5639 ιι

2054 5674 2167 5726 δόξα
2197 5686 2286 5728 και
2316 5665 2370 5713 τὸ
2405 5663 2591 5728 κράτος,
2620 5666 2719 5707 elc.
2749 5612 2891 5706 (ἶοῖῖ).
2928 5654 2977 5702 in
3017 5652 3122 5702 haec
3158 5651 3322 5706 verba,
3359 5646 3643 5709 κατωκισάς

2057 5751 2114 5789 με
2135 5727 2330 5781 desinit.
