4106 6420
487 316 555 373 οι
1210 309 1269 366 S.
1312 307 1599 367 JOANNIS
1636 306 2138 366 CHRYSOSTOMI
2186 309 2508 369 Αιιοιιιερ.
2552 311 3103 369 εοΝετΑΝτιΝορ.
3678 315 3752 369 6‘2

481 430 579 485 καὶ
606 429 738 502 ήμῖν
771 427 1081 483 ἐπιϐάλλει·
1114 428 1301 481 ἔπειτα
1324 427 1416 482 τὸν
1444 427 1632 500 χρόνον
1671 429 1794 484 καθ’
1831 430 1890 485 ὃν
1921 427 2061 482 δίδο-

480 535 593 574 ται.
625 520 738 573 Καὶ
769 518 836 589 δή
879 516 1100 583 ἄτοπον,
1142 516 1410 589 διαθήκης
1450 518 1547 590 μὲν
1590 519 1890 592 χρημάτων
1932 520 2062 591 ὑμῖν

479 609 951 681 ἀπαγγελθείσης,
1001 610 1076 673 ὡς
1109 610 1478 681 προσήκοντος
1524 613 1658 681 ήμῖν
1690 611 1784 665 τοῦ
1831 612 2059 684 κλήρου,

480 700 942 774 περιεργάζεσθαι
983 700 1078 753 καὶ
1109 700 1587 772 πολυπραγμονεῖν
1606 743 1621 765 ,
1653 703 1746 756 καὶ
1773 703 1843 757 τὰ
1879 703 2062 775 γράμ-

482 810 630 863 ματα
654 792 949 863 ἐπιζητεῖν,
977 792 1074 845 καὶ
1097 792 1359 863 ἀργύριον
1387 792 1767 860 καταϐάλλειν,
1798 796 1891 848 καὶ
1923 812 2059 866 χαρ-

477 889 613 953 τίοις
644 887 946 955 προσιέναι,
983 886 1076 940 καὶ
1109 886 1465 957 ἀντιγράφειν
1496 886 1567 941 τὰ
1608 888 2054 958 ἐγγεγραμμένα,

472 983 573 1035 καὶ
611 983 791 1035 πᾶσαν
835 979 1239 1034 ἐπιδείκνυσθαι
1283 979 1549 1051 σπουδήνσ
1591 980 1826 1034 ἐνταῦθα
1859 982 1917 1035 δὲ
1946 980 2055 1034 τῶν

472 1074 748 1143 διαθηκῶν
777 1072 1166 1144 πνευματικῶν
1192 1084 1216 1112 ι
1241 1073 1322 1135 εἱς
1363 1072 1525 1143 μέσον
1543 1072 1939 1144 προκειμένων,
1960 1075 2054 1127 καὶ

472 1166 583 1219 τῶν
620 1166 817 1235 βίϐλων
847 1165 1040 1218 πασῶν
1087 1163 1473 1235 ἀνεῳγμένων,
1504 1164 1770 1235 ῥᾳθυμεῖν
1804 1166 1896 1217 καὶ
1922 1167 2054 1219 ἀνα-

473 1260 846 1323 πεπτωκέναι,
880 1258 973 1312 καὶ
1004 1256 1173 1311 ταῦτα
1216 1258 1317 1327 τῆς
1353 1258 1715 1328 κληρονομίας
1753 1259 1855 1311 οὐκ
1886 1258 2053 1331 ούσης

473 1349 761 1420 αἰσθητῆς.
780 1348 1103 1420 Προσίωμεν
1123 1348 1324 1414 τοίνυν,
1350 1350 1441 1403 καὶ
1467 1351 1771 1421 ἀνοίγωμεν
1790 1352 1857 1405 τά
1879 1369 2053 1425 γραμ-

478 1444 701 1513 ματεῖα,
735 1440 829 1494 καὶ
872 1440 1231 1510 ἐγκύπτωμεν
1258 1443 1371 1504 τοῖς
1416 1442 1917 1513 ἐγγεγραμμένοις,
1958 1445 2051 1499 καὶ

476 1534 674 1603 ίδωμεν
696 1531 793 1584 ἐπὶ⁷
822 1530 962 1584 τίσιν
987 1533 1117 1602 ¹ἡμῖν
1141 1533 1170 1584 6
1194 1531 1396 1602 κλῆρος
1423 1527 1575 1595 οὗτος
1606 1533 2049 1603 καταλέλειπται,

472 1626 567 1678 καὶ
593 1624 677 1687 τίς
709 1625 741 1694 ή
782 1622 877 1676 τοῦ
920 1623 1124 1693 κλήρου
1155 1623 1334 1693 φύσις.
1375 1625 1449 1676 υύ
1484 1623 1592 1695 γάρ
1618 1625 1806 1690 ἀπλῶι,⁹
1840 1628 2043 1681 κατέλι.

470 1735 571 1770 πεν
604 1718 734 1788 ἡμῖν
782 1716 875 1769 τὸν
907 1715 1136 1786 κλῆρον,
1172 1715 1287 1769 ἀλλ’
1321 1717 1405 1784 ἐφ’
1450 1716 1664 1788 αἱρέσει
1700 1719 1729 1758 δ
1758 1719 1883 1773 τινί.
1915 1720 2052 1793 Ποία

468 1807 533 1877 δή
552 1806 723 1877 ταύτῃ
748 1823 762 1870 ;
792 1806 854 1859 '0
870 1804 1114 1875 ἀγαπῶν
1139 1822 1236 1874 με,
1250 1806 1401 1875 φησὶ,
1421 1806 1528 1871 τὰς
1546 1806 1799 1872 ἐντολάς
1809 1807 2048 1880 μουβθ]

471 1896 737 1964 τηρήσει.
769 1896 876 1948 Καὶ
905 1894 1086 1955 πάλιν,
1116 1895 1221 1959 Ὃς
1240 1896 1350 1947 οὐκ
1378 1892 1493 1962 ἄρῃ
1522 1896 1626 1947 τὸν
1654 1896 1920 1963 σταυρὸν
1940 1899 2045 1950 αὐ-

470 1982 597 2045 τοῦ,
616 1984 711 2036 καὶ
741 1979 1047 2048 ἀκολουθῇ
1076 1981 1268 2033 ὀπίσω
1293 1997 1413 2048 μου
1439 1995 1453 2008 ⁸
1494 1982 1586 2035 καὶ
1616 1982 1777 2053 ἐτερα
1807 1983 2047 2051 πλείονα,

469 2069 612 2139 ἅπερ
646 2071 709 2139 τῇ
740 2068 984 2140 Διαθήκῃ
1028 2067 1421 2136 ἐγγέγραπται.
1450 2068 1728 2139 Μάθωμεν
1756 2070 1812 2123 δὲ
1839 2070 1932 2123 καὶ
1960 2072 2049 2139 τὸν

469 2156 679 2227 χρόνον,
713 2155 836 2208 καθ’
884 2154 942 2207 ὃν
988 2153 1255 2224 μέλλομεν
1306 2154 1479 2208 ταῦτα
1511 2155 1939 2226 ἀπολαμϐάνειν.
1972 2159 2046 2211 Οὐ

468 2244 577 2314 γάρ
594 2244 623 2297 6
647 2240 837 2314 παρών
862 2243 1027 2307 ἐστιν,
1047 2241 1161 2295 ἀλλ’
1184 2245 1213 2295 6
1238 2243 1470 2312 μέλλων·
1494 2243 1692 2312 μᾶλλον
1709 2244 1875 2298 δὲκαὶ
1894 2248 1922 2300 6
1947 2264 2050 2301 πα-

470 2328 579 2403 ρὼν
610 2330 700 2384 καὶ
728 2332 756 2383 6
782 2328 1011 2399 μέλλων.
1037 2330 1279 2397 Ζητεῖτε
1305 2330 1413 2399 γὰρ
1444 2330 1558 2397 τὴν
1584 2331 1912 2394 ,βασιλείαν
1941 2335 2048 2389 τοῦ

471 2417 642 2479 Θεοῦ,
658 2417 966 2471 καὶταῦτα
990 2416 1185 2469 πάντα
1206 2416 1679 2484 προστεθήσεται
1702 2418 1842 2486 ὑμῖν
1860 2437 1874 2449 θ
1901 2420 1963 2473 :6
1991 2421 2047 2474 δὲ

467 2506 762 2578 ὀλόκληρον
790 2506 931 2560 τότε.
976 2504 1193 2576 Ἐπειδὴ
1217 2505 1325 2576 γάρ
1351 2506 1380 2558 6
1409 2505 1600 2576 παρὼν
1624 2506 1736 2576 βίος
1761 2509 2047 2580 ἐπικηρος,

468 2592 563 2647 καὶ
583 2591 935 2663 ἀτελέστερον
961 2591 1042 2644 ἐτι
1061 2590 1400 2661 διακείμεθα,
1420 2593 1556 2664 ὅπερ
1582 2593 1735 2647 ποιοῦ
1744 2612 1825 2648 σιν
1845 2597 1892 2648 οί
1918 2596 2049 2660 ἐξω-

468 2681 563 2735 θεν
596 2680 906 2752 νομοθέται,
940 2680 1036 2732 καὶ
1077 2678 1302 2743 τελείοις
1335 2681 1647 2751 γενομένοις
1683 2684 2048 2754 ἐγχειρίζουσι

466 2767 568 2840 τήν
602 2767 865 2839 πατρῴαν
896 2767 1120 2831 οὐσίαν,
1151 2766 1311 2820 τοῦτο
1354 2769 1449 2820 καὶ
1492 2770 1521 2822 ὁ
1555 2769 1686 2832 Θεὸς
1730 2771 2044 2840 ἐργάζεται.

481 2856 731 2909 Ἐπειδὰν
753 2858 832 2918 εἱς
862 2854 1033 2927 ἀνδρα
1050 2854 1251 2908 τέλειον
1272 2856 1367 2908 καὶ
1388 2856 1586 2927 μέτρον
1608 2857 1823 2927 ἡλικίας
1850 2876 2049 2913 καταν-

466 2945 743 3015 τήσωμεν,
772 2943 869 2996 καὶ
899 2942 1036 3013 πρὸς
1067 2940 1161 2995 τὸν
1209 2942 1484 3014 ἀκήρατον
1520 2944 1875 3015 μεταστῶμεν
1910 2946 2043 3013 βίον,

468 3032 587 3086 τότε
619 3035 750 3104 ἡμῖν
780 3030 1075 3104 ἐγχειρίζει
1100 3032 1192 3085 τὸν
1214 3031 1413 3101 κλῆρον
1446 3030 1673 3085 ἐκεῖνον.
1708 3031 1858 3096 Τέως
1883 3033 1938 3086 δὲ
1964 3034 2047 3087 δι-

469 3120 641 3179 έθετο.
657 3121 752 3174 καὶ
771 3120 840 3173 τὰ
857 3120 1161 3190 γράμματα
1177 3121 1307 3189 ήμὶν
1327 3118 1606 3183 κατέλιπε,
1624 3119 1720 3173 καὶ
1740 3120 1862 3173 τίνα
1880 3122 2049 3192 πράτ-

468 3223 653 3271 τοντι-ς
678 3207 1072 3276 ἐπιτευξόμεθα
1103 3206 1203 3275 τῆς
1228 3205 1587 3277 κληρονομίας
1610 3201 1781 3269 εἶπεν,
1803 3206 1944 3260 ὥστε
1972 3210 2046 3279 μὴ

472 3293 751 3357 ἐκπεσεῖν,
784 3293 917 3365 μηδέ
942 3292 1151 3363 ἀποκλη
1163 3293 1420 3364 ρονόμους
1442 3293 1712 3361 γενέσθαι.
1748 3293 1812 3346 Ei
1840 3294 1897 3347 δέ
1926 3312 2048 3348 τινα

471 3382 688 3452 θορυϐεῖ
704 3380 765 3433 :6
789 3381 1014 3451 μηδέπω
1029 3380 1264 3440 τελείους
1286 3380 1433 3449 ήμᾶς
1454 3375 1613 3442 εἶναι,
1632 3381 1727 3433 καὶ
1752 3382 2047 3436 ὑποπτεύει

468 3468 537 3521 τὰ
582 3467 885 3539 εἰρημένα,
934 3466 1284 3520 ἀκουέτωσαν
1339 3465 1554 3518 Παύλου
1594 3466 1871 3535 λέγοντος·
1908 3470 2048 3523 Ὅτε

466 3553 632 3623 ἥμην
650 3556 888 3623 νήπιος,
904 3554 986 3619 ὡς
1006 3550 1223 3618 νήπιος
1246 3550 1531 3615 ἐλάλουν,
1548 3552 1629 3617 ὡς
1647 3552 1866 3620 νήπιος
1880 3555 2050 3623 ἐφρό-

467 3658 640 3704 νουν,
671 3641 751 3707 ὡς
776 3641 990 3706 νήπιος
1012 3638 1360 3708 ἐλογιζόμην
1375 3656 1387 3669 ·
1416 3638 1515 3693 ὅτε
1540 3639 1609 3693 δὲ
1628 3638 1844 3710 γέγονα
1868 3642 2043 3710 ἀνὴρ.

468 3728 818 3797 κατήργηκα
843 3727 915 3781 τὰ
942 3727 1050 3781 τοῦ
1076 3727 1297 3795 νηπίου
1317 3743 1331 3758 ·
1365 3728 1493 3798 περὶ
1529 3727 1625 3780 τοῦ
1659 3729 1924 3797 παρόντος
1951 3731 2047 3783 καὶ

466 3815 561 3868 τοῦ
595 3816 876 3885 μέλλοντος
902 3813 1095 3878 αἰῶνος
1117 3813 1526 3884 διαλεγομένου.
1564 3816 1676 3869 Καὶ
1701 3816 1867 3870 πάλιν
1885 3833 1901 3848 ⁸
1933 3819 2044 3872 Μέ-

467 3920 600 3972 χρις
644 3899 714 3959 οὗ
753 3902 1219 3972 καταντήσωμεν
1249 3905 1303 3956 οι
1335 3901 1559 3969 πάντες
1601 3908 1689 3969 εις
1721 3903 1911 3973 ἄνδρα
1955 3906 2047 3959 τέ-

466 3995 652 4054 λειον,
683 3993 769 4057 είς
788 3990 1007 4059 μέτρον
1036 3992 1294 4057 ⁴ἡλικίας.
1332 3990 1422 4043 Ἐν
1453 3991 1554 4061 μὲν
1581 3993 1692 4063 γὰρ
1713 3992 1791 4062 τῷ
1816 3994 2045 4064 παρόντι

472 4077 591 4148 βίῳ,
643 4077 797 4147 φησὶ,
849 4076 1102 4148 καθάπερ
1153 4076 1305 4147 παρὰ
1351 4076 1534 4148 τροφῷ
1568 4095 1705 4140 τινι,
1759 4082 1825 4150 τῇ
1872 4080 2045 4133 κτίσει

468 4164 641 4235 ταύτῃ
672 4162 1088 4235 ἁνατρεφόμεθα
1112 4179 1124 4194 ·
1170 4163 1391 4216 ἐπειδὰν
1421 4164 1478 4216 δὲ
1520 4163 1802 4235 μέλλωμεν
1837 4168 1918 4230 είς
1946 4166 2046 4238 τὴν

466 4250 792 4323 δεσποτικὴν
812 4250 1041 4318 ἀγεσθαι
1067 4250 1263 4315 οἰκίαν,
1286 4250 1353 4303 τὰ
1384 4250 1575 4319 ἱμάτια
1602 4252 2048 4326 ἀπαμφιεννύμε-

467 4356 549 4391 vo:
588 4339 690 4408 τῆς
739 4338 980 4411 φθορᾶς,
1037 4338 1132 4391 καὶ
1183 4336 1491 4408 ἀφθαρσίαν
1540 4338 2043 4410 ἀναλαμϐάνοντες,

467 4427 604 4499 πρὸς
650 4426 846 4499 ἑτέραν
902 4425 1276 4498 μεθιστάμεω
1317 4425 1491 4494 λῆξιν.
1533 4424 1682 4496 Αὕτη
1729 4428 1762 4497 ή
1808 4427 2043 4502 διαθήκη

467 4516 561 4569 καὶ
592 4515 937 4587 ἀποκλήρους
966 4525 989 4554 ο
1038 4514 1264 4577 πολλοὺς
1292 4513 1555 4584 ἠπείλησε
1594 4518 1789 4579 ποιεῖν,
1823 4517 1918 4570 ἐὰν
1951 4520 2046 4572 ἀν-

467 4602 607 4667 ἀξιοι
650 4602 912 4671 γένωνται
953 4601 1062 4654 τῶν
1110 4602 1374 4671 αἱρέσεων
1407 4601 1516 4655 τῶν
1556 4602 2041 4674 ἐγγεγραμμένων.

480 4687 619 4742 Ἀλλ’
672 4688 869 4758 ἴδωμεν
909 4688 994 4751 τίς
1035 4690 1181 4740 ἐστιν
1228 4689 1256 4741 6
1298 4687 1499 4759 κλῆρος
1531 4687 1735 4745 λοιπόν.
1783 4692 1845 4744 Ἀ
1891 4690 2045 4759 μήτε

467 4775 771 4845 ὀφθαλμὸς
805 4771 946 4839 εἶδε,
975 4774 1127 4845 μήτε
1155 4772 1264 4842 οὖς
1294 4774 1544 4844 ἤκουσε,
1576 4776 1726 4845 μήτε
1766 4778 1865 4831 ἐπὶ
1903 4796 2045 4847 καρ-

468 4862 607 4917 δίαν
637 4861 950 4927 ἀνθρὼπου
982 4862 1187 4929 ἀνέϐη.
1228 4861 1350 4925 Πῶς
1386 4862 1563 4916 τοίνυν
1600 4864 1899 4935 ἐμέλλομεν
1944 4866 2043 4937 τὴν

467 4954 666 5027 χρῆσιν
689 4954 893 5008 τούτων
923 4953 1220 5025 λαμϐάνειν
1249 4956 1306 5007 ἐν
1336 4954 1415 5025 τῷ
1445 4954 1670 5025 παρόντι
1696 4955 1816 5026 βίῳ,
1850 4949 1924 5010 ὧν
1950 4959 2044 5012 καὶ⁹

467 5044 502 5111 ή
534 5040 734 5110 γνῶσις
759 5040 1073 5113 ὑπερϐαίνει
1098 5042 1195 5110 τήν
1217 5040 1453 5095 διάνοιαν
1484 5042 1582 5112 τὴν
1616 5043 1921 5114 ήμετέραν;
1945 5044 2042 5098 Διά

463 5130 623 5183 τοῦτο
642 5131 775 5201 ἡμῖν
801 5131 916 5182 ἐκεῖ
941 5129 1311 5198 τεταμίευται.
1337 5115 1440 5182 Καὶ
1469 5131 1570 5200 ὅρα
1596 5132 1695 5199 τὴν
1717 5129 2042 5201 κηδεμονίαν

464 5217 563 5285 τὴν
591 5216 812 5289 πολλήν.
848 5216 987 5280 Τοὺς
1028 5216 1126 5286 μὲν
1168 5217 1361 5280 πόνους
1392 5220 1457 5289 τῇ
1493 5218 1740 5290 παρούσῃ
1786 5220 2043 5291 συνεκλή-

470 5318 611 5371 ρωσε
635 5303 769 5374 ζωῇ,
792 5303 931 5357 ὥστε
953 5308 1020 5376 τῇ
1044 5304 1339 5376 βραχύτητι
1360 5305 1451 5359 τοῦ
1479 5306 1669 5377 χρόνου
1704 5307 2043 5375 συγκαταλυ-

532 5484 569 5554 ⁸.
595 5484 933 5542 Πνευματικῶν
955 5485 1100 5533 deest
1137 5487 1189 5534 in
1225 5486 1377 5536 Savil.
1402 5492 1455 5536 et
1477 5485 1525 5535 in
1545 5487 1672 5551 Reg.
1702 5488 1829 5536 Infra
1870 5489 2040 5550 iidem,

468 5545 728 5591 ἀνοιγωαεν
746 5544 807 5590 τὰ
828 5543 1096 5591 γράμματα.

499 5544 728 5651 νῖίῆιρμεν
746 5543 1112 5629 τὰἱγράμματα..
1355 5610 1365 5620 _
1408 5612 1415 5619 .
1622 5543 1648 5551 ”
1938 5607 1950 5618 _
1975 5609 1988 5619 .
2023 5543 2038 5550 ⁷

499 5660 589 5712 ηιξ.
633 5616 723 5651 anc
746 5615 913 5651 δοκοίη
933 5614 1029 5664 Jam
1051 5607 1529 5668 ahquoliesvndmus
1547 5616 1787 5676 propaclo
1807 5610 2041 5662 condmo-

469 5676 717 5786 ηαίῖἰιεκ.
747 5723 1178 5787 ἀποκληρονομους,
1201 5729 1375 5780 eodem
1400 5744 1567 5783 sensu.

2168 425 2324 496 θῆναι
2361 430 2424 483 :6
2466 430 2798 501 ἐπίμοχθονο
2845 430 2914 483 τὰ
2956 429 3013 483 δέ
3056 429 3238 499 ἀγαθά
3282 429 3342 484 ἐν
3382 428 3462 501 τῷ
3502 429 3750 501 μέλλοντι

2165 519 2525 590 ἐταμιεύσατο
2548 521 2703 576 αἱῶνι
2726 563 2741 585 ,
2774 522 2914 575 ὥστε
2946 520 3023 591 τῷ
3054 521 3246 591 ἀγήρῳ
3285 519 3747 591 συμπαρεκτείνε-

2167 611 2292 665 σθαι
2319 614 2418 677 τάς
2445 614 2699 684 ἀμοιϐάς.
2749 614 2996 685 Ἐκείνην
3032 612 3131 684 τὴν
3161 612 3315 682 λῆξιν
3346 613 3439 666 καὶ
3471 612 3748 681 βασιλείαν

2164 700 2335 754 καλεῖ.
2362 701 2426 752 Et
2457 701 2563 773 γὰρ
2590 703 2685 755 καὶ
2710 702 3026 773 ὑπερϐαίνει
3058 701 3236 769 λόγον,
3266 701 3379 755 ἀλλ’
3419 703 3568 773 ὅμως
3603 702 3747 757 κατὰ

2162 790 2224 844 τὸ
2250 793 2526 862 ἐγχωροῦν
2554 796 2687 863 ⁴ήμῖν
2715 794 2971 857 ἀκοῦσαι,
3000 793 3336 865 παρηνίξατο
3360 793 3430 846 τά
3463 794 3745 858 μέλλοντα,

2161 881 2258 935 νῦν
2280 884 2396 953 μὲν.
2413 886 2548 953 ὅπερ
2564 885 2734 955 ἔφθην
2751 904 2773 939 ε
2785 885 2940 947 ίπὼν,
2959 885 3235 955 βασιλείαν
3251 886 3450 947 καλῶν,
3472 885 3565 938 νῦν
3582 886 3638 939 δί
3654 888 3745 954 γάο

2165 988 2285 1041 μον,
2308 973 2401 1025 νῦν
2425 975 2618 1045 ἀρχὴν,
2647 976 2755 1028 ἀπὸ
2778 975 2886 1027 τῶν
2904 975 3146 1046 φαιδρῶν
3165 974 3275 1028 τῶν
3313 977 3440 1046 παρ’
3467 978 3603 1046 ἡμῖν
3631 977 3747 1029 ὀνοσ

2163 1065 2348 1134 μάτων
2374 1067 2715 1137 παρανοίγων
2734 1069 2866 1137 ἡμῖν
2888 1066 2985 1123 τὴν
3009 1067 3135 1137 περὶ
3150 1067 3373 1119 ἐκείνων
3394 1067 3621 1132 ἔννοιαν,
3646 1068 3747 1137 τὴν

2159 1156 2375 1210 σίὼνιον
2402 1157 2588 1222 δόξαν,
2614 1158 2713 1228 τὴν
2739 1160 3013 1229 ἀκήρατον
3051 1158 3447 1229 μακαριότητα,
3477 1157 3575 1229 τήν
3604 1158 3747 1230 μετά

2157 1248 2396 1320 Χριστοῦ
2423 1249 2719 1323 διαγωγὴν,
2745 1246 2811 1322 ἦς
2836 1252 2990 1305 οὐδὲν
3018 1253 3082 1306 ἂν
3109 1252 3320 1321 γένοιτο
3342 1251 3475 1305 ἴσον.
3505 1250 3661 1315 Τίνες
3684 1251 3746 1306 δέ

2158 1341 2253 1396 καὶ
2280 1341 2337 1394 αἱ
2370 1341 2611 1415 αἱρέσεις
2644 1344 2743 1414 τῆς
2785 1342 3141 1412 Ἐκκλησίας,
3170 1341 3370 1414 μᾶλλον
3397 1341 3453 1395 δὲ
3478 1340 3577 1411 τῆς
3607 1340 3744 1413 κλη-

2158 1435 2443 1506 ρονομίας;
2488 1435 2655 1489 υύδέν
2691 1435 2949 1506 φορτικὸν
2987 1436 3229 1506 ἔχουσαι.
3282 1436 3341 1487 Ἃ
3375 1431 3579 1488 θέλετε
3615 1433 3742 1497 ἵνα,

2158 1528 2313 1597 φησὶ,
2347 1525 2603 1580 ποιῶσιν
2631 1525 2773 1595 ὑμῖν
2803 1529 2858 1580 οἱ
2886 1528 3201 1596 ἅνθρωποι,
3234 1521 3422 1581 ταῦτα
3450 1523 3549 1578 καὶ
3572 1520 3745 1593 ὑμεῖς

2155 1618 2374 1671 ποιεῖτε
2398 1617 2619 1683 αὐτοῖς.
2648 1616 2761 1690 [50]
2785 1618 2946 1689 Ὁρᾷς
2968 1618 3083 1681 πῶς
3103 1616 3257 1670 οὐδὲν
3277 1616 3425 1683 ξένον
3448 1616 3745 1685 ἐπεισήγα-⁹

2154 1722 2273 1774 γεν,
2292 1705 2408 1759 ἀλλ’
2431 1705 2467 1759 ἃ
2490 1706 2835 1777 προλαϐοῦσα
2862 1709 2895 1776 ή
2926 1704 3086 1775 φύσις
3112 1703 3534 1775 ἐνομοθέτησενς
3560 1705 3746 1775 Ἀπερ

2153 1797 2340 1861 αὐτὸς,
2358 1799 2512 1868 φησι,
2531 1798 2782 1867 γενέσθαι
2799 1796 2972 1860 θέλεις
3002 1794 3154 1867 παρά
3174 1794 3283 1847 τῶν
3304 1793 3531 1863 πλησίον
3552 1794 3633 1856 είς
3653 1792 3746 1855 σὲ,

2154 1887 2327 1940 ταῦτα
2356 1888 2449 1940 καὶ
2475 1888 2636 1951 αὐτὸς
2656 1887 2903 1958 ἐργασαι.
2929 1885 3114 1948 Θέλεις
3136 1884 3477 1938 ἐπαινεῖσθαι
3498 1899 3513 1948 ;
3553 1881 3749 1936 Ἐπαί-

2154 1994 2255 2032 νει.
2287 1977 2473 2042 Θέλεις
2508 1979 2582 2049 μὴ
2620 1977 2995 2049 ἀρπάζεσθαι;
3033 1978 3124 2047 Μὴ
3167 1975 3404 2046 ἀρπαζε.
3435 1974 3620 2037 Θέλεις
3656 1988 3739 2027 τεο

2158 2069 2395 2140 μᾶσθαις
2425 2070 2595 2140 Τίμα.
2627 2057 3151 2136 Θέλεις-ἐλεεῖσθαιξ
3196 2068 3387 2122 Ἐλέει.
3426 2066 3610 2128 Θέλεις
3645 2083 3740 2135 φι-

2154 2162 2401 2229 λεῖσθαι;
2438 2164 2608 2218 Φίλει.
2640 2163 2823 2226 Θέλεις
2861 2162 2935 2234 μή
2968 2161 3187 2231 ἀκούειν
3230 2158 3451 2223 κακῶς;
3487 2155 3638 2217 Μηδέ
3669 2156 3746 2210 σὺ

2155 2253 2336 2327 εἴπῃς.
2375 2252 2480 2306 Καὶ
2517 2255 2618 2325 ὅρα
2660 2253 2759 2321 τὴν
2804 2252 3109 2323 ἀκρίϐειαν.
3158 2250 3272 2304 Ούκ
3312 2245 3656 2311 εἶπεν,⁸οσα
3673 2247 3743 2300 οὐ

2157 2346 2337 2399 θέλετε
2372 2347 2460 2400 ἵνα
2498 2346 2727 2409 ποιῶσι,
2760 2345 2896 2416 μηδὲ
2930 2346 3087 2415 ὑμεῖς
3116 2345 3341 2407 ποιεῖτε,
3393 2341 3522 2410 ἀλλ’,
3555 2342 3615 2394 Ἀ
3644 2339 3748 2393 θέ-

2152 2443 2311 2494 λετε.
2354 2439 2573 2508 Ἐπειδὴ
2611 2439 2722 2508 γὰρ
2749 2437 2841 2489 δύο
2872 2437 3010 2490 εἰσὶν
3044 2435 3152 2489 6δοὶ
3182 2435 3317 2505 πρὸς
3343 2434 3546 2504 ἀρετὴν
3570 2433 3746 2499 ἄγου·

2156 2547 2270 2593 σαι,
2322 2530 2419 2600 μία
2455 2528 2553 2599 μὲν
2591 2531 2625 2600 ή
2673 2527 2959 2598 ἀπαλλαγὴ
2994 2528 3091 2597 τῆς
3124 2526 3357 2589 κακίας,
3403 2523 3566 2593 ἐτέρα
3607 2522 3666 2576 δέ
3697 2526 3741 2595 ἡ

2154 2622 2388 2692 ἐργασία
2418 2619 2525 2672 τῶν
2566 2618 2797 2690 ἀρετῶν,
2839 2617 3042 2688 ταύτην
3076 2615 3385 2687 προτίθησι,
3419 2615 3506 2668 διὰ.
3533 2613 3739 2683 ταύτης

2154 2710 2412 2781 κάκείνην
2442 2709 2607 2781 δήλην
2637 2709 2806 2762 ποιῶν
2831 2724 2846 2740 ⁶
2882 2708 2975 2762 καὶ
3011 2709 3108 2778 τὴν
3141 2708 3239 2779 μὲν
3265 2706 3484 2778 ᾐνίξατο
3518 2707 3597 2777 τῷ
3645 2707 3743 2759 λέ-

2153 2820 2294 2872 γειν,
2320 2802 2387 2858 Ὃ
2403 2806 2601 2873 μισεῖς,
2618 2801 2763 2874 ἄλλῳ
2786 2801 2859 2873 μὴ
2892 2802 3125 2871 ποιήσῃς
3144 2816 3161 2831 ο
3187 2800 3286 2870 τὴν
3313 2798 3368 2852 δὲ
3401 2799 3586 2869 σαφῶς
3611 2798 3744 2867 ἐδή-

2153 2891 2325 2945 λωσεν
2356 2891 2546 2957 εἰπὼν,
2575 2893 2725 2946 Ὅσα
2750 2891 2953 2945 θέλετε
2974 2891 3075 2943 ἵνα
3104 2889 3359 2944 ποιῶσιν
3384 2890 3526 2960 ὑμῖν
3549 2892 3602 2943 οί
3628 2889 3740 2943 ἀν-

2155 2983 2495 3052 θρωποι,καὶ
2520 2982 2687 3050 ὑμεῖς
2708 2981 2928 3034 ποιεῖτε
2946 2981 3168 3045 αὐτοῖς.

2226 3071 2290 3142 β’.
2314 3073 2468 3124 Ἔστι
2490 3074 2586 3125 καὶ
2617 3070 2748 3141 άλλη
2784 3071 3013 3141 αἵρεσις.
3045 3068 3181 3123 Ποία
3216 3068 3274 3122 δὲ
3300 3068 3469 3138 αῦτης
3499 3069 3574 3123 T6
3598 3069 3743 3137 ἀγα-

2155 3168 2262 3236 πᾷν
2284 3164 2376 3219 τὸν
2407 3163 2656 3235 πλησίον,
2673 3162 2748 3228 ὼς
2777 3163 2986 3217 ἑαυτόν.
3011 3163 3076 3216 Τί
3102 3160 3290 3215 τούτου
3325 3161 3520 3230 γένοιτ’
3545 3162 3609 3216 ἂν
3644 3162 3743 3215 εύ-

2155 3254 2486 3327 κολώτερον;
2514 3256 2587 3308 Τὸ
2618 3254 2728 3326 γὰρ
2759 3257 2936 3326 μισεῖν
2966 3253 3200 3325 ἐπαχθὲς
3232 3254 3326 3307 καὶ
3353 3252 3613 3323 θορύϐους
3634 3253 3742 3324 ἐμ-

2156 3348 2345 3401 ποιοῦν
2366 3365 2379 3380 ·
2416 3349 2478 3401 :6
2508 3348 2565 3400 δὲ
2593 3346 2769 3409 φιλεῖν
2803 3346 3023 3400 εὔκολον
3058 3350 3151 3399 καὶ
3178 3346 3376 3417 ῥᾴδιον.
3408 3346 3518 3399 Καὶ
3546 3345 3657 3415 γὰρ
3684 3346 3740 3398 εἱ

2157 3441 2255 3510 μὲν
2275 3436 2447 3504 εἶπεν,
2462 3437 3149 3511 ’Δνθρωποιὸντεςφιλεῖτε
3175 3437 3362 3508 θηρία,
3384 3436 3640 3490 δύσκολον
3666 3432 3741 3507 ἦν

2153 3532 2214 3586 :6
2247 3532 2527 3600 ἐπίταγμα
2547 3550 2560 3563 ·
2586 3533 2635 3584 εί
2664 3531 2722 3583 δὲ
2754 3529 3075 3602 ἀνθρώπους
3103 3528 3263 3592 ὄντας
3296 3527 3614 3599 ἀνθρώπους
3644 3545 3738 3597 φι-

2152 3626 2264 3680 λεῖν
2298 3625 2615 3686 ἐκέλευσεν,
2645 3622 2774 3677 ἔνθα
2803 3623 2898 3676 καὶ
2925 3620 2987 3674 :6
3012 3620 3319 3692 όμοιούσιον
3350 3619 3443 3672 καὶ
3475 3620 3739 3687 συγγενὲς

2152 3716 2350 3788 πολλὴν
2373 3716 2613 3785 εἰσφέρει
2642 3712 2833 3784 ῥοπὴν,
2863 3712 2957 3766 καὶ
2979 3711 3130 3784 παρά
3152 3710 3251 3780 τῆς
3279 3710 3491 3779 φύσεως
3524 3711 3557 3780 ή
3591 3727 3739 3779 παρ-

2152 3807 2396 3870 αίνεσις,
2447 3804 2605 3858 ποίαν
2646 3804 2712 3857 ἂν
2765 3804 2878 3874 ἐχοι
2917 3802 3235 3868 δυσκολίαν;
3273 3802 3450 3871 Ὅπερ
3499 3801 3593 3853 καὶ
3637 3798 3737 3853 ἐπὶ

2151 3896 2382 3950 λεόντων
2410 3896 2505 3950 καὶ
2528 3894 2710 3948 λύκων
2737 3895 2950 3963 γίνεται
2970 3908 2985 3925 ο
3012 3894 3106 3947 καὶ
3130 3892 3240 3964 γὰρ
3266 3893 3359 3945 καὶ
3381 3894 3499 3945 ἐκεῖ
3515 3892 3576 3944 :6
3602 3908 3739 3960 συγ-

2159 3987 2305 4057 γενὲς
2331 3987 2432 4057 τῆς
2457 3986 2671 4056 φύσεως
2702 3983 2921 4053 ἀγωγὸν
2953 3985 3033 4046 εἱς
3067 3982 3248 4051 φιλίαν
3281 3982 3416 4035 ἐστί.
3448 3982 3611 4035 Ποίαν
3637 3978 3737 4034 οῦν

2154 4081 2416 4150 σχοίημεν
2460 4077 2755 4148 ἀπολογίαν
2781 4116 2796 4143 ,
2851 4076 3071 4139 λέοντας
3112 4077 3210 4147 μὲν
3261 4074 3594 4147 ἡμεροῦντες
3637 4074 3739 4125 καὶ

2153 4173 2369 4237 ἐαυτοῖς
2404 4171 2820 4237 συνοικίζοντες,
2852 4172 2916 4225 :6
2941 4171 2997 4225 δὲ
3023 4172 3280 4241 ὁμογενὲς
3322 4169 3396 4240 μὴ
3423 4168 3744 4238 ἐπισπώμε-

2151 4284 2267 4331 νοι;
2296 4267 2408 4337 Οὐχ
2432 4267 2617 4333 ὁρᾶτε,
2647 4265 2728 4319 ὅτι
2758 4263 2943 4317 πολλοὶ
2970 4263 3057 4316 διὰ
3082 4261 3445 4331 κληρονομίαν
3472 4262 3737 4331 γέροντας

2152 4358 2426 4431 περιίασιν
2460 4357 2819 4428 ἀγρεύοντες,
2872 4356 2967 4410 καὶ
3018 4355 3232 4409 πάντων
3268 4353 3375 4407 τῶν
3410 4353 3505 4406 τοῦ
3543 4355 3735 4424 γήρως

2150 4452 2436 4521 ἀνέχονται
2470 4449 2677 4516 κακῶν,
2717 4447 2829 4502 νέοι
2856 4447 3008 4510 ὅντες
3034 4446 3127 4499 καὶ
3156 4444 3511 4515 σφριγῶντες,
3540 4442 3736 4497 ποδαλ-

2149 4541 2275 4612 γίας
2301 4541 2396 4596 καὶ⁵
2423 4538 2533 4594 τῶν
2566 4540 2740 4593 ἄλλων
2767 4539 2877 4593 τῶν
2902 4542 2960 4593 ἐν
2990 4537 3065 4608 τῷ
3093 4539 3239 4610 γήρα
3264 4537 3605 4606 νοσημάτων,
3638 4536 3736 4589 καὶ

2090 4677 2099 4684 .
2150 4632 2411 4705 κορύζης,
2433 4631 2520 4686 διὰ
2542 4630 2635 4685 τοῦ
2658 4630 3042 4701 προσεδρεύειν
3060 4629 3322 4700 διηνεκῶς
3342 4645 3356 4691 ς
3383 4629 3573 4682 Καίτοι
3598 4628 3734 4698 χρή-

2154 4724 2301 4795 ματά
2331 4726 2479 4777 ἐστιν
2507 4725 2657 4788 ἐκεῖ,
2688 4722 2784 4777 καὶ
2813 4721 3009 4794 ἄδηλος
3050 4722 3205 4784 ἐλπίς
3226 4739 3240 4752 ·
3285 4720 3520 4775 ἐνταῦθα
3555 4720 3611 4773 δέ
3639 4720 3735 4773 ού-

2152 4816 2335 4888 ρανὸς,
2359 4816 2456 4869 καὶ
2480 4814 2586 4886 πρὸ
2611 4814 2708 4868 τοῦ
2734 4812 2966 4884 ούρανοῦ
2993 4812 3054 4866 :6
3083 4812 3445 4884 εὐαρεστῆσαι
3469 4812 3607 4883 Θεῷ.
3634 4811 3738 4877 Τίς

2148 4910 2206 4963 δὲ
2240 4912 2274 4980 ή
2326 4908 2768 4982 κληρονομοῦσα;
2839 4906 3008 4975 Ὑπὲρ
3057 4904 3169 4971 τῆς
3233 4906 3739 4975 κληρονομούσης

2148 5000 2258 5071 γάρ
2286 5015 2452 5070 φησιν
2476 5000 2510 5070 η
2544 4998 2860 5070 προγραφή.
2905 4997 2972 5050 Ἦ
3015 4996 3329 5065 Ἐκκλησία,
3365 4995 3460 5048 καὶ
3502 4994 3563 5047 :6
3592 4993 3737 5063 πλή-

2151 5108 2311 5164 ρωμα
2341 5090 2511 5161 αὐτῆς
2532 5105 2544 5119 '
2577 5091 2704 5161 περὶ
2735 5084 2799 5160 ἦς
2831 5087 2981 5156 λέγει
3007 5090 3035 5141 6
3063 5086 3275 5150 Παῦλος
3297 5103 3311 5118 ο
3349 5084 3737 5154 Ἠρμοσάμην

2146 5183 2304 5253 ὑμᾶς
2329 5183 2420 5237 ἐνί
2448 5181 2642 5251 ἀνδρὶ,
2675 5178 2974 5250 παρθένον
3001 5178 3196 5250 ἁγνὴν
3222 5175 3607 5248 παραστῆσαι
3649 5176 3734 5242 τῷ

2148 5274 2399 5344 Χριστῷ.
2433 5274 2543 5328 Καὶ
2583 5275 2613 5327 ό
2656 5273 2907 5344 Ἰωάννης
2930 5287 2944 5301 '
3008 5271 3069 5325 '0
3105 5272 3262 5340 ἔχων
3309 5269 3425 5337 τὴν
3461 5270 3728 5338 νύμφην,

2146 5365 2406 5435 νυμφίος
2437 5363 2629 5417 ἐστίν.
2673 5362 2813 5416 Ἀλλ’
2836 5364 2865 5415 ὁ
2900 5362 2999 5432 μὲν
3029 5360 3259 5432 νυμφίος
3287 5358 3425 5430 μετά
3451 5358 3553 5422 τὰς
3584 5357 3734 5431 πρώ-

2147 5474 2246 5520 τας
2292 5456 2505 5527 ὴμέρας
2544 5454 2801 5509 καταλύει
2844 5454 2905 5507 :6
2937 5453 3163 5523 σφοδρὸν
3194 5452 3287 5506 τοῦ
3324 5452 3526 5522 ἔρωτος
3549 5467 3563 5482 ο
3603 5450 3633 5501 6
3668 5451 3730 5505 δὲ

2149 5542 2414 5613 ἡμέτερος
2441 5543 2674 5612 νυμφίος
2707 5543 2859 5611 μένει
2886 5541 3145 5613 διηνεκῶς
3174 5543 3323 5613 ἡμᾶς
3352 5539 3601 5610 ἀγαπῶν,
3633 5541 3732 5594 καὶ

2148 5635 2434 5688 ἐπιτείνων
2458 5635 2548 5688 τὸν
2579 5635 2770 5689 πόθον·
2796 5635 2933 5707 ὅπερ
2957 5633 3131 5704 δηλῶν
3156 5636 3185 5687 6
3224 5630 3735 5703 Ἰωάννηςηυμφίον

2150 5725 2324 5789 καλεῖ,
2356 5726 2445 5779 ὅτε
2473 5725 2813 5798 ἀκμάζοντες
2838 5727 2889 5779 οἱ
2919 5725 3093 5779 πόθοι.
3131 5725 3204 5780 05
3233 5723 3322 5779 διὰ
3354 5723 3511 5779 τοῦτο
3539 5723 3597 5778 δὲ
3630 5722 3721 5793 μό-
