4106 6436
312 372 374 428 bit
1478 362 1845 422 EXPOSITIO
1883 363 1949 421 IN
1987 362 2311 422 PSALMUM
2350 364 2415 424 ν.
3579 375 3647 429 63

329 501 473 543 unnn
491 500 619 558 quae
647 486 728 543 sit
760 484 1058 548 hereditas,
1086 488 1140 538 et
1178 479 1225 536 si
1257 493 1318 534 ea
1349 478 1415 534 ad
1442 493 1540 534 nos
1564 493 1778 549 quoque
1819 491 1941 548 per-

337 581 494 635 tinet:
512 578 715 635 deinde
737 588 959 648 tempus
975 589 1073 645 quo
1090 573 1264 629 datur.
1288 570 1382 625 Est
1402 569 1544 624 enim
1566 569 1881 632 absurdum,
1895 567 1940 623 si

337 673 608 728 deferatur
622 670 852 740 quidem
880 667 1029 722 nobis
1052 681 1114 721 ex
1144 671 1462 719 testamento
1492 661 1780 726 hereditas,
1802 670 1940 714 tant-

342 780 497 836 quam
528 779 648 834 qua:
677 762 747 817 ad
781 774 885 815 nos
912 759 1185 829 pertineat,
1209 756 1277 810 de
1303 771 1367 810 ea
1389 770 1508 809 esse
1534 754 1812 816 sollicitos,
1843 768 1941 805 cu-

343 860 484 911 riose
525 856 804 925 indagare,
835 851 1031 919 scripta
1062 848 1350 919 inquirere,
1389 845 1665 916 pecuniam
1707 845 1939 907 solvere,

342 947 412 1001 ad
445 947 649 1001 hbulas
678 945 960 1009 accedere,
985 953 1037 996 et
1062 955 1180 1010 qua:
1225 939 1277 992 iu
1327 938 1390 991 iis
1435 937 1631 1005 scripta
1675 944 1801 989 sunt
1844 949 1942 988 ex-

344 1041 605 1107 scribere,
626 1050 953 1106 omnemque
972 1034 1225 1089 adhibere
1252 1031 1579 1100 diligentiam
1602 1046 1614 1081 :
1650 1028 1736 1082 hic
1765 1039 1942 1082 autem

345 1132 623 1205 productis
677 1133 729 1185 in
781 1130 1015 1185 medium
1047 1126 1442 1197 spiritualibus‘
1486 1124 1840 1187 testamentis,
1890 1132 1946 1177 et

344 1227 599 1279 omnibus
618 1224 768 1278 libris
789 1221 1007 1292 apertis,
1031 1233 1152 1274 esse
1171 1217 1452 1273 socordem
1477 1229 1543 1270 ac
1564 1215 1942 1284 negligentem,

345 1322 508 1391 idque
534 1335 656 1374 cum
697 1332 803 1372 non
845 1316 917 1370 sit
946 1312 1215 1369 sensibilis
1274 1309 1571 1365 hereditas;
1609 1306 1947 1361 Accedamus

346 1428 498 1483 ergo,
531 1410 834 1481 aperiamus
878 1405 1085 1461 tabulas
1111 1411 1168 1458 et
1208 1402 1274 1456 iis
1297 1415 1419 1471 qua:
1462 1399 1660 1469 scripta
1702 1405 1828 1451 sunt
1857 1396 1943 1450 iu-

346 1505 688 1568 cumbamus,
717 1500 1099 1567 videamusque
1141 1495 1456 1567 quibusnam
1501 1488 1571 1547 de
1615 1490 1795 1546 causis
1833 1489 1947 1543 hazc

349 1598 504 1651 nobis
532 1595 717 1650 relicta
747 1593 815 1647 sit
839 1590 1142 1656 lmreditas,
1167 1599 1218 1644 et
1247 1602 1366 1657 qua:
1394 1586 1464 1640 sit
1497 1592 1685 1639 natura
1717 1581 1947 1635 haeredi-

348 1691 493 1744 tatis.
539 1687 654 1743 Non
685 1686 825 1741 enim
870 1684 1087 1753 reliquit
1127 1680 1280 1736 nobis
1335 1678 1690 1735 hereditatem
1740 1694 1869 1750 pure
1894 1686 1950 1733 et

350 1781 620 1844 absolute,
652 1777 747 1833 sed
776 1775 876 1831 sub
904 1773 1134 1845 quadam
1171 1770 1499 1827 conditione.
1546 1769 1803 1837 Quantam
1852 1785 1950 1823 au-

350 1882 458 1928 tem
480 1887 543 1926 ea
578 1870 700 1925 est?
731 1869 831 1936 Qui
858 1884 939 1921 me
965 1866 1150 1934 diligit,
1194 1864 1382 1934 inquit,
1412 1871 1663 1934 prttrepta
1693 1878 1801 1915 mea
1837 1876 1947 1915 ser-

348 1964 483 2018 vabit
510 1960 689 2033 (Joan.
732 1960 819 2014 Η.
846 1957 962 2027 23).
996 1957 1061 2012 Et
1086 1969 1288 2016 rursus,
1323 1953 1425 2021 Qui
1453 1970 1551 2007 non
1593 1954 1723 2007 tollit
1751 1969 1950 2006 crucem

349 2071 517 2118 suam,
555 2063 600 2107 et
629 2055 850 2123 sequitur
883 2066 962 2104 me
994 2048 1207 2120 (Matth.
1242 2047 1327 2101 10.
1362 2045 1490 2119 55);
1523 2053 1576 2101 et
1621 2034 1776 2115 plura
1822 2044 1946 2112 alia,

349 2162 472 2217 qua:
503 2145 556 2198 in
581 2151 898 2197 testamento
918 2142 1115 2209 scripta
1146 2143 1291 2193 sunt:
1327 2138 1604 2192 Discamns
1625 2138 1784 2190 etiam
1818 2144 1952 2190 tem-

354 2252 455 2307 pus
474 2251 583 2307 quo
607 2249 722 2289 eam
749 2248 935 2287 sumus
954 2230 1243 2300 accepturi.
1263 2228 1380 2283 Non
1408 2237 1491 2283 est
1517 2228 1658 2282 enim
1689 2241 1946 2297 pra-sons,

349 2329 446 2384 sed
476 2330 648 2382 futura
674 2344 693 2391 ;
738 2325 824 2380 vel
854 2325 1031 2395 potius
1055 2331 1109 2377 et
1141 2336 1377 2392 pra'sens
1403 2330 1457 2374 et
1494 2320 1693 2374 futura.
1731 2316 1954 2384 Quam'te

350 2421 495 2476 enim
522 2434 735 2490 regnum
761 2416 879 2482 Dei,
903 2425 949 2469 et
970 2416 1078 2469 hare
1108 2413 1277 2467 omnia
1305 2412 1612 2480 adjiciantur
1639 2409 1775 2463 vobis
1797 2408 1948 2479 (Luc.

354 2514 443 2567 12.
471 2512 566 2582 3|)
591 2531 602 2563 :
632 2519 760 2565 tunc
782 2516 960 2563 autem
987 2506 1217 2577 perfecta
1245 2512 1299 2559 et
1325 2504 1527 2575 integra
1558 2502 1769 2558 dabitur
1800 2500 1953 2555 here-

353 2607 512 2660 ditas.
533 2604 796 2672 Quoniam
820 2602 963 2656 enim
986 2615 1226 2672 prtesens
1247 2599 1350 2653 vita
1376 2608 1456 2653 est
1480 2598 1681 2651 incerta
1709 2604 1765 2651 et
1789 2596 1953 2649 insta-

355 2699 497 2762 bilis,
528 2707 587 2751 et
630 2710 817 2750 sumus
860 2693 1033 2747 adhuc
1078 2690 1533 2761 imperfectiorcs:
1564 2688 1705 2759 quod
1747 2685 1953 2741 externi

356 2791 561 2845 faciunt
583 2788 937 2859 legislatures,
955 2794 1011 2839 ut
1040 2784 1105 2838 iis
1130 2784 1218 2854 qui
1247 2782 1312 2838 ad
1344 2783 1554 2851 plenam
1577 2794 1641 2834 ac
1664 2777 1951 2849 perfectam

355 2894 573 2939 mtatctn
605 2880 945 2952 pervenerint
970 2887 1191 2950 paterna
1232 2877 1369 2931 bona
1400 2875 1634 2940 tradant,
1667 2874 1769 2928 hoc
1792 2873 1953 2927 etiam

357 2976 479 3031 facit
508 2976 665 3029 Deus.
696 2973 980 3042 Postquam
1011 2971 1061 3023 in
1090 2970 1259 3023 virmn
1303 2967 1618 3038 perfer-tum,
1652 2967 1703 3020 in
1736 2981 1953 3019 mensu-

357 3084 473 3122 ram
498 3065 672 3119 a-tatis
698 3063 1113 3128 occurrerimus,
1139 3071 1193 3115 et
1221 3060 1286 3113 ad
1336 3060 1497 3113 vitam
1544 3059 1612 3113 ab
1642 3057 1788 3112 omni
1820 3056 1957 3110 inte-

354 3161 465 3215 ritu
509 3160 740 3211 alienam
790 3154 1180 3219 transierimus,
1224 3164 1352 3207 tunc
1400 3152 1544 3205 illam
1592 3150 1748 3205 nobis
1796 3149 1959 3204 tradit

361 3252 736 3308 hereditatem.
760 3248 967 3303 Interea
992 3255 1168 3301 autem
1200 3253 1422 3300 testatus
1444 3253 1545 3309 est,
1570 3252 1624 3298 et
1652 3242 1959 3311 Scripturas

359 3348 516 3401 nobis
547 3347 780 3415 reliquit,
805 3360 867 3399 ac
897 3344 1027 3398 dixit
1059 3356 1301 3412 quamam
1334 3338 1589 3393 facientes
1612 3351 1959 3407 assequemur

362 3439 739 3502 hereditatem,
773 3448 830 3490 ut
858 3436 924 3509 ab
944 3451 1004 3490 ea
1034 3450 1139 3489 non
1170 3433 1500 3497 excidamns,
1532 3446 1706 3501 neque
1735 3430 1961 3485 exhere-

359 3531 460 3584 des
500 3528 813 3583 cflieiamur.
859 3527 1009 3593 Quod
1060 3526 1103 3578 si
1150 3524 1532 3595 perturbentur
1575 3522 1768 3591 aliqui,
1816 3518 1959 3590 quod

361 3619 601 3675 nondum
631 3620 797 3674 simus
826 3619 1065 3688 pet-freti,
1091 3627 1145 3671 et
1172 3625 1420 3685 suspecta
1446 3616 1524 3669 eis
1547 3614 1654 3669 sint
1680 3628 1798 3684 qua:
1819 3614 1959 3666 dicta

362 3723 512 3771 aunt,
544 3710 761 3764 audiant
791 3710 1011 3764 Paulum
1042 3707 1306 3761 dicentem
1339 3723 1350 3758 :
1398 3705 1615 3770 Quando
1664 3721 1801 3758 erant
1841 3719 1963 3772 par-

361 3803 531 3863 vulus,
559 3800 796 3871 lcqucbar
828 3810 879 3853 ut
914 3801 1174 3871 parvulus,
1207 3797 1463 3867 sapiebam
1505 3804 1557 3849 ut
1588 3794 1850 3865 parvulus,
1878 3810 1963 3847 co-

362 3896 589 3965 gitabam
625 3906 676 3945 ut
713 3893 947 3961 parvulus
980 3906 999 3945 :
1036 3890 1241 3961 quando
1288 3897 1454 3942 autent
1498 3888 1662 3956 factus
1706 3903 1819 3941 sum
1862 3886 1960 3951 vir,

364 3987 601 4041 τυπτηαυὶ
623 4002 735 4056 qua:
759 3995 900 4039 erant
930 3985 1130 4054 parvuli
1158 3985 1235 4055 (Ἰ.
1265 3983 1381 4037 Cor.
1414 3983 1500 4037 15.
1537 3982 1656 4054 ll);
1696 3980 1965 4050 loquendo

366 4078 438 4132 de
461 4075 708 4145 [tm-senti
733 4085 787 4129 et
807 4075 872 4129 de
892 4072 1072 4129 futuro
1102 4074 1320 4128 smculo.
1341 4072 1409 4126 Et
1426 4086 1613 4126 rursus
1636 4088 1650 4126 :
1678 4070 1848 4126 Donec
1875 4086 1962 4123 oc-

367 4168 675 4224 currerimus
726 4183 897 4221 omnes
934 4167 987 4220 in
1016 4166 1183 4220 virum
1228 4164 1529 4234 perfectum,
1573 4165 1629 4217 in
1678 4178 1966 4216 mensuram

370 4264 538 4315 Italis
581 4259 793 4333 (Ephes.
823 4261 875 4315 4.
910 4259 1018 4331 15).
1052 4259 1107 4313 1η
1148 4260 1252 4313 vita
1285 4260 1426 4313 enim
1473 4257 1743 4327 praesenti,
1772 4256 1961 4326 inquit,

370 4356 534 4409 veluti
562 4353 698 4423 apud
726 4354 982 4407 nutricem
1011 4350 1321 4422 quamdam,
1341 4356 1592 4405 creatura
1613 4348 1713 4403 hac
1733 4348 1962 4403 alimur:

370 4444 589 4516 quando
615 4452 791 4498 autem
820 4443 870 4497 in
907 4442 1127 4496 domum
1172 4441 1379 4496 Domini
1412 4440 1969 4503 deducemur,exuen-

374 4550 459 4593 tes
482 4548 660 4592 vestes
687 4534 1065 4605 corruptionis,
1098 4544 1152 4589 et
1177 4540 1513 4589 assutuentes
1554 4529 1972 4601 incorruptibili-

374 4641 565 4695 tatem,
591 4630 656 4684 ad
684 4630 840 4684 aliam
889 4629 1010 4683 vita:
1035 4627 1396 4683 conditionem
1428 4635 1554 4680 tunc
1603 4624 1969 4678 traducemur.

374 4723 494 4778 Hoc
535 4730 910 4775 testamentum
962 4720 1160 4774 multos
1204 4719 1364 4774 etiam
1417 4715 1715 4772 exheredes
1763 4716 1973 4770 futuros

376 4816 639 4868 minatqu
669 4822 772 4879 est,
803 4814 847 4869 si
878 4811 1270 4867 conditionibus
1316 4810 1368 4863 in
1397 4826 1462 4864 eo
1508 4808 1722 4878 scriptis
1771 4805 1972 4876 indigni

376 4909 598 4963 iuerint.
624 4907 728 4961 Sed
752 4905 1025 4960 videamus
1066 4905 1320 4973 deinceps
1363 4918 1607 4973 qua-nam
1644 4901 1712 4956 sit
1756 4901 1973 4955 heredi-

383 5011 484 5056 ;ns.
519 4998 648 5064 ρυω
672 4994 764 5052 'uec
792 4998 967 5051 oculus
991 4996 1132 5060 vidit,
1162 5012 1252 5049 nec
1283 4995 1421 5049 auris
1449 4993 1662 5057 audivit,
1691 5009 1780 5047 nec
1802 4994 1855 5046 in
1887 5007 1975 5044 cor

337 5084 360 5161 ᾖ
378 5091 602 5145 hominis
634 5091 960 5144 ascenderunt
1002 5088 1076 5161 (ι.
1106 5087 1224 5143 Cor.
1252 5088 1307 5141 2.
1338 5089 1413 5157 9).
1442 5086 1721 5153 Quomodo
1762 5100 1891 5155 ergo
1922 5084 1975 5140 in

382 5184 633 5252 praesenti
662 5182 769 5236 vita
793 5196 977 5235 eorum
1008 5197 1193 5235 sumus
1216 5198 1369 5235 nsum
1399 5180 1724 5250 percepturi,
1747 5194 1974 5250 quorum

382 5275 467 5328 vel
496 5274 730 5352 cognitio
775 5283 1012 5328 nostram
1042 5274 1418 5344 cogitationem
1461 5272 1722 5342 superat?
1765 5271 1889 5327 Ideo
1914 5286 1976 5326 ea
2011 5289 2017 5297 ·

384 5367 496 5421 illic
534 5367 689 5421 nobis
718 5374 845 5420 sunt
869 5364 1123 5434 reposita.
1158 5364 1289 5419 Vide
1336 5375 1512 5418 autem
1545 5364 1766 5420 multam
1794 5378 1977 5419 curam

382 5461 502 5525 ejus
526 5474 589 5513 ac
616 5456 1035 5529 providentiam.
1060 5455 1297 5511 Labores
1328 5456 1544 5526 quidem
1577 5456 1697 5511 vita:
1728 5455 1978 5526 prtcsenti

382 5552 636 5619 aUribuit,
672 5563 730 5607 ut
758 5550 885 5623 ejus
910 5550 1172 5604 brevitate
1199 5566 1299 5603 una
1329 5552 1490 5604 etiam
1536 5549 1834 5604 solveretur
1861 5563 1980 5601 mn-

382 5643 566 5701 lestia:
608 5646 750 5701 bona
784 5648 976 5696 autem
1005 5641 1054 5693 in
1098 5640 1330 5695 futurum
1364 5641 1620 5695 Steculum
1666 5638 1979 5705 reservavit,

429 5842 445 5873 ι
478 5850 597 5896 tos,
622 5826 1011 5901 spiritttalibus,
1034 5829 1174 5881 deest
1200 5836 1244 5880 iu
1270 5832 1408 5881 sat‘tl.
1437 5840 1487 5881 et
1512 5834 1559 5881 in
1585 5839 1702 5894 lteg.

2053 487 2110 532 ut
2137 480 2598 536 remunerationes
2617 483 3038 541 ostenderentur
3061 500 3182 543 cum
3208 489 3509 546 aeternitate
3532 507 3652 560 qua:

2050 580 2135 626 est
2161 585 2354 643 expers
2380 573 2536 628 senii.
2581 574 2732 630 illam
2762 587 2962 633 sortem
3004 587 3160 634 vocat
3197 580 3357 635 etiam
3399 597 3646 653 regnum.

2052 662 2165 716 Etsi
2192 665 2338 718 enim
2364 666 2664 721 orationem
2695 680 2972 739 superant,
3006 682 3264 741 quantum
3293 681 3470 730 tamen
3496 676 3652 732 nobis

2050 754 2174 809 licet
2198 756 2405 821 audire,
2438 758 2772 827 mnigmatice
2800 760 2974 815 futura
3007 763 3344 834 signiﬁcavit,
3368 781 3511 822 nunc
3537 769 3655 837 qui-
3748 769 3753 774 ’

2051 847 2194 913 dem,
2228 859 2281 902 ut
2317 848 2427 919 jam
2459 850 2587 916 dixi,
2623 867 2846 922 regnum
2892 869 3112 917 vocans,
3159 872 3303 912 nunc
3340 867 3517 912 autem
3547 875 3651 913 nu-

2052 939 2220 1008 ptias,
2253 956 2395 995 nunc
2426 942 2732 1011 imperium,
2765 960 2828 998 ex
2861 945 3156 1013 Splendidis
3197 964 3315 1018 qua:
3360 958 3484 1004 sunt
3510 951 3652 1019 apud

2055 1047 2154 1087 nos
2197 1034 2532 1100 nominibus,
2574 1035 2642 1089 ad
2692 1036 2778 1089 illa
2824 1037 3104 1108 cogitanda
3146 1040 3299 1095 nobis
3341 1043 3482 1096 viam
3523 1058 3655 1112 ape-

2051 1127 2219 1193 riens,
2248 1138 2507 1182 teternam
2534 1128 2781 1199 gloriam,
2815 1131 2884 1184 ab
2915 1131 3131 1185 interitu
3171 1133 3399 1189 alienam
3430 1134 3656 1190 beatitu—

2051 1218 2252 1282 dinem,
2283 1234 2402 1275 cum
2428 1220 2646 1276 Christo
2678 1222 2841 1276 vitam
2872 1225 3155 1293 agendam,
3185 1225 3272 1279 cui
3316 1228 3446 1280 nihil
3480 1236 3655 1298 potest

2052 1309 2305 1365 etntl‘erri.
2337 1311 2592 1379 Quaenam
2638 1322 2762 1367 sunt
2789 1323 2967 1369 autem
3014 1315 3349 1373 conditiones
3379 1318 3648 1385 Ecclesia-,

2052 1402 2133 1454 vel
2166 1403 2339 1470 potius
2369 1403 2725 1458 hereditatis?
2754 1405 2885 1471 Quae
2914 1406 3049 1459 nihil
3082 1406 3279 1462 habent
3299 1408 3650 1465 difﬁcultatis.

2056 1492 2185 1557 Quae
2227 1494 2397 1558 vultis,
2427 1493 2619 1563 inquit,
2664 1504 2720 1548 ut
2768 1497 2962 1567 faciant
3001 1498 3138 1552 vobis
3179 1498 3427 1567 homines,
3470 1516 3530 1555 ea
3566 1517 3654 1556 eos

2054 1585 2203 1636 etiam
2225 1584 2349 1654 ipsis
2375 1586 2531 1656 facite
2555 1585 2767 1655 (Matth.
2800 1587 2851 1640 7.
2889 1588 3002 1658 19.).
3033 1587 3193 1644 Vides
3219 1591 3656 1660 quomodo'nihil

2054 1679 2288 1732 alienum
2317 1681 2577 1745 attulerit,
2612 1682 2705 1736 sed
2745 1699 2807 1737 ea
2848 1699 2967 1753 qua:
3021 1693 3210 1738 natura
3264 1687 3411 1756 prius
3456 1688 3659 1742 consti-

2058 1774 2263 1826 tuerit?
2291 1774 2420 1841 Quae
2442 1776 2539 1840 vis,
2571 1775 2763 1845 inquit,
2785 1786 2840 1831 ut
2869 1778 3150 1848 propinqui
3179 1779 3252 1833 tui
3281 1780 3332 1834 in
3358 1790 3409 1836 te
3434 1780 3652 1850 faciant,

2055 1879 2118 1918 ea
2147 1864 2260 1933 ipse
2285 1880 2499 1935 quoque
2519 1866 2622 1922 fac.
2651 1866 2744 1922 Vis
2776 1868 2978 1923 laudari
3004 1870 3027 1923 ?
3074 1870 3278 1926 Lauda.
3307 1870 3423 1926 Non
3450 1873 3529 1927 vis
3555 1873 3658 1927 ali-

2061 1956 2187 2026 quid
2221 1957 2313 2011 tibi
2344 1958 2483 2012 furto
2504 1960 2699 2025 surripi
2727 1962 2749 2013 ?
2780 1961 2856 2015 Ne
2884 1961 3083 2017 furare.
3110 1963 3203 2018 Vis
3231 1964 3519 2020 honorari?
3547 1965 3661 2020 llo-

2056 2047 2311 2102 nora.Vis
2334 2050 2757 2106 misericordiam
2779 2054 3029 2123 assequi?
3050 2054 3432 2112 Miserere.Vis
3456 2058 3659 2112 amari?

2055 2138 2212 2192 Ama.
2234 2138 2327 2193 Vis
2354 2156 2460 2194 non
2486 2143 2625 2196 male
2645 2142 2868 2198 audire?
2896 2143 3005 2199 Nec
3037 2152 3090 2198 tu
3117 2145 3258 2200 male
3275 2146 3494 2202 dixeris.
3520 2148 3656 2203 Vide

2056 2240 2233 2287 autem
2278 2249 2438 2303 quam
2477 2246 2723 2290 accurate
2751 2236 3001 2306 loquutus
3028 2246 3127 2292 est.
3163 2238 3279 2293 Non
3307 2238 3474 2293 dixit:
3498 2240 3658 2306 Qua:-

2056 2337 2286 2394 cumque
2329 2340 2437 2380 non
2487 2328 2650 2382 vultis
2704 2337 2759 2381 ut
2793 2327 3010 2398 faciant,
3040 2344 3140 2384 nec
3184 2345 3283 2384 vos
3331 2330 3511 2397 facite,
3540 2331 3657 2393 sed,

2061 2417 2189 2482 Qum
2217 2419 2386 2472 vultis.
2431 2420 2693 2488 Quoniam
2725 2420 2845 2476 dua:
2892 2431 3017 2476 sunt
3061 2424 3158 2477 via:
3204 2439 3323 2492 qua:
3363 2425 3567 2479 ducunt
3592 2424 3660 2478 ad

2060 2511 2336 2576 virtutem,
2369 2527 2470 2564 una
2505 2511 2743 2581 quidem,
2779 2511 3023 2567 liberalio
3082 2527 3112 2566 a
3163 2513 3294 2568 vitio
3324 2530 3336 2566 :
3382 2515 3483 2568 alia
3511 2530 3659 2579 vero,

2061 2603 2271 2656 virtutis
2300 2604 2443 2657 actio
2475 2622 2488 2657 :
2528 2603 2664 2657 hanc
2702 2603 2972 2673 proponit,
3003 2619 3099 2673 per
3138 2603 3277 2660 hanc
3317 2604 3458 2659 illam
3496 2607 3655 2660 etiam

2059 2694 2373 2760 declarans;
2423 2704 2475 2749 et
2516 2695 2661 2749 illam
2685 2694 2901 2765 quidem
2932 2694 3162 2750 obscure
3186 2696 3498 2765 significavit
3541 2712 3660 2750 eum

2065 2787 2239 2842 dixit:
2273 2787 2425 2854 Quod
2466 2787 2648 2851 odisti,
2703 2787 2793 2841 alii
2827 2803 2893 2841 ne
2925 2785 3118 2842 feceris
3147 2805 3161 2840 :
3209 2787 3344 2843 hanc
3373 2803 3500 2842 vero
3548 2803 3663 2841 ma-

2062 2879 2257 2935 nifeste
2284 2879 2576 2935 declaravit
2602 2880 2821 2935 dicens:
2845 2880 3188 2951 Quacumque
3213 2873 3363 2936 vultis
3387 2891 3442 2935 ut
3468 2883 3662 2951 faciant

2061 2973 2201 3027 vobis
2231 2973 2477 3040 homines,
2506 2983 2552 3027 et
2578 2989 2665 3027 vos
2702 2973 2827 3043 ipsis
2857 2975 3008 3038 facite
3041 2973 3193 3047 (Tob.
3225 2976 3275 3028 4.
3304 2975 3421 3044 16).

2132 3063 2188 3117 2.
2219 3063 2316 3117 Est
2360 3063 2520 3117 etiam
2552 3064 2653 3116 alia
2698 3064 2954 3118 conditio.
2987 3064 3242 3130 Qumuam
3274 3077 3336 3117 ea
3366 3063 3489 3118 est?
3537 3064 3668 3118 Dili-

2061 3170 2189 3226 gere
2218 3155 2538 3224 proximum,
2571 3155 2708 3209 sicut
2737 3155 2994 3225 seipsum.
3037 3154 3174 3220 Quid
3206 3169 3326 3209 esse
3356 3155 3523 3225 possit
3562 3154 3666 3210 hoc

2063 3246 2316 3302 facilius?
2365 3246 2554 3301 Odisse
2585 3247 2728 3300 enim
2758 3261 2921 3317 grave
2948 3253 3047 3309 est,
3081 3257 3136 3301 et
3165 3246 3345 3301 turbas
3370 3262 3433 3301 ac
3463 3248 3665 3302 tumul-

2066 3348 2148 3394 tus
2173 3340 2414 3393 excitans
2443 3356 2457 3391 :
2490 3354 2671 3393 amare
2719 3348 2899 3393 autem
2946 3339 3103 3394 facile
3131 3348 3293 3393 estet
3332 3340 3662 3407 expeditum.

2064 3431 2121 3488 Si
2164 3432 2307 3485 enim
2338 3431 2579 3497 dixisset,
2618 3432 2721 3486 Vos
2748 3447 2869 3487 cum
2900 3431 3149 3487 homines
3195 3432 3549 3503 sitis,diligite
3578 3434 3670 3487 be-

2066 3524 2220 3589 stias,
2251 3533 2577 3592 pra-ceptum
2607 3522 2795 3579 fuisset
2815 3523 3067 3579 difﬁcile:
3102 3524 3143 3577 si
3173 3532 3350 3578 autem
3377 3525 3468 3593 qui
3495 3524 3669 3578 homi-

2067 3630 2165 3669 nes
2195 3626 2338 3681 sunt,
2374 3615 2620 3669 homines
2649 3631 2832 3670 amare
2850 3617 3030 3684 jussit,
3062 3616 3151 3671 ubi
3177 3616 3492 3671 substantize
3521 3616 3671 3671 simi-

2067 3706 2255 3771 litudo,
2274 3707 2542 3776 cognatio,
2559 3717 2613 3759 et
2639 3708 2805 3775 ipsius
2836 3716 3041 3761 natura:
3061 3707 3356 3762 admonitio
3377 3707 3669 3777 plurimum

2070 3801 2329 3854 momenti
2381 3800 2615 3853 all‘erunt
2657 3799 2723 3852 ad
2774 3799 3133 3867 diligendum,
3170 3800 3420 3869 quidnam
3478 3800 3677 3856 habeat

2069 3891 2439 3945 difﬁcultatis?
2466 3889 2618 3956 Quod
2649 3889 2704 3944 tit
2730 3890 2890 3945 etiam
2918 3889 2970 3944 iu
3000 3890 3244 3946 leonibus
3269 3902 3320 3947 et
3346 3892 3515 3962 lupis:
3545 3908 3671 3947 nam

2069 3981 2208 4051 apud
2238 3982 2358 4035 illos
2383 3982 2543 4035 etiam
2578 3995 2779 4036 natura:
2800 3983 3048 4050 cognatio
3080 3983 3330 4037 conciliat
3357 3984 3668 4038 amicitiam.

2072 4076 2369 4143 Quamnam
2412 4091 2541 4147 ergo
2568 4077 2863 4146 poterimus
2906 4076 3097 4132 afferre
3137 4079 3559 4143 excusationem,
3582 4079 3671 4148 qui

2074 4168 2260 4223 leones
2300 4167 2516 4239 quidem
2558 4165 3043 4233 mansuefacimus,
3088 4178 3142 4223 et
3173 4170 3225 4223 in
3276 4170 3461 4223 iisdem
3495 4171 3674 4225 uobis-

2072 4275 2192 4315 cum
2205 4259 2411 4314 tedibus
2428 4258 2749 4313 collocamus
2767 4275 2781 4324 ;
2799 4259 2938 4329 quod
2953 4268 3034 4314 est
3049 4269 3225 4314 autem
3241 4261 3477 4329 ejusdem
3497 4262 3675 4315 nobis-

2073 4367 2195 4408 cum
2226 4354 2461 4424 generis,
2507 4368 2615 4406 non
2665 4352 3023 4406 attrahitnus?
3071 4352 3187 4406 Non
3234 4352 3428 4408 videtis
3476 4354 3675 4407 multos

2075 4461 2197 4502 esse
2222 4445 2313 4517 qui
2360 4455 2583 4517 propter
2624 4444 2974 4499 hereditatem
3018 4458 3178 4498 senes
3216 4452 3427 4513 captant
3474 4453 3528 4498 et
3572 4445 3678 4497 cir-

2076 4546 2444 4602 cutncursant,
2477 4551 2539 4589 ac
2571 4536 2863 4592 senectutis
2888 4536 3067 4588 omnia
3108 4535 3245 4588 mala
3276 4534 3524 4600 tolerant,
3552 4549 3681 4590 cum

2078 4629 2186 4684 sint
2222 4628 2471 4699 juvenes,
2504 4637 2802 4696 vegetoque
2825 4641 2891 4679 ac
2930 4625 3215 4679 luxurianti
3242 4640 3490 4695 corpore,
3516 4625 3681 4696 poda-

2077 4734 2228 4790 gram
2261 4733 2454 4788 nempe
2481 4727 2536 4771 et
2582 4717 2715 4769 alios
2746 4717 3038 4770 senectutis
3085 4716 3323 4781 morbos,
3354 4733 3588 4781 tnueum,
3617 4731 3681 4772 ac

2080 4819 2372 4874 scrcatum,
2403 4807 2545 4879 quod
2592 4809 2696 4862 illis
2728 4818 2986 4876 perpetuo
3018 4807 3335 4863 assideant?
3370 4809 3525 4877 Atqui
3576 4809 3682 4862 illic

2082 4911 2208 4958 sunt
2249 4902 2513 4973 pecuuim,
2547 4910 2599 4956 et
2632 4917 2755 4970 spes
2783 4902 2983 4956 incerta
3011 4918 3025 4963 ;
3059 4901 3146 4955 hic
3172 4909 3350 4955 autem
3383 4902 3595 4965 C(L‘lum,
3628 4909 3685 4955 et

2082 5005 2210 5049 ante
2238 4993 2429 5048 caelum
2460 4994 2551 5046 Dei
2584 4993 2774 5062 gratia.
2797 4990 2927 5060 Qum
2953 5002 3035 5047 est
3065 4993 3152 5046 illa
3177 5009 3296 5060 qu:e
3326 4990 3676 5046 hereditatem

2083 5084 2315 5154 accipit?
2345 5083 2625 5152 inscriptio
2654 5084 2797 5138 enim
2827 5083 2977 5149 dicit,
3014 5082 3118 5137 Pro
3143 5100 3202 5137 ea
3220 5098 3332 5152 qua:
3357 5081 3680 5134 hereditatem

2084 5178 2289 5247 accipit.
2317 5177 2577 5241 Ecclesia,
2596 5185 2651 5231 et
2679 5176 2796 5244 ejus
2821 5174 3133 5243 plenitudo;
3162 5175 3231 5229 de
3257 5188 3359 5243 qua
3389 5171 3519 5227 dicit
3545 5170 3681 5226 l‘au-

2086 5269 2171 5324 lus
2198 5287 2212 5324 :
2255 5267 2517 5333 Despondi
2545 5283 2632 5321 vos
2660 5266 2748 5320 uni
2772 5267 2899 5329 viro,
2929 5265 3175 5335 virginem
3214 5272 3408 5317 castam
3451 5262 3687 5316 exhibere

2088 5361 2286 5416 Christo
2314 5360 2396 5431 (2.
2420 5359 2539 5414 Cor.
2566 5360 2652 5414 ll.
2679 5359 2760 5428 2).
2792 5357 2859 5411 Et
2885 5356 3121 5411 Joannes
3148 5371 3164 5408 :
3202 5354 3300 5421 Qui
3340 5353 3486 5407 habet
3528 5369 3684 5423 spon-

2088 5469 2220 5519 sam,
2248 5468 2468 5522 sponsus
2505 5459 2579 5504 est
2606 5444 2785 5520 (Joan.
2827 5449 2881 5502 5.
2908 5446 3021 5517 29).
3051 5445 3294 5515 Sponsus
3319 5444 3533 5515 quidem
3566 5455 3686 5514 post

2090 5546 2293 5615 primos
2316 5542 2436 5597 dies
2480 5541 2704 5596 remittit
2746 5539 2945 5593 amoris
2971 5537 3366 5594 vehementiam
3398 5555 3411 5593 :
3457 5550 3689 5606 sponsus

2089 5646 2268 5693 autem
2313 5643 2498 5688 noster
2523 5648 2621 5688 I'IOS
2647 5640 2792 5686 amat
2821 5641 3102 5702 perpetuo,
3133 5639 3188 5686 et
3213 5636 3374 5700 auget
3401 5642 3640 5683 amorem
3668 5644 3684 5679 ἒ

2092 5728 2232 5799 quod
2255 5729 2483 5783 innuens
2495 5725 2726 5785 Joannes
2745 5735 2900 5781 vocat
2925 5739 3202 5796 sponsum,
3218 5722 3434 5794 quando
3453 5723 3685 5777 maxime

2096 5824 2273 5893 vigent
2293 5836 2526 5877 amores.
2555 5819 2672 5875 Non
2698 5819 2871 5875 solum
2893 5829 3070 5876 autem
3095 5817 3217 5874 ideo
3236 5825 3494 5883 sponsam
3521 5824 3683 5863 voca-
