4106 6406
2977 267 3001 287 ρ

490 332 558 393 03
1262 333 1316 390 S.
1356 332 1637 389 JOANNIS
1674 333 2151 389 CHRYSUSTOMI
2191 334 2506 393 ARClllEP.
2551 336 3078 393 CONSTANTINOP.
3715 348 3779 400 6t

493 457 566 509 vit
597 472 611 509 :
645 453 740 510 sed
766 453 928 509 etiam
951 450 1092 523 quod
1136 450 1262 504 velit
1304 464 1496 504 omnes
1523 465 1684 504 unum
1724 464 1849 504 esse
1888 464 2083 517 corpus

2196 450 2499 518 Dominum,
2528 470 2630 506 non
2655 462 2854 507 tantum
2887 465 2943 507 ut
2964 470 3242 522 Sponsum,
3265 457 3357 511 sed
3384 459 3543 513 etiam
3572 470 3626 514 ιιι
3657 478 3785 515 vcre

488 559 541 602 et
567 561 726 600 unam
764 545 995 598 animam
1027 543 1230 595 ratione
1254 541 1467 594 virtutis
1496 549 1552 595 et
1578 541 1781 593 amoris
1811 557 1825 593 :
1858 550 1913 594 et
1939 539 2082 608 quod
2193 541 2564 608 Dominnm,et
2585 558 2708 597 eum
2739 548 2804 598 ad
2839 561 3026 615 preces
3057 547 3352 603 audiendas
3379 550 3616 604 attrahit.
3637 553 3782 618 Quo-

489 636 934 707 quetnadmodum
980 649 1174 702 Sponsa
1200 633 1378 686 omnia
1410 630 1537 686 facit
1583 641 1641 685 ut
1685 632 1803 685 viro
1834 631 2078 701 placeat:

487 734 559 787 ita
606 745 704 785 nos
750 731 910 785 etiam
943 729 1077 783 tales
1115 742 1236 781 esse
1279 736 1495 795 oportet
1544 740 1640 795 per
1685 732 1847 778 totam
1895 724 2077 777 vitam.

486 824 670 894 Qualis
693 838 884 893 sponsa
911 838 1030 890 qua:
1055 821 1106 874 in
1138 820 1229 873 illo
1253 819 1339 873 die
1368 818 1519 872 sedet
1548 818 1601 872 in
1626 817 1810 881 enhili,
1839 816 1889 869 id
1918 832 2078 869 uuunt

489 913 856 972 tantummodo
901 912 1172 981 cogitans,
1219 910 1488 979 quomodo
1538 910 1652 961 viro
1699 908 1903 978 placeat
1949 925 1961 960 :
2009 907 2079 960 ita

486 1006 641 1059 ttiam
674 1019 770 1056 nos
802 1001 860 1056 in
889 1000 993 1056 hac
1019 1002 1125 1054 vita
1156 999 1424 1062 sedentes,
1458 1013 1618 1052 unum
1667 999 1839 1052 solum
1872 1007 2080 1065 specte-

484 1108 621 1159 mus,
654 1104 706 1148 ut
730 1108 929 1162 sponso
960 1091 1316 1158 placeamus‘,
1347 1100 1401 1144 et
1428 1104 1639 1158 sponsa:
1667 1087 1985 1142 modestiam
2015 1102 2079 1142 ac

481 1185 735 1242 decorem
780 1196 1181 1240 conservemus.
1214 1182 1379 1251 Hujus
1405 1197 1616 1251 sponsas
1664 1180 1827 1235 David
1867 1195 2078 1250 quoque

483 1277 746 1342 meminit,
765 1275 983 1337 dicens:
1012 1273 1214 1326 Adstitit
1240 1274 1413 1343 regina
1435 1289 1466 1324 a
1483 1273 1673 1327 dextris
1702 1272 1799 1325 tuis
1821 1272 1872 1324 in
1903 1272 2078 1325 restim

482 1370 746 1432 deaurato,
770 1366 1085 1420 circumdata
1116 1366 1353 1420 varietate
1384 1367 1435 1419 in
1463 1364 1673 1433 ﬁmbriis
1713 1367 1877 1417 aureis
1901 1363 2072 1433 (Psal.

482 1461 571 1516 44.
606 1460 714 1527 ll).
738 1458 828 1513 Vis
855 1457 1033 1511 videre
1060 1457 1175 1524 ejus
1203 1455 1454 1511 e-dceos?
1496 1454 1629 1510 Audi
1662 1455 1879 1508 Paulum
1910 1469 1972 1521 pa
1991 1468 2074 1507 ra-

482 1550 771 1621 ttymphum
797 1549 894 1620 (a),
923 1550 1010 1617 qui
1041 1548 1169 1601 dicit
1208 1565 1222 1601 :
1270 1546 1492 1601 Calceati
1531 1547 1681 1616 pedes
1714 1547 1767 1599 in
1809 1561 2072 1614 prtepara-

483 1642 618 1694 tione
658 1637 901 1709 evangelii
957 1639 1097 1707 pacis
1146 1637 1310 1706 (Eph.
1342 1637 1394 1692 6.
1431 1638 1540 1706 15).
1574 1637 1661 1690 Vis
1706 1638 1862 1690 ctiam
1896 1636 2073 1690 videre

482 1734 599 1803 ejus
624 1746 832 1797 ZOItnttl,
873 1741 924 1784 et
966 1730 1234 1800 quomodo
1272 1730 1566 1798 composita
1591 1739 1671 1782 est
1698 1744 1761 1781 ex
1811 1726 2073 1780 \eti;ate?

485 1822 575 1876 Ille
600 1823 710 1889 ipse
734 1830 783 1874 te
812 1820 1044 1874 docebit.
1070 1820 1294 1872 Accincti
1318 1819 1514 1874 lumbos
1558 1828 1743 1872 vestros
1772 1818 1824 1870 in
1869 1818 2075 1871 veritate

482 1914 641 1984 (Ibid.
674 1919 727 1967 ti.
762 1914 869 1981 H).
906 1911 996 1964 Vis
1028 1912 1188 1964 etiam
1224 1911 1404 1965 videre
1434 1910 1550 1981 ejus
1586 1908 2070 1979 pulchritudinem?

479 2008 536 2065 id
571 2010 639 2060 ab
669 2005 857 2061 eodem
891 2018 1102 2073 quoque
1131 2002 1328 2057 disces.
1360 2001 1480 2055 Non
1509 2000 1699 2055 habens
1718 2000 1969 2054 maculam
1993 2000 2071 2054 vel

480 2113 660 2169 rugam
696 2093 856 2166 (Ibid.
898 2096 953 2148 5.
994 2093 1107 2164 27).
1155 2093 1293 2148 Audi
1338 2095 1496 2148 etiam
1545 2093 1671 2162 quid
1712 2092 1783 2148 de
1825 2107 1889 2147 ea
1929 2092 2071 2146 dicat

479 2187 829 2242 Ecclesiastes
846 2188 943 2257 (lt).
962 2184 1088 2239 Tota
1111 2187 1324 2255 pulchra
1346 2201 1413 2248 es,
1437 2184 1722 2253 propinqua
1744 2200 1872 2247 mea,
1888 2191 1935 2235 et
1957 2199 2067 2235 ma-

478 2278 593 2329 cula
616 2294 716 2331 non
746 2289 817 2331 est
839 2279 890 2331 in
912 2288 958 2332 te
985 2276 1157 2348 (Cant.
1184 2276 1237 2330 4.
1265 2275 1342 2345 7).
1370 2274 1460 2328 Vis
1480 2275 1641 2328 etiam
1672 2273 1852 2328 videre
1873 2274 2067 2344 pedes?

481 2366 902 2441 Quam‘speciosi
934 2371 1083 2439 pedes
1112 2368 1563 2439 evangelizantium
1607 2383 1803 2435 pacem,
1850 2384 2063 2439 evange-

477 2463 736 2516 Iizantium
768 2464 895 2518 bona
921 2461 1094 2534 (Rom.
1128 2461 1213 2515 10.
1247 2461 1358 2531 l5)!
1394 2460 1457 2514 Et
1484 2458 1622 2529 qttod
1662 2461 1916 2513 eximium
1944 2470 2054 2524 est,

477 2564 529 2610 et
559 2555 915 2611 admiratione
967 2554 1360 2626 dignissimum,
1394 2568 1515 2607 cum
1537 2568 1654 2606 eam
1682 2554 1763 2608 sic
1803 2567 2060 2607 exornas-

475 2657 576 2710 sct,
603 2662 707 2700 non
736 2649 877 2702 venit
902 2647 1128 2718 gloriam
1179 2662 1331 2700 suam
1374 2657 1718 2709 ostensurus,
1765 2662 1833 2701 tte
1872 2645 2063 2715 insigni

477 2754 570 2792 sua
614 2738 1005 2807 pulchritudine
1043 2756 1160 2793 eam
1205 2740 1648 2808 obstupefaceret,
1697 2749 1751 2794 et
1795 2749 2060 2793 amentem

476 2830 757 2894 redderet;
801 2829 896 2884 sed
923 2831 1069 2886 venit
1116 2831 1305 2885 eodem
1356 2831 1571 2885 indutus
1622 2832 1929 2886 indumento
1957 2845 2064 2901 quo

476 2936 670 2989 sponsa
703 2940 715 2974 :
747 2922 1017 2990 particeps
1046 2924 1189 2978 enim
1229 2932 1313 2976 est
1350 2936 1502 2992 teque
1541 2937 1603 2975 ac
1650 2922 1761 2991 ipsa
1805 2923 1983 2974 carnis
2009 2932 2064 2975 et

475 3014 779 3084 sanguinis;
826 3029 926 3068 nec
974 3015 1085 3083 ipse
1115 3031 1232 3068 eam
1280 3029 1495 3068 sursum
1523 3024 1694 3080 vocat,
1727 3014 1818 3068 sed
1852 3014 1915 3068 ad
1942 3029 2060 3067 eam

474 3104 700 3171 accedit,
733 3120 953 3159 servans
977 3106 1061 3159 hic
1090 3120 1301 3175 quoque
1326 3105 1508 3176 sponsi
1537 3105 1728 3175 legem,
1754 3121 1870 3173 qua:
1899 3121 2061 3174 spon-

473 3212 590 3251 Sttttt
620 3196 684 3251 ad
713 3212 962 3266 sponsam
1012 3196 1247 3251 adducit.
1289 3196 1442 3262 Quod
1484 3198 1643 3252 etiam
1674 3196 1810 3250 dixit
1850 3196 2057 3251 Moses:

480 3287 582 3340 i’ro
625 3305 681 3341 eo
722 3288 967 3357 relinquet
1010 3289 1159 3341 horno
1212 3298 1407 3357 patrem
1466 3297 1513 3341 et
1555 3298 1762 3340 matrem
1807 3304 1969 3351 suam,
2014 3297 2061 3340 et

473 3379 744 3432 adhaerebit
773 3380 919 3432 uxori
945 3395 1050 3432 sure
1081 3377 1233 3450 (Gen.
1266 3379 1322 3432 2.
1352 3379 1469 3448 24).
1499 3379 1567 3433 Et
1607 3379 1830 3433 Paulus:
1868 3380 2061 3433 Sacra-

475 3480 697 3521 meutunt
725 3468 818 3521 Itoc
862 3485 1101 3536 ira-gnum
1136 3478 1205 3521 est
1236 3485 1254 3521 :
1290 3486 1379 3538 ego
1409 3478 1575 3521 autem
1601 3469 1716 3522 dico
1765 3470 1816 3523 in
1860 3469 2058 3524 Christo

472 3558 595 3612 etin
629 3557 855 3612 Ecclesia
880 3559 1102 3629 (Ep/tes.
1145 3560 1197 3613 5.
1235 3560 1347 3630 52).
1380 3558 1513 3614 Cum
1560 3574 1688 3629 ergo
1730 3561 1961 3614 venisset
2006 3561 2057 3615 in

471 3648 588 3717 ejus
616 3647 997 3713 habitaculum,
1028 3660 1084 3705 et
1110 3666 1227 3703 eam
1262 3650 1555 3705 invenisset
1579 3649 1871 3716 sordidam,
1903 3665 2060 3720 squa-

472 3746 653 3814 lidam,
687 3746 903 3810 nudam,
955 3747 1212 3817 sanguine
1260 3746 1622 3816 inquinatam,
1675 3747 1837 3811 lavit,
1888 3747 2054 3813 unxit,

469 3840 621 3904 aluit,
643 3847 793 3894 veste
820 3839 1012 3901 induit,
1037 3839 1121 3892 cui
1149 3855 1327 3906 parem
1354 3839 1592 3892 invenire
1618 3853 1723 3892 non
1758 3838 1898 3893 licet.
1924 3837 2056 3892 Cum

474 3931 588 3997 ipse
616 3928 713 3998 ipsi
745 3928 935 3983 fuisset
962 3928 1352 3992 indumentum,
1387 3944 1503 3982 eam
1543 3929 1804 3981 sublatam
1847 3943 2057 3983 sursum

471 4021 551 4074 sic
590 4018 758 4073 ducit.
791 4018 850 4071 Ei
884 4027 1062 4087 parata
1090 4028 1173 4072 est
1217 4018 1505 4071 hereditas.
1532 4018 1668 4084 Quid
1698 4034 1827 4089 ergo
1852 4019 1919 4074 de
1946 4021 2058 4089 ipsa

479 4109 604 4164 dicit
636 4110 937 4179 propheta?
983 4110 1142 4163 Multa
1175 4126 1188 4162 :
1221 4119 1305 4163 est
1351 4109 1493 4163 enim
1542 4111 1657 4179 cjus
1702 4121 1973 4181 patronus,
2005 4123 2061 4167 et

476 4201 641 4254 multa
668 4214 850 4253 corum
893 4214 1012 4268 qua:
1038 4199 1086 4252 ei
1128 4212 1249 4254 sunt
1278 4211 1534 4253 eventura
1587 4201 1829 4269 praedixit
1850 4211 1902 4257 et
1932 4218 2057 4271 pro-

472 4294 723 4347 clamavit
749 4309 762 4346 :
796 4292 1243 4363 quemadmodum
1271 4292 1340 4347 de
1369 4308 1588 4362 sponso,
1619 4293 1690 4349 de
1718 4296 2059 4364 sponsalibus

472 4399 526 4440 et
567 4384 889 4441 deductione
936 4383 1001 4438 ad
1049 4398 1324 4453 Sponsum,
1367 4384 1436 4438 de
1482 4384 1635 4439 bonis
1676 4401 1795 4455 qure
1846 4397 1971 4441 sunt
2009 4388 2057 4443 ei

475 4486 753 4530 eventura.
796 4474 1086 4544 Propterea
1133 4474 1218 4528 hic
1247 4476 1408 4529 etiam
1459 4492 1552 4544 pro
1582 4476 1692 4544 ipsa
1725 4478 1973 4546 loquitur,
2004 4488 2060 4533 et

472 4567 758 4637 incipiens,
787 4565 924 4620 sicut
955 4566 1041 4620 isti
1093 4567 1300 4636 patroni
1348 4577 1402 4621 et
1433 4579 1674 4622 oratores
1721 4570 1773 4622 in
1819 4569 2055 4640 judiciis,

474 4658 607 4714 dicit
622 4674 909 4728 quemnam
937 4673 1031 4713 sua
1052 4660 1292 4715 oratione
1312 4659 1585 4723 defcndat,
1607 4677 1797 4732 nempe
1818 4679 1878 4719 se
1898 4664 2057 4719 verba

478 4749 652 4806 facere
698 4748 805 4803 Pro
831 4764 891 4803 ea
915 4764 1029 4816 qua:
1073 4750 1401 4804 hereditatem
1444 4752 1650 4819 accipit.
1695 4753 1833 4820 Quid
1878 4763 2057 4810 autem

460 4832 623 4913 petat
678 4845 836 4897 heres
888 4842 995 4907 illa,
1043 4841 1341 4897 audiamus.
1387 4844 1441 4898 2.
1489 4844 1647 4898 Verba
1695 4863 1804 4901 mea
1853 4848 2059 4902 auribus

478 4936 697 5004 percipe,
730 4932 964 4988 Domine.
994 4933 1259 5004 Sponsum
1294 4946 1445 4990 vocat
1488 4937 1804 5004 Dominum;
1850 4939 1953 4995 hoc
1977 4950 2059 4994 est

477 5028 619 5081 enim
659 5040 871 5095 sponsa:
902 5023 1037 5095 frugi
1079 5026 1332 5081 ofﬁcium.
1364 5028 1417 5082 Si
1447 5044 1676 5099 namque
1704 5031 1804 5085 hoc
1830 5030 1889 5084 iit
1913 5032 1964 5085 in
1996 5033 2060 5086 iis

476 5119 563 5189 qui
592 5124 716 5171 sunt
742 5117 978 5184 ejusdem
1001 5116 1342 5183 substantiae,
1376 5129 1430 5173 et
1458 5136 1592 5174 uxor
1626 5122 1873 5175 maritum
1903 5132 2060 5177 vocat

478 5211 792 5265 dominum:
821 5211 987 5264 multo
1035 5212 1203 5280 magis
1253 5212 1303 5263 in
1349 5211 1564 5268 Christo
1613 5222 1668 5268 et
1703 5215 1754 5268 in
1796 5216 2056 5285 Ecclesia,

482 5302 571 5355 ubi
603 5309 683 5355 est
723 5303 885 5355 etiam
928 5311 1112 5356 natura
1148 5302 1420 5357 Dominus.
1465 5303 1704 5375 lta‘ergo
1740 5320 1860 5360 eum
1906 5317 2060 5363 vocat

545 5454 561 5484 ⁸
599 5459 736 5514 Reg"
760 5459 811 5502 ut
828 5454 989 5517 sponsi
1010 5455 1245 5506 virtutem.

545 5534 618 5590 (τι)
649 5533 837 5604 scilicet
866 5536 947 5595 qui
987 5537 1168 5604 animas
1205 5538 1389 5587 Christo
1425 5540 1685 5601 desponsat
1710 5555 1723 5591 :
1747 5550 1800 5592 ut
1837 5542 1942 5604 ipse
1975 5547 2057 5604 ait,

486 5597 726 5653 Despondi
745 5597 871 5643 enim
892 5608 971 5645 vos
993 5597 1077 5645 uni
1106 5599 1225 5652 viro,
1259 5607 1353 5647 etc.

548 5653 625 5711 (bl
654 5655 968 5719 Fx-clestasten
993 5657 1070 5704 lnc
1090 5669 1227 5719 vocat
1269 5659 1567 5709 salomouom
1594 5677 1605 5710 :
1639 5668 1774 5714 locus
1795 5672 1962 5716 autem
1986 5675 2063 5716 est

489 5713 539 5761 in
559 5714 773 5764 ¹²ί¹¹¹¹ίοίδο
793 5722 925 5765 διυοο
950 5729 1064 5764 vero
1090 5717 1247 5767 locum
1271 5733 1364 5769 non
1390 5722 1533 5772 etlert
1557 5713 1764 5787 Remus.
1799 5713 1907 5743 ﬂ"

2190 631 2329 684 niam
2358 633 2499 685 eiiim
2529 643 2612 687 est
2637 634 2685 688 ei
2714 637 2981 705 proposita
3013 636 3304 701 hereditas,
3336 639 3450 695 lucc
3475 652 3653 696 autem
3687 642 3785 696 he-

2186 719 2388 773 reditas
2415 722 2663 776 ell‘ectutn
2706 727 2944 789 sortitur,
2969 727 3013 779 si
3055 743 3173 795 qua:
3203 728 3303 782 sibi
3348 741 3476 783 sunt
3507 745 3776 801 ςιιοιῐδριινιει

2186 819 2332 863 recte
2365 810 2571 879 fecert,
2604 823 2721 867 orat
2750 824 2804 868 et
2844 816 3090 870 obsecrat
3140 828 3195 871 ιιι
3223 819 3269 870 ci
3320 835 3475 885 opem
3518 820 3679 887 ferat,
3726 834 3785 876 nt

2185 915 2305 968 quae
2329 912 2448 954 sunt
2481 904 2752 971 preposita
2781 904 3041 971 perﬁciat.
3067 915 3122 960 et
3150 923 3253 960 non
3284 909 3497 963 excidat
3522 911 3590 964 ab
3618 919 3780 965 bere-

2185 989 2370 1044 (litate.
2408 991 2542 1045 Dicit
2569 993 2745 1062 itaque
2777 1012 2790 1047 :
2851 994 3007 1048 Verba
3032 1013 3142 1048 utea
3170 998 3379 1050 auribus
3404 1001 3627 1070 percipe,
3666 1000 3784 1054 lion

2186 1082 2340 1149 mine,
2366 1092 2420 1138 et
2446 1083 2550 1138 hoc
2576 1084 2707 1139 dicit
2733 1101 2856 1140 cum
2889 1088 3097 1149 liducia,
3121 1091 3370 1157 quoniam
3402 1106 3465 1144 ea
3494 1093 3624 1159 petit
3652 1110 3778 1162 «pne

2183 1172 2299 1242 ipse
2329 1175 2489 1229 etiam
2522 1176 2650 1231 dare
2681 1179 2830 1247 cupit
2853 1196 2867 1233 :
2894 1180 3343 1248 quemadmodum
3373 1182 3418 1235 si
3444 1184 3564 1252 quis
3583 1199 3644 1238 ea
3679 1202 3779 1251 pe-

2184 1274 2258 1319 tat
2280 1283 2399 1336 quze
2428 1285 2493 1322 eo
2521 1270 2610 1339 qui
2642 1271 2711 1323 sit
2741 1270 2961 1326 daturus
3006 1272 3220 1342 indigna
3265 1283 3413 1340 sunt,
3448 1291 3553 1329 non
3599 1288 3781 1345 potest

2179 1373 2295 1410 eam
2322 1369 2502 1427 petere
2531 1362 2782 1430 gratiam.
2812 1361 3038 1429 Quando
3065 1375 3181 1417 orat
3214 1364 3476 1420 adversus
3504 1368 3775 1433 inimicos,

2179 1450 2392 1519 quando
2429 1451 2688 1507 adversus
2717 1468 2812 1509 eos
2836 1454 2927 1525 qui
2974 1455 3216 1510 molestia
3256 1458 3428 1526 aliqua
3456 1459 3773 1520 all‘ecerunt.

2177 1555 2240 1593 ea
2282 1556 2386 1594 non
2434 1552 2560 1596 sunt
2600 1544 2757 1598 verba
2803 1543 3054 1610 hominis,
3099 1545 3190 1600 sed
3238 1546 3457 1601 diaboli.
3487 1549 3544 1604 Si
3585 1548 3776 1617 jnrare

2178 1632 2320 1685 enim
2348 1642 2432 1686 est
2461 1648 2489 1686 a
2520 1633 2734 1688 diabolo
2783 1635 2972 1704 (Quod
3016 1638 3162 1692 enim
3213 1649 3282 1691 est
3333 1639 3410 1692 his
3463 1642 3704 1710 antplius,
3741 1659 3777 1693 ιι

2177 1720 2312 1774 malo
2337 1721 2443 1790 est)
2471 1722 2689 1793 (Matth.
2722 1725 2775 1780 5.
2806 1725 2923 1794 57),
2952 1726 3157 1781 clarmn
3188 1738 3265 1782 est
3296 1729 3436 1797 quod
3466 1731 3625 1784 etiam
3657 1748 3777 1800 pre-

2174 1811 2286 1865 cari
2311 1812 2567 1869 adversus
2599 1816 2862 1869 inimicos.
2892 1816 2945 1872 Si
2983 1834 3110 1887 ergo
3135 1818 3303 1880 dicas,
3347 1819 3503 1873 Verba
3532 1839 3647 1875 mea
3679 1840 3775 1875 au-

2175 1904 2310 1957 ribus
2336 1906 2654 1975 percipe,dic
2676 1922 2737 1961 ea
2766 1908 2926 1961 verba
2945 1925 3063 1978 quae
3089 1919 3213 1963 sunt
3239 1910 3472 1965 hominis
3500 1915 3770 1967 mansueti

2174 2010 2238 2049 ac
2269 1996 2509 2061 humani,
2542 2007 2595 2052 et
2622 1999 2713 2069 qui
2746 2000 2879 2054 nihil
2912 2000 3065 2054 habet
3097 2002 3439 2057 diabolicum.

2244 2088 2297 2142 5.
2341 2087 2521 2152 Qualis
2573 2090 2638 2142 sit
2682 2105 2799 2144 vera
2828 2092 3009 2157 oratio,
3047 2101 3093 2145 et
3149 2095 3364 2162 qualiter
3408 2096 3476 2148 ad
3512 2099 3772 2151 orandum

2172 2193 2263 2230 nos
2323 2180 2609 2247 comparari
2670 2190 2915 2249 oporteat.
2969 2211 3042 2221 —
3112 2201 3132 2233 ι
3196 2182 3433 2254 lutellige
3491 2187 3771 2241 clamorem

2172 2287 2355 2324 meum.
2393 2290 2412 2318 ι
2445 2272 2745 2327 Clamorem
2777 2273 2862 2328 hic
2888 2274 3035 2336 dicit,
3066 2292 3170 2329 non
3200 2278 3342 2329 vocis
3365 2278 3711 2333 intentionem
3745 2323 3764 2344 ,

2167 2360 2262 2415 sed
2311 2361 2502 2414 mentis
2539 2362 2894 2417 affectionem.
2956 2364 3087 2419 Nam
3142 2367 3272 2421 Mosi
3349 2369 3510 2422 etiam
3562 2373 3764 2425 tacenti

2168 2450 2301 2504 dixit
2331 2468 2344 2505 :
2379 2451 2516 2516 Quid
2540 2452 2729 2506 clamas
2759 2454 2828 2506 ad
2851 2471 2928 2507 me
2949 2455 3137 2524 (Exod.
3178 2459 3239 2510 14
3304 2457 3430 2529 li)?
3458 2460 3572 2512 Non
3600 2462 3761 2529 dixit,

2167 2540 2301 2608 Quid
2333 2556 2457 2594 oras
2477 2541 2543 2596 ad
2568 2544 2692 2596 me?
2713 2544 2804 2597 sed
2827 2585 2840 2606 ,
2874 2544 3010 2610 Quid
3035 2547 3224 2600 clamas
3266 2551 3331 2600 ad
3362 2567 3439 2603 me
3458 2551 3483 2603 Σ)
3505 2553 3666 2619 (ιτεοιιί
3685 2571 3761 2606 ιιιι

2166 2634 2609 2688 cumvebcmenti
2646 2635 2835 2690 all‘ecttt
2884 2635 2951 2690 ad
3005 2653 3125 2691 eum
3175 2651 3491 2694 accursserat.
3536 2643 3763 2712 Utergo

2166 2724 2330 2777 scires
2356 2724 2441 2778 hic
2463 2740 2674 2794 quoque
2706 2742 2810 2779 non
2836 2727 2938 2780 dici
2971 2728 3259 2782 clamorem
3291 2771 3305 2795 ,
3335 2731 3427 2785 sed
3460 2734 3651 2787 mentis
3679 2737 3762 2786 al"-

2166 2815 2471 2881 fectionem,
2497 2824 2553 2872 et
2577 2818 2844 2872 intensum
2885 2819 3144 2884 studium,
3189 2836 3292 2875 non
3321 2822 3449 2877 dixit
3477 2842 3489 2878 :
3522 2824 3761 2879 Auribus

2165 2907 2380 2976 percipe
2421 2907 2710 2963 clamorem
2763 2925 2938 2964 meum
2973 2928 2985 2963 :
3019 2911 3110 2965 scd
3162 2912 3326 2981 quid?
3373 2913 3626 2986 lutt'llige,
3653 2917 3760 2973 hoc

2164 3008 2269 3064 est,
2302 2998 2473 3053 Disce.
2536 2999 2648 3053 Etsi
2693 3001 2834 3055 enim
2881 3001 3126 3057 Immanis
3184 3005 3357 3059 verbis
3401 3021 3528 3060 usus
3563 3019 3663 3069 est,
3698 3010 3757 3063 in

2167 3091 2294 3161 ipsis
2321 3101 2495 3144 tamen
2527 3092 2702 3145 verbis
2726 3092 2969 3146 humanis
2997 3094 3138 3162 quod
3163 3104 3305 3149 recte
3331 3107 3758 3164 repraesentatur

2164 3180 2445 3249 signiﬁcat.
2479 3179 2690 3234 Intende
2716 3183 2823 3234 voci
2845 3184 3227 3252 supplicationis
3241 3202 3379 3239 mem.
3413 3187 3547 3241 Dicit
3568 3204 3756 3243 rursus

2166 3283 2350 3322 vocem
2380 3269 2665 3324 internum.
2718 3272 2792 3325 Ita
2845 3274 3005 3327 etiam
3045 3274 3309 3329 clamabat
3353 3278 3501 3331 Anna
3555 3280 3617 3333 Et
3643 3297 3755 3334 non

2163 3356 2297 3411 dixit
2338 3359 2654 3427 simpliciter
2692 3373 2747 3415 el
2791 3362 3054 3428 absolute,
3104 3363 3322 3418 Intende
3345 3368 3460 3419 voci
3496 3370 3757 3423 orationis

2164 3462 2318 3512 ιιιθίῐι,
2352 3448 2466 3513 sed,
2505 3448 2906 3519 Supplicationis
2936 3450 3099 3524 mea:(
3130 3454 3180 3505 1.
3211 3453 3338 3524 Reg.
3369 3456 3417 3509 1.
3456 3457 3519 3510 15
3615 3458 3753 3511 Euan

2161 3540 2303 3594 enim
2331 3540 2420 3609 qui
2451 3551 2588 3607 orat,
2619 3550 2830 3611 Oportet
2858 3553 2912 3598 et
2945 3543 3180 3598 habitum
3210 3554 3265 3600 et
3291 3558 3524 3602 mentem
3548 3550 3754 3618 suppli-

2162 3631 2241 3685 cis
2265 3631 2503 3684 induet-e.
2539 3632 2636 3699 Qui
2666 3634 2806 3687 enim
2830 3634 3051 3701 supplex
3076 3645 3174 3699 est,
3211 3652 3314 3689 non
3346 3637 3566 3691 adhibet
3590 3640 3752 3692 verba

2163 3726 2490 3777 accusatoris
2526 3725 2648 3793 :qui
2701 3734 2876 3778 autem
2921 3726 3140 3780 inimico
3186 3729 3323 3782 male
3368 3738 3755 3797 precatur,est

2163 3823 2446 3868 accusator
2499 3816 2695 3882 potius,
2752 3831 2910 3883 quam
2945 3819 3190 3886 supplex.
3247 3818 3432 3873 Vidisti
3481 3822 3752 3888 quomodo

2161 3905 2455 3958 orationem
2486 3904 2679 3969 attulit,
2703 3906 2914 3974 quando
2954 3923 3071 3961 eam
3102 3907 3223 3962 fecit
3248 3909 3456 3978 dignam
3487 3926 3605 3979 qua:
3647 3925 3747 3963 au—

2162 3995 2409 4052 diretur?
2440 3998 2514 4052 lta
2555 3999 2713 4053 etiam
2764 4015 2862 4053 nos
2903 4002 3115 4068 quando
3145 4017 3357 4055 oramus
3377 4042 3393 4065 ,
3423 4011 3477 4055 et
3504 4003 3749 4057 volumus

2163 4087 2425 4153 exaudiri,
2447 4104 2563 4143 eam
2592 4091 2819 4158 primum
2848 4092 2917 4145 ita
2939 4107 3310 4161 comparemus
3331 4135 3345 4153 ,
3371 4104 3427 4146 ut
3458 4095 3526 4148 sit
3554 4095 3762 4165 oratio,

2163 4190 2218 4234 et
2249 4195 2354 4234 non
2384 4182 2673 4247 accusatio,
2700 4192 2750 4237 et
2780 4183 2903 4238 latis
2926 4182 2993 4237 ab
3018 4198 3084 4237 eo
3112 4184 3312 4253 legibus
3338 4188 3752 4242 convenientem

2162 4286 2279 4323 eant
2313 4271 2729 4326 introducamus.
2756 4273 2866 4327 Rea:
2881 4290 3020 4328 meus
3047 4285 3091 4328 et
3113 4274 3248 4328 Deus
3270 4292 3429 4329 meus.
3461 4276 3609 4343 Quod
3634 4278 3750 4332 fre-

2162 4370 2388 4432 quenter
2416 4362 2537 4416 dicit
2570 4364 2847 4432 propheta,
2875 4367 2955 4419 vel
2988 4367 3161 4433 potius
3204 4368 3344 4437 quod
3376 4379 3493 4422 erat
3521 4371 3752 4424 Abrahae

2162 4454 2413 4507 eximium
2437 4454 2770 4522 attributum,
2817 4465 2876 4510 ut
2908 4456 3036 4510 dicit
3076 4457 3270 4511 Paulus
3303 4477 3316 4511 :
3349 4460 3460 4522 Qua
3498 4462 3559 4512 de
3594 4476 3754 4516 causa

2163 4559 2263 4596 non
2285 4542 2527 4597 erubescit
2553 4544 2690 4597 Deus
2720 4548 2852 4598 Deus
2874 4562 3046 4599 eorum
3079 4548 3246 4599 vocari
3276 4546 3458 4619 (Hebr.
3501 4550 3583 4604 11.
3616 4551 3749 4619 16);

2164 4634 2264 4688 hoc
2292 4638 2406 4703 ipsa
2432 4635 2530 4689 sibi
2556 4637 2837 4703 ιιεςιιιιιιιείι
2856 4677 2870 4698 ,
2892 4636 3160 4691 desiderio
3183 4693 3186 4698 _
3214 4638 3437 4707 impulsa
3490 4641 3749 4709 pra-clare

2162 4726 2459 4792 usurpavit.
2492 4724 2607 4780 Non
2638 4726 2779 4780 enim
2806 4724 2974 4792 dixit,
3006 4727 3140 4792 Res,
3176 4728 3420 4782 absolute
3441 4769 3457 4792 ,
3489 4729 3604 4793 sed,
3636 4730 3752 4784 Res;

2163 4831 2299 4868 meus
2327 4824 2372 4868 et
2396 4813 2532 4869 Deus
2572 4831 2730 4879 meus,
2755 4830 2990 4869 amorem
3039 4831 3191 4870 suum
3247 4817 3505 4873 indicans.
3551 4821 3751 4876 Deinde

2161 4904 2316 4959 aﬂ'ert
2344 4919 2552 4973 causas,
2584 4915 2800 4973 propter
2825 4922 2955 4975 quas
2985 4907 3095 4959 vult
3121 4922 3237 4960 eam
3284 4909 3543 4962 exauditi.
3584 4910 3745 4976 Qum-

2162 5010 2285 5051 nam
2312 5004 2488 5049 autem
2515 5004 2637 5049 sunt
2657 5012 2735 5052 ea:
2755 4999 2779 5047 ‘t
2806 4997 2861 5051 4.
2888 4997 3139 5062 Quoniam
3164 4998 3232 5050 ad
3249 5008 3296 5052 te
3315 5000 3484 5062 orabo,
3512 5001 3745 5058 Domine.

2162 5088 2311 5156 Quis,
2344 5088 2569 5158 inquies,
2604 5090 2766 5143 Deum
2797 5106 2900 5144 non
2928 5092 3084 5144 orat?
3105 5091 3246 5145 Multi
3274 5092 3747 5164 videnturquident

2166 5180 2332 5234 Deum
2361 5194 2516 5234 orare
2547 5197 2560 5231 :
2587 5180 2681 5233 sed
2714 5180 2764 5234 id
2788 5180 3004 5243 faciunt,
3035 5191 3091 5233 ιιι
3128 5197 3186 5235 se
3229 5194 3497 5236 omentent
3521 5184 3752 5238 homini-

2165 5270 2284 5325 bus.
2334 5270 2400 5323 At
2449 5284 2554 5323 non
2605 5270 2720 5324 hinc
2748 5291 2760 5325 :
2789 5270 2881 5325 sed
2928 5270 2994 5324 ad
3036 5273 3201 5327 Dentn
3250 5273 3418 5341 ipsum
3458 5275 3744 5340 ferebatur,

2167 5360 2415 5415 humanis
2440 5359 2601 5415 rebus
2627 5362 2877 5415 omnibus
2904 5361 3161 5416 dimissis.
3196 5362 3348 5416 Mane
3382 5366 3617 5418 cxaudics
3658 5382 3747 5416 vo.

2165 5466 2273 5503 cem
2316 5466 2503 5504 meam.
2533 5449 2696 5506 Vides
2735 5450 3026 5506 vehemens
3063 5453 3320 5519 studium,
3361 5463 3415 5507 cl.
3458 5456 3747 5509 contritam

2166 5538 2435 5593 animum?
2460 5541 2503 5592 A
2538 5540 2796 5611 principio
2824 5542 2953 5608 diei,
2985 5542 3173 5611 inquit,
3222 5542 3323 5598 hoc
3358 5560 3477 5614 ago.
3519 5545 3751 5600 Audiant

2167 5630 2257 5698 qtti
2289 5639 2406 5699 post
2447 5631 2722 5683 innumera
2750 5646 2912 5700 opera
2947 5632 3158 5686 tandem
3207 5634 3425 5687 veniunt
3452 5634 3517 5688 ad
3545 5640 3744 5688 oratio-

2171 5737 2314 5776 nem.
2338 5723 2406 5775 Λι
2429 5738 2531 5776 non
2560 5723 2668 5792 ipsa
2696 5739 2709 5777 :
2736 5724 2825 5778 scd
2850 5724 2914 5779 ab
2933 5724 3085 5778 initio
3112 5724 3215 5780 dici
3243 5725 3400 5780 doluit
3425 5725 3535 5783 Deo
3565 5728 3756 5796 primi-
