4106 6430
406 365 477 417 63
1620 358 1907 414 ΕΧΡΟΞΠ
1919 358 1984 413 ιο

2134 360 2459 420 PSALMUM
2500 365 2562 423 Υ.
3638 367 3704 415 Μ

412 496 500 534 νον
528 477 748 549 νύμφην
776 480 1075 545 ἐκάλεσεν,
1113 482 1225 534 ἀλλ’
1261 483 1342 534 ὅτι
1383 480 1476 534 καὶ
1504 481 1713 541 πάντας
1751 478 1810 530 ἓν
1850 475 2012 546 σῶμα

413 559 555 617 εἶναι
585 563 836 633 βούλεται
867 566 971 618 καὶ
1006 565 1134 636 μίαν
1164 563 1360 635 ψυχὴν,
1393 562 1533 617 κατά
1565 562 1657 615 τὸν
1683 563 1783 632 τῆς
1809 560 2011 631 ἀρετῆς

417 654 516 705 καὶ
536 650 627 703 τὸν
659 649 759 720 τῆς
783 650 1014 719 ἀγάπης
1038 650 1220 717 λόγον·
1254 649 1346 703 καὶ
1372 649 1455 701 ὅτι
1480 647 1732 719 καθάπερ
1756 649 1790 716 ὴ
1822 645 2007 717 νύμφη

422 735 602 788 πάντα
648 737 793 788 ποιεῖ
833 734 976 805 πρὸς
1020 734 1308 805 ἀρέσκειαν
1349 730 1444 785 τοῦ
1486 731 1697 802 ἀνδρὸς.
1735 730 1878 783 οὕτω
1915 732 2010 782 καὶ

422 820 573 889 ημᾶς
601 818 689 872 διὰ
716 818 916 882 παντὸς
940 816 1037 871 τοῦ
1073 816 1185 887 βίου
1220 815 1494 879 τοιούτους
1526 810 1665 868 εἶναι
1691 815 1820 885 χρή.
1849 813 2006 884 υίαὴ

422 902 611 972 νύμφη
650 902 791 956 κατά
828 901 929 973 τὴν
954 901 1167 973 ἡμέραν
1204 900 1420 968 ἐκείνην
1462 898 1687 953 ἐπὶτῶν
1718 897 2007 952 παστάδων

422 984 738 1049 καθέζεται.
765 985 824 1038 ἓν
854 984 1173 1057 μεριμνῶσα
1203 984 1361 1053 μόνον
1386 984 1534 1046 ὅπως
1560 982 1732 1054 ἀρέσῃ
1758 981 1836 1052 τῷ
1866 999 2006 1052 νυμ-

422 1069 560 1138 φίῳ·
592 1067 734 1123 οὕτω
753 1069 817 1141 δὴ
846 1069 942 1123 καὶ
968 1071 1130 1140 ἡμεῖς
1152 1070 1245 1121 ἐπὶ
1272 1066 1363 1120 τοῦ
1397 1067 1511 1138 βίου
1540 1066 1729 1120 τούτου
1762 1066 2006 1136 προκαθ-

420 1156 618 1223 ήμενοι
636 1154 695 1205 ἓν
716 1152 1027 1224 σκοπῶμεν,
1054 1151 1149 1206 τοῦ
1173 1152 1407 1223 νυμφίου
1435 1150 1532 1223 τὴν
1562 1151 1872 1224 ἀρέσκειαν,
1908 1152 2003 1205 καὶ

414 1236 519 1306 τὴν
545 1248 573 1277 ι
601 1240 699 1309 τῆς
725 1236 939 1307 νύμφης
969 1236 1219 1302 εὐταξίαν
1252 1235 1617 1307 διατηρῶμεν.
1644 1233 1758 1307 [51]
1785 1234 2004 1305 Ταύτης

416 1319 521 1388 τῆς
557 1320 778 1390 νύμφης
804 1320 895 1374 καὶ
928 1323 956 1374 ὁ
988 1318 1150 1373 Δαυῒδ
1182 1319 1454 1391 μέμνηται
1482 1318 1688 1387 λέγων’
1724 1319 2002 1389 Παρέστη

416 1401 459 1466 ἡ
500 1400 834 1452 ϐασίλισσα
853 1400 921 1452 ἐκ
947 1398 1161 1463 δεξιῶν
1186 1415 1322 1464 σου,
1348 1399 1419 1452 ἐν
1437 1398 1731 1468 ἱματισμῷ
1758 1398 2004 1466 διαχρύ-

421 1494 510 1545 σῳ
544 1478 1036 1547 πείιϐεϐλημένη,
1069 1480 1501 1548 πεποικιλμένη
1532 1477 1602 1530 ἐν
1630 1477 2004 1546 κροσσωτοῖς

424 1561 695 1629 ιρυσοῖς.
749 1561 935 1625 Θέλεις
988 1562 1160 1633 αὐτῆς
1207 1562 1299 1615 καὶ
1342 1561 1412 1615 τὰ
1460 1562 1787 1633 ὑποδήματα
1841 1561 1999 1624 ἰδεῖν;

431 1643 689 1694 Ἀκονσον
719 1641 931 1694 Παύλου
967 1641 1064 1696 τοῦ
1102 1641 1472 1712 νυμφαγωγοῦ
1506 1641 1753 1709 λέγοντος
1774 1658 1789 1673 ·
1841 1642 2003 1695 Ὑπο-

424 1725 745 1796 Ξησὰμενοι
784 1729 927 1792 τοὺς
951 1726 1144 1793 πόδας
1167 1727 1236 1779 ὲν
1261 1726 1572 1794 ἑτοιμασίᾳ
1599 1724 1706 1778 τοῦ
1739 1727 2000 1795 Εὐαγγε-

422 1810 555 1863 110v
577 1806 687 1878 τῆς
710 1810 977 1879 εἰρήνης.
1002 1809 1187 1873 Θέλεις
1210 1809 1378 1880 αὐτῆς
1410 1809 1539 1862 ἰδεῖν
1561 1809 1655 1861 καὶ
1678 1807 1776 1880 τὴν
1800 1807 1998 1881 ζώνην,

422 1894 514 1944 καὶ
542 1893 618 1956 ώς
646 1894 750 1946 ὑπὸ
776 1892 1030 1960 ἀληθείας
1056 1892 1372 1960 σύγκειται;
1408 1892 1466 1944 Ὀ
1494 1891 1656 1953 αὐτός
1686 1908 1746 1945 σε
1773 1891 1996 1956 διδάξει.

416 1971 877 2040 ΙΙεριζωσάμενοι
896 1971 1012 2040 τὴν
1034 1972 1235 2042 ὀσφὺν
1248 1971 1418 2043 ὑμῶν
1429 1971 1499 2025 ἐν
1518 1971 1789 2041 ἀληθείᾳ.
1805 1971 1993 2036 Θέλεις

419 2052 545 2104 Ξδείν
576 2052 745 2119 αὐτῆς
772 2051 866 2105 καὶ
896 2051 957 2104 τὸ
986 2051 1210 2117 κάλλος;
1255 2050 1367 2106 Καὶ
1399 2050 1559 2105 τοῦτο
1600 2050 1821 2124 μαθήσῃ
1861 2052 1992 2123 παρ’

417 2138 603 2192 αὐτοῦ.
628 2138 726 2208 Μὴ
757 2138 992 2209 ἔχουσα
1023 2138 1251 2193 σπῖλον
1277 2139 1314 2207 ἣ
1334 2138 1571 2207 ῥυτίδα.
1610 2140 1809 2193 ’Λκουε
1848 2144 1942 2195 καὶ
1969 2145 1998 2197 ὁ

430 2222 861 2294 Ἐκκλησιαστὴς
888 2221 942 2276 τί
972 2223 1102 2294 περὶ
1123 2220 1327 2294 ταύτης
1355 2221 1535 2291 λέγει·
1565 2223 1717 2291 Ὅλη
1740 2226 1897 2293 καλὴ
1923 2222 1996 2292 εἷ,

414 2306 453 2373 ὴ
475 2308 745 2375 πλησίον
758 2325 898 2377 μου,
922 2307 1021 2360 καί
1033 2306 1238 2376 μῶμος
1256 2309 1367 2360 οὐκ
1385 2307 1556 2360 ἐστιν
1578 2307 1650 2360 ἐν
1668 2309 1770 2362 σοί
1774 2349 1787 2363 .
1815 2309 1999 2376 Θέλεις

415 2389 545 2443 ἰδεῖν
574 2391 665 2445 καί
695 2393 821 2453 τοὺς
849 2390 1053 2454 πόδας;
1101 2390 1200 2455 Ὠς
1223 2389 1421 2459 ὡραῖοι
1454 2391 1508 2443 οἱ
1546 2390 1729 2457 πόδες
1756 2390 1877 2446 τῶν
1900 2396 1996 2448 εὐ-

410 2473 879 2543 αγγελιζομένων
904 2474 1021 2537 τὴν
1045 2473 1312 2542 εἰρήνην,
1337 2473 1435 2527 καί
1459 2473 1999 2544 εὐαγγελιζομένων

414 2557 485 2610 τὰ
515 2556 729 2627 ἀγαθά.
765 2557 872 2610 Καὶ
910 2556 974 2609 τὸ
998 2556 1062 2629 δὴ
1091 2557 1401 2627 θαυμαστὸν
1434 2556 1527 2609 καὶ
1562 2557 1878 2629 ἐκπλήξεως
1905 2560 1998 2629 γέ-

414 2658 535 2709 μον,
561 2642 644 2695 ὅτι
671 2641 763 2695 καὶ
792 2643 1075 2712 κοσμήσας
1103 2640 1289 2694 τοῦτον
1317 2640 1410 2693 τὸν
1436 2640 1636 2711 τρόπον
1673 2641 1864 2713 αὐτὴν,
1894 2644 1997 2697 οὐκ

409 2719 543 2794 ἦλθε
565 2724 661 2796 τὴν
679 2724 833 2789 δόξαν
856 2722 1022 2777 αὐτοῦ
1048 2722 1507 2794 ἐπιδεικνύμενος,
1530 2724 1618 2777 ἵνα
1643 2724 1718 2796 μὴ
1737 2727 1804 2796 τῇ
1828 2724 1997 2797 ὐπερ⁴

410 2807 541 2880 ϐολῇ
575 2807 669 2860 τοῦ
714 2807 941 2872 κάλλους
988 2806 1234 2880 ἐκπλήξῃ
1276 2805 1482 2877 αὐτὴν,
1527 2806 1624 2860 καὶ
1668 2808 1996 2879 παράφρονα

408 2892 742 2964 ἐργάσηται,
794 2890 908 2944 ἀλλ’
961 2888 1179 2962 ἔρχεται
1239 2890 1455 2961 ἱμάτιον
1504 2890 1992 2962 περιϐεϐλημένος,

408 2970 521 3030 οἷον
560 2978 595 3049 ἠ
634 2975 820 3048 νύμφη
843 2992 858 3007 ο
900 2975 1184 3046 μετέχεται
1234 2973 1343 3045 γὰρ
1386 2975 1619 3045 αἵματος
1657 2975 1752 3028 καὶ
1794 2973 1997 3047 σαρκὸς

413 3059 806 3130 παραπλησίως
833 3057 972 3128 αὐτῇ
996 3075 1011 3089 ο
1047 3059 1143 3111 καὶ
1180 3058 1281 3111 οὐκ
1315 3057 1487 3127 αὐτὴν
1519 3057 1634 3111 ἄνω
1659 3058 1836 3121 καλεῖ,
1878 3058 1993 3112 ἀλλ’

409 3145 574 3208 αὐτὸς
604 3145 738 3216 πρδς
762 3144 934 3214 αὐτὴν
960 3142 1323 3214 παραγίνεται
1340 3159 1355 3173 ο
1382 3142 1567 3213 τηρῶν
1597 3142 1877 3196 κάνταῦθα
1899 3141 1994 3197 τοῦ

408 3230 646 3301 νυμφίου
666 3228 756 3282 τὸν
776 3230 939 3299 νόμον
958 3227 1048 3281 τὸν
1069 3228 1206 3300 πρὸς
1225 3227 1324 3300 τὴν
1346 3226 1565 3299 νύμφην
1585 3228 1748 3281 αὐτὸν
1768 3228 1990 3297 ἄγοντα.

409 3314 591 3384 Ὅπερ
639 3314 733 3366 καὶ
789 3311 1030 3381 Μωῦσῆς
1056 3311 1274 3380 ἔλεγεν
1319 3311 1468 3364 Ἅντί
1515 3313 1731 3365 τούτου
1756 3312 1783 3351 δ
1816 3329 1995 3366 κατα-

410 3401 607 3467 λείψει
619 3398 922 3465 ἄνθρωπος
935 3396 1044 3450 τὸν
1061 3395 1287 3465 πατέρα
1299 3395 1486 3449 αὐτοῦ
1502 3396 1599 3450 καί
1620 3395 1735 3464 τὴν
1745 3413 1830 3467 μη
1838 3397 1993 3465 τέρα,

408 3484 507 3538 καὶ
536 3480 1143 3550 προσκολληθήσεται
1173 3482 1324 3550 πρὸς
1358 3480 1475 3548 τὴν
1503 3481 1760 3551 γυναῖκα
1782 3481 1991 3535 αὐτοῦ.

410 3569 521 3622 Καὶ
563 3569 593 3620 ὁ
635 3565 872 3629 Παῦλοςο
919 3565 991 3619 Τό
1021 3565 1363 3635 μυστήριον
1401 3565 1579 3619 τοῦτο
1604 3565 1758 3636 μέγα
1786 3567 1991 3621 ἐστίν’

407 3651 525 3720 ἐγὼ
545 3651 614 3704 δὲ
637 3652 792 3719 λέγω
817 3652 904 3715 εἰς
929 3649 1190 3717 Χριστὸν
1212 3649 1312 3702 καί
1338 3650 1423 3715 εἰς
1450 3647 1564 3716 τὴν
1603 3649 1992 3718 Ἐκκλησίαν.

422 3735 623 3790 Ἐλθὼν
662 3735 839 3787 τοίνυν
866 3736 947 3797 εἰς
978 3734 1040 3786 τὸ
1080 3731 1425 3802 καταγώγιον
1459 3732 1649 3803 αὐτῆς,
1684 3732 1779 3786 καὶ
1817 3732 1995 3805 εὑρὼν

408 3822 695 3892 ῥυπῶσαν,
730 3818 1063 3889 αὐχμῶσαν,
1093 3817 1329 3888 γυμνὴν,
1364 3818 1721 3888 πεφυρμένην
1762 3819 1952 3887 αἵματι
1977 3857 1992 3881 ,

408 3907 661 3968 ἔλουσεν,
702 3904 948 3976 ῆλειψεν,
990 3902 1220 3974 ἔθρεψεν
1244 3943 1259 3969 ,
1304 3901 1554 3955 ἐνέδυσεν
1605 3900 1849 3972 ἱμάτιον,
1884 3896 1995 3954 οἷον

407 3989 700 4060 εὑρεθῆναι
748 3988 932 4059 ἕτερον
990 3986 1091 4039 οὐκ
1145 3986 1248 4040 ἐνι.
1300 3985 1474 4049 Αὐτὸς
1512 3986 1650 4056 αὐτῇ
1704 3985 1994 4055 γενόμενος

408 4074 702 4147 περιϐολὴ,
737 4074 831 4127 καὶ
866 4070 1047 4126 λαϐὼν
1084 4072 1287 4142 αὐτὴν,
1322 4070 1498 4135 οὓτως
1541 4070 1756 4139 ἀνάγει.
1806 4069 1992 4144 Ταύτῃ

404 4163 439 4229 ἡ
472 4158 805 4229 κληρονομία
834 4156 1179 4228 ἡτοίμασται.
1218 4156 1283 4209 Τί
1327 4152 1420 4209 οὖν
1451 4155 1590 4226 ὑπὲρ
1625 4155 1797 4225 αὐτῆς
1829 4172 1994 4225 φησιν

405 4245 435 4294 ο
450 4244 735 4312 Προφήτης
756 4258 770 4305 ;
792 4241 983 4294 Πολλά·
1000 4242 1300 4312 συνήγορος
1311 4241 1420 4310 γάρ
1440 4240 1588 4292 ἐστιν
1610 4238 1801 4309 αὐτῆς,
1816 4237 1994 4291 καὶτὰ

411 4326 630 4379 πλείονα
654 4326 762 4377 τῶν
791 4325 925 4397 αὐτῇ
967 4324 1397 4395 συμϐησομένων
1422 4325 1647 4395 προεῖπε
1670 4322 1762 4374 καὶ
1794 4339 1994 4392 προαν-

405 4409 707 4478 εφώνησεν·
729 4404 840 4461 οἷον
864 4409 991 4480 περὶ
1018 4408 1112 4461 τοῦ
1135 4408 1393 4477 νυμφίου,
1418 4423 1483 4458 πε
1492 4406 1546 4477 ρὶ
1572 4406 1673 4475 τῆς
1692 4422 1754 4457 νυ
1763 4421 1992 4474 μφαγω-

404 4497 557 4563 γίας,
580 4492 703 4563 περὶ
717 4492 823 4545 τῶν
836 4492 1057 4560 ἀγαθῶν
1077 4490 1183 4544 τῶν
1200 4489 1590 4560 διαδεξομένων
1608 4489 1799 4558 αὐτήν.
1814 4487 1914 4540 Διά
1928 4486 1992 4558 δὴ

403 4577 676 4630 τοῦτοκαὶ
693 4576 927 4629 ἐνταῦθα
950 4575 1091 4645 ὑπὲρ
1118 4574 1287 4645 αὐτῆς
1310 4575 1546 4627 ποιεῖται
1572 4572 1662 4626 τὸν
1691 4572 1869 4639 λόγον,
1900 4572 1994 4624 ναὶ

402 4660 728 4733 ἀρχόμενος.
760 4660 1011 4729 καθάπερ
1031 4660 1080 4710 οἱ
1102 4662 1390 4728 συνήγοροι
1409 4650 1554 4709 οὗτοι
1571 4656 1621 4709 οἱ
1656 4656 1915 4727 ῥήτορες,
1942 4653 1993 4706 οἱ

404 4748 468 4799 ἰν
489 4749 604 4809 τοῖς
622 4743 1014 4814 δικαστηρίοις,
1036 4742 1184 4810 λέγει
1211 4742 1350 4814 ὑπὲρ
1369 4741 1514 4804 τίνος
1535 4742 1772 4793 ποιεῖται
1795 4738 1892 4810 τὴν
1915 4738 1993 4792 δι·

407 4830 722 4898 καιολογίαν
740 4871 755 4895 ,
783 4830 866 4882 ὅτι
912 4829 969 4881 ’Υ
968 4828 1078 4897 πὲρ
1105 4826 1218 4895 τῆς
1248 4826 1768 4895 κληρονομούσης.
1803 4826 1914 4878 Καὶ
1939 4824 1993 4878 τί

406 4917 554 4969 αἰτεῖ
576 4916 610 4984 ἡ
646 4912 1072 4983 κληρονομοῦσα,
1109 4910 1453 4980 ἀκούσωμεν.
1495 4910 1571 4963 ra
1598 4908 1841 4979 ῥήματὰ
1871 4925 1992 4977 μου

402 4998 707 5059 ἐνώτισαι,
741 4997 934 5064 Κύριε.
980 4996 1084 5048 Τὸν
1126 4993 1362 5065 νυμφίον
1418 4992 1621 5064 Κύριον
1670 4991 1859 5045 καλεῖ·
1897 4989 1994 5043 καὶ

406 5086 518 5156 γὰρ
554 5081 713 5136 τοῦτο
762 5083 976 5152 νύμφης
1022 5079 1363 5149 εὐγνώμονος
1409 5078 1588 5152 ἔργον.
1643 5078 1705 5131 Εί
1755 5077 1861 5148 γὰρ
1900 5076 1993 5131 ἐπὶ

406 5170 517 5221 τῶν
553 5167 852 5237 όμοουσίων
880 5166 1037 5219 τοῦτο
1067 5164 1352 5235 συμϐαίνει
1372 5203 1387 5227 ,
1421 5163 1517 5215 καὶ
1546 5160 1734 5233 κύριον
1766 5162 1860 5214 τὸν
1900 5161 1994 5213 ἄνη

403 5252 509 5321 δρα
541 5251 695 5303 καλεί
728 5252 762 5321 ἡ
806 5249 973 5319 γυνή·
1021 5245 1199 5318 πολλῷ
1242 5247 1443 5318 μᾶλλον
1484 5246 1577 5298 ἐπὶ
1618 5245 1720 5315 τῆς
1770 5245 1995 5315 Ἐκκλη-

408 5336 531 5392 σέας
560 5334 651 5387 καὶ
685 5333 778 5387 τοῦ
815 5329 1071 5403 Χριστοῦ,
1101 5333 1235 5386 ὅπου
1267 5332 1362 5385 καὶ
1387 5329 1549 5399 φύσει
1575 5329 1778 5401 Κύριός
1817 5330 1987 5383 ἐστιν.

406 5419 564 5475 οὕτω
591 5418 722 5488 γοῦν
760 5418 920 5471 αὐτὸν
959 5416 1058 5487 οὐχ
1084 5419 1158 5480 ώς
1186 5416 1421 5487 νυμφίον
1462 5413 1620 5470 καλεῖ
1658 5412 1863 5485 Κύριον
1895 5412 1994 5483 μό-

402 5522 526 5569 νον,
568 5503 705 5557 ἀλλά
756 5503 848 5556 καὶ
885 5501 962 5564 ώς
1006 5501 1318 5570 Δεσπότην,
1365 5500 1459 5553 καὶ
1490 5500 1792 5552 ἐπισπᾶται
1830 5498 1993 5550 αὐτὸν

402 5588 538 5659 up);
562 5588 661 5659 τὴν
681 5587 887 5659 δέησιν.
926 5584 1143 5654 Ἐπειδὴ
1174 5583 1283 5654 γὰρ
1313 5582 1647 5655 κληρονομία
1679 5581 1820 5654 αὐτῇ
1851 5580 1991 5654 πρό-

461 5725 483 5751 ⁵
512 5725 791 5784 Σκοπῶμεν,
840 5721 930 5785 τοῦ
951 5719 1150 5785 νυμφίου
1168 5719 1255 5785 τὴν
1276 5718 1466 5785 ἀρετ-ἠγ,
1502 5715 1585 5763 καὶ
1621 5715 1709 5785 τήν
1732 5714 1854 5785 Reg.
1881 5727 1993 5785 cgm

398 5786 598 5837 Co!b.0l
616 5775 802 5839 5³νὶιά
818 5775 1064 5833 Mnrel.bi
1084 5779 1247 5828 Monlf.
1274 5775 1532 5839 σκοπῶμεν
1555 5775 1648 5824 ποῦ
1669 5775 1884 5839 νυμφίου.
1904 5775 1992 5827 Eo.

462 5851 486 5884 l'
512 5850 562 5898 lu
596 5848 720 5898 edit.
756 5837 975 5895 llbmana
1006 5837 1481 5903 Bibliorumlegilu‘r
1503 5838 1659 5888 ἕνεκεν
1678 5837 1868 5887 τούτου.

2118 495 2316 544 κειται,
2357 484 2391 554 ἡ
2441 482 2774 558 κληρονομία
2820 486 2876 539 δὲ
2910 485 3084 556 αὕτη,
3134 487 3183 541 εί
3228 488 3595 559 κατορθώσειε
3627 492 3692 547 τα

2118 571 2508 642 ἐπιταχθέντα,
2571 575 2651 638 εἱς
2703 576 2863 646 ἔργον
2914 577 3198 630 ἐκϐαίνειο
3246 579 3559 650 παρακαλεῖ
3606 586 3700 637 καὶ

2114 659 2286 713 δεῖται
2333 661 2622 733 σύμμαχον
2671 665 2812 736 αὐτῇ
2867 665 3145 733 γενέσθαι,
3196 666 3338 720 ὥστε
3392 668 3586 724 ἁνύσαι
3630 671 3700 725 τά

2118 747 2489 817 προκείμενα,
2534 751 2630 803 καὶ¹
2671 751 2744 822 μὴ
2778 754 3030 806 ἐκπεσεῖν
3070 753 3164 807 τοῦ
3206 752 3428 826 κλήρου.
3474 757 3565 810 Διὸ
3606 758 3701 812 καί

2115 850 2283 902 φησι·
2328 835 2404 889 Τὰ
2435 836 2674 907 ῥήματὰ
2714 857 2834 908 μου
2876 838 3171 906 ἐνώτισαι,
3201 843 3399 910 Κύριε·
3433 845 3527 897 καὶ
3559 844 3699 914 μετά

2116 923 2429 994 παρρησίας
2454 924 2602 994 λέγει
2631 927 2810 990 τοῦτο,
2832 928 3019 998 ἐπειδὴ
3044 930 3268 984 τοιαῦτα
3290 931 3431 984 αἰτεῖ
3458 941 3481 971 ο
3507 972 3523 993 .
3551 932 3698 1007 ἅπερ

2114 1011 2208 1063 καὶ
2235 1012 2397 1077 αὐτὸς
2437 1013 2636 1067 διδόναι
2673 1013 2954 1084 βούλεται·
2990 1014 3104 1088 [52]
3137 1017 3212 1081 ὡς
3240 1018 3334 1071 ἐάν
3367 1036 3449 1083 τις
3473 1020 3696 1074 τοιαῦτα

2112 1099 2235 1171 αἰτῇ
2257 1100 2451 1167 ἀνάξια
2475 1102 2568 1155 τοῦ
2596 1102 2946 1174 παρέχοντος,
2965 1106 3025 1158 οὐ
3054 1104 3275 1161 δύναται
3298 1105 3501 1177 ταύτην
3525 1109 3695 1162 αίτεῖν

2110 1188 2209 1258 τὴν
2230 1189 2407 1260 χάριν.
2434 1190 2601 1246 Ὅταν
2626 1192 2746 1247 κατ’
2774 1193 2985 1264 ἐχθρῶν
3014 1193 3260 1266 εὔχηται,
3276 1196 3405 1248 ὅταν
3425 1196 3568 1250 κατά
3585 1196 3694 1251 τών

2110 1272 2511 1347 λελυπηκότων,
2544 1277 2721 1334 ταῦτα
2749 1280 2848 1335 οὐκ
2880 1280 3025 1335 ἔστιν
3064 1282 3375 1350 ἀνθρώπου,
3412 1282 3547 1336 ἀλλὰ
3577 1285 3694 1341 δια-

2112 1362 2267 1416 ϐόλου
2298 1364 2365 1418 τὰ
2391 1368 2633 1439 ῥήματα.
2668 1368 2730 1421 Et
2760 1369 2869 1442 γάρ
2893 1370 2954 1424 τὸ
2977 1371 3203 1443 ὀμνύναι
3230 1375 3295 1426 ἐκ
3319 1374 3413 1427 τοῦ
3442 1375 3691 1431 διαϐόλου

2110 1452 2228 1505 ἐστὶ
2251 1456 2268 1522 (
2291 1456 2385 1509 καί⁵
2413 1457 2520 1528 γάρ
2551 1457 2618 1511 Τὸ
2646 1462 2924 1527 περιττὸν
2947 1460 3174 1514 τούτων
3195 1461 3264 1515 ἐκ
3292 1463 3399 1517 τοῦ
3423 1464 3693 1532 πονηροῦ

2108 1542 2337 1616 ἐστιν),
2386 1544 2607 1615 εὔδηλον
2640 1547 2721 1600 ὅτι
2762 1549 2857 1601 καὶ
2894 1548 2955 1603 τὸ
3001 1552 3122 1604 κατ’
3168 1551 3379 1622 ἐχθρῶν
3411 1551 3688 1624 εὔχεσθαι.

2121 1631 2246 1686 Ἐὰν
2270 1632 2447 1686 τοίνυν
2476 1633 2660 1707 λέγῃς,
2690 1635 2770 1689 Τὰ
2784 1635 3025 1706 ῥήματά
3043 1656 3164 1707 μου
3189 1638 3486 1705 ἐνώτισαι,
3510 1642 3692 1695 ἐκεῖνα

2110 1718 2371 1789 φθέγγου,
2429 1721 2466 1776 ἃ
2521 1722 2810 1795 ἀνθρώπου
2862 1726 3082 1798 ῥήματά
3132 1728 3280 1780 ἐστιν
3337 1728 3544 1800 ἡμέρου
3599 1732 3686 1783 καί

2109 1806 2515 1880 φιλανθρώπου,
2548 1812 2644 1864 καὶ
2674 1811 2827 1866 οὐδὲν
2856 1813 3070 1883 ἔχοντος
3097 1813 3422 1871 διαϐολικόν.

2178 1901 2247 1964 γ’.
2271 1899 2460 1964 Σύνες
2478 1897 2553 1968 τῇ
2572 1898 2807 1969 κραυγῇ
2822 1919 2964 1970 μου.
2988 1902 3033 1954 Κ
3041 1902 3249 1973 ραυγὴν
3266 1902 3501 1957 ἐνταῦθα
3520 1905 3581 1958 οὐ
3600 1904 3689 1959 τὸν

2106 1988 2258 2043 τόνον
2288 1991 2422 2058 φησὶ
2452 1990 2553 2061 τῆς
2580 1992 2784 2062 φωνῆς,
2816 1991 2952 2046 ἀλλά
2978 1994 3078 2064 τῆς
3109 1993 3347 2060 διανοίας
3379 1997 3480 2067 τὴν
3518 1996 3684 2050 διάθε-

2109 2095 2212 2134 σιν.
2263 2080 2415 2133 Ἐπεὶ
2453 2082 2548 2135 καὶ
2587 2082 2664 2151 τῷ
2694 2083 2921 2136 Μωῦσεί
2950 2084 3171 2152 σιγῶντι
3214 2085 3402 2155 ἔλεγε·
3437 2081 3505 2138 Τί
3531 2085 3691 2154 ,βοᾷς

2106 2169 2256 2237 πρός
2292 2186 2404 2239 με;
2451 2170 2564 2225 Οὐκ
2608 2166 2727 2224 εἷπε
2753 2212 2766 2236 ,
2798 2169 2863 2223 Τί
2910 2170 3047 2246 εὐχῃ
3084 2175 3222 2245 πρός
3267 2192 3374 2245 με;
3424 2174 3580 2241 ἀλλά,
3629 2177 3692 2232 Τί

2098 2257 2256 2327 ,ϐοᾷς
2278 2261 2429 2329 πρός
2451 2277 2563 2330 με;
2585 2259 2772 2333 ἐπειδὴ
2800 2260 2938 2331 μετά
2970 2261 3204 2333 σφοδρᾶς
3226 2262 3518 2328 διαθέσεως
3539 2263 3691 2334 αὐτῷ

2106 2348 2354 2420 προσῄει.
2398 2349 2516 2402 Ἵνα
2560 2349 2690 2418 γοῦν
2731 2350 2909 2421 μάθῃς
2954 2350 3036 2403 ὅτι
3080 2352 3174 2404 καὶ
3213 2351 3449 2406 ἐνταῦθα
3484 2354 3545 2406 οὐ
3589 2353 3690 2425 τὴν

2104 2437 2353 2509 κραυγὴν
2386 2436 2567 2506 λέγει,
2595 2438 2732 2492 ἀλλὰ
2761 2437 2859 2510 τὴν
2888 2437 3128 2493 διάθεσιν
3160 2439 3259 2510 τῆς
3285 2440 3525 2505 διανοίας
3544 2480 3560 2506 ,
3594 2443 3691 2495 καὶ

2102 2529 2202 2599 τῆν
2242 2527 2475 2600 σπουδὴν
2508 2530 2606 2599 τὴν
2638 2529 3035 2600 συντεταμένην
3057 2568 3070 2593 ,
3099 2528 3199 2583 οὐκ
3228 2525 3384 2584 εἶπεν
3406 2528 3689 2595 ,Ἀκουσον

2102 2614 2204 2686 τῆς
2232 2616 2478 2688 κραυγῆς
2523 2634 2645 2687 μου,
2687 2615 2821 2669 ἀλλά
2862 2616 2944 2681 τί;
2986 2615 3173 2681 Σύνες,
3216 2618 3479 2685 τουτέστι,
3518 2621 3690 2675 κατά-

2107 2706 2266 2778 μαθε.
2312 2707 2374 2760 Εί
2413 2707 2524 2779 γὰρ
2567 2708 2661 2761 καὶ
2706 2706 3068 2780 ἀνθρωπίνοις
3109 2707 3372 2781 κέχιρηται
3424 2714 3686 2784 ῥήμασιν,

2101 2794 2239 2849 ἀλλὰ
2267 2796 2361 2850 καὶ
2393 2796 2450 2849 ἐν
2480 2796 2663 2861 αὐτοῖς
2693 2801 2805 2861 τοῖς
2839 2798 3199 2870 ἀνθρωπίνοις
3227 2802 3288 2855 τὸ
3328 2798 3387 2856 εὖ
3421 2805 3689 2875 παριστά-

2107 2902 2266 2958 μενον
2291 2883 2317 2924 (ι
2344 2885 2514 2957 δηλοῖ.
2545 2887 2818 2955 Πρόσχες
2842 2885 2917 2956 τῇ
2936 2887 3107 2958 φωνῇ
3130 2889 3239 2959 τῆς
3262 2890 3528 2959 δεήσεώς
3542 2911 3684 2962 μου.

2103 2977 2273 3031 Πάλιν
2300 2976 2399 3050 τὴν
2429 2976 2575 3032 ἔνδον
2603 2977 2751 3045 λέγει
2783 2980 2986 3051 φωνήν.
3019 2978 3177 3033 Οὕτω
3206 2981 3299 3036 καὶ
3333 2983 3499 3037 ’Δννα
3535 2984 3685 3039 ἐϐόα.

2102 3066 2215 3119 Καὶ
2246 3068 2346 3135 οὐχ
2382 3066 2571 3130 ἀπλῶς
2613 3061 2757 3128 εἷπε,
2784 3066 3029 3137 Πρόσχες
3070 3070 3135 3138 τῇ
3185 3072 3335 3140 φωνῇ
3386 3071 3488 3140 τῆς
3522 3074 3688 3145 εὐχῆς

2107 3172 2229 3225 μου,
2272 3153 2407 3207 ἀλλά
2429 3193 2444 3215 ,
2481 3154 2595 3221 Τῆς
2627 3153 2891 3221 δεήσεώς
2934 3173 3073 3222 μου.
3105 3157 3207 3207 Τὸν
3248 3158 3355 3229 γὰρ
3391 3159 3687 3230 εὐχόμενον

2106 3246 2284 3300 ἱκέτου
2318 3245 2398 3299 δεῖ
2445 3244 2787 3315 περικεῖσθαι
2834 3246 3019 3314 σχῆμα
3057 3245 3151 3297 καὶ
3184 3244 3428 3318 γνώμην.
3491 3249 3549 3303 '0
3578 3251 3687 3321 γὰρ

2104 3336 2290 3405 ἱκέτης
2341 3333 2402 3386 οὐ
2459 3333 2763 3404 κατηγόρου
2811 3334 3033 3403 ῥήματα
3083 3334 3489 3405 ἀναλαμϐάνειο
3542 3340 3570 3391 ὁ
3626 3340 3685 3393 δὲ

2102 3422 2297 3493 ἐχθροῦ
2346 3421 2781 3492 κατευχόμενος,
2823 3423 3132 3492 κατήγορος
3183 3423 3384 3493 μᾶλλόν
3427 3426 3597 3494 ἐστιν,
3650 3429 3684 3501 ἢ

2106 3511 2309 3581 ἱκέτης.
2333 3506 2489 3573 Εἶδες
2513 3511 2628 3574 πῶς
2651 3511 2960 3581 παρέστησε
2989 3510 3085 3582 τὴν
3107 3511 3293 3581 εὐχὴν,
3317 3514 3504 3587 ἐπειδὴ
3531 3516 3687 3580 ἀξίαν

2102 3600 2272 3672 αὐτὴν
2312 3603 2546 3654 ἐποιεῖτο
2589 3598 2684 3653 τοῦ
2738 3599 3107 3669 ἀκουσθῆναι;
3159 3600 3317 3654 Οῦτω
3368 3604 3463 3657 καὶ
3500 3606 3683 3677 ἡμεῖς,

2101 3689 2228 3744 ὅταν
2274 3688 2564 3760 εὐχώμεθα
2612 3688 2707 3740 καὶ
2751 3685 3070 3758 βουλώμεθα
3112 3688 3428 3755 ἀκούεσθαι,
3471 3692 3686 3764 πρῶτον

2102 3776 2271 3847 αὐτὴν
2300 3775 2646 3844 καθιστῶμεν
2672 3786 2718 3837 ε,
2754 3774 2842 3826 ἴνα
2943 3774 3112 3846 εὐχὴ,
3144 3778 3238 3829 καὶ
3271 3777 3343 3849 μὴ
3377 3783 3686 3850 κατηγορία

2101 3865 2360 3934 γένηται,
2390 3863 2483 3915 καὶ
2514 3861 2657 3914 κατά
2687 3862 2812 3926 τοὺς
2855 3861 3055 3931 νόμους
3086 3864 3213 3927 τούς
3240 3865 3474 3929 ἐκείνου,
3511 3866 3685 3932 οὕτως

2102 3951 2270 4022 αὐτὴν
2320 3951 2647 4020 εἰσάγωμεν.
2711 3949 2774 4002 '0
2808 3950 3109 4016 βασιλεύς
3154 3970 3275 4021 μου
3316 3955 3415 4007 καί
3456 3958 3489 4009 ὀ
3539 3958 3681 4020 Θεό(

2096 4057 2235 4110 μου.
2283 4039 2461 4104 Ὅπερ
2490 4040 2517 4091 ὁ
2557 4038 2846 4111 Προφήτης
2892 4039 3131 4110 συνεχῶς
3169 4040 3338 4110 λέγει,
3391 4043 3591 4114 μᾶλλον
3626 4045 3683 4098 δὲ

2100 4128 2238 4199 ὅπερ
2281 4125 2557 4197 ἐξαίρετον
2602 4126 2682 4196 τῷ
2740 4125 2991 4197 Ἀϐραὰμ
3039 4123 3138 4199 ἦν,
3176 4128 3357 4192 καθὼς
3400 4133 3427 4185 ὁ
3474 4131 3685 4196 Παῦλός

2102 4231 2264 4285 φησι·
2292 4217 2370 4268 Δι’
2392 4213 2471 4282 ἢν
2496 4214 2695 4268 αἰτίαν
2716 4215 2825 4267 οὐκ
2855 4215 3284 4284 ἐπαισχύνεται
3308 4221 3341 4272 ό
3371 4220 3514 4286 Θεὸς
3540 4221 3686 4288 Θεὸς

2100 4304 2410 4359 καλεῖσθαι
2438 4302 2655 4358 αὐτῶν·
2677 4302 2835 4355 τοῦτο
2855 4302 2997 4373 αῦτη
3021 4303 3283 4375 διείληφε.
3310 4306 3404 4358 καὶ
3430 4306 3509 4377 τῷ
3532 4308 3685 4379 πόθῳ

2100 4392 2481 4464 κατώρθωσεν.
2515 4392 2588 4445 Οὐ
2623 4391 2732 4462 γὰρ
2763 4387 2916 4444 εἶπεν
2942 4391 3151 4455 ἁπλῶς,
3170 4388 3227 4441 ’0
3241 4392 3514 4462 βασιλεὺς,
3544 4395 3683 4459 ἀλλ’,

2112 4482 2165 4534 '0
2189 4481 2490 4546 ,ϐασιλεὺς
2524 4497 2645 4549 μου
2684 4481 2782 4532 καί
2832 4482 2865 4532 ὁ
2908 4480 3051 4545 Θεός
3071 4498 3214 4548 μου,
3257 4481 3347 4533 τὸν
3390 4480 3568 4552 ἔρωτα
3600 4484 3687 4536 ἐν-

2099 4569 2424 4641 δεικνυμένη
2460 4568 2551 4621 τὸν
2593 4567 2785 4636 αὐτῆς.
2834 4561 2968 4620 Εἶτα
3005 4569 3097 4620 καὶ
3143 4568 3240 4630 τάς
3270 4569 3451 4634 αἰτίας
3479 4570 3683 4642 τίθησι,

2098 4660 2164 4712 δι’
2195 4658 2261 4722 ἃς
2289 4657 2432 4723 ἀξιοῖ
2467 4655 2636 4725 αὐτὴν
2665 4654 3021 4725 ἀκουσθῆναι.
3050 4656 3206 4709 Ποῖαι
3236 4656 3293 4709 δέ
3322 4660 3459 4712 εἰσιν
3491 4651 3685 4726 αῦται;

2103 4749 2232 4801 Ὅτι
2256 4748 2407 4816 πρὸς
2437 4747 2512 4801 σὲ
2535 4745 2965 4814 προσεύξομαι,
2991 4746 3187 4813 Κύριε.
3216 4746 3330 4810 Τίς,
3358 4749 3542 4819 φησὶν,
3565 4748 3688 4819 οὐχὶ

2099 4835 2177 4907 τῷ
2214 4836 2333 4906 Θεῷ
2378 4832 2774 4907 προσεύχεται;
2827 4833 3021 4886 Πολλοὶ
3065 4834 3289 4889 δοκοῦσι
3320 4835 3419 4906 μὲν
3451 4835 3529 4908 τῷ
3566 4835 3688 4907 Θεῷ

2100 4922 2532 4995 προσεύχεσθαι·
2586 4922 2724 4993 πρὸς
2767 4921 2821 4975 δὲ
2869 4921 3174 4993 ἀνθρώπων
3220 4923 3481 4990 ἐπίδειξιν
3529 4924 3689 4979 τοῦτο

2100 5010 2365 5063 ποιοῦσιν.
2436 5007 2577 5061 Ἀλλ’
2606 5009 2703 5078 οὐχ
2755 5006 2928 5079 αὐτη·
2978 5007 3113 5061 ἀλλά
3161 5009 3297 5079 πρὸς
3347 5007 3480 5061 Θεὸν
3525 5008 3689 5063 αὐτὸν

2100 5097 2439 5162 ἀνετείνετο,
2482 5098 2549 5150 τὰ
2583 5094 2901 5167 ἀνθρώπινα
2947 5095 3126 5149 πάντα
3170 5097 3385 5165 ἀφεῖσα,
3432 5096 3501 5150 Τὸ
3539 5096 3692 5165 πρωῒ

2099 5187 2437 5253 εἰσακούσῃ
2484 5184 2594 5251 τῆς
2639 5182 2845 5253 φωνῆς
2882 5201 3022 5252 μου.
3070 5184 3234 5254 Ὁρᾷς
3278 5183 3553 5254 σπουδὴν,
3595 5186 3689 5238 καὶ

2100 5273 2580 5343 κατανενυγμένην
2607 5273 2821 5342 ψυχήν;
2865 5272 2958 5324 Ἐκ
2987 5270 3289 5341 προοιμίων
3320 5271 3419 5340 τῆς
3447 5272 3685 5345 ἡμέρας,

2100 5362 2255 5434 φησὶ,
2301 5362 2460 5415 τοῦτο
2498 5361 2657 5433 ἔργον
2705 5359 2986 5431 ποιοῦμαι.
3046 5359 3421 5413 Ἀκουέτωσαν
3463 5361 3513 5413 οἱ
3552 5362 3688 5433 μετά

2103 5450 2273 5522 μυρία
2304 5449 2439 5522 ἔργα
2469 5450 2591 5502 τότε
2621 5449 2714 5502 ἐπὶ
2741 5448 2840 5518 τὴν
2871 5446 3033 5519 εὐχὴν
3071 5447 3377 5519 ἐρχόμενοι.
3424 5448 3563 5503 Ἀλλ’
3593 5450 3689 5521 οὐχ

2167 5651 2191 5682 ο
2219 5649 2338 5710 Reg.
2364 5648 2624 5710 φθέγγεται.

2163 5710 2191 5751 (ι
2216 5703 2338 5779 Reg:
2359 5703 2415 5758 τὸ
2427 5703 2961 5779 ’παριστάμενονηίῖοίὶλ
2978 5705 3198 5779 θιβεγίιη.
3225 5704 3295 5779 τρ.
3309 5703 3692 5779 αύτῷ-Ἦςιοτά.

2105 5790 2258 5838 μενον.
2289 5768 2463 5821 Morel.
2485 5768 2541 5818 τὸ
2566 5768 2983 5833 εὐπαριστάμενον,
3008 5773 3062 5818 et
3084 5770 3155 5818 sic
3176 5768 3301 5829 legit
3329 5768 3598 5827 interpres.

2175 5839 2199 5866 θ
2227 5836 2349 5895 Reg.
2378 5832 2657 5895 στείλωμεν.
