4106 6420
483 326 552 383 65
1143 327 1203 381 S.
1242 326 1527 382 JOANNIS
1563 322 2061 383 CIIRYSOSTOMI
2099 322 2427 379 ARCHIEP.
2467 324 3023 384 CONSTANTINOP.
3673 334 3743 386 (δη

479 440 652 512 αὕτη·
690 442 807 497 ἀλλ’
836 444 900 497 ἐκ
948 443 1243 513 προοιμίων
1277 443 1379 512 τῆς
1413 442 1626 514 ἡμέρας
1666 441 1766 505 τὰς
1804 438 2060 510 ἀπαρχὰς

480 525 650 582 ἐδίδου
686 525 765 597 τῷ
794 524 930 597 Θεῷ.
962 525 1061 579 Δεῖ
1086 526 1215 597 γὰρ,
1253 528 1407 596 φησὶ,
1450 524 1703 595 φθάνειν
1747 525 1858 578 τὸν
1888 523 2068 591 ἥλιον

479 606 573 665 ἐπ’
624 609 1013 677 εὐχαριστίαν
1044 624 1197 674 σου,
1230 608 1329 663 καί
1367 608 1481 678 πρὸ
1525 606 1831 675 ἀνατολῆς
1870 607 2066 676 φωτὸς

479 691 874 762 ἐντυγχάνειν
911 708 1029 746 σοι.
1077 694 1149 746 Σὺ
1187 694 1243 747 δὲ
1275 694 1369 748 ἐπὶ⁵
1419 694 1517 765 μὲν
1552 693 1816 764 βασιλέως
1860 691 1961 744 οὐκ
1998 692 2065 745 ἂν

479 773 733 844 ἀνάσχοιο
758 774 847 827 τὸν
873 775 1131 830 ἐλάττονα
1156 777 1261 848 πρὸ
1284 776 1376 830 σοῦ
1400 777 1738 849 προλαϐόντα
1758 774 2067 847 προσκυνῆ-

482 874 601 910 σαι·
633 859 747 912 νυνὶ
775 859 833 912 δὲ
888 859 1038 930 ἡλίου
1083 861 1511 932 προσκυνοῦντος
1563 859 1840 922 καθεύδεις
1881 858 2064 927 αὐτὸς,

479 944 575 997 καὶ
606 945 909 1015 ἀναχυιρεῖς
932 947 996 1016 τῇ
1021 946 1198 998 κτίσει
1224 946 1320 1016 τῆς
1347 945 1633 1017 προεδρίας
1658 957 1706 1007 ι,
1732 945 1824 996 καὶ
1844 942 1903 996 ού
1937 942 2066 1012 φθά-

480 1042 590 1088 νεις
610 1024 827 1079 ἅπασαν
845 1024 963 1098 [53]
980 1029 1078 1098 τὴν
1101 1028 1276 1080 κτίσιν
1301 1028 1398 1099 τὴν
1419 1028 1505 1080 διὰ
1525 1028 1582 1080 σὲ
1607 1026 1924 1097 γενομένην,
1943 1025 2064 1078 οὐδὲ

478 1108 741 1173 ἀποδίδως
782 1111 931 1181 αὑτῷ
962 1111 1031 1164 τὰ
1077 1113 1501 1183 εὐχαριστήρια,
1544 1112 1660 1165 ἀλλ’
1708 1111 2065 1181 ἀνιστάμενος

478 1193 572 1246 καὶ
608 1193 731 1262 ὄψιν
769 1194 1119 1264 περικλύζεις
1156 1196 1250 1248 καὶ
1279 1200 1486 1266 χεῖρας,
1522 1195 1620 1268 τὴν
1662 1195 1718 1249 δὲ
1762 1195 1938 1266 ψυχὴν
1969 1211 2065 1247 πε-

482 1277 667 1347 ριορᾷς
713 1277 1059 1346 ἀκάθαρτον;
1112 1279 1225 1332 Οὐκ
1272 1275 1451 1340 οἶσθα,
1493 1281 1573 1333 ὅτι
1613 1279 1863 1350 καθάπερ
1912 1278 2065 1333 ῦδατι

469 1358 658 1430 σῶμα,
690 1358 832 1412 οὕτω
855 1359 922 1412 δι’
946 1360 1111 1431 εὐχῆς
1140 1363 1172 1430 ἡ
1206 1361 1353 1433 ψυχὴ
1378 1362 1730 1434 καθαίρεται;
1757 1362 1926 1431 Νίῲον
1956 1362 2064 1415 τοί-

478 1458 574 1495 νυν
600 1442 706 1512 πρὸ
730 1442 822 1495 τοῦ
847 1440 1097 1512 σώματος
1122 1443 1219 1515 τὴν
1244 1444 1439 1515 ψυχήν.
1469 1445 1669 1498 Πολλαι
1706 1446 1874 1516 λῆμαι
1906 1462 2065 1517 προσ-

482 1524 723 1579 ἵστανται
760 1527 895 1597 αὐτῇ
938 1526 1166 1589 κακίας·
1198 1528 1403 1592 ταύτας
1456 1527 1786 1599 ἀποθώμεθα
1825 1527 1914 1581 διὰ
1958 1529 2058 1597 τῆς

476 1609 733 1675 δεήσεως,
770 1608 866 1662 "Av
896 1609 1006 1679 γὰρ
1033 1609 1265 1663 οὖτω¹τό
1300 1611 1472 1681 στόμα
1502 1613 1831 1683 τειχίσωμεν
1850 1650 1865 1675 ,
1897 1611 2063 1666 καλὸν

478 1691 729 1762 θεμέλιον
766 1692 865 1761 τῆς
915 1692 1289 1764 καθημερινῆς
1331 1695 1582 1765 πράξεως
1627 1693 2060 1765 καταϐαλοῦμεν.

482 1773 554 1827 Τὸ
584 1775 734 1841 πρωῒ
758 1776 1225 1845 παραστήσομαι
1250 1792 1369 1837 σοι,
1399 1777 1495 1831 καί
1523 1779 1843 1847 ἐπόψομαι.
1870 1783 2064 1847 Παρα-

476 1856 780 1926 στήσομαί
808 1873 925 1923 σοι,
964 1860 1023 1913 ού
1052 1860 1222 1930 τόπῳ,
1261 1863 1443 1931 φησὶν,
1474 1861 1588 1914 ἀλλ’
1616 1862 1816 1933 ἔργοις,
1863 1863 1922 1915 '0
1952 1863 2063 1935 γὰρ

474 1942 715 2004 τοιοῦτος
751 1943 916 2010 ἐγγὺς
962 1943 1215 2011 γενέσθαι
1258 1944 1478 1997 δύναται
1519 1944 1611 1998 τοῦ
1650 1945 1807 1999 Θεοῦ.
1854 1946 1928 1999 Τὸ
1955 1947 2063 2019 γὰρ

476 2023 643 2091 ἐγγὺς
674 2023 848 2077 καὶτὸ
872 2026 1093 2096 μακρὰν
1122 2027 1372 2080 ἐντεῦθεν
1398 2027 1716 2098 συμϐαίνει·
1742 2030 1771 2082 ὁ
1799 2027 1904 2101 γὰρ
1931 2029 2063 2094 Θεὸς

475 2105 753 2177 πανταχοῦ
788 2110 923 2162 ἐστι.
959 2111 1430 2181 Παραστήσομαί
1454 2129 1575 2173 σοι,
1606 2112 1704 2166 καί
1735 2113 2060 2183 ἐπόψομαι,

473 2188 563 2244 ὅτι
589 2192 725 2261 οὐχί
755 2191 900 2258 Θεὸς
921 2192 1114 2247 θέλων
1143 2194 1402 2263 ἀνομίαν
1430 2196 1512 2249 σὺ
1537 2191 1609 2251 εἷ.
1634 2196 1860 2268 Ἕτερος
1891 2199 2064 2268 ἑρμη-

473 2275 668 2343 νευτής
702 2291 869 2345 φησι·
910 2275 1016 2330 Καὶ
1047 2277 1366 2347 σκοπήσω,
1399 2278 1490 2332 ὅτι
1519 2280 1657 2349 οὐχί
1698 2281 1845 2347 Θεὸς
1870 2283 2064 2336 θέλων

475 2354 732 2424 ἀνομίαν
771 2356 852 2411 σὺ
882 2357 955 2411 εἷ.
997 2358 1149 2412 Οὐδὲ
1190 2361 1545 2429 παροικήσει
1593 2379 1694 2416 σοι
1738 2365 2064 2431 πονηρευόο

467 2454 673 2507 μενος.
735 2439 997 2494 Ἐνταῦθα
1041 2441 1111 2493 τά
1139 2440 1331 2496 εἴδωλα
1360 2442 1689 2499 αἰνίττεται·
1725 2446 1806 2500 ὅτι
1854 2446 2064 2509 τούτοις
2110 2450 2115 2455 ⁷

474 2521 714 2592 ἔχαιρον,
748 2523 843 2576 καὶ
881 2525 1198 2597 παρανομίᾳ
1241 2528 1413 2601 πάσῃ,
1449 2528 1545 2581 καὶ
1583 2532 1695 2593 τοῖς
1724 2530 1906 2594 ἄλλοις
1952 2532 2064 2594 τοῖς

475 2605 534 2657 ἐν
559 2606 796 2677 πονηρίᾳ
831 2606 1172 2677 πράγμασιν.
1214 2609 1369 2663 Οὐδὲ
1409 2612 1767 2679 παροικήσει
1809 2632 1908 2670 σοι
1956 2628 2064 2669 πο·

472 2690 900 2758 νηρευόμενος.
932 2690 1046 2742 Οὐκ
1076 2690 1224 2745 ἔσται
1251 2709 1354 2756 σοι,
1388 2695 1542 2763 φησὶ,
1579 2696 1750 2765 φίλος,
1778 2697 1878 2751 οὐκ
1910 2697 2062 2752 ἔσται

476 2788 561 2824 σοι
584 2771 825 2841 πλησίον.
851 2771 1005 2827 οὐδὲ
1025 2773 1376 2843 διαμενοῦσι
1400 2778 1729 2849 παράνομοι
1744 2778 2064 2834 κατέναντι

473 2850 594 2921 τῶν
623 2853 948 2925 ὀφθαλμῶν
979 2870 1118 2910 σου.
1159 2857 1233 2911 Τὸ
1278 2862 1645 2932 μισοπόνηρον
1685 2863 1779 2916 τοῦ
1809 2863 1945 2916 Θεοῦ
1975 2864 2063 2917 ἐν-

472 2936 649 2991 ταῦθα
686 2937 955 3002 δείκνυσι,
983 2938 1251 2995 διδάσκων
1284 2945 1411 3007 τοὺς
1440 2946 1609 3014 ἐγγὺς
1646 2947 1812 3000 αὐτοῦ
1841 2948 2064 3017 γινομέ-

472 3038 597 3084 νους
635 3020 909 3086 τοιούτους
951 3023 1180 3088 ἑαυτοὺς
1219 3030 1688 3095 κατασκευάζειν,
1716 3030 1791 3095 ὡς
1816 3033 1916 3085 οῦκ
1941 3030 2062 3084 ἐνὸν

471 3104 646 3170 ἄλλως
675 3106 927 3174 γενέσθαι
961 3108 1147 3177 ἐγγύς.
1182 3111 1245 3163 Et
1272 3112 1384 3182 γὰρ
1410 3113 1682 3184 ἀνθρώπῳ
1716 3114 1938 3186 χρηστῷ
1961 3115 2063 3168 οὐκ

472 3191 540 3245 ἂν
565 3207 651 3253 τις
677 3189 894 3245 δύναιτο
919 3193 1174 3259 γενέσθαι
1200 3193 1448 3266 πλησίον,
1475 3199 1588 3261 τοῖς
1608 3199 1833 3270 τρόποις
1856 3199 2065 3271 διεστη-

469 3271 587 3336 κὼς
621 3273 808 3337 αὐτοῦ,
845 3274 1024 3347 πολλῷ
1060 3276 1259 3346 μᾶλλον
1291 3278 1485 3350 τούτῳ.
1510 3281 1634 3333 Ὅτι
1662 3280 1772 3353 γὰρ
1809 3281 2062 3337 δύνανται

472 3355 744 3425 ἑναρέτων
772 3358 981 3429 ἀνδρῶν
1010 3360 1177 3428 ἐγγὺς
1196 3361 1452 3428 γενέσθαι
1479 3364 1527 3415 οί
1559 3364 1808 3434 πονηροὶ,
1832 3366 2062 3419 ἄκουσον

470 3440 525 3494 τί
575 3457 706 3509 φασι
740 3442 869 3513 περὶ
900 3442 995 3495 τοῦ
1035 3443 1277 3497 δικαίου·
1319 3446 1519 3513 Βαρύς
1558 3447 1730 3501 ἐστιν
1765 3449 1911 3518 ἡμῖν
1962 3449 2063 3504 καί

476 3524 871 3593 βλεπόμενος.
918 3525 1075 3580 Οῦτω
1120 3528 1215 3581 καὶ
1260 3528 1544 3601 Ἱωάνννης
1588 3531 1650 3584 τὸ
1690 3531 2060 3605 δεσμωτήριον

464 3609 639 3662 ηοίκὼν
672 3610 766 3662 καὶ
793 3609 870 3682 μὴ
894 3611 1171 3683 ὁρώμενος
1202 3611 1390 3667 ἐλύπει
1430 3614 1529 3686 τὴν
1571 3615 1873 3686 Ἡρωδιάδα
1897 3634 1909 3647 ·
1942 3618 2063 3671 καί-

470 3713 553 3750 τοι
585 3697 836 3751 τοσοῦτον
885 3698 1050 3752 αὐτοῦ
1094 3701 1416 3773 ἀφειστήκει
1454 3704 1515 3755 τὸ
1547 3703 1788 3772 γύναιον·
1827 3705 1965 3775 μετά
2004 3706 2062 3760 δέ

458 3784 570 3857 τὴν
598 3785 873 3858 τελευτὴν,
906 3787 1118 3842 καὶτοῦ
1141 3791 1406 3861 τυράννου
1436 3792 1557 3845 τότε
1596 3792 1804 3847 ἐκείνου
1842 3794 1903 3847 τὸ
1934 3811 2060 3847 συν-

457 3874 609 3939 σιδὺς
634 3876 902 3930 κατέσειε.
938 3877 1143 3948 Μηδεὶς
1179 3877 1360 3931 τοίνυν
1396 3879 1505 3932 τῶν
1536 3883 1595 3933 ὲν
1638 3882 1809 3953 ἀρετῇ
1841 3880 2060 3948 ζώντων

458 3961 712 4033 ἡγείσθω
748 3979 801 4014 τι
831 3964 1062 4032 πάσχειν
1092 3964 1287 4029 δεινὸν,
1313 3965 1415 4019 κᾶν
1459 3967 1878 4038 ἐπιϐουλεύηται
1909 3971 2060 4040 παρὰ

463 4047 581 4101 τῶν
611 4047 886 4118 πονηρῶν.
923 4051 986 4102 Οί.
1012 4048 1120 4120 γάρ
1155 4050 1454 4122 πάσχοντες
1478 4055 1665 4120 κακῶς
1699 4058 1750 4110 οἱ
1780 4058 2060 4123 ποιοῦντές

459 4136 630 4187 ⁴εἰσιν.
666 4135 1002 4207 Ἑμίσησας
1031 4137 1266 4204 πάντας
1294 4139 1434 4205 τοὺς
1489 4140 1917 4212 ἐργαζομένους
1944 4146 2060 4216 τὴν

464 4222 751 4291 ἀνομίαν,
815 4224 1065 4291 ἀπολεῖς
1123 4225 1355 4293 πάντας
1402 4229 1546 4294 τοὺς
1594 4232 1939 4301 λαλοῦντας
1991 4234 2058 4289 τό

404 4298 409 4305 ’
470 4308 719 4381 ψεῦδος.
753 4310 969 4380 Ἄνδρα
993 4312 1255 4381 αίμὰτων
1290 4315 1389 4368 καὶ
1414 4317 1624 4371 δόλιον
1642 4298 2059 4383 ,ϐδελύσσεται

466 4397 706 4464 Κύριος.
750 4396 935 4450 Ταῦτα
968 4396 1213 4465 λέγεται,
1258 4401 1357 4471 οὐχ
1399 4402 1484 4455 ἵνα
1516 4403 1839 4477 ἀκούσωμεν
1874 4409 2055 4480 μόνον,

470 4481 586 4535 ἀλλ’
617 4482 702 4536 ἴνα
725 4484 819 4535 καὶ
841 4483 1224 4556 παιδευώμεθα
1246 4487 1274 4527 b
1294 4489 1467 4543 ταῦτα
1488 4491 1727 4563 συνεχῶς
1747 4494 2056 4562 ἀκούοντες,

470 4571 569 4623 καὶ
596 4570 675 4640 τῷ
698 4571 883 4644 τρόπῳ
906 4572 1000 4626 τοῦ
1033 4575 1269 4645 νυμφίου
1303 4578 1638 4649 ἁρμόζεσθαι
1657 4625 1672 4650 ,
1713 4584 1807 4637 καὶ
1832 4585 2058 4655 πλησίον

469 4656 637 4745 αὑτοῦ
667 4658 934 4725 γίνεσθαι.
952 4661 1062 4745 ΔὩς
1085 4660 1152 4714 ἂν
1183 4662 1257 4734 μὴ
1280 4665 1452 4718 ταῦτα
1479 4662 1535 4738 ᾗ,
1568 4669 1924 4743 ἐρημούμεθα
1959 4673 2058 4745 τῆς

469 4744 677 4802 ἄνωθεν
706 4746 900 4817 ῥοπῆς,
921 4740 982 4799 οὗ
1007 4748 1158 4802 οὐδὲν
1182 4751 1248 4803 ἂν
1270 4752 1478 4821 γένοιτο
1500 4740 1701 4827 χεῖρον.

540 4833 605 4887 δ’.
631 4834 959 4903 Ἐμίσησας
1004 4836 1238 4921 πάντας
1282 4842 1425 4909 τοὺς
1474 4845 1903 4917 ἐργαζομένους
1939 4850 2059 4921 τὴν

467 4921 745 5011 ἀνομίαν·
770 4921 876 5011 κᾶν
902 4920 1162 5000 δοῦλοςῇ,
1194 4929 1347 4998 φησὶ,
1376 4929 1480 4984 κᾶν
1509 4932 1927 5007 ἐλεύθερος,κᾶν
1958 4920 2056 5011 βα-

398 5021 408 5069 ;
468 5008 672 5098 σιλεὺς,
715 5009 821 5064 κᾶν
847 5012 1224 5070 ὁστισοῦν.ού
1262 5016 1372 5089 γὰρ
1415 5019 1523 5073 ἀπὸ
1560 5021 1669 5075 τῶν
1700 5008 2051 5098 ἀξιωμάτων,

392 5117 398 5125 ·
464 5097 583 5153 ἀλλ’
625 5098 733 5152 ἀπὸ
770 5100 868 5170 τῆς
919 5102 1119 5174 ἀρετῆς
1146 5106 1273 5167 τοὺς
1309 5106 1495 5174 φίλους
1531 5111 1804 5182 ἐγκρίνειν
1847 5097 1880 5167 ό
1922 5116 2053 5180 Θεὸς

469 5187 679 5244 εἴωθεν.
737 5189 877 5249 Ἀλλ’
911 5191 1100 5264 ἐπειδὴ
1144 5194 1330 5248 πολλοὶ¹
1366 5196 1475 5250 τῶν
1527 5201 1853 5273 παχυτέρων
1903 5206 2054 5260 οὐδὲν

466 5274 727 5361 ἡγοῦνται
759 5277 819 5333 τὸ
864 5281 1019 5349 μίσος
1051 5276 1213 5347 εἶναι,
1243 5282 1471 5339 ἄκουσον
1516 5288 1633 5352 πῶς
1661 5291 1911 5361 ἐπήγαγε
1958 5297 2053 5349 καὶ

467 5360 743 5424 κολάσεως
789 5364 973 5432 φόϐον,
1022 5367 1226 5423 εἰπών·
1287 5370 1562 5440 Ἀπολεῒς
1620 5375 1855 5444 πάντας
1911 5380 2053 5447 τοὺς

461 5447 809 5539 ⁸ιαλοῦντας
831 5450 899 5539 τό
926 5452 1171 5521 ψεῦδος·
1197 5457 1287 5509 ἐπὶ
1312 5457 1372 5510 τὸ
1408 5462 1713 5535 παχύτερον
1739 5465 1847 5518 τῶν
1873 5467 2054 5539 ἀμαρο

457 5533 776 5604 τεινομένων
839 5535 929 5589 τὸν
978 5539 1134 5606 λόγον
1195 5533 1521 5613 μετατιθείς.
1587 5533 1663 5605 σὺ
1727 5553 1835 5625 γὰρ
1888 5533 2050 5626 μέχρι

528 5670 705 5774 ἷξες.
732 5699 812 5773 καί
834 5702 1132 5774 παραχωρεῖς
1150 5710 1207 5768 τῇ
1229 5708 1452 5774 προεδρίᾳ
1471 5717 1555 5770 τῆς
1580 5714 1797 5771 κτίσεως.

516 5754 553 5796 δ
579 5754 699 5820 Reg.
732 5759 811 5805 καὶ
831 5754 1064 5822 μάθωμεν.

2170 438 2264 491 τοῦ
2317 438 2507 510 μίσους
2553 444 2805 514 στήσεται
2848 443 2918 497 τὰ
2965 445 3061 513 τῆς
3094 442 3382 514 τιμωρίας,
3423 441 3600 497 καίτοι
3648 445 3748 499 καὶ

2166 527 2324 583 τοῦτο
2351 529 2556 600 ἄφατος
2586 532 2807 597 κόλασις
2825 549 2837 561 ·
2873 532 3009 585 ἀλλά
3039 532 3132 585 καὶ
3165 531 3373 595 πάντας
3400 529 3591 586 ἀπολεῖ
3615 533 3749 596 τοὺς

2166 615 2464 685 λαλοῦντας
2483 623 2544 673 τὸ
2560 621 2776 690 ψεῦδος.
2796 622 2988 675 Καίτοι
3011 622 3107 675 καὶ
3122 621 3183 675 τὸ
3202 621 3466 693 πρότερον
3486 619 3781 690 χαλεπὸν,’

2168 706 2262 759 καὶ
2285 707 2507 779 γεέννης
2523 712 2722 780 χεῖρον,
2743 709 2803 762 τὸ
2821 710 3116 780 μισηθῆναι
3135 709 3282 780 παρὰ
3296 707 3453 761 Θεοῦ·
3481 706 3592 780 [54]
3609 705 3751 761 ἀλλά

2166 796 2304 866 πρὸς
2329 797 2566 867 μὲντοὺς
2594 798 2830 854 συνιέναι
2853 799 3181 870 δυναμένους
3206 800 3381 852 ἐκεῖνο
3396 797 3581 867 ἔθηκε·
3607 796 3750 867 πρὸς

2165 882 2221 935 δὲ
2257 886 2385 947 τοὺς
2407 885 2746 957 παχυτέρους
2779 887 2872 940 καὶ
2898 886 3055 940 τοῦτο
3078 884 3407 955 προσέθηκε.
3448 882 3541 954 Μὴ
3566 882 3751 937 τοίνυν

2167 970 2506 1043 θορυϐηθῇς,
2546 972 2820 1043 ἄνθρωπε,
2869 973 3003 1044 μηδὲ
3040 971 3338 1043 ταράττου,
3370 970 3590 1023 ἐπειδάν
3630 970 3753 1041 ἴδῃς

2164 1060 2316 1125 τινὰς
2340 1061 2723 1133 ψευδομένους,
2758 1064 3120 1135 ἁρπάζοντας,
3147 1057 3753 1122 πλεονεκτοῦνταςτκαὶ

2170 1149 2335 1219 μηδὲν
2383 1149 2691 1221 πάσχοντας
2729 1151 2927 1204 δεινόν·
2964 1151 3115 1203 ἔσται
3149 1149 3259 1220 γὰρ
3304 1149 3519 1210 πάντως
3563 1145 3749 1200 τοῦτο.

2166 1236 2402 1309 Τοιαύτη
2443 1239 2551 1310 γὰρ
2586 1241 2618 1311 ἡ
2661 1239 2755 1293 τοῦ
2791 1238 2925 1291 Θεοῦ
2963 1238 3151 1309 φύσις·
3184 1236 3587 1307 ἀποστρέφεται
3647 1249 3754 1288 πο-

2166 1324 2379 1394 νηρίαν,
2405 1329 2631 1395 μισεῖτε
2662 1325 2829 1397 αὐτὴν
2858 1327 2971 1386 ἀεὶ,
3001 1327 3093 1379 καλ⁵
3121 1324 3505 1395 ἀπεχθάνεται.
3523 1322 3661 1384 Τοὺς
3687 1320 3753 1371 δὲ

2165 1410 2454 1477 λαλοῦντας
2481 1413 2542 1466 τὸ
2579 1413 2771 1485 ψεῦδος
2813 1413 3047 1467 ἐνταῦθα
3073 1412 3221 1481 λέγει
3249 1412 3375 1474 τοὺς
3414 1412 3470 1463 ἐν
3510 1407 3753 1480 πονηρίᾳ

2166 1499 2435 1570 βιοῦντας,
2475 1505 2599 1567 τοὺς
2626 1502 2694 1557 τὰ
2722 1502 2892 1574 ψευδῆ
2932 1504 3234 1573 πράγματα
3269 1499 3585 1562 διώκοντας,
3617 1498 3752 1559 τοὺς

2164 1594 2293 1662 περὶ
2327 1592 2554 1661 ἡδονὰς,
2594 1594 2721 1657 τοὺς
2766 1592 2893 1664 περὶ
2931 1590 3371 1663 γαστριμαργίαν
3394 1628 3411 1654 ,
3444 1589 3570 1651 τοὺς
3615 1585 3754 1653 περὶ

2164 1678 2475 1745 πλεονεξίαν
2495 1681 2882 1753 ἐπτοημένους.
2911 1677 3032 1734 υἶδε
3053 1680 3161 1750 γὰρ
3184 1679 3363 1733 πάντα
3382 1675 3554 1730 ταῦτα
3572 1672 3752 1745 ψεύδη

2163 1769 2369 1823 καλεῖν.
2414 1770 2629 1839 Ἄνδρα
2669 1770 2930 1839 αίμιὶτων
2960 1770 3058 1824 καί
3088 1770 3298 1823 δόλιον
3333 1766 3753 1833 βδελύσσεται

2163 1858 2396 1925 Κύριος.
2420 1858 2523 1911 Τὸν
2543 1859 2763 1927 φονικὸν
2774 1858 3008 1913 ένταῦθά
3021 1875 3172 1928 φησι,
3194 1857 3285 1910 τόν
3306 1853 3747 1912 ἐπιϐουλεύοντα.

2162 1944 2253 1997 τὸν
2268 1944 2519 2011 ὓπουλον,
2536 1948 2629 2001 τὸν
2651 1947 2785 2001 ἄλλα
2808 1947 2905 2019 μὲν
2921 1948 3014 2000 ἐπὶ
3036 1945 3299 2015 στόματος
3312 1944 3564 2014 φέροντα,
3580 1941 3666 1993 Et:
3676 1956 3754 2010 ρα

2162 2033 2219 2086 δὲ
2243 2035 2335 2088 ἐπὶ
2353 2035 2451 2105 τῆς
2475 2036 2729 2101 διανοίας,
2753 2036 2844 2089 τὸν
2867 2035 3246 2108 περικείμενον
3270 2032 3609 2102 προσωπεῖον
3625 2029 3756 2080 ἐπι-

2165 2122 2389 2188 εικείας,
2410 2125 2481 2176 τά
2502 2123 2558 2176 δὲ
2584 2123 2764 2178 λύκων
2783 2122 3246 2192 ἐπιδεικνύμενον,
3268 2115 3328 2174 οῦ
3353 2121 3539 2191 χεῖρον
3556 2116 3658 2171 οὐκ
3678 2114 3756 2168 ἂν

2164 2212 2372 2280 γένοιτο
2389 2211 2561 2265 οὐδέν.
2594 2212 2653 2264 Ὀ
2668 2211 2766 2283 μὲν
2782 2211 2888 2284 γὰρ
2904 2211 3060 2282 δῆλος
3080 2208 3268 2280 ἐχθρὸς
3306 2209 3400 2263 καὶ
3411 2203 3756 2273 εὐφύλακτος

2163 2300 2357 2369 γένοιτ’
2390 2301 2474 2354 ἄν·
2502 2302 2531 2352 ὁ
2553 2300 2608 2354 δὲ
2640 2300 3033 2370 συγκαλύπτων
3061 2300 3159 2365 τὴν
3190 2296 3453 2367 πονηρίαν
3479 2293 3573 2347 καὶ
3595 2289 3752 2363 χρώ-

2167 2404 2327 2458 μενος
2359 2391 2427 2460 τῇ
2476 2388 2679 2460 κακία,
2712 2387 3063 2459 δυσφώρατος
3105 2385 3202 2450 ὢν,
3240 2382 3410 2438 πολλὰ
3453 2380 3755 2455 ἐργάζεται

2161 2477 2231 2530 τὰ
2260 2476 2426 2532 δεινά.
2479 2478 2578 2532 Διὰ
2608 2476 2766 2531 τοῦτο
2791 2477 2884 2531 καὶ
2922 2479 2951 2531 ό
2970 2474 3244 2546 -Χριστὸς,
3279 2471 3441 2544 ἡνίκα
3465 2469 3531 2523 ἂν
3565 2483 3755 2538 παρα-

2163 2563 2429 2631 γίνοιντο,
2475 2564 2667 2636 νήφειν
2714 2564 3018 2618 ἐκέλευσεν.
3074 2564 3392 2631 Ἔρχονται
3446 2557 3556 2629 γὰρ
3594 2553 3754 2623 πρὸς

2162 2651 2319 2722 ὑμᾶς
2338 2654 2407 2706 ὲν
2426 2652 2717 2723 ἐνδύμασι
2738 2652 3063 2721 προϐάτων,
3087 2650 3315 2704 ἔσωθεν
3335 2645 3402 2701 δέ
3426 2649 3544 2700 εἰσι
3567 2644 3752 2698 ,λύκοι

2164 2741 2447 2813 ἅρπαγες.
2496 2741 2639 2813 Ἐγὼ
2680 2741 2751 2795 δὲ
2782 2742 2853 2795 ἐν
2885 2740 2967 2807 τῷ
2996 2737 3211 2806 πλήθει
3242 2732 3347 2791 τοῦ
3387 2734 3599 2799 ἐλέους
3625 2744 3752 2784 σου

2162 2834 2585 2903 είσελεύσομαι
2612 2833 2701 2898 είς
2731 2830 2839 2886 τὸν
2866 2826 3034 2885 οἶκόν
3070 2844 3207 2882 σου.
3254 2822 3472 2893 Ἐπειδὴ
3496 2822 3604 2892 γάρ
3636 2818 3754 2873 ἀπὸ

2162 2922 2419 2976 τοιούτων
2444 2925 2477 2994 ἡ
2522 2920 2817 2993 Ἐκκλησία
2844 2920 3173 2981 συνείλεκτο,
3214 2914 3501 2985 Ἑλλήνων,
3530 2911 3747 2982 μάγων.

2163 3011 2524 3081 ἀνδροφόνων,
2555 3012 2790 3081 γοήτων,
2814 3006 3085 3078 ψευστῶν,
3114 3003 3381 3068 ὑπούλων,
3416 2999 3537 3053 εἷπε
3560 2998 3637 3059 δὲ,
3663 2997 3752 3050 ὃτι

2166 3101 2345 3168 μισεῖς
2376 3099 2471 3151 κα)⁸
2502 3098 2841 3170 ἀποστρέφῃ,
2879 3094 3153 3159 δεικνῦσα,
3183 3093 3263 3147 ὅτι
3293 3090 3391 3160 οὐχ
3421 3087 3557 3157 αῦτη
3603 3085 3751 3137 κατά

2161 3185 2506 3258 δικαιοσύνην
2554 3187 2648 3239 καὶ
2697 3183 3126 3258 κατορθώματα,
3175 3179 3313 3235 ἀλλά
3363 3176 3504 3231 κατά
3558 3173 3749 3245 φιλαν-

2163 3272 2412 3346 θρωπίαν
2445 3275 2827 3343 ἀπαλλαγεῖσα
2857 3273 3081 3327 ἐκείνων
3114 3271 3195 3335 είς
3235 3268 3305 3322 τὰ
3347 3266 3602 3321 ἐνδότατα
3631 3264 3751 3317 εἰσ·

2161 3364 2346 3433 ήγετο,
2362 3363 2643 3433 ἐπήγαγεν
2661 3379 2675 3393 ·
2723 3360 2871 3431 Ἐγὼ
2891 3361 2963 3414 δὲ
2981 3361 3052 3414 ἐν
3069 3357 3148 3424 τῷ
3171 3356 3385 3423 πλήθει
3406 3353 3513 3408 τοῦ
3533 3350 3748 3419 ἐλέους

2161 3468 2279 3505 σου
2309 3452 2733 3520 εἰσελεύσομαι
2766 3452 2853 3516 είς
2878 3448 2986 3503 τόν
3012 3444 3181 3502 οἶκόν
3199 3460 3335 3499 σου.
3374 3444 3493 3497 ἰνα
3521 3440 3630 3510 γὰρ
3663 3441 3743 3511 μή

2161 3554 2244 3601 τις
2275 3537 2406 3609 λέγῃ
2429 3555 2443 3571 ·
2486 3538 2609 3603 Πῶς
2634 3534 2726 3591 οὖν
2754 3538 2818 3591 σὺ
2844 3538 2878 3607 ἡ
2902 3535 2972 3589 τὰ
2999 3535 3093 3590 καὶ
3120 3535 3187 3587 τὰ
3218 3529 3569 3604 ἐργασαμένη
3603 3528 3742 3581 ἐσώ-

2164 3627 2296 3698 θης;
2360 3622 2483 3680 εἷπε
2536 3627 2628 3680 τὸν
2671 3627 2873 3697 τρόπον
2919 3625 3018 3695 τῆς
3062 3622 3356 3693 σωτηρίας,
3389 3620 3473 3674 ὅτι
3498 3618 3595 3671 Διά
3640 3616 3742 3687 τὴν

2161 3716 2362 3789 πολλὴν
2412 3716 2842 3787 φιλανθρωπίαν,
2891 3714 2979 3767 διὰ
3025 3713 3124 3784 τὴν
3175 3712 3380 3780 ἄφατον
3430 3706 3744 3776 ἀγαθότητα

2161 3804 2391 3876 ἐσώθην.
2437 3805 2574 3858 ⁹Λλλ’
2614 3805 2716 3857 εἰσί
2749 3821 2913 3867 τινες,
2959 3803 3009 3856 οἳ
3055 3802 3175 3856 οὐδὲ
3220 3800 3369 3853 ἔλεον
3403 3797 3745 3870 προσίενται,

2161 3895 2355 3948 ἀνίατα
2384 3894 2687 3957 νοσοῦντες,
2708 3889 2809 3946 οἷοι
2833 3888 2973 3964 ἦσαν
2994 3895 3042 3945 οἱ
3081 3891 3323 3945 Ἰουδαῖοι
3347 3910 3361 3920 ·
3394 3891 3427 3961 ή
3453 3888 3560 3958 γὰρ
3579 3886 3745 3956 χάρις

2163 3985 2255 4038 καὶ
2283 3987 2311 4038 ό
2339 3983 2506 4047 ἕλεος,
2542 3984 2644 4038 κᾶν
2676 3985 2835 4054 χάρις
2933 3984 3027 4036 καὶ
3052 3981 3221 4047 ἔλεος,
3245 3979 3380 4035 ἀλλά
3404 3979 3528 4042 τοὺς
3558 3975 3744 4046 βουλο-

2165 4072 2358 4143 μένους
2392 4073 2487 4128 καὶ
2521 4076 2680 4145 χάριν
2711 4072 2933 4143 ἔχοντας
2966 4071 3162 4138 σώζει,
3196 4073 3258 4125 ού
3302 4074 3429 4133 τοὺς
3470 4068 3746 4139 ἀφηκιιῖινι

2160 4178 2261 4227 τας
2290 4162 2385 4217 καὶ
2420 4163 2496 4236 μὴ
2548 4164 2905 4235 βουλομένους
2934 4163 3188 4228 δέξασθαι
3234 4160 3332 4232 τὴν
3375 4161 3604 4234 δωρεάν,
3636 4155 3743 4214 οἷοι

2159 4252 2451 4322 γεγόνασιν
2478 4257 2530 4307 οί
2578 4254 2840 4318 Ἰουδαῖοι,
2885 4254 3014 4325 περὶ
3046 4246 3120 4306 ὧν
3154 4252 3249 4308 καὶ
3292 4252 3503 4315 Παῦλος
3531 4251 3740 4319 ἔλεγεν,

2159 4342 2244 4396 ὃτι
2285 4343 2675 4413 Ἀγνοοῦντες
2701 4343 2818 4410 τὴν
2853 4344 2960 4398 τοῦ
3001 4342 3149 4399 Θεοῦ
3185 4342 3606 4409 δικαιοσύνην,
3639 4344 3740 4395 καί

2157 4429 2276 4499 τὴν
2301 4430 2462 4484 ίδίαν
2499 4430 2894 4499 δικαιοσύνην
2924 4430 3236 4500 ζητοῦντες
3263 4430 3508 4500 στῆσαι,
3545 4430 3620 4501 τῇ
3649 4432 3741 4486 δι-

2158 4519 2457 4586 καιοσύνῃ
2490 4518 2598 4572 τοῦ
2634 4519 2781 4574 Θεοῦ
2807 4521 2920 4588 οὐχ
2946 4519 3357 4590 ὑπετάγησαν.
3389 4516 3521 4574 Εἶτα
3546 4520 3738 4594 ἐπειδὴ

2159 4603 2279 4660 εἷπε
2310 4607 2379 4660 τὰ
2407 4607 2498 4661 τοῦ
2529 4608 2685 4673 Θεοῦ,
2718 4608 2867 4677 λέγει
2893 4610 2988 4663 καὶ
3013 4610 3080 4663 τὰ
3113 4612 3243 4682 παρ’
3277 4611 3477 4681 ἑαυτῆς
3502 4630 3515 4642 ·
3544 4615 3741 4682 Προσ-

2159 4695 2407 4762 κυνήσω
2451 4697 2603 4766 πρὸς
2658 4697 2813 4752 ναόν
2864 4697 3036 4768 ἅγιόν
3087 4712 3203 4753 σου
3254 4699 3325 4752 ἐν
3388 4702 3551 4769 φόϐῳ
3593 4713 3734 4754 σου.

2152 4784 2331 4838 -Ὅταν
2360 4785 2468 4857 γὰρ
2498 4785 2719 4856 χάριτος
2747 4785 3060 4851 ἀπολαύσων
3092 4787 3187 4841 καὶ
3210 4786 3278 4840 τά
3319 4789 3446 4859 παρ’
3493 4788 3737 4859 ἐμαυτῆς

2158 4875 2472 4943 εἰσενέγκω.
2523 4876 2724 4946 ταύτην
2773 4876 2992 4930 είσοίσω
3040 4895 3121 4933 σοι
3165 4878 3265 4950 τὴν
3314 4878 3526 4942 θυσίαν,
3562 4881 3737 4951 φησί·

2155 4962 2570 5030 Προσκυνήσω
2603 4964 2754 5033 πρὸς
2781 4965 2934 5019 ναόν
2967 4965 3139 5036 ἅγιόν
3164 4980 3283 5021 σου
3311 4967 3380 5020 ἐν
3407 4969 3568 5037 φόϐῳ
3592 4986 3735 5029 σου.

2158 5053 2234 5105 Ού
2275 5052 2528 5125 καθάπερ
2576 5054 2626 5106 οί
2678 5053 2865 5107 πολλοὶ
2911 5054 3021 5108 τῶν
3054 5056 3395 5126 εὐχομένων,
3441 5057 3732 5127 κνώμενοι,

2155 5139 2527 5211 χασμώμενοι,
2561 5141 2891 5210 ναρκῶντες,
2927 5142 3063 5198 ἀλλά
3103 5145 3239 5213 μετά
3273 5144 3438 5213 φόϐου
3483 5147 3576 5201 καὶ
3604 5147 3735 5217 τρό-

2159 5245 2283 5299 μου.
2317 5228 2499 5298 φησίν.
2549 5228 2606 5281 ’0
2635 5229 2744 5299 γὰρ
2779 5228 2953 5293 οὕτως
2981 5231 3291 5301 εὐχόμενος,
3323 5235 3504 5288 πᾶσαν
3535 5237 3736 5289 κακίαν

2156 5316 2469 5369 ἀποτίθεται
2490 5355 2504 5379 ,
2551 5316 2686 5386 πρὸς
2732 5318 2911 5371 πᾶσαν
2942 5319 3143 5391 ἀρετὴν
3172 5326 3612 5391 χειραγωγεῖται,
3642 5325 3736 5377 τὸν

2154 5403 2287 5457 Θεὸν
2317 5403 2474 5457 ἵλεων
2501 5404 2819 5475 καθίστησιν
2853 5406 3052 5478 ἐαυτῷ.
3095 5410 3292 5478 Κύριε,
3324 5410 3635 5481 όδήγησόν
3656 5428 3735 5482 με

2152 5492 2222 5545 ἐν
2243 5490 2319 5560 τῇ
2334 5491 2692 5562 δικαιοσύνῃ
2715 5510 2831 5548 σου
2851 5494 3030 5549 ἕνεκα
3047 5494 3169 5550 τῶν
3190 5498 3420 5568 ἐχθρῶν
3432 5517 3572 5569 μου.
3600 5497 3734 5557 Εἷπε

2151 5586 2278 5648 τοὺς
2306 5584 2505 5655 ὕμνους
2538 5585 2631 5639 τοῦ
2665 5586 2821 5651 Θεοῦ,
2856 5589 2917 5641 τὸ
2952 5590 3349 5662 μισοπόνηρον,
3385 5591 3502 5665 [7.5]
3529 5592 3587 5647 τὸ
3613 5591 3737 5662 φιλ-

2151 5676 2459 5746 άνθρωπον,
2478 5677 2538 5729 τὸ
2558 5679 2932 5749 κηδεμονικὸν,
2959 5678 3078 5734 εἷπε
3098 5683 3196 5753 τὴν
3214 5685 3409 5755 ἑαυτῆς
3439 5687 3731 5757 σωτηρίαν,

2155 5764 2273 5821 εἷπε
2304 5766 2393 5825 τὸν
2424 5769 2623 5843 τρόπον
2671 5770 2792 5828 καθ’
2824 5773 2883 5839 δν
2928 5773 3107 5849 ἐσώθη
3136 5817 3147 5840 ,
3199 5774 3315 5831 εἶπε
3346 5777 3467 5833 τίνα
3497 5778 3641 5851 μετά
3671 5779 3734 5832 τὸ
