4106 6416
359 354 423 409 (ιδ
1519 343 1877 432 nxrosmo
1918 343 1978 399 IN
2020 341 2340 400 PSALMUM
2383 345 2446 406 v.
3587 349 3656 403 es

364 478 476 522 tias.
525 467 733 527 Oportet
778 463 958 524 enim,
1008 462 1202 531 inquit,
1248 462 1314 513 ad
1367 460 1557 531 gratias
1595 460 1683 512 tibi
1734 457 1960 525 agendus

366 561 511 615 solent
533 557 842 624 pra'veuire,
871 566 919 609 et
946 566 1071 608 ante
1089 565 1252 607 ortum
1269 553 1393 606 lucis
1414 560 1460 604 te
1483 550 1670 618 alloqui
1695 548 1848 621 (Sap.
1873 549 1958 600 16.

365 652 480 716 9.8).
503 649 578 702 'l'u
606 658 788 701 autem
816 663 926 700 non
959 645 1178 716 patiaris
1208 651 1262 696 ut
1284 644 1348 708 is,
1383 642 1469 710 qui
1519 651 1569 693 te
1609 639 1830 692 inferior
1867 637 1958 703 sit,

368 742 740 810 Imperatorem
769 750 900 793 ante
945 749 997 792 te
1026 736 1212 790 adoret
1242 756 1254 789 :
1289 747 1428 786 nunc
1475 740 1653 785 autem
1685 729 1799 783 sole
1834 727 1960 782 ado-

368 844 516 888 rante
546 832 655 900 ipse
681 830 914 893 dormis,
949 839 1003 882 ct
1032 826 1176 880 cedis
1207 825 1379 894 primo
1407 823 1526 876 loco
1547 831 1831 884 creatnrzr,
1860 833 1960 872 nec

370 941 580 980 onmem
632 934 940 977 creaturam
991 918 1281 989 praevenis,
1317 931 1436 983 quae
1475 922 1692 983 propter
1723 921 1774 963 te
1823 909 1958 963 facta

369 1029 473 1082 est,
503 1032 598 1070 nec
625 1016 671 1069 ei
704 1016 820 1083 agis
868 1013 1086 1082 gratias,
1141 1008 1232 1064 sed
1278 1022 1398 1060 cum
1445 1004 1639 1073 surgis,
1671 1017 1856 1056 ntanns
1905 1011 1960 1054 et

371 1109 561 1163 faciem
609 1106 774 1172 lavas,
823 1108 1055 1158 animam
1108 1109 1285 1154 autem
1327 1097 1653 1151 immundam
1701 1093 1960 1162 negligis?

371 1199 560 1252 Nescis
591 1198 726 1250 sicut
750 1209 948 1264 corpus
988 1208 1143 1262 aqua,
1181 1192 1250 1244 ita
1302 1188 1545 1241 oratione
1576 1183 1819 1238 mundari
1848 1183 1962 1236 ani-

371 1307 512 1343 mam
539 1290 561 1340 ?
593 1289 730 1342 Lava
760 1303 890 1356 ergo
919 1294 1042 1338 ante
1071 1296 1265 1353 corpus
1289 1280 1545 1334 animam.
1577 1275 1755 1330 Multa:
1778 1275 1850 1328 illi
1880 1273 1960 1327 in-

369 1385 547 1438 sident
585 1383 827 1436 vitiorum
862 1380 1112 1441 macuhe;
1145 1391 1235 1431 eas
1256 1375 1588 1444 expellamus
1631 1386 1726 1440 per
1763 1369 1961 1422 oralio-

371 1492 516 1529 nem.
550 1475 604 1528 Si
654 1475 794 1527 enim
843 1487 906 1526 os
949 1479 1185 1524 nostrum
1230 1467 1299 1520 ita
1343 1463 1712 1527 munierimus,
1753 1459 1959 1514 diurna:

372 1567 599 1621 acti0nis
641 1563 920 1634 pulchrum
943 1559 1230 1630 jecerimus
1271 1555 1693 1610 fundamentum.
1726 1552 1778 1606 5.
1804 1549 1960 1603 Mane

371 1658 586 1710 adstabo
621 1657 728 1720 tibi,
762 1666 807 1706 et
831 1651 1021 1706 videbo.
1056 1649 1278 1703 Adstubo
1307 1647 1415 1712 tibi,
1448 1660 1550 1699 non
1582 1645 1698 1697 loco
1721 1683 1734 1706 ,
1761 1641 1950 1710 inquit,

369 1749 465 1803 sed
495 1749 666 1802 factis.
693 1747 792 1813 Qui
816 1746 956 1799 enim
979 1743 1096 1796 talis
1122 1750 1222 1806 est,
1253 1740 1296 1792 is
1324 1753 1486 1808 prope
1515 1736 1680 1790 Deum
1713 1749 1832 1788 csse
1858 1748 1956 1802 po-

372 1849 495 1893 test.
518 1839 585 1892 lit
613 1838 754 1891 enim
784 1849 950 1905 prope
978 1834 1163 1893 simus,
1192 1830 1271 1883 vel
1303 1826 1503 1898 procul,
1537 1842 1600 1881 ex
1646 1840 1712 1880 eo
1739 1823 1952 1879 evenit:

371 1929 512 1982 Deus
545 1930 687 1981 enim
729 1937 813 1982 est
864 1925 1078 1993 ubique.
1108 1920 1330 1975 Adstabo
1361 1918 1468 1984 tibi,
1503 1927 1548 1970 et
1577 1917 1750 1970 videbo
1775 1957 1791 1981 ,
1840 1931 1956 1984 quo-

370 2021 506 2072 niam
545 2036 644 2071 non
689 2017 825 2071 Deus
875 2016 1044 2069 volens
1073 2015 1388 2082 iniquitatem
1416 2020 1468 2062 tu
1494 2025 1564 2062 es.
1601 2009 1748 2061 Alius
1787 2009 1954 2061 inter-

370 2129 492 2183 pres
514 2112 642 2165 dicit
673 2129 686 2164 :
708 2109 774 2163 Et
796 2107 1120 2162 considerabo
1144 2106 1278 2176 quod
1306 2121 1406 2157 non
1424 2102 1560 2156 Deus
1577 2103 1745 2154 volens
1771 2100 1955 2170 iniqui-

368 2218 520 2259 tatem
543 2215 595 2256 tu
623 2221 672 2257 es
694 2201 793 2272 (a).
825 2200 878 2255 6.
909 2199 1086 2269 Neque
1114 2195 1354 2250 habitabit
1388 2195 1539 2264 juxta
1589 2203 1634 2246 te
1680 2191 1951 2258 malignus.

363 2298 664 2353 Siinnlacra
697 2295 783 2348 hic
811 2294 1000 2357 innuit,
1035 2289 1175 2360 quod
1209 2289 1288 2341 his
1338 2287 1757 2348 delectarentur,
1798 2292 1854 2335 ut
1901 2291 1955 2336 et

363 2392 512 2445 Omni
546 2390 841 2459 iniquitate,
874 2387 1139 2455 rebusque
1175 2381 1452 2451 improbis.
1499 2378 1676 2448 Neque
1711 2376 1954 2430 habitabit

358 2487 510 2554 juxt
531 2492 580 2536 te
599 2482 872 2550 malignus.
908 2477 1030 2548 .Non
1067 2477 1169 2548 erit
1213 2475 1328 2539 tibi,
1378 2473 1563 2541 inquit,
1585 2470 1811 2533 amicus,
1847 2483 1951 2521 non

365 2577 470 2630 erit
491 2574 582 2629 tibi
611 2573 836 2627 vicinus.
869 2569 1046 2639 Neque
1074 2564 1431 2638 permanebunt
1460 2563 1636 2634 injusti
1653 2570 1768 2614 ante
1780 2560 1954 2612 oculos

365 2679 497 2720 tuos.
529 2663 774 2722 OStendit
800 2662 885 2716 hic
911 2661 1076 2715 Demn
1107 2659 1284 2712 odisse
1311 2656 1498 2716 malos,
1531 2655 1730 2708 docens
1757 2649 1952 2720 eosqui

364 2759 443 2813 illi
475 2756 756 2828 propinqui
807 2769 926 2810 esse
972 2752 1172 2816 volent,
1212 2759 1266 2803 ut
1295 2750 1502 2818 seipsos
1531 2747 1663 2800 tales
1704 2743 1949 2808 reddant,

362 2851 505 2921 quod
536 2865 641 2903 non
673 2849 773 2901 alia
801 2847 1004 2900 ratione
1025 2859 1192 2915 prope
1218 2857 1339 2897 eum
1367 2856 1488 2897 esse
1521 2841 1695 2892 liceat.
1721 2836 1777 2891 Si
1808 2837 1950 2889 enim

366 2945 485 2998 viro
511 2944 654 2997 b0n0
707 2955 810 2994 non
864 2939 1034 3010 possit
1083 2950 1203 2990 esse
1257 2933 1604 3003 propinquus,
1656 2929 1744 3000 qni
1791 2930 1857 2982 ab
1885 2943 1952 2982 eo

361 3037 632 3104 discrepet
673 3032 908 3086 moribus
937 3046 951 3082 :
985 3029 1032 3083 ei
1064 3030 1228 3082 multo
1259 3026 1448 3095 magis.
1500 3021 1650 3090 Quod
1675 3022 1815 3077 enim
1847 3020 1951 3073 im-

364 3129 516 3200 probi
571 3143 675 3181 non
721 3123 1061 3194 possintesse
1089 3120 1264 3190 probis
1315 3117 1612 3187 propinqui.
1653 3113 1776 3167 audi
1822 3113 1949 3182 quid

363 3223 546 3276 dicant
574 3220 640 3274 de
666 3219 848 3289 justo:
872 3216 1050 3271 Grauis
1077 3225 1150 3269 est
1180 3212 1318 3266 nobis
1354 3212 1428 3264 vel
1461 3211 1506 3264 si
1548 3219 1741 3262 tantum
1782 3208 1954 3262 videa-

365 3325 450 3368 tur
474 3316 491 3382 (
519 3311 645 3382 Sap.
677 3310 732 3364 ‘2.
764 3311 829 3365 15
851 3309 890 3378 ).
915 3308 988 3362 Ita
1016 3307 1250 3361 Joannes
1273 3303 1358 3359 vel
1404 3317 1567 3372 agens
1614 3302 1665 3354 in
1711 3315 1946 3364 carcere,

363 3422 488 3461 cum
519 3420 587 3459 ne
616 3403 884 3457 videretur
927 3399 1140 3470 quidem
1171 3439 1188 3463 ,
1220 3398 1476 3450 molestus
1499 3403 1613 3448 erat
1639 3391 1947 3457 llerodiadi,

365 3501 490 3553 licet
522 3507 722 3550 tantum
752 3495 818 3548 ab
844 3509 908 3549 eo
937 3492 1124 3546 mulier
1155 3490 1368 3542 abes~et
1402 3505 1415 3540 :
1450 3495 1568 3556 post
1593 3495 1821 3538 mortem
1852 3499 1952 3536 au-

366 3604 495 3656 tem,
528 3592 688 3645 etiam
722 3589 859 3643 illius
881 3587 967 3656 qui
1009 3595 1136 3639 tunc
1162 3589 1278 3636 erat
1327 3578 1539 3650 tyranni
1571 3577 1798 3632 vexabat
1823 3589 1954 3629 con-

363 3683 665 3738 scientiam.
700 3679 868 3734 Nemo
917 3691 1046 3745 ergo
1072 3690 1258 3730 eorum
1289 3671 1379 3742 qui
1427 3671 1478 3723 in
1509 3669 1703 3723 virtute
1743 3668 1950 3733 vivunt,

362 3790 608 3844 segrave
656 3771 851 3842 aliquid
899 3770 1003 3840 pati
1047 3767 1336 3829 existimet,
1385 3763 1593 3817 etiamsi
1643 3760 1868 3830 improbi
1902 3759 1951 3813 ei

363 3866 702 3921 insidientur.
750 3862 848 3930 Qui
903 3861 1043 3915 enim
1090 3857 1227 3912 male
1276 3855 1514 3918 faciunt,
1562 3851 1598 3906 ii
1659 3852 1950 3920 patiuntur.

361 3960 417 4012 7.
455 3957 621 4010 Odisti
641 3971 807 4007 omnes
827 3954 909 4023 qui
935 3959 1204 4021 operantur
1222 3949 1550 4017 iniquitatem,
1581 3945 1758 4015 perdes
1782 3958 1953 3996 omnes

365 4052 454 4121 qui
470 4051 741 4117 loqmtntur
765 4045 1100 4098 mendacium.
1137 4040 1311 4094 Virum
1331 4039 1636 4108 sanguinunt
1651 4045 1696 4090 et
1717 4035 1951 4088 dolosum

363 4141 738 4194 abominabitur
768 4137 1037 4190 Dominus.
1068 4133 1192 4187 llaec
1213 4133 1482 4195 dicuntur,
1517 4143 1621 4182 non
1671 4136 1728 4180 ut
1779 4125 1953 4179 solum

364 4233 666 4290 audiamus.
699 4229 790 4283 sed
812 4229 968 4283 etiam
989 4235 1044 4280 ut
1068 4225 1356 4279 doceamur
1377 4220 1490 4274 haec
1510 4216 1722 4272 assidue
1734 4217 1956 4271 audien-

367 4335 471 4390 tes,
499 4334 554 4378 ct
576 4323 755 4392 Sponsi
786 4319 1021 4374 moribus
1064 4330 1380 4388 congruere,
1414 4323 1468 4368 et
1497 4313 1544 4366 ei
1576 4327 1699 4366 csse
1727 4311 1954 4381 propin-

367 4418 481 4489 qni.
511 4417 568 4471 Si
595 4415 735 4470 enim
762 4413 874 4468 inec
899 4427 1002 4466 non
1032 4411 1180 4473 fiant,
1208 4419 1445 4477 superno
1471 4403 1669 4458 auxilio
1697 4403 1945 4458 destitui-

367 4525 512 4572 mur,
547 4525 651 4578 quo
679 4507 809 4560 nihil
838 4513 1011 4576 potest
1031 4518 1150 4557 esse
1177 4500 1432 4555 deterius.

441 4602 496 4656 4.
542 4599 706 4652 Odisti
729 4613 898 4650 omnes
917 4596 1001 4666 qui
1021 4602 1293 4663 operantur
1322 4592 1634 4663 iniquitatem
1659 4605 1676 4644 :
1705 4589 1819 4643 sive
1845 4601 1958 4641 ser—

371 4707 492 4758 vus,
517 4690 706 4760 inquit,
737 4686 916 4753 fuerit,
946 4686 1060 4742 sive
1089 4685 1245 4748 liber,
1270 4685 1383 4738 sive
1410 4699 1504 4736 rex
1525 4724 1539 4748 ,
1571 4683 1684 4735 sive
1704 4679 1956 4750 quicum-

371 4800 477 4856 que
507 4782 687 4837 fuerit.
715 4779 830 4834 Non
885 4779 1026 4832 enim
1066 4792 1133 4831 ex
1181 4775 1460 4845 dignitate,
1502 4771 1596 4826 sed
1642 4787 1706 4825 ex
1761 4771 1959 4823 virtute

371 4877 513 4932 solet
562 4874 700 4928 Deus
741 4871 942 4925 amicos
983 4869 1201 4937 eligere.
1257 4867 1363 4921 Sed
1415 4864 1666 4934 quoniam
1717 4860 1958 4917 nonnulli

371 4965 670 5024 crassiores
690 4961 867 5016 odium
900 4959 1027 5013 nihil
1055 4973 1172 5014 esse
1201 4957 1527 5019 existim-snt,
1553 4950 1960 5023 audiquomodo

372 5063 535 5116 etiam
565 5059 806 5129 supplicii
837 5055 1082 5110 timorem
1112 5051 1380 5106 induxerit
1411 5066 1424 5100 :
1464 5047 1654 5100 Perdes
1675 5062 1848 5100 omnes
1871 5045 1958 5114 qui

373 5157 646 5225 loquuntur
661 5149 979 5205 mendacium
1003 5161 1021 5200 :
1041 5146 1105 5200 ad
1147 5144 1199 5200 id
1237 5142 1380 5214 quod
1403 5150 1486 5197 est
1514 5141 1563 5194 in
1593 5138 1960 5210 peccatoribus

371 5247 606 5301 crassius
629 5244 927 5298 orationem
959 5237 1306 5293 transferens.
1339 5233 1457 5288 Non
1496 5231 1640 5286 enim
1685 5245 1857 5300 usque
1893 5229 1960 5284 ad

369 5340 554 5394 odium
578 5335 817 5392 subsistit
844 5332 1186 5402 supplicium,
1207 5328 1308 5384 etsi
1336 5327 1439 5382 hoc
1466 5339 1680 5396 quoque
1701 5325 1772 5377 sit
1799 5327 1958 5392 punl-

375 5433 454 5487 tio
493 5427 792 5495 incﬂ'abilis,
823 5423 917 5479 sed
948 5423 1108 5479 etiam
1135 5418 1323 5491 perdet
1345 5431 1533 5472 omnes
1561 5415 1653 5484 qui
1681 5414 1966 5483 loquuntur

438 5598 510 5659 (a)
543 5600 621 5646 llic
636 5596 771 5646 locus
793 5595 845 5645 in
869 5589 1100 5652 Hexaplis
1123 5589 1300 5637 nostris
1323 5598 1419 5635 non
1441 5585 1648 5659 integer
1671 5579 1845 5629 allatus
1868 5582 1962 5626 est.

368 5643 873 5738 H.‘»;.'...".Ii.'i.;..;..
899 5696 911 5730 ;
941 5643 1064 5727 κήκ
1105 5676 1228 5732 vim
1272 5674 1396 5751 van
1441 5645 1514 5718 Lm
1537 5643 1609 5720 se
1650 5670 1702 5718 τ)
1742 5664 1961 5720 nam:

379 5764 457 5832 [ibi
485 5767 823 5832 lnterpres._ue
848 5777 1023 5822 σιωπήσω
1045 5772 1100 5810 ὅτι
1123 5771 1311 5832 ὠιὶιθιος
1695 5760 1725 5804 si
1743 5767 1755 5800 ζ
1777 5758 1831 5802 ΕΙ
1851 5762 1964 5800 ι’οη-

368 5816 596 5881 siderabo
612 5816 842 5893 quoniam
867 5816 968 5878 non
990 5832 1117 5874 Deus
1143 5816 1299 5870 obiens
1318 5816 1619 5880 iniquitatem
1643 5825 1693 5866 tu
1713 5829 1785 5866 es.

2069 455 2426 510 mendacium.
2459 456 2788 535 Quamquam
2814 459 2961 527 prius
3003 471 3214 527 quoque
3261 473 3421 528 grave
3451 468 3552 524 est,
3592 474 3647 515 ct

2065 547 2307 615 gehenna
2343 547 2598 613 deterius,
2635 549 2761 602 odio
2807 549 2988 603 haberi
3035 564 3065 602 a
3116 549 3257 608 Deo:
3312 550 3406 604 sed
3448 549 3515 604 ad
3557 565 3657 605 eos

2065 640 2282 708 quidem
2338 641 2426 709 qui
2476 650 2700 710 possunt
2752 641 3052 710 intelligere
3081 681 3096 706 ,
3154 641 3283 696 illud
3331 644 3551 712 posuit:
3586 649 3655 698 ad

2065 731 2360 784 crassiores
2387 746 2515 785 vero
2545 731 2645 786 hoc
2672 746 2883 801 quoque
2907 732 3120 802 adjecit.
3146 731 3224 786 Ne
3267 749 3394 803 ergo
3442 743 3648 803 pertnr-
3681 773 3692 817 ι

2066 822 2229 888 beris,
2257 838 2289 876 ο
2323 824 2483 877 homo
2503 867 2517 888 ,
2548 840 2722 894 neque
2751 827 3047 895 obstrepas,
3079 826 3290 896 quando
3317 828 3514 881 videris
3548 829 3644 882 aV-

2064 930 2196 982 quos
2217 917 2557 982 mentientes,
2587 917 2875 985 rapientes,
2908 918 2956 970 in
2980 917 3116 972 bona
3147 918 3372 972 aliorum
3397 919 3654 972 invaden-

2066 1016 2165 1070 tes,
2199 1007 2288 1074 qui
2318 1017 2492 1061 tamen
2543 1009 2672 1062 nihil
2706 1009 2831 1062 mali
2883 1009 3156 1078 patiuntur
3186 1030 3198 1064 :
3232 1011 3330 1064 hoc
3375 1011 3516 1063 enim
3547 1013 3654 1064 erit:

2065 1098 2302 1150 omnino.
2335 1099 2475 1152 Talis
2502 1109 2581 1153 est
2629 1100 2822 1169 quippe
2866 1099 2955 1153 Dei
2986 1110 3170 1153 natura
3206 1113 3522 1155 :aversatur
3546 1101 3648 1154 im-

2066 1191 2404 1256 probitatem,
2433 1207 2550 1245 eam
2582 1206 2795 1261 semper
2824 1193 2934 1245 odit
2962 1201 3016 1246 et
3043 1193 3316 1246 abhorret.
3347 1193 3656 1263 Loquentcs

2063 1290 2240 1335 autem
2269 1283 2601 1337 mendacium
2633 1283 2719 1337 hic
2737 1283 2864 1336 dicit
2893 1299 2986 1338 eos
3025 1283 3115 1352 qui
3148 1284 3284 1337 male
3325 1285 3524 1349 vivunt,
3555 1297 3648 1337 eos

2062 1375 2151 1444 qui
2179 1389 2265 1429 res
2295 1374 2513 1430 fallaces
2543 1384 2954 1446 persequuntur,
2987 1390 3081 1429 eos
3105 1377 3191 1443 qui
3225 1375 3452 1435 libidini,
3485 1375 3651 1442 gnlzn,

2063 1475 2116 1519 et
2143 1467 2382 1519 avaritia:
2408 1477 2532 1521 sunt
2553 1467 2736 1521 dediti.
2770 1466 2895 1520 [hcc
2920 1467 3061 1520 enim
3091 1468 3267 1519 omnia
3297 1467 3433 1520 solet
3458 1468 3645 1535 appel-

2063 1556 2173 1610 lare
2215 1557 2515 1611 mendacia.
2558 1557 2735 1610 Virum
2767 1558 3072 1627 sanguinem
3106 1567 3151 1610 et
3188 1558 3420 1611 dolosam
3456 1557 3648 1611 abanti-

2062 1647 2266 1702 nabitur
2297 1648 2567 1702 Dominus.
2601 1650 2883 1703 Hominem
2923 1650 3008 1702 hic
3036 1649 3167 1702 dicit
3198 1648 3286 1718 qui
3325 1649 3472 1704 caede
3501 1649 3647 1704 dele-

2061 1748 2252 1805 ctatur,
2288 1742 2374 1810 qui
2418 1741 2716 1806 insidiatur,
2741 1743 2827 1811 qtti
2858 1750 2940 1794 est
2967 1740 3339 1795 fraudulentus
3382 1751 3436 1796 et
3476 1743 3648 1797 versi-

2061 1830 2235 1900 pellis,
2263 1833 2352 1902 qui
2393 1833 2538 1887 aliud
2572 1834 2729 1886 habet
2757 1837 2807 1888 in
2843 1849 2957 1898 ore,
2989 1833 3132 1887 aliud
3189 1835 3239 1887 in
3283 1843 3526 1904 pectore,
3555 1835 3644 1904 qui

2059 1924 2485 1979 mansuetudinis
2514 1926 2730 1996 quidem
2759 1941 2819 1980 ac
2846 1927 3116 1979 comitatis
3140 1941 3421 1996 personam
3457 1927 3642 1990 induit,

2058 2016 2152 2070 sed
2201 2032 2261 2071 se
2311 2018 2461 2072 l’actis
2495 2017 2673 2088 lupum
2725 2018 2977 2084 ostendit,
3009 2033 3114 2089 quo
3158 2019 3285 2072 nihil
3319 2020 3485 2088 possit
3526 2034 3651 2074 esse

2058 2108 2312 2163 deterius.
2343 2111 2570 2180 Apertus
2598 2111 2738 2164 enim
2772 2111 3017 2164 inimicus
3045 2120 3220 2180 potest
3250 2111 3401 2164 facile
3426 2111 3602 2164 caveri
3627 2128 3650 2165 ι

2058 2201 2145 2268 qui
2177 2210 2351 2254 autem
2383 2202 2636 2254 malitiam
2683 2201 2897 2271 quidem
2939 2203 3097 2264 celat,
3141 2210 3196 2254 et
3222 2201 3387 2254 utitur
3419 2201 3644 2266 malitia,

2057 2308 2176 2344 cum
2207 2309 2312 2346 non
2344 2295 2508 2362 possit
2531 2293 2685 2348 facile
2705 2293 3054 2361 deprehendi,
3077 2293 3300 2366 plurima
3334 2293 3468 2345 mala
3497 2291 3644 2349 facit.

2057 2386 2318 2452 Quocirca
2367 2386 2610 2441 Christus
2652 2389 2846 2451 etiam,
2900 2387 3114 2456 quando
3163 2386 3234 2439 illi
3275 2386 3652 2452 accesserint,

2057 2479 2266 2532 sobrios
2288 2489 2340 2532 et
2367 2488 2601 2533 attentos
2641 2493 2737 2532 nos
2776 2493 2894 2532 esse
2920 2478 3093 2547 jubet.
3133 2475 3350 2529 Veniunt
3392 2477 3534 2530 enim
3577 2475 3654 2528 ait

2058 2586 2162 2634 vos,
2191 2571 2372 2638 inquit,
2409 2571 2460 2622 in
2489 2571 2791 2623 vestimentis
2812 2570 2978 2623 ovium
3009 2584 3027 2622 :
3055 2569 3187 2621 intus
3208 2578 3371 2620 autem
3393 2578 3510 2620 sunt
3539 2569 3655 2636 lupi

2056 2678 2264 2729 rapaces
2293 2661 2502 2732 (Matth.
2537 2663 2587 2713 7.
2623 2662 2734 2730 15).
2755 2661 2807 2714 8.
2835 2659 2942 2730 Ego
2957 2672 3124 2711 autem
3146 2659 3526 2711 inmultitudiue
3548 2659 3645 2710 mis

2055 2754 2342 2807 sericordia:
2365 2762 2464 2806 tua:
2487 2755 2700 2806 introibo
2722 2754 2771 2805 in
2802 2753 3007 2804 domum
3030 2761 3185 2804 tuam.
3215 2750 3476 2817 Quoniam
3503 2751 3645 2804 enim

2057 2860 2119 2899 ex
2143 2847 2402 2914 ejusmodi
2431 2847 2735 2899 hominibus
2759 2843 2982 2898 collecta
3008 2852 3123 2897 erat
3155 2842 3416 2908 Ecclesia,
3435 2843 3650 2910 gentili-

2056 2937 2174 3001 bus,
2207 2939 2394 3007 magis,
2420 2937 2724 3001 homicidia,
2756 2934 3253 3006 prmstigialoribtts,
3279 2934 3642 2998 mendacibus,

2057 3029 2436 3097 deceptorihns
2472 3046 2485 3083 :
2520 3028 2730 3080 dixerat
2778 3036 2978 3092 autem,
3027 3025 3196 3079 Odisti
3241 3033 3294 3078 et
3337 3025 3598 3078 aversaris
3631 3043 3654 3078 τ

2055 3124 2346 3178 ostendens
2379 3138 2436 3177 se
2468 3138 2574 3175 non
2605 3138 2667 3175 ex
2709 3121 2913 3190 justitia
2963 3130 3017 3174 et
3045 3129 3191 3173 recte
3224 3118 3398 3184 factis,
3433 3117 3526 3173 sed
3573 3133 3643 3172 ex

2057 3217 2197 3270 illius
2219 3216 2502 3271 clementia
2529 3217 2595 3270 ab
2615 3216 2718 3269 illis
2751 3215 3029 3269 liberatam
3069 3215 3120 3267 in
3151 3214 3445 3284 penetralia
3475 3213 3648 3267 intro-

2055 3309 2268 3364 ductam
2312 3324 2466 3374 csse,
2509 3307 2788 3377 Subjunxit
2822 3324 2834 3360 :
2871 3306 2982 3376 Ego
3026 3315 3192 3358 autem
3233 3306 3285 3358 in
3326 3304 3657 3357 multitudine-

2056 3402 2413 3455 misericordiaz
2451 3413 2571 3466 tute,
2625 3400 2838 3454 iutroibo
2889 3400 2941 3453 in
2983 3401 3186 3452 domum
3231 3409 3390 3452 luant.
3430 3397 3505 3452 Ne
3531 3399 3652 3467 quis

2057 3494 2198 3548 enim
2216 3491 2354 3547 dicat
2386 3511 2397 3546 :
2431 3493 2709 3558 Quomodo
2736 3507 2863 3562 ergo
2892 3501 2964 3553 tn,
2995 3507 3113 3560 qu-c
3138 3491 3251 3544 tunc
3271 3490 3426 3546 etilla
3455 3489 3650 3555 fecisti,

2057 3595 2266 3640 servata
2296 3587 2395 3639 es?
2437 3586 2568 3638 dixit
2604 3585 2817 3638 modum
2857 3584 3040 3638 salutis
3071 3601 3084 3634 :
3118 3583 3340 3651 PrOpter
3367 3597 3609 3650 magnam
3631 3622 3647 3648 ,

2059 3678 2249 3748 inquit,
2298 3676 2672 3741 clementiam,
2730 3684 2948 3745 propter
2992 3673 3311 3727 inelTabiletn
3363 3673 3649 3725 bonitatem

2057 3780 2265 3823 servata
2317 3784 2456 3822 sum.
2513 3766 2618 3821 Sed
2669 3776 2794 3820 sunt
2851 3765 3113 3828 nonnulli,
3172 3763 3260 3832 qui
3315 3779 3412 3816 nec
3445 3763 3653 3815 miseri-

2058 3854 2292 3916 cordiam
2324 3861 2536 3930 quidem
2563 3858 2868 3919 admittunt,
2906 3857 3276 3910 itntnedicabili
3308 3855 3496 3915 morbo
3517 3855 3655 3906 alii-.-

2058 3955 2150 4017 cti,
2191 3952 2489 4021 cujusmodi
2540 3959 2665 4005 sunt
2695 3949 2866 4003 Jndzei
2900 3966 2910 4000 :
2944 3947 3111 4017 gratia
3153 3947 3295 4001 enim
3342 3956 3396 4000 et
3438 3946 3651 3998 miseri-

2058 4048 2260 4110 cordia,
2293 4047 2390 4101 etsi
2416 4047 2480 4100 sit
2505 4045 2671 4115 gratia
2701 4054 2753 4098 ct
2784 4041 3172 4104 misericordia,
3201 4040 3440 4093 volentes
3470 4049 3649 4091 tamen

2059 4152 2112 4196 et
2136 4139 2357 4210 gratiam
2380 4137 2638 4192 habentes
2664 4143 2860 4198 servat,
2894 4150 2998 4188 non
3030 4148 3125 4187 eos
3152 4132 3239 4202 qui
3270 4131 3522 4185 effrenata
3555 4145 3653 4182 au-

2060 4232 2210 4286 dacia
2243 4237 2560 4299 repugnant,
2610 4238 2662 4282 ct
2691 4228 2887 4280 donum
2933 4225 3121 4279 nolunt
3147 4223 3436 4292 suscipere,
3468 4221 3658 4290 quales

2061 4324 2274 4380 fuerunt
2319 4323 2510 4385 Judu'i,
2565 4321 2631 4374 de
2686 4321 2878 4390 quibus
2925 4319 3083 4372 etiam
3128 4316 3256 4371 dicit
3287 4315 3478 4369 Paulus
3509 4314 3658 4382 quod

2060 4418 2349 4486 ignorantes
2390 4413 2487 4467 Dei
2519 4413 2810 4484 justitiam,
2844 4421 2889 4463 et
2920 4411 3183 4480 propriam
3220 4409 3472 4478 justitiam
3508 4424 3652 4476 qutu-

2060 4520 2224 4562 rentes
2253 4519 2490 4572 statuere,
2536 4505 2754 4576 justitia:
2800 4502 2895 4555 Dei
2927 4519 3027 4555 non
3078 4509 3195 4553 sunt
3215 4499 3428 4569 subjecti
3455 4499 3471 4567 (
3499 4497 3649 4553 llam.

2063 4600 2155 4655 10.
2186 4601 2262 4668 5).
2294 4597 2495 4652 Deinde
2525 4595 2774 4665 quoniam
2804 4594 2871 4646 de
2905 4593 3012 4645 Deo
3041 4591 3194 4653 dixit,
3219 4591 3287 4644 de
3315 4591 3486 4660 scipsa
3514 4606 3651 4660 quo-

2062 4708 2166 4762 que
2197 4690 2430 4760 loquitur
2464 4706 2476 4740 :
2510 4686 2745 4739 Adorabo
2786 4683 2852 4735 ad
2883 4683 3126 4752 templum
3167 4692 3394 4734 sanctum
3434 4691 3573 4733 tuum
3603 4679 3660 4734 in

2064 4783 2241 4836 timore
2297 4789 2402 4832 tuo.
2455 4777 2553 4833 Ubi
2613 4777 2758 4830 enim
2836 4777 3064 4844 gratiam
3117 4787 3426 4842 accepero,
3492 4782 3660 4838 tunc,

2065 4876 2278 4946 inquit,
2333 4888 2448 4928 mea
2509 4871 2769 4930 otl‘eram,
2835 4870 2934 4920 hoc
2991 4867 3084 4920 tibi
3146 4866 3463 4920 sacriﬁcium
3527 4863 3668 4917 οπιιι.

2065 4986 2200 5025 rant.
2258 4966 2492 5021 Adorabo
2553 4967 2620 5017 ad
2674 4961 2915 5031 templum
2966 4971 3195 5014 sanctum
3261 4969 3401 5011 tuum
3464 4958 3515 5009 in
3575 4957 3659 5008 ti-o

2066 5079 2206 5116 more
2255 5072 2360 5114 tuo.
2409 5059 2522 5113 Non
2574 5059 2730 5119 sicut,
2779 5056 2968 5125 inquit,
3009 5052 3158 5106 multi
3187 5051 3273 5119 qui
3321 5059 3494 5110 orant,
3537 5063 3656 5102 sese

2067 5137 2387 5223 scalpentes,
2416 5151 2642 5215 hiantes,
2664 5155 3048 5218 torpes-centes,
3083 5143 3175 5198 sed
3204 5157 3322 5196 cum
3347 5139 3557 5202 timore,
3580 5139 3660 5190 iii-

2067 5251 2201 5321 quit,
2230 5257 2282 5303 et
2310 5257 2560 5301 tremore.
2589 5243 2688 5310 Qui
2717 5241 2858 5296 enim
2893 5239 2970 5292 sic
2995 5244 3134 5297 orat,
3159 5247 3317 5286 omne
3349 5230 3532 5284 vitium
3559 5229 3660 5283 de.

2068 5343 2236 5414 ponit,
2271 5339 2335 5394 ad
2364 5353 2577 5392 omnem
2607 5337 2853 5388 virtutem
2881 5328 3180 5388 deducitur,
3217 5325 3380 5379 Deum
3406 5323 3506 5376 sibi
3536 5321 3658 5378 red.

2069 5431 2478 5504 ditpropitium.
2519 5427 2573 5482 9.
2626 5427 2862 5487 Domine,
2909 5421 3071 5474 deduc
3113 5435 3193 5472 me
3245 5419 3297 5471 in
3336 5417 3542 5489 justitia
3576 5426 3666 5471 tua

2071 5537 2275 5598 prapter
2300 5523 2526 5577 inimicos
2556 5535 2711 5573 meos.
2741 5517 2888 5572 Dixit
2915 5513 3096 5568 laudes
3126 5511 3388 5578 Dei,dixit
3413 5510 3464 5563 in
3494 5511 3666 5564 malos

2071 5619 2279 5682 odium,
2332 5613 2748 5681 benignitatem,
2804 5605 3168 5671 clementiam,
3227 5601 3670 5668 sollicitudinem,

2075 5709 2206 5763 dixit
2232 5721 2383 5760 suam
2412 5703 2659 5766 salutem,
2703 5699 2833 5754 dixit
2863 5695 3134 5767 quomodo
3161 5702 3372 5748 servata
3410 5692 3500 5756 sit,
3534 5691 3672 5746 dixit

2071 5808 2357 5871 postquam
2385 5802 2592 5848 servata
2635 5789 2734 5845 fuit
2759 5803 3005 5860 quaenam
3031 5785 3301 5852 attulerit;
3339 5783 3466 5840 vitia
3506 5796 3674 5841 aver-
