4106 6420
491 322 561 380 67
1235 326 1291 379 S.
1333 323 1609 381 JO.\NNIS
1644 325 2117 383 CIIRYSOSTOMI
2158 330 2476 389 ARClllEP.
2518 336 3047 400 CONSTANTINOP.
3695 355 3775 409 68

486 444 599 489 sata
620 443 723 500 est,
771 432 837 489 ad
867 436 1113 490 virtutem
1152 434 1372 490 deduxit
1401 454 1414 487 :
1443 436 1507 489 iis
1532 437 1689 490 etiam
1718 439 1807 506 qui
1828 445 1963 493 male
1993 439 2074 491 vi-

482 533 639 591 vunt,
669 524 860 580 bonam
892 541 1039 595 spem
1062 524 1227 592 dedit,
1285 526 1328 579 si
1386 527 1654 580 voluerint
1699 528 1960 592 censet-ti,
2011 536 2069 581 ut

488 616 588 685 qui
613 620 816 686 possint
857 616 1274 670 miscricordiam
1314 617 1607 686 consequi;
1654 619 1916 671 convertit
1958 633 2072 672 ser-

487 721 701 761 monem
752 706 817 760 ad
851 706 1178 775 petitionem,
1206 722 1325 776 quae
1350 707 1604 777 deinceps
1632 708 1761 762 dicit
1793 728 1805 762 :
1831 707 2068 773 Domine,

490 796 654 851 deduc
682 814 761 850 me
788 798 840 851 in
859 798 1064 868 justitia
1093 808 1180 850 tua
1213 812 1229 850 :
1254 813 1348 867 per
1373 798 1491 853 haec
1540 799 1741 853 docens
1775 799 2071 853 auditorem

485 887 630 957 prius
654 885 882 958 hymnus
914 886 1023 941 Deo
1051 886 1264 952 offerre,
1290 898 1344 943 et
1386 903 1480 957 pro
1530 888 1799 943 beneﬂciis
1840 904 2002 959 accep
2029 891 2072 945 is

480 979 676 1048 gratias
700 994 860 1047 agere
883 988 981 1045 ;_et
1010 988 1135 1034 tunc
1160 996 1278 1049 qua:
1307 980 1418 1034 vult
1449 991 1646 1049 petere,
1674 989 1728 1035 et
1753 996 1850 1051 pro
1873 983 1935 1036 iis
1954 998 2071 1052 qua:

481 1069 749 1136 acceperit
776 1084 961 1124 rursus
986 1084 1144 1140 agere
1160 1071 1376 1139 gratias.
1406 1070 1512 1126 Sed
1534 1071 1806 1125 videamus
1827 1087 2068 1140 qua'nam

480 1175 541 1215 ea
570 1170 693 1215 sunt
723 1177 843 1230 qua:
880 1162 1032 1231 petit.
1069 1161 1205 1216 Num
1258 1162 1455 1232 aliquid
1480 1179 1665 1218 eorum
1692 1180 1811 1233 qua:
1839 1163 1908 1218 ad
1934 1162 2071 1219 hanc

481 1253 642 1307 vitam
669 1252 972 1321 pertinent?
1017 1253 1270 1322 numquid
1325 1254 1620 1322 temporale
1657 1268 1721 1307 ac
1769 1263 2071 1308 momenta-

482 1342 685 1397 uentu?
715 1342 969 1411 numquid
1015 1358 1200 1397 eorum
1236 1358 1354 1412 quae
1394 1344 1796 1413 przcterﬂuunt?
1824 1342 1960 1397 Num
2001 1343 2070 1397 de

480 1433 678 1489 divitiis
709 1434 978 1504 loquitur?
1023 1452 1147 1501 num
1186 1435 1255 1490 de
1274 1436 1486 1504 gloria?
1517 1452 1642 1490 num
1689 1435 1758 1491 de
1798 1434 2072 1504 pote..tia‘t

483 1543 610 1581 num
635 1526 704 1581 de
730 1526 1047 1581 ulciscendis
1073 1527 1339 1582 inimicis?
1369 1527 1509 1581 Nihil
1539 1526 1749 1582 horum.
1775 1526 1879 1582 Sed
1905 1526 2072 1595 quid?

485 1616 716 1680 Domine,
742 1617 902 1671 deduc
926 1633 1004 1671 me
1027 1617 1079 1670 in
1090 1618 1295 1687 justitia
1321 1628 1407 1671 tua
1431 1628 1636 1688 prapter
1662 1617 1892 1670 inimicos
1912 1633 2073 1672 meos.

487 1706 644 1763 Vides
664 1708 935 1779 quomodo
959 1708 1088 1763 nihil
1116 1710 1247 1779 petit
1264 1710 1462 1764 ﬂuxum
1486 1719 1539 1764 et
1554 1709 1831 1777 caducum,
1863 1719 1916 1764 et
1939 1724 2073 1780 quo-

481 1799 643 1857 modo
671 1815 961 1871 supernum
986 1811 1140 1871 rogat
1162 1801 1455 1856 auxilium?
1479 1802 1577 1869 Qui
1610 1802 1752 1856 enim
1787 1816 1845 1855 ea
1870 1802 1953 1855 via
1979 1801 2063 1856 in-

480 1890 812 1960 grediuntur,
866 1905 931 1945 eo
974 1894 1204 1947 maxime
1254 1893 1453 1947 auxilio
1497 1891 1753 1961 indigent.
1805 1891 2070 1947 Justitiam

480 1988 657 2035 autem
691 1980 776 2036 hic
803 1981 931 2036 dicit
956 1982 1263 2036 universam
1290 1982 1539 2038 virtutem
1568 1982 1667 2053 (a).
1709 1983 1773 2037 Et
1816 1993 1963 2037 recte
1989 1982 2071 2037 di-

477 2070 574 2139 cit,
602 2070 664 2125 In
691 2072 1016 2141 tuajustitia.
1050 2072 1144 2127 Est
1181 2073 1320 2127 enim
1358 2073 1516 2128 etiam
1545 2072 1818 2128 hominum
1841 2074 2067 2144 justitia,

477 2179 599 2235 quae
627 2179 697 2218 ex
724 2165 960 2241 externis
1010 2165 1215 2235 legibus
1266 2166 1642 2234 proﬁciscitur,
1693 2165 1789 2221 sed
1834 2165 1972 2231 vilis,
2016 2175 2072 2221 et

477 2270 599 2324 qua:
645 2254 777 2307 nihil
834 2255 995 2309 habet
1023 2255 1314 2323 perfectum
1340 2265 1394 2311 et
1421 2255 1742 2319 absolutum,
1770 2264 1821 2309 et
1862 2262 2071 2310 constat

477 2359 543 2397 ex
577 2344 820 2398 humanis
845 2345 1276 2415 cogitationibus.
1318 2345 1429 2416 Ego
1456 2355 1631 2399 autem
1662 2355 1802 2399 tuam
1833 2355 1955 2411 peto
1979 2344 2069 2415 ju-

477 2434 696 2500 stitiam,
725 2450 844 2504 qua:
868 2450 894 2488 a
919 2445 970 2490 te
994 2434 1170 2489 delata
1194 2444 1295 2499 est,
1327 2451 1447 2505 qua:
1491 2434 1636 2489 ducit
1684 2436 1737 2489 in
1768 2435 1987 2501 cmlum;
2016 2443 2072 2490 ct

477 2528 753 2593 auxilium,
786 2537 844 2581 ut
874 2527 1015 2583 hanc
1034 2527 1293 2596 justitiam
1323 2528 1452 2582 mihi
1480 2527 1760 2583 conciliem
1794 2527 1834 2581 ί.

550 2619 601 2673 5.
635 2618 801 2673 Recte
817 2628 992 2672 autem
1016 2618 1145 2673 dixit
1168 2617 1318 2686 illud,
1340 2618 1514 2673 Deduc
1536 2635 1633 2674 me.
1657 2619 1902 2675 Prarsens
1925 2619 2066 2674 enim

477 2709 583 2763 vita
614 2710 697 2764 via
737 2719 820 2764 est
856 2724 973 2780 quae
1009 2718 1067 2764 ut
1095 2725 1123 2763 a
1155 2725 1316 2764 manu
1351 2725 1577 2779 superna
1616 2710 1908 2765 deducatur
1934 2724 2069 2779 opus

477 2800 656 2854 hahet.
676 2799 731 2855 Si
753 2800 894 2854 enim
914 2801 1096 2855 urbem
1122 2801 1405 2871 ingressuri
1428 2816 1559 2870 opus
1585 2800 1841 2856 habemus
1863 2800 2068 2871 aliquo,

475 2890 564 2961 qui
596 2889 732 2944 viam
773 2891 925 2944 nobis
970 2889 1196 2957 indicet,
1224 2891 1392 2945 multo
1422 2891 1588 2961 magis
1614 2891 1664 2945 in
1692 2890 1882 2946 crelum
1908 2906 2068 2959 pere-

476 2982 732 3053 grinaturi
774 2997 909 3052 opus
949 2980 1205 3037 habemus
1242 2997 1473 3051 superno
1514 2982 1732 3047 auxilio,
1762 2991 1818 3037 ut
1850 2983 2065 3050 indicet,

474 3072 757 3127 confirmet
799 3080 855 3126 et
890 3071 1118 3127 deducat
1151 3092 1164 3127 :
1198 3073 1376 3126 nudta:
1399 3073 1539 3127 enim
1563 3083 1686 3127 sunt
1714 3073 1917 3127 semitm
1946 3087 2067 3143 qua:

475 3167 762 3220 divertunt.
793 3165 1081 3233 Propterea
1107 3164 1376 3219 dexteram
1409 3164 1501 3220 Dei
1527 3175 1821 3219 teneamus.
1850 3162 2067 3235 Propter

472 3259 703 3312 inimicos
730 3273 883 3310 meos.
916 3256 1083 3323 Multi,
1114 3256 1300 3326 inquit,
1325 3256 1699 3325 conspirarunt
1728 3255 1945 3318 inimici,
1968 3270 2066 3309 vo-

475 3349 644 3404 lentes
663 3358 878 3415 gressus
898 3360 1045 3401 meos
1065 3346 1351 3412 divertere,
1371 3355 1424 3400 ct
1442 3347 1493 3400 in
1515 3362 1751 3401 errorem
1773 3345 2060 3413 abducere,

475 3442 526 3495 in
559 3440 822 3510 aliamque
850 3440 990 3493 viam
1018 3439 1232 3495 ducere.
1278 3437 1411 3506 Quia
1442 3455 1568 3509 ergo
1606 3439 1740 3492 tales
1777 3447 1900 3494 sunt
1931 3440 2064 3493 insi-

472 3531 596 3596 ὀίω,
625 3530 757 3586 tales
788 3531 1110 3592 invasiones,
1134 3530 1249 3599 ipse
1272 3544 1357 3582 me
1379 3527 1571 3583 deduc.
1604 3529 1721 3583 Tuo
1748 3529 1890 3584 enim
1922 3528 2066 3583 auxi-

473 3622 544 3676 lio
566 3635 718 3691 egeo.
750 3620 883 3675 Nam
912 3619 1040 3673 utin
1071 3620 1152 3673 via
1180 3618 1392 3689 quidem
1420 3617 1762 3684 deducantur,
1792 3618 1907 3688 ejus
1935 3627 2017 3672 est
2048 3637 2061 3673 :

473 3724 529 3769 ut
559 3723 737 3769 autem
769 3712 913 3784 digni
941 3713 1108 3767 simus
1129 3720 1187 3766 ut
1212 3711 1297 3766 illa
1334 3726 1493 3765 manu
1526 3719 1835 3777 teneamur,
1864 3718 2063 3765 nostra:

472 3806 542 3859 sit
566 3804 876 3874 diligentiae.
910 3803 967 3859 Si
994 3802 1157 3858 fueris
1182 3802 1323 3857 enim
1352 3801 1676 3866 immundus,
1706 3816 1811 3855 non
1843 3809 1893 3855 te
1919 3808 2065 3857 tenet

470 3896 559 3951 illa
585 3910 808 3949 manus:
833 3895 877 3949 si
904 3893 1066 3949 fueris
1090 3908 1281 3948 avarus
1300 3934 1315 3958 ,
1342 3893 1386 3947 si
1416 3892 1646 3962 aliquam
1676 3893 1833 3949 aliam
1861 3891 2065 3947 habens

473 3986 758 4041 maculam.
788 3984 967 4056 Dirige
989 3986 1044 4039 in
1067 3995 1335 4055 conspectu
1352 3994 1436 4039 tuo
1456 3985 1586 4038 viam
1608 4001 1767 4039 meam
1791 4000 1809 4039 :
1832 3984 1933 4040 hoc
1957 3993 2060 4050 est,

474 4078 579 4132 Fac
609 4075 737 4130 mihi
769 4091 886 4131 eam
919 4077 1136 4139 claram,
1166 4085 1426 4144 apertam,
1455 4086 1633 4130 notam
1661 4095 1673 4130 :
1704 4076 1786 4131 fac
1813 4086 1868 4132 ut
1894 4092 1956 4132 ea
1987 4080 2059 4133 sit

472 4168 610 4238 apud
635 4183 719 4221 me
739 4175 885 4221 certa
914 4175 968 4220 et
997 4174 1166 4220 recta.
1214 4166 1364 4220 Alius
1394 4178 1568 4219 autem
1602 4167 1863 4235 interpres
1883 4167 2017 4222 dixit
2044 4184 2060 4222 :

473 4260 755 4331 Complana
779 4268 895 4313 ante
918 4275 997 4313 me
1021 4259 1154 4312 viam
1187 4269 1358 4323 tuam;
1388 4257 1489 4313 hoc
1510 4268 1612 4325 est,
1638 4257 1823 4313 Redde
1854 4259 2060 4328 planam

471 4370 534 4409 ac
569 4353 799 4410 facilem.
826 4352 913 4408 10.
947 4352 1203 4420 Quoniam
1229 4367 1330 4405 non
1356 4359 1427 4405 est
1464 4353 1516 4404 in
1552 4366 1723 4405 eorum
1753 4352 1954 4417 veritas,
1977 4367 2065 4405 cor

470 4464 643 4502 eorum
664 4463 847 4500 uanum
873 4455 963 4500 est.
995 4444 1121 4500 Mihi
1146 4443 1351 4499 videtur
1371 4443 1484 4499 haec
1505 4443 1683 4499 dicere
1708 4454 1761 4499 et
1789 4443 1858 4499 de
1886 4445 1949 4499 iis
1971 4445 2062 4516 qui

473 4541 524 4595 in
553 4555 736 4594 errore
760 4547 1073 4602 versantur,
1106 4546 1161 4592 et
1199 4553 1261 4593 OS
1300 4548 1353 4592 et
1398 4548 1631 4591 mentem
1673 4552 1966 4603 accusans,
2007 4545 2064 4592 ιιι

474 4634 618 4690 omni
649 4635 789 4688 bono
808 4633 1149 4695 destitutam;
1182 4639 1239 4686 et
1261 4630 1328 4686 de
1348 4631 1411 4685 iis
1436 4631 1525 4701 qui
1546 4630 1731 4685 vivunt
1754 4630 1807 4684 in
1835 4630 2058 4686 scelere.

473 4726 558 4780 ιι.
594 4723 898 4794 Sepulcrum
924 4732 1102 4792 patens
1132 4731 1203 4775 est
1237 4731 1407 4792 guttur
1435 4738 1627 4776 eorum.
1659 4720 1755 4776 Vel
1784 4721 2060 4777 hominum

472 4815 622 4871 caede
661 4814 937 4879 delectari,
979 4814 1063 4869 vel
1106 4822 1312 4867 mortua
1340 4821 1395 4867 et
1419 4813 1558 4868 male
1583 4813 1779 4868 olentia
1812 4813 2060 4884 dogmata

470 4908 711 4980 proferre
735 4904 822 4960 hic
848 4904 996 4959 dicit.
1023 4902 1141 4959 Non
1167 4903 1493 4958 aberraverit
1531 4904 1818 4974 quispiam,
1844 4905 1888 4958 si
1919 4905 2062 4960 dicat

469 5001 629 5056 etiam
657 5012 865 5063 eorum,
888 4996 978 5065 qui
1009 4995 1261 5049 obscaena
1290 4995 1454 5049 verba
1484 4994 1774 5064 loquuntur
1794 5036 1808 5058 ,
1837 5010 1929 5048 ora
1962 5011 2058 5065 pa-

472 5101 586 5146 tens
610 5089 913 5159 sepulcrum
943 5084 1258 5156 appellasse.
1295 5082 1388 5138 Ille
1416 5084 1557 5138 enim
1584 5083 1746 5138 foster
1769 5092 1852 5139 est
1881 5086 2057 5140 sensi-

471 5181 560 5237 bili
600 5182 766 5236 multo
802 5178 1036 5250 gravior,
1066 5174 1156 5245 qui
1190 5174 1405 5245 quidem
1446 5190 1509 5229 ex
1549 5176 1742 5229 animae
1778 5175 2059 5245 putredine

469 5275 638 5328 oritur
665 5292 678 5327 :
707 5280 831 5329 sunt
858 5272 1016 5327 etiam
1044 5282 1327 5322 avarorum
1365 5282 1459 5322 ora
1496 5267 1640 5333 talia,
1674 5269 1887 5337 quando
1926 5269 2057 5324 nihil

469 5362 613 5419 aliud
661 5363 932 5431 proferunt
960 5374 1119 5432 quam
1147 5358 1319 5414 caedes
1348 5367 1402 5412 et
1428 5360 1660 5428 rapinas.
1701 5360 1778 5416 Ne
1821 5360 1891 5415 sit
1928 5375 2055 5432 ergo

470 5469 534 5509 os
579 5465 726 5508 tuum
772 5452 1110 5521 sepulcrum,
1157 5450 1250 5506 sed
1286 5450 1585 5505 thesaurus.
1617 5451 1873 5507 Thesauri
1913 5454 2055 5507 enim

535 5547 551 5578 ι
589 5552 724 5606 neg.,
750 5547 801 5592 ut
824 5543 946 5606 hanc
960 5541 1202 5603 justitiam
1223 5538 1342 5606 mild
1364 5541 1617 5606 conciliem
1640 5540 1691 5591 in
1715 5542 2020 5605 prmsidium.

534 5607 609 5666 (a)
632 5602 868 5653 Justitiam
890 5602 1137 5667 hie_vocat,
1155 5602 1693 5667 tutiversomuirtutem.
1709 5602 1920 5667 veteres
1937 5617 2057 5667 quo-

471 5663 571 5729 que
591 5663 855 5729 scriptores
876 5663 1058 5729 profani
1088 5663 1170 5713 diu
1194 5671 1313 5729 ante
1344 5664 1583 5714 Christum
1595 5664 1835 5729 justitiam
1855 5663 2054 5729 omnem

475 5723 589 5775 cisse
612 5723 839 5790 virtutem
860 5723 1103 5790 dicebant,
1127 5736 1223 5790 qua
1245 5723 1310 5772 de
1332 5735 1390 5774 re
1424 5723 1618 5776 versum
1642 5724 2053 5790 Empedoclisjam

475 5803 621 5853 supra
641 5798 688 5848 ιν.
714 5784 794 5847 ιο,
814 5791 913 5834 not.
939 5785 1030 5848 (a),
1050 5784 1315 5834 attulimus.

2183 443 2405 498 multum
2460 460 2491 500 a
2541 449 2799 517 sepulcris
2858 451 3144 520 diﬂ‘erunt,
3194 458 3332 527 quod
3393 461 3481 516 illa
3550 463 3773 530 quidem

2178 546 2521 605 corrumpant
2585 541 2723 608 quod
2782 548 3134 614 acceperint,
3210 550 3295 604 isti
3356 567 3487 607 vero
3549 568 3774 608 conser-

2180 634 2321 678 vent.
2356 627 2502 682 llabe
2529 644 2656 699 ergo
2677 640 2729 685 tu
2759 648 2968 703 quoque
3005 635 3218 692 divitias
3252 640 3414 695 studii
3450 645 3732 712 sapientiae
3756 685 3770 696 .

2177 733 2296 786 qua:
2339 730 2594 788 perpetuo
2633 737 2973 793 permanent,
3004 729 3098 783 sed
3128 746 3233 785 non
3260 733 3506 790 fauorem
3532 734 3773 803 aliquem

2178 819 2231 862 et
2257 811 2611 879 putredinem.
2653 816 2718 869 Et
2761 832 2866 869 non
2911 818 3050 873 dixit
3089 821 3405 891 simpliciter
3440 835 3495 879 et
3521 825 3775 882 absolute

2176 903 2500 971 sepulcrum,
2527 905 2620 959 sed
2653 916 2869 976 patens,
2909 918 2964 963 ut
3001 911 3162 966 etiam
3202 913 3466 983 significet
3504 920 3771 984 majorem

2176 1007 2296 1047 esse
2322 994 2788 1052 ahominationem.
2818 1000 2950 1054 Cum
2971 1002 3111 1056 enim
3148 1013 3419 1073 oporteret
3451 1021 3545 1061 eos
3584 1006 3773 1076 hujus—

2179 1086 2320 1140 modi
2347 1088 2510 1143 verba
2534 1091 2729 1152 celare.
2761 1091 2833 1145 illi
2864 1093 3023 1147 etiam
3046 1094 3320 1163 proferunt
3340 1106 3397 1150 ιιι
3417 1112 3569 1152 suum
3595 1104 3775 1168 magis

2177 1176 2417 1231 tnorbum
2445 1180 2747 1235 ostendant.
2788 1181 2851 1235 Et
2883 1184 2934 1236 in
2961 1186 3184 1239 mortuis
3209 1186 3422 1256 quidem
3450 1189 3775 1258 corporibus

2176 1267 2499 1322 contrarium
2520 1267 2965 1337 facientes,terra:
2986 1274 3240 1330 tradimus
3261 1294 3274 1329 :
3297 1276 3350 1330 hi
3386 1288 3564 1332 autem
3594 1279 3647 1334 in
3681 1279 3775 1332 his

2176 1356 2352 1410 verbis
2377 1358 2571 1413 faciunt
2594 1363 2943 1426 contrarium.
2965 1378 3015 1419 et
3040 1362 3180 1435 quod
3207 1367 3257 1421 in
3279 1366 3386 1421 imo
3407 1368 3567 1422 conde
3587 1370 3775 1424 celare

2175 1456 2446 1514 Oporteret
2473 1457 2528 1504 et
2554 1449 2836 1513 suﬂ‘ocare.
2870 1453 3240 1523 proferentes,
3280 1466 3334 1511 et
3372 1459 3569 1513 multos
3596 1460 3774 1514 oﬂ'en-

2175 1535 2383 1604 dentes,
2404 1546 2458 1593 et
2480 1541 2728 1595 omnibus
2760 1541 2981 1597 videnda
3010 1555 3383 1614 proponentes.
3418 1549 3521 1602 Sed
3549 1563 3643 1603 eos
3671 1549 3771 1619 qui

2178 1629 2309 1683 tales
2330 1635 2473 1695 sunt,
2500 1646 2701 1701 quaeso,
2725 1634 3020 1703 ahigamus.
3054 1636 3111 1690 Si
3136 1638 3278 1690 enim
3308 1647 3511 1692 mortua
3534 1654 3770 1707 corpora

2174 1729 2321 1773 extra
2349 1718 2533 1775 urbem
2553 1722 2838 1791 sepelimus
2862 1724 2960 1794 (a),
2986 1725 3155 1780 multo
3179 1726 3348 1797 magis
3376 1743 3468 1782 eos
3493 1729 3581 1798 qui
3600 1730 3771 1783 verba

2174 1818 2401 1875 mortua,
2429 1819 2484 1865 et
2509 1813 2599 1882 qui
2626 1813 2747 1867 talia
2778 1815 3072 1883 proferunt,
3104 1826 3158 1872 et
3179 1833 3246 1873 ne
3269 1828 3445 1889 tegere
3466 1826 3560 1873 aut
3578 1819 3771 1874 obum-

2175 1898 2331 1956 brare
2349 1902 2563 1971 quidem
2588 1904 2790 1971 volunt,
2818 1905 2974 1976 longe
3001 1908 3286 1964 amandare
3309 1920 3518 1979 oportet
3542 1928 3554 1964 :
3581 1909 3773 1980 hujus-

2174 1990 2318 2046 modi
2361 1993 2504 2048 enim
2548 2009 2641 2049 ora
2692 2005 2816 2050 sunt
2856 2000 3156 2054 communis
3202 1999 3429 2055 civitatis
3474 2002 3769 2072 pernicies.

2173 2083 2386 2156 Linguis
2409 2087 2513 2141 suis
2534 2088 2704 2143 dolose
2723 2090 2951 2160 agebant.
2986 2091 3175 2147 Vidisti
3200 2093 3341 2148 aliud
3368 2110 3537 2164 genus
3559 2096 3772 2165 impro-

2174 2174 2374 2231 bitatis.
2401 2177 2462 2232 lli
2486 2179 2698 2249 quidem
2729 2180 2906 2236 dolum
2933 2182 2984 2236 in
3014 2194 3192 2238 mente
3217 2199 3311 2238 sua
3333 2185 3527 2253 celant,
3555 2186 3775 2241 blandis

2173 2267 2349 2323 verbis
2370 2278 2617 2324 utentes:
2642 2272 2729 2325 alii
2752 2285 2928 2327 autem
2959 2273 3094 2330 adeo
3119 2284 3247 2330 sunt
3271 2276 3401 2331 vafri
3425 2287 3477 2333 et
3502 2278 3685 2344 astuti,
3708 2289 3768 2334 ut

2176 2359 2228 2413 in
2256 2359 2383 2429 ipsis
2404 2361 2583 2416 verbis
2625 2364 3018 2434 improbitatem
3047 2367 3330 2438 obtegant,
3363 2370 3685 2441 fraudesque
3709 2385 3770 2429 et

2173 2448 2391 2505 insidias
2416 2462 2727 2508 construant
2764 2454 2954 2509 Judica
2971 2458 3108 2525 illos,
3131 2458 3264 2514 Deus
3281 2502 3297 2526 ,
3326 2462 3556 2515 excidant
3574 2481 3604 2514 (ι
3624 2465 3769 2532 cogi-

2173 2544 2445 2599 tationibus
2482 2547 2605 2600 suis.
2641 2546 2772 2603 Vide
2799 2547 2885 2603 hie
2913 2551 3071 2604 etiam
3098 2567 3256 2619 quam
3288 2553 3357 2608 sit
3397 2555 3542 2609 mitis
3567 2558 3767 2610 oratio.

2171 2632 2287 2688 Non
2317 2636 2459 2689 enim
2489 2635 2622 2690 dixit
2649 2653 2661 2689 :
2696 2636 2849 2701 Puni,
2878 2638 2994 2704 sed,
3019 2637 3209 2695 Judica
3232 2656 3336 2709 eos,
3358 2652 3413 2697 et
3448 2642 3531 2696 fac
3558 2655 3615 2699 ut
3647 2659 3770 2699 ces—

2170 2734 2294 2781 sent
2320 2741 2352 2781 a
2383 2727 2540 2793 vitio;
2583 2726 2665 2782 fac
2708 2738 2765 2782 ut
2806 2729 2913 2783 sint
2951 2730 3098 2785 irrita
3128 2747 3311 2787 eorum
3335 2734 3585 2801 consilia,
3615 2735 3767 2804 quod

2172 2818 2332 2873 etiam
2359 2834 2454 2888 pro
2484 2819 2613 2889 ipsis
2637 2829 2718 2875 est
2746 2836 2928 2884 orare.
2966 2834 3023 2877 ut
3067 2839 3170 2879 non
3213 2825 3346 2879 ultra
3391 2827 3769 2897 progrediatur

2172 2922 2357 2964 eorum
2380 2909 2710 2979 improbitas.
2739 2911 3037 2968 Secundum
3057 2916 3425 2971 multitudinem
3447 2919 3769 2988 impietutum

2171 3015 2348 3054 eorum
2379 3002 2574 3072 ecpelle
2614 3018 2697 3056 eos
2720 3044 2735 3068 ,
2775 3005 3013 3073 quoniam
3056 3007 3374 3062 irritaverant
3413 3019 3478 3073 te,
3523 3008 3766 3066 Domine.

2174 3089 2285 3146 lloc
2313 3100 2414 3158 est,
2441 3091 2554 3146 Non
2585 3103 2709 3148 sunt
2735 3095 2865 3149 mihi
2884 3110 3027 3151 curae
3048 3112 3109 3151 ea
3135 3114 3252 3167 quae
3280 3099 3406 3153 mihi
3432 3098 3569 3155 facta
3595 3111 3721 3155 sunt
3749 3122 3765 3158 :

2171 3182 2267 3238 sed
2297 3185 2453 3240 doleo
2488 3194 2707 3255 propter
2731 3201 2792 3240 ea
2817 3202 2935 3257 qua:
2967 3189 3057 3244 tibi
3086 3190 3342 3246 fecerunt.
3372 3191 3482 3246 lloc
3511 3202 3592 3246 est
3614 3195 3768 3248 eitim

2170 3275 2223 3329 in
2265 3276 2450 3345 primis
2496 3277 2567 3348 pii
2611 3287 2665 3332 et
2705 3279 2958 3347 sapientis
2997 3281 3193 3348 animi,
3224 3297 3347 3337 suas
3373 3283 3586 3353 quidem
3617 3285 3768 3340 nolle

2171 3365 2386 3433 ulcisci,
2413 3368 2510 3422 sed
2543 3368 2633 3423 Dei
2662 3369 2881 3439 injurias
2909 3371 3257 3427 vehementer
3294 3375 3558 3445 persequi.
3603 3374 3763 3431 Multi

2169 3457 2368 3515 faciunt
2393 3458 2476 3514 his
2495 3464 2781 3526 contraria,
2810 3478 2928 3533 qua:
2958 3464 3009 3518 in
3042 3465 3207 3519 Deum
3235 3465 3449 3535 quidem
3473 3466 3609 3521 facta
3630 3479 3763 3523 sunt

2168 3560 2591 3619 contemnentes,
2614 3569 2734 3624 qua:
2763 3555 2814 3609 in
2836 3570 2894 3610 se
2921 3566 3097 3611 autem
3123 3565 3334 3626 peccata
3356 3558 3615 3615 acerrime
3640 3560 3765 3613 vin-

2169 3644 2428 3699 dicantes.
2458 3645 2527 3699 At
2552 3661 2656 3699 non
2684 3646 2761 3701 sic
2788 3649 2975 3710 sancti.
3002 3648 3095 3704 sed
3119 3664 3301 3704 eorum
3327 3650 3537 3720 quidem
3561 3669 3681 3721 qua:
3707 3654 3761 3708 in

2170 3735 2334 3791 Deum
2364 3736 2576 3801 ﬁebant,
2600 3748 2751 3793 erant
2778 3741 3022 3795 acerrimi
3047 3740 3311 3808 vindices;
3341 3758 3458 3811 qum
3489 3743 3539 3797 in
3571 3758 3629 3799 se
3654 3761 3761 3797 au-

2169 3835 2276 3882 tem
2292 3870 2306 3889 ,
2339 3830 2691 3899 ncgligehant.

2240 3918 2442 3974 Lwtitia
2489 3937 2552 3975 ea:
2598 3920 2706 3976 Deo
2745 3923 2915 3993 ﬁrma.
2945 3953 3018 3963 —
3046 3925 3131 3979 η.
3163 3942 3185 3978 ι
3218 3922 3283 3979 Et
3320 3923 3551 3979 latentur
3585 3942 3763 3981 omnes

2166 4012 2253 4081 qui
2276 4020 2480 4082 sperant
2505 4013 2557 4067 in
2587 4024 2651 4066 te.
2682 4032 2701 4065 ι
2740 4014 2868 4071 Vide
2894 4016 3096 4071 lucrum
3123 4018 3398 4073 orationis.
3443 4019 3510 4073 Et
3536 4017 3611 4071 illi
3636 4035 3758 4073 me—

2168 4102 2329 4157 liores
2357 4103 2600 4167 evadent,
2627 4113 2680 4158 et
2703 4104 2962 4161 desistent
2981 4122 3011 4161 a
3037 4108 3208 4173 vitiis;
3240 4117 3294 4163 et
3322 4108 3410 4162 alii
3446 4124 3631 4180 magna
3656 4126 3757 4163 vo-

2169 4195 2368 4264 luptate
2396 4195 2710 4261 afficientur,
2740 4196 2978 4253 videntes
2999 4198 3206 4254 illorum
3228 4199 3594 4266 mutationem,
3616 4209 3668 4253 et
3685 4202 3757 4255 ad

2168 4288 2219 4342 id
2245 4287 2385 4356 quod
2411 4298 2494 4343 est
2521 4289 2712 4344 melius
2741 4290 3142 4345 conversionem
3168 4330 3182 4354 ,
3213 4299 3268 4344 et
3292 4290 3425 4345 alios
3454 4305 3516 4345 ea
3546 4291 3759 4346 ratione

2168 4379 2283 4434 ﬁeri
2309 4379 2579 4434 meliores.
2613 4378 2679 4432 In
2704 4390 2945 4433 internum
2971 4379 3320 4457 exsultabant,
3354 4388 3401 4433 et
3428 4378 3671 4434 habitabis
3700 4382 3756 4435 in

2167 4471 2257 4525 eis.
2290 4470 2402 4525 lloc
2439 4479 2520 4524 est
2558 4471 2699 4525 enim
2739 4472 2967 4525 maxime
2990 4471 3238 4541 gaudium
3269 4482 3613 4542 perpetuum;
3646 4474 3756 4526 alia

2167 4562 2308 4615 enim
2350 4560 2539 4631 gaudia
2579 4561 2746 4615 nihilo
2786 4569 2911 4615 sunt
2955 4560 3227 4616 stabiliora
3274 4577 3431 4631 quam
3472 4561 3754 4617 ﬂuviorum

2166 4652 2384 4716 ﬂuenta,
2414 4670 2531 4724 qute
2561 4654 2716 4708 simul
2738 4669 2801 4708 ac
2827 4653 3071 4708 videntur
3096 4654 3493 4723 praeterﬂuunt;
3523 4671 3639 4723 qua:
3662 4665 3750 4711 est

2165 4757 2341 4802 autem
2371 4762 2436 4801 ex
2465 4747 2573 4802 Deo
2599 4747 2800 4811 ltetitia,
2832 4756 3044 4813 manet,
3076 4747 3344 4816 ﬁrmisque
3368 4746 3531 4800 lueret
3557 4746 3754 4800 radici-

2166 4839 2286 4903 bus,
2310 4847 2362 4893 et
2386 4848 2468 4893 est
2487 4837 2757 4893 sufficiens
2778 4879 2790 4899 ,
2824 4847 3079 4907 perpetua
3109 4851 3173 4892 ac
3197 4836 3421 4903 stabilis,
3448 4851 3565 4906 qua:
3593 4836 3753 4894 nullis

2166 4928 2451 4998 inopinatis
2479 4943 2542 4981 ac
2569 4927 2945 4996 iuexspectatis
2968 4926 3176 4981 casibus
3204 4927 3622 4997 interrumpitur,
3654 4926 3754 4984 sed

2167 5035 2259 5089 per
2296 5034 2360 5073 ea
2398 5033 2515 5089 qua:
2555 5019 2838 5087 prohibent
2874 5018 3045 5085 major
3079 5026 3133 5071 et
3168 5016 3444 5071 sublimior
3484 5016 3746 5071 redditur.

2163 5111 2296 5167 Nam
2336 5119 2390 5163 et
2422 5109 2642 5178 apostoli
2671 5108 2891 5178 ﬂagellis
2923 5106 3279 5172 credebantur,
3321 5115 3377 5160 et
3408 5105 3745 5176 gaudebant;

2164 5215 2217 5260 et
2237 5204 2434 5259 Paulus
2460 5202 2813 5273 afﬂigebatur,
2845 5210 2899 5257 et
2923 5199 3222 5257 exsultabat
3250 5217 3263 5253 :
3293 5200 3580 5253 moriturus
3607 5208 3749 5265 erat,

2163 5309 2219 5355 et
2252 5297 2429 5369 gaudii
2467 5296 2751 5365 participes
2776 5294 3093 5365 appellabat,
3116 5293 3301 5348 dicens
3332 5310 3345 5347 :
3379 5290 3484 5347 Sed
3504 5291 3596 5345 etsi
3617 5292 3738 5344 deti-

2165 5390 2254 5445 bor
2278 5397 2485 5460 propter
2514 5386 2823 5455 sacriﬁcium
2843 5394 2891 5439 et
2916 5384 3245 5440 ministerium
3267 5382 3387 5452 ﬁdei
3403 5395 3606 5449 vestra,
3623 5396 3758 5450 gau-

2163 5482 2259 5535 deo
2286 5489 2332 5534 et
2361 5481 2588 5534 collo-tor
2612 5494 2727 5531 cum
2746 5478 2881 5532 vobis
2907 5477 3156 5530 omnibus.
3185 5473 3372 5530 Itidem
3403 5490 3487 5527 vos
3510 5472 3744 5544 gaudete,

2162 5581 2208 5627 et
2230 5587 2425 5626 mecum
2443 5570 2770 5624 collatamini
2796 5566 3054 5639 (Philipp.
3084 5566 3138 5620 2.
3165 5567 3251 5621 l7.
3277 5567 3388 5636 18).
3419 5565 3549 5618 Cum
3572 5563 3637 5618 iis
3654 5565 3746 5632 qui

2171 5684 2179 5689 -
2226 5663 2300 5724 (a)
2334 5668 2432 5711 Mos
2444 5660 2716 5724 sepeliendi
2734 5661 2934 5724 corpora
2950 5658 3288 5724 defunctorum
3307 5663 3447 5724 extra
3468 5656 3632 5724 urbes.
3650 5666 3749 5703 non

2161 5715 2293 5798 apud
2310 5715 2538 5836 ιιοπιηῗιὰς
2555 5722 2713 5782 modo,
2738 5715 2835 5772 sed
2852 5722 2998 5771 etiam
3019 5720 3145 5781 apud
3178 5719 3504 5768 Atheuienses
3533 5715 3749 5779 aliosque

2163 5800 2215 5837 ιιι
2233 5797 2322 5836 usu
2345 5798 2375 5835 e
