4106 6464
269 468 320 524 τι)
1555 469 1911 528 exrosmo

2053 468 2373 524 PSALMUM
2421 470 2478 524 ν.
3561 478 3628 527 7t)

2043 580 2254 648 Optimo
2280 583 2479 637 auxilio
2503 581 2701 652 justum
2735 583 2927 649 munis,
2957 592 3011 639 et
3037 597 3208 654 neque
3236 582 3352 654 ejus
3383 585 3608 655 pulchri-

2043 676 2168 730 tudo
2190 677 2388 747 privata
2412 685 2493 731 est
2517 677 2821 741 securitate,
2853 691 3023 746 neque
3047 677 3163 746 ejus
3183 679 3438 734 securitas
3458 676 3624 749 gloria
3653 695 3656 698 ’

2041 769 2367 824 destituitur.
2398 769 2535 837 Quid
2560 768 2700 823 enim
2735 769 2952 834 fortius,
2979 769 3104 840 quid
3131 786 3314 825 rursus
3340 773 3624 826 formosius
3663 828 3673 854 ι

292 588 347 642 ita
385 588 658 643 \mtantur
711 589 885 648 Deus
943 591 1167 646 habitat.
1202 589 1554 660 Quamobrem
1583 589 1691 656 ipsa
1722 597 1933 654 quoque

300 680 412 734 dicit
443 699 458 733 ι
491 679 559 733 In
584 691 870 736 teter-mnu
905 681 1251 745 exsultabant,
1276 690 1320 734 et
1346 680 1591 734 habitabis
1624 680 1674 732 in
1703 680 1794 731 eis.
1825 676 1936 730 Hoc

310 777 469 846 ip~um
509 775 780 831 Christus
831 778 1006 832 etiam
1045 774 1346 846 signiﬁcans
1384 773 1611 836 dicebat,
1647 769 1936 826 ostendens

321 887 426 923 eam
451 869 800 938 voluptatem
837 869 1063 923 minime
1095 882 1248 936 posse
1275 880 1521 920 cessare:
1548 865 1742 919 Rursus
1761 863 1935 916 mdebo

333 979 429 1025 eos,
457 971 500 1015 et
527 961 786 1032 gaudium
820 970 1044 1014 vestrum
1067 975 1209 1012 nemo
1234 958 1362 1011 tollit
1389 955 1568 1026 (Joan.
1597 953 1680 1009 16.
1708 953 1822 1024 22).
1870 953 1934 1006 Et

337 1068 510 1107 rursus
559 1052 814 1106 Paulus:
855 1051 1071 1121 Semper
1111 1049 1357 1120 gaudete,
1412 1047 1613 1100 assidue
1659 1055 1798 1098 orate
1843 1044 1928 1112 (l.

342 1144 511 1198 Thess.
543 1145 599 1198 5.
633 1144 723 1198 l6.
761 1144 891 1214 Π).
943 1141 1012 1196 Et
1044 1139 1393 1214 gloriabuntur
1427 1139 1478 1192 in
1518 1149 1564 1191 te
1596 1138 1682 1206 qui
1716 1137 1933 1206 diligunt

343 1255 514 1290 nomen
543 1247 706 1288 tuum.
744 1236 840 1289 llis
865 1235 1008 1290 enim
1035 1234 1160 1288 solis
1186 1232 1310 1286 licet
1335 1230 1564 1286 maxime
1589 1228 1822 1299 gloriari,
1852 1227 1933 1280 his

345 1328 570 1397 gaudere
602 1370 615 1389 ,
650 1326 737 1381 his
769 1327 934 1382 lauari
973 1343 985 1377 :
1013 1334 1068 1380 at
1107 1325 1192 1395 qui
1232 1323 1298 1378 de
1339 1323 1404 1377 iis
1455 1337 1572 1392 qua:
1601 1321 1666 1374 ad
1699 1320 1833 1372 hanc
1858 1318 1931 1372 vi-

346 1429 445 1472 tam
474 1419 744 1490 pertinent
777 1418 1052 1488 gloriatur,
1085 1431 1146 1470 ac
1172 1415 1271 1469 sibi
1304 1414 1494 1483 placet,
1523 1412 1566 1465 is
1597 1411 1726 1465 nihil
1751 1408 1932 1464 differt

345 1510 408 1561 ah
433 1511 498 1563 iis
522 1509 612 1578 qui
646 1510 699 1561 in
726 1523 916 1563 somno
942 1507 1208 1576 voluptate
1238 1505 1502 1560 fruuntur.

413 1600 466 1653 6.
501 1597 640 1665 Quid
673 1598 815 1651 enim
848 1597 972 1650 mihi
994 1639 1008 1663 ,
1036 1597 1140 1661 dic,
1175 1610 1374 1666 quaeso,
1403 1609 1467 1648 ex
1501 1593 1659 1648 rebus
1686 1591 1932 1646 humanis

347 1700 424 1743 est
449 1689 749 1757 ejusmodi,
779 1697 834 1742 ut
857 1689 924 1743 de
952 1703 1016 1743 eo
1042 1687 1159 1758 quis
1186 1687 1354 1757 possit
1380 1701 1505 1739 vere
1530 1699 1590 1738 ac
1619 1681 1789 1736 solide
1820 1683 1933 1752 glo-

346 1781 504 1834 riari?
537 1780 692 1833 Vires
719 1779 990 1847 Corporis?
1035 1778 1139 1833 Sed
1181 1787 1235 1831 ut
1268 1792 1357 1832 eas
1387 1775 1586 1830 validas
1618 1774 1930 1839 habeamus,

349 1889 453 1925 non
480 1881 562 1924 est
587 1869 751 1923 nostri
774 1869 998 1936 arbitrii,
1021 1879 1075 1924 et
1097 1867 1214 1922 ideo
1235 1882 1339 1922 non
1362 1877 1447 1922 est
1463 1865 1602 1936 quod
1625 1863 1932 1934 gloriemur,

346 1971 398 2014 et
425 1961 626 2029 alioqui
657 1959 974 2014 flaccescunt
1013 1968 1065 2012 ct
1102 1957 1347 2012 excidunt
1387 1955 1666 2020 celeriter,
1698 1961 1752 2008 et
1793 1967 1935 2022 saepe

346 2053 505 2106 etiam
549 2051 746 2105 lmduttt
779 2067 898 2105 eum
939 2051 1027 2121 qui
1066 2060 1148 2104 est
1177 2050 1240 2103 iis
1271 2047 1541 2117 prs-ditus,
1567 2047 1612 2102 si
1641 2045 1705 2101 iis
1731 2061 1836 2102 non
1874 2053 1934 2100 ut

345 2153 560 2213 Oportet
591 2152 786 2198 utatur.
833 2142 940 2196 Iloc
981 2141 1139 2196 etiam
1177 2139 1280 2195 dici
1325 2148 1498 2209 potest
1538 2137 1604 2192 de
1641 2136 1935 2208 pulchritu-

345 2237 492 2292 dine.
523 2235 590 2289 de
619 2234 833 2299 divitiis,
863 2234 929 2288 de
959 2233 1211 2303 potentia,
1242 2230 1308 2285 de
1336 2231 1622 2299 voluptate,
1654 2239 1707 2284 et
1735 2227 1801 2282 de
1827 2243 1936 2282 om-

348 2328 503 2381 nibus
547 2343 667 2395 qna:
711 2326 774 2379 ad
805 2326 938 2379 hanc
973 2325 1130 2380 vitam
1171 2324 1456 2394 pertinent.
1497 2320 1552 2375 In
1611 2322 1717 2376 Deo
1757 2329 1934 2376 autem

348 2428 397 2471 et
429 2419 482 2471 in
509 2419 627 2486 ejus
650 2431 831 2471 amore
851 2416 1088 2486 gloriari,
1126 2424 1204 2469 est
1249 2424 1468 2468 ornatus
1496 2414 1731 2467 omnium
1762 2413 1934 2472 maxi-

351 2526 488 2570 mus,
512 2520 565 2563 et
587 2510 837 2578 Splendor
855 2509 941 2579 qui
963 2506 1363 2562 innumerabilia
1380 2515 1595 2575 superat
1613 2503 1932 2570 diademata,

349 2602 555 2654 etiatttsi
593 2602 660 2654 sit
690 2602 925 2669 captivus
953 2600 997 2653 is
1023 2599 1110 2669 qui
1135 2599 1411 2669 gloriatur.
1456 2597 1552 2652 llic
1581 2605 1798 2669 ornatus
1829 2611 1933 2650 non

351 2693 559 2759 morbo,
595 2709 698 2745 non
727 2692 895 2758 senio,
929 2707 1035 2746 non
1065 2706 1239 2746 rerum
1269 2687 1652 2754 vicissitudine,
1681 2702 1785 2741 non
1813 2695 1939 2740 tem-

351 2798 539 2852 porum
568 2784 841 2848 varietate,
871 2799 976 2838 non
1005 2782 1114 2852 ipsa
1145 2780 1375 2851 denique
1400 2789 1570 2834 morte
1598 2777 1937 2847 interrumpi-

351 2887 432 2929 tur
457 2894 471 2928 :
505 2874 599 2930 sed
626 2885 748 2928 tunc
769 2876 927 2930 etiam
950 2873 1114 2944 magis
1136 2871 1459 2942 reSpIendet.
1493 2872 1576 2926 l3.
1611 2868 1861 2935 Quoniam
1881 2876 1936 2921 tu

347 2970 611 3024 benedices
629 2971 789 3039 justo.
830 2968 1090 3036 Quoniam
1127 2966 1274 3022 multi
1314 2982 1380 3020 ex
1419 2965 1482 3020 iis
1522 2964 1610 3035 qui
1651 2963 1722 3017 ita
1762 2960 1937 3016 allecti

350 3073 498 3127 sunt,
525 3061 732 3131 probris
756 3076 818 3114 ac
838 3057 1132 3114 maledictis
1163 3057 1230 3112 ab
1257 3055 1558 3110 hominibus
1586 3041 1931 3124 appetuntur,

351 3166 416 3205 ac
441 3151 753 3218 irridentur,
783 3160 835 3205 et
860 3148 1090 3204 maxime
1115 3147 1204 3219 qui
1233 3148 1477 3202 virtutem
1508 3153 1934 3217 persequuntur:

351 3264 423 3302 ne
464 3249 582 3318 quis
620 3263 684 3302 ex
720 3247 1068 3302 crassioribus
1110 3253 1384 3314 propterea
1426 3244 1659 3297 animum
1701 3241 1935 3311 abjiciat,

351 3340 472 3393 vide
493 3338 758 3408 quoinodo
779 3338 892 3406 ejus
915 3346 1145 3391 mentem
1172 3335 1319 3390 fulcit
1337 3344 1389 3390 et
1411 3343 1691 3399 sustentat,
1715 3333 1896 3388 dicens
1920 3349 1934 3386 :

355 3431 614 3496 Quoniam
636 3440 688 3482 tu
715 3430 968 3482 benedices
979 3429 1141 3501 justo.
1171 3427 1305 3497 Quid
1336 3427 1476 3483 enim
1501 3427 1679 3482 damni
1709 3426 1932 3495 accipit,

352 3523 394 3576 si
425 3523 669 3576 homines
697 3530 1056 3587 contemnant,
1085 3531 1137 3576 et
1164 3521 1446 3576 universus
1473 3519 1618 3574 orbis
1649 3529 1933 3583 terrarum,

351 3615 565 3684 quando
596 3614 848 3668 Dominus
877 3615 1184 3682 angelorum
1208 3629 1329 3669 eum
1364 3612 1538 3667 laudat
1565 3621 1618 3666 et
1647 3611 1939 3682 przedicat?

353 3707 812 3776 Quemadmodum
858 3709 901 3761 si
948 3708 1060 3776 ipse
1106 3723 1208 3762 non
1257 3705 1569 3772 benedicat,
1600 3706 1700 3760 etsi
1748 3719 1938 3759 omnes

352 3798 592 3861 laudent,
617 3798 700 3867 qui
726 3807 916 3851 terram
942 3810 993 3851 et
1022 3815 1167 3852 mare
1190 3797 1446 3863 habitant,
1471 3797 1519 3851 ei
1545 3797 1672 3850 nihil
1699 3795 1934 3865 prodest.

353 3889 466 3942 lloc
487 3904 616 3956 ergo
635 3888 775 3940 onmi
807 3888 1007 3942 ratioae
1027 3902 1293 3948 curemus,
1327 3896 1383 3941 ut
1410 3887 1520 3956 ipse
1543 3902 1640 3941 nos
1665 3885 1936 3953 pracdicet,

353 3981 468 4048 ipse
496 3994 595 4032 nos
618 3986 855 4032 coronet.
885 3979 1036 4044 Quod
1066 3979 1107 4032 si
1142 3978 1250 4042 ﬁat,
1276 3993 1458 4032 sunms
1486 3977 1734 4031 omnibus
1757 3975 1940 4030 excel-

352 4073 587 4134 siores,’
618 4069 820 4123 etiamsi
875 4070 926 4123 in
982 4077 1324 4138 paupertate,
1372 4069 1578 4123 etiamsi
1625 4068 1678 4122 in
1729 4067 1935 4132 morbo,

351 4162 562 4215 etiamsi
609 4161 657 4214 in
694 4161 946 4216 extremis
985 4162 1135 4215 malis
1172 4161 1356 4216 simus.
1399 4159 1529 4214 Nam
1559 4159 1716 4214 etiam
1748 4157 1937 4214 beatus

353 4251 456 4306 Job
483 4254 532 4306 in
561 4253 890 4322 sterquilinio
911 4253 1130 4316 sedens,
1159 4253 1437 4306 vulnerum
1474 4250 1622 4305 sanie
1658 4249 1935 4304 exulcera-

353 4353 460 4407 lus,
487 4344 956 4398 innumerabilibus
977 4355 1183 4398 scatens
1205 4343 1461 4398 vermium
1493 4340 1748 4408 fontibus,
1771 4349 1825 4395 et
1847 4341 1935 4396 illa

355 4435 718 4505 indignissima
749 4435 970 4503 patiens,
996 4445 1053 4488 ut
1078 4435 1165 4504 qui
1189 4452 1215 4487 a
1244 4435 1411 4488 servis
1436 4443 1837 4501 conSpueretur,
1860 4431 1938 4487 ei-

353 4541 458 4594 que
483 4526 548 4578 ab
578 4527 759 4580 amicis
787 4537 838 4579 et
866 4525 1111 4589 inimicis,
1143 4538 1196 4580 et
1221 4525 1288 4578 ab
1315 4541 1478 4578 uxore
1509 4523 1714 4590 insidia:
1745 4523 1934 4578 tende-

355 4628 561 4683 rentur,
587 4619 715 4671 etad
741 4617 990 4687 in0piam,
1018 4617 1228 4681 famem,
1254 4613 1305 4672 et
1332 4615 1770 4670 immedicabilem
1792 4614 1939 4685 :egri-
1981 4653 1983 4656 ι

355 4709 593 4762 tudinem
625 4709 762 4762 illam
793 4719 934 4762 esset
961 4708 1204 4762 redactus
1230 4750 1244 4772 ,
1281 4717 1395 4761 erat
1425 4707 1661 4760 omnium
1686 4704 1932 4760 beatissi—

354 4814 495 4852 mus.
521 4799 832 4866 Quomodo?
859 4799 1115 4864 Quoniam
1142 4798 1277 4853 Deus
1289 4799 1334 4852 ei
1358 4795 1934 4852 benedieebatdicens:

356 4889 528 4943 “omo
553 4906 586 4944 a
613 4890 1022 4960 reprehensione
1050 4890 1272 4953 alienus,
1292 4889 1482 4959 justus,
1503 4903 1679 4950 verus,
1708 4887 1845 4957 pius,
1869 4888 1938 4941 ab

355 4980 500 5032 omni
529 4995 587 5032 re
619 4981 751 5036 mala
768 4981 1060 5036 abstinens.
1095 4980 1325 5045 Domine,
1355 4991 1407 5033 ut
1435 4990 1576 5032 scuto
1597 4979 1738 5032 bona:
1760 4979 1937 5030 volun.

354 5071 474 5122 tutis
501 5080 600 5123 tua:
628 5073 876 5124 coronasti
927 5089 1020 5126 nos
1063 5069 1201 5144 (Job
1227 5073 1276 5126 1.
1313 5072 1331 5125 l
1361 5072 1401 5139 ).
1446 5070 1652 5124 Rursus
1696 5069 1852 5123 desiit
1883 5069 1934 5121 in

352 5166 641 5231 gratiarum
669 5166 958 5228 actionem,
993 5164 1277 5232 gratiarum
1311 5163 1534 5217 actionis
1565 5161 1791 5232 hymnos
1828 5161 1937 5214 Deo

348 5254 601 5308 olferens.
651 5254 802 5323 Quod
845 5266 926 5309 est
963 5265 1137 5309 autem
1171 5263 1378 5309 scutum
1420 5255 1572 5308 bona:
1612 5250 1936 5305 voluntatis?

349 5348 570 5400 Scotum
615 5349 890 5416 Oplimtlln,
933 5357 1139 5402 scutum
1187 5347 1478 5402 secundum
1528 5344 1620 5400 Dei
1661 5357 1931 5409 mentem,

349 5455 497 5492 arma
544 5439 896 5509 pulcherrima
941 5440 1041 5509 (a).
1081 5439 1232 5505 Quod
1279 5449 1455 5493 autem
1499 5437 1644 5503 dicit,
1676 5437 1931 5492 talewt:

346 5531 455 5584 Nos
481 5534 682 5600 optimo
712 5531 907 5584 auxilio
936 5530 1188 5585 muniisti.
1232 5531 1382 5584 Alius
1416 5539 1592 5584 autem
1638 5528 1932 5597 interpres,

345 5626 433 5695 qui
462 5625 612 5687 dicit,
642 5623 917 5678 Caronabis
946 5623 1134 5690 ipsum.
1165 5623 1231 5678 de
1255 5622 1401 5693 justo
1429 5621 1581 5686 dixit,
1609 5629 1664 5673 ut
1693 5619 1930 5682 doceret,

345 5717 636 5772 Coronabis
664 5717 835 5786 ipsum
860 5715 1085 5785 justum,
1117 5715 1217 5770 hoc
1241 5723 1324 5770 est
1347 5753 1361 5776 ,
1397 5715 1535 5770 bima
1573 5722 1660 5767 tua
1689 5711 1934 5766 voluntas

343 5820 421 5862 est
470 5809 543 5863 illi
591 5823 686 5878 pro
722 5806 911 5871 armis,
936 5806 1102 5876 iisque
1141 5805 1598 5880 praestantissimis
1629 5821 1640 5857 :
1671 5802 1757 5858 vel
1785 5801 1932 5868 illud,

404 5930 474 5993 fa)
510 5937 622 5979 nec
638 5929 816 5980 eodem
833 5941 1008 5984 sensu,
1028 5929 1112 5978 sed
1136 5930 1243 5978 aliis
1267 5925 1432 5978 verbis
1453 5928 1598 5977 effert
1622 5926 1814 5988 Regius.

2040 877 2106 916 eo
2134 861 2267 928 viro,
2296 861 2386 930 qui
2427 877 2456 914 a
2491 876 2716 930 superna
2743 861 2926 916 dextra
2957 863 3227 917 munitur?
3273 863 3400 918 lla-c
3425 879 3623 918 corona

2039 954 2198 1006 etiam
2229 969 2292 1007 ex
2320 953 2680 1008 misericordia
2704 954 3020 1016 contexitur,
3045 955 3489 1024 quemadmodum
3511 956 3624 1025 ipse

2041 1043 2204 1097 David
2235 1043 2358 1097 dicit
2383 1042 2505 1096 alibi
2535 1062 2548 1098 :
2575 1044 2670 1111 Qui
2699 1055 2746 1097 te
2773 1053 2978 1097 coronat
3002 1045 3054 1097 in
3085 1045 3425 1098 misericordia
3449 1057 3496 1099 et
3524 1049 3622 1098 mi-

2039 1135 2370 1188 serationibus
2399 1133 2583 1204 (Psal.
2617 1133 2736 1189 102.
2769 1135 2861 1203 4).
2911 1135 3035 1190 llaec
3077 1137 3236 1189 etiam
3277 1151 3340 1190 ex
3377 1137 3578 1206 justitia
3606 1180 3620 1203 ,

2039 1225 2484 1294 quemadmodum
2515 1225 2644 1280 dicit
2673 1225 2864 1279 Paulus
2897 1242 2910 1280 :
2941 1225 3019 1279 De
3041 1236 3220 1280 cetera
3245 1227 3368 1280 mihi
3386 1238 3457 1281 est
3479 1244 3624 1298 repo-

2037 1317 2136 1371 sita
2157 1317 2374 1387 justitiae
2402 1333 2586 1371 corona
2613 1317 2685 1386 (2.
2724 1316 2856 1370 Tim.
2891 1318 2943 1372 4.
2972 1317 3048 1388 8).
3093 1318 3187 1372 Est
3227 1319 3388 1374 etiam
3426 1335 3623 1375 corona

2039 1409 2255 1480 gratim,
2301 1410 2439 1464 sicut
2478 1409 2605 1463 dicit
2649 1409 2786 1463 alius
2818 1409 3056 1464 :Corona
3098 1419 3265 1463 autem
3303 1412 3620 1481 gratiarum‘

2039 1500 2270 1570 defendet
2291 1511 2336 1554 te
2365 1500 2543 1570 (Prov.
2567 1501 2619 1554 4.
2646 1501 2724 1570 9).
2771 1500 2887 1554 .lam
2931 1516 3057 1555 vero
3099 1511 3180 1556 est
3221 1503 3382 1557 etiam
3428 1517 3620 1556 corona

2039 1593 2240 1663 glorim,
2273 1593 2410 1648 sicut
2434 1594 2556 1648 dicit
2587 1593 2746 1647 Isaias
2776 1611 2788 1646 ;
2823 1593 2933 1646 Erit
2960 1610 3148 1648 corona
3176 1596 3284 1665 spei
3305 1635 3321 1660 ,
3355 1611 3416 1650 ex
3460 1596 3623 1666 gloria

2039 1694 2270 1739 contexta
2297 1682 2428 1756 (Isai
2444 1684 2562 1748 .28.
2595 1686 2673 1754 5).
2699 1683 2906 1740 Corona
2933 1686 3072 1740 enim
3098 1685 3258 1740 habet
3289 1687 3402 1740 haec
3421 1687 3622 1752 omnia,

2041 1773 2450 1844 benignitatem,
2477 1774 2763 1844 justitiam.
2793 1775 3048 1844 gratiam,
3078 1775 3322 1845 gloriam,
3353 1775 3624 1831 decorem.

2042 1867 2139 1922 Est
2164 1868 2305 1922 enim
2339 1867 2430 1922 Dei
2461 1866 2681 1932 donum,
2713 1867 2853 1938 quod
2881 1868 3078 1922 variam
3109 1868 3352 1938 producit
3376 1870 3622 1938 gratiam.

2045 1960 2142 2015 Est
2169 1960 2327 2014 etiam
2354 1960 2764 2030 inoorruptiouis
2783 1976 3001 2026 corona,
3023 1961 3469 2032 quemadmodum
3501 1961 3627 2019 dicit

2043 2054 2237 2110 Paulus
2269 2071 2282 2110 :
2307 2052 2397 2109 Illi
2411 2054 2610 2126 quidem
2633 2063 2683 2108 ut
2704 2055 3073 2126 corruptibilem
3095 2072 3334 2112 coronam
3353 2056 3625 2127 accipiant,

2041 2166 2134 2204 nos
2158 2157 2326 2202 autem
2355 2148 2701 2218 incorruptam
2730 2149 2805 2218 (l.
2839 2147 2959 2203 Cor.
2988 2148 3041 2203 9.
3066 2148 3181 2219 25).
3226 2148 3339 2204 Hoc
3378 2159 3460 2204 est
3501 2165 3630 2218 ergo

2040 2239 2182 2309 quod
2208 2238 2293 2312 hic
2314 2237 2462 2303 dicit,
2494 2238 2793 2293 Securitate
2817 2249 2870 2293 et
2895 2239 3057 2308 gloria
3079 2253 3178 2295 nos
3197 2240 3486 2294 coronasti.
3520 2239 3626 2292 Ta—

2040 2330 2110 2385 lia
2133 2338 2257 2384 sunt
2278 2319 2430 2384 enim
2462 2329 2556 2383 Dei
2582 2329 2722 2383 dona
2752 2330 2944 2396 valida,
2971 2339 3024 2385 et
3044 2331 3236 2386 decore
3260 2329 3413 2400 plena
3447 2347 3460 2384 :
3495 2330 3632 2383 tales

2039 2430 2165 2477 sunt
2191 2437 2424 2478 coronar.
2472 2423 2539 2475 At
2567 2422 2619 2476 in
2648 2421 2953 2476 hominibus
2998 2437 3102 2476 non
3145 2421 3217 2476 ita
3258 2429 3342 2476 est
3369 2438 3382 2475 :
3414 2420 3508 2476 sed
3539 2423 3626 2491 qui

2040 2524 2120 2570 est
2147 2514 2360 2584 quidem
2379 2513 2429 2566 in
2451 2513 2638 2583 gloria,
2662 2527 2769 2567 non
2792 2523 2872 2567 est
2901 2512 3122 2566 omnino
3152 2527 3400 2576 securus;
3433 2511 3628 2581 quiest

2045 2613 2222 2660 autem
2267 2605 2320 2660 in
2360 2606 2663 2670 securitate,
2697 2621 2804 2660 non
2841 2615 2922 2660 est
2961 2605 3178 2659 omnino
3219 2605 3269 2658 in
3311 2604 3499 2674 gloria,
3531 2619 3630 2658 nec

2046 2697 2163 2754 haec
2190 2697 2343 2753 facile
2371 2698 2526 2752 simul
2555 2698 2830 2752 evenerint
2860 2715 2873 2751 :
2905 2697 3045 2768 quod
3076 2696 3117 2750 si
3147 2697 3304 2750 etiam
3333 2695 3628 2758 evenerint,

2040 2788 2286 2844 celeriter
2315 2787 2643 2843 auferuntur.
2671 2787 2831 2842 Verbi
2852 2787 3018 2858 gratia
3045 2803 3057 2839 :
3084 2786 3182 2852 Qui
3204 2795 3328 2841 sunt
3354 2795 3624 2854 potentes,

2040 2891 2096 2939 et
2126 2897 2365 2937 summos
2394 2889 2586 2952 gerunt
2608 2881 2966 2951 magistratus,
2991 2889 3112 2934 sunt
3133 2878 3345 2949 quidem
3370 2877 3628 2947 splendidi

2042 2982 2100 3031 et
2129 2974 2380 3037 illustres,
2411 2973 2505 3028 sed
2537 2988 2640 3027 non
2667 2972 2860 3037 securi,
2893 2971 3000 3024 imo
3035 2970 3119 3026 vel
3156 2985 3220 3024 eo
3260 2969 3490 3024 maxime
3529 2985 3629 3022 no-

2046 3065 2191 3121 mine
2220 3064 2274 3119 in
2300 3064 2503 3119 lubrico
2529 3072 2582 3117 et
2611 3063 2912 3132 periculoso
2941 3062 3058 3116 loco
3084 3071 3382 3125 versantur,
3416 3069 3632 3130 promer

2041 3159 2224 3231 gloriae
2253 3157 2693 3228 magnitudinem.
2717 3155 2816 3222 Qui
2845 3163 3021 3209 autem
3045 3163 3170 3208 sunt
3190 3153 3382 3223 abjecti
3403 3161 3456 3206 et
3477 3151 3630 3218 viles,

2044 3259 2168 3305 sunt
2197 3248 2409 3320 quidem
2437 3247 2608 3304 securi
2633 3287 2646 3311 ,
2682 3262 2746 3302 eo
2775 3245 2914 3317 quod
2951 3261 3056 3299 non
3087 3254 3509 3314 cognoscantur,
3538 3243 3630 3299 sed

2043 3359 2108 3399 eo
2133 3344 2250 3414 ipso
2279 3350 2404 3396 sunt
2429 3342 2511 3396 vel
2542 3340 2771 3395 maxime
2801 3338 3008 3409 iuglorii
3029 3379 3043 3398 ,
3073 3337 3213 3407 quod
3241 3337 3292 3390 in
3321 3335 3629 3391 securitate.

2045 3437 2100 3491 lu
2148 3436 2258 3491 Deo
2301 3445 2480 3490 autem
2528 3437 2634 3488 ndn
2687 3433 2758 3486 ita
2797 3439 2879 3486 est
2907 3449 2920 3484 :
2951 3429 3045 3485 sed
3091 3439 3313 3499 utraque
3357 3428 3634 3497 insigniter

2041 3535 2382 3590 concurrunt,
2406 3534 2459 3580 et
2479 3525 2641 3596 gloria
2665 3523 3010 3579 etsecuritas.
3032 3520 3441 3576 Considerantes
3456 3519 3632 3590 itaque

2042 3620 2303 3675 bonorum
2335 3615 2750 3686 magnitudinem
2773 3654 2788 3679 ,
2825 3625 2876 3668 et
2902 3622 3023 3666 ante
3044 3611 3221 3666 omnia
3251 3625 3408 3681 quam
3439 3610 3505 3664 sit
3534 3610 3631 3664 bo-

2044 3728 2171 3767 num
2197 3712 2306 3765 Deo
2332 3724 2452 3764 esse
2475 3715 2705 3778 gratum,
2728 3704 2867 3776 quod
2896 3713 2977 3759 est
3006 3713 3058 3757 et
3087 3717 3254 3764 arma,
3281 3701 3545 3772 etgloria,
3574 3709 3632 3755 et

2041 3804 2330 3866 securitas,
2369 3809 2424 3855 et
2452 3801 2588 3855 bona
2616 3794 3020 3851 innumerabilia
3041 3833 3056 3856 ,
3085 3792 3150 3846 ad
3177 3801 3445 3846 certamen
3479 3791 3632 3844 nobis

2042 3897 2372 3969 propositum
2411 3906 2687 3946 curramus
2729 3903 2849 3944 cum
2894 3884 3192 3948 tolerantia,
3241 3898 3340 3938 nec
3377 3897 3628 3951 umquam

2041 3989 2218 4043 animo
2231 3983 2558 4046 deficiamus,
2574 3996 2672 4035 nec
2687 3993 2934 4048 umquam
2949 3975 3222 4030 videamur
3240 3974 3492 4028 inermes.
3519 3972 3629 4026 lloc

2040 4081 2184 4137 enim
2212 4077 2340 4134 belli
2367 4089 2533 4146 genus
2574 4088 2682 4128 non
2720 4071 2918 4143 patitur
2937 4111 2952 4135 ,
2979 4077 3038 4124 ut
3067 4067 3224 4122 miles
3247 4066 3488 4121 videatur
3513 4065 3630 4118 sine

2039 4173 2204 4226 armis
2231 4187 2244 4224 :
2275 4169 2370 4226 sed
2393 4179 2516 4223 tunc
2533 4165 2746 4221 demum
2774 4160 3056 4217 dimittitur
3080 4165 3386 4229 apparatus,
3419 4157 3631 4227 quando

2039 4264 2200 4320 fuerit
2227 4263 2491 4318 theatrum
2513 4257 2832 4316 dissolutum
2860 4271 2875 4309 :
2900 4253 3119 4310 solvitur
3136 4260 3314 4307 autem
3339 4250 3624 4311 theatrum.

2042 4355 2256 4430 quando
2281 4355 2457 4410 anima
2482 4352 2704 4408 solvitur
2732 4365 2760 4403 a
2789 4362 3032 4417 corpore.
3060 4345 3236 4413 Quare
3260 4343 3510 4414 quamdiu
3540 4341 3630 4395 hic

2041 4461 2227 4502 sumus
2247 4487 2261 4511 ,
2295 4457 2529 4515 pugnare
2554 4454 2774 4497 necesse
2807 4445 2890 4493 est
2929 4445 2982 4491 et
3016 4434 3158 4489 domi
3196 4431 3464 4494 sedentes,
3489 4440 3546 4485 et
3576 4431 3627 4485 in

2043 4539 2215 4593 forum
2257 4544 2444 4592 euntes
2493 4541 2546 4588 et
2589 4528 2935 4602 prandentes,
2978 4535 3032 4580 et
3073 4532 3319 4594 rrgrotos,
3347 4531 3403 4577 et
3445 4535 3626 4574 sanos.

2043 4628 2209 4688 Morbi
2254 4626 2396 4681 enim
2443 4632 2712 4693 tempore,
2755 4616 2910 4690 hujus
2945 4614 3174 4670 maxime
3205 4628 3392 4683 pugnm
3419 4619 3628 4681 tempus

2041 4729 2144 4790 est,
2172 4716 2384 4789 quando
2438 4713 2653 4768 dolores
2700 4708 2930 4778 undique
2979 4704 3302 4760 conturbant
3350 4702 3582 4755 animant
3611 4739 3625 4763 ,
3664 4729 3670 4733 ι

2039 4810 2252 4884 quando
2277 4806 2502 4862 tristitiae
2533 4801 2792 4864 obsident,
2815 4797 3026 4869 quando
3046 4795 3197 4850 adest
3223 4795 3464 4848 diabolus
3488 4793 3620 4884 ἱρείη

2041 4883 2198 4966 tans,
2245 4911 2304 4955 ut
2355 4896 2606 4952 acerbum
2652 4891 2860 4962 aliquod
2904 4889 3122 4944 verbum
3171 4886 3430 4941 dicamus.
3477 4883 3626 4942 Tunc

2039 4996 2270 5051 maxime
2309 5006 2406 5047 nos
2439 4987 2630 5044 tnuniri
2671 4993 2901 5055 oportet,
2935 4982 3034 5052 tegi
3076 4981 3256 5043 lorica,
3290 4978 3500 5049 clypeo,
3528 4990 3624 5044 ga-

2040 5089 2144 5153 lea,
2178 5097 2232 5142 et
2258 5084 2422 5140 armis
2449 5080 2658 5138 ca'teris
2676 5120 2690 5144 ,
2722 5086 2774 5134 et
2803 5084 3057 5148 perpetuo
3085 5074 3192 5127 Deo
3219 5072 3416 5141 gratias
3445 5083 3621 5137 agere.

2039 5179 2166 5236 Haec
2210 5185 2333 5232 sunt
2374 5171 2684 5245 gravissima
2730 5184 2848 5238 qua:
2901 5167 2952 5220 in
2998 5162 3266 5218 diabolum
3313 5164 3626 5227 torquentur

2041 5270 2167 5335 tela,
2196 5269 2282 5323 hic
2307 5274 2389 5322 est
2411 5265 2545 5319 ictus
2573 5262 2628 5316 in
2656 5259 2950 5314 daamonem
2973 5252 3325 5311 certissimus,
3348 5257 3472 5302 tunc
3497 5258 3623 5306 sunt

2092 5366 2110 5399 ι
2148 5363 2282 5414 Edit.
2308 5363 2450 5410 item.
2479 5359 2625 5408 Prov.
2666 5355 2711 5403 ι.
2746 5353 2778 5402 9
2817 5367 2829 5400 :
2877 5338 3492 5414 Corona‘magniﬁcenttp
3532 5342 3622 5414 de:

2030 5405 2536 5494 ιεηάςῖῖὶῖᾱὲέὲὲνὶνὶ
2558 5405 3180 5494 ﬂorentiuufezﬁi‘i‘f!
3190 5405 3467 5494 i°31:..‘.'£":
3488 5406 3619 5494 222:!

2032 5464 3351 5552 Taiﬁiﬁfié'éiruu'glv'ri‘ifiéttfi(éézéiis‘lfﬁﬂ
3361 5464 3621 5552 “5433‘?

2035 5526 2727 5613 ξῖιῐ·ιῐέῐὶιιῑιῑι,’ᾱε”ιιδτῖ›ηα,
2751 5532 2925 5613 atque
2933 5526 3620 5613 §.t§ns’_i__:ﬁi‘1_.TP‘P‘L.?;

2035 5588 2596 5666 I"'d'é"c3'rohh
2624 5588 3024 5666 pulchritudinis
3071 5588 3471 5666 ςὼζνὰξόῇητιξςλξι
3482 5588 3624 5666 ξῑζιξά

2036 5651 2430 5734 iié'iiiﬁiéhfag'
2443 5651 2629 5734 corona
2643 5651 2971 5734 gratiarum;
3132 5651 3367 5734 existimo
3374 5651 3626 5734 ’Τ

2038 5713 2558 5788 ἔδδῦὦᾟκῖυῶὑέ
2583 5713 2705 5775 locis
2749 5734 2906 5771 unum
2921 5719 3153 5790 .feclsse‘;
3196 5728 3308 5790 nam
3332 5713 3625 5790 [frater-tim:

2039 5783 2149 5848 iam
2178 5783 2224 5853 tr,
2257 5793 2307 5849 9,
2342 5794 2548 5853 legitur,
2585 5797 2816 5839 coronatis
2853 5783 2984 5853 enim
3017 5783 3628 5853 gratiarumgcggtesnm

2041 5837 2228 5922 ὲᾶῡὲιεῖ
2255 5837 2797 5922 ars-assume,
2815 5843 2997 5922 Iuba
3017 5837 3182 5904 ὐυίυδ
3237 5837 3475 5887 "°"‘°“”
3513 5845 3627 5883 °“"'

2043 5909 2409 5984 pcisteriorlhus
2428 5911 2610 5974 prioris
2634 5909 2956 5973 capulaverit.
