4106 6462
568 445 624 499 id
1369 442 1425 495 S.
1459 439 1738 496 JOAi‘iNlS
1768 437 2145 494 ειιιιεϊδυδτι

2288 436 2601 493 ARCHIEP.
2645 438 3179 499 CONSTANTINOP.
3767 448 3828 501 7!

556 572 770 613 coronat
798 555 1256 628 SplCllllidlSSllli'J‘.
1289 555 1418 610 Nam
1448 556 1607 609 etiam
1629 554 1845 610 beatum
1871 551 1970 608 Job
1992 547 2146 623 (nihil

556 647 700 701 enim
732 657 874 703 vetat
908 664 1012 718 quo
1051 649 1227 703 minus
1264 647 1329 702 ad
1372 662 1492 702 eum
1533 659 1719 702 rursus
1755 644 2145 713 confugiamus)

558 737 659 792 hoc
699 739 928 794 maxime
953 739 1156 794 clarum
1190 737 1455 804 reddidit,
1495 737 1597 792 hoc
1625 735 1871 791 maximis
1901 733 2143 789 laudibus

557 831 768 897 ati‘ecit,
816 830 915 886 hoc
969 831 1282 896 coronavit,
1333 829 1471 900 quod
1522 838 1762 898 tempore
1808 824 2141 890 tentationis,

555 922 725 976 morbi
758 932 808 975 et
838 923 1184 992 paupertatis,
1217 920 1529 975 immutabili
1551 918 1812 989 ejusmodi
1841 916 2019 970 animo
2049 930 2145 984 ap-

528 1017 810 1085 paruerit,
839 1027 893 1073 et
936 1026 1117 1072 mente
1163 1014 1468 1079 immobilis,
1501 1014 1693 1083 quibus
1730 1012 1927 1082 gratias
1968 1016 2149 1078 ageret

557 1112 666 1163 Deo
704 1110 870 1163 verba
907 1108 1187 1173 obtulerit,
1215 1116 1269 1163 et
1313 1106 1587 1176 Spirituale
1630 1103 1757 1159 illud
1802 1101 2141 1157 sacrificium.

557 1200 722 1255 Erant
749 1201 889 1255 enim
917 1199 1235 1255 sacrificium
1260 1199 1420 1254 verba
1450 1196 1583 1267 ejus,
1614 1210 1732 1266 qua:
1757 1194 1891 1249 dixit
1923 1210 1935 1246 :
1970 1192 2148 1245 Domi-

552 1310 647 1348 nus
676 1292 834 1359 dedit,
867 1291 1117 1347 Dominus
1149 1290 1352 1345 abstulit
1379 1306 1399 1343 :
1426 1289 1555 1343 sicut
1585 1286 1804 1340 Domino
1842 1283 2052 1356 placuit,
2077 1283 2147 1335 ita

554 1390 747 1456 factum
786 1393 860 1440 est
897 1399 915 1439 :
949 1385 1013 1438 sit
1048 1398 1227 1438 nomen
1265 1380 1473 1435 Domini
1513 1379 1826 1433 benedictum
1865 1375 1918 1429 in
1956 1373 2145 1428 stt-cule

550 1465 683 1547 '(Jeb
727 1475 778 1529 l.
808 1474 923 1545 21).
955 1473 1105 1541 Quod
1138 1472 1350 1543 quidem
1376 1485 1473 1526 nos
1497 1485 1705 1541 quoque
1733 1483 1947 1538 semper
1970 1465 2135 1519 facia-

553 1582 694 1631 mus,
737 1566 790 1620 in
837 1565 1242 1631 tentationibus,
1286 1564 1338 1619 in
1384 1559 1798 1628 calamitatibus,
1840 1560 1894 1614 in
1938 1556 2147 1613 insidiis

556 1657 720 1711 Deum
745 1656 914 1728 gloria
942 1663 995 1712 et
1025 1655 1230 1711 honore
1254 1654 1552 1710 efﬁcientes
1572 1696 1587 1720 ,
1617 1659 1669 1706 et
1696 1659 1952 1721 perpetuo
1975 1649 2142 1704 bene-

551 1748 833 1805 diccntes:
862 1747 1112 1820 quoniam
1157 1748 1205 1803 ei
1250 1746 1417 1818 gloria
1463 1746 1514 1799 in
1562 1742 1755 1800 smcula
1805 1741 2140 1798 sreculomzn.

558 1841 749 1893 Amen.
1478 1840 1483 1851 ’

875 1971 1234 2028 EXPOSITIO
1274 1969 1341 2026 lN
1382 1968 1704 2067 PSAl.MUM
1748 1967 1835 2024 Vl.

659 2085 875 2141 Domine
895 2127 912 2154 ,
943 2102 1007 2141 ne
1037 2088 1090 2141 in
1119 2088 1292 2159 [urere
1332 2094 1416 2139 tuo
1442 2102 1630 2157 arguas
1655 2100 1734 2138 me
1755 2124 1771 2151 ,
1808 2099 1965 2155 neque
1987 2084 2037 2137 in

1045 2166 1124 2233 ira
1150 2190 1242 2233 tua
1270 2178 1515 2248 corripias
1544 2193 1640 2231 me.

602 2290 672 2343 Ἰ.
713 2287 936 2355 Quando
959 2287 1190 2343 furorem
1213 2295 1268 2343 et
1295 2287 1428 2342 iram
1448 2285 1517 2343 de
1545 2287 1656 2342 Deo
1685 2284 1974 2351 audiveris,
2004 2284 2140 2339 nihil

551 2380 838 2436 humanum
869 2381 1156 2451 suspiceris
1188 2399 1201 2435 :
1233 2389 1357 2435 sunt
1393 2380 1534 2436 enim
1566 2379 1727 2435 verba
1758 2378 1950 2450 quibus
1978 2392 2039 2434 se
2079 2377 2145 2434 ad

548 2480 763 2541 captum
789 2481 1030 2527 nostrum
1055 2472 1309 2528 demittit.
1338 2471 1480 2527 Deus
1506 2472 1648 2526 enim
1690 2471 1757 2526 ah
1787 2470 1869 2525 his
1898 2471 2145 2527 omnibus

550 2566 686 2620 lihcr
712 2574 816 2623 est.
847 2564 922 2621 ita
962 2574 1140 2620 autem
1171 2565 1404 2637 loquitur
1434 2573 1491 2620 ut
1531 2565 1581 2619 in
1623 2564 1950 2619 crassiorum
1993 2563 2148 2618 cadat

550 2657 976 2729 intelligentiam.
1002 2656 1137 2712 Nam“
1153 2672 1253 2713 nos
1274 2672 1483 2729 quoque
1502 2655 1714 2727 quando
1736 2655 2007 2725 loquimur
2025 2670 2144 2709 cum

549 2748 790 2805 barbaris
817 2791 832 2816 ,
856 2749 1068 2805 illorum
1096 2750 1270 2819 lingua
1301 2749 1499 2804 utimur
1525 2765 1541 2803 :
1571 2758 1622 2803 et
1647 2748 1692 2803 si
1723 2763 1841 2803 cum
1869 2763 2035 2819 puero
2066 2749 2146 2803 lo-

551 2840 766 2908 quimur
790 2883 806 2905 ,
832 2857 934 2895 una
964 2857 1083 2895 eum
1115 2857 1181 2897 eo
1210 2841 1530 2919 balliutimus
1552 2883 1565 2905 ,
1600 2849 1654 2896 et
1680 2847 1737 2895 ut
1770 2840 2147 2911 sapientissimi

556 2930 746 2988 simus.
779 2930 843 2983 ad
887 2929 1233 2984 humi'itatem
1264 2930 1404 2985 illius
1429 2946 1526 2985 nos
1555 2929 1899 2985 denii'timus.
1928 2930 1993 2985 Et
2023 2929 2148 3001 quid

556 3020 748 3074 mirum
787 3026 829 3074 si
871 3020 971 3075 hoc
1013 3021 1062 3074 in
1094 3021 1274 3077 verbis
1306 3019 1544 3085 facimus,
1578 3036 1695 3092 qua:
1719 3019 1789 3075 du
1829 3020 1877 3075 id
1904 3022 2062 3076 etiam
2095 3023 2146 3077 in

549 3113 710 3169 rebus
750 3113 801 3167 fit
823 3131 848 3167 a
868 3115 1043 3183 nobis,
1065 3124 1125 3171 ut
1161 3115 1332 3186 quiet
1357 3129 1544 3170 manus
1562 3113 1918 3170 mordeamus.
1943 3125 1992 3169 et
2017 3115 2146 3169 iram

551 3208 864 3263 simulemus
888 3250 903 3273 ,
937 3218 994 3263 ut
1024 3208 1277 3264 infantem
1320 3207 1781 3280 corrigamusﬂta
1803 3208 1968 3264 etiam
2006 3207 2149 3265 Deus

548 3298 839 3353 crassiores
863 3297 1077 3353 allicere
1104 3298 1312 3365 volens,
1340 3298 1533 3353 talibus
1557 3298 1734 3353 verbis
1761 3313 1888 3353 usus
1907 3309 2007 3353 est.
2031 3297 2146 3353 Non

536 3390 688 3443 enim
725 3404 822 3458 pro
848 3404 942 3445 sua
968 3390 1224 3460 dignitate
1251 3389 1394 3460 loqui
1417 3390 1655 3457 studuit,
1686 3388 1779 3444 sed
1808 3405 1903 3459 pro
1930 3389 2148 3445 audito-

536 3499 665 3538 mm
694 3483 938 3538 utilitate.
970 3482 1099 3537 Nam
1127 3497 1185 3538 sc
1216 3498 1321 3536 non
1353 3497 1475 3537 esse
1515 3480 1924 3536 ir:e'ohnoxinm
1956 3481 2146 3536 alicubi

546 3572 831 3628 ostendens
853 3614 869 3639 ,
907 3573 1119 3629 dicebat
1148 3590 1162 3627 :
1201 3570 1463 3641 Numquid
1492 3588 1572 3626 me
1595 3570 1664 3625 ad
1686 3571 1814 3624 iram
1835 3582 2108 3643 provocant
2126 3614 2145 3638 ,

546 3683 715 3721 uenae
733 3667 925 3737 scipses
954 3666 972 3737 (
995 3663 1106 3720 Jer.
1134 3665 1181 3720 7.
1212 3663 1276 3721 l9
1300 3663 1317 3735 )
1341 3663 1469 3719 ?.Tu
1497 3674 1673 3718 autent
1698 3661 1964 3731 quomodo
1984 3662 2150 3719 velles

554 3761 729 3827 ipsum
772 3758 1039 3815 disserere
1084 3773 1202 3813 cum
1232 3756 1432 3813 Juda'is
1456 3799 1471 3823 ,
1504 3771 1624 3810 cum
1658 3770 1828 3826 neque
1849 3756 2109 3810 irascatur
2130 3797 2147 3822 ,

540 3866 647 3908 nec
673 3851 796 3906 odio
820 3849 1014 3907 habeat
1040 3850 1248 3905 malos?
1269 3850 1398 3904 odio
1426 3848 1568 3904 enim
1600 3856 1681 3903 est
1724 3847 1887 3902 animi
1930 3856 2146 3919 pertur.

546 3942 689 3997 batio
712 3958 727 4006 ;
754 3956 853 3996 nec
878 3941 1106 3996 humana
1133 3939 1424 4009 reSpiciat?
1453 3939 1631 3994 videre
1664 3939 1808 3995 enim
1834 3953 1896 3994 ex
1924 3952 2150 4008 corpore

525 4041 959 4102 «sumptumcst;
1016 4048 1188 4104 neque
1236 4032 1461 4087 audiat?
1504 4048 1628 4087 nam
1674 4033 1775 4087 hoc
1819 4047 2033 4104 quoque
2082 4048 2149 4089 ex

526 4137 729 4177 -carne.
743 4121 847 4178 Sed
867 4138 933 4178 ex
957 4122 1058 4178 hoc
1080 4122 1280 4178 malum
1297 4122 1439 4177 aliud
1460 4122 1652 4193 dogma
1681 4120 1952 4177 inductum
1975 4132 2140 4192 essist,

469 4248 476 4257 ν
549 4228 740 4283 nempe
762 4229 866 4267 non
890 4214 1000 4284 regi
1019 4214 1197 4268 omnia
1220 4229 1251 4266 a
1275 4212 1366 4269 Dei
1389 4212 1721 4282 providentia
1753 4229 1766 4264 :
1795 4221 1850 4267 et
1877 4210 2001 4266 dum
2026 4214 2150 4269 talia

547 4307 629 4361 de
652 4307 758 4360 Deo
779 4305 965 4362 audire
991 4313 1324 4371 recusarent,
1349 4304 1498 4359 multi
1521 4319 1585 4360 ex
1611 4304 1696 4370 iis,
1725 4303 1814 4374 qui
1838 4312 1961 4358 tunc
1976 4302 2146 4371 erant,

546 4395 765 4452 oinuino
792 4397 957 4452 Deum
996 4411 1120 4452 esse
1150 4396 1488 4466 ignorassent
1516 4413 1528 4448 :
1556 4410 1621 4450 eo
1648 4402 1826 4449 autem
1858 4394 2102 4463 ignorate
2124 4436 2138 4460 ,

550 4490 728 4545 oumia
775 4490 1105 4560 periissem:
1152 4490 1244 4545 illo
1273 4498 1459 4546 contra
1513 4487 1820 4544 introducto
1861 4488 2147 4560 dogmate,

551 4581 797 4635 celeriter
824 4582 937 4637 fieri
982 4589 1191 4653 poterat
1223 4581 1507 4636 correctio.
1535 4578 1629 4635 Cui
1661 4581 1805 4635 enim
1835 4595 2150 4649 persuasum

551 4679 632 4723 νει
662 4667 824 4724 Deum
856 4687 1009 4738 esse,
1034 4672 1134 4727 etsi
1166 4686 1270 4749 non
1308 4671 1504 4728 habeat
1525 4686 1642 4726 eam
1667 4686 1826 4742 quam
1852 4685 1949 4741 par
1976 4681 2058 4726 est
2083 4671 2151 4727 de

551 4762 662 4817 Deo
690 4764 1003 4818 sententiam
1023 4805 1039 4829 ,
1070 4763 1165 4819 sed
1204 4763 1330 4833 quid
1358 4763 1426 4819 de
1450 4778 1515 4817 eo
1540 4762 1773 4817 crassius
1810 4760 2147 4831 suSplcetur;

546 4863 791 4923 tempore
821 4854 1035 4924 quidem
1067 4862 1215 4909 certo
1242 4855 1289 4910 ei
1320 4853 1727 4924 persuadebitur
1747 4894 1762 4919 ,
1796 4853 1927 4908 nihil
1960 4854 2065 4908 tale
2093 4852 2147 4908 in

549 4949 716 5005 Deum
742 4949 951 5004 cadere.
981 4948 1080 5016 Qui
1107 4957 1279 5003 autem
1304 4947 1471 5004 habet
1484 4961 1796 5018 persuasum
1811 4947 1932 5016 ejus
1946 4946 2148 5001 nullam

548 5057 670 5096 esse
701 5040 1106 5110 providentiam,
1151 5055 1248 5093 nec
1275 5040 1436 5094 ullam
1469 5055 1590 5094 eum
1620 5054 1802 5095 rerum
1841 5054 2022 5094 curam
2050 5053 2146 5109 gi:-

549 5147 691 5197 rure,
725 5147 896 5201 neque
925 5132 968 5185 si
1000 5114 1299 5196 exsistant,
1329 5145 1518 5185 curare
1541 5172 1554 5195 ,
1585 5129 1711 5201 quid
1737 5128 2077 5199 eumjuverit
2104 5127 2148 5185 si

552 5232 808 5277 tractetur
855 5221 921 5275 de
964 5221 1056 5275 Dei
1105 5220 1536 5288 impatihilitate?
1580 5220 1671 5274 illa
1713 5220 1824 5289 ipsa
1854 5220 1920 5274 de
1944 5236 2102 5274 causa
2128 5262 2143 5285 ,

546 5330 665 5364 cum
688 5315 837 5383 prius
855 5329 973 5369 eum
997 5313 1100 5368 illis
1122 5312 1479 5380 disseruisset,
1510 5322 1788 5382 postquam
1817 5313 1897 5367 eis
1923 5304 2143 5382 persua-

550 5405 636 5466 s'rt.
662 5414 718 5457 ut
749 5420 869 5456 cum
896 5419 1017 5459 esse
1041 5404 1407 5474 opitiareutzzr,
1437 5402 1686 5471 paulatim
1715 5417 1807 5456 eos
1835 5418 2020 5456 rursus
2048 5418 2142 5455 es-

547 5502 760 5561 purgat,
791 5493 855 5547 ad
887 5486 987 5547 hoc
1015 5492 1206 5565 dogma
1241 5493 1475 5549 evehens
1498 5535 1512 5558 ,
1543 5491 1612 5546 de
1637 5507 1702 5547 eo
1728 5491 1949 5561 loquens
1977 5491 2144 5544 subti-

540 5584 729 5650 ‘tuius,
760 5594 813 5636 et
838 5597 957 5636 eum
1002 5600 1122 5639 esse
1165 5587 1233 5637 ab
1277 5584 1558 5638 aﬂ‘ectione
1602 5594 1873 5638 remotum
1908 5576 2146 5637 oratione

553 5681 900 5737 twrtrztclans.
943 5673 1075 5728 Dicit
1101 5674 1242 5727 enim
1270 5675 1403 5727 alios
1436 5673 1692 5744 propheta
1721 5691 1734 5726 :
1781 5671 1900 5726 Non
1928 5673 2140 5734 esuriet,

541 5778 705 5835 meque
740 5760 984 5814 laborabit
1010 5762 1174 5825 (lsai.
1205 5764 1293 5816 40.
1320 5763 1431 5835 ‘28)
1468 5781 1481 5817 :
1508 5773 1562 5817 et
1588 5764 1675 5832 qui
1719 5779 1839 5816 cum
1866 5760 2019 5827 irasci
2060 5760 2144 5814 di—

549 5842 724 5920 xerat,
744 5847 1113 5909 'idem'rursus‘
1133 5853 1417 5908 ostendens
1441 5856 1605 5911 Deum
1632 5870 1750 5908 esse
1774 5851 2139 5923 impatibilcm,

2253 550 2523 622 subjungit
2554 571 2566 606 :
2600 552 2862 624 Numquid
2882 573 2960 610 me
2978 558 3076 628 ipsi
3094 559 3161 611 ad
3188 559 3315 613 iram
3343 570 3618 631 provocant
3638 605 3653 629 ,
3678 578 3827 618 nonne

2252 643 2440 713 seipsos
2467 642 2615 713 (Jer.
2651 646 2700 698 7.
2731 646 2797 701 19
2819 646 2838 715 )
2863 648 2887 701 ?
2920 648 2983 703 Et
3010 649 3097 719 qui
3124 649 3333 706 dixerat
3351 665 3473 707 eum
3495 666 3614 707 esse
3636 653 3687 707 itt
3710 663 3830 709 ιιειιι⁸

2254 734 2373 803 plu,
2406 748 2590 791 rursus
2618 735 2745 792 dicit
2779 756 2790 790 :
2823 734 2942 792 Non
2972 750 3043 793 est
3082 739 3232 794 homo
3253 741 3303 795 in
3330 752 3377 797 te
3396 754 3633 814 sanctas,
3667 756 3711 798 et
3736 763 3826 800 non

2251 825 2508 895 ingrediar
2546 826 2599 881 in
2638 826 2884 883 civitatem
2927 829 2948 900 (
2971 829 3100 885 Osee
3151 832 3236 885 ll.
3268 830 3377 905 9):
3410 832 3514 888 hoc
3542 845 3622 890 cst
3645 877 3662 903 ,
3695 834 3826 891 Loco

2254 929 2359 968 non
2387 917 2685 973 contineor.
2713 916 2863 986 Quod
2888 919 2931 972 si
2956 936 3060 974 non
3085 936 3274 977 omnes
3303 924 3444 978 ultus
3485 932 3604 991 est,
3631 934 3685 979 at
3713 942 3828 996 pru-

2255 1005 2476 1061 dentiori
2498 1017 2642 1061 certe
2670 1008 2878 1079 reliquit
2902 1011 3241 1081 Cogitandum
3265 1030 3331 1068 ex
3350 1013 3530 1081 dictis,
3559 1014 3697 1086 quod
3719 1018 3830 1087 quia

2253 1098 2542 1169 tyrannicis
2588 1100 2725 1154 liber
2752 1110 2834 1156 est
2858 1101 3262 1173 affectionibus,
3289 1113 3345 1160 et
3368 1106 3484 1160 sine
3517 1107 3707 1177 quibus
3734 1124 3830 1163 non

2250 1188 2372 1242 licet
2398 1188 2596 1256 vivere,
2616 1190 2684 1245 ab
2702 1191 2823 1247 aliis
2843 1194 3007 1248 multo
3024 1195 3191 1265 magis
3211 1195 3346 1251 liber
3364 1205 3466 1252 est.
3492 1197 3625 1253 Dicit
3645 1198 3829 1268 itaque:

2253 1278 2394 1334 Num
2422 1283 2520 1336 eris
2548 1294 2601 1337 ut
2638 1285 2789 1340 homo
2814 1285 3069 1342 dormiens
3099 1286 3121 1361 (
3136 1286 3248 1345 .ler.
3280 1289 3376 1344 14.
3402 1289 3437 1344 9
3460 1291 3520 1360 )‘l
3547 1290 3612 1346 Et
3644 1292 3831 1363 ubique

2252 1378 2440 1428 tractat
2464 1389 2527 1428 ac
2550 1376 2785 1445 loquitur
2806 1376 2873 1433 de
2894 1378 3302 1449 impatibilitate.
3330 1380 3504 1448 Quare
3527 1381 3613 1437 hic
3633 1399 3835 1454 quoque

2250 1464 2464 1533 quando
2497 1467 2729 1522 furorem
2757 1468 2989 1525 audieris
3012 1511 3028 1537 ,
3060 1486 3125 1525 ne
3153 1479 3306 1542 putes
3330 1487 3449 1528 esse
3486 1472 3831 1529 all‘ectionem.

2248 1556 2303 1612 Si
2334 1558 2478 1613 enim
2507 1558 2750 1616 homines
2777 1561 2864 1632 qui
2888 1561 3239 1633 philosophia:
3264 1565 3499 1633 student,
3529 1567 3703 1637 quoad
3724 1566 3834 1637 ejus

2251 1645 2363 1701 fieri
2395 1656 2607 1718 potest,
2639 1649 2707 1705 ab
2753 1650 2830 1706 ira
2880 1651 3040 1707 alieni
3082 1664 3430 1723 permanent;
3478 1655 3645 1710 multo
3674 1656 3835 1725 magis

2252 1737 2339 1793 illa
2366 1740 2659 1795 substantia
2681 1782 2696 1809 ,
2725 1757 2843 1813 quze
2871 1751 2952 1797 est
2978 1742 3045 1799 ab
3074 1743 3290 1800 interitu
3317 1755 3370 1801 et
3397 1747 3735 1817 corruptione
3774 1748 3834 1800 li-

2249 1829 2377 1885 bera
2403 1870 2417 1895 ,
2448 1839 2502 1885 et
2524 1847 2642 1902 qua:
2669 1848 2767 1887 nec
2792 1832 2895 1888 dici
2923 1876 2939 1902 ,
2969 1850 3068 1890 nec
3097 1836 3478 1907 comprehendi
3507 1847 3699 1908 potest.
3729 1837 3836 1894 Non

2252 1921 2400 1977 vides
2425 1923 2585 1978 etiam
2615 1924 2876 1992 medicos,
2908 1926 3032 1982 dum
3065 1937 3267 1994 secant,
3297 1930 3378 1984 vel
3408 1941 3585 1997 urunt,
3616 1946 3722 1985 nor.
3764 1931 3836 1985 ira

2250 2013 2507 2070 adductos
2535 2014 2585 2070 id
2613 2015 2806 2082 facere,
2831 2017 2925 2073 sed
2953 2018 3095 2088 quod
3118 2020 3255 2075 male
3278 2020 3526 2076 allectum
3551 2032 3634 2077 est
3656 2023 3825 2077 corri-

2248 2116 2375 2172 gere
2400 2104 2578 2159 animo
2604 2104 2703 2160 sibi
2731 2117 3086 2177 proponeates
3108 2150 3124 2175 ,
3158 2124 3261 2164 non
3288 2111 3579 2167 irascentes
3603 2113 3835 2183 aegrotis.

2250 2192 2344 2246 sed
2376 2208 2471 2249 eos
2514 2196 2829 2251 miserantes
2848 2239 2863 2261 ,
2892 2205 2946 2252 et
2973 2214 2999 2250 a
3032 2199 3234 2254 morbis
3263 2200 3591 2256 libet-antes?
3615 2202 3842 2270 Quando

2260 2297 2388 2353 ergo
2414 2284 2538 2338 dicit
2570 2302 2581 2337 :
2616 2284 2698 2339 Ne
2723 2286 2772 2339 in
2792 2288 2965 2358 furore
2992 2299 3075 2341 tuo
3101 2305 3286 2360 arguas
3310 2308 3387 2345 me
3414 2307 3431 2345 :
3460 2294 3561 2346 hoc
3589 2293 3741 2360 dicit,
3773 2295 3842 2348 Ne

2257 2390 2441 2444 prensis
2472 2391 2654 2430 sumas
2681 2377 2748 2432 de
2775 2380 2908 2433 meis
2939 2380 3192 2448 peccatis,
3224 2397 3323 2437 nec
3349 2397 3464 2435 mea
3492 2384 3684 2461 delicta
3718 2387 3841 2439 ulei-

2252 2469 2435 2522 scaris.
2468 2470 2520 2524 '5.
2547 2469 2783 2524 Miserere
2805 2472 2917 2537 mei,
2944 2470 3180 2542 Domine,
3203 2475 3441 2543 quoniam
3459 2477 3692 2545 inﬁrmus
3711 2495 3839 2533 sum.

2253 2559 2363 2614 llac
2385 2576 2513 2615 voce
2540 2576 2730 2616 omnes
2749 2576 2987 2632 egemus,
3016 2564 3227 2620 etiamsi
3259 2566 3667 2621 innumerabilia
3698 2579 3855 2622 recte-

2251 2658 2307 2705 et
2331 2666 2394 2704 ex
2420 2651 2611 2706 virtute
2654 2651 2937 2707 fecerimus
2957 2696 2972 2721 ,
3001 2662 3055 2709 et
3085 2654 3165 2710 vel
3203 2656 3270 2711 ad
3297 2670 3558 2711 summam
3591 2674 3846 2726 pervene-

2254 2742 2419 2796 rimus
2458 2742 2741 2812 juStitiam.
2772 2743 3029 2810 Quocirca
3076 2746 3190 2816 ipse
3232 2748 3390 2801 etiam
3435 2759 3614 2818 postea
3657 2764 3845 2804 rursus

2252 2832 2420 2888 dicit:
2454 2832 2956 2904 Nonjusti/icabitur
2978 2838 3029 2891 in
3052 2847 3319 2909 conspectu
3362 2849 3448 2892 tuo
3489 2842 3651 2893 omnis
3679 2843 3846 2894 vivens

2252 2925 2440 3000 (Psal.
2478 2928 2685 2999 “2.2)
2712 2945 2726 2985 :
2765 2939 2818 2983 et.
2855 2929 3019 2984 illud:
3052 2930 3113 2985 Si
3152 2930 3441 3000 iniquitates
3471 2932 3807 2987 observaveris
3831 2975 3845 2993 .

2253 3019 2367 3089 quis
2385 3020 2644 3073 sustinebit
2667 3020 2685 3090 (
2708 3017 2857 3074 Psal.
2890 3020 3009 3075 l29.
3040 3019 3113 3092 5)
3139 3020 3163 3074 ?
3189 3030 3243 3075 et
3268 3021 3465 3075 Paulus
3496 3040 3509 3076 :
3544 3020 3700 3076 Nihil
3727 3023 3848 3075 mihi

2252 3109 2479 3163 conscius
2508 3126 2650 3172 sum,
2692 3110 2780 3164 sed
2806 3126 2909 3165 non
2942 3111 2994 3164 in
3024 3110 3118 3164 hoc
3133 3112 3446 3182 justiﬁcalus
3471 3129 3581 3166 sum
3605 3113 3691 3183 (l.
3727 3113 3850 3168 Cor.

2253 3199 2307 3253 4.
2338 3200 2398 3269 4)
2421 3218 2433 3253 :
2462 3208 2513 3254 et
2542 3200 2709 3255 alius:
2741 3200 2867 3267 Quis
2886 3202 3184 3272 gloriabitur
3206 3220 3391 3273 purum
3416 3205 3597 3258 habere
3619 3222 3710 3259 cor
3731 3206 3757 3259 .9
3778 3206 3848 3258 rel

2252 3307 2364 3361 quts
2395 3301 2580 3346 asseret
2607 3308 2661 3346 se
2685 3308 2790 3347 esse
2820 3294 3065 3347 mundum
3091 3310 3123 3347 a
3160 3294 3309 3348 sorde
3338 3296 3354 3325 ¹
3379 3294 3566 3366 (Prov.
3598 3296 3692 3351 20.
3736 3296 3769 3352 9
3791 3295 3850 3365 Π

2252 3383 2451 3439 Omnes
2490 3398 2617 3454 ergo
2660 3400 2879 3455 egemus
2916 3386 3281 3442 misericordia
3312 3403 3326 3441 :
3359 3390 3450 3443 sed
3510 3402 3614 3443 non
3660 3403 3852 3443 euntes

2252 3473 2396 3546 digni
2424 3490 2609 3530 sumus
2635 3475 3053 3531 misericordiam
3092 3478 3327 3547 assequi.
3358 3476 3489 3532 Nam
3518 3478 3618 3532 etsi
3649 3480 3721 3532 sit
3752 3480 3853 3532 mi-

2248 3567 2561 3635 sericordia,
2577 3566 2793 3636 dignum
2816 3575 2988 3622 tamen
3009 3568 3249 3637 requirit,
3266 3567 3713 3638 quemadmodum
3738 3571 3853 3639 ipse

2255 3656 2464 3713 dicebat
2484 3657 2651 3730 Moysi
2682 3676 2695 3711 :
2718 3657 2991 3712 Miserebor
3011 3659 3158 3730 cujus
3185 3658 3450 3713 miserebor
3470 3668 3553 3712 ret
3574 3660 3854 3713 miserebor

2252 3767 2398 3821 quem
2433 3734 2704 3805 miseraber
2731 3749 2937 3823 (Exod.
2962 3752 3048 3807 35.
3081 3751 3205 3819 l9).
3230 3752 3329 3820 Qui
3350 3768 3478 3823 ergo
3503 3754 3621 3807 fecit
3645 3753 3852 3823 aliquid

2253 3839 2468 3913 dignum
2497 3842 2882 3910 misericordia,
2909 3843 3048 3898 diect
3082 3860 3095 3898 :
3121 3841 3361 3897 Miserere
3384 3846 3480 3897 mei
3502 3862 3517 3905 :
3547 3845 3636 3915 qui
3664 3854 3851 3899 autem

2253 3934 2321 3989 ab
2347 3934 2488 3989 illius
2528 3935 2683 3989 venia
2736 3951 2795 3989 se
2833 3938 3097 4000 semovit,
3131 3935 3324 3990 frustra
3363 3936 3507 3991 dicet
3538 3954 3552 3990 :
3586 3935 3853 3991 Miserere.

2254 4025 2312 4082 Si
2336 4028 2477 4083 enim
2504 4035 2646 4083 esset
2666 4037 2992 4097 perventura
3013 4027 3078 4081 ad
3106 4041 3294 4081 omnes
3320 4026 3684 4081 misericordia
3709 4071 3724 4095 ,
3752 4042 3853 4081 ne-

2253 4136 2344 4176 mo
2365 4120 2621 4192 supplicio
2638 4123 2954 4177 afficeretur.
2975 4120 3305 4190 Quamquam
3329 4120 3489 4175 habet
3505 4121 3612 4191 ipsa
3636 4135 3856 4190 quoque

2255 4215 2469 4285 aliquod
2487 4212 2784 4284 judicium,
2826 4223 2879 4267 et
2904 4228 3026 4268 eum
3059 4212 3147 4283 qui
3173 4212 3367 4283 dignus
3398 4223 3451 4266 et
3494 4222 3646 4281 aptus
3682 4222 3770 4266 est
3798 4222 3857 4265 ut

2254 4319 2318 4360 ea
2348 4305 2571 4371 fruatur,
2603 4305 2846 4375 requirit.

2324 4398 2379 4453 9..
2422 4398 2525 4456 Cur
2558 4399 2645 4469 qui
2688 4398 2863 4452 eadem
2909 4407 3114 4466 peccata
3148 4396 3456 4461 admittunt,
3504 4412 3602 4447 non
3647 4396 3857 4448 easdem

2255 4509 2428 4565 plenas
2452 4492 2619 4548 luunt.
2640 4522 2711 4533 —
2730 4492 2881 4547 Multi
2911 4506 3039 4561 ergo
3059 4505 3202 4560 saepe
3223 4489 3407 4543 eadem
3436 4497 3648 4558 peccata
3676 4489 3859 4542 adiui-

2254 4595 2472 4651 serunt,
2504 4592 2559 4639 et
2600 4598 2704 4638 non
2734 4582 2949 4639 easdem
2992 4591 3169 4637 tamen
3212 4594 3397 4650 poenas
3442 4579 3743 4643 dederunt,
3801 4590 3859 4632 ut

2254 4675 2345 4747 qui
2367 4676 2505 4731 alias
2529 4674 2793 4730 haberent
2817 4689 3006 4730 causas
3034 4688 3153 4741 qua:
3181 4687 3242 4727 ca
3267 4681 3651 4741 prmcesserant
3679 4682 3694 4724 :
3727 4680 3786 4725 et
3812 4670 3860 4723 si

2255 4771 2419 4827 vultis
2444 4811 2460 4837 ,
2491 4768 2544 4823 in
2574 4767 2676 4823 hac
2706 4782 2848 4821 nunc
2888 4765 3238 4820 immoremur
3263 4763 3524 4817 oratione.
3554 4761 3861 4815 Pcecarunt

2254 4862 2423 4918 ,ιιιαωί
2453 4873 2641 4917 omnes
2663 4901 2679 4926 ,
2721 4869 2776 4916 et
2800 4858 3012 4914 fuerunt
3038 4853 3327 4910 idololatrze
3351 4894 3367 4919 ,
3414 4852 3508 4907 sed
3537 4866 3639 4906 non
3661 4864 3860 4906 omnes

2256 4954 2471 5010 easdem
2500 4967 2686 5026 pinnas
2717 4951 2949 5017 dedere;
2994 4948 3086 5003 sed
3117 4945 3206 5000 alii
3236 4945 3449 5015 quidem
3494 4942 3815 4998 ceciderunt
3842 4980 3859 5002 ,

2254 5049 2344 5105 alii
2371 5062 2498 5103 vero
2517 5047 2729 5104 veniam
2757 5056 2881 5100 sunt
2905 5041 3198 5113 assequuti.
3229 5041 3284 5092 ln
3316 5038 3547 5108 peccatis
3573 5034 3715 5088 enim
3745 5047 3863 5087 non

2255 5142 2511 5217 quaeritur
2551 5139 2725 5195 solum
2775 5146 2965 5192 natura
2997 5135 3112 5205 ejus
3152 5131 3295 5203 quod
3346 5132 3541 5185 factum
3590 5134 3671 5180 est
3706 5144 3722 5180 :
3757 5124 3862 5180 sed

2254 5237 2413 5293 etiam
2435 5235 2666 5298 animus,
2698 5240 2754 5285 et
2774 5239 2999 5299 tempus,
3030 5236 3085 5282 et
3101 5240 3258 5280 causa
3283 5265 3299 5289 ,
3323 5232 3378 5279 et
3405 5230 3525 5292 post
3547 5228 3861 5288 peccatum,

2254 5334 2299 5388 si
2333 5332 2384 5386 hi
2411 5331 2625 5401 quidem
2653 5331 3084 5398 perseverarunt,
3114 5320 3233 5375 illos
3254 5333 3383 5372 vero
3409 5312 3684 5385 pmnituit,
3719 5318 3783 5362 et
3815 5310 3862 5361 si

2254 5442 2401 5492 casu,
2425 5427 2469 5480 si
2507 5441 2573 5481 ex
2600 5419 2817 5486 fraude,
2851 5428 2905 5474 et
2933 5417 2977 5472 si
3000 5415 3182 5471 dedita
3214 5427 3399 5483 θροις).
3428 5410 3497 5464 Ει
3523 5405 3685 5461 multa
3722 5413 3868 5456 sunt

2254 5533 2372 5588 quae
2396 5524 2734 5587 quaeruntur,
2765 5510 3022 5580 temporis
3046 5504 3369 5567 dill'erentia,
3400 5510 3455 5556 et
3480 5508 3651 5553 status
3674 5497 3867 5588 reipu-

2256 5610 2429 5664 blicaa.
2480 5607 2550 5664 Ut
2594 5605 2825 5675 exempli
2865 5604 3038 5675 gratia
3070 5619 3085 5656 :
3114 5592 3520 5671 peccaruntqui
3548 5596 3702 5646 erant
3753 5587 3869 5643 Sub

2259 5691 2457 5766 Veteri,
2482 5705 2701 5767 peccant
2723 5696 2883 5753 etiam
2900 5695 2988 5765 qui
3018 5699 3145 5749 sunt
3168 5689 3264 5744 sub
3282 5686 3431 5742 Novo
3453 5683 3810 5739 Testamento
3845 5694 3865 5738 :
3889 5678 3897 5683 ’

2228 5798 2257 5845 ᾖ
2319 5790 2673 5845 fin-editione
2702 5789 2917 5839 Romana
2956 5786 3158 5847 legitur,
3191 5796 3222 5830 a
3250 5779 3461 5843 peccatis
3509 5777 3643 5840 (ἀπὸ
3681 5776 3831 5838 ἁμαρ

2253 5859 2411 5920 πῶν),
2440 5853 2711 5905 secundum
2739 5847 3029 5901 Hebraicarn
3057 5848 3337 5896 veritatem.
