4106 6416
377 285 449 343 73
1070 292 1079 299 ’
1563 282 1915 350 ΕΧΡδειτιο

2060 288 2379 350 PSALMUM
2421 294 2505 349 Vl.
3599 309 3683 366 ἠ’

383 405 477 461 sed
525 421 634 460 non
682 404 952 462 dederunt
1001 408 1209 479 utrique
1253 408 1462 464 easdem
1512 423 1736 478 pinnas,
1785 409 1891 466 imo
1919 405 1975 463 bi

386 500 680 570 graviores.
721 500 788 554 Et
830 500 938 557 hoc
984 499 1179 556 Paulus
1217 501 1553 572 signiﬁcans,
1592 501 1844 558 dicebat:
1877 503 1977 571 Qui

390 592 549 663 legem
580 591 774 665 ﬂoysis
817 595 935 663 fecit
968 595 1204 659 irritam,
1244 594 1351 649 sine
1394 594 1500 648 ulla
1530 595 1845 649 miseratione
1885 601 1975 650 sub

389 684 588 737 duobus
614 683 693 739 vel
712 684 869 738 tribus
899 683 1105 739 testibus
1129 686 1358 739 moritur.
1395 684 1597 750 Quanto
1623 687 1821 755 putatis
1839 688 1977 741 dete-

388 779 515 832 riori
542 779 792 847 supplicio
820 777 1002 849 dignus
1027 779 1300 841 habebitur,
1323 780 1410 850 qui
1439 779 1626 833 Filium
1652 778 1745 834 Dei
1765 781 1971 835 cenent-

389 872 601 935 caverit,
629 878 676 923 et
696 870 991 941 sanguinem
1017 872 1292 925 testamenti
1314 887 1627 924 communem
1658 870 1973 925 existimave-

388 964 458 1016 rit
483 965 502 1030 (
530 962 686 1017 llebr.
720 963 805 1019 l0.
828 963 918 1019 28.
948 963 1019 1020 29
1037 964 1099 1036 )?
1123 963 1343 1032 Quando
1368 974 1542 1019 autem
1573 964 1700 1018 dicit
1723 1004 1738 1028 ,
1769 963 1969 1030 Quanto

387 1054 625 1108 deteriori
650 1055 902 1124 supplicio
930 1053 1111 1125 dignus
1138 1054 1415 1120 habebitur,
1445 1054 1710 1110 intensum
1739 1054 1967 1111 ostendit

387 1145 729 1212 supplicium.
753 1144 1044 1200 Peccarunt
1068 1146 1157 1217 qui
1180 1145 1347 1216 legem
1369 1154 1775 1216 pneceSSerunt,
1804 1155 1859 1201 et
1878 1145 1967 1216 qui

387 1246 545 1289 erant
590 1236 641 1291 in
686 1236 815 1307 lege.
862 1236 1064 1292 Rursus
1123 1238 1327 1308 priores
1378 1238 1451 1292 illi
1502 1252 1685 1308 positas
1736 1238 1961 1294 leviores

390 1327 622 1380 lucrum.
658 1328 768 1383 lloc
795 1336 971 1384 autem
1002 1328 1324 1399 signiﬁcans,
1351 1329 1562 1384 dicebat
1596 1346 1609 1382 :
1647 1329 1960 1401 Quicumque

385 1421 519 1471 enim
537 1421 647 1473 sine
674 1420 779 1492 lege
799 1430 1141 1490 peccauerunt,
1169 1423 1278 1477 sine
1300 1422 1407 1492 lege
1438 1432 1485 1477 et
1518 1423 1750 1492 peribunt
1774 1420 1960 1494 (Rom.

384 1512 439 1561 ’1.
476 1509 579 1567 121
605 1531 619 1565 :
648 1510 798 1571 Illud.
829 1512 935 1566 sine
956 1512 1078 1584 lege,
1105 1514 1365 1583 signiﬁcat
1392 1515 1577 1581 levius,
1600 1529 1703 1569 non
1730 1515 1959 1585 gravius.

388 1599 453 1653 Et
476 1604 774 1671 quicumque
798 1604 851 1657 in
874 1605 980 1676 lege
1002 1615 1293 1675 peccarunt,
1318 1622 1407 1677 per
1429 1608 1586 1677 legem
1597 1605 1964 1677 jutlicabuntur

385 1692 563 1764 (Ibid.
593 1694 634 1766 ).
686 1696 898 1763 Quare?
938 1697 1195 1765 Quoniam
1230 1697 1304 1752 illi
1334 1698 1547 1768 quidem
1604 1697 1800 1753 habent
1844 1714 1963 1768 quae

383 1802 479 1840 eos
523 1797 772 1854 accusat,
824 1800 1067 1845 naturam
1096 1809 1111 1845 :
1140 1790 1192 1846 bi
1242 1806 1370 1847 vero
1412 1806 1531 1847 cum
1572 1800 1757 1847 natura
1801 1793 1962 1848 etiam

385 1879 557 1947 legem
583 1921 597 1941 ,
628 1890 681 1934 et
722 1895 829 1951 quo
858 1881 974 1950 plus
999 1882 1257 1937 doctrina:
1297 1891 1652 1953 acceperunt,
1695 1899 1760 1940 eo
1790 1883 1962 1953 majus

382 1968 636 2023 subibunt
692 1971 1026 2040 supplicium.
1080 1972 1282 2028 Rursus
1328 1974 1487 2028 etiam
1536 1991 1604 2031 ex
1647 1976 1960 2031 auctoritate

384 2059 542 2128 lmjus
573 2062 644 2115 rei
677 2060 796 2116 licet
824 2071 1068 2116 eventum
1099 2063 1311 2128 videre;
1343 2063 1500 2134 idque
1529 2066 1755 2136 pchpici
1787 2075 1960 2136 potest

382 2166 449 2203 ex
475 2150 752 2206 sacriﬁcio.
791 2152 891 2205 Pro
917 2153 1167 2207 universo
1192 2164 1337 2209 certe
1362 2156 1450 2225 qui
1492 2166 1733 2225 peccarat
1764 2158 1958 2227 populo

382 2252 586 2295 tantum
614 2242 932 2298 offerebatur
956 2243 1270 2299 sacriﬁcium
1291 2286 1305 2309 ,
1332 2255 1584 2315 quantum
1612 2262 1708 2316 pro
1734 2248 1848 2303 solo
1873 2262 1959 2303 sa-

378 2333 616 2387 cerdote.
650 2333 701 2387 ld
728 2341 903 2389 autem
936 2335 1233 2404 signiﬁcat,
1257 2351 1363 2405 quo
1392 2336 1562 2406 major
1583 2348 1665 2393 est
1690 2337 1916 2409 dignitas
1934 2379 1952 2404 ,

380 2442 447 2477 eo
471 2425 687 2494 gravius
722 2422 843 2480 esse
864 2440 1050 2480 eorum
1092 2427 1180 2496 qui
1208 2435 1428 2496 peccant
1468 2428 1801 2498 supplicium.
1833 2428 1956 2485 Ideo

377 2529 498 2583 qua:
521 2515 832 2583 simpliciter
855 2516 1068 2585 quidem
1100 2515 1352 2571 fornicata
1379 2526 1525 2581 erat,
1554 2517 1621 2574 de
1649 2519 1826 2575 medio
1851 2522 1953 2576 tol-

379 2606 587 2659 lehatur
609 2619 632 2662 ε
656 2606 945 2660 sacerdotis
969 2615 1144 2660 autem
1174 2606 1276 2661 ﬁlia
1305 2607 1730 2663 comburebatur.
1762 2609 1957 2667 Possu-

378 2713 497 2751 mus
535 2697 692 2751 etiam
720 2696 930 2751 aliunde
967 2697 1144 2751 videre
1185 2706 1239 2752 et
1263 2699 1469 2752 veniam
1495 2740 1508 2762 ,
1550 2707 1605 2753 et
1641 2699 1951 2769 gravitatem

375 2789 560 2856 augeri
600 2788 876 2857 supplicii,
922 2795 978 2842 ut
1007 2803 1126 2842 cum
1158 2789 1201 2842 is
1238 2789 1329 2858 qui
1359 2789 1629 2858 peccavit,
1659 2790 1744 2847 hic
1770 2806 1954 2862 ptenas

374 2886 561 2950 dedit,
602 2886 735 2939 alius
774 2892 950 2938 autem
995 2896 1053 2936 se
1099 2882 1362 2949 voluptate
1390 2881 1637 2951 explevit.
1671 2881 1763 2939 ille
1807 2883 1950 2938 enim

375 2977 482 3031 illic
515 2975 744 3044 majores
767 3016 783 3041 ,
820 2972 908 3028 hic
936 2987 1061 3027 vero
1087 2972 1318 3028 minores
1349 2985 1530 3041 ptenas
1556 2972 1738 3041 dabit,
1768 2973 1813 3028 si
1843 2988 1949 3029 non

375 3068 463 3122 hic
482 3066 640 3121 fuerit
656 3065 870 3119 omnino
889 3064 1179 3119 absolutus.
1204 3064 1270 3117 Et
1290 3062 1340 3118 id
1365 3062 1665 3135 signiﬁcans
1684 3064 1948 3130 Christus,

375 3159 578 3215 inducit
598 3158 861 3213 Abraham
889 3156 1151 3212 dicentem
1186 3154 1333 3210 diviti
1363 3173 1377 3211 :
1409 3154 1656 3225 Recepisti
1685 3154 1816 3209 bona
1840 3164 1951 3223 tua,

377 3254 458 3307 hic
499 3266 614 3306 vero
647 3251 781 3304 mala
801 3265 821 3315 ;
847 3257 893 3304 et
922 3264 1054 3301 nunc
1082 3247 1162 3301 hic
1202 3246 1592 3301 consolationem
1628 3245 1811 3317 accipit
1837 3287 1851 3312 ,
1895 3256 1951 3300 tu

375 3362 491 3399 t-ero
509 3342 749 3396 cruciaris
792 3340 812 3410 (
827 3339 953 3394 Luc.
980 3340 1065 3394 16.
1097 3339 1168 3394 25
1187 3338 1226 3409 ).
1258 3338 1361 3393 Sed
1391 3338 1473 3393 hie
1500 3338 1711 3408 quidem
1737 3340 1835 3395 sibi
1865 3339 1947 3392 in-

376 3445 582 3506 tegrum
624 3433 916 3489 reservavit
957 3431 1309 3502 supplicium,
1350 3440 1404 3485 et
1433 3430 1555 3485 ideo
1580 3432 1812 3500 graviter
1853 3432 1950 3487 fuit

376 3530 593 3598 punitus
614 3543 631 3583 :
656 3527 744 3582 alii
770 3535 944 3580 autem
976 3540 1078 3579 non
1120 3524 1381 3594 integrum
1404 3564 1421 3590 ,
1464 3523 1557 3579 sed
1586 3538 1651 3578 ex
1679 3532 1828 3594 parte
1850 3565 1871 3592 ,
1894 3533 1949 3580 et

377 3621 500 3676 ideo
526 3620 692 3674 levius
716 3619 1020 3688 puniuntur.
1053 3615 1253 3671 Viderit
1276 3616 1436 3671 etiam
1460 3615 1722 3684 quispiam
1746 3615 1949 3685 suppli-

374 3712 443 3766 cii
483 3710 830 3765 differentiam
869 3723 935 3762 ex
965 3720 1150 3775 magna
1180 3704 1524 3773 intelligentia
1552 3711 1607 3760 et
1641 3718 1705 3760 ex
1744 3705 1948 3775 simpli-

371 3824 388 3855 ι
406 3804 556 3867 itate,
577 3810 631 3855 ut
656 3800 863 3871 quando
884 3799 1009 3853 dicit
1030 3795 1945 3864 :Servusquinooitvoluntatemdomi-
1968 3862 1973 3867 η

371 3884 431 3935 ni
440 3887 598 3949 sui,et
614 3903 714 3941 non
722 3886 860 3956 fecit,
871 3885 1137 3957 vapulabit
1148 3883 1352 3939 multis:
1369 3886 1455 3955 qui
1474 3894 1643 3940 autent
1666 3902 1766 3941 non
1786 3888 1943 3954 nouit,

369 3994 462 4032 nec
501 3978 658 4046 fecit,
702 3976 956 4046 vapulabit
1005 3976 1179 4045 paucis
1212 3976 1230 4045 (
1251 3974 1336 4029 Id.
1370 3976 1457 4030 12.
1488 3977 1576 4032 47.
1617 3976 1686 4033 48
1711 3977 1751 4047 ).
1783 3977 1945 4033 Multa

368 4071 533 4123 etiam
567 4069 670 4123 alia
707 4069 966 4122 invenerit
990 4066 1248 4136 quispiam
1289 4082 1408 4137 qua:
1435 4066 1783 4123 dill'erentiam
1817 4082 1947 4139 sup-

369 4161 512 4230 plicii
563 4161 766 4229 pariunt
803 4201 817 4223 ,
877 4160 999 4213 item
1034 4154 1404 4213 'tliﬁ'erentiam
1449 4158 1827 4214 misericordiae
1891 4168 1946 4215 et

367 4252 726 4323 benignitatis.
755 4252 1039 4307 Considera
1068 4259 1241 4304 autem
1276 4248 1329 4304 id
1373 4250 1533 4305 etiam
1573 4251 1624 4305 in
1653 4253 1824 4322 primo
1849 4252 1946 4308 ho-

367 4347 535 4401 mine.
587 4344 829 4400 Peccavit
872 4345 976 4399 Eva
1004 4385 1017 4407 ,
1053 4343 1288 4413 peccavit
1331 4343 1490 4398 etiam
1529 4344 1699 4399 Adam
1733 4363 1746 4399 :
1776 4361 1938 4400 unum

365 4447 547 4492 autem
574 4444 687 4491 erat
712 4444 1003 4507 peceatmn.
1033 4436 1203 4489 Ambo
1230 4436 1372 4490 enim
1402 4436 1469 4490 de
1508 4436 1945 4494 fructucomede-

365 4537 493 4582 runt
522 4546 537 4580 :
561 4527 716 4581 ambo
743 4536 915 4582 autem
953 4542 1056 4579 non
1083 4526 1295 4581 easdem
1324 4542 1506 4596 pmnas
1532 4527 1814 4582 dederunt.
1841 4528 1945 4585 0c-

362 4618 494 4672 eidit
521 4618 653 4671 Cain
673 4658 686 4683 ,
720 4626 773 4671 et
796 4617 990 4672 occidit
1015 4616 1243 4671 Lameeh
1270 4633 1285 4681 ;
1313 4627 1368 4671 et
1394 4616 1478 4671 hic
1497 4616 1710 4686 quidem
1737 4618 1947 4674 miseri-

362 4711 603 4765 cordiam
622 4718 705 4764 est
729 4719 1066 4779 assequutus,
1092 4709 1177 4765 ille
1205 4725 1330 4765 vero
1356 4710 1572 4781 punitus
1595 4721 1698 4771 est.
1725 4712 1948 4783 Collegit

362 4802 626 4872 quispiam
654 4801 793 4871 ligna
818 4799 1037 4855 sabbato
1063 4840 1079 4866 ,
1108 4809 1162 4855 et
1200 4801 1398 4854 nullam
1436 4801 1645 4855 veniam
1676 4811 1759 4857 est
1800 4818 1948 4859 asse-

360 4901 560 4963 quutus
582 4889 602 4962 (
624 4888 787 4945 Num.
818 4891 905 4947 l5.
933 4889 1027 4947 59..
1055 4907 1162 4961 sqq.
1186 4890 1227 4961 ).
1260 4889 1423 4945 David
1467 4891 1679 4959 occidit,
1715 4901 1771 4947 et
1792 4893 1946 4948 adul-

362 4986 559 5042 terium
586 4986 888 5052 commisit,
916 4993 970 5041 et
996 4985 1220 5040 salutem
1260 4993 1342 5038 est
1366 4993 1745 5055 consequutus.
1774 4984 1831 5040 In
1861 4985 1945 5042 his

357 5096 491 5151 ergo
527 5077 827 5150 qucrendis
854 5077 1201 5132 immoremur
1227 5092 1242 5130 :
1271 5076 1439 5130 multo
1462 5082 1545 5131 est
1586 5077 1728 5132 enim
1755 5078 1945 5133 melius

359 5173 476 5228 haec
499 5171 768 5241 inquirere
790 5211 807 5236 ,
846 5184 1005 5240 quam
1045 5168 1200 5236 nugis
1226 5177 1279 5223 et
1307 5169 1662 5224 conventibus
1687 5171 1776 5239 qui
1814 5171 1949 5225 ﬁunt

356 5267 413 5321 in
438 5263 570 5320 foris
595 5263 830 5319 deditum
859 5275 1000 5317 esse.
1024 5259 1145 5315 Non
1166 5260 1336 5315 solum
1368 5260 1514 5314 enim
1532 5258 1646 5316 haec
1667 5262 1905 5319 invenire
1922 5306 1939 5331 ,

358 5358 452 5414 sed
475 5359 632 5414 etiam
658 5371 897 5429 quaerere
920 5395 936 5422 ,
979 5368 1228 5424 magnum
1270 5360 1353 5408 est
1401 5352 1604 5408 lucrum
1628 5392 1647 5420 ,
1699 5355 1797 5411 etsi
1836 5371 1940 5411 non

358 5448 701 5506 inveniamus.
717 5445 985 5518 Cogemur
1006 5445 1145 5501 enim
1168 5446 1220 5499 in
1243 5444 1324 5499 his
1344 5444 1635 5512 immorari,
1659 5455 1715 5501 et
1733 5447 1942 5502 univer«

355 5556 472 5595 sum
501 5551 705 5611 tempus
730 5538 783 5593 in
808 5538 894 5593 bis
910 5533 1368 5593 consumere.'Cur
1391 5550 1518 5605 ergo
1538 5536 1771 5608 (oportet
1795 5538 1936 5592 enim

350 5631 418 5685 ad
437 5632 580 5701 prius
601 5630 894 5687 institutam
921 5627 1096 5683 redire
1122 5624 1460 5699 orationem),
1490 5642 1608 5681 cum
1636 5643 1821 5682 mones
1848 5628 1941 5683 lu-

350 5721 452 5777 dmi
482 5721 698 5777 vitulum
726 5717 1075 5784 eonﬁassent,
1101 5716 1189 5771 alii
1218 5715 1430 5786 quidem
1458 5717 1624 5787 puniti
1656 5727 1778 5773 sunt
1798 5760 1811 5785 ,
1840 5719 1931 5773 alii

2090 419 2218 460 vero
2249 406 2509 463 minime?
2538 408 2687 478 Quod
2718 410 2792 465 illi
2822 410 3035 483 quidem
3068 413 3377 482 poenitentia
3406 417 3584 485 ducti,
3615 431 3670 475 et

2083 495 2251 564 ipsam
2283 507 2523 554 naturam
2550 499 2701 556 obliti
2733 502 2858 569 sint,
2883 514 3003 558 cum
3034 504 3242 574 pietatis
3266 523 3422 562 causa
3448 511 3662 579 propin-

2080 602 2215 655 quos
2247 597 2545 645 necarunt:
2592 591 2666 645 illi
2709 608 2835 647 vero
2881 606 3308 662 perseverarunt.
3361 599 3539 669 itaque
3570 599 3668 654 fuit

2078 679 2295 740 quidem
2330 691 2606 749 peccatum
2634 685 2838 754 aequale
2866 702 2881 741 :
2914 686 3008 741 sed
3036 703 3154 758 qua:
3184 702 3511 760 consequuta
3541 701 3673 745 sunt

2080 782 2183 821 nco
2208 768 2355 824 fuere
2376 774 2616 842 :equalia.
2637 774 2811 842 Quare
2832 786 3007 832 autem
3027 787 3081 833 et
3109 779 3162 834 in
3182 780 3372 848 Adam,
3400 792 3451 838 et
3478 784 3527 838 in
3552 776 3661 839 Eva

2078 876 2182 915 non
2214 862 2309 917 fuit
2353 863 2490 920 idem
2514 868 2831 937 supplicium
2862 870 2961 925 etsi
2991 869 3148 926 fuerit
3176 872 3314 928 idem
3345 885 3616 945 peccatum
3635 875 3663 930 ἲ

2077 951 2210 1018 Quia
2254 969 2358 1008 non
2403 954 2542 1011 idem
2582 967 2696 1013 erat
2724 974 2751 1012 a
2783 960 3006 1016 muliere
3038 961 3318 1033 deceptum
3348 980 3468 1021 esse
3494 1007 3507 1030 ,
3552 977 3605 1022 et
3628 984 3659 1022 a

2075 1055 2340 1113 serpente.
2371 1045 2549 1117 Itaque
2575 1049 2769 1103 Paulus
2792 1050 2920 1105 illud
2948 1054 3233 1122 appellavit
3262 1055 3657 1126 deceptionem,

2073 1128 2258 1188 dicens
2292 1153 2305 1189 :
2336 1136 2498 1190 Adam
2526 1155 2626 1191 non
2647 1139 2744 1208 fuit
2764 1141 3021 1211 deceptus,
3055 1144 3237 1197 mulier
3256 1156 3422 1199 autem
3450 1147 3659 1217 decepta

2074 1223 2169 1294 fuit
2200 1225 2250 1279 in
2278 1230 2673 1299 transgressione
2706 1230 2788 1299 (1.
2836 1230 2971 1285 Tim.
3003 1234 3058 1286 2.
3105 1232 3233 1306 ll).
3277 1234 3385 1289 Cur
3407 1247 3580 1290 autem
3614 1238 3658 1291 is

2072 1315 2163 1386 qui
2182 1318 2320 1389 ligna
2341 1320 2643 1391 coilegerat,
2668 1339 2771 1378 non
2797 1335 2878 1380 est
2900 1335 3215 1396 assequutus
3237 1328 3482 1382 veniam?
3510 1330 3656 1398 Quo-

2073 1409 2214 1463 niam
2260 1421 2375 1465 erat
2428 1414 2672 1468 maximae
2713 1416 3002 1485 iniqnitatis
3035 1415 3353 1488 praceptum
3383 1421 3558 1473 statim
3590 1422 3655 1473 ab

2072 1498 2224 1554 initio
2246 1503 2561 1571 transgredi,
2594 1513 2647 1559 et
2672 1507 2951 1574 oportebat
2981 1508 3097 1561 aliis
3127 1524 3376 1576 magnum
3409 1512 3652 1565 timorem

2071 1590 2297 1647 immitti.
2313 1593 2423 1650 lloc
2432 1596 2592 1652 etiam
2608 1599 2663 1655 in
2676 1597 2938 1670 Sapphira
2950 1595 3217 1655 etAnania
3231 1598 3560 1672 accidit(Act.
3573 1602 3653 1673 5).

2069 1679 2245 1737 Etnos
2259 1684 2433 1753 itaque
2448 1686 2658 1753 quando
2677 1701 2973 1756 peccamus,
2987 1690 3472 1752 consideremus,an
3489 1695 3651 1745 simus

2069 1769 2210 1841 digni
2241 1772 2601 1829 misericordia
2626 1818 2639 1841 ,
2669 1778 2713 1832 si
2740 1777 2865 1848 quid
2895 1778 3116 1835 fecimus
3147 1789 3203 1834 ttt
3228 1781 3646 1836 miseriam-diam

2066 1875 2432 1933 assequamur,
2462 1866 2504 1920 si
2553 1869 2861 1936 poenitentia
2889 1869 3032 1925 ducti
3072 1885 3276 1937 sumus,
3306 1872 3351 1926 si
3399 1873 3650 1927 meliores

2067 1956 2353 2022 evasimus,
2384 1959 2427 2011 si
2453 1958 2772 2015 destitimus.
2806 1961 2937 2016 Nam
2973 1963 3280 2032 ptenitentia
3308 1964 3532 2020 salutem
3563 1981 3650 2020 as-

2066 2048 2258 2118 sequi,
2298 2048 2423 2103 illud
2454 2060 2533 2105 est
2562 2066 2592 2105 a
2622 2051 2713 2106 Dei
2743 2054 3103 2109 misericordia
3144 2056 3366 2110 servari.
3407 2054 3480 2109 ita
3518 2072 3646 2127 ergo

2066 2139 2152 2195 bic
2176 2141 2337 2195 etiam
2370 2151 2520 2212 rogat
2550 2143 2671 2199 inde
2697 2146 2919 2213 servari,
2948 2162 3012 2199 ex
3044 2146 3312 2218 lacrymis,
3346 2162 3409 2201 ex
3438 2147 3643 2202 lamen-

2067 2233 2370 2289 tationibus.
2396 2237 2448 2291 7.
2476 2235 2676 2293 Lavabo
2701 2239 2863 2304 enim,
2898 2239 3085 2311 inquit,
3117 2257 3206 2309 per
3224 2239 3450 2312 singulas
3475 2252 3642 2295 noctes

2063 2325 2245 2380 lectunt
2288 2343 2489 2392 meum;
2531 2328 2766 2400 lacrymis
2815 2330 2936 2384 meis
2983 2339 3198 2385 stratum
3237 2347 3400 2384 meum
3444 2332 3659 2402 rigubo.‘

2064 2418 2120 2476 ld
2150 2430 2254 2485 est,
2287 2437 2351 2477 ex
2374 2426 2798 2493 compunctione.
2831 2424 2884 2479 '5.
2907 2424 3211 2479 Conturbata
3230 2434 3348 2478 sunt
3370 2441 3482 2478 ossa
3510 2441 3637 2487 utea,

2060 2514 2116 2569 4.
2143 2522 2187 2568 et
2206 2516 2376 2568 anima
2401 2533 2510 2570 mea
2533 2516 2728 2570 turbata
2754 2526 2823 2572 est
2844 2518 3005 2571 valde.
3030 2517 3144 2572 Non
3168 2516 3268 2572 hoc
3291 2518 3468 2571 statim
3490 2518 3637 2579 dicit,

2060 2603 2155 2658 sed
2184 2604 2251 2659 ad
2282 2614 2483 2661 natum
2505 2606 2864 2663 inﬁrmitatem
2892 2607 3148 2678 confugit,
3174 2608 3375 2663 dicens.
3404 2609 3456 2664 5.
3483 2607 3638 2662 Mise-

2056 2699 2290 2764 reremei,
2313 2697 2540 2765 Domine,
2559 2700 2794 2763 quoniam
2806 2700 3037 2769 inﬁrmus
3051 2717 3181 2755 sum.
3204 2700 3274 2754 Ita
3296 2701 3440 2764 dicit.
3461 2711 3639 2755 osten-

2057 2789 2190 2843 dens
2208 2789 2307 2844 hoc
2327 2806 2431 2845 non
2446 2791 2615 2846 solum
2635 2791 2880 2847 sufficere
2901 2810 2912 2844 :
2932 2792 2973 2846 si
2993 2794 3129 2845 enim
3149 2793 3432 2853 sufﬁceret,
3456 2807 3642 2845 omnes

2057 2896 2123 2935 ex
2166 2897 2232 2935 eo
2274 2883 2468 2936 servati
2512 2891 2722 2948 essent;
2772 2896 2955 2936 omnes
2994 2883 3135 2937 enim
3166 2894 3345 2935 summ
3375 2882 3632 2935 homim-s.

2128 2974 2181 3028 5.
2224 2974 2347 3028 Mihi
2376 2983 2575 3041 autem,
2602 2973 2648 3027 si
2674 2974 2740 3028 de
2770 2989 2833 3028 eo
2859 2973 3053 3042 aliquid
3080 2975 3317 3027 exactius
3352 2973 3636 3026 dicendum

2057 3075 2158 3134 est,
2187 3065 2409 3121 fortasse
2440 3082 2505 3121 ne
2527 3064 2627 3121 hoc
2656 3065 2866 3135 quidem
2893 3064 3099 3117 videtur
3118 3062 3326 3117 dicere:
3352 3063 3444 3117 sed
3473 3064 3636 3132 signi-

2058 3158 2180 3213 ﬁcat
2208 3158 2621 3214 imbecillitatem
2636 3174 2752 3228 qua:
2770 3157 3123 3228 proﬁciscitur
3148 3170 3209 3208 ex
3231 3155 3630 3219 tcntationihus,

2055 3247 2121 3303 ad
2149 3247 2566 3303 misericordiam
2595 3256 2651 3302 et
2669 3248 2877 3301 veniam
2905 3244 3308 3315 assequendam,
3344 3244 3479 3297 hanc
3504 3261 3635 3312 quo-

2054 3355 2159 3409 que
2184 3354 2287 3393 non
2320 3353 2537 3408 parvam
2564 3338 2820 3392 rationem
2843 3337 3090 3392 affet-eus.
3123 3336 3234 3389 lloc
3259 3334 3490 3388 etiamin
3512 3349 3633 3402 pro-

2053 3446 2240 3501 gressu
2266 3430 2601 3501 signiﬁcavit,
2632 3429 2813 3484 dicens
2846 3445 2860 3480 :
2890 3428 2942 3482 8.
2981 3426 3255 3481 Inveterari
3284 3426 3414 3478 inter
3463 3441 3633 3478 omnes

2052 3523 2281 3577 inimicos
2336 3538 2493 3575 meos.
2544 3519 2775 3575 Afﬁictio
2822 3520 2962 3573 enim
3016 3533 3135 3588 quae
3182 3531 3301 3571 cum
3345 3517 3631 3586 gratiarum

2051 3613 2259 3669 actione
2276 3613 2549 3678 toleratur,
2568 3612 2703 3667 solet
2731 3625 2972 3681 magnam
3000 3610 3236 3679 prmbere
3254 3624 3437 3661 ansam
3468 3608 3631 3662 mise-

2051 3706 2317 3773 ricordiae,
2346 3715 2400 3759 et
2427 3705 2592 3759 Deum
2616 3705 2837 3759 reddere
2857 3703 3160 3773 propitium.
3188 3703 3335 3756 lianc
3358 3718 3484 3773 ergo
3502 3701 3631 3755 mihi

2051 3795 2139 3851 hic
2162 3795 2371 3851 videtur
2405 3796 2722 3866 significare,
2775 3794 2992 3848 dicens:
3019 3792 3162 3848 Sana
3209 3810 3306 3859 me,
3369 3792 3581 3846 Donn'ns
3611 3834 3627 3859 ,

2051 3891 2285 3961 quoniam
2309 3889 2605 3943 conturbata
2631 3897 2747 3941 sunt
2768 3904 2881 3942 ossa
2930 3903 3060 3953 mea,
3105 3888 3158 3942 4.
3204 3897 3247 3940 et
3299 3890 3471 3940 anima
3520 3904 3631 3941 mea

2053 3982 2252 4037 turbata
2276 3991 2348 4035 est
2394 3981 2557 4035 valde.
2591 3979 2703 4035 Non
2732 3979 2899 4034 dixit:
2929 3979 3161 4034 Remitte
3212 3978 3339 4033 mihi
3364 4021 3377 4044 ,
3421 3994 3627 4049 neque,

2050 4073 2304 4129 Condoua
2335 4072 2482 4137 mihi,
2505 4072 2618 4138 sed,
2652 4073 2813 4126 Sana.
2849 4072 3015 4141 Rogat
3039 4071 3180 4126 enim
3205 4081 3259 4125 ut
3285 4071 3458 4142 priora
3484 4071 3630 4126 dele-

2049 4174 2207 4221 antur
2249 4166 2486 4219 vulnera.
2526 4163 2655 4219 Ossa
2699 4161 2784 4217 hic
2822 4163 2950 4218 dicit
2994 4162 3294 4217 universam
3334 4165 3629 4219 virtutem:

2052 4259 2405 4315 turbatiouem
2456 4267 2657 4320 autem,
2714 4271 2945 4326 ptenam,
2989 4255 3324 4324 supplicium.
3356 4254 3499 4309 Sana
3528 4273 3627 4321 me,

2048 4348 2286 4410 Domine,
2300 4349 2535 4416 quoniam
2548 4347 2839 4400 conturbata
2862 4355 2977 4400 sunt
2993 4362 3106 4399 ossa
3132 4362 3261 4411 mea,
3279 4354 3322 4399 et
3335 4351 3503 4399 anima
3520 4362 3633 4401 mea

2051 4440 2250 4494 turbata
2277 4448 2347 4493 est
2363 4439 2525 4492 valde.
2560 4437 3015 4505 Quemadmodum
3047 4448 3173 4506 ergo
3199 4436 3251 4490 in
3274 4436 3495 4490 medicis
3524 4437 3626 4491 tria

2048 4540 2195 4598 sunt,
2220 4530 2301 4585 vel
2320 4529 2494 4600 potius
2514 4538 2759 4598 quatuor,
2785 4528 2867 4581 vel
2886 4526 3045 4580 etiam
3062 4526 3294 4595 quinque
3317 4542 3329 4578 :
3365 4526 3625 4593 medicus,

2049 4638 2159 4689 ars,
2178 4628 2430 4691 mgrotus,
2462 4618 2696 4684 morbus,
2729 4618 2813 4671 vis
2839 4616 3368 4681 medicamentorum,
3398 4625 3450 4671 et
3475 4615 3627 4672 adest

2048 4712 2291 4783 quaedam
2310 4724 2480 4781 pugna
2509 4722 2572 4763 ac
2599 4707 2879 4763 conflictus
2908 4725 2921 4762 :
2954 4707 2995 4761 si
3045 4708 3187 4761 enim
3234 4722 3354 4761 cum
3385 4707 3591 4762 medico
3611 4749 3628 4773 ,

2049 4814 2186 4870 arte,
2211 4812 2267 4859 et
2292 4801 2715 4864 medicamentis,
2738 4798 3117 4856 aeceditetiam
3142 4800 3388 4854 voluntas
3416 4801 3622 4871 tugroti,

2052 4896 2293 4950 morbum
2320 4893 2574 4957 vincunt;
2605 4891 2650 4947 si
2679 4899 2857 4946 autem
2886 4906 3007 4946 cum
3060 4890 3166 4945 illis
3216 4899 3359 4945 stare
3410 4891 3463 4943 in
3516 4890 3632 4944 acie

2050 4986 2545 5053 desieritzegrotus,
2568 4982 2634 5037 ad
2684 4981 3048 5037 inﬁrmitatem
3088 4981 3321 5051 seipsum
3379 4982 3626 5035 reducit:

2052 5076 2131 5132 vel
2161 5075 2318 5131 etiam
2348 5074 2580 5143 seipsum
2606 5071 2921 5136 labefactat,
2971 5071 3015 5125 si
3072 5085 3193 5126 cum
3236 5071 3325 5125 illa
3374 5072 3631 5125 adversus

2051 5166 2339 5229 medicum,
2372 5162 2777 5229 medicamenta,
2806 5171 2861 5217 et
2884 5172 3051 5217 artem
3106 5163 3158 5217 in
3211 5163 3326 5216 acie
3379 5162 3625 5216 steterit:

2049 5258 2119 5312 ita
2148 5256 2307 5311 etiam
2337 5255 2389 5310 in
2418 5253 2574 5310 nobis
2598 5253 2809 5317 accidit,
2838 5253 2946 5307 imo
3000 5253 3170 5320 potius
3222 5266 3325 5305 non
3377 5251 3486 5317 sic,
3534 5252 3627 5306 sed

2049 5349 2215 5404 multo
2253 5345 2635 5402 admirabilius.
2692 5343 2804 5399 Sub
2847 5342 3069 5396 medicis
3119 5341 3260 5396 enim
3314 5356 3457 5414 stupe
3506 5357 3626 5398 cum

2047 5441 2257 5506 morbo,
2289 5446 2342 5493 et
2366 5452 2485 5492 eum
2512 5445 2643 5499 arte,
2677 5443 2731 5490 et
2757 5449 2878 5489 cum
2903 5432 3300 5487 medicamentis
3327 5443 3432 5489 stat
3458 5450 3628 5505 a-gro-

2049 5543 2153 5597 tus,
2181 5542 2235 5585 et
2265 5540 2442 5583 tamen
2471 5526 2602 5580 nihil
2620 5524 2857 5596 prodest,
2884 5538 3002 5577 cum
3029 5533 3089 5579 et
3132 5534 3313 5578 natura
3364 5526 3627 5583 imbecilla

2045 5624 2133 5687 sit,
2159 5632 2211 5675 et
2236 5633 2327 5673 ars
2361 5632 2469 5671 non
2490 5615 2827 5679 successerit,
2858 5629 2954 5668 nec
2981 5615 3178 5669 exitum
3225 5614 3522 5680 invenerit,
3572 5626 3627 5672 et

2051 5717 2126 5771 vis
2175 5709 2679 5767 medicamentorum
2726 5706 2904 5775 aliquo
2932 5720 3056 5760 casu
3087 5707 3399 5761 evanuerit:
3432 5708 3482 5761 in
3518 5709 3625 5766 Deo
