4106 6422
504 242 571 299 τε
1297 245 1350 297 s.
1410 204 1686 305 missis
1720 240 2193 300 ettuvsos'rout
2235 245 2548 304 ABCIIIEP.
2589 251 3118 314 CONSTANTINOP.
3691 272 3759 329 re

501 367 673 415 autem
698 356 801 413 hoc
828 371 931 413 non
951 365 1033 413 est
1056 399 1071 424 ,
1103 355 1194 412 scd
1224 356 1266 410 si
1292 372 1414 410 cum
1449 354 1655 411 medico
1677 356 1907 418 steteris,
1953 370 2073 408 om-

500 449 627 503 nino
651 447 825 502 sanari
851 446 999 501 ulcus
1015 453 1243 516 oportet.
1276 444 1390 500 Non
1418 454 1498 500 est
1523 445 1664 500 enim
1695 459 1782 500 ars
1804 444 2037 499 humana
2056 491 2070 511 ,

501 550 559 593 nt
584 537 775 594 effectu
801 547 1012 596 careat:
1038 536 1129 592 sed
1150 536 1323 591 divina
1347 536 1587 605 facultas,
1599 552 1717 608 quae
1741 546 1795 593 et
1812 546 2074 604 naturam,

501 640 554 684 et
580 629 819 695 morbos,
848 638 902 684 et
927 630 1345 699 improbitatem,
1369 638 1424 684 et
1451 645 1612 685 onme
1634 630 1864 700 denique
1889 629 2074 685 vitium

498 730 732 792 superat.
766 723 831 776 Et
860 721 980 777 ideo
1005 720 1092 776 hic
1113 736 1325 793 quoque
1358 737 1478 777 cum
1505 721 1570 777 ad
1601 722 1767 776 Deum
1810 732 2076 792 tamquam

498 814 561 868 ad
580 813 843 869 medicum
871 815 1205 881 accessisset,
1232 814 1444 870 dicebat
1472 832 1486 869 :
1519 814 1664 870 Sana
1691 832 1790 880 me,
1825 815 2037 869 Domine
2057 855 2074 881 ,

495 905 734 974 quoniam
769 903 1067 959 conturbata
1084 916 1200 960 sunt
1224 922 1337 960 ossa
1359 922 1488 960 mea.
1515 905 1761 961 Nonnulli
1789 915 1964 962 autem
1989 906 2074 960 di-

496 1006 623 1051 cunt
646 1012 767 1051 eum
790 995 879 1052 hic
904 996 1083 1053 dicere
1112 998 1569 1053 conturbationem
1601 999 1766 1064 illam,
1785 1014 1903 1067 quzc
1934 1000 1988 1051 tit
2010 1014 2075 1052 ex

496 1096 735 1157 peccato.
766 1087 1225 1156 Quemadmodum
1254 1089 1396 1143 enim
1450 1090 1665 1160 quando
1714 1090 1855 1144 venti
1909 1090 2073 1144 velte-

496 1186 705 1234 mentes
732 1177 867 1234 mari
893 1179 1247 1244 incubuerint,
1275 1181 1452 1235 omnia
1495 1180 1726 1245 turbant,
1757 1190 1811 1234 et
1852 1196 1970 1250 quae
1998 1189 2078 1234 est

496 1268 551 1322 in
578 1268 841 1340 profundo
868 1284 1028 1326 arena
1053 1285 1261 1326 sursum
1289 1271 1473 1338 fertur,
1523 1281 1577 1328 et
1600 1272 1689 1341 qui
1721 1280 1987 1342 navigant,
2023 1273 2075 1326 in

497 1374 694 1431 magno
717 1372 999 1418 versantur
1027 1363 1262 1433 periculo
1286 1379 1301 1418 :
1332 1364 1402 1418 ita
1431 1364 1592 1419 etiam
1620 1365 1672 1418 in
1713 1364 1865 1419 nobis
1895 1365 2076 1419 turba-

500 1461 585 1506 tur
614 1454 815 1519 anima,
840 1462 1084 1509 movetur
1110 1469 1340 1524 corpus:
1370 1454 1545 1509 omnia
1576 1454 1912 1525 complentur
1940 1465 2077 1510 tem-

503 1553 745 1611 pestate:
775 1553 829 1600 et
855 1544 1012 1615 plena
1043 1556 1125 1600 est
1154 1546 1307 1602 nobis
1334 1546 1586 1617 deinceps
1609 1547 1796 1619 cymba
1824 1548 2078 1604 tumultus

495 1648 559 1688 ac
591 1634 1019 1705 perturbationis,
1046 1635 1228 1692 densae
1255 1645 1381 1693 sunt
1423 1638 1655 1693 tenebrm
1683 1676 1701 1706 ,
1752 1648 1807 1693 et
1857 1648 2081 1708 pereunt

501 1726 677 1780 nuntia
694 1727 922 1798 propriis
949 1728 1081 1784 locis
1108 1728 1328 1797 relictis,
1349 1738 1534 1800 estque
1560 1731 1788 1785 maxima
1811 1730 2074 1787 confusio.

500 1815 612 1871 lloc
632 1818 861 1873 maxime
881 1827 935 1873 et
976 1820 1027 1874 in
1066 1820 1364 1876 libidinosis
1393 1821 1530 1876 solet
1553 1822 1927 1892 cupiditatibus
1953 1838 2079 1878 eve-

498 1909 633 1973 nire.
662 1908 763 1965 boc
783 1912 944 1967 etiam
976 1913 1154 1982 inira,
1180 1914 1300 1969 etin
1319 1915 1729 1971 calamitatibus.
1781 1915 1906 1971 Htec
1936 1917 2080 1972 enim

502 2000 679 2055 omnia
708 2002 1031 2066 conturbant
1053 2011 1109 2060 et
1133 2019 1254 2060 ossa
1280 2006 1602 2073 ctanimam,
1635 2015 1690 2062 et
1734 2009 1945 2078 pupillae
1994 2010 2078 2063 in-

500 2100 799 2158 vertuntur,
825 2102 880 2147 et
908 2109 1006 2150 nec
1030 2095 1172 2150 oculi
1198 2096 1411 2167 quidem
1453 2097 1553 2152 rite
1602 2098 1874 2153 intuentur
1920 2112 1935 2148 :
1985 2099 2079 2154 sed

497 2182 945 2253 quemadmodum
999 2188 1325 2257 perturbato
1354 2188 1568 2260 auriga,
1626 2189 1747 2261 equi
1793 2190 2083 2246 insolenter

499 2275 775 2332 feruntur:
805 2277 879 2333 ita
906 2278 1065 2334 etiam
1109 2279 1420 2336 conturbata
1470 2282 1675 2337 ratione
1721 2282 1899 2337 omnia
1948 2297 2081 2338 con-

496 2367 826 2435 funduntur,
870 2369 1049 2424 omnia
1095 2371 1469 2439 invertuntur,
1525 2383 1580 2429 et
1624 2375 1889 2444 propriam
1938 2376 2079 2430 viam

499 2458 768 2513 amittunt.
805 2458 1084 2528 Quomodo
1123 2470 1299 2517 autem
1336 2462 1450 2518 lucc
1500 2463 1591 2518 fiat
1630 2465 1973 2533 perturbatio,
2004 2465 2085 2519 di-

501 2564 625 2606 cere
670 2551 831 2608 etiam
879 2567 1100 2609 necesse
1142 2560 1245 2609 est.
1284 2554 1399 2610 Non
1442 2556 1585 2612 enim
1633 2567 1690 2611 ut
1736 2558 1789 2612 in
1834 2558 1969 2613 mari
2016 2575 2083 2615 ex

458 2694 479 2712 ,
500 2648 783 2715 ventorum
813 2641 1039 2712 impetu,
1082 2642 1154 2698 ita
1181 2643 1340 2700 etiam
1373 2645 1424 2700 in
1456 2646 1632 2701 anima
1684 2662 1750 2703 ex
1805 2649 2078 2719 inopinato

505 2745 654 2801 casu,
684 2731 781 2788 sed
807 2748 875 2788 ex
900 2741 1084 2788 nostra
1109 2735 1351 2790 socordia
1378 2736 1573 2792 evenit.
1604 2736 1732 2792 Nam
1762 2749 1820 2793 ut
1848 2739 1927 2794 vel
1958 2738 2046 2794 liat
2063 2782 2078 2804 ,

498 2823 586 2879 vel
611 2838 717 2878 non
740 2824 853 2891 fiat,
885 2824 982 2894 ipsi
1007 2825 1061 2879 in
1093 2840 1253 2883 causa
1281 2841 1485 2882 sumus.
1513 2828 1619 2895 Ut,
1669 2831 1817 2886 verbi
1868 2831 2034 2901 gratia
2064 2873 2081 2898 ,

500 2923 686 2972 exorta
709 2916 1017 2987 cupiditate,
1053 2917 1154 2972 nisi
1182 2927 1235 2973 tu
1254 2920 1519 2974 ﬂammam
1539 2921 1878 2989 excitaveris,
1899 2920 2084 2978 fornas

501 3022 606 3061 non
636 3005 964 3074 accenditur,
986 3007 1089 3062 nisi
1112 3009 1352 3064 materia:
1379 3009 1590 3065 dederis
1614 3012 1942 3067 alimentum.
1966 3012 2082 3069 Non

424 3170 430 3174 ἡ
500 3096 809 3152 accenditur
828 3106 1005 3153 autem
1036 3096 1245 3165 fornax,
1279 3099 1380 3154 nisi
1434 3099 1501 3155 de
1547 3103 1803 3171 speciosis
1854 3104 2085 3159 vultibus

502 3187 715 3244 curiose
756 3188 1128 3259 investigaris,
1179 3189 1280 3244 nisi
1331 3189 1398 3245 de
1447 3191 1620 3246 aliena
1660 3192 2080 3261 pulcbritudiue'

504 3281 668 3336 fueris
697 3281 918 3335 nimium
963 3281 1244 3348 sollicitus,
1298 3283 1398 3338 nisi
1464 3284 1515 3338 in
1543 3285 1747 3340 theatra
1800 3287 2085 3357 iniquitatis

503 3371 831 3428 ascenderis.
859 3372 968 3427 Nisi
995 3372 1137 3429 enim
1173 3389 1385 3428 carnem
1413 3374 1618 3430 deliciis
1658 3375 2043 3446 pinguefeceiis
2067 3421 2083 3442 ,

506 3466 605 3521 nisi
632 3466 755 3521 vino
775 3467 1034 3521 rationem
1061 3467 1304 3521 obrucris
1327 3508 1342 3531 ,
1392 3466 1604 3521 ﬂamma
1650 3484 1753 3521 non
1784 3470 2043 3524 excitatur
2069 3510 2083 3533 ,

508 3558 693 3612 fornax
724 3572 833 3612 non
859 3556 1185 3621 accenditur,
1236 3573 1342 3612 non
1383 3558 1558 3612 evadit
1603 3558 1774 3613 bellua
1819 3559 2044 3615 ferocior
2068 3604 2083 3625 ,

511 3666 614 3704 non
640 3659 907 3719 tamquam
936 3665 968 3704 a
992 3649 1166 3704 ventis
1187 3650 1504 3705 immanibus
1531 3650 1860 3705 exscinditur
1885 3653 2086 3722 cogita-

510 3738 671 3793 tionis
699 3737 920 3809 puritas.
950 3738 1076 3794 litae
1100 3753 1245 3810 ergo,
1278 3739 1469 3810 inquit,
1513 3738 1579 3794 ad
1609 3740 1908 3795 evitandum
1960 3757 2091 3811 pee-

508 3830 610 3886 cati
638 3829 909 3886 ﬂammam
935 3829 1240 3887 sufficiunt?
1269 3829 1382 3885 Non
1403 3828 1671 3887 sufficiunt
1701 3830 1814 3885 inec
1833 3831 1965 3898 sola,
1994 3832 2087 3887 sed

511 3929 723 3994 oportet
748 3924 907 3978 etiam
931 3922 1034 3978 alia
1062 3922 1341 3991 accedere,
1364 3923 1634 3978 orationes
1659 3922 1916 3988 assiduas,
1961 3938 2089 3979 san-

514 4020 727 4063 ctorum
738 4010 1206 4075 consuetudinem,
1218 4008 1481 4081 jejunium
1500 4011 1862 4079 moderatum,
1889 4014 2085 4068 victum

518 4109 757 4165 tenuem,
790 4113 1089 4154 necessaria
1113 4100 1388 4165 exercitia,
1412 4110 1537 4156 ante
1559 4100 1659 4155 alia
1689 4112 1866 4157 autem
1911 4103 2105 4169 omnia,

518 4191 610 4246 Dei
640 4191 903 4257 timorem,
926 4190 1160 4247 futurum
1185 4191 1467 4261 judicium,
1527 4193 1785 4263 supplicia
1826 4194 2088 4249 intolera—

510 4282 660 4350 bilia,
693 4281 952 4337 bonorum
979 4281 1380 4352 promissiones.
1410 4283 1512 4339 Per
1543 4284 1657 4338 haec
1698 4284 1875 4339 omnia
1925 4283 2093 4340 refre-

518 4390 646 4439 nare
672 4385 824 4447 potes
844 4374 1187 4446 cupiditatem
1213 4375 1359 4429 rabie
1411 4375 1747 4446 exagitatam,
1803 4384 1862 4431 et
1902 4366 2093 4432 sedare

518 4482 665 4521 mare
688 4474 1016 4523 commotum
1038 4463 1301 4521 ﬂuctibus.
1336 4464 1442 4521 Sed
1455 4464 1781 4536 ttt,Domine,
1798 4484 2049 4539 usquequo
2069 4469 2095 4522 ?

515 4557 571 4613 5.
590 4555 903 4624 Convertere,
933 4556 1168 4620 Domine,
1189 4557 1326 4629 eripe
1348 4558 1572 4613 animam
1593 4575 1776 4627 meam,
1799 4561 1996 4615 salvum
2016 4579 2097 4618 ms

519 4651 602 4715 {ac
632 4658 835 4719 propter
863 4647 1258 4703 misericordiam
1292 4658 1455 4703 tuam.
1487 4648 1643 4705 Ponit
1678 4651 1890 4707 assidue
1915 4651 2041 4707 illud
2072 4695 2090 4719 ,

523 4738 755 4803 Domine,
776 4739 937 4795 veluti
960 4739 1242 4809 quamdam
1269 4740 1530 4796 rationem
1549 4740 1819 4798 adducens
1839 4745 2023 4814 gratia:
2043 4754 2096 4800 et

517 4829 924 4890 condonationis
962 4845 980 4882 :
1010 4838 1092 4884 est
1114 4833 1257 4885 enim
1282 4829 1399 4886 haec
1421 4839 1602 4886 nostra
1646 4846 1768 4901 spes
1819 4835 2048 4890 maxima
2080 4875 2095 4901 ,

521 4922 640 4992 ejus
664 4919 944 4977 inell‘abilis
970 4919 1248 4975 clementia
1279 4935 1342 4975 ac
1361 4920 1677 4990 benignitas,
1702 4931 1755 4978 et
1783 4923 1923 4993 quod
1971 4939 2097 4977 sua-

523 5023 612 5084 pte
632 5019 818 5067 natura
839 5012 908 5067 sit
934 5026 1229 5082 propensus
1255 5011 1323 5066 ad
1358 5011 1787 5067 condonandum.
1843 5013 1974 5069 Illud
2004 5029 2099 5068 au—

502 5114 656 5169 tem,
688 5101 972 5174 Usquequo,
1006 5116 1112 5157 nor.
1133 5110 1213 5157 est
1243 5100 1476 5173 graviter
1502 5118 1566 5157 ac
1592 5103 1815 5159 moleste
1841 5104 2058 5160 ferentis
2078 5146 2091 5167 ,

531 5194 875 5252 seddolcntis
920 5209 983 5251 ac
1023 5195 1337 5262 maerentis,
1386 5202 1442 5249 et
1488 5208 1591 5248 non
1637 5195 1850 5250 ferentis
1904 5197 2098 5251 molem

528 5286 900 5341 tentationum.

595 5466 611 5497 ί
648 5472 793 5527 κως..
822 5469 935 5510 Nam
959 5468 1007 5527 ut
1032 5462 1102 5512 vel
1125 5461 1217 5527 ﬁat
1247 5461 1321 5512 vel
1353 5474 1445 5511 non
1485 5460 1589 5526 ﬁat,
1631 5462 2103 5527 exortacupiditate,

687 5521 770 5575 nos
792 5529 866 5575 est
897 5521 979 5587 εβὶ
992 5521 1160 5587 autem
1180 5522 1428 5587 ﬂanunam
1446 5521 1538 5587 non
1560 5522 1864 5587 accenderis,
1883 5521 1996 5573 'non
2036 5521 2107 5574 at;

527 5581 704 5653 "tollitur
735 5581 948 5653 fornacis
980 5582 1142 5653 lignis;
1315 5584 1530 5635 materia:
1562 5582 1756 5636 dederis
1797 5584 2108 5648 alimentum;

526 5642 621 5696 nisi
645 5644 702 5693 tle
725 5642 881 5696 aliena
904 5642 1277 5710 pulchritudine.

1811 5808 1843 5817 .H,

2257 359 2308 412 6.
2349 358 2663 424 Convertere.
2701 362 2932 435 Domine,
2980 373 3117 441 eripe
3141 373 3364 430 animant
3406 395 3587 435 nteant.
3646 384 3761 440 Duo

2183 449 2269 505 hic
2296 451 2463 522 ponit,
2491 464 2542 509 et
2573 454 2742 525 ipsum
2770 462 3034 529 converti,
3061 471 3116 519 et
3136 466 3348 538 eripere
3368 471 3613 529 animum.
3649 477 3760 533 [loc

2182 541 2323 597 enim
2350 558 2379 595 a
2401 543 2557 612 justis
2580 549 2810 603 maximo
2835 551 3010 607 studio
3030 559 3389 627 contenditur,
3435 574 3495 618 ut
3521 566 3634 636 ipse
3675 585 3760 625 re—

2183 634 2513 703 concilietur,
2542 639 2610 692 sit
2635 639 2892 712 benignus
2920 660 2983 700 ac
3012 650 3290 718 propitius,
3319 662 3374 708 et
3414 670 3518 710 non
3543 634 3761 715 averse-

2181 733 2287 779 tur.
2312 725 2424 781 [ioc
2443 728 2583 783 enim
2614 733 2772 787 etiam
2800 736 2943 791 aliud
2965 741 3329 811 consequitur,
3353 760 3546 817 nempe
3567 757 3624 804 ιιι
3642 765 3761 806 scr-

2184 826 2338 871 vetur
2362 822 2574 886 anima;
2610 838 2713 877 non
2735 828 3182 895 quemadmodum
3214 836 3364 891 multi
3410 837 3674 909 homines,
3707 851 3762 899 et

2184 907 2413 961 maxime
2438 912 2748 978 crassiores,
2780 932 2941 971 tnmm
2964 920 3137 975 Solum
3166 926 3459 995 requirunt,
3519 940 3575 984 ut
3622 907 3762 1002 pra!—

2184 999 2319 1051 senti
2345 999 2587 1055 fruantur
2611 1006 2980 1076 prosperitate.
3006 1012 3072 1065 At
3102 1028 3207 1067 non
3240 1016 3312 1070 illi
3335 1017 3450 1085 sic;
3481 1023 3574 1077 sed
3598 999 3654 1078 ut
3674 1040 3763 1078 sa-

2185 1089 2347 1142 lutem
2379 1093 2572 1147 anima:
2593 1109 3007 1167 consequantur,
3054 1118 3160 1172 qua
3206 1106 3338 1162 nilnil
3383 1118 3466 1164 est
3497 1112 3574 1167 eis
3623 1116 3761 1169 anti—

2183 1182 2357 1249 quius.
2382 1184 2436 1238 6.
2472 1184 2721 1251 Quoniam
2748 1206 2847 1244 non
2873 1202 2945 1246 cst
2972 1194 3023 1247 in
3053 1206 3211 1249 morte
3229 1200 3316 1267 qui
3342 1217 3531 1255 memor
3544 1204 3611 1259 sit
3642 1208 3713 1259 tui
3735 1248 3754 1268 ,

2182 1273 2236 1325 in
2258 1274 2457 1345 inferno
2481 1287 2646 1331 autem
2672 1281 2784 1347 quis
2808 1284 3125 1350 conﬁtebitur
3144 1287 3273 1342 tibi?
3304 1289 3434 1347 Vide
3450 1303 3577 1363 quot
3605 1296 3760 1353 θεῖοι-ι

2183 1377 2370 1419 causas
2398 1367 2605 1422 salutis.
2637 1369 2885 1434 Quoniam
2906 1375 3138 1444 inﬁrmus
3181 1396 3313 1447 sum,
3366 1383 3554 1454 inquit,
3614 1387 3761 1454 Quo-

2184 1457 2322 1510 niam
2341 1461 2638 1515 conturbata
2658 1474 2772 1516 sunt
2800 1482 2914 1518 ossa
2937 1483 3068 1533 mea,
3121 1474 3370 1540 quoniam
3409 1474 3524 1531 lucc
3564 1487 3687 1546 pcto
3730 1494 3761 1533 a

2184 1551 2427 1617 Domino,
2460 1555 2710 1622 Quoniam
2740 1576 2838 1613 non
2867 1563 3015 1615 estin
3046 1575 3205 1620 morte
3220 1567 3307 1637 qui
3337 1584 3525 1622 memor
3551 1572 3614 1623 sit
3639 1572 3715 1624 tui
3741 1588 3761 1625 :

2182 1658 2287 1698 non
2316 1644 2419 1702 hoc
2437 1647 2639 1713 dicens,
2670 1666 2756 1705 res
2795 1662 3003 1709 nostras
3022 1670 3142 1712 esse
3172 1661 3445 1726 praesentis
3468 1663 3587 1716 vita:
3617 1664 3762 1718 litui-

2185 1735 2324 1791 tibus
2344 1739 2797 1809 circumscriptus,
2825 1742 2966 1797 absit
2996 1763 3011 1797 :
3041 1747 3189 1801 novit
3218 1749 3359 1804 enim
3409 1756 3760 1809 resurrectio-

2185 1839 2341 1890 nem;
2372 1831 2464 1884 sed
2493 1840 2773 1900 postquam
2807 1835 2930 1890 hinc
2957 1840 3363 1906 excesserimus,
3396 1857 3500 1897 non
3532 1843 3649 1898 dari
3669 1845 3755 1899 ια-

2184 1932 2305 1972 cum
2335 1923 2676 1988 pteuitentize.
2704 1925 2859 1982 Dives
2876 1928 3018 1983 enim
3044 1932 3397 1988 confitebatur
3421 1974 3439 2000 ,
3484 1945 3538 1989 et
3583 1939 3762 2006 paeni-

2187 2014 2347 2067 tentia
2374 2014 2682 2082 ducebatur,
2706 2021 2798 2073 sed
2827 2020 2958 2076 nihil
2985 2022 3033 2077 ei
3058 2024 3328 2092 proderat,
3350 2028 3599 2097 quoniam
3620 2041 3763 2085 tem-

2185 2120 2284 2173 pus
2313 2109 2640 2175 prmterierat
2663 2109 2824 2181 (an.
2855 2113 2967 2182 l6).
2997 2114 3240 2185 Virgines
3265 2120 3423 2171 etiam
3457 2120 3635 2173 oleum
3667 2137 3762 2176 ac-

2183 2197 2362 2265 cipere
2384 2198 2679 2265 voluerunt,
2709 2202 2802 2256 sed
2832 2217 2989 2258 nemo
3012 2205 3090 2259 eis
3111 2205 3259 2260 dedit
3283 2206 3491 2275 (Matth.
3510 2208 3624 2281 25).
3650 2210 3767 2266 Hoc

2185 2302 2313 2357 ergo
2375 2299 2528 2360 rogat
2588 2290 2675 2345 hic
2735 2294 2894 2348 etiam
2928 2336 2943 2358 ,
3012 2305 3069 2349 ut
3134 2294 3221 2350 llic
3272 2309 3487 2366 peccata
3545 2300 3691 2354 eluat
3750 2319 3767 2354 :

2187 2392 2245 2435 ut
2306 2383 2474 2451 possit
2524 2383 2742 2438 terribili
2808 2387 3057 2441 tribunali
3110 2387 3335 2443 tidentcr
3385 2390 3614 2445 adstare.
3655 2392 3767 2446 De-

2185 2471 2310 2526 inde
2343 2472 2543 2528 docens
2588 2474 2885 2530 auditorem
2911 2518 2925 2541 ,
2963 2492 3083 2531 cum
3133 2478 3229 2533 Dei
3274 2479 3554 2535 clementia
3597 2496 3763 2551 opor-

2189 2575 2300 2620 tere
2327 2565 2486 2620 etiam
2508 2578 2690 2622 nostra
2720 2584 2971 2640 consequi
3004 2570 3159 2642 (nam
3187 2581 3243 2627 et
3271 2574 3315 2627 si
3345 2575 3767 2631 imbecillitatem

2192 2657 2605 2726 praetendamus,
2633 2661 2679 2713 si
2709 2661 3080 2727 turbationem,
3130 2664 3173 2718 si
3203 2664 3295 2720 Dei
3327 2665 3615 2722 bonitatem
3640 2709 3656 2734 ,
3718 2670 3765 2722 si

2187 2746 2289 2802 hoc
2314 2749 2472 2803 etiam
2498 2750 2692 2819 ipsum,
2719 2752 2860 2820 quod
2880 2752 3111 2820 dicebat,
3135 2765 3320 2810 nostra
3339 2765 3517 2811 autem
3544 2758 3625 2812 bis
3651 2774 3764 2813 non

2184 2841 2462 2907 accedant,
2493 2842 2646 2898 nobis
2673 2842 2805 2898 nihil
2837 2845 3090 2914 prodesse
3118 2850 3137 2915 )
3163 2887 3178 2909 ,
3211 2847 3331 2901 vide
3358 2849 3608 2917 quidnam
3632 2850 3767 2905 sub-

2181 2932 2373 3004 jungit.
2400 2935 2449 2988 7.
2483 2933 2732 2990 Laboravi
2754 2936 2804 2989 in
2834 2938 3022 3006 gemitu
3059 2955 3197 3003 meo,
3221 2939 3395 2993 lavabo
3425 2957 3514 3008 per
3538 2941 3775 3011 singulas

2187 3036 2354 3080 noctes
2401 3027 2581 3080 lectum
2628 3043 2828 3093 meum;
2853 3028 3089 3098 lacrymis
3117 3030 3237 3083 meis
3263 3040 3473 3085 stratum
3499 3049 3561 3083 ιιιι
3577 3048 3660 3085 um
3693 3034 3768 3084 ri-

2186 3118 2334 3187 gabo.

2262 3207 2509 3263 Hortatur
2530 3211 2597 3263 ad
2621 3212 2981 3279 paenitentiam.
3009 3243 3081 3253 ——
3107 3214 3334 3269 Audiant
3361 3214 3448 3284 qui
3493 3225 3613 3270 sunt
3669 3216 3773 3270 itu-

2189 3302 2343 3356 miles
2358 3311 2412 3356 et
2439 3301 2653 3371 abjecti,
2683 3302 2893 3372 qualem
2925 3318 3017 3358 rex
3039 3312 3094 3358 et
3124 3320 3352 3374 purpura
3409 3306 3621 3360 indutus
3673 3322 3770 3362 os-

2191 3392 2431 3448 tenderet
2447 3393 2815 3464 ptnnitentiam
2837 3409 2851 3446 :
2882 3394 3178 3461 audiamus,
3196 3411 3627 3467 compungamur.
3650 3396 3773 3451 Non

2190 3483 2361 3538 solum
2393 3483 2687 3545 laborabat.
2710 3484 2804 3538 sed
2835 3484 3377 3554 laborabatgemens;
3426 3504 3530 3541 non
3562 3496 3769 3542 tantum

2193 3574 2603 3645 lacrymabatur,
2631 3574 2725 3630 sed
2744 3575 2904 3630 etiam
2924 3576 3174 3648 lacrymis
3198 3577 3394 3632 lectum
3413 3578 3637 3643 lavabat,
3659 3595 3768 3632 nou

2193 3682 2299 3720 uno
2327 3675 2418 3720 aut
2440 3665 2649 3722 duobus
2677 3676 2770 3721 aut
2799 3667 2968 3722 tribus
2991 3668 3198 3733 diebus,
3231 3668 3323 3723 sed
3353 3670 3511 3723 etiam
3545 3669 3774 3737 singulis

2192 3757 2477 3824 noctibus;
2506 3766 2685 3813 etnon
2709 3758 2879 3814 solum
2906 3759 3037 3814 dicit
3058 3760 3383 3830 przeteritum
3414 3801 3430 3826 ,
3470 3760 3564 3815 sed
3604 3763 3769 3815 etiam

2193 3845 2446 3902 futurum.
2476 3848 2552 3904 Ne
2582 3851 2775 3917 putetis
2804 3850 2946 3905 enim
2966 3864 3110 3911 eum,
3141 3866 3262 3904 cum
3291 3850 3405 3906 lure
3422 3851 3587 3905 semel
3614 3851 3775 3907 fecis-

2193 3949 2294 4003 set,
2323 3939 2575 4011 deinceps
2599 3956 2658 3995 se
2688 3941 2849 4010 quieti
2881 3941 3181 4007 tradidisse,
3203 3951 3256 3995 et
3287 3941 3588 3996 laxamento
3616 3956 3773 3997 usum

2156 4100 2159 4103 _
2193 4046 2315 4087 esse
2339 4048 2351 4084 :
2381 4031 2474 4085 sed
2497 4031 2599 4085 boc
2622 4031 2836 4085 assidue
2856 4031 2977 4085 fecit
3001 4047 3096 4101 per
3120 4040 3281 4087 totam
3313 4032 3494 4098 vitam,
3530 4047 3633 4088 non
3659 4034 3774 4087 sic-

2197 4132 2255 4176 ut
2290 4121 2528 4192 nos,qui
2555 4137 2662 4177 uno
2689 4123 2776 4177 die
2798 4131 2856 4176 ut
2877 4121 3162 4191 plurimum
3197 4122 3246 4176 id
3269 4134 3508 4192 agentes,
3564 4124 3671 4177 imo
3706 4141 3777 4178 ne

2196 4228 2302 4266 uno
2328 4211 2563 4281 quidem,
2596 4227 2694 4264 nos
2717 4213 2859 4281 ipsos
2890 4211 3018 4266 risui
3041 4213 3084 4275 ¹,
3114 4211 3387 4282 voluptati,
3420 4222 3472 4267 et
3511 4214 3621 4266 otio
3666 4222 3776 4267 tra-

2194 4303 2388 4358 dimus.
2419 4307 2486 4357 At
2514 4318 2620 4357 non
2649 4304 2733 4357 ille
2758 4321 2771 4360 :
2802 4303 2895 4358 sed
2928 4305 2979 4358 in
3011 4303 3258 4374 lacrymis
3286 4312 3543 4374 perpetuo
3562 4302 3774 4373 agebat.

2197 4394 2341 4448 Hanc
2368 4410 2465 4450 nos
2492 4396 2651 4450 etiam
2672 4396 2939 4450 imitemur
2964 4394 3374 4450 confessionem.
3422 4395 3478 4450 Si
3502 4396 3643 4452 enim
3671 4411 3776 4450 no-

2198 4485 2456 4540 luerimns
2487 4486 2572 4540 hic
2598 4484 2744 4550 ﬂere,
2770 4486 2876 4540 illic
2899 4486 3119 4540 omnino
3144 4500 3364 4541 necesse
3410 4486 3512 4540 erit
3550 4484 3678 4541 ﬂere
3723 4496 3781 4539 et

2199 4578 2437 4647 ejnlare:
2470 4577 2580 4632 illic
2608 4577 2823 4646 quidem
2853 4577 3146 4643 inutiliter;
3178 4579 3263 4633 hic
3285 4588 3463 4632 autem
3488 4593 3607 4632 cum
3628 4594 3780 4633 emo.

2199 4669 2436 4724 iumento
2465 4686 2478 4722 :
2508 4666 2615 4722 illic
2652 4683 2771 4723 cum
2802 4668 3086 4738 ignominia
3114 4682 3177 4723 ac
3223 4668 3517 4733 dedecore;
3550 4667 3636 4722 hic
3676 4668 3780 4722 de-

2199 4776 2324 4817 Core
2349 4762 2633 4815 admodum
2663 4771 2716 4816 et
2744 4763 2982 4816 honeste.
3012 4760 3147 4826 Quid
3177 4761 3319 4815 enim
3347 4776 3567 4815 necesse
3588 4761 3654 4813 sit
3677 4758 3784 4813 hoc

2201 4851 2337 4915 fieri,
2361 4851 2483 4905 audi
2508 4850 2632 4919 quid
2655 4851 2796 4904 dicat
2811 4850 3052 4905 Christus
3081 4869 3094 4904 :
3125 4850 3239 4905 Illic
3252 4851 3344 4905 erit
3360 4852 3508 4921 ﬂetus
3534 4861 3577 4903 et
3596 4850 3784 4904 stridor

2202 4944 2423 4996 dentium
2445 4943 2464 5013 (
2487 4941 2673 4994 Matth.
2704 4941 2757 4997 8.
2788 4939 2899 5011 12).
2927 4942 2999 4995 At
3023 4957 3127 4994 nun
3156 4940 3225 4993 ita
3268 4943 3356 5011 qui
3381 4942 3466 4995 hic
3494 4941 3658 4996 ﬂent:
3684 4939 3784 4995 sed

2203 5049 2447 5104 magnam
2474 5043 2869 5101 consequentur
2895 5033 3336 5088 consolationem.
3368 5031 3511 5085 Beati
3526 5033 3666 5087 enim
3698 5033 3786 5100 qui

2206 5126 2390 5196 lugent,
2419 5126 2658 5195 quoniam
2687 5123 3081 5178 consolationem
3097 5124 3342 5194 accipient
3364 5122 3581 5194 (Matth.
3607 5124 3658 5179 5.
3687 5123 3723 5177 5
3742 5123 3784 5192 ).

2219 5215 2304 5270 γω
2349 5215 2483 5269 vobis
2532 5214 2762 5269 divitibus
2792 5216 2834 5281 ²,
2884 5216 3122 5282 quoniam
3148 5215 3372 5284 accipitis
3398 5214 3789 5268 consolationem

2207 5320 2422 5363 vestram
2467 5306 2641 5375 (Luc.
2677 5307 2729 5359 6.
2775 5305 2911 5376 24).
2958 5305 3189 5360 Audiant
3242 5305 3331 5375 qui
3371 5305 3537 5361 lectos
3594 5304 3786 5359 habent

2278 5529 2293 5555 ι
2329 5530 2467 5583 acg.,
2491 5532 2584 5591 non
2608 5520 2835 5591 sicut-nos
2849 5519 2935 5580 qui
2974 5531 3069 5569 uno
3090 5520 3172 5571 dte
3215 5524 3299 5571 aut
3322 5531 3417 5570 una
3453 5522 3587 5571 nocte
3610 5516 3660 5568 id
3692 5516 3791 5579 agi-

2214 5598 2339 5638 mus.
2360 5591 2405 5633 et
2440 5596 2523 5632 nos
2544 5595 2837 5648 tpsqsfiﬂu;
2977 5641 2988 5648 _
3026 5637 3055 5648 Α,

2279 5649 2299 5679 t
2334 5654 2467 5706 Heg,
2492 5641 2728 5705 narrabis,
2754 5642 2835 5719 qui
2858 5641 3096 5707 gaudetis.
