4106 6424
477 277 544 329 77
1195 272 1251 330 S.
1292 274 1576 330 JOANNIS
1609 274 2062 330 CIIRYSOSTOh

2165 278 2463 338 \RCIIIEP.
2505 283 3045 348 CONSTANTI‘NOP.
3675 297 3742 356 78

471 387 556 442 ὅτι
604 390 860 459 ἀπέχετε
898 388 1010 457 τὴν
1040 388 1154 462 [46]
1183 388 1573 456 παράκλησιν
1613 390 1794 460 ὑμῶν.
1841 390 2056 444 Ἀκουέο

471 490 652 528 τωσαν
676 476 726 526 οί
755 474 852 538 τάς
882 473 1129 545 ἀργυρᾶς
1158 473 1343 535 κλίνας
1372 473 1588 544 ἔχοντες
1607 515 1620 534 ,
1666 476 1752 529 οἵα
1781 475 1876 528 τοῦ
1905 475 2058 544 βασι-

473 557 611 622 λέως
637 555 706 628 ἦν
729 560 762 628 ἡ
800 557 953 627 κλίνη
972 573 987 587 ’
1015 557 1077 610 06
1114 556 1522 628 λιθοκόλλητος,
1567 559 1628 610 06
1659 559 2056 628 χρυσόπαστος,

475 640 610 694 ἀλλά
649 641 878 712 δάκρυσι
919 638 1233 710 λελουμένη.
1266 638 1454 710 Τούτῳ
1488 642 1544 693 αἱ
1581 641 1774 704 νύκτες
1805 642 1904 694 οὐκ
1931 642 2058 694 ἀνα-

478 721 762 787 παύσεως,
804 721 942 776 ἀλλά
983 721 1198 794 θρήνων
1230 723 1324 776 καὶ
1356 723 1608 794 ὀδυρμῶν
1652 723 1846 788 νύκτες
1896 721 2058 795 ἦσαν.

487 805 706 876 Ἐπειδὴ
733 807 792 858 ἐν
822 805 1006 878 ἡμέρᾳ
1033 804 1224 858 πολλαὶ
1251 805 1560 876 περιέσπων
1587 819 1610 846 ιι
1650 806 1810 860 αὐτὸν
1843 805 2061 878 φροντί-

473 887 598 952 δες,
629 887 687 941 ὂν
725 887 964 951 άπαντες
1003 887 1241 953 ἀνέσεως
1275 889 1553 943 ποιοῦνται
1599 891 1822 962 καιγών,
1869 889 2060 944 τοῦτον

474 974 678 1034 ἐκεῖνος
705 971 1142 1044 ἐξομολογήσεως
1171 975 1402 1026 ἐποιεῖτο
1425 973 1808 1047 ,θερμότερον
1846 972 2060 1044 θρηνῶν

473 1059 616 1109 τότε.
648 1055 829 1109 Καλὸν
874 1055 974 1126 μὲν
1006 1055 1116 1126 γάρ
1155 1056 1330 1110 ἀεὶτὸ
1361 1057 1567 1110 κλαίειν
1589 1097 1603 1120 ,
1641 1057 1874 1128 μάλιστα
1913 1057 1970 1111 δὲ
1999 1055 2062 1111 ἐν

473 1137 650 1210 καιρῷ
681 1139 778 1208 τῆς
805 1139 998 1202 νυκτὸς
1019 1179 1032 1201 ,
1058 1139 1147 1192 ὅτε
1179 1141 1350 1204 οὐδεὶς
1393 1140 1672 1210 ἐκκρούων
1711 1142 1810 1210 τῆς
1853 1139 2062 1210 θαυμα-

463 1221 605 1290 στῆς
649 1221 854 1292 ταύτης
890 1222 1085 1294 ἡδονῆς
1111 1265 1126 1289 ,
1171 1220 1286 1276 ἀλλ’
1315 1223 1522 1277 ἔνεστιν
1560 1223 1934 1296 ἐμφορηθῆναι
1979 1229 2064 1300 τῷ

475 1303 784 1377 βουλομένῳ
809 1306 946 1376 μετά
973 1306 1154 1376 πάσης
1186 1305 1386 1369 ἀδείας.
1423 1307 1633 1360 Ἰσασιν
1651 1309 1699 1360 οί
1733 1309 1928 1376 πεῖραν
1961 1304 2058 1359 λα-

474 1386 658 1451 δόντες
688 1387 718 1441 ὃ
745 1387 908 1457 λέγω,
961 1389 1093 1459 ὅσην
1125 1387 1465 1460 εὐφροσύνην
1504 1388 1720 1460 ἔχουσιν
1759 1382 1920 1442 αὗται
1950 1387 2059 1441 τῶν

469 1469 724 1543 δακρύων
773 1472 831 1524 αἱ
879 1472 1072 1541 πηγαί.
1107 1471 1291 1525 Ταῦτα
1339 1473 1406 1527 τά
1442 1472 1657 1544 δάκρυα
1704 1473 1764 1526 τὸ
1797 1472 2059 1526 ἄσϐεστον

473 1554 586 1626 πῦρ
634 1554 824 1610 σϐέσαι
857 1556 1141 1622 δύνανται,
1171 1557 1262 1609 τὸν
1305 1557 1549 1626 ποταμὸν
1581 1560 1790 1610 ἐκεῖνον
1817 1557 1910 1610 τὸν
1954 1557 2060 1626 πρὸ

471 1637 566 1694 τοῦ
588 1638 833 1712 βήματος
868 1641 1176 1712 ἑλκόμενον.
1205 1639 1303 1694 Διά
1335 1640 1491 1694 τοῦτο
1517 1643 1610 1693 καὶ
1631 1642 1660 1694 6
1694 1641 1903 1704 Παῦλος
1937 1640 2059 1694 ἐδά-

472 1739 604 1792 κρυε
628 1723 866 1795 τριετίαν
890 1723 1060 1777 νύκτα
1085 1724 1176 1776 καὶ
1196 1724 1433 1794 ἡμέραν,
1451 1725 1519 1776 τὰ
1541 1724 1797 1796 ἀλλότρια
1822 1723 2060 1794 διορθού-

473 1822 634 1875 μενος
668 1807 812 1880 πάθη
833 1825 846 1840 θ
880 1809 1042 1878 ἡμεῖς
1085 1806 1142 1860 δέ
1175 1807 1295 1860 ούδέ
1347 1807 1414 1860 τὰ
1442 1809 1617 1860 οἰκεία
1640 1846 1654 1869 ,
1703 1807 1837 1860 ἀλλὰ
1863 1807 2059 1875 γέλωτι

471 1890 567 1944 καὶ
598 1892 773 1961 τρυφῇ
808 1891 1034 1954 ἑαυτοὺς
1081 1889 1410 1955 ἐκδιδόντες,
1447 1891 1544 1961 τὴν
1575 1891 1744 1944 νύκτα
1775 1891 1928 1962 κάρῳ
1963 1890 2060 1960 βα-

469 1970 557 2025 θεῖ
587 1971 1068 2043 καταχωννύμεθα.
1105 1973 1214 2024 Καὶ
1247 1975 1294 2026 οἱ
1331 1975 1431 2043 μὲν
1461 1973 1613 2043 ὔπνῳ
1647 1974 1865 2044 θανάτῳ
1893 1989 2058 2044 προσ-

469 2057 668 2110 εοικότι
701 2058 1082 2129 προσὴλωνται
1103 2074 1118 2088 ο
1180 2059 1228 2110 οί
1256 2058 1314 2111 δὲ
1349 2059 1657 2129 ἀγρυπνίαν
1696 2057 1924 2111 θανάτου
1960 2073 2059 2126 χα-

468 2138 786 2210 λεπωτέραν
813 2140 1152 2211 άγρυπνοῦσι
1178 2183 1194 2206 ,
1221 2143 1414 2206 τόκους
1463 2143 1556 2195 καὶ
1583 2141 1918 2211 δανείσματα
1963 2140 2057 2192 καὶ

469 2223 566 2287 τὰς
592 2223 793 2297 ἐτέρων
831 2225 1276 2298 ἀναλογιζόμενοι
1321 2229 1442 2281 κατ’
1481 2227 1688 2279 ἐκεῖνον
1725 2226 1817 2280 τὸν
1865 2225 2056 2296 καιρον

469 2307 782 2372 ἐπιϐουλάς.
819 2308 956 2360 Ἀλλ’
991 2309 1089 2379 οὐχ
1132 2311 1182 2363 οἱ
1215 2311 1509 2381 νήφοντες,
1542 2308 1678 2363 ἀλλά
1717 2311 1816 2372 τάς
1848 2309 2056 2363 ἑαυτῶν

471 2394 773 2462 γεωργοῦσι
814 2392 994 2464 ψυχάς
1015 2433 1029 2455 ,
1063 2392 1252 2464 ὥσπερ
1282 2393 1422 2464 ὑετῷ
1451 2395 1564 2456 τοῖς
1596 2393 1824 2464 δάκρυσι
1850 2409 2056 2463 κεχρη-

475 2477 626 2546 μένοι
646 2475 856 2540 τούτοις
873 2517 886 2536 ,
905 2478 1000 2530 καὶ
1023 2477 1094 2531 τά
1116 2477 1408 2548 σπέρματα
1430 2478 1531 2547 τῆς
1555 2477 1757 2548 ἀρετῆς
1779 2475 2053 2543 αῠξοντες.

473 2560 632 2633 Πάσῃ
660 2559 827 2631 κακία
869 2561 962 2614 καὶ
989 2559 1244 2629 ἀσελγείᾳ
1271 2559 1472 2622 ἄϐατός
1501 2561 1648 2613 ἐστιν
1671 2559 1800 2630 εὐνὴ
1835 2557 2057 2612 τοιαῦτα

471 2643 682 2714 δάκρυα
703 2643 988 2714 δεχομένη.
1036 2645 1094 2697 ⁸0
1127 2645 1195 2698 τά
1219 2643 1442 2698 τοιαῦτα
1463 2643 1672 2715 δάκρυα
1700 2643 1978 2708 σταλάξων
2005 2644 2056 2710 δ,

470 2728 624 2782 ούδέν
653 2729 866 2798 ἡγεῖται
885 2727 953 2784 τὰ
983 2729 1074 2780 ἐπὶ
1100 2727 1197 2799 τῆς
1212 2727 1350 2800 Δγῆς,
1375 2727 1513 2781 ἀλλά
1535 2727 1714 2798 πάσης
1743 2727 2057 2800 πολιορκίας

473 2805 802 2869 ἀπαλλάττει
833 2811 932 2882 τὴν
953 2798 1162 2882 ψυχὴν,
1188 2798 1283 2864 1'06
1309 2811 1458 2882 ἡλίου
1484 2811 1873 2884 λαμπροτέραν
1901 2798 2058 2864 καθί-

474 2913 630 2968 στησι
667 2895 765 2966 τὴν
795 2894 1052 2948 διάνοιαν.
1089 2895 1200 2949 Καὶ
1238 2896 1311 2966 μή
1343 2912 1410 2966 με
1437 2895 1694 2966 νομίσητε
1727 2896 1864 2966 πρὸς
1893 2911 2058 2966 μονα-

471 2983 601 3058 χοὺς
621 2980 795 3036 ταῦτα
821 2980 1001 3050 λέγειν
1041 2979 1201 3050 μόνον
1222 2996 1235 3009 ·
1270 2979 1498 3050 καὶγὰρ
1538 2979 1674 3050 πρὸς
1706 2977 1994 3048 βιωτικοὺς
2026 2980 2056 3050 ἡ

471 3065 796 3137 παραίνεσις
818 3103 833 3122 ,
879 3065 974 3118 καὶ
1010 3063 1151 3134 πρὸς
1181 3061 1403 3126 τούτους
1445 3061 1674 3133 μᾶλλον,
1705 3061 1738 3132 ἢ
1770 3061 2014 3125 ἐκείνους
2038 3075 2054 3090 °

473 3143 616 3203 οὗτοι
637 3147 746 3218 γάρ
770 3147 1002 3218 μάλιστα
1023 3147 1073 3200 οἱ
1093 3145 1338 3216 δεόμενοι
1361 3145 1468 3199 τῶν
1489 3146 1587 3218 τῆς
1612 3145 1899 3216 μετανοίας
1925 3162 2060 3218 φαρ-

477 3236 685 3307 μάκων.
723 3235 781 3289 Ὀ
805 3234 1026 3290 τοιαῦτα
1054 3233 1292 3305 θρηνῶν,
1325 3234 1682 3302 ἀναστήσεται
1711 3231 1927 3302 λιμένος
1952 3250 2056 3302 γα-

473 3323 636 3393 ληνοῦ
669 3323 768 3394 τὴν
801 3321 979 3392 ψυχὴν
1007 3322 1230 3390 ἄμεινον
1256 3320 1395 3391 ἔχων
1416 3359 1430 3384 ,
1461 3319 1640 3374 πάντα
1681 3320 1959 3375 ἐκϐάλλων
1986 3319 2057 3375 τά

476 3405 624 3474 πάθη
642 3422 656 3436 ·
690 3404 890 3474 πολλῆς
923 3402 1352 3473 πεπληρωμένος
1378 3403 1479 3472 τῆς
1507 3401 1846 3474 εὐφροσύνης
1869 3403 1949 3466 είς
1977 3397 2056 3456 οἷ-

477 3506 571 3544 κον
599 3487 735 3541 Θεοῦ
789 3486 928 3558 μετά
965 3487 1278 3558 παρρησίας
1311 3487 1682 3556 ἀπαντήσεται
1720 3488 1749 3539 6
1779 3485 2018 3549 τοιοῦτος
2041 3502 2054 3516 ·

474 3569 555 3642 τῷ
597 3569 825 3640 πλησίον
873 3569 992 3640 μεθ’
1021 3569 1216 3640 ἡδονῆς
1262 3567 1595 3633 διαλέξεται·
1639 3569 1702 3623 06
1752 3567 1923 3640 θυμὸς
1950 3568 2060 3639 γὰρ

477 3655 788 3726 ἐνδομυχεί,
831 3655 930 3708 ούκ
970 3652 1236 3722 ἐπιθυμία
1268 3651 1492 3722 φλέγει,
1525 3651 1626 3705 οὐκ
1657 3650 1796 3721 ἔρως
1843 3651 2060 3722 χρημά-

477 3755 606 3802 των,
640 3737 702 3790 ού
728 3736 950 3806 φθόνος,
983 3736 1083 3789 οὐκ
1111 3735 1239 3790 ἀλλο
1263 3735 1372 3788 τῶν
1391 3733 1645 3788 τοιούτων
1677 3733 1849 3788 οὐδέν.
1878 3734 2062 3788 Πάντα

478 3822 587 3894 γὰρ
617 3821 809 3885 ταῦτα,
838 3820 1087 3894 καθάπερ
1121 3819 1285 3891 θηρία
1315 3817 1700 3890 ἐμφωλεύοντα
1722 3857 1736 3882 ,
1766 3816 2060 3874 καταδῦναι

478 3907 568 3961 διά
598 3907 696 3976 τῆς
721 3905 915 3969 νυκτὸς
944 3907 973 3958 6
1007 3903 1310 3974 στεναγμὸς
1355 3905 1564 3964 ἐκεῖνος
1615 3903 1709 3957 καὶ
1753 3902 1820 3956 τὰ
1851 3901 2062 3974 δάκρυα

481 3989 913 4063 παρεσκεύασεν.
961 3985 1290 4056 Ἐταράχθη
1322 3985 1440 4040 ἀπὸ
1471 3985 1660 4054 θυμοῦ
1691 3989 1724 4040 ό
1753 3985 2062 4055 ὀφθαλμός

473 4089 616 4141 μου.
641 4068 796 4133 Εἶδες
821 4068 1000 4140 ψυχὴν
1033 4069 1533 4139 συντετριμμένηνς
1566 4069 1748 4122 Εἰπὼν
1772 4069 1872 4138 τὴν
1898 4069 2063 4138 μετά-

481 4171 661 4220 νοιαν,
695 4153 842 4223 λέγει
871 4153 1033 4206 πάλιν
1069 4151 1139 4208 τά
1167 4151 1314 4222 πάθη
1335 4191 1350 4214 ,
1381 4152 1472 4204 τὸν
1523 4150 1751 4222 θόρυϐον
1790 4151 1882 4204 τὸν
1909 4151 1967 4204 ἐν
1995 4153 2061 4222 τῇ

478 4237 688 4310 διανοίᾳ
708 4279 722 4300 ,
747 4237 837 4292 τὸν
871 4235 1034 4306 φόϐον
1060 4235 1150 4292 τὸν
1175 4233 1282 4289 ἀπὸ
1308 4234 1409 4305 τῆς
1449 4235 1620 4306 ὀργῆς
1657 4234 1750 4287 τοῦ
1797 4233 1935 4290 Θεοῦ
1967 4236 2062 4305 ἐγο

483 4315 790 4397 γινόμενον.

461 4455 472 4478 ι
554 4441 617 4488 ε’.
655 4432 963 4505 Ὀφθαλμὸν
991 4431 1098 4504 γὰρ
1127 4430 1359 4486 ἐνταῦθα
1379 4431 1472 4484 τὸν
1502 4429 1602 4500 τῆς
1621 4429 1798 4500 ψυχῆς
1827 4446 1978 4502 φησι,
2006 4432 2068 4484 τὸ

486 4527 792 4601 διορατικον
822 4529 998 4582 ἐκεῖνο
1027 4528 1121 4580 καὶ
1145 4525 1382 4596 λογικὸν,
1409 4525 1546 4595 ὅπερ
1575 4525 1608 4594 ἡ
1644 4523 1822 4576 ἐννοια
1849 4523 1958 4576 τῶν
1987 4525 2092 4577 οί-’

491 4619 656 4682 κείων
691 4619 1106 4690 ἁμαρτημάτων
1135 4618 1423 4690 ταράττειν
1464 4615 1673 4669 εἴωθεν.
1715 4615 1932 4686 Ἐπειδὴ
1961 4615 2070 4685 γὰρ

491 4711 578 4766 διὰ
627 4707 827 4773 παντὸς
876 4709 982 4781 πρὸ
1011 4707 1122 4762 τῶν
1157 4707 1451 4778 ὀφθαλμῶν
1487 4702 1600 4776 εἶχε
1651 4704 1716 4762 τὰ
1747 4704 2072 4775 πλημμελή-

494 4819 661 4874 ματα,
699 4801 794 4854 καὶ
821 4799 915 4854 τοῦ
941 4799 1077 4854 Θεοῦ
1101 4801 1200 4872 τὴν
1233 4800 1400 4872 ὀργὴν
1433 4801 1792 4870 ἀνελογίζετο,
1828 4803 1888 4856 ἐν
1924 4801 2074 4874 φόϐῳ

490 4893 600 4961 ὢν,
630 4894 731 4947 ούκ
759 4893 1076 4964 ἀναλγήτως
1127 4891 1270 4956 ζῶν,
1306 4893 1559 4964 καθάπερ
1599 4895 1648 4946 οί
1684 4893 1900 4960 πολλοὶ,
1939 4893 2076 4948 ἀλλά

490 4985 741 5056 ἀγωνιῶν
771 4985 866 5040 καὶ
911 4985 1150 5056 τρέμων.
1192 4983 1254 5037 ’Π
1297 4985 1521 5055 τοιαύτη
1569 4985 1783 5056 ταραχὴ
1833 4985 2075 5056 γαλήνης

493 5078 610 5152 [67]
642 5081 822 5152 μήτηρ
851 5075 1025 5132 ἐστίν’
1057 5076 1086 5128 6
1114 5075 1352 5140 τοιοῦτος
1393 5077 1554 5145 φόϐος
1582 5076 1765 5140 ἀδείας
1795 5076 2071 5140 ὑπόθεσις.

504 5171 564 5224 '0
607 5170 751 5225 οὕτω
791 5169 1199 5241 τεταραγμένος
1240 5168 1416 5221 πάντα
1455 5167 1699 5237 χειμῶνα
1729 5167 2012 5220 ἐκϐάλλειο
2047 5167 2073 5203 ⁸

491 5262 747 5333 τοιαύτην
775 5262 877 5314 ούκ
900 5260 1038 5331 ἔχων
1062 5259 1160 5327 τὴν
1185 5259 1362 5328 ψυχὴν
1383 5258 1612 5329 χαλεπὸν
1644 5257 1931 5312 κλυδώνιον
1952 5259 2076 5312 ὑπο-

498 5351 777 5420 στήσεται.
804 5349 917 5402 Καὶ
952 5348 1142 5419 ῶσπερ
1177 5347 1357 5400 πλοῖον
1406 5347 1799 5416 ἀνερμάτιστον
1848 5351 1915 5418 τῇ
1967 5346 2075 5399 τῶν

496 5441 707 5512 ἀγρίων
737 5441 1064 5509 πνευμάτων
1093 5439 1311 5494 ἐκδοθὲν
1344 5437 1491 5510 ῥύμῃ
1509 5478 1524 5501 ,
1547 5439 1756 5509 ταχέως
1803 5456 2072 5492 καταπον-

499 5531 738 5594 τίζεται·
775 5528 922 5583 οὕτω
965 5531 1058 5583 καὶ
1085 5531 1231 5601 ψυχὴ
1279 5531 1598 5602 ἀναλγήτως
1642 5531 1787 5595 ξελῖα
1814 5572 1825 5593 ν
1867 5533 2078 5601 μυρίοιῖ

567 5665 582 5688 ⁸
613 5667 731 5726 Reg.
762 5666 986 5726 διέσπων.

566 5726 595 5774 ι
622 5724 742 5789 mg.
767 5728 795 5774 6
816 5725 877 5772 τα
896 5724 1089 5774 τοιαῦτα
1111 5727 1358 5784 στενάξων.

2165 397 2450 466 πρόκειται
2484 401 2697 455 πάθεσι.
2732 405 2822 458 Διὸ
2853 405 2947 458 καὶ
2981 408 3010 460 6
3057 409 3324 480 μακάριος
3353 409 3560 476 Παῖλος
3587 412 3746 468 τοῦτο

2160 487 2220 538 τὸ
2261 488 2432 554 πάθος
2473 493 2881 566 ἐνδεικνύμενος
2901 539 2917 562 ,
2950 496 3136 568 ἔλεγεν
3157 516 3171 530 ·
3205 500 3436 568 Οἵτινες
3469 503 3744 573 ἀπηλγη-

2161 579 2331 646 κότες
2359 581 2612 649 ἑαυτοὺς
2642 586 2993 656 παρέδωκαν
3022 587 3096 658 τῇ
3133 590 3417 661 ἀσελγείᾳ
3447 597 3534 660 εις
3573 595 3747 666 ἐργα-

2158 672 2304 725 σίαν
2331 673 2702 746 ἀκαθαρσίας
2731 678 2936 747 πάσης
2966 681 3036 734 ἑν
3063 685 3406 753 πλεονεξίᾳ.
3446 687 3556 740 Καὶ
3582 688 3750 742 καθά·

2162 777 2266 832 περ
2297 763 2664 838 κυϐερνήτης,
2689 768 2794 833 ἕως
2818 769 2883 824 ἂν
2915 773 3032 836 ταῖς
3063 775 3306 845 φροντίσι
3326 779 3446 842 ταῖς
3475 778 3618 850 ὑπὲρ
3639 778 3749 834 τῶν

2161 851 2430 906 πλεόντων
2457 857 2811 927 ταράττηται,
2846 861 3050 926 πάντας
3079 865 3136 915 ἐν
3165 865 3376 938 γαλήνῃ
3401 868 3748 940 καθίστησιν,

2160 941 2221 994 ἂν
2256 943 2312 996 όέ
2357 943 2562 1016 ταύτης
2595 948 2924 1018 ἀπαλλαγεὶς
2954 951 3224 1026 καθεύδῃ,
3256 956 3502 1028 ταραχὴν
3551 958 3753 1026 ἐπάγει

2165 1033 2436 1106 μεγάλη-ι’
2465 1037 2608 1091 οὕτω
2632 1039 2697 1112 δὴ
2732 1041 2824 1094 καὶ
2855 1044 2884 1096 6
2927 1043 3217 1116 ἅνθρωπος
3239 1061 3252 1074 ·
3285 1049 3314 1101 6
3345 1047 3446 1116 μὲν
3495 1042 3749 1116 ἀγωνιῶὶσ

2163 1119 2257 1174 καὶ
2281 1123 2498 1194 τρέμων
2520 1127 2615 1180 καὶ
2634 1129 3031 1201 ταραττόμενος
3059 1172 3073 1195 ,
3109 1135 3167 1187 ἐν
3196 1135 3396 1207 ἡσυχίᾳ
3421 1137 3520 1208 τὴν
3552 1137 3749 1192 ἐαυτοῦ

2161 1215 2452 1288 καθίστησι
2475 1218 2715 1274 διάνοιαν
2741 1239 2754 1252 ο
2792 1225 2820 1276 6
2846 1223 2903 1276 δέ
2933 1223 3086 1296 ῦπνῳ
3112 1225 3215 1294 τῆς
3241 1226 3512 1298 ῥᾳθυμίας
3553 1229 3752 1284 ἐαυτὸν

2164 1311 2473 1380 παραδοὺς,
2509 1313 2838 1386 ὑποϐρύχιον
2866 1316 2926 1370 τὸ
2963 1318 3170 1386 σκάφος
3216 1317 3530 1389 ἐργάζεται.
3573 1321 3752 1374 Ἐπα-

2161 1400 2422 1470 λαιώθην
2446 1403 2516 1457 ἐν
2541 1404 2689 1458 πᾶσι
2714 1407 2838 1472 τοῖς
2857 1407 3092 1476 ἐχθροῖς
3118 1426 3261 1478 μου.
3298 1409 3364 1462 Τί
3385 1412 3552 1474 ἐστιν,
3585 1411 3756 1465 Ἕκα·

2161 1497 2458 1563 .ίαι‹ἱ›()ην;
2503 1497 2828 1570 Ὶισθένησα,
2857 1501 3021 1570 φησὶν
3045 1541 3059 1563 ,
3093 1501 3200 1554 6116
3228 1501 3336 1557 τῶν
3369 1502 3580 1574 ἐχθρῶν
3615 1519 3748 1574 μου.

2163 1585 2272 1639 Καὶ
2292 1587 2400 1658 γάρ
2420 1588 2712 1656 ἐναγώνιος
2744 1590 2902 1661 ἡμῶν
2926 1593 2954 1646 6
2991 1593 3104 1663 βίος
3126 1633 3141 1658 ,
3175 1595 3270 1647 καὶ
3299 1593 3508 1664 μυρίων
3535 1593 3754 1667 ἐχθρῶν

2160 1676 2194 1744 ἡ
2222 1677 2336 1748 ζωὴ
2359 1677 2490 1747 ἡμῖν
2521 1679 2924 1750 ἐμπέπλησται,
2955 1685 3149 1748 οἵτινες
3171 1684 3266 1738 καὶ
3297 1685 3636 1756 ἰσχυρότεροι
3662 1685 3754 1754 γί-

2161 1783 2364 1831 νονται,
2390 1770 2610 1824 ἐπειδάν
2637 1771 2994 1844 ἁμαρτήμασι
3027 1775 3432 1846 περιπέσωμεν.
3456 1777 3550 1830 Διὸ
3573 1776 3755 1832 πάντα

2161 1861 2266 1932 χρὴ
2297 1861 2471 1915 ποιεῖν
2493 1900 2509 1927 ,
2537 1861 2678 1916 ῶστε
2715 1863 2998 1934 διαφυγεῖν
3049 1866 3232 1920 αὐτῶν
3276 1865 3376 1930 τὰς
3417 1865 3620 1931 λαϐάς,
3653 1869 3756 1922 καὶ

2163 1953 2433 2024 μηδέποτε
2473 1954 2610 2025 πρὸς
2663 1956 2862 2020 αὐτοὺς
2893 1957 3352 2012 καταλλάττεσθαι
3385 1974 3398 1988 ⁸
3449 1959 3591 2030 αὕτη
3637 1961 3755 2030 γάρ

2161 2044 2291 2114 ἡμῖν
2347 2043 2612 2115 μεγίστης
2663 2045 2965 2115 ἀσφαλείας
3018 2046 3292 2111 ὑπόθεσις.
3352 2047 3571 2102 Τούτων
3637 2048 3756 2101 τῶν

2160 2135 2374 2205 ἐχθρῶν
2398 2135 2496 2206 τὴν
2526 2135 2783 2206 φάλαγγα
2811 2136 2986 2210 δηλῶν
3015 2140 3043 2192 6
3083 2138 3295 2202 Παῦλος
3321 2182 3335 2204 ,
3367 2139 3586 2208 ἔλεγεν·
3624 2141 3756 2194 Οὐκ

2158 2226 2330 2280 ἐστιν
2354 2226 2501 2298 ἡμῖν
2529 2230 2567 2297 ἠ
2600 2229 2766 2298 πάλη
2816 2230 2977 2299 πρὸς
2994 2225 3137 2300 αἷμα
3183 2232 3281 2284 καὶ
3324 2229 3554 2300 σάρκα,
3586 2231 3758 2286 ἀλ.ιά

2160 2317 2311 2387 πρὸς
2348 2319 2456 2385 τὰς
2484 2319 2708 2390 ἀρχὰς,
2737 2321 2888 2390 πρὸς
2919 2321 3025 2390 τὰς
3063 2321 3352 2388 ἐξουσίας
3372 2365 3387 2384 ,
3425 2321 3574 2391 πρὸς
3607 2322 3759 2390 τοὺς

2160 2410 2647 2480 κοσμοκράτορας
2673 2413 2781 2468 τοῦ
2807 2416 3071 2482 σκότους
3109 2415 3216 2470 τοῦ
3247 2415 3463 2483 αίῶνος
3510 2417 3755 2470 τούτου.

2175 2501 2327 2555 Ἐπεὶ
2359 2498 2454 2556 οὖν
2480 2504 2706 2575 τοιαύτη
2743 2507 2779 2576 ἡ
2807 2507 2917 2560 τῶν
2949 2508 3225 2580 πολεμίων
3262 2507 3508 2578 φάλαγξ,
3539 2509 3628 2562 ἀεὶ
3655 2510 3759 2562 καὶ

2158 2591 2422 2662 διηνεκῶς
2461 2594 2777 2660 ὁπλίζεσθαι
2806 2597 2940 2668 χρὴ,
2974 2599 3070 2652 καὶ
3100 2600 3323 2669 φεύγειν
3353 2600 3461 2654 τῶν
3501 2601 3760 2674 ἁμαρτη-

2164 2682 2350 2753 μάτων
2372 2685 2470 2750 τάς
2499 2685 2741 2756 ἐφόδους.
2765 2688 2929 2742 Οὐδὲν
2948 2689 3057 2760 γὰρ
3081 2689 3223 2744 οὕτω
3249 2690 3514 2747 παλαιοῦν
3538 2691 3758 2756 εἴωθεν,

2161 2774 2237 2839 ὡς
2261 2776 2538 2847 ἁμαρτίας
2567 2777 2747 2848 φύσις.
2775 2781 2975 2853 Διόπερ
3004 2781 3098 2835 καὶ
3128 2783 3158 2836 6
3187 2781 3397 2847 Παῦλος
3424 2782 3522 2854 τὴν
3562 2781 3760 2836 ἐντεῦ-

2162 2869 2253 2922 θεν
2317 2869 2620 2925 παλαίωσιν
2677 2873 2970 2945 γινομένην
3029 2873 3422 2946 ἀποτρίϐεσθαι
3483 2873 3758 2938 κελεύων,

2161 2957 2312 3028 ἔλεγε
2331 2977 2344 2991 ο
2365 2960 2466 3030 Μὴ
2495 2963 3016 3034 συσχηματίζεσθε
3044 2964 3124 3031 τῷ
3153 2965 3321 3020 αίῶνι
3355 2967 3565 3030 τούτῳ.
3587 2965 3762 3021 ἀλλὰ

2155 3053 2650 3124 μεταμορφοῦσθε
2689 3053 2765 3124 τῇ
2796 3056 3194 3120 ἀνακαινώσει
3225 3057 3332 3112 τοῦ
3368 3057 3510 3124 νοὸς
3559 3056 3757 3127 ὑμῶν.

2164 3143 2332 3196 Ὅταν
2359 3139 2454 3198 οὖν
2474 3143 2579 3196 ὑπὸ
2597 3143 2699 3216 τῆς
2718 3145 2996 3218 ἁμαρτίας
3024 3147 3340 3220 παλαιωθῇς
3359 3187 3376 3212 ,
3403 3148 3510 3202 ὑπὸ
3527 3149 3628 3220 τῆς
3653 3165 3762 3220 με·-

2159 3233 2378 3298 τανοίας
2403 3235 2746 3290 ἀνακαίνισον
2797 3239 3014 3292 σαυτόν.
3071 3239 3398 3308 Ἆπόστητε
3427 3239 3530 3294 ἀπ’
3576 3239 3759 3309 ἐμοῦ,

2161 3326 2384 3394 πάντες
2403 3331 2456 3381 ol
2474 3326 2844 3398 ἐργαζόμενοι
2869 3327 2984 3397 τὴν
3006 3329 3283 3399 ἀνομίαν,
3308 3329 3397 3385 ὅτι
3421 3328 3762 3396 είσήκουσε

2161 3416 2377 3484 Κύριος
2426 3414 2536 3482 τῆς
2573 3414 2778 3484 φωνῆς
2817 3417 2922 3470 τοῦ
2957 3416 3270 3487 κλαυθμοῦ
3315 3434 3458 3487 μου.
3491 3417 3761 3471 Ἤκουσε

2162 3503 2378 3570 Κύριος
2403 3501 2513 3571 τῆς
2534 3501 2796 3570 δεήσεώς
2818 3520 2939 3572 μου
2957 3543 2974 3568 ,
3001 3505 3217 3571 Κύριος
3253 3503 3370 3571 τὴν
3399 3501 3762 3572 προσευχήν

2157 3608 2277 3660 μου
2307 3589 2735 3657 προσεδέξατο.
2763 3591 2839 3644 Οὐ
2869 3591 3040 3662 μικρά
3071 3591 3168 3645 καὶ
3196 3589 3337 3662 αὕτη
3364 3590 3482 3654 ὁδὸς
3513 3589 3594 3654 είς
3623 3591 3762 3662 ἀρεο

2161 3678 2261 3747 τὴν
2291 3679 2499 3746 ἄγουσα
2523 3719 2539 3744 ,
2563 3676 2622 3732 16
2661 3676 2882 3748 φεύγειν
2909 3681 3037 3742 τοὺς
3081 3677 3372 3752 πονηρούς.
3405 3678 3584 3748 Ὅπερ
3615 3678 3762 3744 μετὰ.

2161 3765 2431 3838 τοσαύτης
2487 3766 2792 3838 ὑπερϐολῆς
2847 3766 2942 3821 καὶ
2996 3768 3026 3821 6
3059 3767 3294 3839 Χριστὸς
3341 3767 3562 3820 ἀπαιτεῖ
3623 3768 3760 3837 παρ’

2163 3853 2340 3927 ἡμῶν,
2369 3853 2444 3919 ὡς
2467 3855 2592 3918 τοὺς
2616 3855 2674 3907 ἐν
2697 3852 2850 3920 τάξει
2884 3853 3062 3925 μελῶν
3097 3855 3230 3926 ἡμῖν
3255 3854 3703 3924 ἀναγκαιοτάτων
3729 3864 3756 3892 α

2163 3941 2322 4008 ὄντας
2353 3942 2538 4012 φίλους
2568 3941 2810 3995 κελεύειν
2837 3942 3126 3996 ἐκκόπτειν
3151 3982 3167 4006 ,
3192 3944 3320 3996 ἂταν
3345 3943 3494 4013 ἡμᾶς
3518 3943 3761 3996 σκανδα-

2164 4029 2376 4094 λίζωσι,
2395 4031 2488 4084 καὶ
2511 4029 2716 4102 βλάϐην
2738 4029 2862 4084 τινὰ
2884 4031 3014 4101 ἡμῖν
3040 4030 3221 4084 αὐτῶν
3242 4032 3276 4099 ἡ
3309 4031 3566 4084 συνουσία
3587 4029 3758 4102 φέρῃ.

2180 4117 2321 4172 Ἐὰν
2350 4116 2459 4189 γὰρ
2483 4157 2498 4181 ,
2521 4117 2706 4188 φησὶν,
2734 4120 2766 4171 ό
2788 4118 3096 4187 ὀφθαλμός
3123 4134 3238 4172 σου
3261 4115 3629 4186 σκανδαλίζῃ
3659 4132 3760 4182 σε,

2166 4205 2340 4271 ἔξελε
2360 4205 2548 4260 αὐτόν
2567 4221 2580 4233 ·
2614 4205 2711 4258 καί
2741 4205 2852 4259 ἐὰν
2885 4207 2924 4274 ἠ
2951 4207 3080 4275 χείρ
3109 4222 3227 4260 σου
3254 4205 3626 4274 σκανδαλίζῃ
3655 4221 3760 4270 σε,

2167 4296 2436 4364 ἔκκοψον
2462 4292 2678 4360 αὐτὴν,
2706 4293 2805 4348 καὶ
2829 4293 2988 4358 βάλε
3006 4293 3126 4348 ἀπὸ
3148 4293 3264 4348 σοῦ
3284 4309 3297 4324 °
3326 4295 3386 4348 06
3420 4293 3549 4366 περὶ
3575 4292 3763 4365 μελῶν
3783 4339 3794 4347 .

2169 4381 2365 4450 λέγων,
2387 4380 2569 4450 ἄπαγε
2588 4395 2601 4410 ·
2631 4380 2768 4435 ἀλλά
2802 4381 2929 4450 περὶ
2958 4382 3127 4450 φίλων
3153 4382 3412 4451 γνησίων,
3446 4375 3521 4434 ὦν
3549 4381 3630 4435 δεῖ
3655 4380 3764 4446 τὰς

2172 4471 2352 4540 φιλίας
2385 4469 2702 4541 ἀτιμάζειν,
2747 4470 2872 4523 ὅταν
2929 4471 3066 4538 μήτε
3120 4471 3303 4533 αὐτοῖς
3337 4470 3528 4540 κέρδος
3554 4508 3571 4532 ,
3619 4470 3764 4541 μήτε

2173 4559 2305 4628 ἡμῖν
2329 4555 2553 4625 γίνεται,
2585 4557 2720 4610 ἀλλά
2757 4557 2949 4626 βλάϐη.
2975 4556 3191 4628 Ταύτην
3213 4558 3276 4630 δὴ
3304 4559 3402 4630 τὴν
3431 4555 3630 4629 ἀρετὴν
3659 4574 3765 4611 κα..

2171 4643 2450 4716 τορθὼσας
2477 4646 2571 4699 καὶ
2589 4640 2743 4706 οὗτος
2766 4644 2826 4697 ού
2860 4645 3017 4715 μόνον
3041 4645 3141 4697 οὐκ
3164 4645 3351 4698 ἐδίωκε
3378 4645 3475 4708 τάς
3502 4643 3764 4707 τοιαύτας

2175 4733 2461 4798 συνουσίας
2482 4773 2497 4798 ,
2531 4733 2665 4788 ἀλλὰ
2689 4735 2780 4790 καὶ⁵
2811 4733 3206 4803 παρεκελεύετο
3235 4734 3441 4797 τούτοις
3471 4731 3762 4804 ἀποπηδᾷν

2175 4823 2390 4880 ἐαυτοῦ.

2180 4941 2190 4976 ι
2235 4902 2478 4975 ς’.οἷ›τος
2492 4910 2588 4981 τῆς
2609 4911 2897 4980 μετανοίας
2918 4912 2945 4963 6
2961 4909 3190 4981 καρπὸς,
3207 4909 3364 4963 τοῦτο
3387 4909 3492 4963 τῶν
3507 4909 3762 4982 δακρύων

2183 4993 2300 5072 [48]
2337 4995 2400 5050 τὸ
2428 4997 2636 5070 κέρδος.
2682 4998 2746 5050 ’Π
2785 4997 2893 5068 γὰρ
2948 4997 3091 5051 οὕτω
3139 5001 3482 5063 συντριϐεῖσα
3526 4997 3760 5065 διάνοια,

2175 5085 2404 5156 οὐδεμιᾷ
2427 5085 2610 5138 λοιπὸν
2646 5084 2992 5156 προσπαθεία
3017 5083 3328 5154 κατέχεται.
3360 5085 3532 5139 Τοῦτο
3561 5084 3626 5157 δὴ
3662 5085 3764 5140 καὶ.

2178 5175 2337 5244 ἡμεῖς
2369 5172 2610 5243 ποιῶμεν
2637 5188 2648 5200 ·
2679 5173 2782 5226 κάν
2816 5172 2948 5227 αὐτὸ
2978 5172 3213 5243 διάδημα
3314 5190 3398 5236 τις
3436 5172 3761 5244 περικείμεο

2176 5277 2294 5324 νος,
2329 5261 2541 5336 βλάπτῃ
2572 5259 2626 5312 δὲ
2661 5261 2826 5330 ἡμᾶς,
2867 5260 3221 5332 ἀτιμάζωμεν
3244 5257 3407 5313 αὐτοῦ
3430 5259 3526 5330 τὴν
3556 5259 3760 5328 φιλίαν.

2179 5347 2344 5401 Ούδεν
2378 5347 2488 5417 γὰρ
2534 5347 2912 5418 εὐτελέστερον
2946 5347 3138 5418 ἀνδρὸς
3162 5386 3176 5408 ,
3213 5349 3308 5400 και
3351 5347 3762 5416 βασιλεύοντος,

2179 5439 2306 5490 ὅταν
2352 5437 2522 5506 κακίᾳ
2569 5436 2738 5506 συζῇ·
2786 5435 2977 5508 ὥσπερ
3018 5435 3167 5488 οὐδὲν
3204 5435 3624 5508 βασιλικώτερον
3667 5436 3766 5489 καὶ⁵

2179 5523 2492 5594 δεσμώτου,
2540 5525 2670 5576 ὅταν
2717 5524 2918 5594 ἀρετὴν
3037 5525 3394 5594 κεκτημένος.
3432 5525 3560 5576 Ὅτι
3595 5521 3763 5590 εἰσή-

2247 5666 2268 5694 ε
2298 5664 2382 5711 Sic
2404 5663 2524 5722 Reg.
2542 5668 2689 5724 alque
2715 5664 2782 5710 im
2805 5663 2926 5724 logil
2943 5661 3206 5723 inlorpres.
3224 5661 3318 5711 Alii
3343 5661 3762 5718 ἀναπκαιοτάτυυς.

2191 5729 2326 5778 Lnus
2345 5739 2369 5774 a
2399 5727 2582 5774 Saviiio
2606 5733 2902 5775 memoratus
2925 5725 3312 5785 ἀναγκαιοτάτην.
