4106 6420
388 292 442 347 ΤΙ
1537 270 1899 330 bXPOSlTIO
1938 270 1985 325 l.‘

2092 270 2359 329 SALMUM
2404 273 2491 329 Vl;
3601 268 3669 325 78

386 411 667 477 argenteos,
698 398 879 471 qualis
904 406 1031 455 erat
1064 397 1233 453 lectus
1257 395 1397 466 regis
1426 409 1442 460 ;
1499 407 1605 448 non
1645 406 1709 447 ex
1739 387 1966 460 gemmis

388 498 654 562 «inﬂatus,
687 510 796 549 non
831 508 970 548 auro
996 499 1309 554 contextus,
1331 487 1425 544 sed
1456 486 1669 541 ablutus
1699 483 1971 554 lacryntis.

390 594 447 649 Et
468 603 650 648 noctes
680 588 809 644 huic
839 595 998 642 erant
1026 600 1131 641 non
1157 582 1370 653 quietis,
1412 579 1507 636 sed
1539 588 1723 633 noctes
1754 576 1973 631 ﬂetuum

387 698 435 744 et
453 682 916 740 lamentationem.
941 678 1201 746 Quoniam
1230 673 1460 730 interdiu
1480 686 1603 728 eum
1632 669 1812 724 multae
1832 683 1975 721 cura:

358 832 361 835 ,
387 774 849 835 circumsistebant
877 789 891 826 :
921 770 1064 841 quod
1092 769 1180 823 alii
1203 767 1400 838 quietis
1430 780 1493 820 ac
1521 760 1814 818 laxamenti
1843 769 1978 813 tem-

355 851 482 941 ipus
509 877 751 933 sumun',
782 864 834 920 id
860 864 949 920 ille
967 862 1191 918 ducebat
1220 870 1429 929 tempus
1449 852 1820 917 confessionis,
1852 862 1977 906 tunc

387 961 559 1017 acrius
581 960 903 1014 lamentans.
934 955 1138 1010 Bonum
1163 961 1243 1007 est
1273 951 1413 1006 enint
1437 963 1650 1018 semper
1677 946 1828 1008 ﬂere,
1863 959 1978 998 nta-

387 1055 529 1108 xitne
556 1062 738 1106 autem
771 1059 1011 1120 tempore
1043 1047 1238 1113 noctis,
1284 1035 1500 1115 quando
1531 1042 1707 1095 nullus
1756 1048 1839 1094 est
1886 1038 1976 1107 qui

385 1145 523 1199 hanc
545 1141 916 1197 admirabilem
939 1138 1260 1207 voluptatem
1289 1134 1540 1197 excutiat,
1576 1133 1669 1186 sed
1701 1131 1824 1185 licet
1878 1146 1975 1180 vo-

383 1238 515 1292 lcttti
545 1250 608 1289 ea
638 1232 910 1288 liberrime
931 1224 1152 1300 e'xplcri.
1180 1227 1369 1283 Sciunt
1401 1225 1488 1295 qui
1530 1222 1645 1295 ejus
1685 1222 1825 1292 quod
1857 1221 1978 1276 dico

385 1325 566 1381 fecere
592 1323 912 1393 periculum,
944 1329 1197 1389 quantam
1220 1315 1459 1372 lmtitiam
1487 1315 1718 1370 habeant
1761 1313 1812 1365 bi
1856 1313 1975 1366 fon-

386 1427 466 1470 tes
508 1416 886 1485 Iacrymarum.
935 1411 1028 1466 Ha:
1070 1410 1317 1480 lacrymte
1369 1415 1590 1478 possunt
1639 1404 1979 1474 exstinguere

386 1510 563 1577 ignem
611 1505 1131 1577 inexstinguibilem,
1159 1501 1378 1556 ﬂuvium
1429 1498 1574 1553 illtnn
1619 1497 1709 1567 qui
1752 1494 1979 1549 trahitur

383 1615 512 1658 ante
529 1602 782 1658 tribunal.
817 1601 1099 1669 Propterea
1131 1596 1323 1650 Paulus
1341 1589 1899 1649 trictmioﬂevitnoctu
1924 1594 1978 1642 et

382 1696 472 1749 die
497 1697 634 1761 (.tct.
660 1693 750 1748 ‘20.
780 1692 896 1762 51),
940 1692 1142 1745 alienas
1170 1686 1487 1741 aiﬂictiones
1524 1682 1830 1751 corrigens;
1881 1693 1979 1733 nos

382 1798 563 1840 autem
623 1802 688 1841 ne
742 1795 953 1840 nostras
1002 1781 1239 1853 quidem,
1294 1777 1389 1834 sed
1444 1777 1691 1844 uosipsos
1737 1773 1866 1829 risui
1914 1786 1979 1826 ac

382 1879 644 1948 voluptati
672 1877 952 1941 dedentes,
991 1884 1099 1928 tota
1121 1881 1275 1927 nocte
1301 1869 1447 1941 gravi
1475 1882 1664 1921 somno
1682 1874 1735 1920 et
1760 1863 1978 1933 crapula

382 1970 684 2022 obruimur.
719 1969 782 2022 Et
810 1967 861 2020 hi
888 1965 1100 2042 quidem
1127 1978 1316 2016 somno
1341 1960 1498 2015 morti
1545 1957 1702 2011 simili
1759 1964 1881 2010 Sunt
1901 1953 1982 2008 af-

386 2061 476 2121 lixi
506 2078 519 2112 :
548 2061 637 2113 alii
667 2075 793 2113 vero
814 2070 977 2127 agunt
1007 2067 1176 2109 tttorle
1191 2055 1466 2123 graviores
1482 2051 1706 2120 vigilias,
1749 2047 1972 2111 ftenora,

384 2165 440 2209 ct
471 2170 681 2218 usuras,
706 2162 761 2207 et
789 2154 839 2205 in
866 2152 1000 2206 alios
1024 2149 1240 2203 insidias
1267 2161 1331 2201 eo
1363 2156 1603 2215 tempore
1645 2142 1825 2196 animo
1868 2139 1980 2209 agi-

386 2255 586 2298 tantes.
616 2247 677 2297 At
711 2261 813 2295 non
838 2243 870 2296 ii
902 2241 990 2311 qui
1020 2238 1275 2295 suntsatti
1295 2247 1347 2292 et
1374 2236 1562 2299 sobrii,
1590 2234 1683 2288 sed
1715 2247 1838 2288 snas
1883 2246 1978 2286 co-

386 2337 507 2387 lunt
531 2334 757 2393 animas,
790 2333 870 2386 his
900 2331 1148 2401 lacrymis
1178 2338 1446 2396 tamquam
1480 2325 1649 2379 imbre
1675 2333 1905 2385 utentes,
1926 2328 1983 2375 ct

382 2428 595 2489 sentina
627 2427 832 2479 virtutis
861 2432 1138 2492 augentes.
1167 2421 1305 2475 Nulli
1338 2420 1466 2472 vitio
1514 2427 1568 2471 et
1618 2416 1821 2471 libidini
1880 2414 1983 2468 erit

383 2519 564 2573 aditus
588 2518 654 2572 ad
688 2519 881 2573 lectum
912 2516 1049 2583 ejus,
1081 2513 1167 2583 qui
1192 2514 1454 2583 laerymas
1503 2508 1765 2580 ejusmodi
1809 2522 1979 2562 susu-

385 2614 484 2680 pit.
509 2610 610 2679 Qui
644 2609 774 2663 tales
800 2607 964 2662 l'undit
988 2608 1269 2677 laerymas,
1309 2604 1455 2658 nihili
1487 2603 1633 2656 ducit
1685 2618 1804 2672 qua:
1858 2607 1985 2654 sunt

386 2705 440 2758 in
474 2712 640 2765 terra,
669 2701 762 2755 sed
794 2697 1234 2753 liberatanintttttt
1257 2698 1323 2750 ab
1348 2695 1491 2749 omni
1515 2695 1813 2760 obsidione,
1833 2710 1984 2747 men—

386 2806 501 2850 tem
530 2794 705 2849 reddit
730 2794 808 2847 vel
838 2792 953 2846 sole
975 2791 1278 2845 clariorem.
1309 2788 1417 2843 Nec
1440 2805 1526 2843 me
1550 2787 1985 2842 cxistimaveritis

384 2888 524 2943 Solis
549 2887 665 2941 lucc
712 2885 890 2940 dicere
941 2884 1256 2950 monachis;
1284 2884 1445 2937 etiam
1473 2881 1540 2936 ad
1569 2896 1666 2936 eos
1699 2883 1789 2951 qui
1821 2879 1984 2934 rebus

384 2984 453 3034 ad
486 2979 625 3033 hanc
644 2980 801 3033 vitam
826 2977 1211 3047 pertinentibus
1241 2976 1426 3030 attenti
1453 2983 1597 3039 sunt,
1619 2975 1849 3029 habetur
1871 2974 1986 3027 ha-c

386 3070 718 3137 exhortatio,
744 3079 798 3123 et
818 3069 883 3122 ad
903 3068 1001 3122 hos
1033 3067 1238 3137 potius,
1294 3081 1452 3136 quam
1480 3065 1546 3119 ad
1577 3064 1729 3119 illos:
1762 3063 1814 3117 hi
1840 3064 1983 3117 enim

386 3175 516 3217 sunt
544 3164 635 3233 qui
665 3164 897 3216 maxime.
916 3160 1155 3231 indigent
1185 3160 1509 3229 paenitentia:
1538 3158 1858 3228 pltarmacis.
1882 3156 1983 3224 Qui

389 3256 497 3309 hoc
520 3255 678 3308 modo
705 3256 1044 3317 lamentatur,
1072 3260 1255 3322 surget
1283 3253 1463 3304 animo
1512 3250 1705 3305 melius
1748 3247 1939 3303 aﬂ‘ecto
1967 3288 1983 3313 ,

389 3364 554 3421 quam
584 3347 651 3401 sit
676 3358 858 3416 portus
879 3344 1217 3413 tranquillus,
1245 3358 1434 3397 omnes
1446 3343 1607 3397 animi
1633 3340 1988 3411 perturbatio.

390 3458 493 3497 nes
522 3441 794 3521 expellens
818 3457 833 3505 ;
860 3439 1006 3495 omni
1053 3437 1282 3492 refertus
1316 3436 1499 3490 laetitia
1540 3435 1593 3489 in
1640 3434 1859 3489 domum
1893 3432 1984 3487 Dei

390 3536 567 3589 libere
588 3545 643 3588 ct
664 3549 850 3589 secure
880 3533 1242 3603 ingredietur;
1273 3521 1396 3585 cum
1425 3529 1725 3600 propinquo
1750 3527 1987 3598 jucunde

389 3631 763 3699 colloquetur;
789 3645 892 3681 non
915 3644 1035 3681 eum
1068 3634 1228 3680 vexat
1253 3625 1330 3678 ira
1360 3625 1411 3678 in
1440 3624 1664 3679 internis
1696 3621 1986 3691 penetrali-

388 3726 519 3786 bus,
548 3739 652 3777 non
673 3722 961 3779 inﬂammat
988 3718 1272 3788 cupiditas,
1298 3732 1402 3772 non
1425 3732 1577 3771 amor
1594 3715 1852 3785 pecunia),
1882 3729 1987 3767 non

387 3815 625 3877 im‘idia,
655 3830 758 3867 non
790 3811 986 3882 aliquid
1015 3811 1155 3864 aliud
1186 3809 1469 3878 ejusmodi.
1499 3808 1623 3862 "me
1645 3808 1786 3861 enim
1809 3805 1988 3860 omnia

387 3920 445 3963 ut
477 3919 746 3974 tamquam
770 3905 957 3960 bellum
1013 3903 1064 3955 in
1114 3900 1659 3955 cavernisabstrusze
1701 3896 1986 3951 delitesce-

388 4011 541 4062 rent,
570 4007 859 4053 nertnrttus
877 3997 966 4050 ille
990 3996 1225 4066 gemitus
1248 4003 1303 4049 et
1321 3994 1578 4063 lacrymm
1600 3992 1916 4047 eﬂecerunt.
1932 3990 1986 4044 8.

391 4092 659 4147 Turbatus
683 4098 755 4143 est
779 4107 811 4142 α
842 4091 1013 4160 furore
1046 4087 1220 4141 oculus
1247 4102 1406 4139 meus.
1464 4084 1653 4138 Vidisti
1704 4083 1989 4137 contritam

386 4183 674 4238 animum?
696 4183 980 4251 Postquam
1011 4179 1152 4234 dixit
1191 4176 1557 4247 ptenitentiatn
1579 4216 1594 4240 ,
1636 4175 1766 4230 dicit
1805 4189 1992 4228 rursus

390 4275 829 4349 perturbationes
872 4273 1057 4339 animi,
1107 4270 1571 4327 conturbationem
1617 4284 1735 4338 qua:
1796 4276 1880 4322 est
1938 4268 1990 4321 in

396 4378 611 4429 mente,
643 4365 888 4419 timorem
912 4365 1001 4433 qui
1033 4380 1097 4419 ex
1127 4364 1203 4417 ira
1229 4363 1321 4416 Dei
1344 4362 1607 4431 procedit.

468 4460 528 4514 5.
549 4456 738 4512 Oculus
753 4457 936 4510 animi:
956 4456 1090 4527 quis;
1106 4455 1282 4509 oculus
1294 4454 1560 4518 eruendus,
1587 4450 1858 4522 quomodo.
1873 4450 1994 4505 Pw—

392 4553 629 4608 nitentitz
649 4560 695 4605 et
722 4550 1061 4621 lacryntarum
1090 4549 1306 4618 fructus.
1338 4576 1411 4589 -~
1453 4532 1678 4601 Oculum
1721 4545 1864 4600 enim
1909 4543 1994 4597 hic

391 4643 537 4702 dicit
561 4644 772 4698 oculum
803 4643 1017 4707 animae,
1052 4640 1511 4711 perspicacitatem
1556 4637 1700 4690 illam
1743 4645 1799 4691 ct
1834 4635 1999 4691 ratio-

394 4737 619 4796 cinandi
665 4735 1003 4799 l'acnltatem,
1058 4748 1215 4802 quam
1260 4732 1399 4787 solet
1448 4731 1732 4801 perlubarc
1778 4744 1996 4785 suorum

396 4837 747 4902 pacatorum
792 4827 1063 4896 cogitatio.
1111 4824 1244 4893 Quia
1297 4822 1441 4877 enim
1498 4838 1591 4876 sua
1636 4821 1828 4877 delicta
1873 4830 1998 4877 ante

398 4921 594 4976 oculos
634 4928 889 4989 perpetuo
928 4917 1179 4981 habebat,
1220 4916 1311 4970 Dei
1359 4917 1522 4970 etiam
1567 4914 1703 4968 iram
1756 4914 1894 4984 apud
1939 4929 2002 4970 se

399 5012 694 5084 cogitabat,
751 5012 943 5066 timore
984 5009 1229 5073 aﬂi-cttts,
1282 5023 1389 5062 non
1431 5006 1607 5060 omnis
1654 5006 1855 5060 doloris
1902 5020 1998 5059 ex-

401 5121 566 5177 pers,
617 5106 753 5159 sicut
806 5102 955 5156 nmlti
990 5119 1001 5155 :
1036 5100 1127 5155 sed
1162 5088 1386 5156 horrens
1438 5107 1493 5153 et
1557 5097 2000 5152 contremiscam.

402 5199 552 5256 Talis
588 5198 923 5251 conturbatio
948 5202 1032 5248 est
1062 5212 1111 5247 m
1150 5205 1229 5246 ter
1261 5191 1656 5260 tranquillitatis
1689 5211 1703 5247 ;
1739 5191 1858 5244 talis
1887 5204 2002 5245 tue-

407 5305 498 5349 tats
530 5306 616 5349 εει
661 5289 1065 5345 fundamentum
1095 5285 1415 5340 securitatis.
1440 5284 1538 5350 Qui
1572 5285 1642 5337 ita
1671 5292 1753 5338 est
1780 5291 2007 5337 contur-

406 5388 597 5448 batus,
645 5398 862 5438 omnem
900 5388 1268 5449 tempestatem
1314 5374 1579 5445 expc-lit:
1627 5376 1712 5441 qui
1768 5375 1853 5428 tali
1899 5385 2006 5428 non

407 5487 493 5534 est
518 5478 693 5533 animo
735 5472 1012 5545 praeditus,
1039 5486 1229 5540 graves
1253 5469 1444 5522 ﬂuctus
1470 5466 1664 5521 subbit
1699 5484 1712 5521 :
1739 5477 1794 5519 et
1822 5481 2007 5534 quent-

409 5569 692 5626 admodutn
734 5564 1007 5634 navigium
1059 5577 1165 5616 non
1219 5560 1556 5614 saburratum
1585 5598 1601 5625 ,
1652 5558 2002 5613 violenter-unt

420 5671 685 5719 scutorum
730 5656 959 5730 impetui
1009 5652 1274 5723 relictum,
1316 5652 1560 5710 celeriter
1608 5649 2004 5723 submcrgitnr:

2083 387 2152 442 ita
2196 387 2355 441 etiam
2398 387 2573 441 anima
2617 386 2820 443 doloris
2850 386 3059 457 penitus
3088 399 3280 455 expers
3310 382 3550 452 exposita
3591 390 3674 437 est

2083 478 2564 534 innumerabilibus
2615 477 3126 549 perturbationibus.
3197 477 3456 544 Quocirca
3512 475 3673 531 etiam

2083 567 2271 622 beatus
2310 568 2504 622 Paulus
2533 567 2744 623 dicebat
2771 567 3060 627 ostendens
3108 567 3248 622 hanc
3292 566 3628 621 aﬂectiouem
3659 580 3672 620 :

2070 660 2189 730 “Qui
2243 662 2381 715 omni
2428 660 2620 717 doloris
2675 679 2824 718 sensu
2875 662 3060 732 privati
3116 662 3309 731 seipsos
3356 658 3675 713 tradiderunt

2082 755 2444 821 impudicitiu’,
2502 755 2557 810 in
2605 759 2945 825 operationem
2999 758 3163 810 omnis
3210 753 3565 813 innntmditite.
3626 753 3675 805 in

2024 850 2027 853 ’
2082 847 2525 918 avaritia(EpItes.
2544 849 2732 919 4.19).
2762 849 2829 903 Ει
2856 847 3300 920 quemadmodum
3332 846 3676 916 gubernator,

2082 940 2332 1009 quamdiu
2363 957 2457 1010 pro
2484 942 2851 1009 navigantibus
2880 942 3238 997 sollicitudine
3283 948 3522 1004 vexatur,
3562 954 3676 991 om-

2084 1051 2181 1094 nes
2208 1036 2383 1091 reddit
2405 1037 2614 1107 quietos
2642 1052 2706 1092 ac
2734 1036 3068 1105 tranquillos,
3102 1035 3192 1091 Sed
3224 1035 3267 1089 si
3298 1034 3365 1088 ab
3392 1050 3451 1087 ea
3479 1032 3673 1087 libera-

2085 1139 2169 1185 tus
2215 1129 2478 1196 dormiat,
2534 1145 2780 1200 magnam
2823 1129 2979 1183 aﬂ’ert
3032 1128 3486 1198 perturbationem
3542 1142 3555 1178 :
3604 1125 3676 1178 ita

2083 1223 2244 1278 etiam
2287 1222 2479 1287 homo;
2518 1222 2608 1293 qtti
2654 1222 2834 1277 horret
2870 1221 3105 1292 quidem,
3157 1222 3336 1275 tremit
3374 1230 3427 1274 et
3463 1230 3679 1289 pertur-

2081 1312 2256 1373 batur,
2299 1314 2532 1384 quietam
2561 1313 2733 1376 reddit
2755 1329 2904 1368 suam
2928 1314 3299 1383 cogitationem
3333 1329 3345 1365 :
3377 1312 3466 1381 qui
3497 1320 3674 1364 autem

2082 1407 2345 1463 socordiae
2389 1423 2580 1463 somno
2622 1407 2858 1477 seipsum
2901 1405 3151 1472 tradidit,
3192 1405 3354 1459 eﬂicit
3390 1413 3447 1458 ut
3487 1402 3677 1475 cymba

2082 1500 2358 1554 obruatur.
2412 1498 2698 1554 Inveteruvi
2724 1499 2854 1553 inter
2879 1515 3051 1553 omnes
3081 1497 3310 1551 inimicos
3336 1512 3491 1550 meos.
3542 1495 3676 1561 Quid

2084 1600 2186 1658 est,
2233 1591 2560 1646 Inveteravi?
2592 1591 2901 1646 Debilitatus
2946 1606 3089 1655 sum,
3134 1588 3323 1659 inquit,
3352 1588 3420 1641 ab
3451 1586 3681 1641 inimicis

2087 1685 2240 1740 meis.
2277 1685 2391 1738 Vita
2419 1686 2561 1739 enim
2594 1693 2777 1739 nostra
2809 1693 3048 1738 vers..lttr
3075 1683 3126 1736 itt
3157 1682 3473 1746 certamine,
3521 1688 3575 1734 et
3602 1680 3682 1733 in-

2085 1776 2508 1832 numerabilibus
2537 1777 2767 1831 inimicis
2806 1776 2958 1845 plena
2995 1783 3095 1837 e-t,
3129 1774 3216 1843 qui
3247 1775 3404 1827 etiam
3431 1770 3679 1827 et'ticiun-

2087 1880 2174 1924 tur
2232 1870 2594 1940 potentiores,
2640 1868 2854 1939 quando
2900 1869 2964 1933 in
3033 1878 3243 1937 peccata
3315 1864 3677 1920 inciderimus.

2086 1964 2445 2033 Quamobrem
2484 1964 2663 2018 omnia
2710 1970 2836 2018 sunt
2887 1950 3226 2016 facienda‘ut
3265 1974 3450 2014 eorum
3490 1973 3684 2012 manus

2086 2054 2423 2127 eﬂ’ngiatntts,
2467 2062 2523 2109 et
2573 2069 2641 2108 ne
2681 2054 2760 2108 eis
2791 2069 3043 2123 umquam
3095 2050 3502 2106 reconcilientur
3535 2066 3549 2102 :
3581 2048 3678 2104 hoc

2086 2156 2171 2204 est
2213 2149 2353 2203 enim
2408 2149 2564 2203 nobis
2605 2147 2910 2202 securitatis
2951 2144 3197 2199 maxinue
3244 2142 3671 2197 fundamentum.

2091 2240 2292 2296 Horum
2341 2239 2675 2295 inimicorum
2715 2238 3041 2309 .pltalangem
3097 2237 3293 2292 Paulus
3339 2222 3666 2305 signilicans,

2088 2331 2300 2387 dicebat
2334 2350 2347 2386 :
2382 2329 2507 2384 Non
2534 2342 2604 2384 est
2641 2331 2787 2384 nobis
2832 2330 3123 2383 colluctatio
3144 2345 3257 2381 cum
3298 2344 3447 2380 rurnc
3482 2336 3524 2379 rt
3565 2344 3683 2378 ειτη-

2088 2427 2259 2497 guine,
2309 2425 2398 2479 sed
2441 2441 2556 2477 cum
2605 2422 2990 2493 principatibus,
3027 2438 3141 2474 cum
3188 2418 3528 2489 potestatibus,
3569 2434 3688 2471 cunt

2091 2518 2270 2570 mundi
2309 2516 2584 2569 rectoribus
2629 2513 2943 2567 tenebrarum
2987 2513 3139 2582 hujus
3186 2511 3360 2566 δαναιΙί
3408 2511 3425 2579 (
3461 2508 3594 2563 Ibid.
3627 2509 3682 2563 ti.

2094 2608 2160 2662 12
2188 2608 2227 2678 ).
2285 2606 2420 2662 Cum
2465 2620 2595 2677 ergo
2627 2604 2747 2658 talis
2776 2603 2847 2658 sit
2887 2603 3113 2671 phalanx
3145 2602 3501 2662 inimicorum,
3543 2617 3685 2654 sem-

2091 2717 2187 2771 per
2224 2708 2279 2755 et
2332 2707 2586 2771 perpetuo
2641 2696 2692 2752 in
2744 2696 2908 2751 armis
2955 2711 3074 2751 esse
3115 2705 3360 2764 Oportet,
3406 2703 3461 2749 et
3508 2694 3685 2762 fugere

2093 2803 2430 2864 peccatorum
2476 2791 2724 2846 insnltus.
2787 2787 2928 2843 Nihil
2976 2788 3117 2843 enim
3169 2786 3293 2841 facit
3340 2785 3472 2839 adeo
3527 2785 3685 2839 inve-

2094 2897 2289 2955 terare,
2335 2895 2394 2941 ut
2443 2893 2630 2939 natura
2660 2882 2879 2953 peccati.
2924 2878 3283 2947 Quamobrem
3330 2877 3521 2935 Paulus
3551 2892 3689 2947 quo-

2093 2996 2197 3051 que
2234 2980 2419 3035 volens
2465 2975 2906 3033 inveterationem
2956 2989 3073 3041 qua:
3117 2988 3184 3027 ex
3237 2980 3301 3026 eo
3343 2970 3398 3024 lit
3440 2970 3688 3048 amoliri,

2092 3073 2353 3129 dicebat:
2387 3070 2472 3126 Ne
2505 3067 2893 3140 conformemini
2946 3067 3064 3120 Imic
3110 3066 3326 3127 strculo,
3383 3066 3472 3119 sed
3518 3046 3684 3116 trans-

2094 3163 2381 3235 formemini
2424 3162 2746 3215 renovatione
2783 3160 2964 3212 mentis
3012 3167 3188 3211 vestra:
3241 3155 3260 3227 (
3284 3157 3430 3210 Rom.
3475 3157 3561 3210 l2.
3588 3157 3685 3224 9.).

2094 3254 2318 3321 Quando
2344 3269 2472 3324 ergo
2496 3270 2523 3307 a
2554 3261 2772 3322 peccato
2800 3251 2897 3303 inv
2925 3248 3198 3310 tcraveris,
3233 3264 3428 3302 renova
3460 3249 3687 3315 teipsnnt

2095 3364 2190 3419 per
2246 3348 2636 3417 pcenitentiam.
2706 3343 2759 3398 9.
2809 3341 3064 3395 Discedite
3119 3358 3149 3392 (ι
3218 3357 3297 3392 me
3363 3356 3533 3391 omns
3604 3338 3691 3405 qui

2094 3439 2374 3510 operamini
2422 3437 2771 3507 iniquitatem,
2842 3435 3081 3504 quonimu
3132 3432 3385 3486 exaudivit
3443 3429 3687 3482 Dominus

2094 3547 2262 3586 vocent
2303 3531 2454 3598 ﬂetus
2497 3529 2613 3581 mei.
2650 3527 2735 3582 10.
2790 3524 3061 3579 Exaudirit
3094 3522 3342 3576 Dominus
3372 3521 3690 3587 (it’pt‘t‘t‘ttlitr-

2097 3639 2209 3676 nem
2255 3637 2439 3686 nicum,
2468 3620 2715 3673 Dominus
2757 3619 3037 3671 orationem
3080 3633 3240 3668 nteant
3282 3614 3526 3682 suscepit.
3576 3611 3691 3665 Non

2095 3726 2179 3771 est
2229 3716 2343 3769 bare
2391 3729 2604 3784 quoque
2654 3728 2812 3782 parva
2863 3711 2943 3763 via
2993 3711 3057 3762 ad
3107 3711 3356 3761 virtutem
3397 3707 3691 3764 deducens.

2096 3810 2267 3865 malos
2313 3808 2517 3877 fugere,
2561 3804 2703 3874 quod
2733 3802 2945 3871 quidem
2974 3801 3219 3855 Christus
3244 3814 3457 3867 qunque
3483 3816 3508 3847 :t
3539 3797 3692 3850 nobis

2096 3915 2215 3954 cum
2247 3907 2391 3952 tanto
2420 3896 2598 3950 studio
2626 3892 2805 3958 exigit,
2841 3901 2900 3946 ιιι
2928 3889 3085 3945 etiam
3114 3890 3314 3942 amicos
3344 3889 3430 3955 qui
3463 3887 3694 3945 maxime

2098 3991 2521 4047 necessariorum
2565 3986 2717 4041 nobis
2754 3985 3112 4041 membrorum
3155 3982 3272 4039 loco
3311 3990 3467 4043 511111ι
3510 3978 3697 4047 jubeat

2098 4083 2432 4146 exscindere,
2478 4077 2691 4150 quando
2735 4092 2833 4131 nos
2880 4074 3277 4139 scandalisant,
3332 4084 3381 4126 et
3416 4068 3566 4127 rubis
3592 4068 3697 4132 alia

2099 4176 2225 4248 qttid
2268 4175 2448 4231 damni
2496 4172 2649 4227 aﬂ'ert
2678 4187 2863 4225 eorum
2904 4167 3255 4248 consuetudo.
3289 4165 3349 4221 Si
3376 4166 3574 4228 oculus,
3613 4164 3694 4217 in.-

2098 4270 2232 4339 quit,
2272 4278 2320 4322 te
2364 4264 2701 4326 scandalizat,
2731 4277 2852 4317 erue
2877 4245 3043 4331 ipsum
3065 4276 3083 4325 ;
3108 4268 3154 4312 et
3192 4259 3236 4312 si
3268 4274 3447 4310 manus
3475 4268 3521 4308 te
3544 4272 3702 4309 sath

2100 4358 2310 4422 dalizat,
2341 4354 2575 4412 exscinde
2595 4355 2781 4423 ipsam,
2804 4361 2850 4406 et
2879 4352 3003 4422 ejice
3030 4367 3061 4402 a
3090 4363 3136 4402 te
3164 4345 3703 4420 11161111.5.ἳ9.ί”5()),Ε

2101 4465 2205 4509 non
2233 4450 2418 4504 dicens
2446 4448 2515 4503 de
2537 4444 2815 4511 membris,
2837 4443 2976 4498 absit
3006 4459 3018 4495 :
3052 4440 3144 4494 sed
3171 4442 3239 4494 de
3267 4454 3350 4494 vet
3366 4438 3409 4492 is
3434 4446 3489 4493 et
3509 4452 3697 4491 neces.

2101 4542 2257 4598 sariis
2304 4540 2512 4605 amicis,
2564 4552 2789 4608 quorum
2838 4544 2963 4591 sunt
3011 4531 3359 4601 aspernanda:
3407 4529 3656 4584 amicitia:
3678 4528 3707 4592 .’

2102 4631 2317 4705 quando
2365 4644 2464 4684 nec
2509 4628 2687 4694 nobis,
2735 4641 2835 4682 nec
2875 4625 3005 4695 ipsis
3042 4632 3166 4677 sunt
3205 4623 3391 4686 utiles,
3451 4621 3543 4674 sed
3597 4621 3699 4674 da.

2104 4738 2327 4780 mnos'r.
2349 4720 2499 4777 Hanc
2515 4731 2773 4774 exercens
2792 4716 3039 4772 virtutem
3068 4713 3154 4769 hic
3179 4727 3389 4785 quoque
3408 4728 3510 4765 tton
3525 4712 3703 4769 solum

2105 4831 2210 4871 non
2242 4812 2659 4885 persequebatur
2686 4810 2819 4864 tales
2859 4806 3248 4862 familiaritates
3276 4814 3329 4859 ct
3362 4802 3701 4873 congressio-

2105 4924 2225 4974 nes,
2270 4907 2366 4965 sed
2391 4907 2553 4963 etiam
2585 4919 2679 4959 cas
2698 4901 2921 4974 jttbebat
2944 4917 2974 4955 a
3005 4916 3063 4956 se
3090 4900 3319 4955 resilire.

2175 5002 2232 5058 6.
2275 5001 2372 5055 Hie
2418 5006 2502 5055 est
2541 4998 2742 5051 [ructus
2785 4992 3147 5064 prettitcntite,
3212 4989 3313 5044 hoc
3362 4996 3443 5043 est
3492 4987 3701 5038 lucrum

2105 5097 2483 5167 laerymarum.
2512 5091 2660 5146 Mens
2693 5089 2836 5145 enim
2887 5103 3006 5156 qua:
3057 5086 3125 5139 ita
3169 5093 3248 5138 est
3275 5080 3522 5140 contrita,
3556 5078 3703 5132 nulYa

2107 5188 2363 5256 deinceps
2408 5182 2629 5241 libidine
2690 5188 2921 5236 tenetur.
2972 5177 3083 5232 Iloc
3128 5177 3298 5244 ipsum
3347 5186 3444 5223 nos
3488 5184 3703 5238 quoque

2119 5277 2423 5334 faciamus:
2446 5289 2501 5334 et
2526 5276 2570 5331 si
2597 5274 2668 5329 sit
2694 5272 2956 5342 quispiam
2990 5267 3074 5322 vel
3103 5268 3219 5334 ipso
3248 5262 3548 5316 diademate
3578 5258 3706 5314 red-

2111 5373 2315 5435 imitus,
2348 5383 2444 5423 nos
2462 5379 2639 5423 autem
2672 5364 2852 5428 laedat,
2870 5372 3229 5430 aspernemur
3252 5354 3369 5424 ejus
3392 5351 3705 5407 amicitiam.

2110 5464 2249 5519 Nihil
2283 5471 2364 5517 est
2389 5461 2533 5515 enim
2561 5460 2676 5511 viro
2706 5456 2884 5519 vilius,
2931 5453 3030 5506 etsi
3076 5450 3147 5504 sit
3188 5464 3305 5514 rex,
3363 5445 3578 5518 quando
3622 5454 3709 5499 cst

2113 5558 2242 5610 vitio
2285 5554 2541 5609 deditus:
2574 5545 3023 5621 quemadmodum
3068 5543 3198 5598 nihil
3243 5550 3327 5596 est
3372 5539 3454 5594 vel
3496 5537 3710 5608 captivo

2117 5644 2563 5719 magniﬁcentius,
2614 5638 2865 5712 quamdiu
2914 5639 3163 5699 virtutem
3210 5628 3523 5709 possederit.
3565 5629 3710 5695 Quo-
