4106 6422
393 349 457 410 79
1591 351 1958 408 EXPOSITIO
2002 348 2069 404 IN
2113 351 2442 410 PSALMUM
2483 354 2596 412 VII.
3613 356 3682 414 80

398 478 574 520 κουσε
597 464 824 532 Κύριος
856 465 975 536 τῆς
997 468 1202 537 φωνῆς
1237 466 1343 520 τοῦ
1368 465 1676 536 κλαυθμοῦ
1709 484 1848 535 μου.
1881 465 1994 519 υύκ

403 545 550 602 εἶπεν
567 545 719 614 ,Ὅτι
740 550 1045 619 είσήκουσε
1083 551 1180 621 τῆς
1210 548 1394 620 φωνῆς
1428 567 1528 621 μου
1547 593 1559 612 ,
1589 549 1777 612 άπλῶς
1801 590 1814 608 .
1840 549 1996 609 ἀλλά,

409 631 520 700 Τῆς
554 629 762 700 φωνῆς
791 633 908 686 τοῦ
939 633 1243 701 κλαυθμοῦ
1275 651 1416 702 μου.
1465 633 1628 704 Ὁρᾷς
1663 631 1778 694 πῶς
1808 631 1902 684 καὶ
1931 633 2000 685 τὰ

407 719 535 786 παρ’
570 714 766 769 ἐαυτοῦ
795 715 940 784 μετά
969 717 1168 788 πολλῆς
1203 717 1412 785 είσάγει
1431 717 1530 784 τῆς
1561 716 1842 785 δαψιλείας
1861 759 1874 779 ,
1905 718 2000 780 καὶ

409 801 592 870 φωνὴν
615 840 630 859 .
667 800 764 853 καὶ
789 800 1071 870 κλαυθμὸν
1097 841 1110 858 .
1143 800 1325 872 φωνὴν
1354 798 1589 852 ἐνταῦθα
1632 799 1694 851 ού
1725 798 1816 852 τὸν
1847 799 2000 853 τόνον

409 885 584 952 λέγων
607 885 705 955 τῆς
735 885 988 956 κραυγῆς
1006 925 1020 946 ,
1047 885 1180 937 ἀλλὰ
1212 884 1310 955 τὴν
1338 883 1576 937 διάθεσιν
1601 883 1705 953 τῆς
1739 881 1997 948 διανοίας,

411 968 508 1021 καὶ
536 967 811 1036 κλαυθμὸν
836 969 898 1022 οὐ
929 968 1019 1020 τὸν
1047 967 1154 1020 ἀπὸ
1179 966 1286 1020 τῶν
1317 965 1611 1036 ὀφθαλμῶν
1641 967 1800 1036 μόνον
1819 1006 1835 1031 ,
1865 966 2003 1021 ἀλλά

411 1051 506 1103 καὶ
534 1050 623 1102 τὸν
650 1051 758 1102 ἀπὸ
795 1052 895 1120 τῆς
924 1049 1128 1118 ψυχῆςς
1174 1050 1235 1102 ’0
1273 1049 1383 1121 γάρ
1416 1048 1708 1119 μετάνοιαν
1743 1049 2000 1116 εἰσάγων,

411 1135 508 1188 καὶ
543 1136 693 1204 παρᾶ
721 1133 814 1187 τοῦ
844 1134 976 1186 Θεοῦ
1027 1133 1354 1204 ἀκσυόμενος
1373 1173 1386 1195 ,
1416 1132 1656 1198 εὐκόλως
1705 1134 1800 1187 καὶ
1845 1130 2003 1186 τοῦτο

409 1217 637 1272 δύναται
663 1216 1005 1286 κατορθῶσαι
1033 1215 1095 1269 :6
1120 1215 1322 1285 ἀγαθὸν
1347 1256 1362 1280 ,
1393 1215 1452 1269 τὸ
1481 1215 1862 1288 διακρούεσθαι
1894 1216 2003 1269 τῶν

414 1299 670 1373 πονηρῶν
689 1301 786 1363 τὰς
815 1300 1116 1363 συνουσίας.
1136 1292 1658 1368 Αίσχυνθήτωσαν
1681 1300 1780 1354 καὶ
1806 1301 2005 1369 ἐντρα-

413 1383 707 1451 πήτωσαν
726 1381 947 1448 πάντες
968 1386 1021 1436 οἱ
1041 1383 1242 1451 ἐχθροί
1253 1401 1394 1452 μου.
1421 1381 2002 1453 Ἃποστραςοήτωσαν

411 1471 500 1534 εἷς
518 1470 591 1522 τὰ
606 1469 800 1521 ὀπίσω
816 1479 862 1533 ι,
885 1468 978 1520 καί
999 1466 1620 1536 καταισχυνθήτωσίιν
1644 1468 1883 1537 σφόδρα
1905 1468 2004 1522 διὰ

411 1551 657 1620 τάχους.
691 1549 840 1620 Αὕτη
873 1552 906 1620 ή
941 1549 1073 1620 εὐχὴ
1101 1549 1364 1621 μεγίστην
1398 1550 1512 1621 ἔχει
1537 1550 1829 1620 ὠφέλειαν.
1860 1551 1920 1604 τό
1944 1569 2002 1604 τε

412 1634 769 1706 αίσχυνθῆναι
799 1634 940 1703 λέγω
961 1673 976 1696 ,
1009 1634 1103 1686 καὶ
1137 1633 1198 1687 τὸ
1227 1635 1306 1698 είς
1351 1634 1596 1688 τούπίσω
1628 1629 1902 1692 ἀπελθεῖν,
1939 1637 2002 1688 Οἱ

411 1720 524 1791 γάρ
557 1719 743 1782 κακῶς
764 1719 1048 1790 τρέχοντες
1072 1759 1086 1780 ,
1125 1718 1174 1770 εί
1200 1717 1644 1788 καταισχυνθεῖεν
1663 1759 1677 1782 ,
1707 1719 1798 1772 καὶ
1825 1719 1908 1782 είς
1934 1719 2003 1772 τά

412 1803 588 1857 ὀπίσω
638 1800 921 1855 ἀπέλθοιεν
948 1842 963 1863 ,
1009 1801 1297 1872 στήσονται
1327 1800 1429 1870 τῆς
1465 1799 1753 1872 πονηρίας.
1791 1802 2000 1872 ’Ὠσπερ

410 1888 524 1958 γάρ
566 1887 615 1939 εί
657 1885 937 1956 ἄνθρωπον
975 1883 1175 1954 ίδωμεν
1211 1882 1354 1938 κατά
1381 1883 1630 1955 κρημνοῦ
1677 1884 1998 1956 φερόμενον,

411 1969 831 2040 ἀναχαιτίζομεν
869 1967 1032 2021 αὑτὸν
1066 1968 1166 2038 τ’ῆς
1213 1967 1548 2040 προσωτέρω
1578 1969 1780 2038 φορᾶς,
1819 1967 2002 2036 λέγον-

411 2073 502 2119 τες
527 2051 977 2121 ·⁹Ανθρωπε,ποῦ
1013 2051 1185 2124 φέρῃς
1220 2053 1464 2124 κρημνὸς
1487 2053 1796 2124 ἔμπροσθεν
1825 2054 2002 2107 ἀπαν-

411 2139 639 2210 τήσεται
663 2155 676 2167 ·
701 2133 844 2190 οὕτω
875 2134 938 2208 δὴ
972 2137 1067 2190 καὶ
1096 2130 1249 2200 οὗτος
1287 2137 1428 2202 ἀξιοῖ
1455 2138 1580 2201 τοὺς
1609 2137 1812 2201 κακοὺς
1839 2136 2001 2191 πάλιν

411 2224 491 2287 εἰς
522 2220 766 2274 τούπίσω
796 2219 1145 2290 ἀναδραμεῖν.
1171 2217 1327 2272 Οὕτω
1349 2219 1444 2272 καὶ
1472 2219 1641 2272 ἵππον
1675 2221 2003 2292 μαινόμενον

410 2303 475 2358 ἀν
511 2304 586 2375 μὴ
618 2303 830 2373 ταχέως
861 2319 946 2366 τις
975 2301 1418 2374 ἀνακρούσηται,
1449 2302 1661 2373 ταχέως
1694 2303 2000 2359 ἀπολεῖται.

410 2387 567 2440 Οὕτω
598 2388 688 2440 καὶ
723 2385 896 2456 ἰατροὶ
930 2386 1006 2437 ξὺν
1034 2383 1265 2456 ὲρπετοῦ
1297 2402 1443 2450 τινος
1464 2385 1724 2450 πολλάκις
1748 2387 2003 2458 ἐπινεμό-

412 2488 572 2542 μενον
604 2471 751 2524 ἆπαν
800 2468 862 2522 :6
896 2469 1055 2540 σῶμα
1088 2470 1227 2540 μετά
1281 2469 1478 2523 πολλοῦ
1510 2469 1605 2523 τοῦ
1655 2471 1854 2541 τάχους
1899 2471 2002 2542 τῆς

413 2555 749 2626 προσωτέρω
783 2554 952 2624 φορᾶς
1001 2553 1218 2607 ἱστῶσιν
1242 2593 1256 2617 ,
1295 2553 1657 2620 ἐγκόπτοντες
1688 2553 1856 2608 αὐτοῦ
1901 2554 2000 2625 τὴν

409 2637 629 2691 κακίαν.
653 2635 825 2688 Τοῦτο
851 2636 916 2706 δὴ
945 2637 1040 2689 καὶ
1066 2637 1223 2706 ἡμεῖς
1251 2635 1516 2708 ποιῶμεν,
1540 2639 1633 2690 καὶ
1655 2637 1753 2707 τὴν
1780 2639 1839 2690 ἐν
1869 2639 2001 2708 ἡμῖν

410 2721 610 2775 κακίαν
643 2719 1060 2789 ἀναστέλλωμεν
1098 2718 1234 2790 μετά
1264 2720 1460 2774 πολλοῦ
1509 2721 1602 2774 τοῦ
1644 2721 1874 2792 τάχους,
1914 2723 2000 2774 ἵνα

413 2807 488 2875 μὴ
522 2803 788 2874 προϊοῦσα
825 2801 962 2872 αῦξῃ
996 2803 1092 2870 τὴν
1117 2802 1290 2857 νόσον.
1338 2804 1445 2857 Καὶ
1478 2805 1588 2875 γὰρ
1631 2805 1997 2875 ἀμελούμενα,

412 2889 639 2958 μείζονα
669 2888 876 2956 γίνεται
903 2887 1009 2939 τῶν
1034 2888 1449 2959 ἁμαρτημάτων
1475 2890 1542 2944 τὰ
1569 2889 1877 2961 τραύματα,
1909 2893 2002 2943 καὶ

408 2973 468 3025 0-3
508 2973 672 3043 μέχρι
717 2971 1044 3042 τραυμάτων
1083 2971 1300 3025 ἵσταται
1327 2971 1397 3024 τά
1447 2974 1547 3041 τῆς
1583 2973 1739 3026 νόσου
1781 2976 2002 3045 καὶτῆς

409 3057 724 3126 ἀρρωστίας
749 3095 762 3115 ,
794 3055 928 3108 ἀλλά
977 3055 1072 3108 καὶ
1107 3054 1335 3108 θάνατον
1378 3055 1557 3120 ,τίκτει
1589 3057 1678 3110 τὸν
1711 3058 1997 3124 ἀθάνατον,

409 3139 603 3211 ῶσπερ
639 3139 704 3192 ἀν
736 3139 792 3205 ἐξ
837 3138 1015 3210 ἀρχῆς
1067 3139 1160 3191 καὶ
1207 3137 1273 3191 τὰ
1335 3138 1508 3212 μικρά
1538 3141 1844 3212 ἀνέλωμεν,
1880 3143 2001 3196 οὐδὲ

409 3223 480 3276 τά
502 3223 712 3293 μεγάλα
744 3223 952 3292 ἕψεται.
982 3221 1184 3275 Σκόπει
1213 3222 1291 3276 δέ.
1320 3223 1378 3276 Ὀ
1409 3223 1712 3294 μελετήσας
1743 3225 1816 3297 μὴ
1849 3226 2004 3298 ὑϐρί-

414 3305 547 3368 ζειν,
595 3305 715 3358 οὐδὲ
770 3304 1036 3376 μάχεσθαι
1084 3305 1318 3358 εἴσεται·
1353 3305 1381 3357 6
1413 3308 1488 3379 μὴ
1518 3306 1672 3371 εἰδὼς
1712 3310 2000 3379 μάχεσθαι,

412 3393 507 3444 καὶ
535 3393 597 3444 τὸ
637 3390 807 3460 φιλεῖν
842 3389 1177 3462 κατορθώσει
1203 3405 1219 3420 ⁸
1251 3390 1281 3442 6
1314 3391 1668 3463 κατορθώσας
1711 3395 1770 3446 τὸ
1807 3394 2001 3463 φιλεῖν,

414 3474 610 3546 ἐχθῷν
628 3477 726 3544 οὐχ
745 3475 886 3542 εξει-
915 3478 943 3528 ι
969 3460 1026 3528 δὲ
1055 3477 1248 3548 ἐχθρὸν
1273 3477 1374 3530 οὒκ
1403 3460 1562 3548 ἔχων,
1592 3477 1726 3531 ἀλλὰ
1750 3460 1846 3551 τὴν
1869 3460 2000 3547 and.

414 3576 527 3628 πην
554 3559 990 3630 ἐπιδεικνύμενος
1011 3603 1023 3626 ,
1049 3558 1266 3614 ἃπασαν
1297 3559 1633 3632 κατορθώσει
1661 3560 1758 3632 τὴν
1779 3563 2001 3634 ἀρετήν.

414 3643 510 3712 Μὴ
537 3641 601 3714 δὴ
627 3641 734 3694 τῶν
765 3642 1043 3714 προτέρων
1074 3641 1388 3714 ἀμελῶμεν,
1413 3645 1500 3698 ἴνα
1532 3643 1607 3716 μὴ
1633 3646 1767 3716 πρὸς
1795 3646 1856 3698 :6
1889 3649 2008 3716 μεῖο

415 3726 512 3789 ζον
544 3727 768 3797 αἴρηται
800 3726 870 3780 τά
918 3726 1082 3780 κακά.
1127 3727 1187 3780 '0
1240 3725 1471 3791 Ἰούδας,
1514 3729 1562 3780 εί
1600 3728 1662 3780 τὸ
1707 3729 2007 3800 χρημάτων

416 3811 552 3880 ἐρᾷν
591 3811 848 3862 ἐκόλασεν
869 3851 882 3872 ,
926 3810 1027 3862 οὐκ
1061 3810 1125 3862 ἂν
1160 3809 1240 3872 είς
1273 3809 1579 3880 ἱεροσυλίαν
1606 3807 1768 3882 ἦλθε·
1801 3811 2008 3884 ταύτην

415 3895 466 3946 εί
507 3893 769 3964 κατέσχεν
794 3934 809 3958 ,
855 3893 955 3946 οὐκ
984 3891 1049 3946 ἂν
1099 3895 1180 3956 είς
1221 3893 1314 3946 τὸν
1353 3894 1634 3964 κολοφῶνα
1680 3895 1788 3949 τῶν
1821 3895 2007 3952 κακῶν

415 3975 740 4050 ἐξεπήδησε.
769 3975 869 4030 Διά
897 3975 1056 4029 τοῦτο
1086 3976 1180 4030 καὶ
1208 3979 1237 4030 6
1265 3978 1500 4050 Χριστὸς
1539 3980 1597 4033 οὐ
1626 3979 1725 4051 τὴν
1751 3981 2009 4052 πορνείαν

419 4061 584 4129 μόνον
608 4099 623 4121 ,
648 4059 768 4112 οὐδὲ
811 4059 908 4130 τὴν
941 4061 1187 4131 μοιχείαν
1213 4101 1228 4124 ,
1261 4060 1398 4116 ἀλλά
1447 4063 1541 4118 καὶ
1567 4064 1669 4136 τὴν
1711 4065 2008 4120 ἀκόλαστον

416 4144 542 4214 ικᾷιν
572 4143 882 4196 ἀναστέλλει
905 4187 918 4210 ,
949 4144 1045 4216 τὴν
1076 4145 1232 4214 ῥίζαν
1258 4146 1503 4200 κάτωθεν
1534 4148 1794 4202 ἀνασπῶν
1816 4190 1833 4214 ,
1865 4147 2008 4203 ὥστε

417 4228 518 4282 καὶ
566 4229 928 4300 εὐκολώτερον
977 4225 1116 4284 εἶναι
1163 4231 1544 4302 περιγενέσθαι
1573 4234 1672 4305 τῆς
1720 4235 2004 4306 πονηρίας.

418 4309 593 4364 Τοῦτο
628 4312 720 4365 καὶ
749 4313 840 4366 ἐπὶ
877 4312 985 4366 τῶν
1030 4313 1300 4368 Ἰουδαίων
1331 4316 1536 4382 ἐποίει,
1575 4318 1880 4389 παχύτερον
1909 4318 2008 4389 μὲν

419 4395 517 4447 καὶ
543 4394 619 4458 ὡς
639 4394 703 4448 δι’
727 4397 1064 4467 αἰνιγμάτων
1090 4441 1103 4461 ,
1135 4399 1324 4469 ἐπειδὴ
1363 4400 1498 4470 πρὸς
1535 4401 2008 4472 σαρκωδεστέρους

418 4481 449 4532 6
463 4478 623 4546 λόγος
637 4475 723 4550 ἦν,
748 4482 918 4534 ἐποίει
937 4481 1065 4550 γοῦν
1088 4481 1380 4556 ὃμως.[49]
1400 4483 1543 4546 Πῶς,
1565 4485 1658 4538 καὶ
1674 4485 1780 4539 τίνι
1797 4487 2006 4558 τρόπῳ;

419 4562 540 4615 υῦκ
571 4562 717 4631 ἠφίει
745 4564 800 4616 ἐν
832 4565 1051 4634 κτήνεσι
1089 4566 1326 4636 γίνεσθαί
1361 4567 1387 4606 δ
1413 4584 1536 4620 τινα
1567 4567 1712 4638 μίξιν
1741 4570 1804 4623 ἐκ
1832 4571 2010 4639 διαφό-

422 4661 535 4716 ρων
553 4645 774 4712 γενεῶν,
797 4647 898 4700 ούκ
920 4648 1068 4718 ἠφίει
1100 4644 1239 4719 αἷμα
1267 4649 1468 4704 ἐσθίειν
1491 4651 1720 4720 ἀλόγων,
1739 4653 1838 4706 οὑκ
1855 4653 2008 4723 ἠφίει

420 4727 655 4799 ἐνέχυρα
685 4731 935 4800 κατέχειν
967 4732 1102 4803 μετά
1131 4733 1230 4804 τὴν
1263 4733 1522 4806 ἑσπέραν,
1561 4733 1774 4804 μεγάλα
1799 4737 1864 4789 ἐκ
1886 4735 2010 4790 τού-

419 4830 535 4865 των
577 4813 918 4868 ἀναστέλλων
963 4818 1142 4872 κακά·
1181 4816 1269 4872 διὰ
1325 4817 1422 4890 μὲν
1465 4818 1560 4872 τοῦ
1594 4819 1861 4891 προτέρου
1908 4821 2008 4892 τὴν

419 4895 808 4967 ἀῤῥενομιξίαν
835 4938 850 4961 ,
891 4897 977 4952 διὰ
1005 4898 1062 4954 δὲ
1088 4900 1181 4954 τοῦ
1209 4901 1463 4974 δευτέρου
1494 4903 1622 4967 τοὺς
1661 4903 1887 4972 φόνους,
1920 4903 2005 4958 διὰ

419 4979 479 5033 δέ
521 4978 618 5033 τοῦ
652 4981 835 5052 τρίτου
884 4981 983 5053 τὴν
1014 4983 1272 5055 ὠμότητα
1309 4987 1406 5038 καὶ
1439 4985 1538 5050 τὴν
1585 4985 2006 5059 ἀπανθρωπίαν.

433 5061 598 5116 Ἀλλὰ
627 5063 720 5117 νῦν
745 5064 920 5118 πάντα
945 5066 1138 5136 ἀνέδην
1166 5067 1262 5120 καὶ
1299 5067 1439 5139 μετά
1476 5069 1676 5140 πολλῆς
1705 5071 2006 5142 πράττεται

419 5145 526 5216 τῆς
551 5148 934 5217 ἀναισχυντίας
962 5164 976 5178 ·
1027 5149 1115 5202 διά
1160 5149 1318 5204 τοῦτο
1354 5153 1530 5206 πάντα
1567 5151 1680 5205 άνω
1715 5154 1808 5207 καὶ
1857 5154 2008 5208 κάτω

422 5230 670 5298 γέγονεν.
702 5231 870 5284 Ὅταν
922 5232 1101 5285 τοίνυν
1137 5233 1332 5306 μικρὸν
1365 5234 1632 5306 καταδέξῃ
1673 5235 1874 5300 πάθος,
1931 5237 2008 5309 μὴ

383 5349 394 5403 1
418 5312 580 5367 τοῦτο
608 5313 722 5388 ἴδῃς
749 5316 830 5369 ὅτι
855 5317 1070 5388 μικρὸν,
1107 5317 1220 5371 ἀλλ’
1257 5318 1528 5390 ἐννόησον,
1560 5321 1643 5374 ὅτι
1668 5322 1729 5374 τὸ
1751 5321 1810 5389 ἐξ
1839 5323 2006 5376 αὐτοῦ

387 5398 394 5422 "
420 5398 752 5471 τρεφόμενον
777 5399 849 5453 τά
874 5400 1104 5470 μέγιστα
1124 5402 1297 5457 τίκτει
1323 5403 1490 5457 δεινά.
1515 5403 1620 5458 Καὶ
1649 5406 1758 5477 γάρ
1786 5407 2007 5462 ἐπειδᾶν

423 5480 625 5552 ῐδωμεν
651 5485 708 5536 ἐν
735 5484 886 5554 οίκῖα
920 5485 1184 5540 στυππίον
1217 5477 1456 5558 ἀναφθὲν
1488 5487 1684 5560 μικρὸν
1707 5529 1720 5553 ,
1749 5489 2009 5563 θορυϐού-

424 5565 567 5636 μεθα
595 5568 690 5622 καὶ
720 5567 1105 5640 ταραττόμεθα
1128 5587 1142 5601 ·
1181 5572 1243 5624 οὐ
1275 5571 1385 5643 γάρ
1414 5570 1492 5643 τῷ
1521 5574 1794 5646 προοιμίῳ
1830 5592 2004 5648 προσ-

387 5671 399 5710 ,
1604 5675 1610 5684 .

485 5739 611 5805 f‘Sic
636 5741 758 5805 lieg.
787 5740 838 5790 In
863 5741 976 5790 aliis
1003 5742 1066 5797 εἰς
1085 5742 1144 5790 τὰ
1167 5742 1322 5792 ὀπίσω
1347 5742 1509 5792 deest.

485 5804 513 5845 b
535 5803 651 5866 Heg.
686 5803 735 5852 ἐν
757 5805 1004 5867 σπέρμασι
1030 5805 1254 5865 γίνεσθαι,
1283 5806 1458 5855 eodem
1485 5817 1664 5868 nemp:-
1689 5820 1856 5862 sensu.

2107 469 2326 540 ἔχομεν,
2357 470 2472 524 ἀλλ’
2499 470 2608 524 ἀπὺ
2633 468 2727 525 τοῦ
2762 471 3050 544 προοιμίου
3078 471 3138 526 τὸ
3164 472 3314 536 τέλος
3354 471 3693 544 λογιζόμενοι

2101 561 2482 634 θορυϐούμεθα
2515 563 2606 616 καὶ
2639 565 3052 635 περιτρέχομεν,
3074 563 3216 618 ὥστε
3247 565 3538 637 ὁλόκληρον
3569 565 3694 620 σϐέ-

2101 667 2192 704 σαι
2213 653 2312 724 τὴν
2337 651 2590 722 κάμινον.
2632 653 2835 706 Τούτου
2863 652 2956 708 τοῦ
2985 654 3157 724 πυρὸς
3188 653 3546 728 σφοδρότερον
3575 655 3696 708 ἐπι-

2100 742 2325 809 νέμεται
2350 740 2528 814 ψυχὴν
2551 743 2584 814 ή
2615 742 2799 797 κακία.
2834 742 2924 796 Διὸ
2948 743 3031 796 δεῖ
3058 743 3523 815 προκαταλαϐεῖν.
3566 743 3694 796 Ἐάν

2101 833 2210 903 γάρ
2237 832 2669 904 ρᾳθυμήσωμεν,
2691 831 3070 904 δυσκολωτέρα
3093 834 3300 902 γίνεται
3321 837 3354 905 ή
3381 833 3691 905 διόρθωσις.

2101 925 2273 980 Τοῦτο
2291 926 2386 980 καὶ
2419 927 2512 980 ἐπὶ
2545 924 2730 979 πλοίου
2765 924 3059 996 συμϐαῖνον
3087 925 3184 978 ῐδοι
3217 941 3301 988 τις
3335 925 3424 988 ἂν,
3445 925 3694 987 καὶτοὺς

2099 1017 2302 1082 ναύτας
2336 1017 2770 1090 θορυϐουμένους
2787 1057 2802 1081 ,
2835 1017 2936 1087 ούχ
2963 1017 3090 1070 ὅταν
3116 1016 3269 1070 ίδωσι
3298 1015 3398 1088 τὴν
3423 1015 3696 1070 θάλατταν

2104 1109 2497 1184 ὑπερέχουσαν,
2523 1109 2660 1163 ἀλλά
2683 1110 2776 1162 καί
2807 1109 2936 1163 ὅταν
2971 1108 3271 1180 μέλλουσαν
3296 1107 3460 1162 τοῦτο
3496 1111 3689 1162 ποιεῖν.

2102 1198 2196 1272 Μὴ
2218 1198 2400 1255 τοίνυν
2425 1194 2574 1271 ᾧμεν
2599 1199 2830 1272 ρᾁυμοι
2866 1201 2981 1264 τοῖς
3025 1202 3242 1272 μικροῖς
3274 1199 3495 1271 άμαρτή
3507 1214 3691 1268 μασιν.

2103 1290 2241 1346 ἀ).λά
2290 1291 2428 1363 μετά
2475 1291 2676 1364 πολλῆς
2706 1291 2844 1345 αὐτὰ
2871 1289 3290 1360 ἀναστέλλωμεν
3321 1289 3420 1359 τῆς
3465 1288 3693 1360 σφοδρό-

2102 1402 2294 1456 τητος,
2343 1387 2430 1440 ἵνα
2486 1387 2594 1439 τῶν
2643 1385 2906 1457 μειζόνων
2953 1383 3390 1455 ἀπαλλαγῶμεν,
3441 1383 3536 1436 καὶ
3583 1379 3694 1436 τῶν

2109 1478 2409 1548 μελλόντων
2438 1477 2786 1549 ἐπιτύχωμεν
2805 1519 2820 1543 ,
2849 1478 3033 1550 χάριτι
3060 1477 3154 1532 καὶ
3187 1474 3571 1548 φιλανθρωπίᾳ
3600 1474 3694 1529 τοῦ

2106 1572 2311 1642 Κυρίου
2335 1569 2492 1642 ἡμῶν
2529 1570 2705 1642 Ἰησοῦ
2737 1568 3000 1642 Χριστοῦ,
3024 1569 3145 1640 μεθ’
3175 1560 3236 1622 οὗ
3262 1567 3340 1640 τῷ
3370 1567 3546 1638 Πατρὶ
3576 1566 3696 1636 ἃμα

2105 1664 2181 1735 τῷ
2211 1663 2350 1736 ἁγίῳ
2382 1663 2660 1734 Πνεύματι
2687 1661 2836 1727 δόξα,
2863 1662 3094 1734 κράτος,
3118 1661 3290 1732 τιμὴ,
3319 1661 3416 1713 νῦν
3452 1659 3544 1714 καὶ
3581 1658 3692 1722 ἀεὶ,

2106 1757 2197 1809 καὶ
2228 1755 2308 1818 εἰς
2334 1756 2458 1818 τοὺς
2490 1753 2692 1817 αἰῶνας
2729 1751 2840 1806 τῶν
2866 1751 3098 1806 αἰώνων.
3143 1751 3334 1822 ’Λμήν.

2533 1988 2642 2042 ΕΙΣ
2667 1989 2804 2043 ΤΟΝ
2834 1990 2886 2041 Z'
2938 1988 3263 2044 ΨΑΛΜΟΝ.

2111 2147 2357 2217 Ψα.ῖμὸς
2389 2145 2721 2226 τῷΑᾼαυῒδε-
2752 2146 2825 2200 ὃν
2846 2141 2969 2226 *ᾖσε
2998 2143 3326 2226 ζῷ’-Κυρίῳ
3377 2144 3532 2214 ὑπὲρ
3572 2141 3693 2198 τῶν

2447 2221 2648 2288 λόγων
2672 2217 2860 2270 Χουσὶ
2891 2217 3025 2270 υἱοῦ
3075 2217 3346 2283 Ἰεμενεῐ.

2103 2375 2278 2442 Κύριε
2303 2377 2335 2428 ὁ
2368 2374 2512 2439 Θεές
2551 2391 2692 2443 μου,
2722 2373 2820 2424 ἐπὶ
2851 2371 2947 2425 σοὶ
2982 2371 3217 2441 ἤλπισα
3241 2389 3255 2402 ·
3284 2370 3496 2425 σῶσόν
3513 2388 3590 2441 με
3629 2369 3701 2426 ἐκ

2218 2457 2462 2512 πάντων
2488 2456 2606 2510 τῶν
2655 2457 2993 2511 διωκόντων
3014 2474 3112 2526 με,
3147 2455 3244 2509 καὶ
3273 2455 3464 2523 ῥῦσαί
3490 2473 3590 2525 με.

2171 2617 2241 2666 α’.
2267 2611 2415 2665 Ἔδει
2453 2611 2552 2683 μὲν
2597 2610 2769 2674 οὕτως
2798 2609 3042 2682 ἀκριϐῶς
3077 2609 3188 2664 τῶν
3213 2609 3448 2682 Γραφῶν
3477 2611 3704 2666 καὶτῶν

2102 2700 2354 2772 ἱστοριῶν
2399 2700 2598 2754 εἰδέναι
2643 2701 2742 2771 τὴν
2775 2699 3000 2768 γνῶσιν,
3056 2699 3130 2762 ώς
3165 2700 3240 2770 μὴ
3288 2699 3500 2754 δεῖσθαι
3551 2702 3701 2772 ἡμᾶς

2105 2791 2447 2862 μακροτέρου
2503 2790 2664 2859 λόγου
2700 2791 2838 2861 πρὸς
2885 2790 2985 2860 τὴν
3041 2789 3248 2843 τούτων
3286 2789 3646 2845 διδασκαλίαν
3683 2807 3698 2820 ·

2102 2881 2366 2953 ἐπειδὴδὲ
2389 2883 2437 2934 οί
2475 2882 2576 2952 μὲν
2605 2882 2747 2954 ὑπὲρ
2773 2881 3046 2952 βιωτικῶν
3077 2882 3425 2953 πραγμάτων
3445 2882 3712 2954 ἀσχολού·

2105 2987 2280 3041 μενοι,
2325 2972 2376 3024 of.
2417 2971 2476 3024 δέ
2525 2971 2772 3043 ῥᾳθυμίᾳ
2823 2972 3056 3035 ἑαυτοὺς
3101 2972 3425 3039 ἐκδιδόντες,
3471 2973 3704 3046 ἀνήκοοι

2101 3060 2310 3116 τούτων
2344 3063 2502 3128 εἰσὶν,
2535 3062 2751 3132 ἀνάγκη
2773 3063 2910 3134 πρὸς
2935 3061 2996 3115 :6
3022 3061 3195 3133 μῆκος
3215 3062 3308 3116 τὸν
3327 3063 3484 3133 λόγον
3512 3063 3715 3132 ἐξαγα-

2103 3156 2256 3223 γεῖν,
2301 3153 2400 3225 τὴν
2462 3153 2720 3208 ὑπόθεσιν
2769 3153 2862 3208 τοῦ
2917 3153 3136 3226 ψαλμοῦ
3186 3154 3470 3225 λέγοντας.
3539 3155 3706 3208 Ἀλλά

2103 3245 2400 3318 προσέχετε
2429 3245 2569 3316 μετὰ
2590 3246 2897 3319 ἀκριϐείας.
2932 3247 2974 3300 Τ
2981 3247 3028 3311 ίς
3057 3242 3150 3302 οῦν
3175 3249 3323 3302 ἐστιν
3351 3249 3384 3318 ὴ
3407 3247 3702 3313 ὑπόθεσις;

2111 3338 2362 3409 Ψαλμὸς
2400 3337 2481 3404 τῷ
2513 3339 2720 3406 Δαυϊδ,
2778 3339 2852 3394 ὃν
2901 3334 3022 3412 ᾖσε
3073 3338 3157 3406 τῷ
3201 3341 3419 3409 Κυρίῳ.
3465 3339 3660 3404 Ἀλλος
3687 3355 3700 3368 ·

2111 3431 2362 3501 Ψαλμὸς
2380 3430 2532 3501 ὑπὲρ
2549 3432 2797 3502 ἀγνοίας
2821 3432 2902 3498 τῷ
2921 3432 3123 3486 Δαυΐδ.
3151 3432 3342 3498 ’Δλλος
3363 3450 3378 3464 ο
3415 3435 3706 3505 Ἁγνόημα

2107 3523 2186 3591 τῷ
2212 3524 2416 3579 Δαυτδ·
2439 3524 2530 3578 καὶ
2562 3525 2684 3579 ἀντὶ
2715 3524 2809 3578 τοῦ
2839 3544 2856 3576 ι
2887 3526 3077 3590 Χουσὶ,
3107 3544 3126 3577 ι
3159 3526 3446 3590 Αὶθίοπός
3467 3543 3631 3596 φησιν
3653 3540 3699 3580 σ.

2120 3617 2280 3671 Ἀλλά
2304 3619 2398 3672 καὶ
2423 3616 2597 3682 οὕτως
2619 3618 2804 3690 ἀσαφῆ
2836 3617 2905 3671 τὰ
2923 3619 3212 3691 εἰρημένα,
3239 3619 3319 3690 τῷ
3337 3619 3437 3692 τὴν
3461 3621 3705 3693 ἱστορίαν

2111 3711 2256 3780 ὑμᾶς
2291 3711 2528 3778 ἀγνοεῖν.
2582 3709 2802 3776 Ἐπειδὴ
2854 3710 2912 3762 δὲ
2945 3711 3046 3765 οὐκ
3097 3711 3354 3779 ἐγκαλεῖν
3401 3710 3485 3764 δεῖ
3519 3712 3702 3782 μόνον,

2109 3800 2248 3855 ἀλλά
2299 3803 2392 3856 καὶ⁵
2441 3800 2716 3876 διδάσκειν
2764 3799 2908 3873 [50],
2961 3803 3264 3871 ἀναγκαῖον
3309 3801 3554 3871 ἀψασθαι
3608 3804 3704 3856 τοῦ

2108 3895 2466 3968 διηγήματος.
2506 3896 2602 3960 Τίς
2634 3891 2726 3950 οὖν
2763 3898 2792 3950 6
2821 3895 2994 3949 Χουσὶ
3041 3887 3196 3960 οὗτος
3226 3897 3254 3948 6
3282 3896 3396 3960 υἱὸς
3443 3896 3703 3966 ἰεμενεῖ,

2110 3988 2207 4042 καὶ
2243 3988 2388 4053 τίνες
2424 3991 2470 4044 οξ
2503 3989 2652 4058 λόγοι
2697 3989 2888 4054 αὐτοῦ,
2924 3988 3065 4062 ὑπὲρ
3093 3981 3168 4043 ὧν
3207 3984 3307 4063 ᾖσε
3355 3987 3434 4060 τῷ
3460 3987 3580 4060 Θεῷ
3605 3987 3705 4060 τὴν

2110 4079 2253 4152 ᾠδὴν
2273 4079 2478 4150 ταύτην
2502 4083 2530 4135 6
2555 4079 2741 4146 Δαυῒδ,
2767 4080 3017 4135 ἐντεῦθεν
3041 4079 3143 4152 ἤδη
3164 4080 3406 4144 λεκτέον,
3434 4082 3514 4146 εἰς
3529 4081 3706 4153 ἀρχὴν

2110 4173 2387 4242 ἀνάγοντα
2415 4172 2508 4227 τὸν
2534 4173 2714 4242 λόγον.

2196 4264 2553 4337 ’Δσεσσαλὼμ
2585 4265 2699 4328 υἱὸς
2728 4266 2947 4335 ἐγένετο
2962 4264 3038 4337 τῷ
3067 4264 3252 4328 Δαυῖδ,
3276 4265 3394 4330 νέος
3409 4265 3708 4326 ἀκόλαστος

2112 4357 2210 4411 καὶ
2244 4355 2671 4428 διεφθαρμένος·
2707 4349 2864 4420 οὗτος
2897 4355 3172 4427 ἐπανέστη
3225 4355 3357 4410 ποτέ
3390 4354 3468 4426 τῷ
3498 4355 3702 4425 πατρί’

2115 4449 2211 4502 καὶ
2240 4448 2341 4519 τῆς
2362 4447 2637 4519 βασιλείας
2660 4447 2846 4515 αὐτὸν,
2881 4447 2977 4502 καὶ
3003 4447 3106 4518 τῆς
3125 4447 3325 4510 οἰκίας,
3354 4446 3449 4501 καὶ
3476 4445 3578 4515 τῆς
3600 4463 3706 4500 πα-

2112 4538 2294 4612 τρίδος
2328 4538 2595 4602 ἐκϐαλὼν,
2615 4537 2776 4601 αὐτὸς
2801 4537 2914 4591 ἀντ’
2936 4536 3147 4591 ἐκείνου
3179 4537 3444 4609 κατέσχεν
3467 4538 3702 4600 ἅπαντα,

2113 4633 2210 4687 καὶ
2254 4629 2380 4684 οῦτε
2411 4634 2512 4702 τὴν
2547 4629 2729 4700 φύσιν,
2770 4629 2894 4684 οὔτε
2943 4630 3042 4702 τὴν
3085 4631 3401 4702 ἀνατροφὴν
3429 4671 3443 4696 ,
3491 4631 3553 4684 ού
3603 4629 3706 4701 τὴν

2113 4724 2351 4797 ἠλικίαν,
2398 4725 2460 4778 οὐ
2509 4723 2576 4778 τά
2630 4723 2972 4796 προλαϐόντα
3021 4725 3227 4795 ᾐδεῖτο·
3265 4723 3382 4778 ἀλλ’
3427 4723 3600 4788 οὕτως
3634 4719 3704 4795 ἦν

2113 4815 2374 4881 καθάπαξ
2397 4811 2548 4888 ώμὺς
2569 4817 2663 4870 καὶ
2694 4814 2932 4889 ἀπηνὴς.
2969 4817 3062 4870 καὶ
3089 4815 3278 4888 θηρίον
3315 4817 3516 4888 μᾶλλον
3541 4815 3574 4885 ἢ
3603 4813 3702 4868 ἀνι

2087 4909 2350 4981 .θρωπος,
2400 4908 2477 4974 ώς
2509 4910 2722 4964 ᾶπαντα
2758 4909 2932 4963 ταῦτα
2953 4908 3254 4982 διαρρήξας
3291 4909 3360 4964 τά
3383 4907 3702 4978 κωλύματα.

2098 5003 2296 5066 ἀὐτοῖς
2349 5001 2686 5074 ἐπιπηδῆσαι
2722 5003 2836 5066 τοῖς
2896 5002 2994 5072 τῆς
3054 5000 3270 5072 φύσεως
3325 5001 3538 5072 νόμοις,
3608 4998 3704 5052 καὶ

2112 5095 2360 5167 ταραχῆς
2410 5089 2689 5167 ἐμπλῆσαι
2726 5092 2942 5148 ἃπαντα
2995 5094 3090 5148 καὶ
3129 5093 3383 5167 θορύϐου.
3438 5092 3548 5144 Καὶ
3591 5092 3703 5162 γάρ

2113 5187 2295 5241 πάντα
2357 5186 2688 5260 ἀνετρέπετο
2743 5187 2888 5253 τότε,
2938 5186 3154 5256 φύσεως
3211 5187 3348 5258 ὅροι,
3398 5184 3702 5256 ἀνθρώπων

2112 5278 2296 5344 αἰδὼς,
2318 5281 2353 5352 ἡ
2373 5279 2508 5352 πρὸς
2535 5278 2668 5332 Θεὸν
2689 5277 2968 5344 εὐλάϐεια,
3004 5277 3385 5350 φιλανθρωπία
3417 5277 3510 5330 καὶ
3531 5276 3700 5342 ἔλεος,

2113 5373 2383 5446 τροφείων
2417 5371 2666 5445 ἀμοιϐαὶ,
2723 5372 2818 5425 καὶ
2845 5373 2879 5443 ἡ
2914 5370 3050 5442 πρὸς
3076 5370 3137 5424 τὸ
3184 5370 3362 5441 γῆρας
3403 5369 3588 5436 αἰδώς.
3639 5373 3702 5426 Et

2113 5464 2224 5534 γάρ
2257 5462 2352 5517 καὶ
2389 5462 2464 5534 μὴ
2500 5461 2577 5526 ώς
2625 5460 2838 5528 πατέρα
2893 5459 3209 5532 αἰδεσθῆναι
3267 5459 3530 5530 ἠϐούλετο
3556 5500 3571 5527 ,
3627 5461 3704 5526 ὡς

2179 5686 2202 5715 °
2230 5682 2358 5742 Reg.
2383 5679 2455 5742 τῷ
2473 5679 2634 5794 Κυρίω
2655 5677 2812 5743 φησίν·
2834 5678 2938 5728 ἀντὶ
2955 5675 3060 5737 τοῦ,
3085 5677 3404 5752 ψαλμὸςςῦπέρ
3424 5677 3613 5750 ἀγνοίας
3631 5677 3705 5739 τῷ

2179 5745 2282 5794 ιυίδ.
2311 5743 2488 5794 uno;
2521 5744 2546 5792 δ
2577 5729 2914 5794 .ἀγνοημάτων
2957 5741 3125 5794 Δαυῖδ.
3164 5741 3246 5789 καὶ
3272 5741 3374 5788 αντὶ
3399 5756 3485 5790 του
3528 5741 3701 5794 Χουσὶ.

2116 5729 2488 5800 Δαυίδῖῗλλλος
2521 5729 2589 5802 δέ,
2603 5729 2914 5805 ἀγνόημάτων
2957 5729 3125 5802 Δαύῖδ,
3164 5729 3485 5790 καὶάντῖτοῦ
3528 5729 3701 5797 Χουσί,

2119 5807 2340 5862 Αἰθίοπός
2359 5822 2491 5870 φησι.
