4106 6428
339 331 395 387 8|

351 458 574 515 patrem,
606 452 810 507 saltem
847 459 1082 512 revereri
1105 462 1380 527 oportebat
1404 473 1455 517 ut
1482 478 1692 530 scncm;
1726 465 1768 520 si
1797 481 1960 521 cauos

362 542 691 611 negligebat,
744 559 906 604 certe
951 563 1005 604 ut
1049 552 1470 621 be:;cfactnrcin;
1516 559 1655 627 quod
1683 562 1725 612 si
1757 575 1855 614 nec
1883 561 1959 616 sic

366 634 570 700 quidem
593 677 608 699 ,
643 644 704 689 ut
734 652 864 693 eum
899 642 1107 707 quidem
1136 654 1280 699 certe
1307 648 1393 715 qui
1425 648 1617 701 mdlam
1651 648 1850 703 fecerat
1876 650 1957 703 in-

364 723 548 794 juriam
575 744 589 779 :
617 728 711 782 sed
736 744 895 785 amor
918 733 1119 802 imperii
1143 734 1276 790 hanc
1298 752 1508 792 omnem
1531 738 1685 808 ejccit
1708 755 1957 794 reveren-

368 816 514 881 tiam,
543 826 598 870 ct
637 818 914 875 hominem
949 824 997 875 in
1030 824 1191 879 feram
1220 828 1500 882 convertit.
1535 829 1599 883 Et
1627 828 1710 884 hic
1739 830 1951 901 quidem

369 913 574 966 beatus.
600 912 687 979 qui
710 926 835 965 eum
862 925 1116 983 genuerat
1137 926 1190 971 et
1218 919 1441 985 aluerat,
1466 929 1730 990 tamquam
1755 937 1877 977 erro
1901 932 1955 978 et

373 999 621 1071 profugus
646 1005 862 1059 errabat
893 1007 942 1060 in
971 1008 1202 1077 deserto,
1231 1021 1285 1066 et
1311 1028 1428 1082 qua:
1453 1029 1513 1067 ex
1548 1014 1630 1069 bis
1658 1025 1955 1086 sequuntur

370 1092 525 1146 malis
554 1096 956 1164 opprimebatur
975 1118 988 1153 :
1010 1100 1097 1155 ille
1126 1118 1252 1156 vero
1280 1105 1330 1156 in
1361 1105 1510 1159 bonis
1535 1108 1769 1176 paternis
1799 1109 1952 1163 volu-

371 1191 572 1252 ptatem
616 1187 880 1256 explebat.
929 1192 1060 1246 Cum
1104 1209 1189 1248 res
1227 1211 1354 1266 ergo
1384 1197 1453 1251 ita
1482 1214 1541 1251 se
1570 1198 1854 1266 baberent,
1887 1215 1951 1256 ac

368 1287 491 1328 cum
520 1275 614 1331 illo
637 1290 818 1334 essent
841 1284 1121 1350 exercitus,
1148 1295 1478 1359 tyrannoque
1504 1290 1662 1345 urbes
1684 1302 1952 1361 parerent,

369 1366 583 1434 quidam
615 1368 814 1438 Chusi,
849 1373 931 1426 vir
970 1376 1195 1443 probus,
1238 1377 1418 1433 Davidi
1456 1381 1657 1436 amicus
1678 1424 1692 1448 ,
1721 1397 1869 1439 suam
1897 1385 1949 1440 in

372 1472 493 1511 eum
524 1460 812 1515 amicitiam
842 1476 1095 1534 perpetuo
1116 1472 1447 1526 conservavit
1470 1473 1520 1527 in
1544 1472 1641 1527 hac
1663 1476 1951 1532 mutatione

370 1554 702 1616 temporum;
743 1562 797 1607 et
839 1570 956 1608 cum
1001 1573 1142 1627 sa'pe
1180 1577 1298 1614 cum
1341 1562 1559 1617 vidisset
1600 1575 1866 1620 errantem
1896 1567 1948 1621 in

369 1638 674 1707 soiitudine,
703 1643 897 1714 dirupit
926 1649 1174 1711 tunicam,
1198 1655 1423 1720 aspersit
1450 1669 1507 1707 se
1533 1655 1730 1722 cinere,
1758 1658 1949 1712 acerbe

370 1726 519 1784 ﬂevit
559 1741 616 1785 et
659 1735 1056 1801 miserabiliter,
1105 1756 1331 1810 cumque
1375 1744 1503 1797 nihil
1547 1746 1687 1801 aliud
1734 1763 1830 1816 pas
1860 1758 1947 1813 et,

369 1818 727 1892 lacrymarum
778 1826 931 1882 all'ert
983 1833 1420 1887 coasolatiouem.
1480 1836 1592 1890 Non
1643 1848 1754 1891 erat
1806 1839 1946 1893 enim

370 1914 571 1968 amicus
601 1926 933 1986 temporum,
976 1940 1074 1979 nec
1113 1929 1378 1995 potentiae,
1423 1930 1514 1984 sed
1562 1927 1797 1994 virtutis;
1831 1933 1893 1987 id
1917 1950 1949 1987 ο

364 2001 496 2058 licet
522 2006 612 2060 ille
642 2023 805 2077 regno
833 2011 1032 2081 ejectus
1056 2027 1216 2081 esset,
1254 2037 1356 2074 non
1388 2034 1613 2075 mutarat
1638 2025 1944 2078 amicitiam.

373 2094 503 2150 Cum
528 2112 658 2168 ergo
686 2100 887 2157 videret
910 2104 1071 2161 David
1099 2124 1163 2163 cu
1190 2128 1218 2160 ιι
1254 2112 1365 2164 lucc
1392 2112 1459 2165 ita
1493 2113 1795 2179 facientem,
1824 2116 1950 2169 dicit

370 2186 421 2241 ei
442 2206 455 2240 :
473 2187 612 2245 Sunt
638 2190 753 2248 hmc
778 2196 987 2262 quidem
1015 2201 1189 2262 amici,
1214 2214 1265 2257 et
1287 2203 1400 2272 ejus
1426 2206 1512 2275 qui
1543 2207 1592 2261 in
1621 2222 1716 2261 nos
1743 2209 1949 2264 sincere

370 2276 592 2333 alectus
619 2289 701 2335 est
725 2301 740 2336 :
762 2284 852 2339 sed
883 2285 1009 2341 nihil
1040 2305 1138 2344 nos
1173 2291 1431 2360 juvabunt
1456 2315 1467 2348 :
1493 2295 1613 2350 ideo
1640 2299 1948 2353 consnftan-

371 2364 499 2422 dum
528 2380 645 2438 est,
686 2382 741 2428 et
762 2376 957 2447 aliquid
988 2385 1424 2453 excogitandum,
1456 2395 1513 2442 ut
1537 2403 1598 2443 ea
1628 2390 1817 2458 quibus
1848 2392 1948 2445 im-

371 2459 537 2528 pliciti
562 2476 767 2529 sumus,
796 2469 928 2523 mala
952 2473 1239 2540 solvantur,
1266 2486 1320 2531 et
1342 2479 1665 2535 inveniamus
1688 2484 1947 2539 rationem

375 2564 473 2606 nos
501 2553 760 2611 liberandi
781 2560 847 2614 ab
869 2559 949 2615 his
977 2563 1382 2622 Calamitatibus.
1416 2569 1537 2624 Ilatc
1558 2588 1675 2625 cum
1705 2572 1947 2641 dixisset,

376 2642 532 2697 talem
564 2644 639 2699 illi
667 2649 835 2716 aperit
876 2656 1190 2710 sententiam
1216 2674 1230 2710 :
1259 2657 1401 2713 Vade
1444 2659 1508 2713 ad
1548 2661 1709 2716 filium
1739 2680 1948 2731 meum,

375 2740 426 2785 et
448 2735 607 2789 amici
636 2749 872 2808 suscepta
896 2757 1120 2811 persima
1142 2746 1377 2802 disturba
1403 2750 1527 2804 mihi
1552 2752 1689 2806 illius
1708 2754 1948 2822 consilia,

373 2834 422 2875 et
452 2823 535 2878 fac
566 2837 626 2880 ut
649 2828 716 2882 sit
741 2830 942 2887 irritum
965 2836 1326 2906 Achitnpbelis
1345 2842 1638 2896 consifium.
1658 2843 1755 2899 llic
1774 2858 1949 2899 autem

374 2916 691 2988 Achitophel
731 2924 869 2991 apud
911 2936 1190 2997 tyrannum
1222 2941 1344 2988 tunc
1370 2937 1546 2989 omnia
1587 2947 1825 3002 poterat,
1876 2939 1950 2993 rei

375 3010 589 3101 quidem
621 3015 859 3073 militaris
885 3021 1037 3075 valde
1070 3026 1266 3091 peritus
1291 3068 1301 3089 ,
1332 3029 1418 3097 qui
1447 3030 1496 3082 in
1524 3029 1662 3084 bello
1691 3040 1743 3086 et
1770 3032 1954 3101 prselio

304 3178 321 3185 ‘
376 3099 709 3168 inlpcmtnris
748 3119 924 3176 partes
970 3115 1221 3180 prmclare
1272 3132 1430 3186 agere
1470 3131 1698 3191 poterat,
1742 3133 1794 3176 et
1833 3123 1953 3178 ideo

379 3192 541 3248 David
592 3212 711 3251 eum
756 3201 873 3269 plus
917 3205 1130 3261 timebat
1165 3225 1320 3279 quam
1366 3219 1645 3283 tyrannum
1690 3232 1705 3270 :
1750 3223 1951 3271 tantum

378 3284 590 3355 ingenio
623 3291 828 3347 valebat
868 3306 921 3349 ct
960 3300 1254 3366 prudentia.
1283 3302 1375 3357 llis
1400 3305 1590 3359 auditis
1619 3307 1708 3361 ille
1738 3309 1949 3378 paruit,

378 3392 475 3430 nec
495 3378 655 3434 u'lam
688 3385 855 3450 pusifli
896 3398 983 3441 aut
1016 3389 1208 3460 abjecti
1249 3393 1411 3448 animi
1440 3396 1809 3466 cogitationem
1835 3414 1952 3456 sus-

376 3469 517 3535 cepit
535 3512 548 3531 ,
582 3486 681 3527 nec
707 3472 904 3532 humile
932 3488 1022 3534 aut
1051 3481 1293 3549 ignavum
1319 3484 1445 3555 quid
1470 3488 1746 3557 cogitavit,
1779 3505 1952 3561 neque

374 3557 510 3612 dixit
526 3580 537 3613 :
553 3562 688 3629 Quid
710 3566 753 3619 si
784 3567 933 3623 fuero
954 3569 1350 3639 deprehensus?
1366 3577 1488 3646 quid
1509 3579 1551 3632 si
1581 3579 1724 3634 larva
1742 3557 1949 3637 detecta

379 3650 569 3709 fuerit?
596 3659 719 3726 quid
747 3661 788 3714 si
821 3661 974 3716 fuerit
1002 3664 1364 3735 deprehensus
1390 3679 1539 3726 actus
1567 3674 1953 3732 simulationis?

376 3746 602 3803 callidus
629 3752 941 3823 Aeliitopbel
962 3775 975 3810 :
999 3756 1100 3812 hoc
1135 3758 1359 3817 fortasse
1387 3763 1769 3834 deprehendet,
1800 3769 1953 3825 dete-

377 3848 610 3907 getque,
660 3851 709 3896 et
755 3853 955 3903 temere
994 3864 1060 3903 ac
1102 3848 1292 3907 frustra
1344 3853 1452 3909 illic
1499 3848 1720 3926 peribo.’
1754 3859 1953 3915 Horum

378 3929 508 3982 nihil
554 3944 835 4002 reputans,
878 3952 936 3991 se
975 3939 1026 3995 in
1067 3951 1240 3995 castra
1269 3946 1476 4014 tyranni
1507 3948 1797 4017 proripuit,
1838 3950 1955 4005 uni-

377 4035 547 4074 versa:
597 4025 673 4078 rei
718 4041 841 4080 cura
887 4029 937 4082 in
991 4030 1153 4086 Deum
1206 4035 1480 4104 conjecta,
1524 4049 1578 4095 et
1621 4040 1853 4111 seipsum
1901 4043 1953 4097 in

379 4113 552 4168 media
581 4116 797 4172 immisit
829 4121 1078 4189 pericula.
1109 4123 1232 4179 Ha'c
1258 4127 1434 4181 omnia
1460 4143 1489 4182 a
1522 4145 1606 4185 me
1634 4130 1771 4186 diota
1799 4140 1952 4202 sunt,

378 4220 486 4257 non
515 4207 683 4259 solum
716 4218 771 4262 ut
791 4211 1060 4267 laudemus
1079 4255 1095 4280 ,
1127 4214 1219 4270 sed
1248 4226 1305 4271 tit
1329 4226 1383 4272 et
1404 4234 1746 4292 quaecumque
1770 4223 1952 4279 Davidi

379 4295 550 4348 tristia
578 4309 892 4363 evenerunt,
923 4319 1269 4376 qumcumque
1298 4324 1483 4375 passus
1509 4322 1623 4379 est,
1650 4313 1952 4383 discamus,

376 4395 425 4437 et
454 4402 801 4459 quaecumque
825 4393 925 4447 alia
950 4398 1225 4451 commoda
1256 4410 1476 4466 possunt
1499 4418 1561 4457 ex
1589 4405 1805 4460 historia
1834 4423 1955 4476 per-

374 4479 479 4546 cipi
507 4520 521 4541 ,
560 4495 621 4534 ea
663 4486 821 4537 etiam
868 4485 920 4540 iu
968 4488 1196 4543 medium
1243 4480 1599 4549 adducamus:
1617 4497 1754 4552 Ecce
1780 4500 1950 4565 enim,

374 4569 517 4636 quod
550 4572 763 4627 assidue
791 4589 820 4627 a
852 4578 1028 4632 multis
1061 4579 1361 4649 inquiritur.
1407 4584 1660 4655 Curjnsti
1706 4587 1953 4657 affligun-

377 4669 484 4723 tur,
512 4660 737 4729 improbi
763 4674 937 4721 autem
961 4668 1011 4723 in
1043 4671 1219 4737 quiete
1245 4684 1298 4727 et
1318 4674 1425 4727 otio
1455 4680 1765 4733 versantur?
1790 4679 1841 4733 id
1869 4680 1955 4735 hic

376 4752 619 4808 invenire
648 4769 945 4822 possumus.
990 4760 1169 4816 Justus
1204 4766 1346 4819 enim
1387 4760 1694 4825 versabatur
1727 4772 1779 4825 in
1807 4774 1953 4827 cala-

377 4844 670 4907 mitatibus,
702 4848 990 4905 sceleratus
1028 4864 1204 4908 autem
1232 4896 1247 4922 ,
1292 4867 1347 4910 et
1390 4859 1641 4924 patricida
1665 4902 1679 4921 ,
1711 4869 1765 4915 et
1789 4862 1955 4931 ipsius

377 4946 580 4989 natura:
624 4938 868 4994 inimicus
907 4952 953 4996 et
1004 4943 1189 5010 hostis,
1242 4948 1294 5001 in
1342 4947 1594 5004 felicitate
1643 4951 1853 5021 agebat,
1898 4961 1956 5009 et

376 5026 587 5092 palatiis
617 5029 773 5097 regiis
796 5047 810 5082 :
833 5031 926 5086 sed
956 5048 1053 5088 nec
1079 5036 1166 5089 ille
1195 5037 1481 5108 quidquam
1521 5057 1586 5095 ex
1619 5057 1684 5096 eo
1715 5042 1957 5098 lucraba-

376 5127 480 5179 tur,
534 5135 707 5189 neque
735 5132 948 5178 sanctus
979 5124 1063 5180 hic
1093 5127 1420 5194 lmdcbatur,
1464 5131 1556 5185 sed
1601 5131 1690 5186 illc
1736 5133 1949 5203 quidem

375 5211 666 5277 majoribus
694 5212 956 5268 olmoxius
983 5214 1081 5269 fuit
1104 5220 1385 5286 :ernmnis;
1432 5219 1519 5274 hic
1556 5233 1730 5275 autem
1759 5223 1954 5277 clarior

371 5312 427 5356 et
453 5303 777 5371 splendidior
815 5306 982 5361 factus
1006 5316 1107 5373 est,
1151 5317 1208 5364 ut
1235 5326 1422 5366 aurum
1454 5312 1505 5366 in
1534 5312 1748 5369 fornace
1771 5314 1949 5370 reddi-

374 5405 462 5449 tur
491 5394 776 5451 afﬂictione
806 5399 1005 5467 purior.
1896 5412 1899 5415 ‘
1945 5447 1949 5452 .

441 5483 499 5536 2.
522 5483 837 5541 Documenta
853 5497 1070 5558 quatuor
1087 5491 1139 5544 in
1160 5493 1415 5548 (erumnis.
1436 5523 1509 5534 —
1538 5495 1669 5550 Hinc
1693 5512 1820 5566 ergo
1842 5498 1952 5568 pri-

373 5589 519 5628 mum
561 5576 663 5630 hoc
700 5578 876 5643 disce,
919 5595 988 5634 ne
1019 5582 1353 5638 conturberis
1383 5585 1435 5640 in
1462 5586 1763 5655 hujusmodi
1793 5590 1952 5646 rebus

369 5665 644 5732 adversis,
686 5683 805 5724 cum
847 5671 1026 5728 videas
1072 5673 1229 5728 etiam
1266 5674 1426 5747 iustis
1454 5677 1504 5732 id
1531 5679 1778 5746 evenire;
1807 5681 1947 5736 aliud

370 5770 549 5814 autem
578 5771 779 5831 postea,
805 5779 871 5818 ne
891 5766 1115 5821 muteris
1134 5780 1231 5836 pro
1248 5776 1502 5839 tempore,
1529 5768 1624 5825 sed
1645 5770 1789 5827 noris
1808 5771 1951 5843 leges

1558 349 1913 409 EXPOSlTlO
1946 351 2019 410 IN
2057 352 2378 415 PSALMUM
2408 358 2515 415 VII.
3583 376 3652 432 82

2063 469 2351 538 amicitiae;
2382 474 2620 545 tertium,
2645 478 2881 533 utetiam
2906 483 3134 550 pericula
3164 485 3371 563 audeas,
3385 488 3532 544 adire
3554 506 3650 558 pro

2062 559 2288 627 virtute;
2316 573 2561 632 quartum
2583 606 2596 627 ,
2626 576 2683 621 ut
2709 569 2868 624 etiam
2897 571 2948 625 in
2978 573 3138 629 rebus
3170 575 3340 632 dubiis
3358 559 3418 632 et
3444 582 3649 651 aSpei-is

2059 650 2199 705 bona
2224 668 2319 722 spe
2344 654 2417 708 sis
2448 657 2699 725 przeditus
2722 702 2736 726 ,
2780 661 2872 715 Dei
2912 664 3162 719 auxilium
3190 681 3524 737 exspectans.
3557 669 3647 725 lile

2060 742 2201 796 enim
2232 744 2393 800 Chusi
2424 763 2528 803 non
2555 758 2725 804 castra
2756 754 3089 823 respiciebat,
3118 773 3223 812 non
3255 761 3462 831 tyranni
3493 762 3650 815 timeo

2055 848 2213 902 rem,
2260 852 2364 890 non
2409 854 2666 908 equorqu
2711 844 3134 914 multitudinem,
3177 865 3279 904 non
3317 862 3642 907 armatorum

2055 923 2367 996 phalanges,
2411 944 2513 983 non
2551 931 2690 1000 quod
2721 930 2876 987 urbes
2903 934 3011 1004 jam
3041 946 3164 993 ante
3196 952 3363 1009 capite
3401 943 3638 1009 fuerant,

2054 1030 2163 1069 non
2195 1016 2404 1073 Davidis
2428 1021 2765 1077 solitudinem
2796 1034 2850 1079 et
2876 1026 3326 1093 imbecillitatem;
3353 1031 3446 1086 sed
3475 1049 3639 1087 unum

2056 1109 2227 1164 solum
2251 1112 2545 1175 reSpiciens
2568 1114 2973 1186 inexpugnabile
2999 1119 3089 1175 Dei
3117 1123 3392 1187 auxilium,
3421 1132 3475 1177 et
3502 1125 3644 1179 illius

2051 1199 2502 1269 benevolentiam,
2529 1206 2599 1259 ita
2622 1216 2873 1278 utrasque
2894 1220 3070 1280 partes
3092 1211 3398 1279 dijudicavit
3417 1231 3429 1266 :
3449 1225 3500 1269 et
3525 1215 3661 1271 illas

2054 1292 2267 1362 quidem
2297 1294 2495 1350 invenit
2522 1297 2841 1366 impotentes
2868 1311 2919 1355 et
2946 1301 3238 1365 invalidas,
3271 1304 3364 1358 has
3392 1320 3519 1359 vero
3549 1304 3643 1360 flr-

2054 1399 2171 1438 mas
2199 1393 2253 1439 et
2283 1398 2545 1455 potentes.
2581 1388 2668 1444 llle
2699 1391 2838 1445 enim
2887 1392 3082 1462 injuste
3122 1394 3364 1458 faciebat,
3404 1395 3488 1450 hic
3519 1412 3644 1451 vero

2054 1488 2173 1526 cum
2210 1474 2353 1544 justo
2393 1465 2623 1544 scipsutn
2669 1481 2934 1534 servabat.
2978 1481 3110 1535 Cum
3137 1499 3263 1553 ergo
3292 1494 3489 1548 staret,
3536 1501 3640 1540 non

2056 1565 2145 1618 ubi
2174 1567 2458 1620 multitudo
2487 1569 2760 1624 hominum
2784 1612 2798 1636 ,
2826 1573 2919 1626 sed
2953 1573 3038 1628 ubi
3075 1585 3190 1628 crat
3218 1576 3427 1629 virtutis
3455 1578 3639 1645 pransi-

2057 1655 2223 1719 dium,
2272 1673 2427 1727 opem
2480 1660 2571 1714 Dei
2611 1661 2676 1715 ad
2718 1678 2777 1717 se
2820 1667 3056 1718 attraxit.
3107 1668 3228 1720 llaic
3270 1667 3410 1730 dico,
3458 1679 3507 1720 ul
3544 1684 3641 1723 nos

2053 1764 2263 1818 quoque
2282 1791 2296 1814 ,
2325 1751 2420 1803 etsi
2449 1753 2549 1804 sint
2599 1753 2849 1809 imbecilli
2891 1770 2920 1809 a
2964 1774 3032 1825 qu
3072 1775 3186 1810 rmn
3216 1769 3362 1827 parte
3389 1770 3491 1812 stat
3512 1761 3598 1827 jus
3620 1799 3639 1824 ,

2055 1841 2265 1895 illorum
2298 1854 2475 1912 partes
2510 1854 2783 1903 tueamur:
2806 1848 2926 1903 licet
2964 1851 3069 1904 sint
3110 1863 3356 1921 potentes
3378 1855 3468 1922 qui
3500 1853 3639 1922 inju-

2055 1932 2185 1985 riam
2212 1932 2479 1999 inferunt,
2525 1938 2835 1993 societatem
2877 1940 3085 1995 illorum
3125 1941 3405 2011 fugiamus.
3439 1944 3636 1998 Vitium

2053 2023 2216 2087 enim,
2241 2025 2340 2078 etsi
2371 2041 2548 2080 secum
2580 2028 2769 2083 haheat
2793 2032 3095 2085 universum
3120 2033 3300 2085 orbem
3336 2043 3592 2088 terrarum
3617 2074 3635 2099 ,

2056 2124 2139 2167 est
2168 2116 2401 2169 omnium
2437 2118 2665 2174 maxime
2705 2120 3062 2185 imbecillum;
3096 2123 3261 2175 virtus
3293 2134 3504 2187 autem,
3535 2126 3634 2178 etsi

2053 2205 2163 2259 sola
2191 2206 2279 2272 sit,
2308 2216 2389 2260 est
2411 2209 2646 2262 omnium
2689 2213 3054 2280 potentissima
3078 2233 3090 2266 :
3113 2213 3271 2267 habet
3296 2214 3437 2266 cnim
3473 2214 3637 2268 Deum

2054 2309 2234 2351 secum
2275 2305 2526 2352 stantem.
2569 2299 2698 2368 Quis
2741 2317 2866 2371 ergo
2907 2318 3120 2358 servare
3150 2313 3319 2373 petest
3346 2321 3463 2357 eum
3493 2308 3578 2373 qui
3608 2320 3637 2359 a

2054 2384 2166 2440 Deo
2210 2390 2577 2459 oppugnatur?
2613 2392 2731 2460 quis
2774 2402 2950 2447 autem
2999 2403 3172 2463 potest
3217 2395 3441 2464 perdere
3480 2412 3635 2461 enin,

2055 2477 2137 2530 cui
2164 2476 2277 2545 ipse
2303 2478 2405 2533 fert
2432 2481 2721 2535 auxilium?
2750 2483 2872 2538 llmc
2896 2485 3072 2539 omnia
3094 2486 3364 2555 sapienter
3389 2487 3634 2542 conside-

2054 2583 2182 2622 rans
2207 2568 2388 2635 Cbnsi,
2424 2572 2557 2625 bona
2580 2590 2673 2643 spe
2692 2585 2971 2643 concepta,
2996 2580 3137 2631 venit
3159 2594 3262 2645 quo
3288 2578 3599 2637 mittebatur
3622 2595 3635 2630 :

2055 2668 2108 2712 ct
2133 2670 2411 2730 postquam
2444 2663 2680 2732 adstitit,
2720 2681 2840 2720 cum
2884 2667 3099 2721 vidisset
3131 2679 3409 2739 tyrannum
3440 2683 3636 2737 appro-

2057 2750 2418 2820 pinquantem,
2445 2756 2690 2810 accessit.
2722 2757 2812 2815 Ille
2840 2767 3017 2812 autem
3041 2774 3161 2812 cum
3190 2761 3492 2828 frequenter
3515 2775 3637 2813 eum

2057 2842 2310 2907 vidisset,
2352 2854 2403 2896 et
2444 2854 2585 2899 esset
2630 2846 2921 2915 imperandi
2960 2848 3247 2916 cupiditate
3277 2849 3484 2914 ebrius,
3531 2864 3638 2903 nou

2058 2933 2337 3003 diligenter
2373 2933 2837 2992 exainiuavitzsed
2880 2940 3028 2992 illum
3059 2940 3315 3005 irridens,
3352 2951 3405 2994 et
3432 2941 3641 3010 probris

2059 3024 2320 3096 impetens
2343 3069 2358 3093 ,
2393 3029 2528 3093 Alii,
2560 3030 2764 3099 inquit,
2791 3045 2910 3083 cum
2937 3031 3109 3085 amico
3136 3040 3225 3084 tuo
3245 3073 3260 3096 ,
3301 3048 3367 3085 ne
3394 3031 3640 3101 dignatus

2057 3118 2271 3186 quidem
2302 3134 2490 3172 nomen
2521 3120 2718 3186 dicere,
2753 3130 2955 3174 tantum
2983 3131 3096 3175 erat
3124 3120 3327 3188 odium,
3357 3130 3513 3176 tantm.
3540 3121 3640 3176 iiii-

2057 3210 2270 3265 micitiae
2298 3211 2374 3280 (9..
2404 3212 2530 3282 Reg.
2562 3211 2644 3267 16.
2687 3212 2796 3285 17).
2847 3212 2942 3269 Cui
2981 3212 3145 3270 Chusi
3178 3214 3308 3268 nihil
3338 3224 3639 3271 commotus

2057 3317 2158 3357 nec
2185 3303 2531 3358 conturbatus
2560 3303 2689 3359 dicit
2713 3323 2727 3360 :
2751 3305 2974 3372 Quando
3001 3306 3150 3367 Dens
3180 3315 3297 3360 erat
3330 3321 3448 3360 cum
3490 3306 3636 3375 ipso,

2057 3394 2133 3449 illi
2165 3393 2301 3449 bene
2330 3394 2571 3449 volebam
2603 3413 2616 3450 :
2646 3397 2894 3466 quoniam
2934 3407 3110 3451 autem
3148 3412 3289 3451 nunc
3318 3404 3491 3451 tecum
3517 3407 3600 3453 est
3621 3440 3637 3462 ,

2055 3500 2387 3556 consequens
2411 3495 2570 3543 estut
2597 3498 2716 3544 tuas
2740 3499 2917 3558 partes
2941 3504 3137 3559 sequar
3161 3488 3316 3562 (Ibid.
3342 3506 3390 3544 υ.
3416 3491 3499 3545 18.
3526 3490 3637 3561 l9).
3710 3491 3720 3498 ’

2057 3575 2168 3631 lloc
2197 3576 2425 3648 tyranno
2448 3593 2669 3652 magnos
2691 3580 2911 3649 spiritus
2933 3580 3078 3647 fecit,
3109 3581 3471 3651 tumidumque
3493 3582 3639 3636 illum

2054 3666 2308 3732 reddidit,
2325 3678 2378 3723 et
2403 3684 2462 3724 re
2480 3684 2582 3725 non
2601 3669 2881 3741 diligentcr
2903 3673 3199 3726 examinata
3224 3673 3369 3741 (nam
3399 3674 3481 3727 vir
3512 3673 3639 3727 levis

2056 3758 2229 3814 credit
2269 3760 2504 3814 sermoni
2549 3759 2962 3830 cuilibet:quod
3009 3762 3080 3814 iili
3120 3763 3276 3815 etiam
3315 3761 3558 3834 accidit),
3587 3771 3640 3816 et

2058 3848 2283 3903 inimicis
2305 3849 2537 3914 deditus,
2569 3851 2742 3918 ipsum
2774 3851 2949 3904 statim
2980 3851 3120 3905 inter
3147 3852 3363 3907 intimos
3388 3852 3638 3920 admittit,
3728 3862 3737 3869 '

2058 3948 2113 3994 et
2138 3940 2188 3993 in
2213 3939 2501 4008 primorum
2532 3940 2824 3994 amicorum
2848 3940 3011 3994 refert
3041 3956 3340 3995 numerum.
3376 3941 3513 3995 Deus
3541 3957 3638 3995 an-

2059 4040 2164 4086 tem
2196 4046 2449 4101 prmsens,
2481 4040 2535 4086 ct
2564 4048 2682 4102 qua:
2705 4032 2899 4087 fiebant
2922 4048 3131 4104 regens,
3156 4034 3329 4089 omnia
3354 4034 3635 4105 dispensa-

2060 4120 2168 4175 bat.
2204 4122 2268 4175 Et
2303 4123 2577 4192 preposito
2607 4124 2745 4178 circa
2775 4124 2968 4179 bellum
3000 4126 3245 4189 consilio,
3273 4142 3392 4179 cum
3423 4126 3509 4179 alii
3536 4127 3639 4181 alia

2057 4213 2298 4269 dicerent
2338 4213 2404 4269 de
2442 4215 2602 4270 rebus
2630 4215 2878 4284 agendis,
2924 4230 2990 4267 an
3034 4217 3208 4269 statim
3240 4216 3522 4279 invadere,
3572 4232 3637 4269 an

2058 4319 2244 4373 parum
2272 4302 2489 4358 differre
2531 4313 2834 4373 oporteret.
2868 4306 3127 4359 accedens
3159 4305 3506 4372 Achimpbcl.
3550 4308 3637 4373 qui

2057 4394 2284 4448 consilio
2314 4395 2598 4463 plurimum
2633 4397 2842 4449 valebat
2879 4405 2933 4449 et
2978 4398 3295 4450 sententiam
3327 4412 3474 4451 suam
3514 4412 3638 4466 pro-

2058 4486 2238 4541 ferens
2268 4487 2368 4541 hoc
2397 4487 2542 4541 dedit
2564 4487 2867 4550 consilium,
2886 4487 3069 4540 dicens
3094 4504 3108 4541 :
3132 4487 3398 4540 Afflictum
3430 4504 3566 4541 nunc
3586 4496 3640 4542 et

2060 4580 2425 4650 perturbatum
2468 4591 2670 4649 patrem
2701 4593 2847 4633 tuum
2885 4580 3212 4634 invadamus.
3240 4579 3372 4634 Nam
3402 4581 3445 4633 si
3471 4580 3519 4634 ei
3555 4596 3640 4634 ro—

2056 4669 2291 4739 spirandi
2316 4670 2518 4723 nullum
2543 4678 2753 4739 tempus
2782 4669 3105 4733 dederimus,
3127 4670 3194 4725 ita
3221 4686 3341 4725 eum
3369 4670 3434 4725 de
3464 4671 3640 4725 medio

2062 4761 2317 4815 tollemus
2342 4777 2355 4813 :
2376 4759 2419 4813 si
2442 4760 2584 4815 enim
2607 4775 2726 4813 eum
2752 4761 3066 4829 imparatum
3090 4776 3229 4815 nunc
3249 4761 3637 4831 aggrediamur,
3714 4809 3720 4814 .

2059 4851 2320 4909 resnullo
2346 4853 2528 4908 labore
2571 4867 2602 4907 a
2625 4854 2777 4907 nobis
2801 4853 3107 4923 perficietur
3149 4851 3168 4926 (
3198 4853 3334 4907 Ibid.
3363 4854 3450 4908 l7.
3473 4854 3567 4908 1-5
3596 4854 3638 4921 ).

2058 4945 2183 5000 Haec
2215 4959 2335 4998 cum
2364 4945 2600 4999 audisset
2641 4954 2893 5016 tyrannus
2912 4986 2925 5009 ,
2954 4953 3107 4999 vocat
3132 4945 3289 4999 etiam
3321 4943 3484 4998 Chusi
3505 4984 3520 5008 ,
3549 4942 3639 5011 qui

2057 5035 2124 5089 ad
2152 5035 2324 5104 ipsum
2348 5033 2708 5105 transfugerat
2730 5051 2823 5105 per
2843 5036 3257 5099 simulationem,
3287 5044 3340 5089 et
3365 5050 3484 5088 eum
3515 5032 3641 5087 facit

2058 5129 2176 5197 eius
2215 5127 2356 5197 quod
2398 5128 2679 5199 petebatur
2719 5128 2926 5181 consilii
2970 5128 3278 5197 participem
3308 5143 3320 5177 :
3347 5124 3485 5193 quod
3531 5139 3637 5179 ucn

2059 5229 2175 5276 erat
2203 5219 2452 5276 humana:
2479 5221 2672 5285 rationi
2694 5229 3113 5275 coasentaneum
3132 5238 3149 5281 ν,
3182 5226 3239 5269 ut
3264 5231 3383 5270 eum
3424 5215 3511 5284 qui
3549 5229 3638 5268 re-

2056 5321 2244 5369 center
2269 5321 2510 5379 venerat,
2541 5321 2689 5367 tanto
2711 5314 2914 5367 honore
2936 5311 3190 5372 afficeret,
3214 5318 3264 5361 et
3296 5306 3397 5361 fide
3420 5307 3638 5376 dignum

2056 5407 2418 5471 existimaret,
2462 5415 2521 5459 ut
2563 5405 2723 5460 etiam
2766 5403 2832 5458 de
2873 5403 3036 5457 rebus
3076 5399 3336 5470 ejusmodi
3369 5414 3490 5454 eum
3520 5413 3640 5455 esse

2057 5497 2220 5554 vellet
2241 5496 2603 5551 consiliarium
2631 5494 2760 5549 :scd
2791 5493 2929 5547 sicut
2955 5502 3079 5546 ante
3099 5490 3227 5553 dixi,
3258 5488 3473 5558 quando
3502 5487 3640 5541 Dm:

2056 5595 2142 5644 est
2160 5587 2371 5652 ductor,
2401 5587 2559 5641 etiam
2586 5600 2705 5655 qute
2734 5591 2858 5638 sunt
2887 5581 3146 5645 difficilia,
3186 5580 3355 5634 facilia
3386 5578 3638 5634 evadunt.

2058 5677 2413 5733 lntroducitur
2437 5676 2620 5740 Chusi,
2647 5685 2701 5731 et
2742 5675 2863 5729 facit
2895 5675 2943 5730 ei
2986 5674 3204 5728 liberam
3245 5671 3453 5726 dicendi
3495 5681 3637 5739 pote-

2058 5778 2273 5837 statem,
2304 5768 2519 5839 vultque
2537 5766 2716 5823 dicere
2742 5764 2809 5820 dc
2831 5780 2898 5822 eo
2921 5764 3060 5835 quod
3088 5764 3404 5834 proponitur
3430 5762 3486 5830 (‘2
3512 5761 3635 5829 Ιιινς.

3776 855 3800 866 ρ
