4106 6406
509 371 578 427 83
1270 367 1328 423 S.
1364 365 1640 421 JOANNIS
1665 360 2142 419 CllRYSOSTOMl
2183 362 2500 424 ARCHIEP.
2544 371 3082 432 CONSTANTINOP.
3735 381 3805 437 85

511 487 599 542 17.
632 485 684 540 5.
719 483 794 555 6).
829 483 961 550 Quid
992 497 1116 537 vero
1138 480 1338 535 Chnsi?
1366 481 1684 551 Numquam,
1717 481 1913 550 tnquit,
1948 478 2103 531 aber-

513 592 567 630 ra
581 575 656 628 vit
682 573 998 644 Achitophel
1028 573 1119 644 (α).
1159 556 1317 625 Vides
1350 570 1725 641 prudentiam?
1767 570 1882 624 Non
1915 582 2098 639 repre-

514 668 696 721 hendit
734 667 910 719 statim
935 665 1047 735 ejus
1089 665 1429 728 sententiam,
1467 664 1559 717 sed
1600 678 1719 717 cum
1762 664 1934 717 laude.
1970 662 2101 716 lium

510 762 653 814 enim
689 761 909 815 laudans
945 759 1084 829 quod
1122 768 1481 829 Opportunum
1511 765 1664 810 antea
1691 755 1971 808 consilium
2000 755 2100 809 de-

511 853 701 916 disset,
738 854 809 905 ita
861 864 1179 922 pra-sentem
1226 852 1494 921 vituperat
1550 851 1892 903 sententiam.
1947 846 2101 914 Quod

512 956 688 999 autem
714 945 861 1009 dicit,
890 946 992 999 tale
1014 956 1093 997 cst
1119 963 1131 996 :
1162 944 1324 998 Miror
1350 941 1618 1012 quomodo
1642 957 1779 993 nunc
1804 940 2098 994 erraverit:

507 1053 612 1089 nou
673 1035 799 1090 mihi
855 1039 994 1089 enim
1051 1036 1262 1091 videtur
1318 1051 1438 1090 esse
1498 1035 1623 1089 utile
1681 1033 1984 1087 (30::Silitttlt.
2043 1030 2099 1085 Si

506 1128 703 1195 quippe
744 1144 864 1179 cum
908 1127 1442 1190 tuun-invaserimus,
1485 1134 1751 1193 tamquam
1777 1138 1932 1176 ιιι-μηδ
1954 1122 2101 1180 rabie

509 1220 758 1288 percitus,
791 1220 863 1272 ira
900 1219 1087 1287 plenus
1115 1228 1266 1288 pater
1295 1227 1437 1281 tuus,
1470 1217 1536 1270 de
1565 1218 1667 1269 vita
1695 1216 2015 1282 desperans,
2045 1221 2102 1269 et

507 1327 628 1365 cum
657 1327 862 1365 summa
890 1327 1129 1381 pugnans
1151 1311 1532 1381 indignatione,
1559 1327 1668 1363 sum
1689 1309 1876 1363 salutis
1898 1308 2096 1363 nullam

506 1404 665 1457 ducet
692 1405 972 1471 rationem,
996 1414 1051 1458 et
1073 1403 1303 1457 maximo
1326 1402 1523 1472 impetu
1544 1403 1594 1455 in
1612 1416 1709 1455 nos
1732 1401 1916 1454 irruet.
1944 1399 2097 1468 Quod

506 1498 549 1549 si
567 1514 749 1566 parum
772 1502 1115 1563 cesserimus,
1136 1513 1256 1552 eum
1275 1513 1395 1551 eum
1415 1496 1705 1565 majoribus
1726 1505 1778 1549 et
1795 1492 2101 1547 instructio-

508 1589 656 1643 ribus
681 1590 851 1659 capiis
878 1589 1251 1660 aggrediemur
1270 1629 1285 1654 ,
1317 1588 1577 1658 longeque
1607 1586 1772 1640 tutius
1794 1627 1806 1649 ,
1866 1602 1927 1640 ac
1963 1587 2095 1639 citra

513 1682 673 1734 ullum
707 1681 969 1748 laborem,
1011 1691 1210 1736 etcum
1250 1680 1479 1735 niaxima
1505 1677 1754 1732 facilitate
1781 1692 1901 1732 eum
1936 1676 2096 1731 veluti

508 1775 700 1845 laqueo
731 1775 1061 1844 implicatum
1091 1773 1367 1844 capiemus
1388 1784 1436 1826 et
1470 1771 1798 1826 adducemus
1827 1770 1844 1840 (
1877 1769 2011 1823 Ibid.
2045 1785 2094 1822 ιε.

509 1864 539 1917 7
581 1865 688 1935 15).
712 1865 916 1919 Laudat
933 1864 1166 1918 Absalun
1181 1862 1520 1926 sententiam,
1545 1876 1772 1930 camque
1794 1860 1892 1914 sibi
1914 1860 2095 1914 utilio-

510 1972 622 2009 rem
655 1971 773 2009 esse
794 1955 920 2009 dicit
941 1953 1102 2023 (Ibid.
1131 1970 1176 2007 υ.
1206 1953 1316 2022 Η).
1342 1952 1465 2006 lla-c
1486 1963 1663 2005 autem
1682 1949 2093 2015 diccbt’ttChusi,

510 2047 691 2102 havidi
721 2048 902 2102 volens
926 2047 1055 2102 dare
1081 2057 1289 2116 tempus
1308 2054 1436 2100 ntse
1461 2045 1785 2111 aliquantum
1807 2053 2092 2108 recrearet,

505 2158 567 2198 ac
587 2142 896 2212 respiraret,
919 2149 1238 2212 cogeretque
1255 2139 1568 2193 exercitmn.
1589 2136 1659 2191 lta
1680 2154 1805 2206 ergo
1824 2136 2095 2205 repudiata

508 2232 875 2302 AchitOphelis
919 2232 1216 2296 sententia,
1271 2246 1366 2300 per
1413 2230 1554 2284 viros
1604 2229 1801 2298 aliquot
1858 2237 2096 2282 si-crctos

506 2323 744 2389 mittens,
771 2322 949 2376 omnia
976 2322 1157 2376 Davidi
1179 2319 1521 2387 renuntiavit,
1545 2328 1828 2391 tyrannum
1853 2318 2096 2373 videl'cet

506 2431 656 2469 suam
687 2414 1013 2485 approbasse
1055 2415 1409 2479 sententiam,
1460 2429 1578 2482 quae
1619 2411 1800 2466 Davidi
1844 2412 2096 2466 alierehat

507 2507 807 2560 victoriam.
862 2504 1012 2572 Quod
1069 2505 1136 2559 ita
1179 2505 1339 2560 etiam
1377 2504 1569 2559 accidit
1606 2522 1620 2558 :
1671 2521 1790 2559 cum
1831 2505 1973 2559 enim
2019 2504 2094 2559 illi

508 2613 694 2665 parum
732 2597 885 2665 spatii
917 2595 1185 2661 dedisset,
1233 2605 1450 2665 paratus
1480 2596 1637 2649 David
1685 2612 1806 2651 eum
1862 2598 2091 2663 invasit,

510 2687 743 2758 fusisque
784 2704 846 2742 ac
891 2688 1082 2757 fugatis
1124 2686 1367 2743 hostibus
1397 2689 1670 2742 victoriam
1700 2690 1897 2743 rctutit.
1941 2690 2094 2756 Quod

506 2797 626 2843 cum
652 2798 746 2851 pro
764 2797 855 2835 sua
877 2780 1154 2851 prudentia
1178 2792 1231 2836 et
1251 2780 1443 2853 ingenii
1467 2782 1681 2837 solertia
1708 2782 1913 2837 videret
1932 2783 2092 2837 Achi-

508 2874 719 2944 tophel,
769 2884 824 2929 et
860 2889 924 2928 ex
973 2889 1038 2927 eo
1079 2873 1278 2927 exitum
1326 2874 1706 2941 intellexisset,
1739 2890 1927 2943 nempe
1952 2874 2091 2945 quod

508 2966 610 3019 lt;t‘(
662 2965 930 3021 sententia
978 2963 1227 3018 Absiloni
1267 2963 1491 3017 allatura
1536 2975 1679 3018 esset
1702 2964 1943 3029 exitimu,
1986 2981 2091 3018 non

507 3057 686 3111 fet-ens
753 3055 1172 3121 contumeliam,
1245 3054 1503 3109 recedens
1559 3066 1739 3124 aptato
1790 3056 1980 3125 laqueo
2035 3070 2095 3110 se

503 3147 802 3211 sull‘ucavit,
834 3155 891 3200 et
921 3145 990 3200 ita
1023 3145 1183 3200 vitam
1215 3145 1384 3199 Iinivit
1415 3143 1576 3218 (Ibid.
1606 3162 1653 3198 υ.
1690 3144 1899 3214 lii-23).

574 3238 625 3289 5.
665 3236 787 3291 Ιιςρο
819 3236 994 3305 itaque
1024 3237 1199 3289 omnia
1231 3250 1350 3289 cum
1380 3235 1654 3289 didicisset
1685 3235 1844 3288 David
1868 3277 1882 3300 ,
1937 3235 2091 3289 Psal-

505 3346 649 3385 nnnn
676 3331 883 3395 scribit,
918 3330 1165 3401 hymnos,
1195 3330 1388 3399 quibus
1421 3331 1617 3399 gratias
1654 3331 1760 3399 agit
1790 3332 1897 3385 Deo
1921 3374 1936 3396 ,
1964 3332 2096 3387 olle-

504 3440 666 3489 rcns,
716 3433 771 3476 et
799 3433 963 3478 totmn
1013 3433 1331 3492 stratagema
1378 3423 1485 3477 Deo
1528 3423 1784 3477 tribuens.
1833 3425 2091 3492 Quocirca

507 3513 772 3583 incipiens
801 3514 877 3567 sic
906 3513 1034 3567 dicit
1065 3531 1077 3566 :
1106 3513 1161 3567 2.
1197 3513 1414 3567 Domine
1446 3512 1582 3567 Deus
1612 3530 1749 3567 mens
1774 3557 1786 3578 ,
1816 3516 1870 3569 in
1910 3525 1956 3569 te
1974 3534 2090 3584 spe-

502 3605 629 3668 ravi,
654 3605 847 3658 salvum
895 3622 972 3658 me
1016 3608 1120 3675 fac.
1168 3603 1283 3659 Non
1337 3605 1388 3658 in
1429 3604 1610 3670 Chusi,
1648 3621 1747 3660 nec
1773 3608 1823 3660 itt
1863 3608 2091 3662 humana

503 3697 782 3766 sapientia.
815 3712 913 3750 nec
936 3697 985 3749 in
1011 3696 1148 3750 illius
1168 3696 1467 3765 prudentia,
1504 3711 1602 3752 nec
1622 3697 1674 3750 in
1705 3712 1825 3752 meo
1845 3700 2089 3762 oonsilio,

503 3788 619 3853 srd,
651 3785 714 3841 In
746 3797 811 3843 te.
844 3787 915 3841 lla
948 3803 1046 3842 nos
1062 3788 1221 3842 etiam
1255 3787 1526 3847 faciamus.
1556 3787 1763 3841 etiamsi
1799 3804 1891 3857 per
1916 3787 2090 3842 bimi-

504 3895 599 3936 ncs
647 3896 675 3933 a
716 3881 867 3934 nobis
914 3879 1112 3949 aliquid
1162 3879 1414 3949 pra'clare
1443 3890 1690 3950 geratur,
1744 3882 1851 3935 Deo
1894 3884 2093 3952 gratias

505 3987 744 4042 agamus,
768 3982 871 4026 tam
901 3986 997 4041 pro
1019 3972 1082 4027 iis
1112 3989 1229 4041 qua:
1251 3987 1345 4041 per
1369 3987 1484 4036 nos,
1517 3990 1674 4043 quam
1703 3991 1821 4044 qua-
1841 3994 1933 4042 per
1958 3976 2092 4030 alios

506 4062 662 4115 nobis
681 4070 973 4115 evenerunt
1002 4062 1292 4115 beneﬁciis.
1318 4061 1371 4115 Si
1393 4062 1533 4116 enim
1562 4063 1631 4116 ita
1657 4064 1929 4132 faciamus,
1961 4068 2090 4121 nihil

505 4155 609 4204 crit
636 4167 818 4217 grave,
852 4166 949 4205 ncc
980 4150 1194 4205 d:l‘licile
1219 4166 1232 4215 ;
1262 4151 1402 4220 rluod
1431 4153 1590 4206 etiam
1634 4152 1859 4209 faciebat
1903 4156 2088 4221 David,

504 4244 888 4313 pri-petundum
916 4243 1098 4297 dicens
1127 4260 1139 4293 :
1170 4242 1283 4296 Non
1333 4244 1383 4296 in
1426 4244 1600 4298 verbis
1625 4244 1785 4300 Chusi
1831 4246 2089 4304 habebam

506 4354 653 4403 spem
687 4336 908 4399 salutis,
955 4334 1046 4391 sed
1091 4337 1139 4387 iu
1191 4344 1279 4389 tuo
1318 4335 1540 4389 auxilio.
1574 4336 1704 4391 Vide
1752 4349 1928 4393 autem
1969 4356 2089 4396 cum

506 4443 699 4500 quanta
745 4431 975 4500 loquitur
1029 4428 1347 4493 aliut-lianc,
1399 4430 1536 4484 sicut
1584 4430 1720 4484 solet
1746 4430 1936 4486 facere.
1976 4432 2090 4488 Non

506 4523 647 4574 cnim
678 4523 813 4574 dixit
842 4541 852 4568 τ
890 4521 1111 4576 Domine
1145 4522 1282 4575 Deus
1312 4540 1322 4573 :
1355 4520 1471 4585 sed,
1502 4521 1719 4576 Domine
1760 4521 1893 4577 Deus
1921 4542 2091 4591 meus;

505 4624 559 4667 et
585 4614 706 4667 alibi
734 4656 747 4675 ,
795 4613 959 4677 Deus,
1003 4612 1141 4666 Deus
1169 4629 1335 4677 meus,
1363 4613 1431 4667 ad
1456 4623 1503 4667 te
1522 4614 1585 4669 de
1605 4612 1715 4668 luce
1742 4615 1890 4685 vigilo
1920 4616 2087 4688 (Psal.

505 4707 593 4760 (ἰὲ.
627 4706 706 4776 2).
742 4706 951 4760 Etenim
980 4722 1100 4761 eum
1128 4707 1376 4760 omnibus
1399 4722 1464 4760 eo
1481 4723 1615 4777 opus
1644 4707 1863 4761 habebat
1898 4726 1911 4761 :
1946 4724 2094 4765 scor-

504 4815 621 4853 sum
650 4810 826 4853 autem
855 4814 917 4853 ac
943 4800 1228 4868 sI-paratim
1258 4811 1474 4870 propter
1499 4799 1702 4869 insigne
1746 4801 2087 4856 desiderium.

508 4892 580 4947 Ita
613 4892 772 4947 etiam
806 4893 944 4946 licus
975 4891 1074 4946 hoc
1106 4892 1275 4962 ipsum
1305 4891 1428 4946 facit
1468 4892 1519 4946 in
1557 4891 1715 4961 jnstis
1736 4936 1750 4955 .
1795 4903 1848 4947 ct
1875 4911 1995 4948 cum
2026 4896 2093 4947 sit

506 4986 744 5038 omnium
778 4985 949 5048 licus,
983 4999 1042 5035 se
1085 4983 1216 5037 dicit
1241 4984 1527 5052 separatim
1573 4999 1692 5039 esse
1731 4985 1894 5039 Deum
1922 4986 2092 5055 justu-

509 5094 649 5132 rum.
690 5076 796 5146 Ego
822 5074 957 5128 Deus
988 5075 1245 5127 Abraham
1265 5115 1279 5139 ,
1313 5083 1358 5127 et
1385 5073 1521 5129 Deus
1545 5072 1696 5129 Isaac
1720 5118 1733 5141 ,
1770 5086 1815 5129 et
1846 5074 1980 5130 Deus
1997 5075 2096 5129 Ja-

508 5169 596 5220 cob
623 5168 639 5235 (
663 5167 828 5221 Exod.
854 5168 904 5221 5.
941 5164 1029 5238 6).
1067 5166 1194 5219 Vide
1221 5173 1397 5220 autem
1440 5165 1553 5233 cjus
1586 5167 1923 5235 sapientiam.
1960 5168 2093 5223 Cum

473 5257 747 5353 )dixisset,
782 5257 996 5311 Domine
1022 5256 1157 5309 Deus
1182 5272 1339 5319 meus,
1364 5257 1414 5309 iu
1438 5266 1484 5310 te
1508 5258 1704 5326 speravi
1737 5271 1756 5310 :
1782 5272 1885 5312 non
1916 5258 2052 5312 dixit
2076 5300 2091 5320 .

476 5346 644 5401 ‘l‘nui
697 5346 942 5411 hostem,
977 5349 1102 5402 tolle
1143 5348 1210 5402 de
1252 5348 1427 5402 medio
1472 5348 1744 5403 inimicum
1776 5366 1789 5403 :
1819 5350 1912 5405 sed
1952 5351 2093 5421 quod

507 5451 663 5490 suum
692 5446 771 5493 est
800 5446 1003 5492 tantum
1034 5439 1239 5506 qnazrit,
1269 5448 1323 5493 et
1345 5438 1474 5493 dicit
1498 5437 1742 5494 :Salvum
1764 5456 1842 5495 me
1863 5443 1965 5513 fac,
1993 5442 2097 5499 hoc

510 5536 627 5589 est,
661 5544 726 5582 ne
757 5528 1033 5597 permittas
1062 5539 1118 5581 ut
1161 5530 1298 5584 male
1327 5531 1514 5600 patiar,
1558 5531 1622 5584 ab
1651 5532 1883 5585 omnibus
1923 5549 2095 5601 perse-

511 5618 772 5684 quentibus
816 5634 895 5670 me
916 5659 931 5683 ,
984 5627 1029 5671 et
1059 5619 1213 5672 libera
1261 5637 1357 5674 me.
1401 5620 1535 5676 Vide
1563 5621 1831 5691 quomodo
1860 5638 1928 5679 ne
1957 5625 2096 5694 male

574 5750 647 5821 (ᾳ)
689 5751 770 5798 Hic
808 5754 1035 5801 memoria
1081 5752 1177 5802 labi
1201 5753 1811 5821 videturghrysostomus;
1859 5772 1969 5808 nam
1993 5759 2098 5809 haec

513 5817 664 5859 verba
687 5824 920 5874 nusquam
944 5822 1223 5879 comparent
1246 5815 1293 5864 in
1317 5816 1495 5869 Itibliis.

2212 480 2423 549 quidem
2462 485 2704 554 patiens,
2744 488 3056 543 nominatim
3102 489 3345 544 meminit
3389 491 3700 563 parricidas,
3748 504 3802 550 et

2210 585 2455 630 naturam
2487 577 2538 631 in
2567 579 2869 635 calamitate
2890 596 3189 651 agnoscens
3213 625 3228 648 ,
3272 592 3328 639 et
3364 583 3415 638 iu
3445 583 3583 639 bello
3627 587 3803 656 respi-

2208 667 2356 721 cicns
2389 668 2578 734 ﬁlium,
2602 680 2658 725 et
2684 672 2735 726 in
2759 672 3007 741 periculis
3033 688 3138 728 non
3162 675 3484 731 oblivisceus
3511 678 3802 733 viscerum.

2209 754 2376 813 Tattt‘l
2407 767 2523 813 erat
2549 760 2599 815 in
2630 761 2767 816 ﬁlios
2795 762 2966 832 pietas
2995 772 3050 818 et
3068 765 3300 830 caritas,
3347 767 3424 820 rel
3450 768 3623 837 potius
3654 778 3802 824 tanta

2207 855 2322 901 erat
2346 847 2462 917 ejus
2486 848 2844 921 philosophia.
2874 852 2990 907 Non
3013 853 3155 909 enim
3184 856 3423 927 tyrannis
3452 868 3676 925 natura',
3707 864 3803 914 sed

2209 941 2369 995 animi
2400 942 2577 1011 potius
2620 945 2973 1001 mansuetudo
3018 963 3140 1001 eum
3195 949 3354 1003 talem
3409 949 3701 1012 reddebat.
3750 961 3805 1006 et

2208 1031 2326 1099 plus
2372 1035 2633 1089 exercitui
2676 1036 3008 1106 imputabat,
3060 1054 3218 1109 quam
3262 1049 3537 1113 tyranno:
3585 1051 3640 1096 et
3680 1043 3805 1097 ideo

2207 1124 2335 1181 dicit
2365 1141 2377 1176 :
2413 1124 2627 1180 Salvum
2658 1145 2737 1182 me
2759 1131 2844 1201 [ac
2866 1131 2930 1183 ab
2954 1130 3183 1185 omnibus
3205 1135 3609 1204 persequentibus
3627 1151 3726 1197 me,
3754 1147 3805 1189 et

2205 1211 2360 1267 libera
2400 1232 2497 1270 me.
2548 1218 2680 1275 Vide
2729 1220 2996 1289 quomodo
3047 1236 3153 1276 non
3199 1223 3488 1279 admodum
3539 1226 3804 1281 invidiose

2206 1307 2449 1362 meminit
2472 1309 2729 1365 illorum?
2772 1310 2888 1367 Non
2912 1312 3056 1367 enim
3084 1313 3262 1380 dixit,
3317 1315 3392 1370 Ex
3437 1316 3503 1369 iis
3531 1317 3619 1386 qui
3668 1318 3802 1371 mihi

2207 1396 2403 1452 bellum
2435 1398 2687 1465 inferunt,
2720 1418 2790 1456 ex
2820 1403 2884 1458 iis
2924 1403 3014 1473 qui
3058 1418 3176 1459 mea
3206 1404 3483 1473 diripiunt,
3524 1423 3589 1460 ex
3620 1407 3685 1461 iis
3709 1408 3801 1477 qui

2205 1503 2299 1558 per
2326 1503 2587 1545 summam
2634 1492 2907 1548 libidinem
2945 1509 3079 1549 mea:
3112 1496 3272 1565 τρεῖς»
3302 1496 3597 1562 insultant,
3643 1509 3695 1552 et
3740 1513 3802 1553 se

2202 1585 2452 1638 omnibus
2478 1585 2693 1655 explent
2724 1587 3083 1658 voluptatibus
3113 1605 3126 1643 :
3156 1588 3250 1643 sed
3270 1630 3284 1654 ,
3328 1589 3370 1642 Α
3393 1592 3802 1661 persequentibus

2202 1690 2298 1727 me.
2322 1674 2376 1729 5.
2408 1674 2489 1731 Ne
2522 1676 2727 1748 quando
2760 1680 2927 1748 rapiat
2962 1689 3015 1733 ut
3043 1678 3120 1733 leo
3162 1679 3386 1733 animum
3429 1698 3591 1734 meum
3614 1721 3633 1742 .
3672 1681 3803 1734 dum

2203 1782 2300 1821 non
2330 1776 2403 1821 est
2429 1770 2513 1839 qui
2539 1769 2792 1835 redimat,
2837 1786 2997 1838 neque
3042 1770 3130 1841 qui
3171 1770 3366 1824 salvum
3405 1770 3583 1841 fariat.
3635 1772 3802 1841 Atqut

2201 1860 2417 1930 collegit
2459 1860 2791 1928 exercitum,
2831 1872 2887 1916 et
2929 1862 3127 1917 multos
3173 1875 3354 1916 secum
3397 1862 3578 1917 habuit
3610 1878 3627 1915 :
3659 1878 3800 1933 quo-

2203 1952 2362 2006 modo
2395 1968 2524 2023 ergo
2557 1953 2687 2008 dicit
2720 1972 2733 2008 :
2767 1953 2905 2008 Dum
2937 1972 3037 2009 non
3063 1964 3135 2009 est
3155 1955 3240 2025 qui
3261 1955 3494 2017 redimat,
3523 1972 3683 2026 neque
3709 1957 3802 2027 qui

2200 2045 2392 2099 salvum
2420 2047 2619 2117 faciat?
2641 2046 2904 2115 Quoniam
2934 2062 3001 2102 ne
3028 2047 3334 2103 universum
3365 2048 3579 2118 quidem
3605 2050 3796 2105 orbem

2202 2143 2465 2190 terrarum
2492 2139 2674 2192 auxilii
2700 2139 2820 2193 loco
2850 2138 3031 2206 habet,
3065 2140 3164 2194 uisi
3192 2155 3348 2209 opem
3371 2141 3605 2195 divinam
3638 2140 3802 2197 fuerit

2200 2236 2539 2298 asscqnutus,
2570 2244 2669 2283 nec
2694 2245 2752 2284 se
2773 2246 2892 2285 esse
2914 2230 3060 2285 ducit
3082 2231 3136 2284 in
3160 2230 3468 2297 solitudine,
3500 2232 3623 2287 licet
3646 2233 3801 2289 solzs

2201 2319 2305 2386 sit,
2359 2320 2404 2374 si
2434 2321 2502 2374 sit
2531 2321 2673 2375 illius
2701 2321 2882 2375 auxilii
2935 2321 3221 2391 particeps.
3272 2322 3337 2376 Et
3379 2323 3498 2377 ideo
3544 2323 3799 2391 dicebat,

2205 2409 2328 2464 Non
2368 2411 2594 2465 solvatur
2618 2427 2709 2465 rea:
2751 2428 2841 2481 per
2882 2410 3091 2465 multam
3124 2413 3428 2481 potentiam,
3455 2423 3502 2467 et
3523 2414 3667 2485 gigas
3693 2430 3801 2468 uou

2200 2503 2474 2557 silvabitur
2510 2503 2562 2558 in
2602 2504 2921 2557 multitudine
2963 2504 3159 2558 virtutis
3199 2522 3304 2560 suae
3341 2505 3513 2577 (Psat.
3555 2507 3644 2561 52.
3676 2506 3797 2575 16).

2200 2594 2447 2650 Nonnulli
2488 2606 2664 2649 autem
2707 2594 2808 2650 hoc
2850 2594 3046 2650 dictum
3098 2597 3389 2668 auagogice
3435 2597 3797 2668 accipientes.

2202 2688 2411 2742 leonem
2441 2698 2492 2743 et
2522 2700 2902 2758 persequentes
2931 2690 3114 2742 dicunt
3140 2703 3260 2744 esse
3285 2688 3555 2743 diabolum
3598 2700 3652 2745 et
3678 2691 3798 2745 da:-

2201 2796 2410 2836 mones.
2451 2780 2711 2847 Quoniam
2745 2780 2886 2834 enim
2920 2780 3129 2834 videbat
3158 2780 3322 2834 lilium
3347 2781 3414 2834 ab
3441 2781 3555 2848 ipso
3582 2791 3798 2850 raptum

2200 2884 2251 2927 et
2282 2872 2593 2925 devoratum
2622 2913 2636 2937 ,
2672 2882 2820 2941 rogat
2866 2888 2928 2925 ne
2969 2871 3195 2942 idipsum
3228 2888 3439 2942 quoque
3477 2871 3526 2927 ei
3555 2872 3798 2941 accidat,

2198 2973 2253 3017 et
2278 2954 2406 3017 dicit
2435 2966 2592 3017 etiam
2632 2979 2846 3018 causam
2899 2972 3114 3035 propter
3159 2979 3317 3034 quam
3347 2964 3448 3019 hoc
3473 2965 3547 3019 illi
3575 2964 3796 3022 accidit.

2199 3054 2452 3122 Quonam
2477 3063 2558 3108 est
2584 3066 2757 3109 anzcut
2783 3054 2983 3108 causa?
3013 3055 3235 3124 Propter
3257 3055 3567 3125 nequitiam,
3599 3057 3798 3126 inquit,

2199 3162 2228 3200 a
2260 3163 2318 3202 sc
2352 3148 2441 3200 Dei
2473 3147 2723 3201 auxilium
2752 3148 2965 3202 avertit.
2996 3146 3280 3215 Propterea
3306 3144 3477 3212 dicit,
3522 3144 3659 3199 Dum
3691 3163 3799 3201 non

2198 3249 2271 3292 est
2295 3239 2380 3309 qui
2409 3239 2656 3301 redimat,
2690 3254 2846 3307 neque
2873 3238 2958 3307 qni
2981 3237 3176 3292 salvum
3205 3237 3382 3307 faciat.
3428 3235 3581 3302 Quod
3609 3246 3797 3293 autem

2200 3329 2283 3384 leo
2313 3331 2519 3385 dicatur
2543 3331 2788 3384 diabolus
2809 3372 2821 3392 ,
2862 3330 2983 3384 andi
3012 3346 3074 3383 ex
3108 3329 3381 3398 Scriptura
3408 3370 3422 3394 ,
3466 3344 3586 3399 qua:
3614 3328 3748 3384 dicit
3777 3348 3795 3386 :

2199 3417 2445 3474 Inimicus
2487 3430 2642 3473 vester
2684 3419 2914 3473 diabolus
2960 3420 3191 3472 circumit
3243 3427 3299 3471 ut
3343 3419 3420 3473 leo
3453 3420 3702 3490 rugiens,
3744 3430 3800 3475 et

2197 3531 2426 3584 qua'rens
2454 3531 2598 3582 quem
2641 3514 2839 3565 devoret
2867 3514 2943 3581 (l.
2979 3510 3093 3565 Pet.
3128 3511 3182 3567 5.
3211 3509 3288 3583 8).
3317 3511 3454 3579 Quin
3484 3512 3645 3567 etiam
3677 3512 3799 3583 ipse

2201 3606 2455 3675 prOpbeta
2486 3603 2613 3658 dicit
2642 3604 2766 3657 alibi
2802 3620 2814 3656 :
2866 3602 2929 3654 Et
2968 3602 3284 3657 roncnlcnbis
3313 3603 3504 3657 leonem
3535 3612 3580 3656 et
3608 3603 3800 3656 draco-

2198 3714 2312 3752 nem
2348 3696 2517 3768 (Psal.
2550 3698 2639 3753 90.
2674 3693 2785 3768 15).
2832 3696 2923 3749 list
2950 3696 3089 3749 cuitu
3120 3694 3293 3749 bellua
3338 3695 3655 3764 multiplex;
3695 3696 3798 3751 sed

2199 3790 2243 3845 si
2275 3789 2627 3858 sapuerimus,
2659 3787 2745 3842 hic
2770 3787 2856 3841 leo
2880 3797 2929 3841 et
2960 3787 3120 3842 draco
3141 3788 3246 3841 erit
3268 3787 3457 3857 quovis
3480 3788 3590 3842 luto
3611 3787 3794 3854 vilior,

2198 3898 2297 3937 nec
2343 3881 2598 3936 adversus
2645 3894 2742 3934 nos
2771 3888 2958 3948 aperto
3011 3887 3179 3932 marte
3230 3877 3425 3949 diriget
3463 3879 3675 3935 aciem:
3707 3880 3796 3934 sin

2198 3982 2376 4027 autem
2406 3972 2695 4037 direxerit,
2742 3970 3161 4025 conculcabitur.
3194 3968 3459 4024 Ambulate
3479 3970 3621 4025 enim
3641 4012 3659 4036 ,
3706 3970 3796 4025 iu-

2196 4064 2332 4134 quit,
2358 4080 2506 4135 super
2535 4072 2786 4131 serpentes
2811 4070 2858 4117 et
2885 4062 3173 4132 scorpiones
3201 4059 3360 4133 (Luc.
3394 4060 3479 4115 10.
3513 4059 3641 4135 19).
3669 4061 3797 4116 Cir-

2199 4157 2366 4211 cumit
2404 4156 2546 4211 enim
2591 4155 2841 4211 incensus
2879 4154 2953 4208 ira
3001 4164 3267 4223 tamquam
3298 4152 3413 4220 leo;
3468 4153 3562 4209 sed
3608 4154 3652 4209 si
3695 4169 3797 4211 eo.

2199 4248 2453 4305 invaserit
2479 4249 2569 4318 qui
2595 4246 2868 4304 Christum
2901 4247 3097 4302 habent
3117 4287 3130 4310 ,
3175 4257 3226 4302 et
3252 4260 3464 4301 crucem
3494 4247 3545 4301 iu
3572 4246 3749 4304 fronte
3776 4289 3794 4314 ,

2198 4352 2252 4399 et
2281 4342 2455 4412 ignem
2485 4340 2745 4411 Spiritus,
2799 4348 2854 4393 et
2894 4337 3192 4407 lampadem
3220 4353 3339 4408 qua:
3380 4353 3666 4407 tnuuqnam
3697 4356 3795 4395 ex—

2200 4434 2502 4504 stinguitur,
2532 4446 2601 4486 ne
2632 4431 2845 4500 quidem
2875 4430 3120 4484 attollere
3151 4429 3336 4483 oculos
3358 4441 3543 4484 contra
3573 4431 3793 4498 poterit,

2198 4527 2295 4584 sed
2320 4541 2477 4581 verso
2506 4536 2654 4596 tergo
2684 4523 2916 4589 recedet,
2950 4539 3017 4578 ne
3051 4522 3291 4578 converti
3317 4522 3531 4594 quidem
3565 4522 3793 4578 audens.

2199 4618 2266 4674 Et
2296 4633 2362 4671 ne
2386 4617 2558 4671 inania
2582 4627 2634 4671 et
2661 4630 2792 4669 vana
2825 4608 2976 4680 putes
3001 4615 3163 4669 verba
3187 4629 3305 4668 esse
3333 4631 3452 4684 qnte
3478 4614 3617 4669 dicta
3639 4627 3791 4682 sum,

2197 4708 2476 4765 cansidera
2508 4709 2632 4759 mihi
2669 4706 2910 4761 l'attlutn.
2941 4705 3071 4759 Nam
3096 4705 3211 4773 ipse
3231 4721 3443 4775 quoque
3465 4710 3626 4761 homo
3648 4718 3790 4772 erat,

2201 4799 2291 4858 sed
2320 4814 2440 4850 eum
2471 4798 2540 4850 ita
2585 4801 2666 4849 leo
2693 4798 2792 4851 iste
2824 4796 3268 4866 pertimescebat,
3300 4806 3355 4850 ttt
3392 4805 3571 4851 vestes
3595 4795 3711 4866 cjus
3737 4806 3799 4852 et

2199 4890 2442 4945 umbram
2484 4890 2709 4960 lugeret.
2747 4889 2930 4942 Merito
2965 4907 2977 4942 :
3025 4888 3222 4943 Chriin
3266 4889 3408 4943 enim
3449 4887 3795 4958 ﬂagrantiam

2198 4998 2265 5038 es
2295 4999 2360 5037 eo
2388 4984 2679 5051 spirantem
2712 4992 2764 5035 tt
2789 4980 3169 5037 ascendentem
3219 4997 3323 5034 ttou
3366 4979 3563 5036 ferebat
3588 5022 3603 5047 ,
3643 4991 3698 5037 et
3723 4982 3796 5037 ad

2201 5073 2499 5144 lampadem
2529 5073 2739 5127 virtutis
2769 5072 3035 5141 respicere
3075 5087 3180 5127 non
3225 5080 3455 5141 poterat.
3488 5071 3542 5126 4.
3573 5069 3799 5126 Domine

2204 5167 2339 5222 Deus
2375 5183 2513 5221 meus
2535 5208 2551 5232 ,
2598 5166 2642 5220 si
2683 5165 2780 5237 [eri
2825 5164 2984 5228 istud,
3014 5164 3058 5218 si
3096 5174 3169 5218 est
3197 5161 3436 5233 iniquitas
3471 5163 3524 5215 in
3562 5160 3800 5215 manibus

2201 5259 2344 5313 meis.
2390 5257 2503 5313 Hoc
2536 5266 2791 5327 perpetuo
2835 5255 3156 5310 servandum
3188 5263 3307 5318 est,
3360 5265 3417 5309 ut
3448 5270 3551 5309 non
3594 5254 3803 5307 solum-

2202 5350 2362 5404 modo
2385 5364 2600 5403 oremus
2620 5390 2634 5412 ,
2667 5346 2759 5401 sed
2787 5347 2853 5399 ita
2880 5362 3096 5400 oremus
3115 5386 3129 5411 ,
3158 5347 3394 5399 utetiam
3426 5343 3797 5398 exatnliamur.

2200 5442 2316 5499 Non
2346 5443 2488 5497 enim
2537 5442 2736 5495 sul‘lieit
2765 5441 2937 5493 oratio
2963 5439 3028 5492 ad
3060 5438 3401 5493 efﬁciendum
3441 5437 3490 5491 id
3537 5436 3679 5507 quod
3713 5446 3804 5491 est

2203 5532 2554 5604 pmpositum,
2589 5531 2688 5587 nisi
2723 5532 2795 5585 ita
2818 5545 2934 5583 eaut
2968 5528 3452 5598 composuerimus,
3482 5535 3538 5580 ut
3569 5526 3676 5582 Deo
3701 5542 3799 5579 ac-

2201 5632 2355 5693 Ccpta
2385 5624 2473 5677 sit.
2505 5621 2638 5677 Nam
2670 5622 2843 5677 oravit
2870 5620 3031 5675 etiam
3066 5618 3389 5681 Pharisacus.
3422 5626 3479 5673 et
3501 5633 3625 5673 eum
3661 5617 3801 5673 nihil

2198 5714 2486 5787 juvit(ld.
2538 5716 2623 5772 18.
2679 5716 2781 5787 10)
2809 5732 2825 5781 ;
2857 5724 2912 5770 et
2964 5712 3136 5769 Judaei
3183 5726 3369 5767 rursus
3407 5719 3668 5777 orarunt,
3700 5710 3800 5764 sed

2204 5809 2479 5866 orantibus
2520 5810 2646 5883 ipsis
2687 5810 2828 5865 Deus
2873 5807 3211 5865 avertebatnr
3263 5802 3416 5877 (Isai.
3454 5804 3503 5858 t.
3538 5802 3629 5869 15)
3655 5820 3671 5857 :
3698 5818 3798 5858 uc-
