4106 6424
385 411 450 465 85
1531 413 1894 476 EXPUSITIO
1937 416 1993 470 LV

2103 416 2369 472 SALMUM
2413 417 2521 472 vn.
3542 485 3562 498 Ι
3591 419 3662 474 ιιι

386 527 654 582 οὐδέποτε
676 571 692 591 ,
731 532 876 603 φησὶ
898 573 913 597 ,
969 534 1261 604 διήμαρτεν
1290 533 1316 584 ὁ
1349 533 1645 601 Ἀχιτόφελ.
1680 529 1831 598 Εἶδες
1859 533 1981 586 σύν-

396 629 505 664 εσιν
565 613 795 684 ἀνδρόςς
852 616 976 669 Οὐκ
1035 617 1236 678 εὐθέως
1267 617 1432 670 αὐτοῦ
1487 618 1586 687 τὴν
1627 618 1852 688 γνώμην
1896 618 1983 670 ἐκ·

397 693 600 754 ϐάλλει,
649 695 792 750 ἀλλά
851 701 973 768 μετ’
1021 699 1311 769 ἐγκωμίου.
1344 699 1643 770 Θαυμάσας
1671 703 1779 771 γὰρ
1821 701 1981 753 αὐτὸν

401 777 724 848 πρώτον,ιέ›ς
747 779 938 843 ἐντοῖς
958 780 1262 850 ἔμπροσθεν
1312 783 1523 854 χρόνοις
1570 783 1797 853 καιρίως
1840 801 1980 852 συμο

402 858 751 922 ϐουλεύοντα,
773 859 919 914 οὐτω
947 863 1047 934 τὴν
1071 861 1348 934 παροῦσαν
1375 863 1590 928 κακίζει
1617 865 1842 936 γνώμην
1919 867 1982 917 Ὀ

401 941 458 993 δέ
479 942 626 1009 λέγει
647 942 888 996 τοιοῦτόν
911 943 1027 999 ἐστι
1050 962 1064 976 ο
1080 943 1352 1016 Θαυμάξω
1378 947 1495 1010 πῶς
1521 947 1615 1001 νῦν
1643 949 1941 1020 διήμαρτεν
1965 966 1980 980 ⁸

405 1024 465 1074 οὐ
501 1026 608 1094 γάρ
632 1042 722 1095 μοι
741 1026 891 1079 δοκεῖ
919 1029 1215 1100 συμφέρειν
1247 1023 1400 1092 οὗτος
1415 1032 1443 1084 ὁ
1469 1031 1748 1102 λογισμός.
1768 1035 1864 1083 Ἀν
1885 1033 1983 1102 μὲν

407 1106 519 1172 γὰρ
551 1106 646 1160 νῦν
677 1108 1013 1179 ἐπιθώμεθα,
1047 1111 1294 1185 καθάπερ
1322 1113 1523 1183 ἄρκτος
1557 1114 1944 1185 παροιστρῶσα
1963 1156 1977 1179 ,

409 1187 585 1256 θυμοῦ
616 1189 801 1260 γέμων
828 1192 857 1242 0
895 1194 1076 1265 πατήρ
1101 1211 1217 1257 σου,
1241 1195 1336 1248 καὶ
1361 1196 1698 1264 ἀπεγνωκὼς
1729 1197 1831 1266 τῆς
1859 1198 1984 1249 ἐαυ-

409 1269 504 1320 τοῦ
533 1270 698 1340 ζωῆς,
752 1274 845 1324 καὶ
871 1275 1256 1349 ἐνακμαζούσῃ
1297 1281 1364 1350 τῇ
1397 1279 1534 1350 ὀργῇ
1581 1279 1852 1350 πολεμῶν,
1889 1281 1981 1332 οὐ-

405 1351 536 1404 δένα
559 1353 656 1422 τῆς
681 1355 874 1408 ἐαυτοῦ
903 1359 1176 1430 σωτηρίας
1206 1361 1487 1431 ποιήσεται
1521 1362 1697 1430 λόγον,
1730 1363 1823 1415 καὶ
1847 1362 1985 1433 μετὰ

413 1435 615 1506 πολλῆς
645 1439 963 1507 ἐμπεσεῖται
987 1445 1086 1512 τῆς
1125 1443 1485 1515 σφοδρότητος
1516 1448 1670 1516 ἡμῖν.
1703 1446 1766 1498 El
1799 1445 1856 1498 δέ
1893 1464 1982 1516 μι-

413 1518 544 1585 κρὸν
575 1519 876 1590 ἐνδοίημεν,
899 1525 1034 1592 μετά
1063 1525 1305 1590 πλείονος
1334 1527 1710 1598 ἐπιθησόμεθα
1726 1528 1827 1598 τῆς
1859 1546 1987 1598 προσ

414 1602 790 1672 παρασκευῆς,
805 1606 898 1658 καὶ
915 1607 1159 1676 μείζονος
1185 1609 1284 1678 τῆς
1309 1609 1628 1678 ἀσφαλείας,
1643 1612 1737 1665 καί⁸
1753 1611 1985 1682 ἀπονητὶ

415 1685 510 1734 καὶ
548 1685 666 1752 μετ’
691 1686 940 1751 εὐκολίας
970 1689 1170 1760 πάσης,
1200 1690 1388 1762 ὥσπερ
1420 1694 1478 1745 ἐν
1507 1695 1715 1766 σαγήνῃ
1733 1694 1986 1758 λαϐόντες

414 1767 598 1832 αὐτὸν,
633 1768 803 1833 οὕτως
840 1772 1201 1845 ἐπανάξομεν.
1257 1776 1498 1828 Ἐπαινεῖ
1545 1776 1644 1848 τὴν
1695 1777 1919 1848 γνώμην
1955 1780 1986 1830 0

429 1849 800 1922 Ἀϐεσσαλὼμ,
833 1856 926 1907 καὶ
955 1856 1398 1928 λυσιτελεστέραν
1422 1855 1560 1913 εἶναι
1587 1861 1788 1930 ἔφησεν
1814 1859 1982 1930 αὐτῷ.

415 1932 601 2013 Ταῦτα
639 1934 694 1986 δὲ
725 1936 906 2004 ἔλεγεν
931 1939 960 1991 ό
1003 1939 1192 2005 Χουσὶ,
1237 1939 1554 2012 βουλόμενος
1584 1942 1765 1996 δοῦναι
1797 1944 1986 2013 καιρὸν

416 2011 495 2081 τῷ
535 2013 718 2080 Δαυῖδ,
743 2015 880 2069 ὥστε
904 2019 1092 2090 στῆναι
1131 2020 1348 2090 μικρὸν,
1376 2011 1470 2074 καὶ
1499 2021 1855 2086 ἀναπνεῦσαι,
1893 2011 1986 2075 καί¹

419 2097 734 2166 στράτευμα
785 2105 1132 2170 συναγαγεῖν.
1179 2102 1334 2156 Οὕτω
1375 2103 1555 2157 τοίνυν
1608 2103 1853 2158 ἐκϐαλὼν
1892 2103 1986 2157 τοῦ

429 2177 710 2248 ’Δχιτόφελ
734 2182 832 2252 τὴν
861 2181 1201 2254 γνώμην,διά
1231 2201 1395 2237 τινων
1443 2186 1843 2256 κεκρυμμένων
1895 2187 1988 2239 ἀν-

413 2259 556 2328 δρῶν
728 2264 946 2334 πέμψας
974 2266 1301 2336 ἀπήγγειλεν
1340 2266 1554 2320 ἅπαντα
1577 2267 1653 2338 τῷ
1675 2267 1860 2333 Δαυῒδ,
1894 2269 1988 2321 καὶ

415 2342 495 2393 δτι
539 2344 638 2414 τὴν
677 2346 839 2398 αὐτοῦ
890 2347 1117 2418 γνώμην
1166 2349 1443 2421 ἐκύρωσεν
1496 2353 1525 2403 ὁ
1573 2350 1836 2421 τύραννος
1887 2351 1987 2420 τὴν

416 2426 688 2495 φέρουσαν
703 2429 782 2500 τῷ
797 2431 958 2484 Δαυῖδ
977 2433 1074 2504 τὴν
1092 2434 1263 2504 νίκην.
1292 2433 1448 2488 Οὕτω
1482 2433 1614 2504 γοῦν
1637 2437 1730 2488 καὶ
1749 2435 1985 2504 ἐγένετο.

428 2509 646 2582 Ἐπειδὴ
679 2516 788 2584 γὰρ
812 2517 1008 2587 μικρὸν
1031 2517 1280 2584 ἐνέδωκε,
1307 2521 1868 2590 παρασκευασάμενος
1899 2531 1926 2560 ει
1959 2521 1988 2574 ὀ

414 2592 580 2676 ᾼαυῖδ
629 2596 871 2662 ἐπέθετο,
905 2601 998 2653 καὶ
1051 2601 1112 2654 τὸ
1159 2601 1420 2673 τρόπαιον
1458 2601 1704 2674 ἔστησεν.
1751 2593 1989 2676 Ὅπερό

430 2675 714 2745 Ἀχιτόφελ
766 2681 874 2732 ἀπὺ
924 2682 1125 2754 πολλῆς
1196 2684 1464 2748 συνέσεως
1539 2686 1634 2738 καὶ
1687 2675 1989 2757 δεινότητος

419 2760 682 2829 συνορῶν,
712 2763 806 2815 καὶ
835 2764 1082 2818 ἐντεῦθεν
1111 2765 1210 2837 ἤδη
1242 2767 1304 2819 τὸ
1339 2767 1490 2832 τέλος
1527 2768 1879 2839 καταμαθὼν,
1903 2769 1987 2822 ὅτι

415 2842 638 2913 ὄλεθρος
685 2841 754 2916 ἦν
802 2847 880 2918 τῷ
943 2849 1280 2904 Ἀϐεσσαλὼν
1333 2851 1470 2922 αῦτη
1525 2854 1559 2924 η
1619 2853 1834 2926 γνώμη,
1889 2854 1990 2908 οὐκ

417 2927 659 2992 ἐνεγκὼν
706 2927 805 3000 τὴν
853 2931 1104 2986 ἐντεῦθεν
1155 2934 1442 3006 ἐπήρειαν,
1499 2935 1752 2990 ἀπελθὼν
1799 2938 1990 3009 βρόχον

418 3009 594 3078 ἀνῆψε
617 3013 710 3064 καὶ
735 3015 1035 3084 ἀπήγξατο,
1062 3017 1154 3070 καὶ
1175 3017 1316 3070 οὕτω
1345 3018 1434 3072 τὸν
1463 3017 1577 3088 βίον
1598 3019 1880 3072 κατέλυσε.

489 3099 558 3159 γ’.
579 3094 762 3149 Ταῦτα
791 3100 970 3152 τοίνυν
1000 3101 1213 3154 ἅπαντα
1235 3101 1418 3172 μαθὼν
1433 3105 1461 3155 ὁ
1476 3101 1656 3169 Δαυῒδ,
1675 3105 1875 3174 γράφει
1901 3102 1991 3156 τὸν

419 3174 655 3246 ψαλμὸν,
689 3181 1137 3254 εὐχαριστηρίους
1175 3183 1377 3254 ὕμνους
1412 3185 1490 3256 τῷ
1523 3186 1643 3256 Θεῷ
1684 3188 1990 3258 ἀναφέρων,

423 3261 520 3347 καὶ
545 3261 606 3312 τὸ
637 3264 743 3347 πᾶν
763 3264 909 3335 αὐτῷ
932 3267 1205 3331 ἀνατιθεὶς
1237 3271 1618 3341 στρατήγημα.
1658 3273 1748 3325 Διὸ
1773 3277 1864 3327 καὶ
1890 3276 1992 3347 ἀρ-

422 3342 652 3413 χόμενος
677 3346 819 3400 οὔτω
849 3347 965 3412 πώς
988 3367 1119 3420 φησι
1142 3368 1155 3383 ’
1182 3353 1356 3419 Κύριε
1383 3356 1416 3407 ό
1451 3354 1595 3420 Θεός
1617 3372 1757 3424 μου,
1775 3357 1872 3411 ἐπὶ
1892 3342 1991 3414 σοι

423 3428 682 3519 ἤλπισα,
707 3434 914 3490 σῶσόν
932 3454 1031 3506 με.
1072 3438 1185 3491 Οὐκ
1218 3439 1310 3492 ἐπὶ
1333 3439 1412 3510 τῷ
1436 3441 1626 3508 Χουσὶ,
1655 3443 1776 3497 οὐδὲ
1808 3445 1900 3498 ἐπὶ
1925 3451 1992 3519 τῇ

426 3513 742 3589 ἀνθρωπίνῃ
773 3519 953 3590 σοφίᾳ,
985 3521 1104 3574 οὐδέ
1142 3524 1206 3592 τῇ
1259 3524 1469 3576 συνέσει
1495 3528 1560 3597 τῇ
1593 3527 1822 3595 ἐκείνου,
1874 3513 1996 3585 οὐδέ

428 3597 524 3647 ἐπὶ
549 3602 613 3669 τῇ
647 3601 748 3672 ἐμῇ
773 3602 988 3675 γνώμῃ,
1015 3604 1154 3671 ἀλλ’,
1188 3605 1318 3660 Ἐπί
1351 3608 1472 3661 σοί.
1500 3609 1670 3664 Τοῦτο
1698 3611 1873 3666 τοίνυν
1902 3616 1996 3668 καὶ

429 3680 590 3769 ἡμεῖς
619 3685 880 3756 ποιῶμεν,
915 3688 1018 3740 κᾶν
1046 3687 1112 3740 δι’
1143 3688 1445 3760 ἀνθρώπιον
1496 3693 1626 3763 ἡμῖν
1666 3696 1998 3769 κατόρθωμά

430 3779 483 3814 τι
507 3765 748 3836 γένηται,
774 3769 913 3841 ὑπὲρ
941 3770 1144 3824 τούτων
1176 3773 1587 3845 εὐχαριστῶμεν
1617 3777 1699 3848 τῷ
1725 3765 1862 3851 Θεῷ,
1903 3765 1998 3836 καὶ

428 3846 542 3898 τῶν
562 3847 628 3933 διξ
650 3850 804 3919 ἡμῶν
824 3855 919 3905 καὶ
939 3853 1045 3906 τῶν
1069 3854 1136 3906 δι’
1157 3855 1359 3925 ἐτέρων
1384 3858 1514 3927 ἡμῖν
1545 3846 1997 3933 εὐεργετημάτων

431 3932 751 4000 γινομένων.
769 3936 866 3988 “Av
891 3936 998 4008 γὰρ
1021 3936 1163 3992 οὕτω
1179 3939 1440 4009 ποιῶμεν,
1469 3942 1621 3996 οὐδὲν
1640 3932 2000 4001 ἐσταιδύσκο-

548 4015 898 4103 οὐδὲ-σκολιόν
919 4035 932 4049 '
957 4020 986 4073 ὃ
1006 4020 1069 4090 δὴ
1110 4023 1204 4075 καὶ
1243 4024 1274 4076 0
1305 4023 1467 4076 Δαυῒδ
1493 4027 1688 4094 ἐποίει,
1719 4028 2001 4103 μονονουχὶ

432 4097 607 4164 λέγων
622 4118 641 4186 ἶ
657 4101 844 4186 Οὐκ-ἐν
865 4105 1074 4186 τοίςᾲρή
1084 4121 1217 4175 μασι
1253 4106 1348 4160 τοῦ
1376 4108 1546 4161 Χουσὶ
1568 4109 1666 4181 τὴν
1686 4097 1877 4167 ἐλπίδα
1903 4097 2001 4186 τῆς

435 4179 707 4265 σωτηρίας
737 4176 903 4252 εἶχον,
921 4183 1033 4238 ἀλλ’
1049 4186 1108 4236 ἐν
1136 4188 1204 4256 τῇ
1237 4187 1529 4258 συμμαχίᾳ
1552 4176 1738 4261 τῇτῇ.
1765 4193 1874 4244 Καὶ

436 4261 568 4348 μεθ’,
589 4263 717 4331 ὅσης
739 4265 1025 4348 διαθέσεως
1056 4267 1378 4338 φθέγγεται·
1403 4271 1541 4341 ὅπερ
1580 4273 1728 4344 αὐτῷ
1777 4261 2003 4348 σύνηθες

434 4347 632 4398 ποιεῖν.
645 4348 717 4400 Οὐ
732 4347 838 4419 γὰρ
850 4345 989 4415 εἷπε,
1006 4352 1182 4420 Κύριε
1194 4355 1227 4408 ό
1251 4355 1415 4418 Θεός·
1431 4355 1591 4421 ἀλλά,
1611 4359 1789 4427 Κύριε
1806 4363 1838 4414 ὁ
1859 4345 2003 4430 Θεός

425 4444 581 4514 ρους
605 4431 697 4514 καὶ
711 4431 942 4502 ἀλλαχοῦ
961 4449 976 4464 ·
1009 4433 1071 4487 '0
1089 4435 1252 4501 Θεὸς,
1271 4439 1303 4490 ό
1318 4439 1463 4502 Θεός
1479 4456 1618 4507 μου,
1636 4442 1790 4510 ⁸πρὸς
1816 4444 1891 4497 σὲ
1915 4447 2005 4514 ὀρ-

433 4508 623 4598 ρρίζω.
647 4513 752 4566 Καὶ
771 4515 879 4598 γάρ
901 4517 994 4598 καὶ
1024 4517 1163 4587 μετά
1189 4519 1406 4573 πάντων
1429 4521 1594 4575 αὐτοῦ
1612 4508 1798 4598 χρείαν
1818 4508 1961 4597 εἶχεν
1985 4545 2000 4559 ’

436 4591 749 4658 ἰδιαζόντως
774 4595 860 4662 δὲ,
895 4597 986 4651 διὰ
1025 4598 1123 4670 τὴν
1155 4599 1460 4673 ὑπερϐολὴν
1489 4605 1584 4657 τοῦ
1613 4591 1816 4663 πόθου.
1848 4591 2003 4664 Οὐτω

435 4676 535 4728 καὶ
558 4677 587 4727 0
623 4675 754 4741 Θεὸς
780 4680 874 4734 ἐπὶ
909 4680 1016 4734 τῶν
1053 4683 1276 4738 δικαίων
1305 4684 1462 4739 τοῦτο
1500 4691 1662 4757 ποιεῖ,
1693 4691 1788 4744 καὶ
1829 4694 2004 4757 κοινὸς

435 4758 692 4813 ἁπάντων
731 4760 807 4815 ὣν
844 4762 995 4829 Θεὸς,
1040 4763 1345 4831 ἰδιαζόντως
1397 4769 1588 4823 ἐαυτὸν
1627 4771 1737 4826 τῶν
1780 4761 2035 4829 δικαίων⁶

434 4838 575 4896 εἶναι
589 4842 753 4912 λέγει.
784 4846 975 4916 Ἐτὼό
988 4848 1131 4915 Θεὸς
1155 4850 1531 4920 Ἀϐραὰμ,καί
1548 4857 1583 4909 ό
1605 4855 1749 4922 Θεὸς
1774 4858 2002 4922 Ἰσαὰκ,

434 4924 537 4977 καὶ
559 4928 590 4978 ό
609 4925 750 4992 Θεὸς
772 4928 983 4985 Ἰακώϐ.
1000 4932 1106 4985 Καὶ
1118 4932 1220 5002 ὅρα
1240 4933 1525 5004 φιλόσοφον
1540 4937 1782 5010 γνώμην.
1800 4940 2003 5002 Εἰπὼν,

434 5012 614 5078 Κύριε
633 5015 664 5064 ό
677 5014 820 5078 Θεός
833 5031 974 5082 μου,
993 5017 1092 5070 ἐπὶ
1116 5016 1218 5072 σοί
1243 5018 1500 5088 ἤλπισα,
1521 5022 1620 5074 οὐκ
1639 5018 1784 5088 είπε,
1800 5025 2004 5090 Κόλαζε

434 5093 529 5146 τὸν
555 5094 832 5165 πολέμιον,
864 5097 1020 5152 ἄνελε
1043 5101 1133 5154 τὸν
1165 5101 1386 5172 ἐχθρόν·
1417 5103 1554 5158 ἀλλά
1584 5105 1666 5170 τίς
1712 5107 1785 5159 Τὸ
1811 5109 2004 5164 ἐαυτοῦ

436 5175 593 5246 ζητεῖ
617 5180 794 5262 μόνον,
819 5182 911 5235 καὶ
936 5181 1100 5251 λέγει,
1131 5184 1342 5240 Σῶσόν
1356 5203 1455 5256 με,
1471 5189 1738 5254 τουτέστι,
1757 5193 2006 5262 Μὴάφῇς

437 5277 509 5328 με
529 5261 712 5324 κακῶς
728 5263 940 5328 παθεῖν,
953 5266 1020 5318 ἐκ
1039 5267 1280 5322 πάντων
1296 5268 1415 5323 τῶν
1428 5269 1764 5325 διωκόντων
1781 5290 1878 5342 με,
1907 5275 2007 5328 καί

425 5343 620 5408 ῥῦσαί
643 5362 738 5413 με.
771 5347 914 5417 ’Ὀρα
938 5349 1052 5413 πῶς
1084 5351 1204 5404 οὐδὲ
1234 5353 1458 5423 πάσχων
1488 5353 1705 5420 κακῶς,
1747 5357 2006 5426 ὀνομαστὶ

437 5427 714 5497 μέμνηται
728 5429 821 5481 τοῦ
841 5432 1293 5500 πατραλοίου,καὶ
1307 5436 1365 5488 ἐν
1389 5437 1454 5506 τῇ
1478 5439 1728 5510 συμφορᾷ
1758 5439 1853 5510 τὴν
1909 5442 2008 5512 φύ-

436 5525 522 5558 σιν
543 5511 940 5594 ἐπιγινώσκων,
955 5514 1049 5566 καὶ
1075 5516 1133 5569 ἐν
1147 5517 1225 5586 τῷ
1248 5517 1468 5588 πολέμῳ
1488 5519 1578 5572 τὸν
1599 5520 1711 5574 υίὺν
1732 5523 1894 5594 ὁρῶν,
1913 5511 2005 5578 καὶ

433 5595 495 5640 ἐν
523 5593 928 5678 τοῖςμκινδύνοις
963 5596 1078 5678 τῶν
1101 5599 1425 5670 σπλάγχνων
1452 5601 1552 5654 οὐκ
1583 5593 2006 5678 ἐπιλανθανόμε-

431 5691 545 5735 νος.
593 5675 751 5728 Οῦτω
781 5677 1034 5746 φιλόπαις
1059 5677 1126 5751 ἦν
1169 5684 1264 5736 καὶ
1293 5685 1643 5754 φιλόστοργος
1669 5707 1680 5720 ·
1719 5675 1923 5759 μᾶλλον
1946 5692 2003 5744 δέ

502 5832 520 5850 ⁸
548 5835 686 5886 Unus
703 5844 1156 5904 παρεσκευασμένος.

749 5917 1018 5980 Ριτιιοι..
1062 5921 1179 5984 (in.
1226 5924 1352 5989 LV.

2091 531 2233 586 οὓτω
2261 533 2566 603 φιλόσοφος.
2597 534 2670 586 Οὐ
2697 535 2801 604 γὰρ
2831 536 2862 604 ὴ
2895 531 2996 600 τῆς
3033 530 3244 598 φύσεως
3264 533 3536 603 τυραννὶς,
3551 532 3668 586 ἀλλ’

2091 625 2124 692 ἡ
2162 622 2261 691 τῆς
2293 621 2519 694 γνώμης
2548 624 2822 694 ἡμερότης
2854 622 3094 676 τοιοῦτον
3133 623 3295 676 αὐτὸν
3324 623 3496 676 ἐποίει
3526 618 3666 677 εἶναι

2094 715 2318 785 μᾶλλον.
2377 715 2472 768 καὶ
2512 715 2590 786 τῷ
2623 713 2968 787 στρατοπέδῳ
3007 715 3068 767 τὸ
3097 715 3258 768 πλέον
3285 714 3588 786 ἐλογίζετο,
3631 717 3666 787 ἢ

2090 803 2168 872 τῷ
2203 803 2452 875 τυράννῳ
2473 819 2484 832 ·
2516 803 2604 856 διὰ
2631 802 2787 856 τοῦτό
2817 819 2979 872 φησι·
3005 801 3216 856 Σῶσόν
3240 821 3316 872 με
3339 804 3409 857 ἐκ
3425 803 3670 858 πάντων

2091 894 2208 947 τῶν
2241 895 2577 947 διωκόντων
2596 911 2694 964 με,
2735 894 2832 947 καὶ
2865 893 3057 961 ῥῦσαί
3081 911 3176 964 με.
3211 895 3376 965 Ὁρᾷς
3407 894 3524 957 πῶς
3547 893 3669 947 οὐδέ

2091 986 2316 1040 ἐκείνων
2361 986 2606 1058 σφοδρῶς
2656 986 2966 1056 μέμνηται;
3000 986 3073 1039 Οὐ
3114 987 3222 1058 γὰρ
3256 983 3668 1050 εἷπεν,Ἐκτῶν

2092 1078 2489 1149 πολεμούντων,
2523 1078 2630 1132 τῶν
2659 1078 2728 1132 τὰ
2757 1079 2864 1150 ἐμὰ
2893 1077 3320 1148 διαρπαζόντων,
3344 1075 3452 1130 τῶν
3477 1078 3671 1148 ἐντρυ-

2094 1170 2318 1240 φώντων
2348 1172 2459 1234 τοῖς
2487 1169 2776 1240 βασιλείοις
2806 1171 2919 1232 τοῖς
2955 1171 3128 1239 ἐμοῖς,
3162 1169 3320 1232 ἀλλά,
3385 1167 3512 1221 Τῶν
3537 1166 3671 1220 διω-

2093 1265 2323 1316 κόντων
2341 1279 2437 1331 με.
2459 1260 2702 1328 Μήποτε
2725 1260 2968 1330 ἁρπάσῃ
3000 1263 3081 1327 ὡς
3115 1260 3272 1315 λέων
3308 1260 3422 1329 τὴν
3459 1258 3673 1330 ψυχήν

2089 1372 2229 1423 μου,
2262 1354 2350 1424 μὴ
2403 1355 2578 1420 ὄντος
2627 1353 3063 1422 λυτρουμένου,
3106 1352 3265 1421 μηδὲ
3289 1351 3604 1416 σώζοντος.
3640 1351 3672 1392 δ

2095 1446 2204 1498 Καὶ
2229 1446 2335 1517 μὴν
2363 1446 2697 1520 στρατόπεδα
2732 1444 2999 1509 συνέλεξε,
3026 1443 3121 1497 καὶ
3143 1443 3371 1506 πολλοὺς
3397 1437 3511 1513 εἶχε
3547 1441 3673 1512 μεθ’

2093 1537 2288 1591 ἐαυτοῦ
2307 1553 2321 1570 ο
2343 1537 2460 1601 πῶς
2482 1533 2574 1591 οὖν
2601 1536 2896 1610 λέγει,[5ί]
2923 1535 3017 1604 Μὴ
3046 1535 3219 1600 ὄντος
3237 1533 3672 1604 λυτρουμένου,

2090 1629 2246 1699 μηδὲ
2274 1628 2609 1696 σώζοντοςς
2645 1632 2768 1682 Ὅτι
2805 1629 2924 1682 οὐδέ
2983 1630 3040 1681 ἐν
3091 1627 3412 1698 συμμαχίας
3460 1627 3674 1697 ἡγεῖται

2099 1720 2254 1792 μέρει
2295 1721 2394 1792 τὴν
2438 1722 2761 1793 οἰκουμένην
2810 1722 3048 1786 ἃπασαν,
3100 1721 3150 1772 εἰ
3195 1719 3270 1791 μὴ
3321 1719 3422 1789 τῆς
3469 1719 3675 1774 ἀνωθεν

2095 1811 2454 1866 ἀπολαύσειεν
2479 1823 2502 1851 ο
2537 1811 2730 1882 ῥοπῆς,
2765 1811 2886 1865 οὐδέ
2937 1812 2995 1864 ἐν
3042 1812 3254 1883 ἐρημίᾳ
3301 1807 3460 1878 εἶναι,
3493 1812 3541 1864 εί
3580 1813 3676 1864 καὶ¹

2099 1898 2258 1970 μόνος
2284 1897 2374 1972 ἦν,
2396 1902 2496 1973 τῆς
2524 1902 2733 1955 ἐκείνου
2776 1902 3018 1972 μετέχων
3058 1902 3394 1973 συμμαχίας.
3447 1901 3538 1954 Διὸ
3581 1902 3676 1956 καὶ¹

2096 1989 2306 2061 ἔλεγεν·
2342 1994 2425 2047 Οὐ
2454 1990 2697 2053 σώζεται
2731 1992 3027 2058 βασιλεὺς
3071 1992 3171 2046 διὰ
3206 1991 3453 2060 πολλὴν
3492 1992 3676 2046 δύνα-

2090 2097 2217 2150 μιν,
2271 2081 2369 2135 καί
2409 2082 2579 2152 γίγας
2613 2083 2686 2134 οὺ
2730 2080 3070 2148 σωθήσεται
3100 2081 3171 2134 ἐν
3202 2081 3418 2147 πλήθει
3461 2083 3677 2149 ίσχύος

2099 2171 2312 2226 αὺτοῦ.
2347 2173 2506 2236 Τινές
2544 2173 2602 2226 δὲ
2642 2173 2784 2226 κατὰ
2813 2172 3106 2243 ἀναγωγὴν
3147 2171 3246 2243 τὴν
3283 2173 3440 2243 ρῆσιν
3468 2171 3674 2241 ταύτην

2098 2264 2552 2335 ἐκλαμϐάνοντες,
2581 2264 2771 2318 λέοντα
2812 2265 2906 2317 καὶ
2937 2264 3232 2327 διώκοντας
3281 2263 3528 2317 διάϐολον
3578 2267 3676 2317 καὶ

2095 2356 2354 2427 δαίμονας
2402 2351 2544 2410 εἶναί
2595 2374 2778 2424 φασιν.
2821 2357 3041 2428 Ἐπειδὴ
3081 2356 3191 2428 γάρ
3249 2351 3357 2408 εἶδε
3412 2356 3502 2409 τὸν
3560 2357 3677 2408 υίὸν

2096 2447 2409 2519 ἁρπαγέντα
2441 2447 2533 2501 ὑπ’
2561 2447 2725 2502 αὐτοῦ
2766 2449 2860 2501 καὶ
2887 2447 3266 2501 καταποθέντα
3325 2447 3468 2512 ἀξιοῖ
3500 2447 3675 2519 μηδέν-

2098 2556 2229 2593 ποτε
2261 2539 2420 2592 τοῦτο
2471 2539 2663 2594 παθεῖν
2714 2540 2897 2603 αὐτὸς,
2935 2539 3028 2592 καὶ
3047 2539 3197 2607 λέγει
3225 2540 3318 2594 καὶ
3345 2541 3444 2610 τὴν
3471 2541 3673 2604 αἰτίαν,

2097 2628 2162 2683 δι’
2196 2632 2262 2702 ἥν
2293 2632 2496 2696 ἐκεῖνος
2525 2629 2682 2684 τοῦτο
2703 2631 2894 2685 ἔπαθε.
2928 2631 3025 2694 Τίς
3049 2631 3106 2684 δὲ
3133 2633 3167 2702 ἡ
3204 2631 3386 2696 αἰτίας
3423 2632 3522 2684 Διά
3567 2633 3669 2702 τῆς

2099 2722 2314 2788 κακίας,
2353 2723 2509 2793 φησὶ,
2537 2723 2636 2793 τὴν
2672 2723 2992 2793 συμμαχίαν
3033 2721 3126 2775 τοῦ
3177 2719 3313 2774 Θεοῦ
3365 2721 3678 2793 ἀπέστησεν

2099 2814 2191 2884 ἀφ’
2240 2814 2454 2869 ἐαυτοῦ.
2483 2814 2583 2868 Διά
2605 2814 2764 2869 τοῦτο
2795 2815 2967 2884 λέγει,
2992 2813 3089 2883 Μὴ
3140 2813 3317 2880 ὄντος
3347 2813 3677 2883 λυτρουμέι

2099 2924 2230 2972 νου,
2247 2906 2404 2977 μηδὲ
2431 2905 2749 2973 σώζοντος.
2782 2907 2906 2960 Ὅτι
2941 2905 2999 2959 δὲ
3036 2907 3173 2960 λέων
3197 2907 3226 2958 0
3255 2906 3498 2969 διάϐολος
3520 2906 3677 2973 λέγε-

2100 3016 2189 3050 ται
2221 2997 2370 3069 παρὰ
2396 2997 2498 3067 τῆς
2527 2998 2770 3069 Γραφῆς,
2799 2996 3030 3050 ἄκουσον
3058 2996 3322 3068 λεγούσης
3358 2997 3528 3067 αὐτῆς
3551 3013 3563 3025 ο
3615 2996 3678 3048 '0

2100 3089 2312 3157 ἐχθρὸς
2381 3087 2548 3158 ὑμῶν
2614 3087 2891 3152 διάϐολος
2951 3088 3319 3158 περιέρχεται
3377 3087 3458 3152 ὡς
3524 3085 3680 3139 λέων

2099 3180 2434 3248 ὡρυόμενος
2455 3179 2551 3233 καὶ
2572 3177 2757 3246 ζητῶν
2773 3179 2907 3232 τινα
2922 3179 3202 3250 καταπίῃ.
3223 3179 3332 3232 Καὶ
3347 3176 3507 3242 αὐτὸς
3524 3169 3680 3240 οὗτος

2102 3273 2131 3324 0
2151 3271 2433 3342 προφήτης
2455 3269 2688 3341 ἀλλαχοῦ
2706 3286 2721 3301 ο
2750 3269 2858 3324 Καὶ
2879 3271 3325 3340 καταπατήσεις
3343 3271 3563 3326 λέοντα
3585 3273 3681 3324 καὶ

2103 3360 2419 3430 δράκοντα.
2453 3361 2797 3433 Πολύτροπον
2827 3362 2936 3433 γάρ
2961 3361 3023 3416 τδ
3053 3363 3268 3435 θηρίον·
3306 3363 3421 3419 ἀλλ’
3453 3363 3548 3417 ἐὰν
3583 3365 3680 3433 νή-

2105 3471 2316 3524 φωμεν,
2340 3456 2369 3508 ό
2398 3453 2532 3508 λέων
2558 3447 2712 3517 οὗτος
2759 3455 2853 3508 καὶ
2876 3454 3093 3526 δράκων
3110 3455 3281 3526 πηλοῦ
3307 3455 3509 3520 παντὸς
3533 3458 3684 3509 εὐτε-

2105 3547 2357 3617 λέστερος
2378 3544 2554 3610 ἐσται,
2583 3547 2676 3600 καὶ
2700 3547 2820 3600 οὐδέ
2852 3545 2910 3610 ἐξ
2933 3545 3146 3610 εὐθείας
3171 3547 3308 3618 πρὸς
3328 3549 3477 3618 ἡμᾶς
3507 3565 3686 3617 παρα-

2104 3635 2348 3704 τάξεται,
2394 3636 2530 3691 ἀλλά
2567 3637 2668 3691 κᾶν
2702 3637 3104 3708 παρατάξηται,
3146 3639 3684 3710 καταπατηθήσεται.

2106 3731 2352 3786 Πατεῖτε
2381 3733 2510 3802 γὰρ,
2549 3731 2733 3801 φησὶν,
2779 3732 2980 3786 ἐπάνω
3013 3733 3207 3801 ὄφεων
3230 3733 3326 3786 καί
3355 3733 3682 3802 σκορπίων.

2109 3823 2352 3895 Περίεισι
2383 3824 2482 3893 μὲν
2513 3824 2622 3893 γὰρ
2658 3824 2796 3892 μετά
2832 3822 3028 3876 πολλοῦ
3062 3823 3156 3877 τοῦ
3181 3823 3375 3893 θυμοῦ,
3429 3823 3683 3893 καθάπερ

2108 3912 2280 3965 λέωνθ
2313 3911 2380 3965 ἂν
2402 3911 2458 3964 δὲ
2488 3911 2798 3982 προσϐάλλῃ
2831 3914 2942 3974 τοῖς
2971 3911 3063 3964 τὸν
3091 3912 3325 3982 Χριστὸν
3353 3911 3557 3983 έχουσι,
3589 3912 3686 3964 καὶ

2111 4001 2200 4056 τὸν
2224 4001 2454 4074 σταυρὸν
2482 4003 2574 4056 ἐπὶ
2596 4001 2689 4056 τοῦ
2721 4001 2996 4073 μετώπου,
3040 4004 3136 4057 καὶ
3163 4003 3226 4056 τὸ
3254 4001 3366 4075 πῦρ
3394 4003 3488 4057 τοῦ
3519 4003 3688 4057 Πνεύ-

2114 4108 2302 4161 ματος,
2329 4092 2422 4145 καὶ
2440 4091 2537 4162 τὴν
2567 4091 2827 4161 λαμπάδα
2861 4091 2961 4164 τὴν
2993 4093 3250 4148 οὐδέποτε
3284 4094 3686 4165 σϐεννυμένην,

2110 4184 2234 4238 οὐδέ
2260 4183 2578 4254 ἀντιϐλέψαι
2626 4184 2932 4256 δυνήσεται,
2961 4184 3100 4239 ἀλλά
3139 4185 3285 4240 νῶτα
3320 4187 3442 4249 δοὺς
3471 4187 3688 4258 οἰχήσει

2111 4290 2223 4340 ται,
2251 4273 2374 4326 οὐδὲ
2399 4273 2847 4344 μεταστραφῆναι
2882 4273 3114 4345 τολμῶν.
3145 4274 3255 4328 Καὶ
3285 4274 3372 4326 ῖνα
3397 4272 3574 4346 μάθῃς
3606 4273 3689 4326 ὅτι

2112 4370 2173 4423 οὐ
2203 4369 2410 4440 κόμπος
2430 4369 2498 4423 τά
2525 4369 2808 4441 εἰρημένα,
2843 4369 3036 4424 σκόπει
3061 4386 3150 4438 μοι
3174 4367 3265 4421 τὸν
3301 4365 3533 4420 Παῦλον.
3558 4367 3688 4418 Ἀν-

2112 4458 2330 4529 θρωπος
2361 4459 2460 4529 μὲν
2480 4459 2586 4530 γὰρ
2611 4455 2679 4532 ἦν
2702 4460 2795 4514 καὶ
2815 4460 3010 4527 αὐτὸς,
3040 4458 3155 4513 ἀλλ’
3178 4457 3350 4521 οὕτως
3387 4456 3550 4510 αὐτὸν
3577 4457 3689 4510 ἐδε-

2113 4549 2280 4604 δοίκει
2309 4551 2338 4602 0
2357 4549 2494 4602 λέων
2515 4543 2689 4615 οὗτος,
2717 4549 2793 4611 ὼς
2817 4549 2910 4602 καὶ
2950 4548 3020 4602 τὰ
3052 4547 3242 4618 ἱμάτια
3272 4545 3439 4602 αὐτοῦ
3469 4547 3564 4600 καὶ
3588 4547 3690 4608 τὰς

2117 4639 2273 4702 σκιάς
2299 4637 2540 4707 φεύγειν.
2574 4637 2840 4699 Εἰκότως·
2864 4635 2962 4707 τὴν
2985 4637 3094 4708 γὰρ
3119 4635 3356 4708 Χριστοῦ
3387 4635 3615 4690 εὐωδίαν
3631 4635 3690 4699 ἐξ

2114 4729 2279 4784 αὐτοῦ
2307 4729 2572 4782 πνέουσαν
2591 4727 2686 4780 καὶ
2707 4727 2964 4781 ἀνιοῦσαν
2987 4729 3088 4782 οὐκ
3111 4727 3296 4798 ἔφερε,
3313 4727 3410 4782 καὶ
3431 4727 3568 4798 πρὸς
3589 4726 3689 4797 τὴν

2114 4817 2372 4890 λαμπάδα
2396 4815 2708 4886 ἀντιϐλέψαι
2727 4817 2828 4870 οὐκ
2859 4815 3047 4888 ἴσχυσε
3072 4818 3171 4888 τῆς
3194 4819 3416 4889 ἀρετῆς.
3453 4817 3632 4886 Κύριε
3657 4820 3693 4870 ὀ

2117 4908 2259 4974 Θεός
2263 4924 2404 4976 μου,
2418 4908 2470 4960 εὶ
2484 4907 2745 4974 ἐποίησα
2759 4904 2957 4970 τοῦτο,
2972 4908 3025 4960 εὶ
3039 4905 3210 4961 ἔστιν
3224 4905 3425 4960 ἀδικία
3437 4907 3508 4960 ἐν
3517 4908 3692 4976 χερσί

2109 5013 2248 5066 μου.
2277 4993 2560 5066 Πανταχοῦ
2586 4995 2670 5049 δεῖ
2695 4993 2850 5047 τοῦτο
2878 4997 3244 5066 παρατηρεῖν,
3268 4995 3352 5048 ὄτι
3372 4995 3472 5064 οὐχ
3502 4987 3690 5055 άπλῶς

2116 5082 2368 5152 εὔχεσθαι
2393 5081 2475 5134 δεῖ
2505 5082 2685 5151 μόνον,
2724 5080 2858 5134 ἀλλά
2891 5080 3064 5145 οὕτως
3093 5079 3369 5151 εὔχεσθαι,
3424 5079 3564 5133 ὥστε
3597 5085 3691 5132 καὶ

2118 5170 2430 5224 ἀκούεσθαι.
2465 5169 2542 5224 Οὐ
2569 5169 2678 5240 γὰρ
2710 5170 2870 5242 ἀρκεῖ
2896 5168 3028 5240 εὐχὴ
3070 5168 3132 5222 10
3171 5169 3531 5240 προκείμενον
3557 5165 3690 5221 ἀνύο

2121 5275 2230 5321 σαι,
2260 5257 2354 5310 ἐὰν
2387 5255 2460 5327 μὴ
2487 5254 2659 5319 οὕτως
2688 5255 2858 5326 αὐτὴν
2890 5254 3189 5322 στείλωμεν
3223 5254 3299 5318 ὡς
3330 5253 3407 5324 τῷ
3443 5253 3562 5324 Θεῷ
3601 5253 3690 5307 δο-

2117 5348 2222 5399 κεῖ.
2263 5344 2419 5398 Ἐπεὶ
2453 5343 2544 5396 καὶ
2569 5343 2598 5395 ὁ
2626 5343 2918 5412 Φαρισαῖος
2941 5339 3163 5410 ηὔξατο,
3190 5341 3285 5393 καὶ
3305 5340 3458 5395 οὐδὲν
3479 5339 3682 5413 ὤνησε,

2117 5434 2210 5487 καὶ
2250 5432 2491 5488 Ἰουδαῖοι
2519 5429 2679 5484 πάλιν
2700 5428 2950 5499 ηὔχοντο,
2975 5428 3094 5482 ἀλλ’
3115 5429 3492 5502 ἀπεστρέφετο
3508 5431 3537 5481 0
3560 5429 3691 5492 Θεὸς

2117 5521 2426 5591 εὐχομένων
2445 5516 2625 5571 αὐτῶν
2644 5533 2657 5548 ο
2681 5517 2742 5569 οὐ
2769 5515 2878 5584 γὰρ
2907 5513 3156 5586 ηὔχοντο,
3179 5516 3254 5582 ὡς
3277 5516 3534 5588 εὔχεσθαι
3560 5517 3685 5571 ἔὰι.

2118 5606 2215 5658 Διά
2253 5604 2408 5658 τοῦτο
2444 5603 2538 5657 καὶ
2570 5600 2733 5672 εὐχὴν
2761 5600 3161 5673 ἐκελεύσθημεν
3175 5599 3435 5672 εὔχεσθαι
3464 5604 3560 5674 τὴν
3587 5605 3689 5674 μά-

2183 5797 2210 5833 δ
2234 5797 2370 5846 Unus
2389 5796 2540 5844 codex
2555 5795 2674 5843 hanc
2693 5795 2872 5842 seriem
2895 5799 3048 5843 mutat
3071 5794 3247 5843 eodem
3272 5797 3501 5842 manente
3512 5806 3683 5844 sensu.

2185 5860 2207 5888 ε
2230 5860 2311 5908 Sic
2333 5859 2430 5908 duo
2453 5871 2566 5906 mss.
2600 5857 2726 5906 Edili
2749 5868 2862 5906 vero
2885 5855 3162 5905 ἀπολαύσει.
3352 5921 3380 5938 ”

3349 5939 3386 5979 ὓ
