4106 6404
437 351 509 405 8’5
1140 359 1201 417 S.
1239 357 1528 418 JOANNIS
1563 361 2060 425 CHRYSOSTOHI
2099 370 2420 431 ARCHIEP.
2461 376 3011 441 CONSTANTINOP.
3650 391 3723 448 86

436 474 592 526 λιστα
612 466 906 524 ἀκούεσθαι
931 470 1252 545 δύναμένην.
1276 474 1447 529 Τοῦτο
1475 477 1569 531 καὶ
1589 479 1649 532 ὲν
1674 482 1740 552 τῇ
1760 481 1867 554 πρὸ
1879 484 2015 538 ταύ-

436 582 538 637 της
550 563 688 636 εὐχῇ
708 564 996 635 ἐδήλωσεν,
1016 566 1113 637 οὐχ
1128 566 1316 633 ἅπλῶς
1336 567 1502 635 ἀξιῶν
1516 573 1870 645 ἀκουσθῆναι,
1884 575 2021 630 ἀλλά

443 656 584 725 μετά
608 654 707 709 τοῦ
735 657 804 711 τά
834 656 1028 710 ἑαυτοῦ
1062 658 1419 728 εἰσενεγκεῖν.
1456 660 1590 715 Τίνα
1618 662 1675 715 δὲ
1703 664 1878 719 ταῦτα
1916 660 2019 738 ἦν;

435 743 533 812 Τὸ,
563 747 777 800 Λούσω
802 748 932 801 καθ’
965 747 1236 819 ἑκάστην
1272 752 1469 807 νύκτα
1498 753 1614 824 τὴν
1638 757 1861 825 κλίνην
1875 776 2020 827 μου,

435 834 505 888 ἐν
543 835 805 905 δάκρυσί
841 856 957 908 μου
989 839 1106 909 τὴν
1139 842 1466 914 στρωμνήν
1498 864 1620 917 μου
1656 848 1891 918 βρέξω·
1935 851 2020 918 τὸ,

448 927 773 983 Ἐκοπίασα
806 930 877 984 ἐν
914 929 996 997 τῷ
1033 935 1347 1006 στεναγμῷ
1368 954 1496 1008 μου
1513 954 1528 968 ·
1570 939 1652 1006 τὸ,
1693 942 2023 1012 Ἀπόστητε

435 1016 539 1071 ἀπ’
558 1017 724 1088 ἐμοῦ,
749 1019 974 1088 πάντες
993 1025 1049 1078 οι
1079 1023 1463 1096 ἐργαζᾌμενοι
1489 1029 1607 1100 τὴν
1638 1031 1916 1103 ἀνομίαν·
1937 1035 2021 1102 τὸ,

449 1107 779 1181 Ἔταρὰχθη
794 1113 913 1168 ἀπὸ
941 1115 1136 1185 θυμοῦ
1162 1119 1197 1171 ό
1231 1118 1537 1192 ὀφθαλμός
1560 1140 1703 1193 μου.

509 1308 573 1363 δ’.
592 1308 778 1365 Ταῦτα
795 1310 906 1384 7&9
924 1311 1104 1367 πάντα
1120 1313 1282 1369 ἰκανά
1310 1314 1402 1371 τὸν
1421 1316 1555 1372 Θεὸν
1584 1319 1993 1379 ἐπισπάσασθαι
2007 1341 2023 1357 ⁸

442 1400 658 1475 θρῆνοι,
681 1404 918 1478 δάκρυα,
940 1408 1260 1479 στεναγμοὶ,
1292 1411 1387 1465 καὶ
1408 1411 1471 1465 τὸ
1489 1412 1600 1466 τῶν
1616 1415 1869 1486 πονηρῶν
1888 1418 2028 1471 ἀπο·-

442 1496 643 1567 πηδᾷν,
677 1499 772 1550 καὶ
809 1497 871 1551 τὸ
893 1497 1194 1554 δεδοικέναι
1220 1502 1317 1556 καὶ
1345 1503 1569 1576 τρέμειν
1591 1506 1759 1561 αὐτοῦ
1792 1508 1894 1579 τὴν
1920 1509 2028 1581 ψῆ-

444 1603 565 1654 φον.
598 1589 706 1642 Καὶ
735 1589 968 1660 ἀλλαχοῦ
1001 1590 1644 1661 έλεγεν,Ἐίσήκουσεν
1668 1600 1702 1652 ό
1731 1597 1876 1666 Θεὸς
1910 1598 2028 1673 [55]

441 1676 553 1744 τῆς
591 1678 988 1749 δικαιοσύνης
1014 1699 1139 1751 μου
1157 1698 1170 1711 °
1199 1683 1270 1737 ἐν
1295 1685 1499 1753 θλίψει
1521 1686 1869 1756 ἐπλάτυνάς
1902 1709 2027 1760 μοι.

444 1766 518 1821 Τὸ
540 1769 650 1842 γὰρ
683 1771 977 1827 ἀκούεσθαι
1004 1772 1148 1827 οὕτω
1183 1776 1424 1845 γίνεται·
1452 1778 1669 1851 πρῶτον
1694 1781 1790 1851 μὲν
1823 1777 1935 1849 οὖν,
1963 1784 2030 1837 ὲκ

442 1861 537 1914 τοῦ
565 1863 750 1930 ἀξίους
789 1861 927 1918 εἶναι
970 1864 1189 1922 λαϐεῖν’
1224 1867 1440 1935 ἔπειτα,
1490 1873 1557 1925 ὲκ
1585 1872 1680 1926 τοῦ
1715 1873 1858 1928 κατά
1901 1876 2030 1941 τοὺς

446 1955 648 2027 νόμους
675 1958 770 2011 τοῦ
806 1959 943 2013 Θεοῦ
970 1959 1262 2033 εὕχεσθαι·
1293 1964 1497 2035 τρίτον,
1532 1967 1599 2019 ὲκ
1620 1966 1716 2021 τοῦ
1755 1969 2027 2040 συνεχῶς·

443 2048 729 2121 τέταρτον,
766 2051 831 2104 ἐκ
863 2052 957 2107 τοῦ
1005 2054 1172 2126 μηδὲν
1220 2054 1479 2127 βιωτικὺν
1517 2061 1719 2114 αἰτεῖν·
1756 2060 2028 2133 πέμπτον,

444 2141 510 2194 ἐκ
534 2142 628 2196 τοῦ
662 2142 731 2197 τὰ
755 2144 1106 2217 συμφέροντα
1129 2144 1311 2220 ζητεῖν
1336 2168 1349 2182 ·
1371 2150 1551 2216 ἕκτον,
1581 2152 1647 2205 ὲκ
1674 2152 1771 2206 τοῦ
1801 2153 1868 2208 τὰ
1897 2155 2029 2227 παρ’

443 2233 653 2286 ἑαυτῶν
684 2235 961 2307 εἰσφέρειν
998 2237 1239 2292 ἅπαντα.
1266 2240 1411 2312 Ὅρα
1436 2241 1569 2310 γοῦν
1595 2241 1824 2308 πολλοὺς
1859 2244 2033 2309 οὕτως

441 2326 843 2397 ἀκουομένους·
874 2328 967 2383 τὸν
1003 2331 1307 2402 Κορνήλιον
1339 2332 1449 2386 ἀπὸ
1481 2334 1577 2387 τοῦ
1616 2334 1761 2406 βίου’
1797 2336 1896 2407 τὴν
1929 2337 2034 2390 Συ‹

447 2415 850 2483 ροφοινίκισσαν
882 2426 903 2449 ⁸
939 2418 1047 2473 ἀπὸ
1070 2420 1173 2491 τῆς
1201 2423 1562 2495 προσεδρείας
1586 2442 1599 2455 ⁸
1627 2426 1720 2479 τὸν
1740 2427 2032 2499 Σολομῶνα

443 2504 555 2556 ἀπὸ
589 2505 683 2559 τοῦ
715 2507 922 2579 τρόπου
968 2512 1069 2582 τῆς
1106 2513 1406 2585 αἰτήσεως⁹
1452 2517 1605 2570 Ἀνθ’
1638 2509 1725 2570 ὧν
1768 2515 1881 2590 γὰρ
1917 2521 2031 2574 οὐκ

443 2598 686 2667 ᾔτησας
695 2601 995 2671 χρήματα,
1021 2602 1166 2658 οὐδὲ
1189 2604 1416 2673 ψυχὰς,
1433 2607 1622 2678 φησὶν,
1640 2607 1870 2677 ἐχθρῶν
1890 2625 2030 2665 σουο

442 2692 535 2746 τὸν
554 2692 796 2766 τελώνην
817 2695 927 2749 ἀπὸ
958 2696 1059 2768 τῆς
1098 2698 1605 2771 ταπεινοφροσύνης
1624 2716 1639 2731 ⁶
1672 2701 1894 2773 ἑτέρους
1911 2701 2032 2755 ἑτέ-

448 2784 641 2855 ρωθεν.
676 2786 888 2859 Ὥσπερ
924 2784 1018 2843 οὖν
1049 2791 1116 2844 ὲκ
1145 2789 1352 2845 τούτων
1375 2791 1438 2846 τὸ
1466 2792 1760 2848 ἀκούεσθαι
1800 2794 2031 2862 γίνεται,

453 2876 627 2941 οὓτως
660 2879 932 2952 ἑτέρωθεν
957 2882 1020 2935 τὸ
1066 2883 1141 2955 μὴ
1179 2882 1499 2954 ἀκούεσθαι,
1534 2884 1641 2940 κᾶν
1665 2884 1864 2939 δίκαιοι
1899 2878 2034 2940 ὦσιν

446 2969 496 3021 οἰ
544 2969 846 3035 αἰτοῦντες.
890 2973 956 3026 Τί
987 2973 1095 3046 7&9
1140 2975 1357 3030 Παύλου
1395 2975 1732 3048 δικαιότερον
1777 2977 2030 3048 γέγονενς

462 3060 603 3113 Ἀλλ’
634 3062 823 3135 ἐπειδὴ
850 3064 1148 3139 ἀσύμφορα
1180 3068 1406 3141 ⁴ᾔτησεν,
1434 3068 1535 3122 οὐκ
1558 3068 1825 3142 ἠκούσθη.
1864 3071 1926 3123 ’Υ
1922 3070 2035 3140 πὲρ

444 3154 684 3221 τούτου,
720 3158 877 3227 φησὶ,
924 3157 1052 3226 τρὶς
1083 3158 1194 3213 τὸν
1236 3161 1460 3229 Κύριον
1498 3160 1906 3231 παρεκάλεσα,
1935 3163 2036 3217 καί

444 3244 577 3299 εἶπέ
601 3263 706 3315 μοι
727 3263 743 3279 ο
791 3248 978 3316 Ἀρκεῖ
1001 3264 1102 3305 σοι
1130 3251 1170 3319 ἠ
1214 3250 1386 3321 χάρις
1398 3268 1539 3321 μου.
1570 3252 1637 3306 Τί
1667 3252 1726 3305 δὲ
1755 3254 2035 3319 Μωῦσέως

445 3335 611 3390 πάλιν
628 3336 1019 3408 τδικαιότερον;
1076 3339 1218 3392 Ἀλλ’
1253 3340 1375 3393 οὐδὲ
1407 3342 1617 3404 ἐκεῖνος
1648 3342 1902 3412 ἠκούετο,
1945 3343 2035 3399 λέ-

445 3443 637 3495 γοντος
660 3427 756 3482 τοῦ
790 3428 926 3483 Θεοῦ
950 3446 966 3462 ’
1004 3431 1370 3487 Ἰκανούσθω
1396 3447 1518 3489 σοι.
1557 3433 1774 3507 Ἐπειδὴ
1789 3435 1898 3509 γὰρ
1915 3437 2036 3509 ᾔτει

447 3520 530 3582 εἰς
561 3518 663 3589 τὴν
690 3520 796 3591 γῆν
818 3522 920 3592 τῆς
947 3521 1283 3591 ἐπαγγελίας
1315 3524 1601 3593 εἰσελθεῖν,
1632 3525 1957 3600 ἀσύμφορον
1977 3529 2037 3583 δὲ

445 3612 607 3666 τοῦτο
632 3608 725 3684 ἦν,
755 3612 858 3668 οὐκ
900 3614 1204 3688 ἐπέτρεψεν
1238 3618 1267 3670 ὁ
1311 3617 1463 3681 Θεός.
1501 3619 1657 3674 Μετά
1706 3621 1914 3676 τούτων
1942 3623 2038 3677 καὶ

447 3701 637 3773 ἕτερόν
657 3704 775 3755 ἔστι
802 3702 866 3756 τὸ
889 3703 1077 3758 ποιοῦν
1109 3702 1185 3775 μὴ
1214 3703 1534 3769 ἀκούεσθαι,
1565 3707 1695 3761 ὅταν
1717 3710 1831 3771 τοῖς
1857 3708 2038 3779 ἀμαρ-

446 3794 692 3864 τήμασιν
737 3796 1089 3867 ἐπιμένοντες
1134 3794 1445 3868 εὐχώμεθα.
1486 3799 1553 3851 Ὃ
1602 3799 1700 3853 καὶ
1734 3801 1866 3873 περὶ
1903 3800 2036 3853 Ἰου-

448 3881 616 3937 δαίων
647 3882 833 3953 ἔλεγεν
876 3887 904 3938 ὁ
934 3884 1068 3949 Θεὸς
1116 3885 1196 3957 τῷ
1249 3886 1524 3960 Ἰερεμίᾳυ
1551 3887 1649 3958 Mh
1688 3891 2037 3960 προσεύχου

447 3975 585 4043 περί
609 3974 718 4029 τοῦ
742 3977 898 4032 λαοῦ
908 3979 1159 4033 τούτου.
1185 3980 1382 4049 Ἢούχ
1400 3978 1544 4048 ὁρᾷς
1567 3982 1625 4035 τί
1644 3978 1811 4038 οὗτοι
1837 3983 2038 4039 ποιοῦιι

446 4082 587 4131 σιν;
626 4068 741 4121 Οὐκ
775 4069 1117 4140 ἀπέστησαν,
1166 4070 1325 4142 φησὶ,
1363 4070 1468 4140 τῆς
1513 4072 1789 4137 ἀσεϐείας,
1831 4075 1925 4127 καὶ
1970 4075 2036 4128 σὺ

450 4157 594 4228 ὑπὲρ
628 4158 812 4213 αὐτῶν
840 4159 1026 4231 δέησιν
1052 4162 1382 4235 ἀναφέρεις
1423 4163 1562 4219 Ἀλλ’
1588 4165 1692 4219 οὐκ
1727 4167 2039 4222 εἰσακούσο-

451 4250 556 4322 μαί
582 4267 698 4305 σου.
729 4252 901 4307 Πάλιν
936 4253 1065 4308 ὅταν
1093 4256 1215 4308 κατ’
1246 4254 1458 4326 ἐχθρῶν
1489 4255 1756 4328 αἰτῶμεν,
1787 4258 1848 4311 ού
1874 4259 2037 4330 μόνον

447 4346 551 4401 οὐκ
579 4346 908 4419 ἀκουόμεθα,
926 4348 1062 4402 ἀλλά
1078 4349 1175 4403 καὶ
1197 4346 1591 4420 παροξύνομεν.
1613 4351 1908 4421 Φάρμακον
1927 4351 2037 4426 γάρ

447 4438 599 4493 ἐστιν
626 4440 814 4512 ήεύχή
837 4455 851 4469 ⁶
883 4439 1000 4493 ἀλλ’
1025 4441 1121 4494 ἐὰν
1149 4441 1224 4513 μὴ
1242 4439 1495 4513 εἰδῶμεν,
1521 4442 1583 4496 τὸ
1613 4443 1903 4516 φάρμακον
1921 4445 2039 4510 πῶς

448 4530 751 4586 ἐπιτιθέναι
772 4531 899 4603 χρὴ,
926 4532 1049 4586 οὐδὲ
1078 4532 1177 4605 τὴν
1199 4532 1386 4604 δνησιν
1402 4533 1430 4574 δ
1458 4532 1623 4588 αὐτοῦ
1651 4535 2034 4607 καρπούμεθα.

452 4620 689 4692 ἐἰδῶμεν
718 4623 899 4676 τοίνυν
933 4623 986 4677 τί
1016 4625 1110 4678 καὶ
1149 4619 1305 4688 οὗτος
1337 4625 1629 4696 εὐχόμενός
1659 4643 1823 4697 φησι·
1863 4629 2038 4697 Κύριε

448 4717 484 4769 ὁ
506 4716 651 4781 Θεός
667 4731 809 4784 μου,
833 4717 888 4769 εἰ
905 4716 1169 4785 ἐποίησα
1179 4718 1385 4772 τοῦτο.
1409 4717 1474 4771 Τί
1501 4719 1669 4784 ἐστιν,
1696 4722 1762 4773 El
1777 4719 2038 4789 ἐποίησα

447 4799 668 4871 τοῦτος
695 4807 762 4860 Ὀ
778 4806 1002 4878 πάσχω,
1024 4809 1211 4879 φησὶν,
1242 4809 1292 4862 εἰ
1314 4810 1620 4883 ὲπανέστην
1649 4811 1837 4884 πατρὶ,
1854 4813 1902 4866 εἰ
1931 4829 2039 4867 πα-

451 4898 740 4973 ρηνόμησα
780 4898 974 4965 οὕτως.
1009 4900 1150 4955 Ἀλλ’
1174 4901 1296 4956 οὐδὲ
1324 4902 1558 4957 ἐνταῦθα
1589 4905 1850 4975 ὀνομαστὶ
1873 4905 2038 4960 πάλιν

448 4993 704 5065 ἀνέχεται
733 4992 827 5048 τὸν
857 4993 1194 5067 ἀδικήσαντα
1226 4996 1424 5058 εἰπεῖν,
1454 4995 1570 5050 ἀλλ’
1605 4996 1745 5067 ὑπὲρ
1774 4995 1868 5051 τοῦ
1903 5013 2036 5051 παι-

447 5085 539 5150 δὸς
565 5086 884 5159 αἰσχύνεται
927 5086 1023 5141 καὶ
1050 5085 1299 5159 ἐρυθριᾷ.
1335 5081 1458 5141 Οίον
1490 5087 1557 5142 ἂν
1598 5087 1763 5153 εἴτις
1807 5088 2039 5162 εὐγενὴς

451 5178 740 5255 ἄνθρωπος
766 5180 865 5251 τὴν
909 5162 1105 5234 ἑαυτοῦ
1152 5182 1394 5249 γυναῖκα
1441 5181 1838 5253 μοιχευομένην
1871 5181 2036 5253 ὀρῶν,

453 5271 589 5343 μηδὲ
625 5272 887 5344 ὀνομαστὶ
914 5271 976 5326 τὸ
1023 5271 1328 5344 ἁμάρτημα
1365 5273 1446 5336 εἰς
1486 5272 1549 5325 τὸ
1595 5272 1758 5342 μέσον
1809 5275 2039 5343 ἀγαγεῖν

449 5361 801 5433 καταδέχοιτο
820 5380 835 5395 ·
863 5362 1006 5418 οὕτω
1026 5361 1090 5435 δὴ
1120 5365 1215 5419 καὶ
1239 5358 1415 5428 οὗτοςο
1446 5363 1549 5418 οὐκ
1569 5359 1740 5418 εἶπεν·
1758 5360 1823 5417 Εἰ
1844 5366 2040 5433 κατεξ-

453 5454 686 5525 ανέστην
714 5452 807 5507 τοῦ
836 5455 1226 5526 γεγεννηκότος
1244 5498 1259 5523 ,
1287 5457 1337 5510 εἰ
1368 5455 1705 5528 πατραλοίας
1736 5457 2003 5530 ἐγενόμην
2020 5475 2035 5491 ο

455 5543 688 5605 ἀλλά,Εἰ
723 5544 985 5620 ἐποίησα
1013 5546 1210 5602 τοῦτο.
1242 5547 1353 5603 Καὶ
1382 5547 1436 5601 τί
1482 5547 1626 5618 λέγω
1659 5546 1845 5614 τοῦτο;
1873 5549 2036 5620 φησί.

486 5765 542 5831 9f
566 5763 893 5831 $I_¢;_dqq_ms§.
917 5771 977 5831 et,
996 5767 1057 5817 N.
1081 5766 1220 5816 Test.
1249 5767 1331 5819 Gr.
1345 5765 1472 5819 Edit.
1501 5766 1886 5831 Συροφοίνισσαν.

515 5821 545 5864 δ
568 5823 670 5873 Alii
690 5824 798 5872 οὐδὲ
818 5826 903 5883 τήν
929 5830 1141 5893 δύναμιν.

2132 486 2270 543 Ποία
2300 491 2412 564 7&9
2439 492 2610 567 ἀρετὴ
2641 499 2702 549 τὸ
2744 496 2821 569 μὴ
2846 497 3101 567 γενέσθαι
3131 499 3468 573 πατραλοίαν
3493 512 3544 572 ε,
3577 505 3725 580 ὅπερ

2129 583 2249 638 οὐδὲ
2279 587 2338 640 ἐν
2371 589 2485 652 τοῖς
2515 588 2727 660 θηρίοις
2752 592 2848 645 ἴδοι
2877 610 2961 656 τις
2982 594 3082 659 ἀν;
3113 595 3182 648 Εἰ
3211 594 3386 651 ἔστιν
3416 586 3621 654 ἀδικία
3651 600 3729 656 ἐν

2129 684 2309 751 χερσί
2332 703 2473 755 μου.
2503 686 2583 743 Ού
2618 688 2762 758 λέγω
2794 690 2926 761 περί
2954 689 3055 760 τῆς
3086 691 3299 759 ἀδικίας
3327 694 3535 769 ταύτης
3557 713 3572 730 ’
3604 696 3726 751 ἀλλ’

2130 778 2253 832 οὐδὲ
2276 780 2440 856 ἑτέρα
2472 782 2537 837 ἂν
2582 785 2853 858 εὑρεθείη,
2892 788 3078 859 φησὶν,
3120 783 3257 844 οὖσα
3300 789 3360 844 ὲν
3406 790 3561 863 χερσί
3610 808 3720 863 μου

2132 873 2339 933 ἀδικία.
2375 878 2563 934 Ταῦτα
2597 880 2653 936 δὲ
2680 882 2849 952 λέγει,
2894 885 2955 938 ού
3008 886 3426 959 μεγαληγορῶν,
3471 888 3587 943 ἀλλ’
3636 890 3723 955 εἰς

2132 972 2383 1046 ἀνάγκην
2405 976 2662 1047 ἐμπεσὼν
2672 978 2765 1032 τοῦ
2789 979 2858 1034 τά
2875 981 3069 1035 ἑαυτοῦ
3094 983 3498 1056 κατορθώματα
3522 986 3725 1039 εἰπεῖν.

2148 1066 2291 1122 Ἀλλ’
2318 1070 2441 1124 οὐδὲ
2473 1069 2618 1125 οὕτω
2648 1090 2749 1126 που
2783 1073 2927 1145 μέγα
2956 1075 3114 1130 τοῦτο
3137 1077 3275 1150 πρὸς
3304 1078 3367 1132 τὸ
3402 1079 3592 1150 μέλλον
3626 1083 3731 1154 ῥη-

2134 1162 2423 1236 θήσεσθαι.
2460 1168 2525 1221 Τί
2556 1168 2613 1222 δὲ
2648 1167 2808 1223 τοῦτό
2836 1171 3022 1238 ὲστιν;
3052 1172 3123 1225 Εἰ
3155 1172 3551 1230 ἀνταπέδωκα
3597 1177 3730 1244 τοῖς

2136 1257 2617 1318 ἀνταποδιδοῦσί
2654 1282 2759 1334 μοι
2797 1266 2977 1330 κακὰ,
3032 1266 3186 1338 φησί.
3229 1267 3535 1340 Προσέχετε
3583 1271 3730 1343 μετὰ

2135 1356 2440 1429 ἀκριϐείας.
2473 1360 2548 1414 Ού
2577 1361 2686 1434 7&9
2715 1362 2776 1416 τὸ
2805 1363 2966 1435 τυχόν
2988 1365 3104 1418 ἐστι
3129 1364 3191 1418 τὸ
3211 1365 3520 1438 εἰρημένον.
3543 1368 3731 1422 Καλὸν

2140 1455 2241 1528 μὲν
2275 1456 2385 1529 γὰρ
2412 1457 2475 1512 τὸ
2521 1459 2598 1531 μὴ
2630 1459 2865 1514 ἀδικεῖν
2899 1460 3016 1535 [56]
3066 1461 3247 1534 πολλῷ
3278 1462 3335 1516 δὲ
3380 1464 3584 1536 μεῖζον,
3629 1465 3733 1520 καὶ

2138 1556 2429 1629 φιλοσόφου
2469 1560 2673 1631 ψυχῆς,
2711 1560 2773 1615 τὸ
2823 1560 2914 1615 τὸν
2957 1562 3248 1619 ἀδικοῦντα
3288 1564 3364 1636 μὴ
3395 1563 3730 1636 ἀμύνεσθαι.

2141 1655 2338 1709 Καίτοι
2379 1672 2445 1726 γε
2493 1658 2523 1709 ὁ
2564 1657 2731 1729 νόμος
2765 1658 2925 1713 τοῦτο
2961 1663 3243 1732 παρεῖχεν,
3288 1660 3567 1732 ὀφθαλμὸν
3606 1662 3736 1716 ἀντὶ

2143 1752 2425 1824 ὀφθαλμοῦ
2449 1753 2707 1821 κελεύων,
2737 1756 2827 1809 καὶ
2843 1756 3032 1812 ὀδόντα
3047 1758 3169 1811 ἀντί
3183 1758 3394 1822 ὀδόντος
3414 1758 3733 1812 ἐκκόπτεινο

2143 1850 2239 1904 καὶ
2272 1852 2374 1904 οὐκ
2399 1848 2466 1924 ἦν
2483 1850 2797 1923 παράϐασις
2817 1853 2983 1925 νόμου
3012 1854 3075 1908 τὸ
3097 1854 3380 1927 γινόμενον
3405 1870 3419 1883 ⁵
3442 1854 3557 1908 ἀλλ’
3585 1853 3741 1908 οὕτω

2144 1948 2434 2019 φιλόσοφος
2478 1945 2546 2020 ἦν
2588 1941 2766 2013 οὗτος,
2799 1948 2876 2013 ὡς
2927 1948 3001 2021 μὴ
3039 1951 3201 2022 μόνον
3249 1949 3326 2023 μὴ
3366 1948 3737 2023 παραδαίνειν

2140 2045 2234 2099 τὸν
2254 2045 2441 2116 νόμον,
2458 2044 2597 2100 ἀλλά
2624 2046 2719 2099 καὶ
2740 2046 2806 2099 ὲκ
2828 2044 3025 2099 πολλοῦ
3051 2045 3144 2101 τοῦ
3164 2046 3445 2118 περιόντος
3468 2045 3743 2116 ὑπερϐαί-

2144 2158 2279 2207 νειν,
2316 2142 2411 2195 καὶ
2466 2141 2606 2214 ὑπὲρ
2643 2141 2713 2196 τά
2746 2142 3045 2214 σκάμματα
3071 2122 3271 2215 πηδᾷν.
3299 2143 3376 2197 Οὐ
3405 2142 3517 2214 γάρ
3543 2141 3738 2212 ἐνόμι-

2144 2236 2237 2303 ζεν
2265 2239 2459 2309 ἀρκεῖν
2489 2239 2570 2303 εἰς
2599 2237 2824 2311 ἀρετὴν,
2861 2239 2910 2291 εἰ
2944 2239 3018 2310 μὴ
3055 2241 3151 2293 καὶ
3183 2238 3636 2312 ύπερακοντίσειε
3664 2237 3742 2290 τὰ

2143 2334 2567 2407 προστάγματα.
2592 2334 2806 2406 Ὠσπερ
2826 2328 2919 2388 οῦν
2942 2336 3036 2389 καὶ
3061 2335 3272 2401 Παῦλος
3298 2335 3492 2401 ἐποίει,
3521 2334 3743 2389 κελευό-

2149 2449 2311 2503 μενος
2340 2434 2405 2486 ὲκ
2438 2431 2532 2486 τοῦ
2559 2429 2893 2501 Εὐαγγελίου
2926 2430 3049 2503 ζῇν,
3079 2432 3174 2486 καὶ
3202 2431 3279 2503 μὴ
3304 2431 3435 2497 ζῶν,
3468 2432 3585 2486 ἀλλ’
3605 2431 3743 2486 ἀδά-

2146 2547 2317 2583 πανον
2345 2528 2517 2595 τιθεὶς
2547 2529 2610 2584 τὸ
2634 2527 2999 2598 Εὐαγγέλιον·
3038 2527 3183 2582 οὕτω
3220 2528 3399 2582 τοίνυν
3436 2528 3530 2583 καὶ
3559 2529 3588 2581 ὁ
3625 2545 3741 2600 μαι-

2144 2624 2340 2698 κάριος
2368 2623 2553 2689 Δαυῒδ,
2578 2623 2672 2678 τοῦ
2699 2625 2866 2697 νόμου
2901 2625 3135 2689 διδόντος
3158 2624 3465 2697 ἀμύνεσθαι
3492 2624 3584 2678 τὸν
3615 2624 3742 2679 ἀδι-

2144 2723 2368 2789 κοῦντα,
2401 2722 2502 2777 οὐκ
2539 2721 2753 2794 ἔμεινεν
2792 2724 2851 2775 ὲν
2886 2720 2964 2794 τῷ
3000 2722 3188 2793 μέτρῳ
3231 2721 3427 2794 τούτῳ,
3462 2721 3598 2776 ἀλλά
3641 2720 3743 2775 καὶ

2145 2819 2597 2894 ὑπερηκόντισεν.
2640 2820 2831 2892 Ἡμεῖς
2867 2818 2925 2874 δὲ
2956 2820 3018 2873 ού
3043 2818 3205 2873 τοῦτο
3229 2818 3607 2891 ἀπαιτούμεθα
3637 2818 3742 2888 μόν-

2144 2939 2236 2977 νον
2263 2922 2327 2976 τὸ
2364 2921 2449 2996 μὴ
2484 2921 2921 2985 ἀνταποδιδόναι,
2974 2920 3114 2975 ἀλλά
3164 2921 3260 2976 καὶ
3300 2920 3363 2974 τὸ
3405 2921 3739 2992 εὐεργετεῖν.

2141 3026 2415 3097 Εὕχεσθε
2429 3024 2563 3098 γὰρ,
2578 3025 2767 3096 φησιν,
2781 3023 2935 3094 ὑπὲρ
2948 3021 3067 3078 τῶν
3085 3021 3539 3091 ἐπηρεαζόντων
3561 3020 3741 3090 ὑμᾶς,

2145 3126 2349 3194 καλῶς
2382 3124 2604 3181 ποιεῖτε
2648 3123 2775 3192 τοῖς
2807 3124 3111 3195 μισοῦσιν
3154 3121 3333 3192 ὑμᾶς.
3389 3121 3516 3176 Ἐπὶ
3544 3121 3601 3175 δὲ
3643 3121 3741 3174 τοῦ

2143 3228 2313 3284 Δαυῖδ
2356 3229 2419 3283 ού
2460 3226 2658 3299 μικρὸν
2689 3226 2751 3280 τὸ
2782 3224 2860 3298 μὴ
2894 3224 3221 3296 ἀμύνεσθαι,
3251 3222 3389 3278 ἀλλά
3430 3224 3526 3278 καὶ
3558 3219 3745 3293 πολλῷ

2150 3329 2336 3402 μεῖζον
2379 3328 2476 3382 τοῦ
2514 3324 2743 3399 νομικοῦ
2790 3325 3276 3398 παραγγέλματος.
3307 3322 3398 3376 Διό
3445 3337 3631 3392 φησιν,
3672 3321 3745 3374 Εἰ

2145 3430 2415 3498 ἐποίησα
2447 3427 2649 3491 τοῦτο,
2686 3429 2739 3481 ει
2770 3425 2947 3481 ἔστιν
2975 3424 3180 3481 ἀδικία
3207 3424 3278 3478 ἐν
3307 3422 3484 3492 χερσί
3504 3438 3625 3490 μου
3646 3438 3658 3451 ο
3686 3421 3744 3474 ει

2145 3524 2538 3583 ἁνταπέὸωκα
2581 3524 2709 3591 τοῖς
2747 3518 3225 3579 ἁνταποδιδοῦσί
3248 3536 3352 3590 μοι
3394 3516 3573 3575 κακά.
3616 3516 3744 3570 Ἐπὶ

2150 3628 2250 3700 μὲν
2285 3625 2397 3696 7&9
2426 3624 2521 3679 τοῦ
2569 3622 2759 3687 παιδὸς
2799 3622 2896 3677 καὶ
2930 3622 2966 3691 ἡ
3015 3619 3178 3690 φύσις
3221 3616 3494 3672 ἐκώλυεν·
3538 3615 3657 3670 ἀλλ’
3688 3616 3742 3669 εἰ

2148 3726 2392 3799 ἑτέρους,
2431 3724 2618 3797 φησὶν,
2641 3722 2899 3794 ἠδίκησα,
2925 3719 2960 3792 ἢ
2991 3720 3087 3774 καὶ
3104 3718 3424 3790 ἠμυνάμην.
3448 3715 3618 3770 Ποίαν
3643 3710 3742 3769 οὖν

2150 3826 2306 3898 σχοίη
2315 3843 2414 3898 μεν
2436 3822 2770 3895 συγγνώμην
2793 3824 2977 3894 ἡμεῖς,
2999 3818 3158 3873 ποίαν
3183 3818 3240 3872 δὲ
3252 3816 3571 3886 ἀπολογίαν,
3602 3815 3746 3886 μετὰ

2146 3929 2248 4000 τὴν
2281 3926 2377 3982 τοῦ
2407 3925 2646 3999 Χριστοῦ
2678 3922 2983 3996 παρουσίαν
3013 3922 3088 3993 μὴ
3120 3919 3415 3991 φθάνοντες
3442 3919 3523 3983 εἰς
3551 3917 3618 3971 τὰ
3641 3917 3743 3988 μέ·-

2146 4044 2254 4099 τρα
2290 4024 2402 4079 τῶν
2448 4026 2506 4078 ἐν
2546 4027 2613 4095 τῇ
2652 4022 2867 4093 Παλαιᾷ
2910 4017 3363 4091 πολιτευομένων,
3423 4017 3516 4072 καὶ
3567 4015 3744 4072 ταῦτα

2149 4124 2350 4197 πολλὴν
2384 4121 2707 4196 περισσείαν
2735 4118 3166 4190 ἀπαιτούμενοι;
3213 4116 3349 4171 Ἐὰν
3372 4116 3484 4187 7&9
3515 4114 3602 4183 μὴ
3633 4131 3744 4169 πε-

2139 4228 2452 4298 ρισσεύσῃ
2471 4270 2488 4293 ,
2516 4224 2705 4296 φησιν,
2736 4225 2775 4292 ἡ
2816 4221 3173 4290 δικαιοσύνη
3209 4218 3379 4289 ὑμῶν
3406 4220 3600 4272 πλέον
3622 4217 3746 4271 τῶν

2147 4328 2513 4398 Φαρισαίων,
2554 4327 2628 4380 οὐ
2662 4324 2748 4395 μὴ
2791 4324 3107 4390 εἰσέλθητε
3132 4323 3220 4388 εἰς
3261 4319 3378 4390 τὴν
3413 4319 3747 4384 ,βασιλείαν

2146 4425 2266 4482 τῶν
2305 4423 2598 4494 οὐρανῶν.
2633 4424 2847 4494 ’Ὠσπερ
2881 4421 2991 4493 γὰρ
3029 4421 3131 4474 οὐκ
3162 4419 3309 4472 ἔστιν
3357 4419 3473 4481 ῐσος
3501 4418 3530 4470 ὁ
3568 4418 3626 4471 ὲν
3661 4416 3745 4489 τῷ

2146 4528 2299 4600 νόμῳ
2324 4528 2393 4581 τὰ
2418 4524 2559 4580 αύτά
2588 4521 2871 4595 κατορθῶν
2919 4519 2999 4591 τῷ
3039 4519 3144 4591 πρὸ
3178 4517 3273 4572 τοῦ
3318 4517 3486 4588 νόμου
3506 4533 3522 4548 θ
3567 4515 3745 4581 οὕτως

2147 4629 2274 4684 οῦτε
2299 4631 2327 4682 ὁ
2354 4630 2411 4681 ὲν
2440 4629 2506 4698 τῇ
2530 4627 2718 4697 χάριτι
2743 4622 2821 4694 τῷ
2844 4624 2901 4677 ὲν
2929 4621 3009 4692 τῷ
3035 4619 3208 4691 νόμῳ,
3236 4616 3375 4673 ἀλλά
3398 4618 3494 4671 καὶ
3511 4616 3621 4671 ἀπὸ
3641 4617 3742 4671 τοῦ

2147 4728 2345 4802 καιροῦ
2400 4728 2569 4798 πολλὴ
2620 4726 2830 4796 γίνεται
2874 4727 2908 4796 ή
2957 4722 3209 4793 διαφορά.
3257 4720 3431 4774 Τοῦτο
3470 4719 3683 4782 δεικνὺς
3712 4720 3746 4772 ὁ

2150 4831 2368 4894 Παῦλος
2401 4831 2497 4884 καὶ
2520 4829 2614 4883 ἐπὶ
2639 4826 2743 4897 τῆς
2766 4825 2988 4889 κακίας,
3012 4825 3107 4879 καὶ
3135 4823 3229 4876 ἐπὶ
3260 4822 3359 4892 τῆς
3392 4819 3613 4893 ἀρετῆς,
3637 4819 3745 4890 δρα

2148 4935 2441 4998 κάκείνους
2471 4932 2592 4998 πῶς
2621 4931 2885 5004 μειζόνως
2914 4927 3205 4999 θαυμάζει,
3238 4925 3335 4979 καὶ
3368 4922 3591 4986 τούτους
3622 4921 3745 4993 μεί-

2149 5037 2302 5103 ζονος
2336 5034 2607 5108 τιμωρίας
2639 5032 2827 5099 ἀξίους
2846 5029 3141 5111 ἀποφαίνει
3172 5022 3333 5092 εἶναι,
3362 5025 3505 5081 οὓτω
3534 5024 3740 5092 λέγων’

2150 5141 2340 5192 Ὅταν
2368 5137 2481 5206 γὰρ
2519 5135 2668 5203 ἔθνη
2707 5133 2782 5188 τὰ
2808 5132 2897 5203 μὴ
2944 5132 3135 5203 νόμον
3166 5129 3407 5198 ἔχοντα,
3454 5124 3745 5198 φύσειντὰ

2149 5237 2259 5294 τοῦ
2279 5239 2472 5309 νόμου
2499 5234 2665 5304 ποιῇ,
2698 5228 2865 5290 οὗτοι
2887 5233 3079 5302 νόμον
3094 5229 3181 5301 μὴ
3206 5227 3477 5299 ἔχοντες,
3505 5222 3746 5291 ἑαυτοῖς

2148 5342 2267 5395 εἰσι
2290 5338 2495 5408 νόμος.

2222 5435 2447 5505 ε’.Εῖδες
2464 5437 2583 5503 πῶς
2600 5438 2727 5502 τοὺς
2741 5435 2912 5509 χωρὶς
2927 5434 3093 5506 νόμου
3114 5430 3514 5503 κατορθοῦντας
3530 5427 3745 5482 ἐπαινεῖ

2150 5543 2245 5598 καὶ
2278 5539 2645 5613 ἀνακηρύττει
2669 5556 2685 5607 ;
2713 5539 2861 5611 Ὅρα
2888 5536 3051 5592 πάλιν
3082 5532 3331 5597 καὶτοὺς
3362 5532 3421 5587 ὲν
3457 5532 3526 5603 τῇ
3555 5528 3742 5600 χάριτι

2158 5647 2579 5720 ἁμαρτάνοντας
2615 5643 2734 5708 πῶς
2767 5641 3016 5715 μείζονος
3047 5637 3334 5707 ,κολάσεως
3374 5633 3559 5700 ἀξίους
3600 5625 3743 5685 εῖναι

2218 5806 2240 5836 ο
2267 5802 2365 5855 Alii
2388 5801 2674 5868 πατραλοίαν
2698 5800 2778 5850 hic
2808 5802 2857 5849 el
2884 5798 3018 5849 alibi.
3070 5840 3074 5844 .
