4106 6428
400 412 466 467 85
1591 398 1952 461 EXPOSlTIO
2008 401 2073 459 IN
2112 401 2431 462 PSALMUM
2465 398 2574 460 νη.
3633 396 3704 452 86

407 541 505 595 que
530 522 671 579 enim
699 523 958 590 orabant,
989 530 1045 576 ut
1073 535 1227 577 orare
1252 527 1482 591 oportet.
1518 518 1585 573 Et
1611 517 1733 574 ideo
1747 518 1882 589 jussi
1908 533 2002 574 su-

411 630 527 670 mus
541 629 662 669 eam
683 614 889 670 aﬂ‘crre
918 613 1234 675 orationem,
1263 625 1382 681 qum
1398 610 1628 665 maxime
1648 610 1816 680 possit
1834 624 1999 664 exau-

410 706 530 761 diri.
560 706 673 760 lloe
694 705 860 759 etiam
891 704 1129 759 ostendit
1157 703 1211 757 in
1237 701 1558 773 prtecedcnti
1583 702 1825 757 oratione
1847 742 1864 769 ,
1895 715 2002 756 non

412 798 725 868 simpliciter
749 812 949 868 rogans
978 806 1036 851 ut
1060 795 1341 863 audiatur,
1384 793 1479 850 sed
1507 808 1639 850 cum
1659 809 1755 850 sua
1793 794 2004 850 attulis-

415 900 515 943 set.
536 889 793 955 Qumnam
819 898 997 944 autem
1023 895 1173 942 erant
1193 886 1295 942 ea?
1315 885 1518 941 Lavabo
1540 902 1630 956 per
1645 886 1872 958 singulas
1913 903 2008 941 no-

415 993 518 1036 ctes
541 982 726 1035 lectum
750 997 940 1043 meum,
972 979 1209 1051 lacrytnis
1229 978 1352 1032 meis
1370 986 1582 1032 stratum
1613 993 1778 1031 meum
1807 977 2007 1047 rigabo;

418 1074 548 1128 illud
578 1092 593 1127 :
626 1071 880 1127 Laboraiti
903 1073 955 1126 in
990 1073 1177 1144 gemitu
1201 1087 1310 1125 meo
1344 1069 1527 1141 (Psal.
1559 1069 1615 1125 6.
1649 1070 1749 1140 7);
1781 1076 1837 1124 et
1860 1068 1963 1124 ltoc
1990 1084 2005 1123 :

420 1164 682 1219 Discedite
708 1180 742 1217 a
771 1180 851 1217 me
869 1179 1042 1218 omnes
1067 1163 1151 1233 qui
1173 1162 1453 1232 operamini
1489 1161 1802 1231 iniquitatem
1844 1156 2005 1232 (Ibid.

302 1274 317 1291 ο
419 1273 467 1309 υ.
495 1256 588 1325 9);
616 1263 671 1310 et
696 1255 827 1310 illud
854 1273 869 1309 :
898 1252 1235 1310 Conturbatus
1269 1261 1345 1308 est
1385 1269 1417 1307 a
1442 1252 1616 1324 furore
1652 1252 1830 1308 oculus
1869 1268 2010 1308 meus

422 1346 595 1421 (Ibid.
631 1362 677 1401 υ.
708 1344 800 1419 8).

495 1442 550 1496 4.
574 1439 768 1496 Gratim
794 1440 1095 1495 conciliatio.
1121 1437 1314 1493 Grandi
1337 1438 1595 1507 formulae.
1617 1466 1690 1478 -—
1715 1437 1839 1493 Haec
1865 1436 2009 1492 enim

424 1535 605 1588 omnia
631 1533 700 1588 ad
738 1533 899 1588 Deum
922 1532 1293 1587 attrahendum
1321 1531 1451 1587 satis
1489 1539 1615 1585 sunt
1642 1548 1656 1586 :
1689 1530 1863 1585 luctus
1884 1571 1898 1596 ,
1932 1530 2011 1583 la-

427 1641 649 1698 cryma,
678 1626 927 1696 gemitus,
961 1624 1167 1680 resilire
1196 1623 1263 1678 ab
1293 1623 1568 1691 improbis,
1598 1622 1820 1692 ejusque
1851 1621 2011 1692 perti-

428 1734 671 1775 mesevre
697 1727 753 1773 et
777 1719 996 1772 horrere
1020 1717 1357 1772 sententiam.
1378 1715 1447 1770 Et
1475 1715 1601 1769 alibi
1630 1715 1763 1770 dixit
1787 1731 1800 1768 :
1830 1714 2010 1770 Exau-

428 1814 555 1867 divit
604 1810 742 1865 Deus
784 1810 1035 1879 iustitiam
1076 1824 1241 1863 meatu
1271 1823 1291 1862 :
1331 1808 1386 1861 in
1430 1805 1754 1861 tribulatione
1790 1806 2013 1861 dilatasti

428 1904 555 1956 inihi
584 1900 767 1975 (Psal.
798 1901 852 1956 4.
884 1902 910 1956 1
936 1901 977 1970 ).
1010 1899 1118 1954 liae
1145 1898 1287 1954 enim
1316 1898 1525 1953 ratione
1554 1896 1611 1951 fit
1631 1938 1646 1964 ,
1674 1905 1734 1952 ut
1759 1896 2016 1951 exaudia-

426 2011 552 2050 mur
580 2011 594 2047 :
626 1994 853 2065 primum
894 1992 1106 2065 quidem
1128 2033 1143 2057 ,
1175 1991 1316 2061 quod
1341 1991 1485 2062 digni
1521 1992 1690 2046 simus
1724 1992 1970 2061 accipere
1992 2002 2013 2059 ';

428 2086 660 2152 deinde,
710 2085 851 2156 quod
876 2101 943 2141 ex
989 2084 1082 2140 Dei
1110 2083 1316 2154 legibus
1347 2097 1600 2149 oremus;
1631 2083 1789 2139 tertio
1812 2124 1828 2150 ,
1873 2083 2016 2154 quod

429 2176 678 2240 assidue;
709 2185 932 2245 quarto,
966 2174 1108 2246 quod
1134 2174 1267 2229 nihil
1291 2184 1534 2244 petamus
1588 2189 1775 2229 eorum
1801 2189 1919 2245 quae
1948 2173 2017 2228 ad

430 2268 569 2323 banc
597 2269 758 2323 vitam
791 2267 1093 2337 pertinent;
1120 2265 1323 2336 quinto,
1359 2265 1498 2336 quod
1540 2275 1781 2336 petamus
1809 2280 1869 2320 ea
1898 2279 2019 2335 quae

426 2369 554 2414 sunt
584 2354 772 2424 utilia;
802 2367 978 2423 sexto,
1009 2358 1151 2428 quod
1178 2373 1297 2427 (pne
1327 2368 1509 2412 nostra
1538 2367 1661 2412 sunt
1684 2358 1862 2411 omnia
1892 2356 2020 2412 alie-

428 2467 635 2507 ramus.
670 2450 805 2507 Vide
826 2466 955 2522 ergo
984 2451 1178 2506 multos
1196 2492 1213 2517 ,
1242 2451 1331 2521 qui
1354 2451 1433 2506 sic
1454 2451 1813 2506 exaudiuntur
1840 2469 1854 2504 :
1883 2450 2019 2506 Cora

432 2542 658 2607 nelium,
682 2557 751 2595 ex
778 2541 882 2595 vita
906 2539 1045 2613 (Act.
1079 2540 1165 2596 lo.
1188 2540 1247 2611 tl)
1270 2558 1284 2605 ;
1310 2532 1774 2612 Symphtnnissam
1798 2584 1813 2609 ,
1842 2557 1906 2596 ex
1934 2556 2022 2596 as-

433 2632 687 2688 siduitate
728 2631 956 2704 (Matth.
1003 2632 1090 2687 15.
1130 2631 1283 2703 28);
1333 2632 1710 2697 Salomonem,
1756 2643 1819 2687 ex
1860 2632 2022 2687 modo

435 2723 708 2793 petitionis
737 2740 751 2777 :
783 2722 1066 2793 Propterea
1090 2723 1232 2777 enim
1255 2763 1271 2787 ,
1315 2722 1514 2791 inquit,
1541 2722 1676 2792 quod
1704 2738 1805 2775 non
1835 2722 2023 2792 petiisti

434 2813 678 2883 pecunias
702 2855 717 2878 ,
770 2830 929 2881 neque
963 2814 1158 2867 animas
1185 2813 1503 2866 inimicorum
1542 2821 1745 2865 tuorunt
1771 2812 1788 2884 (
1810 2813 1863 2867 3.
1892 2811 2022 2884 Reg.

434 2905 492 2958 3.
526 2903 670 2976 H);
720 2903 1096 2972 publicanum,
1137 2918 1204 2958 ex
1249 2902 1729 2975 ltumilitate(Luc.
1769 2903 1856 2958 18.
1892 2903 2021 2973 M);

436 2995 573 3049 alios
610 3011 678 3050 ex
718 2994 820 3048 alia
869 2995 1096 3050 ratione.
1154 2992 1611 3062 Quemadmodum
1654 3010 1783 3067 ergo
1827 3009 1892 3050 ex
1943 2993 2026 3048 bis

439 3086 673 3142 efﬁcitur
698 3095 755 3140 ut
779 3087 1079 3153 audiamur,
1121 3086 1192 3141 ita
1221 3085 1383 3141 etiam
1425 3085 1528 3140 alia
1576 3085 1782 3143 ratione
1831 3084 1923 3152 ﬁt,
1966 3093 2029 3141 ut

437 3195 547 3234 non
584 3178 969 3245 exaudiantur,
1020 3179 1142 3235 licet
1172 3178 1305 3248 justi
1343 3178 1487 3246 sint,
1533 3178 1622 3249 qui
1653 3186 1856 3248 petant.
1888 3177 2026 3246 Quid

438 3272 584 3328 enim
611 3270 708 3325 fuit
739 3271 901 3326 Paulo
942 3269 1180 3341 justius?
1221 3269 1327 3326 Sed
1378 3270 1625 3340 quoniam
1677 3270 1862 3340 petivit
1908 3285 2028 3341 qua:

438 3372 595 3416 erant
625 3362 824 3416 inutilia
845 3404 861 3429 ,
889 3378 994 3415 non
1030 3360 1126 3415 fuit
1148 3362 1449 3421 exauditus.
1483 3360 1588 3415 Pro
1613 3379 1692 3426 eo,
1722 3363 1923 3431 inquit,
1956 3373 2031 3417 ter

441 3451 720 3507 Dominum
748 3453 941 3523 rogavi,
966 3462 1013 3507 et
1040 3453 1169 3506 dixit
1196 3452 1320 3506 milti
1349 3450 1583 3521 :Suﬁicit
1603 3452 1689 3507 tibi
1726 3454 1893 3524 gratia
1919 3470 2032 3508 mea

439 3544 541 3616 (2.
567 3544 686 3599 Cor.
716 3543 803 3599 12.
825 3546 878 3599 8.
910 3544 1004 3614 9).
1032 3542 1171 3610 Quid
1212 3558 1423 3598 rursum
1466 3542 1617 3599 Mose
1640 3543 1878 3614 justius?
1923 3544 2030 3600 Sed

444 3651 548 3691 nec
586 3637 677 3692 ille
721 3635 1003 3692 exauditus
1042 3643 1162 3701 est,
1208 3636 1318 3690 Deo
1354 3634 1567 3691 dicente
1606 3653 1622 3692 :
1668 3636 1808 3692 Satis
1846 3637 1935 3691 tibi
1968 3638 2033 3692 sit

446 3728 642 3799 (Deut.
671 3729 725 3783 5.
752 3727 880 3798 26).
913 3726 1045 3796 Quia
1072 3727 1215 3782 enim
1246 3726 1467 3796 petebat
1506 3726 1710 3797 ingredi
1749 3728 1801 3782 in
1837 3736 2032 3782 terram

444 3820 849 3889 promissionis,
900 3818 1003 3874 ltoc
1048 3828 1226 3872 autem
1254 3828 1371 3872 erat
1398 3817 1586 3873 inutile
1615 3834 1631 3871 :
1661 3832 1767 3873 non
1793 3819 2036 3888 permisit

446 3914 612 3969 Deus.
637 3912 769 3967 Cum
818 3912 903 3967 his
933 3911 1095 3967 etiam
1124 3909 1266 3965 aliud
1307 3918 1428 3977 est,
1463 3910 1605 3981 quod
1650 3909 1777 3965 facit
1821 3918 1881 3966 ut
1927 3926 2034 3967 non

444 4006 829 4071 exaudiamur,
868 4006 1081 4076 quando
1111 4005 1163 4059 in
1195 4004 1426 4075 peccatis
1470 4014 1881 4073 perseverantes
1908 4018 2035 4058 ora-

447 4115 591 4155 mus.
625 4099 775 4167 Quod
799 4099 960 4154 etiam
982 4097 1049 4154 de
1074 4098 1276 4154 Judteis
1303 4097 1438 4153 dixit
1463 4097 1605 4152 Deus
1625 4097 1874 4153 Jeremite
1903 4116 1916 4152 :
1952 4096 2036 4153 Ne

437 4194 721 4257 deprecare
743 4210 835 4263 pro
861 4193 956 4247 hoc
983 4194 1191 4264 populo.
1223 4193 1303 4246 An
1327 4209 1427 4246 non
1458 4192 1595 4247 vides
1620 4193 1743 4259 quid
1770 4194 1824 4247 Ιιὶ
1843 4194 2037 4264 faciunt

444 4283 599 4354 (Jer.
628 4285 680 4337 '7.
712 4283 800 4339 16.
831 4285 892 4338 Π
916 4283 979 4348 l?
1006 4284 1087 4339 Ab
1112 4284 1384 4353 impietate
1406 4298 1512 4338 non
1538 4283 1872 4351 defecerunt,
1899 4293 1954 4340 et
1980 4295 2036 4339 tu

444 4375 611 4428 oll'ers
631 4389 727 4444 pro
753 4375 831 4429 eis
852 4374 1081 4444 preces?
1111 4374 1216 4431 Sed
1242 4384 1293 4429 te
1320 4390 1425 4428 non
1453 4375 1756 4430 exaudiam.
1792 4376 1999 4432 Rursus
2016 4417 2033 4445 ,

446 4464 662 4535 quando
712 4473 895 4520 c0ntra
942 4465 1185 4519 inimicos
1233 4466 1500 4536 petimus,
1547 4482 1653 4520 non
1701 4467 1874 4522 solum
1930 4483 2037 4523 non

444 4558 802 4623 exaudinmr,
839 4557 935 4611 sed
983 4559 1140 4612 etiam
1188 4556 1479 4611 irritamus.
1532 4556 1629 4612 Est
1673 4559 1817 4613 enim
1864 4559 2038 4614 oratio

447 4649 896 4703 medicamentum
923 4665 937 4701 :
962 4647 1057 4704 sed
1077 4650 1123 4703 si
1153 4647 1456 4703 nesciamus
1498 4649 1771 4718 quomodo
1797 4649 1866 4704 sit
1884 4650 2040 4706 adbi-

445 4740 682 4795 bcndnm
710 4740 1153 4795 medicamentum
1178 4782 1193 4807 ,
1227 4741 1506 4795 utilitatem
1532 4756 1601 4796 ex
1628 4755 1697 4797 eo
1724 4744 2038 4814 non_capie-

445 4832 631 4886 mns‘.
667 4830 948 4888 Videamus
985 4824 1113 4903 ergo
1154 4832 1280 4902 quid
1329 4832 1414 4886 hic
1455 4832 1615 4887 etiam
1659 4849 1819 4889 orans
1861 4834 1988 4890 dicit
2021 4854 2034 4891 :

448 4922 666 4976 Domine
690 4922 821 4977 Deus
841 4939 1000 4988 meus,
1023 4924 1067 4977 si
1092 4924 1186 4995 feci
1208 4923 1359 4978 istud.
1379 4922 1515 4991 Quid
1534 4935 1636 4992 est,
1663 4926 1723 4980 Si
1745 4926 1841 4995 feci
1862 4927 1997 4980 istud
2012 4929 2038 4981 ?

443 5016 601 5085 Quod
629 5015 817 5085 patior,
850 5016 1049 5087 inquit,
1085 5017 1127 5071 si
1158 5016 1421 5071 insurrexi
1453 5016 1709 5073 adversus
1736 5027 1963 5088 patrem,
1991 5020 2036 5073 si

444 5109 527 5162 sic
551 5123 639 5161 me
670 5107 847 5178 inique
874 5108 1037 5178 gessi.
1064 5107 1169 5163 Sed
1200 5123 1269 5164 ne
1291 5108 1378 5163 hic
1406 5108 1619 5179 quidem
1646 5125 1767 5165 eum
1792 5112 1882 5181 qui
1911 5113 2036 5167 fecit

434 5198 696 5269 iniuriam
716 5239 732 5264 ,
762 5198 1078 5253 nominatim
1104 5199 1284 5255 dicere
1311 5200 1364 5254 in
1404 5201 1643 5256 animum
1668 5201 1867 5257 inducit
1893 5244 1907 5267 ,
1941 5203 2036 5259 sed

446 5305 547 5360 pro
575 5289 685 5344 lilio
710 5289 1012 5352 erubescit,
1057 5299 1112 5345 et
1143 5289 1346 5360 pudore
1384 5289 1633 5346 afficitur.
1679 5291 2038 5359 Quemadmo-

443 5382 573 5436 dum
602 5381 645 5435 si
672 5380 793 5453 quis
817 5380 900 5434 vir
922 5394 1220 5450 generosus
1252 5380 1437 5437 videns
1464 5396 1684 5437 uxorem
1711 5397 1860 5437 suam
1888 5384 2038 5440 adul-

447 5474 612 5529 terari
637 5514 651 5538 ,
703 5488 771 5528 ne
796 5472 1108 5527 nominatim
1132 5471 1347 5543 quidem
1378 5473 1494 5544 ejus
1542 5473 1794 5529 delictum
1829 5474 1881 5529 in
1919 5492 2035 5533 me-

430 5566 593 5621 dium
621 5563 860 5634 proferre
884 5563 1113 5619 sustinet
1140 5580 1156 5617 :
1190 5564 1260 5618 ita
1288 5563 1378 5620 bic
1405 5565 1565 5619 etiam
1591 5582 1605 5631 ;
1639 5581 1746 5621 non
1776 5567 1909 5622 dixit
1937 5585 1948 5620 :
1980 5567 2034 5623 Si

431 5658 708 5715 'insurrexi
733 5658 997 5714 adversus
1017 5670 1140 5712 eum
1166 5656 1255 5728 qui
1287 5657 1502 5729 genuit,
1548 5659 1594 5714 si
1622 5658 1692 5715 fui
1723 5661 1986 5732 parricida
2020 5679 2035 5716 :

512 5859 529 5889 '
551 5864 663 5908 .ouo
683 5863 812 5921 llas...
830 5855 929 5909 rint
947 5856 1081 5912 illius
1099 5870 1195 5912 non
1213 5858 1540 5924 experiemur.

2111 519 2228 582 sed,
2260 519 2323 575 Si
2347 520 2443 590 feci
2469 520 2582 573 hoc.
2614 519 2679 573 Et
2703 518 2829 589 quid
2861 517 2963 572 hoc
2988 515 3129 582 dico,
3161 513 3705 587 iuquit?Cujusmodi

2112 612 2253 666 enim
2279 621 2363 666 est
2388 613 2588 677 virtus,
2623 626 2728 665 non
2756 611 2917 665 fuisse
2946 598 3264 680 parricidam
3286 640 3307 675 -,
3358 607 3499 678 quod
3526 620 3626 661 nec
3651 607 3706 659 in

2112 703 2242 759 feris
2265 705 2481 776 quidem
2506 705 2783 760 cernitur?
2804 703 2865 759 Si
2887 715 2959 758 est
2980 703 3214 774 iniquitas
3233 703 3287 756 in
3303 700 3535 756 manibus
3559 702 3705 755 meis.

2112 794 2231 850 Non
2260 796 2381 850 dico
2405 787 2603 850 debitae
2649 795 2930 865 iniquitate
2988 812 3003 848 :
3051 792 3147 847 sed
3191 807 3293 848 nec
3336 792 3470 856 alia,
3515 789 3706 861 inquit,

2114 887 2416 944 invenietur
2435 902 2553 943 csse
2579 886 2630 941 in
2655 886 2789 942 meis
2812 885 3058 941 manibus
3082 884 3354 954 iniquitas.
3381 883 3506 938 llaec
3528 891 3708 937 autem

2114 981 2274 1048 dicit,
2318 995 2424 1035 non
2446 980 2682 1048 glorians
2704 1019 2720 1046 ,
2748 995 2848 1034 nec
2873 992 2933 1033 se
2964 976 3245 1047 magnifice
3270 975 3535 1032 extollens
3557 1014 3573 1039 ,
3610 972 3710 1028 sed

2115 1089 2233 1145 qua:
2258 1087 2288 1128 a
2315 1088 2375 1129 se
2401 1082 2546 1129 recte
2578 1072 2715 1127 facta
2740 1081 2890 1126 erant
2919 1077 3138 1125 coactus
3160 1068 3361 1123 dicere.
3391 1064 3496 1122 Sed
3521 1080 3589 1121 ne
3610 1063 3713 1119 hoc

2115 1165 2331 1236 quidem
2358 1179 2608 1235 magnum
2633 1172 2715 1219 est
2736 1205 2750 1228 ,
2786 1163 2831 1217 si
2860 1160 3167 1217 conferatur
3209 1174 3331 1214 cum
3355 1173 3423 1214 eo
3457 1155 3600 1228 quod
3629 1161 3715 1211 est

2119 1256 2424 1312 dicendum.
2456 1254 2596 1322 Quid
2640 1254 2743 1309 hoc
2767 1262 2945 1309 autem
2973 1252 3101 1307 est?
3137 1251 3191 1306 5.
3246 1249 3308 1305 Si
3335 1248 3536 1304 reddidi
3562 1248 3713 1301 tetri-

2121 1347 2382 1404 buentibus
2404 1347 2530 1402 mihi
2559 1346 2716 1412 mala,
2741 1344 2927 1414 inqttit.
2958 1342 3232 1398 Attendite
3255 1340 3539 1411 diligenter
3563 1356 3578 1393 :
3606 1350 3715 1393 non

2117 1446 2203 1496 est
2238 1439 2382 1494 enim
2408 1438 2628 1509 vulgare
2670 1436 2813 1508 quod
2862 1434 3077 1491 dicitur.
3128 1433 3450 1489 Prmelarum
3501 1430 3715 1502 quidem

2119 1542 2204 1589 est
2248 1531 2497 1603 injuriam
2526 1546 2632 1587 non
2662 1529 2882 1594 facere;
2931 1528 3025 1585 sed
3067 1528 3237 1582 multo
3271 1525 3613 1597 pra-clarius,
3663 1532 3720 1578 et

2120 1624 2376 1695 sapientis
2399 1630 2482 1677 est
2521 1622 2686 1677 animi
2706 1664 2722 1684 ,
2777 1637 2884 1677 non
2930 1620 3116 1675 ulcisci
3146 1634 3268 1675 eum
3300 1619 3389 1689 qui
3421 1616 3545 1672 facit
3574 1615 3719 1684 inju'o

2118 1718 2277 1774 riam.
2309 1715 2468 1787 Atqui
2499 1714 2602 1770 boc
2624 1713 2842 1786 quidem
2868 1714 2959 1769 lex
2984 1709 3349 1775 concedebat,
3374 1708 3569 1779 jnbens
3592 1720 3720 1761 ocu-

2122 1809 2231 1865 lum
2295 1823 2396 1880 pro
2443 1808 2639 1874 oculo,
2692 1815 2747 1863 et
2790 1806 3005 1861 dentem
3056 1820 3152 1875 pro
3196 1804 3359 1858 dente
3404 1800 3721 1857 exscindere

2123 1899 2307 1971 (Deut.
2334 1898 2423 1955 i9.
2467 1898 2561 1970 2|)
2610 1916 2624 1953 :
2671 1913 2771 1953 nec
2801 1900 2885 1956 sic
2915 1896 2999 1951 lex
3023 1894 3420 1950 transiliebatttr
3445 1908 3459 1947 :
3488 1891 3582 1946 sed
3636 1890 3723 1945 ltic

2125 2000 2275 2048 tanto
2298 2000 2414 2048 erat
2442 1990 2620 2047 studio
2646 1990 2925 2059 sapientiae
2972 1988 3223 2059 prmditns
3247 2028 3262 2053 ,
3305 1995 3361 2041 ut
3400 2001 3507 2040 non
3545 1984 3720 2039 solum

2124 2084 2296 2154 legem
2329 2098 2435 2138 non
2468 2081 2954 2153 transgrederetnr,
2988 2079 3083 2134 sed
3118 2080 3276 2134 etiam
3308 2093 3373 2132 ex
3403 2076 3564 2131 nimia
3587 2091 3721 2145 qua-

2124 2175 2246 2230 dam
2313 2173 2640 2228 abundantia
2689 2187 2808 2227 eam
2849 2171 3008 2242 longe
3060 2177 3371 2240 superaret,
3416 2182 3481 2222 ac
3544 2180 3724 2221 scam-

2124 2276 2267 2321 mata
2299 2266 2373 2339 (a)
2403 2265 2713 2320 transiliret.
2756 2264 2875 2319 Non
2926 2263 3067 2319 enim
3109 2261 3448 2317 existimabat
3474 2259 3724 2314 sullice're

2125 2358 2193 2413 ad
2266 2359 2551 2424 virtutem,
2633 2357 2734 2411 nisi
2791 2354 2954 2411 etiam
3010 2355 3158 2424 jussa
3211 2353 3370 2423 longo
3441 2351 3726 2406 intervallo

2127 2461 2425 2522 superaret.
2479 2448 2939 2519 Quemadmodum
2984 2447 3115 2503 fecit
3152 2448 3310 2502 etiam
3342 2445 3539 2501 Paulus
3563 2483 3579 2510 ,
3631 2442 3725 2514 qui

2128 2558 2194 2600 ex
2247 2543 2523 2615 evangelio
2583 2542 2872 2612 jubebatur
2915 2541 3135 2608 vivere,
3193 2549 3250 2595 et
3310 2553 3416 2593 non
3467 2537 3721 2603 vivebat,

2128 2634 2222 2690 sed
2253 2636 2371 2690 sine
2394 2641 2610 2704 sumptu
2639 2632 2965 2703 prtedicabat
2993 2632 3329 2702 evangelium
3375 2630 3396 2701 (
3419 2630 3471 2684 l.
3503 2628 3621 2683 Cor.
3666 2627 3729 2683 9.

2132 2725 2326 2799 ιι-ιε)
2356 2744 2369 2782 :
2398 2726 2470 2780 ita
2522 2725 2683 2781 etiam
2723 2723 2911 2781 beatus
2938 2723 3101 2779 David
3121 2764 3137 2790 ,
3167 2738 3290 2778 eum
3314 2722 3398 2778 lex
3423 2720 3471 2775 ei
3504 2720 3727 2791 permit-

2138 2829 2274 2876 teret
2314 2817 2498 2873 ulcisci
2546 2817 2789 2871 inimicos
2813 2856 2829 2881 ,
2880 2830 2986 2870 non
3016 2829 3076 2870 se
3117 2813 3379 2869 continuit
3403 2810 3540 2866 intra
3587 2808 3729 2864 hunc

2132 2909 2373 2978 modum,
2405 2908 2501 2964 sed
2530 2923 2651 2963 eum
2674 2910 2831 2979 longe
2858 2908 3019 2962 etiam
3050 2905 3344 2975 superavit.
3388 2903 3433 2958 A
3456 2902 3610 2957 nobis
3630 2915 3729 2955 au—

2135 3010 2241 3057 tem
2268 3001 2371 3057 hoc
2396 3015 2501 3055 non
2526 3000 2701 3055 solum
2729 3000 2977 3070 exigitur,
3008 3006 3066 3052 ut
3092 3013 3196 3052 non
3224 2996 3604 3061 retribuamus,
3632 2994 3729 3047 sed

2134 3097 2293 3151 etiam
2331 3103 2388 3149 ut
2415 3092 2828 3150 benefaciamus.
2877 3090 3034 3146 Orate
3059 3091 3201 3146 enim
3226 3131 3242 3156 ,
3296 3088 3505 3159 inquit,
3549 3101 3641 3155 pro
3665 3087 3731 3140 iis

2133 3191 2223 3262 qui
2248 3206 2334 3243 vos
2359 3188 2645 3255 oﬂ'endunt,
2674 3185 2949 3258 benefacite
2974 3186 3037 3240 iis
3064 3186 3152 3256 qui
3175 3200 3262 3238 vos
3283 3182 3496 3238 oderunt
3514 3180 3728 3255 (Matth.

2138 3281 2192 3337 5.
2221 3280 2337 3349 44).
2365 3280 2424 3335 In
2469 3277 2632 3333 David
2664 3288 2843 3332 autem
2887 3291 2993 3331 non
3016 3290 3234 3347 parvum
3262 3282 3344 3329 est
3372 3287 3479 3328 non
3507 3269 3730 3336 ulcisci,

2119 3372 2233 3429 sed
2260 3374 2418 3427 etiam
2464 3371 2633 3427 multo
2661 3378 2747 3426 est
2786 3368 2959 3438 majus
3030 3380 3193 3439 quam
3237 3366 3308 3421 sit
3346 3365 3478 3436 legis
3526 3378 3731 3435 prtece-

2139 3472 2309 3536 ptum.
2360 3463 2430 3518 Et
2468 3463 2591 3518 ideo
2623 3462 2796 3518 dicit:
2842 3460 2903 3517 Si
2930 3460 3025 3513 hoc
3049 3460 3179 3531 feci,
3224 3458 3269 3513 si
3299 3466 3371 3512 est
3399 3456 3639 3527 iniquitas
3679 3454 3733 3508 in

2140 3557 2373 3612 manibus
2398 3557 2521 3611 meis
2554 3573 2572 3610 :
2597 3557 2639 3610 si
2666 3555 2867 3610 reddidi
2903 3553 3289 3608 retribuentibus
3331 3551 3457 3605 mihi
3489 3549 3646 3605 mala.
3676 3547 3733 3604 In

2140 3649 2251 3703 lilio
2293 3647 2436 3704 enini
2475 3646 2562 3702 vel
2593 3648 2704 3716 ipsa
2733 3654 2920 3700 natura
2949 3643 3302 3714 prohibebat;
3343 3641 3437 3697 sed
3474 3641 3519 3696 si
3557 3640 3689 3695 alios
3712 3680 3730 3705 ,

2140 3742 2330 3813 inquit,
2360 3740 2551 3810 injuria
2578 3740 2727 3795 affeci
2748 3779 2763 3804 ,
2791 3738 2875 3794 vel
2901 3739 3060 3793 etiam
3090 3737 3233 3791 ultus
3267 3751 3408 3790 sum.
3436 3733 3734 3802 Quamnam
3829 3786 3839 3795 ,

2141 3850 2269 3906 ergo
2310 3849 2409 3889 nos
2436 3833 2644 3887 veniam
2686 3844 3112 3899 consequemur,
3161 3836 3216 3882 et
3238 3841 3396 3897 quam
3448 3822 3735 3880 aiieremns

2142 3924 2539 3982 excusationem
2559 3966 2574 3991 ,
2603 3923 2690 3994 qui
2717 3930 2839 3992 post
2863 3919 3059 3976 Christi
3085 3917 3371 3975 adventum
3403 3930 3507 3971 non
3541 3928 3734 3985 perve-

2142 4020 2318 4073 nimus
2346 4017 2413 4072 ad
2450 4031 2753 4074 mensuram
2782 4029 2967 4070 eorum
2985 4054 3000 4079 ,
3039 4011 3128 4084 qui
3158 4010 3404 4066 vivebant
3430 4010 3530 4065 sub
3556 4006 3736 4063 Veteri

2143 4112 2507 4178 Testamento,
2537 4107 2699 4181 idque
2719 4123 2841 4165 cum
2866 4123 2896 4163 a
2922 4107 3075 4162 nobis
3100 4106 3259 4177 longe
3287 4103 3490 4175 majora
3518 4102 3737 4173 exigan-

2143 4203 2269 4258 tur?
2300 4201 2419 4256 Nisi
2448 4207 2591 4256 enint
2620 4198 2970 4265 abundaverit,
2998 4196 3193 4268 inquit,
3211 4194 3413 4266 justitia
3438 4204 3600 4248 vestra
3620 4192 3736 4263 plus

2142 4310 2293 4363 quam
2333 4292 2732 4358 Pliaristeorum,
2764 4306 2867 4344 non
2884 4287 3134 4343 intrabitis
3174 4287 3228 4341 in
3260 4301 3469 4357 regnum
3488 4284 3732 4339 cazlorum

2144 4387 2163 4459 (
2188 4385 2322 4441 Ibid.
2364 4402 2413 4440 υ.
2444 4385 2517 4441 20
2547 4386 2590 4456 ),
2614 4382 3076 4452 Quemadmodum
3103 4380 3246 4436 enim
3275 4394 3381 4434 non
3406 4388 3488 4432 est
3516 4376 3738 4447 aequalis

2145 4478 2210 4546 is,
2239 4478 2329 4549 qui
2357 4493 2416 4533 se
2440 4478 2492 4530 in
2516 4478 2629 4547 lege
2644 4485 2793 4530 recte
2819 4474 2977 4544 gerit,
3002 4472 3072 4537 ei,
3100 4471 3192 4542 qui
3218 4471 3269 4525 in
3294 4468 3479 4524 iisdem
3512 4484 3571 4523 se
3592 4476 3739 4523 recte

2141 4570 2308 4640 gessit
2336 4578 2461 4624 ante
2486 4570 2657 4638 legem
2685 4583 2705 4621 :
2734 4565 2804 4621 ita
2829 4581 2927 4621 nec
2954 4566 3046 4635 qui
3090 4564 3142 4619 in
3181 4562 3349 4635 gratia
3377 4561 3425 4616 ei
3451 4602 3468 4626 ,
3519 4560 3608 4630 qui
3638 4559 3738 4614 sub

2143 4662 2260 4732 lege
2284 4703 2298 4727 ,
2347 4661 2440 4717 sed
2468 4676 2535 4716 ex
2564 4668 2806 4730 tempore
2834 4672 3026 4729 magna
3064 4657 3217 4713 adest
3262 4654 3581 4711 differentia.
3625 4652 3739 4726 Hoc

2143 4755 2432 4811 ostendens
2479 4753 2674 4808 Paulus
2711 4761 2765 4808 et
2791 4753 2844 4808 in
2870 4752 2999 4808 vitio
3027 4760 3082 4807 et
3110 4751 3162 4806 in
3191 4750 3388 4806 virtute
3409 4791 3423 4813 ,
3465 4747 3586 4803 vide
3605 4760 3739 4818 quo-

2143 4848 2304 4902 modo
2333 4848 2454 4901 illos
2481 4860 2693 4916 quoque
2738 4844 2908 4916 magis
2934 4843 3230 4899 admiratur
3252 4885 3267 4909 ,
3308 4849 3365 4897 et
3409 4841 3508 4895 hos
3549 4837 3738 4907 majori

2142 4941 2405 5012 supplicio
2433 4940 2622 5011 dignos
2647 4955 2767 4995 esse
2797 4938 3130 5008 pronuntiat,
3167 4937 3239 4992 ita
3261 4936 3446 4992 dicens
3475 4952 3490 4989 :
3520 4932 3737 5000 Quando

2143 5036 2274 5091 enim
2299 5043 2487 5107 gentes,
2519 5049 2633 5104 quae
2663 5032 2822 5104 legem
2849 5049 2948 5088 non
2975 5031 3191 5099 habent,
3238 5040 3421 5085 natura
3466 5042 3578 5098 qua:
3620 5035 3739 5107 sunt

2144 5128 2268 5200 legis
2300 5106 2524 5198 faciunt,
2563 5127 2601 5179 ii
2639 5127 2798 5197 legem
2840 5140 2942 5180 non
2982 5124 3219 5179 habentes
3256 5129 3374 5177 sunt
3409 5106 3630 5190 sibiipsis
3657 5118 3740 5173 lex

2144 5225 2332 5295 (Rom.
2359 5223 2416 5278 ἓ.
2449 5223 2517 5277 14
2537 5224 2577 5293 ).

2215 5317 2271 5372 5.
2292 5314 2455 5369 Vides
2484 5313 2753 5384 quomodo
2779 5327 2872 5367 eos
2893 5353 2907 5376 ,
2938 5311 3024 5380 qui
3057 5310 3172 5363 sine
3214 5307 3333 5378 lege
3382 5319 3440 5361 se
3469 5312 3613 5362 recte
3640 5319 3737 5375 ge-

2142 5416 2299 5472 runt,
2322 5406 2504 5462 laudat
2551 5414 2605 5460 et
2632 5402 2931 5475 praedicat?
2956 5399 3087 5456 Vide
3126 5412 3312 5454 rursus
3351 5395 3618 5468 quomodo
3643 5411 3739 5452 eos

2143 5501 2341 5563 etiam,
2369 5498 2457 5569 qui
2507 5504 2730 5567 peccant
2772 5495 2823 5548 in
2871 5492 3068 5564 gratia,
3096 5489 3333 5547 ostendit
3383 5503 3503 5545 esse
3545 5489 3738 5560 dignos

2206 5676 2283 5741 (a)
2317 5683 2751 5741 scammapampus
2773 5678 2897 5741 erat,
2921 5670 3067 5741 fossa,
3084 5674 3140 5741 ut
3161 5674 3377 5741 putatur,
3400 5666 3740 5741 undiquccino

2144 5729 2278 5799 etiis,
2306 5738 2388 5787 ubi
2416 5734 2610 5799 pugiles
2634 5729 2687 5785 εὶ
2722 5729 2922 5799 athletae
2966 5729 3303 5789 decertabant,
3345 5729 3582 5799 ludosque
3620 5738 3740 5799 age-

2146 5789 2293 5860 bant';
2327 5789 2627 5861 cumautem
2648 5795 2910 5861 pugnando
2947 5800 3205 5847 scammata
3237 5789 3592 5851 transibcbant,
3625 5789 3739 5839 tunc

2146 5859 2357 5914 maxime
2374 5859 2771 5913 celebrabantur.
3050 5862 3053 5863 ⁷

3162 6001 3199 6010 μοι
