4106 6406
437 362 507 415 87
1199 364 1254 417 S.
1296 361 1570 419 JOANNIS
1604 361 2074 419 CHRYSOSTOMI
2117 362 2434 418 ARCHIEP.
2475 362 3009 421 CONSTANTINOP.
3652 371 3722 425 S3

433 479 622 548 majori
666 478 928 548 supplicio
957 477 1022 531 iis
1059 477 1148 546 qui
1180 485 1401 545 peccant
1429 479 1478 530 in
1512 477 1655 547 lege,
1690 478 1766 531 sic
1791 477 1974 531 dicens
2001 492 2015 530 :

437 570 540 635 Qui
581 569 780 623 irritum
826 571 940 640 fecit
980 569 1139 639 legem
1168 566 1363 634 Hosis,
1395 569 1505 622 sine
1544 570 1889 623 misericordia
1930 570 2023 624 sub

437 661 634 715 duobus
661 660 739 714 vel
764 660 918 712 tribus
937 660 1140 712 testibus
1169 660 1381 713 moritur
1407 675 1427 716 :
1455 670 1642 730 quanto
1660 702 1676 728 ,
1703 662 1914 726 putatis,
1938 662 2025 714 dc-

441 751 613 804 teriori
653 749 900 820 supplicio
944 749 1129 820 dignus
1171 749 1436 804 habebitur
1462 751 1547 822 qui
1563 751 1764 808 Filium
1781 749 1877 805 Dei
1900 767 2024 805 con-

439 841 685 904 culcavit,
711 849 758 894 et
782 840 1076 911 sanguinem
1116 842 1397 894 testamenti
1437 857 1749 894 communem
1773 843 2028 896 existima-

440 934 508 986 vit
539 932 719 1005 (llebr.
753 933 840 988 10.
869 933 961 990 28.
983 932 1101 1005 29)?
1130 935 1194 988 Et
1221 949 1422 1000 rursus,
1455 948 1549 988 eos
1576 935 1665 1004 qui
1687 945 1808 989 ante
1834 935 2025 1005 legem,

441 1026 509 1080 iis
528 1025 616 1095 qui
648 1026 698 1079 in
738 1027 856 1096 lege
884 1024 1199 1096 transgressi
1225 1035 1367 1092 sunt,
1415 1024 1607 1080 minori
1648 1026 1908 1096 supplicio
1949 1026 2030 1082 di-

443 1131 576 1187 gnos
599 1131 720 1172 esse
740 1118 1047 1184 ostendens,
1077 1118 1405 1188 Quicumque,
1433 1119 1622 1189 inquit,
1651 1119 1762 1173 sine
1783 1116 1891 1190 lege
1916 1135 2033 1189 pec-

444 1217 683 1261 caverunt
705 1248 721 1273 ,
753 1209 860 1262 sine
894 1209 1002 1279 lege
1049 1209 1279 1277 peribunt
1323 1211 1496 1281 (Rom.
1535 1210 1587 1264 2.
1625 1209 1748 1280 l2);
1779 1210 1879 1265 hoc
1907 1221 2028 1275 est,

447 1299 650 1363 mitius,
681 1307 739 1353 ut
763 1299 850 1369 qui
881 1299 1051 1369 legem
1093 1315 1198 1355 non
1231 1299 1462 1356 habeant
1487 1301 1867 1356 accusatricem
1893 1343 1908 1368 ,
1937 1301 2033 1357 sed

448 1397 700 1444 naturam
718 1398 921 1451 tantum
947 1407 961 1444 :
993 1390 1308 1459 Quicumque
1333 1399 1498 1445 autem
1526 1391 1578 1445 in
1605 1391 1710 1464 lege
1738 1401 2031 1462 peccarunt,

451 1496 540 1548 per
566 1479 724 1550 legem
734 1481 1124 1548 judicabttntur;
1157 1482 1257 1537 hoc
1283 1493 1364 1537 est
1383 1525 1398 1549 ,
1429 1483 1686 1540 habentes
1737 1486 2035 1554 graviorem

451 1570 612 1623 etiam
640 1585 760 1624 cum
791 1579 977 1625 natura
1007 1572 1179 1642 legem
1207 1575 1610 1630 accusatricem.
1651 1575 1894 1630 Decidam
1927 1593 2036 1630 me-

449 1660 550 1713 rito
574 1659 635 1713 ab
679 1661 895 1715 inimicis
939 1664 1060 1719 meis
1097 1665 1287 1720 inanis.
1335 1665 1386 1721 6.
1422 1665 1764 1739 Persequatur
1803 1669 2038 1724 inimicus

448 1753 676 1806 animam
719 1771 882 1808 meant
927 1765 973 1808 et
1014 1758 1424 1827 comprehendat,
1457 1767 1505 1812 et
1533 1760 1789 1814 conculcet
1820 1761 1874 1814 in
1904 1771 2038 1814 terra

452 1843 608 1896 vitam
649 1859 848 1911 meam,
885 1855 931 1898 et
954 1845 1170 1916 gloriam
1214 1864 1375 1900 meam
1423 1849 1476 1902 in
1518 1848 1772 1920 pulverem
1799 1851 2034 1906 deducat.

463 1933 649 1989 Vidisti
677 1936 802 2004 justi
843 1936 1088 1991 ﬁduciam
1133 1946 1188 1993 et
1206 1938 1458 2008 optimam
1481 1941 1905 1996 conscientiam?
1929 1941 2040 1996 Nisi

453 2025 598 2078 enim
643 2027 797 2082 valde
835 2028 936 2082 sibi
983 2029 1323 2097 conlidisset,
1359 2046 1465 2086 non
1507 2042 1646 2088 esset
1688 2031 1810 2087 talia
1841 2032 2042 2102 impre-

453 2127 623 2171 catus.

531 2210 871 2266 Mansuetudo
893 2212 1124 2269 Davidis.
1153 2244 1224 2255 —
1243 2213 1396 2282 Quod
1427 2225 1606 2271 autem
1631 2216 1762 2272 dicit
1788 2227 1870 2273 est
1893 2217 2040 2288 ejus-

460 2301 602 2355 modi
637 2319 648 2354 :
674 2301 730 2356 Si
761 2303 861 2358 feei
894 2305 1140 2374 injuriam
1160 2347 1174 2370 ,
1201 2306 1246 2360 si
1272 2322 1359 2361 me
1381 2307 1519 2362 ultus
1548 2323 1688 2373 sum,
1719 2307 1836 2363 lucc
1860 2317 1915 2363 et
1953 2308 2043 2363 illa

459 2395 651 2463 patiar;
680 2395 732 2450 in
761 2397 993 2467 seipsum
1021 2397 1124 2453 fert
1147 2399 1489 2472 sententiam,
1518 2409 1574 2456 et
1603 2417 1708 2455 non
1732 2400 1964 2472 postulat
1987 2409 2044 2456 ut

462 2499 558 2552 pro
580 2484 738 2540 modo
763 2487 839 2541 rei
859 2487 1150 2556 judicetur,
1179 2489 1286 2544 imo
1318 2490 1494 2559 potius
1522 2500 1578 2544 ut
1606 2505 1764 2561 supra
1793 2491 2042 2545 meritum

461 2576 574 2630 luat
621 2591 808 2646 pateas
837 2595 849 2632 :
878 2588 930 2634 et
969 2579 1200 2650 seipsum
1250 2580 1422 2635 reddit
1460 2582 1534 2636 illi
1579 2581 1840 2652 supplicio
1877 2581 2046 2636 obno«

460 2667 606 2720 xium
627 2707 643 2732 ,
672 2682 701 2720 a
731 2683 838 2737 quo
881 2669 1052 2737 ipsum
1083 2670 1166 2724 lex
1213 2669 1477 2740 prohibet.
1507 2671 1639 2726 Vide
1667 2681 1844 2726 autem
1871 2670 2043 2742 quod-

460 2771 583 2810 nam
605 2758 676 2811 sit
705 2757 832 2813 illud
865 2777 877 2813 :
906 2759 1178 2828 Decidum,
1210 2762 1411 2832 inquit,
1437 2761 1500 2816 ab
1528 2762 1744 2817 inimicis
1777 2768 1902 2817 meis
1934 2765 2046 2816 ina-

461 2851 560 2904 nis.
602 2849 942 2919 Persequatur
969 2853 1204 2908 inimicus
1247 2856 1472 2908 animam
1514 2871 1714 2920 nteant,
1740 2865 1786 2909 et
1821 2871 2048 2924 compre-

462 2944 648 2997 hendat
667 2985 682 3008 ,
715 2953 763 2998 et
786 2946 1044 3000 conculcet
1081 2945 1134 3000 in
1163 2956 1296 3000 terra
1335 2947 1486 3000 vitam
1532 2963 1728 3011 meam,
1761 2958 1807 3001 et
1830 2947 2048 3017 gloriam

461 3051 625 3090 meam
648 3035 700 3090 in
726 3037 980 3107 pulverem
1000 3038 1233 3093 deducat.
1268 3039 1379 3094 Hoc
1407 3048 1511 3106 est,
1540 3039 1622 3094 Me
1649 3039 1927 3110 inglorium
1949 3079 1964 3105 ,
1994 3048 2048 3095 et

463 3128 617 3183 bona:
642 3128 794 3185 famze
816 3139 870 3185 et
897 3131 1308 3185 existimationis
1336 3141 1612 3201 expertem
1641 3132 1862 3202 perdat,
1890 3142 1945 3186 et
1970 3131 2048 3185 si-

463 3219 575 3274 mul
604 3234 725 3276 cum
755 3221 858 3274 vita
905 3236 1024 3276 mea
1069 3237 1243 3277 meam
1282 3238 1492 3294 quoque
1522 3224 1746 3295 gloriam
1785 3224 2045 3279 destruat.

461 3309 600 3377 Quid
624 3321 727 3376 est,
754 3311 820 3367 Et
848 3315 1064 3386 gloriam
1107 3332 1269 3370 meam
1293 3317 1346 3370 in
1367 3318 1622 3386 pulverem
1646 3318 1910 3373 deducat?
1935 3319 2050 3372 ﬂu-

463 3405 654 3470 miliet,
681 3407 958 3463 conculcet
986 3425 1000 3460 :
1032 3407 1272 3476 Efficiar,
1305 3409 1496 3480 inquit,
1529 3411 1661 3464 meis
1693 3411 1924 3466 inimicis
1951 3427 2050 3466 ex-

464 3503 698 3565 pugnata
718 3497 905 3551 facilis.
929 3498 1066 3565 Quid
1091 3501 1260 3567 possit
1281 3515 1401 3556 esse
1422 3502 1690 3557 Absalone
1715 3502 2048 3569 sceleratius,

463 3589 553 3657 qui
581 3598 806 3658 patrem,
839 3601 893 3646 et
921 3593 1080 3648 talem
1105 3603 1328 3664 patrem,
1351 3595 1485 3652 adeo
1511 3605 1846 3652 mansuetum
1868 3607 1923 3652 et
1947 3597 2050 3650 mi-

464 3686 571 3732 tem
600 3683 1038 3752 persequebatur,
1071 3701 1192 3740 cum
1213 3697 1354 3742 esset
1374 3687 1690 3758 impudicus,
1725 3687 1970 3759 petulans
1999 3696 2054 3742 et

463 3773 907 3829 contumeliosus?
936 3776 1072 3844 Quid
1101 3778 1270 3848 ergo?
1297 3794 1421 3833 num
1449 3779 1682 3834 reddidit
1702 3781 2050 3835 retribuenti-

465 3862 566 3917 bus
606 3864 655 3917 ei
704 3865 842 3921 mala
863 3869 886 3918 ἲ
907 3883 1032 3922 num
1063 3868 1282 3940 injurias
1307 3872 1574 3926 revocavit
1618 3872 1668 3924 in
1698 3873 2053 3927 memoriam?

465 3953 829 4026 Nequaquam.
880 3958 946 4013 Et
977 3961 1022 4014 si
1065 3963 1457 4037 examinaveris
1501 3963 1677 4020 Saulis
1726 3965 2048 4032 historiam,

467 4052 594 4098 tunc
636 4047 868 4102 maxime
893 4049 1098 4104 videbis
1139 4052 1283 4106 illam
1311 4068 1498 4109 vocem
1532 4069 1652 4109 esse
1676 4057 1874 4111 claram
1901 4066 1954 4112 et
1985 4057 2051 4111 il-

465 4139 710 4193 lustrem.
742 4138 878 4194 Cum
905 4141 1048 4196 enim
1069 4158 1190 4198 eum
1212 4187 1227 4210 ,
1261 4145 1351 4215 qui
1380 4157 1497 4217 post
1519 4146 1924 4203 innumerabilia
1955 4151 2052 4204 be-

471 4229 660 4284 neficia
685 4271 702 4298 ,
739 4241 794 4286 et
838 4242 1071 4302 tropa-a,
1101 4245 1156 4290 et
1192 4239 1442 4294 victorias
1483 4240 1532 4294 ei
1583 4241 1832 4309 injuriam
1887 4243 2051 4298 facie-

469 4327 597 4390 bat,
649 4323 868 4381 insidias
919 4328 1201 4395 tendebat,
1250 4339 1306 4384 et
1356 4331 1592 4400 quotidie
1630 4332 1878 4403 cupiebat
1929 4349 2052 4389 cum

465 4418 534 4472 de
562 4415 738 4472 medio
764 4416 951 4473 tollere
974 4461 990 4486 ,
1021 4421 1187 4475 semel
1211 4463 1226 4486 ,
1255 4421 1358 4488 bis,
1389 4430 1485 4488 ter,
1517 4434 1570 4478 et
1605 4440 1748 4494 saepe
1782 4424 2054 4480 dormien-

469 4515 574 4561 tem
597 4549 614 4572 ,
636 4519 689 4564 et
712 4519 978 4582 tamquam
1007 4515 1058 4568 in
1087 4528 1303 4570 carcere
1341 4516 1623 4584 inclusum,
1656 4528 1710 4572 et
1737 4517 2054 4573 satellitibus

475 4598 784 4654 destitutum
813 4602 866 4656 in
895 4619 1084 4660 manus
1109 4610 1401 4676 accepisset
1421 4651 1436 4676 ,
1462 4609 1716 4678 multique
1746 4625 1867 4665 eum
1893 4610 2050 4680 jube-

470 4698 594 4745 rent
631 4693 875 4751 occidere
919 4708 973 4750 et
1001 4697 1068 4752 de
1116 4699 1294 4753 medio
1343 4701 1557 4769 tollere,
1602 4702 1651 4756 ei
1695 4704 1968 4771 pepercit,
2001 4712 2054 4757 et

471 4785 603 4837 iram
631 4783 648 4813 ⁸
676 4785 835 4852 vicit,
877 4785 1034 4856 idque
1063 4803 1182 4841 cum
1212 4791 1374 4844 sciret
1409 4805 1498 4858 se,
1529 4792 1575 4846 si
1613 4807 1735 4847 eum
1763 4793 2056 4848 dimitteret

468 4873 678 4930 hostem
703 4918 717 4942 ,
745 4887 799 4933 et
846 4878 1338 4937 irreconciliabilem
1386 4883 1659 4940 inimicum
1705 4900 1829 4940 esse
1871 4885 2056 4942 dimis-

469 4985 672 5023 surum.
718 4968 825 5025 Sed
875 4982 1052 5026 tamen
1096 4989 1269 5043 neque.
1314 4977 1573 5032 memoria
1623 4977 2051 5046 pra-teritorum,

471 5079 569 5118 nec
597 5073 772 5119 metus
802 5063 1102 5120 futurorum
1126 5110 1142 5134 ,
1170 5085 1346 5139 neque
1375 5070 1538 5126 ullum
1574 5072 1717 5126 aliud
1747 5071 2011 5142 ejusmodi
2035 5113 2052 5139 ,

470 5173 592 5209 eum
639 5157 706 5210 ad
751 5158 896 5212 illam
940 5158 1141 5214 eadem
1181 5163 1493 5231 patrandam
1542 5163 1795 5234 impulit:
1827 5163 1920 5218 sed
1964 5179 2052 5218 sa-

471 5249 672 5314 pientia
708 5265 834 5304 usus
859 5261 972 5318 est,
1000 5267 1218 5307 manum
1245 5255 1540 5321 continuit,
1574 5265 1629 5310 et
1655 5256 1785 5309 iram
1810 5253 2052 5309 refrena-

472 5341 579 5406 vit,
632 5342 921 5412 maluitque
966 5347 1256 5414 perieulum
1296 5349 1478 5416 adire,
1525 5349 1733 5404 insidiis
1778 5350 1990 5419 appeti,
2022 5365 2054 5404 a

473 5433 641 5500 patria
693 5443 747 5488 et
795 5435 1042 5490 libertate
1089 5441 1370 5508 excidere,
1415 5457 1574 5512 quam
1619 5442 1932 5508 inimicum,
1963 5442 2054 5510 qui

471 5524 614 5577 nulla
643 5524 711 5578 de
735 5540 892 5580 causa
921 5529 970 5580 ei
993 5529 1340 5586 insidiabatur
1369 5575 1382 5599 ,
1421 5535 1511 5604 qui
1545 5544 1663 5603 post
1695 5533 2055 5588 innumerabi—

473 5614 540 5667 lia
582 5616 841 5671 benefieia
875 5621 925 5672 ei
975 5630 1200 5674 mortem
1243 5626 1578 5693 moliebatur,
1621 5627 1866 5680 occidere
1907 5626 2053 5682 etde

535 5789 552 5820 ¹
590 5795 687 5839 Duo
709 5796 834 5850 Mss,
862 5792 1175 5856 desiderium,
1202 5810 1304 5861 pro,
1330 5801 1469 5854 iram.

2135 474 2312 530 medio
2340 475 2548 529 tollere.
2585 476 2659 530 Ex
2686 476 2862 531 multis
2883 493 3095 548 quoque
3123 480 3239 532 aliis
3269 491 3445 549 potest
3469 487 3718 552 cognosci

2132 565 2484 637 philosophus
2511 566 2627 634 ejus
2667 569 2876 622 animus
2903 587 2914 622 :
2940 579 2996 624 et
3043 570 3162 624 ideo
3203 572 3370 627 multa
3395 574 3494 629 sibi
3523 576 3723 645 impre-

2130 665 2303 721 catur,
2335 671 2502 725 eaque
2530 657 2708 726 gravia
2735 674 2800 713 ac
2821 659 3080 725 difﬁcilia,
3113 672 3169 715 ιιι
3199 679 3260 719 re
3288 662 3480 719 infecta
3513 667 3717 730 redeat.

2131 757 2190 802 ut
2229 747 2429 803 inimici
2465 749 2547 804 sui
2577 749 2685 804 sint
2713 752 2932 804 omnino
2979 753 3241 818 victores,
3270 764 3327 809 ut
3349 758 3608 811 moriatur
3637 759 3722 812 in-

2132 839 2371 907 glorius,
2403 846 2464 892 ut
2511 839 2612 894 hoc
2659 841 2892 910 patiatur
2931 841 3001 896 ab
3048 844 3310 914 inimicis,
3348 847 3492 916 quod
3518 849 3729 904 videtur

2134 945 2255 987 esse
2279 939 2452 987 morte
2476 933 2646 986 multo
2675 935 2928 1003 gravius;
2957 934 3076 990 ideo
3104 936 3234 990 nihil
3259 953 3366 991 non
3396 939 3635 1007 molitur,
3668 954 3728 995 ut

2134 1031 2258 1092 post
2301 1033 2526 1079 mortem
2568 1027 2737 1096 possit
2781 1027 2898 1096 ejus
2942 1042 3225 1098 superesse
3269 1032 3551 1087 memoris.
3595 1033 3730 1087 Vide

2135 1114 2295 1186 igitur
2323 1126 2452 1186 quot
2481 1117 2582 1171 sibi
2614 1119 2938 1188 imprecatur
2968 1137 2981 1173 :
3016 1128 3073 1174 ut
3102 1119 3293 1176 lrustra
3324 1123 3552 1188 laboret,
3579 1134 3635 1178 ut
3660 1127 3731 1177 ab

2137 1205 2368 1262 inimicis
2401 1209 2660 1275 \‘iltCullll‘,
2695 1221 2751 1262 ιιι
2795 1211 3074 1277 moriatur,
3105 1221 3162 1265 ut
3205 1227 3272 1266 ne
3310 1223 3482 1266 morte
3508 1216 3727 1284 quidem

2137 1299 2440 1364 communi,
2472 1310 2528 1354 ttt
2568 1301 2684 1369 ejus
2713 1302 2872 1356 etiam
2927 1303 3182 1356 memoria
3213 1303 3477 1372 deleatur,
3507 1316 3561 1358 ut
3604 1322 3728 1359 cum

2140 1391 2428 1461 ignominia
2464 1410 2476 1446 :
2509 1409 2614 1446 non
2659 1402 2736 1447 tot
2777 1403 2830 1447 et
2856 1402 3002 1448 tanta
3034 1394 3133 1448 sibi
3176 1394 3599 1464 imprecaturus,
3627 1397 3730 1450 nisi

2139 1485 2480 1540 conscientiae
2508 1487 2852 1541 vehementer
2890 1487 3204 1542 confideret.
3246 1488 3386 1553 Quot
3429 1487 3472 1541 si
3505 1488 3579 1542 illi
3614 1498 3734 1544 erat

2142 1575 2416 1642 inimicus,
2449 1591 2552 1630 non
2590 1585 2765 1646 potest
2805 1580 2854 1632 in
2899 1594 3020 1632 eum
3064 1579 3218 1648 culpa
3259 1579 3525 1644 conferri;
3549 1596 3728 1649 neque

2142 1669 2283 1724 enim
2316 1669 2428 1739 ipse
2448 1671 2676 1739 prmltuit
2714 1671 3074 1726 occasionem.
3107 1671 3275 1739 Quam
3298 1673 3442 1727 enim
3470 1671 3620 1728 dedit
3666 1675 3731 1725 li-

2144 1761 2215 1816 lio
2239 1762 2575 1817 occasionem
2595 1762 2668 1831 (Ξ.
2697 1763 2821 1834 Reg.
2865 1764 2952 1819 14.
2984 1765 3074 1818 21.
3099 1773 3147 1818 et
3173 1763 3340 1836 sqq.)?
3360 1780 3518 1835 quam
3550 1765 3735 1818 Sauli?

2143 1852 2260 1908 Non
2315 1854 2464 1908 illum
2491 1897 2506 1921 ,
2543 1870 2663 1909 cum
2691 1867 2863 1910 morte
2891 1855 3050 1926 digna
3090 1857 3336 1921 fecisset,
3391 1856 3458 1911 ad
3522 1866 3738 1926 tempus

2144 1947 2459 2016 castigatum
2504 1947 2716 2003 reduxit
2754 1957 2808 2003 et
2834 1949 3065 2003 restituit
3096 1966 3109 2003 :
3138 1948 3278 2003 hunc
3303 1958 3482 2005 autem
3507 1959 3735 2004 mortem

2145 2039 2196 2095 ei
2225 2039 2616 2094 machinantem
2640 2079 2656 2104 ,
2681 2041 2733 2094 in
2756 2054 2943 2094 manus
2963 2055 3088 2094 suas
3129 2056 3273 2111 smpe
3311 2041 3587 2111 delapsum
3616 2056 3738 2096 ser-

2147 2133 2288 2188 vavit
2335 2134 2410 2207 (l.
2441 2134 2569 2204 Reg.
2599 2134 2690 2189 24.
2720 2135 2810 2204 7).
2854 2134 2972 2190 Non
3006 2149 3135 2204 ergo
3161 2134 3368 2205 respice
3395 2150 3462 2188 an
3490 2135 3741 2192 inimicos

2148 2223 2425 2291 habuerit,
2454 2225 2546 2280 sed
2584 2241 2651 2280 an
2693 2241 2786 2281 cos
2829 2225 2943 2295 ipse
2987 2225 3086 2280 sibi
3118 2225 3322 2282 fecerit.
3370 2225 3550 2296 Neque
3588 2227 3739 2282 enim

2148 2316 2394 2372 Christus
2435 2317 2538 2372 hoc
2576 2318 2772 2388 jussit,
2814 2333 2913 2372 nos
2951 2333 3057 2372 non
3107 2317 3304 2373 habere
3335 2318 3611 2384 inimicos,
3640 2319 3740 2373 sed

2151 2423 2256 2463 non
2285 2409 2464 2464 odisse
2489 2425 2502 2462 :
2529 2408 2630 2464 hoc
2655 2410 2853 2480 quippe
2890 2419 2972 2464 est
2999 2411 3049 2463 in
3077 2418 3257 2462 nostra
3282 2417 3545 2478 potestate
3563 2451 3575 2473 ,
3607 2409 3740 2463 illud

2155 2512 2278 2552 vero
2324 2498 2560 2553 minime.
2595 2498 2674 2554 Ne
2715 2509 2892 2553 autem
2923 2499 3038 2554 sine
3083 2514 3246 2553 causa
3267 2499 3395 2552 odio
3422 2498 3739 2562 habeantur,

2150 2602 2257 2643 non
2297 2596 2380 2642 est
2406 2589 2458 2642 in
2508 2599 2688 2644 nostra
2727 2598 2988 2658 potestate
3011 2629 3026 2652 ,
3053 2589 3146 2643 sed
3175 2590 3226 2642 in
3258 2604 3442 2643 eorum
3473 2592 3562 2658 qui
3607 2591 3742 2644 ode-

2151 2688 2296 2734 runt.
2347 2679 2575 2751 lmprobi
2621 2683 2765 2735 enim
2812 2682 2980 2735 bonos
3027 2681 3171 2734 nulla
3219 2683 3439 2735 omnino
3481 2682 3549 2736 de
3577 2697 3740 2735 causa

2152 2773 2332 2827 odisse
2372 2787 2723 2826 consuevere.
2775 2772 2984 2826 Etenim
3033 2772 3302 2826 Christum
3356 2787 3566 2843 quoque
3621 2775 3745 2826 sine

2151 2879 2309 2921 causa
2337 2866 2463 2919 odio
2490 2865 2810 2932 habuerunt,
2839 2864 3286 2936 quemadmodum
3309 2866 3437 2920 dicit
3467 2884 3481 2919 :
3509 2863 3747 2918 Oderunt

2154 2972 2234 3010 me
2276 2957 2432 3026 gratis
2462 2954 2639 3025 (Joan.
2671 2956 2757 3011 l5.
2789 2955 2902 3026 25).
2935 2955 3001 3010 Et
3039 2955 3266 3025 apostoli
3307 2954 3608 3010 habuerunt
3637 2956 3746 3010 ini-

2156 3046 2325 3101 micos
2362 3045 2870 3116 pseudoapostolos,
2913 3056 2967 3101 et
3009 3045 3282 3116 prophetat
3313 3045 3473 3099 falsos
3501 3045 3743 3118 prophe-

2155 3146 2256 3196 tas.
2283 3137 2398 3192 Non
2419 3146 2501 3192 est
2523 3137 2666 3192 enim
2690 3137 2792 3192 hoc
2820 3136 3193 3207 spectandum,
3226 3147 3283 3191 ut
3317 3152 3422 3190 non
3453 3136 3748 3191 habeamus

2156 3229 2401 3284 inimicos
2421 3271 2436 3295 ,
2465 3230 2559 3284 sed
2581 3245 2650 3285 ue
2670 3231 2830 3300 juste,
2862 3239 2917 3284 et
2943 3245 3010 3284 ne
3037 3244 3156 3284 cum
3185 3236 3376 3294 eausa;
3409 3239 3568 3300 atque
3590 3239 3645 3283 ut
3677 3230 3745 3283 li-

2155 3331 2242 3377 cet
2270 3321 2464 3376 millies
2491 3321 2615 3376 odio
2654 3321 2965 3388 habeamur,
2999 3335 3105 3376 non
3133 3321 3423 3376 habeamus
3461 3321 3586 3375 odio
3612 3362 3628 3386 ,
3653 3337 3748 3376 ne-

2157 3430 2261 3485 que
2290 3429 2599 3470 aversemur
2628 3432 2643 3468 :
2675 3415 2725 3468 in
2757 3413 2860 3470 hoc
2895 3415 3038 3470 enim
3081 3414 3370 3469 inimicitiae
3414 3414 3747 3480 consistunt,

2159 3516 2217 3561 ut
2257 3506 2382 3561 odio
2421 3506 2742 3573 habeamus,
2767 3516 2823 3562 et
2862 3521 3189 3562 aversemur.
3215 3503 3438 3572 Quando
3463 3519 3592 3574 ergo
3621 3505 3750 3560 odio

2159 3595 2381 3664 habeor,
2410 3606 2465 3652 et
2502 3596 2626 3652 odio
2670 3611 2778 3651 non
2807 3596 3008 3662 habeo,
3034 3596 3122 3650 ille
3165 3610 3252 3650 me
3297 3595 3570 3650 inimicum
3594 3637 3610 3661 ,
3639 3611 3749 3650 non

2157 3703 2258 3759 ego
2297 3705 2419 3744 eum
2450 3689 2642 3744 habeo.
2681 3688 2908 3756 Quando
2944 3688 2994 3743 ei
3038 3687 3174 3742 bene
3219 3701 3434 3756 precor,
3460 3686 3674 3756 quando
3699 3689 3747 3740 ei

2156 3782 2278 3836 volo
2335 3780 2684 3847 benefacere,
2715 3779 2983 3851 quomodo
3032 3795 3131 3849 ego
3162 3778 3234 3832 illi
3277 3793 3393 3832 sum
3448 3778 3746 3832 inimicus?

2163 3872 2450 3940 i’r0pterea
2493 3871 2704 3926 dicebat
2747 3869 2943 3925 Paulus
2976 3868 3074 3924 :St'
3106 3867 3342 3938 possibile
3380 3878 3450 3920 est
3477 3909 3492 3931 ,
3517 3878 3570 3920 ut
3591 3878 3666 3920 est
3695 3868 3748 3918 in

2158 3963 2316 4030 vobis,
2343 3979 2457 4016 cum
2485 3961 2713 4017 omnibus
2755 3960 3039 4015 hominibus
3089 3975 3262 4028 pacem
3301 3958 3537 4011 habentes
3565 3957 3746 4027 (Rom.

2161 4053 2250 4108 ta.
2285 4055 2390 4122 ιε).

2230 4146 2284 4201 6.
2314 4143 2518 4198 Inimici
2545 4144 2796 4215 quomodo
2825 4141 3360 4212 placandi.-——Nostra
3393 4157 3523 4211 ergo
3555 4140 3748 4194 affera-

2161 4252 2298 4304 mus,
2327 4248 2380 4292 et
2404 4254 2468 4291 ex
2499 4237 2601 4292 hoc
2640 4238 2756 4306 ipso
2786 4235 3137 4290 sufficientem
3184 4235 3392 4287 laudem
3429 4232 3744 4287 referemus.

2159 4331 2413 4394 Quaenam
2456 4336 2582 4382 sunt
2629 4309 2811 4381 autem
2865 4327 3081 4381 nostra?
3123 4323 3190 4380 Ut
3219 4322 3366 4379 verbi
3414 4323 3581 4393 gratia
3615 4341 3629 4377 :
3661 4323 3750 4376 hic

2159 4421 2284 4488 odio
2307 4430 2358 4473 te
2381 4420 2578 4482 habet,
2608 4427 2662 4473 et
2693 4419 3004 4487 impugnat?
3034 4417 3114 4471 Tu
3143 4431 3260 4470 ama
3281 4455 3295 4478 ,
3323 4424 3380 4470 et
3402 4431 3523 4470 eum
3547 4414 3750 4468 beneﬁ—

2161 4514 2246 4567 cio
2279 4511 2452 4566 afliee.
2489 4511 2703 4566 Probris
2728 4519 2784 4565 et
2811 4509 3110 4565 maledictis
3138 4508 3385 4580 appetit?
3413 4507 3491 4561 Tu
3523 4506 3750 4562 benedic

2162 4616 2216 4662 et
2240 4607 2414 4660 lauda.
2439 4605 2546 4660 Sed
2573 4620 2639 4659 ne
2667 4605 2744 4658 sic
2769 4603 2983 4673 quidem
3023 4603 3184 4657 solvit
3211 4600 3555 4655 inimicitias?
3584 4599 3749 4668 Majo-

2163 4712 2276 4751 rem
2311 4697 2469 4765 igitur
2495 4695 2587 4749 tibi
2615 4694 2772 4749 ali'ert
2799 4693 3123 4748 mercedem.
3149 4691 3268 4746 Mali
3294 4691 3438 4746 enim
3459 4733 3474 4753 ,
3497 4705 3603 4761 quo
3628 4705 3752 4743 ma-

2161 4790 2241 4859 gis
2270 4803 2299 4841 a
2324 4789 2479 4842 nobis
2517 4786 2782 4842 observati
2808 4785 3045 4840 libellqu
3079 4783 3268 4837 nolunt
3292 4795 3652 4852 compmtere,
3685 4795 3753 4832 eo

2163 4879 2317 4934 nobis
2344 4876 2756 4948 Splendidiorem
2802 4875 3286 4930 remunerationem
3316 4881 3668 4940 comparant,
3699 4882 3754 4924 et

2161 4983 2221 5024 se
2242 4969 2467 5024 reddunt
2519 4967 2915 5022 imbecilliores.
2964 4965 3065 5034 Qui
3114 4965 3258 5020 enim
3299 4963 3424 5019 odio
3462 4960 3652 5025 habet,
3697 4972 3754 5014 et

2163 5077 2268 5115 non
2296 5060 2694 5127 reconciliatur,
2728 5059 3009 5130 liquescit,
3043 5057 3302 5121 tabescit,
3333 5067 3388 5110 et
3417 5055 3469 5109 in
3492 5065 3755 5125 perpetuo

2162 5152 2306 5208 bello
2342 5160 2622 5206 versatur:
2645 5151 2735 5220 qui
2773 5159 2854 5204 est
2883 5159 3058 5202 autem
3098 5147 3180 5200 his
3212 5146 3333 5202 telis
3355 5146 3617 5215 superior,
3646 5153 3755 5198 stat
3818 5149 3824 5154 ‘

2162 5251 2402 5298 remotus
2448 5257 2478 5296 a
2524 5242 2731 5311 magnis
2779 5237 3225 5308 tempestatibus,
3274 5245 3329 5290 et
3379 5235 3584 5304 sibiipsi
3628 5243 3754 5286 ante

2162 5336 2311 5392 illum
2338 5335 2568 5389 maxime
2589 5333 2822 5403 prodest,
2856 5333 2980 5386 dum
3005 5329 3183 5386 studet
3203 5329 3278 5383 illi
3307 5327 3676 5391 reconciliari,
3699 5335 3754 5379 et

2163 5442 2269 5480 non
2297 5440 2416 5480 cum
2433 5440 2500 5480 eo
2527 5424 2724 5479 bellum
2748 5437 2934 5494 gerere
2951 5462 2968 5489 ,
2997 5421 3229 5490 seipsum
3268 5433 3299 5472 a
3330 5418 3474 5473 bello
3501 5428 3556 5472 et
3580 5431 3754 5487 pugna

2163 5517 2414 5575 liberans.
2440 5515 2730 5586 Fugiamus
2762 5528 2891 5584 ergo
2923 5529 3043 5568 cum
3069 5512 3190 5567 aliis
3216 5511 3414 5566 bellum
3443 5524 3631 5580 gerere
3651 5551 3668 5574 ,
3695 5516 3756 5564 et

2163 5609 2467 5679 bujusmodi
2499 5623 2675 5663 rerum
2703 5605 2934 5660 radicem
2963 5604 3032 5676 de
3065 5603 3242 5658 medio
3266 5602 3535 5664 tollamus,
3557 5614 3750 5654 vanam

2161 5704 2383 5773 gloriam
2404 5742 2420 5768 ,
2451 5711 2504 5756 et
2528 5701 2822 5755 avaritiam.
2856 5698 2951 5751 Vel
2971 5697 3113 5751 enim
3143 5703 3359 5766 propter
3385 5694 3634 5764 pecunias
3672 5702 3754 5745 est

2167 5794 2407 5852 inimicus
2434 5793 2694 5864 quispiam
2722 5834 2736 5858 ,
2765 5790 2847 5846 vel
2877 5799 3090 5861 propter
3123 5802 3310 5842 vanam
3332 5786 3573 5858 gloriam.
3602 5784 3753 5852 Quod
