4106 6424
298 381 364 438 81
1517 377 1881 436 EXPOSITIO

2030 381 2352 438 PSALMUM
2389 383 2496 439 vu.
3541 374 3611 429 8'8

307 497 550 550 δείκνυσι
572 498 690 552 τῶν
714 499 782 553 ὲν
813 499 897 572 τῷ
929 500 1074 572 νόμῳ
1095 499 1520 570 διαμαρτόντων,
1541 497 1685 551 οὕτω
1713 497 1886 566 λέγων
1903 513 1916 527 ·

329 590 669 660 Ἀθετήσας
704 610 806 659 τις
839 595 1030 662 νόμον
1053 590 1367 657 Μωῦσέως,
1398 591 1578 660 χωρὶς
1608 587 1926 658 οἰκτιρμῶν

329 682 424 738 ἐπὶ
457 683 648 740 δυσὶν
679 685 723 754 ἦ
778 686 943 758 τρισί
963 685 1266 755 μάρτυσιν
1294 682 1664 751 ἀποθνήσκει
1688 701 1702 716 ο
1733 683 1924 747 πόσῳ,

340 775 582 842 δοκεῖτε,
607 777 895 846 χείρονος
911 777 1307 844 ἀξιωθήσεται
1321 775 1598 846 τιμωρίας
1613 778 1646 830 δ
1661 774 1767 828 τὸν
1791 775 1928 828 Υιὸν

342 869 447 923 τοῦ
475 868 625 924 Θεοῦ
648 869 1108 937 καταπατήσας.
1131 869 1229 923 καὶ
1256 869 1320 922 τὸ
1347 863 1490 938 αἷμα
1506 867 1616 936 τῆς
1636 865 1929 935 διαθήκης

342 961 551 1014 κοινὸν
582 959 1014 1032 ἡγησάμενος;
1040 961 1148 1014 Καὶ
1170 959 1331 1014 πάλιν
1360 959 1486 1023 τοὺς
1515 959 1622 1029 πρὸ
1637 957 1730 1012 τοῦ
1759 957 1928 1028 νόμου

344 1051 627 1116 ἐλάττονος
663 1053 881 1116 δεικνὺς
909 1053 1180 1124 τιμωρίας
1207 1051 1390 1118 ἀξίους
1412 1051 1572 1116 ὄντας
1617 1053 1723 1105 τῶν
1750 1052 1807 1104 ἐν
1848 1049 1926 1121 τῷ

340 1145 492 1216 νόμῳ
546 1145 938 1215 παραϐάντων,
987 1144 1152 1199 Ὅσοι
1177 1184 1192 1209 ,
1230 1144 1414 1214 φησὶν.
1458 1143 1694 1212 ἀνόμως
1731 1142 1921 1211 ἦμαρ-

340 1253 469 1299 tor,
521 1236 759 1305 ἀνόμως
806 1236 905 1290 καὶ
959 1235 1370 1292 ἀπολοῦνταιο
1413 1235 1720 1300 τουτέστιν,
1780 1236 1921 1305 ήμεο

345 1325 600 1398 ρὼτερον,
651 1327 752 1379 οὐκ
797 1327 1010 1398 ἔχοντες
1057 1329 1148 1382 τὸν
1195 1329 1360 1400 νόμον
1409 1330 1735 1399 κατήγορον,
1784 1325 1922 1380 ἀλλά

341 1418 443 1486 τὴν
499 1418 662 1487 φύσιν
715 1419 873 1490 μόνον
895 1435 910 1451 ο
966 1421 1130 1475 Ὅσοι
1188 1420 1257 1474 δὲ
1303 1422 1376 1476 ἑν
1423 1421 1585 1490 νόμῳ
1634 1419 1920 1488 ἥμαρτον,

341 1509 442 1562 διὰ
503 1512 691 1580 νόμου
748 1512 1172 1580 κριθήσονταιο
1233 1512 1511 1576 τουτέστι,
1587 1510 1920 1582 βαρύτερον,

343 1601 560 1671 ἔχοντες
594 1602 730 1672 μετὰ
773 1603 871 1673 τῆς
905 1603 1119 1673 φύσεως
1165 1604 1259 1658 καὶ
1288 1604 1378 1658 τὸν
1416 1605 1578 1674 νόμον
1607 1601 1720 1675 [57]
1757 1603 1926 1673 κατή-

344 1714 526 1766 γορον.
578 1698 954 1768 Ἄποπέσοιμι
987 1699 1099 1767 ἄρα
1132 1699 1249 1754 ἀπὸ
1278 1697 1396 1752 τῶν
1422 1697 1652 1767 ἐχθρῶν
1679 1715 1797 1778 μου
1836 1714 1926 1751 κε-

342 1791 469 1854 νίς.
498 1789 862 1854 Καταδιὼξαι
888 1789 1002 1858 ἄρα
1048 1794 1080 1845 ό
1122 1791 1333 1860 ἐχθρὸς
1363 1791 1480 1859 τὴν
1528 1788 1740 1860 ψυχήν
1776 1806 1920 1858 μου,

341 1882 436 1934 καὶ
471 1881 811 1947 καταλάϐοι,
843 1884 940 1936 καὶ
957 1885 1374 1953 καταπατῆσαι
1392 1886 1478 1948 είς
1499 1882 1617 1954 γῆν
1636 1881 1748 1950 τὴν
1772 1880 1923 1948 ζωήν

335 1990 479 2041 μου,
509 1975 605 2028 καί
637 1975 752 2043 τὴν
774 1975 962 2039 δόξαν
985 1994 1104 2045 μου
1134 1979 1218 2042 εὶς
1247 1977 1400 2046 χοῦν
1433 1973 1921 2043 κατασκηνώσαι.

343 2058 496 2124 Εἶδες
529 2067 843 2136 παρρησίαν
884 2066 1113 2131 δικαίου,
1151 2069 1245 2121 καὶ
1285 2069 1507 2139 ἄριστον
1554 2067 1823 2132 συνειδός;
1858 2066 1920 2119 El

343 2156 452 2225 γὰρ
482 2156 558 2228 μὴ
590 2157 791 2230 σφόδρα
826 2159 1006 2230 ἐαυτῷ
1040 2159 1280 2232 ἐθάρρει,
1305 2161 1406 2213 οὐκ
1443 2160 1508 2214 ἂν
1533 2159 1759 2215 τοιαῦτα
1788 2161 1924 2228 ἐπη-

344 2265 494 2318 ρατο.

414 2447 482 2498 Ὀ
507 2445 564 2498 δὲ
604 2447 752 2514 λέγει
783 2446 1024 2502 τοιοῦτόν
1059 2449 1204 2502 ἐστιν
1223 2464 1237 2477 ·
1260 2450 1324 2505 Εἰ
1345 2448 1599 2520 ήδίκησα,
1633 2449 1683 2500 Ii
1709 2445 1920 2519 ἠμυνά-

341 2554 472 2608 μην,
501 2537 570 2590 τά
603 2539 697 2590 καὶ
724 2538 791 2592 τὰ
816 2539 1042 2610 πάθοιμι
1060 2557 1075 2572 ·
1109 2541 1202 2594 καὶ
1227 2540 1352 2594 καθ’
1385 2539 1583 2595 ἑαυτοῦ
1611 2539 1708 2611 τὴν
1740 2539 1920 2610 ψῆφον

339 2630 585 2698 ἐκφέρει,
607 2630 700 2683 καὶ
719 2631 817 2684 οὐκ
844 2631 984 2698 ἀξιοῖ
1009 2631 1152 2687 κατά
1174 2633 1236 2686 τὸ
1260 2632 1458 2705 μέτρον
1487 2633 1762 2704 κριθῆναι,
1784 2633 1921 2687 ἀλλὰ

339 2721 520 2792 πολλῷ
556 2722 754 2792 μᾶλλον
780 2723 921 2794 ὑπὲρ
940 2724 1038 2794 τὴν
1071 2724 1228 2791 ἀξίαν
1255 2724 1455 2778 διδόναι
1486 2725 1584 2796 τὴν
1615 2725 1799 2795 δίκην·
1825 2725 1924 2777 καὶ

339 2813 642 2867 ὑπεύθυνον
687 2815 878 2867 ἐαυτὸν
923 2817 1066 2869 ποιεῖ
1105 2815 1344 2880 κολάσει,
1373 2811 1442 2888 ἦς
1487 2818 1515 2869 6
1551 2817 1714 2887 νόμος
1760 2816 1920 2870 αὐτὸν

338 2907 533 2974 εἴργει.
591 2907 698 2959 Καὶ
743 2906 842 2978 ὅρα
889 2907 1016 2962 ποία
1055 2909 1230 2980 αὐτή·
1280 2907 1690 2977 Ἀποπέσοιμι,
1732 2907 1918 2980 φησὶν,

338 2997 454 3049 ἀπὸ
502 2995 622 3048 τῶν
664 2994 893 3065 ἐχθρῶν
917 3016 1036 3068 μου
1078 2997 1269 3064 κενός.
1317 2996 1688 3062 Κιτταδιώξαι
1731 2997 1846 3065 ἄρα
1885 2999 1920 3052 ό

339 3089 552 3157 ἐχθρὸς
585 3088 702 3156 τὴν
740 3089 952 3160 ψυχήν
988 3108 1128 3160 μου,
1164 3091 1263 3146 καὶ
1294 3090 1644 3153 καταλάϐοι,
1679 3092 1778 3146 καὶ
1811 3108 1918 3145 κα-

342 3180 682 3245 ταπατῆσαι
716 3183 800 3246 εἰς
828 3181 946 3251 γῆν
975 3182 1088 3250 τὴν
1122 3181 1276 3253 ζωήν
1293 3201 1434 3253 μου,
1465 3185 1564 3238 καὶ
1587 3183 1703 3253 τὴν
1730 3185 1921 3250 δόξαν

339 3287 456 3337 μου
499 3272 588 3336 είς
632 3269 785 3340 χοῦν
834 3273 1322 3342 κατασκηνώσαι.
1357 3275 1669 3341 Τουτέστιν,
1701 3277 1918 3348 ἄτιμον,

340 3360 630 3433 ἀνώνυμον
659 3364 966 3431 ἀπολέσειε,
1001 3365 1142 3436 μετά
1169 3366 1268 3436 τῆς
1297 3366 1444 3436 ζωῆς
1467 3384 1569 3438 μου
1593 3368 1688 3421 καὶ
1712 3367 1808 3440 τήν
1833 3368 1921 3422 δό-

343 3452 439 3516 ξαν
486 3471 586 3524 μου
626 3454 971 3527 διαφθείρειε.
1022 3457 1086 3510 Τί
1118 3458 1254 3522 ἐστι,
1290 3458 1401 3512 Καὶ
1432 3458 1547 3527 τὴν
1573 3457 1755 3520 δόξαν
1798 3475 1920 3525 μου

339 3545 428 3606 εἰς
463 3542 621 3611 χοῦν
671 3546 1168 3613 mammam-(boat;
1221 3547 1591 3608 Ταπεινώσαι,
1645 3549 1917 3618 πατήσαιο

339 3635 604 3706 γενοίμην
632 3636 846 3707 ἕτοιμος
875 3640 989 3702 τοῖς
1034 3637 1268 3710 ἐχθροῖς,
1321 3640 1475 3711 φησί.
1517 3641 1582 3694 Τί
1615 3641 1809 3710 γένοιτ’
1853 3641 1921 3694 ἂν

343 3724 685 3798 μιαρώτερον
714 3727 806 3780 τοῦ
849 3729 1225 3800 Ἀϐεσσαλὼμ,
1254 3732 1402 3794 ὅστις
1423 3731 1655 3803 πατέρα,
1689 3731 1784 3786 καὶ
1815 3750 1920 3785 παο

338 3816 475 3886 τέρα
509 3817 766 3884 τοιοῦτον,
795 3817 967 3884 οὕτως
999 3821 1206 3893 ἥμερον
1257 3823 1352 3876 καὶ
1394 3824 1634 3894 ἐπιεικῆ,
1665 3823 1908 3887 ἐδίωκεν,

338 3905 581 3976 ἀσελγὴς
608 3905 683 3960 ὣν
711 3907 803 3960 καὶ
820 3909 1116 3972 ἀκόλαστος
1145 3909 1239 3962 καὶ
1265 3909 1529 3982 ὑϐριστής
1548 3928 1562 3976 ;
1580 3910 1646 3963 Τί
1675 3907 1769 3965 οὖν
1792 3911 1920 3976 ;οὐκ

340 3995 594 4047 ἀπέδωκε
626 3998 737 4059 τοῖς
764 3997 1204 4051 ἀπαποδιδοῦσιν
1236 3999 1386 4071 αὐτῷ
1410 4001 1578 4065 κακὰ,
1611 4001 1728 4059 οὐδὲ
1755 4003 1924 4073 ἐμνη-

343 4083 680 4154 σικάκησενς
724 4086 1007 4158 Οὐδαμῶς.
1053 4087 1174 4142 Κᾶν
1205 4088 1467 4161 ὲξετάσῃς
1491 4089 1585 4144 τοῦ
1620 4092 1790 4145 Σαοὺλ
1821 4093 1921 4161 τὴν

345 4173 611 4244 ἱστορίαν,
641 4173 762 4227 τότε
796 4176 1028 4246 μάλιστα
1052 4177 1173 4248 ὄψει
1208 4177 1416 4249 ταύτην
1450 4179 1548 4252 τήν
1578 4180 1761 4252 φωνὴν
1805 4181 1920 4234 δια-

341 4265 688 4335 λάμπουσαν.
717 4266 819 4320 Τὸν
843 4267 951 4339 γὰρ
985 4269 1126 4340 μετά
1156 4271 1354 4342 μυρίας
1378 4271 1714 4344 εὐεργεσίας,
1737 4273 1831 4327 καὶ
1851 4271 1920 4328 τὰ

343 4361 600 4429 τρόπαια,
623 4359 718 4412 καὶ
737 4360 832 4424 τὰς
850 4362 1004 4426 νίκας
1027 4361 1338 4431 ἀδικοῦντα,
1358 4362 1453 4416 καὶ
1479 4363 1918 4430 ἐπιϐουλεύοντα,

343 4452 440 4505 καὶ
473 4451 687 4505 ἀνελεῖν
734 4451 855 4505 καθ’
891 4454 1126 4522 ἑκάστην
1156 4453 1528 4525 ἐπιθυμοῦντα
1555 4455 1656 4525 τὴν
1683 4456 1920 4528 ἡμέραν,

341 4541 530 4596 λαϐὼν
546 4544 625 4607 είς
644 4545 829 4613 χεῖρας
858 4545 953 4597 καὶ
977 4545 1147 4610 ἅπαξ,
1178 4545 1271 4597 καὶ
1291 4545 1394 4610 δὶς,
1416 4545 1510 4598 καὶ
1533 4544 1793 4609 πολλάκις
1821 4562 1923 4600 κα-

341 4631 624 4696 θεύδοντα,
648 4635 740 4686 καὶ
769 4633 1016 4706 καθάπερ
1033 4635 1090 4688 ἐν
1109 4635 1467 4707 δεσμωτηρίῳ
1495 4636 1923 4708 συγκεκλεισμέ-

341 4741 452 4787 νον,
499 4725 593 4777 κα¹ι
622 4723 930 4796 δορυφόρων
961 4727 1186 4798 ἔρημον,
1219 4727 1430 4781 πολλῶν
1473 4728 1920 4800 ἐγκελευομένων

344 4815 550 4885 σφάξαι
593 4817 684 4870 καὶ
712 4818 938 4884 ἀνελεῖν,
967 4819 1239 4887 ἐφείσατο,
1274 4820 1370 4873 καὶ
1407 4822 1506 4891 τῆς
1535 4819 1703 4892 ὀργῆς
1736 4822 1921 4892 ἐκρά-

342 4926 479 4980 τησε
510 4915 552 4974 ⁸,
593 4909 688 4962 καὶ
715 4909 884 4965 ταῦτα
916 4911 1090 4975 εἰδὼς,
1116 4913 1196 4965 ὅτι
1225 4913 1385 4982 ἀφεὶς
1414 4912 1575 4966 αὐτὸν
1611 4912 1918 4982 διαφυγεῖν,

345 5002 610 5070 πολέμιον
661 5001 858 5070 ἀφήσει
901 5002 1078 5074 ἐαυτῷ
1111 5004 1205 5058 καὶ
1245 5003 1439 5075 ἐχθρὸν
1487 5003 1916 5060 ἀκατάλλακτον.

355 5091 497 5146 Ἀλλ’
529 5092 676 5162 ὅμως
719 5091 842 5146 οὔτε
871 5095 904 5163 ή
949 5095 1132 5167 μνήμη
1166 5095 1276 5149 τῶν
1309 5094 1706 5167 παρελθόντων,
1730 5095 1855 5150 οὔτε
1889 5097 1918 5150 6

341 5186 512 5254 φόϐος
539 5185 649 5238 τῶν
682 5183 1001 5256 μελλόντων,
1024 5185 1148 5240 οὔτε
1188 5185 1317 5241 ἄλλο
1354 5185 1462 5241 τῶν
1486 5186 1744 5242 τοιούτων
1766 5187 1919 5241 οὐδὲν

341 5277 424 5337 είς
458 5275 560 5345 τὴν
591 5274 812 5345 σφαγὴν
838 5275 998 5329 αὐτὸν
1031 5275 1298 5347 ἐξήγαγεν
1316 5277 1530 5348 ἐκείνην
1551 5294 1565 5308 ⁸
1597 5277 1711 5332 ἀλλ’
1737 5279 1920 5348 ἐφιλο-

345 5363 525 5433 σόφει,
563 5366 654 5417 καὶ
690 5369 788 5437 τῆς
813 5365 992 5438 χειρὸς
1021 5368 1262 5438 ἐκράτει,
1296 5370 1387 5421 καὶ
1412 5369 1503 5421 τὸν
1531 5368 1701 5438 θυμὸν
1739 5368 1919 5440 ἐχαλί-

343 5473 460 5520 νου,
493 5459 587 5510 καὶ
616 5459 800 5529 ᾑρεῖτο
819 5459 1148 5513 κινδυνεύειν
1177 5461 1270 5513 καὶ
1299 5459 1745 5516 ἐπιϐουλεύεσθαι
1781 5460 1919 5532 μᾶλ-

343 5550 452 5610 λον,
486 5550 581 5604 καὶ
607 5551 706 5622 τῆς
740 5551 1000 5624 πατρίδος
1028 5552 1197 5621 αὐτῆς
1222 5553 1474 5606 ἐκπεσεῖν
1503 5553 1598 5605 καὶ
1627 5552 1729 5622 τῆς
1762 5553 1918 5606 ἐλευ-

341 5639 546 5712 θερίας,
581 5643 611 5714 ῆ
646 5644 736 5698 τὸν
761 5641 962 5715 ἐχθρὸν
987 5641 1081 5695 τὸν
1109 5643 1231 5714 εἰκῆ
1262 5642 1355 5696 καί⁸
1391 5641 1568 5713 μάτην
1597 5641 1745 5714 αὐτῷ
1789 5643 1916 5695 ἐπι-

347 5794 702 5915 ώυῐῖἓὲυὲηεε.
731 5801 813 5851 καὶ
840 5805 928 5861 τῆς
953 5797 1200 5861 ἐπιθυμίας
1231 5799 1480 5864 ἐκράτησε.
1521 5799 1692 5852 Melior
1723 5802 1917 5854 videtur

2031 501 2378 567 ϐουλεύοντα,
2427 501 2520 555 τὸν
2562 501 2699 571 μετά
2732 500 2936 572 μυρίας
2967 493 3293 568 εὐεργεσίας
3337 489 3610 561 φονῶντα,

2032 594 2233 662 σφάξαι
2264 594 2354 647 καὶ
2380 593 2607 647 ἀνελεῖν.
2639 594 2749 647 Καὶ
2776 592 2834 657 ἐξ
2861 591 3062 662 ἐτέρων
3085 589 3142 642 δὲ
3174 585 3436 640 πλειόνων
3463 584 3613 636 ἐστιν

2034 685 2162 740 ἰδεῖν
2181 685 2279 758 τὴν
2307 686 2595 756 φιλόσοφον
2622 685 2786 739 αὐτοῦ
2813 685 3053 738 διάνοιαν
3071 699 3086 714 ο
3109 680 3189 734 διὸ
3214 679 3310 732 καὶ
3338 677 3612 748 ἐπαρᾶται

2031 774 2178 846 αὐτῷ
2203 775 2372 829 πολλά
2399 777 2492 830 καί⁸
2507 775 2740 848 χαλεπὰ,
2765 771 2877 828 οἷον
2891 775 2952 828 τὸ
2973 775 3252 844 ἄπρακτον
3273 769 3610 832 ἐπανελθεῖν,

2030 861 2094 914 τὸ
2128 863 2254 926 τοὺς
2288 863 2513 936 ἐχθροὺς
2533 869 2804 937 κρατῆσαι
2850 864 2986 935 μετά
3021 863 3224 933 πολλῆς
3270 860 3372 930 τῆς
3402 876 3609 929 παρου-

2035 949 2152 1013 σίας
2184 952 2370 1018 αὐτοῦ,
2414 953 2475 1006 τὸ
2516 952 2798 1026 ἀνώνυμον
2824 953 3136 1016 ἀποθανεῖν,
3167 951 3230 1004 τδ
3264 949 3416 1022 παρά
3448 948 3616 1002 πολε-

2037 1043 2175 1113 μίων
2205 1045 2363 1098 τοῦτο
2401 1046 2616 1113 παθεῖν,
2646 1047 2675 1100 ὃ
2704 1047 2838 1101 πολὺ
2874 1045 2968 1100 τοῦ
3003 1044 3185 1099 θανεῖν
3232 1041 3612 1114 χαλεπώτερον

2031 1127 2381 1188 εἶναιδοκεῖ·
2420 1135 2500 1189 διὸ
2537 1136 2631 1190 καὶ
2666 1135 2837 1208 μυρία
2883 1136 3251 1208 μηχανήματα
3285 1133 3450 1199 ποιεῖ,
3476 1121 3631 1202 πρὸς

2029 1225 2092 1278 τὸ
2135 1225 2275 1295 μετά
2305 1227 2404 1298 τὴν
2449 1227 2710 1302 τελευτήν
2758 1226 3222 1300 μνημονεύεσθαι.
3255 1225 3400 1295 Ὅρα
3433 1223 3634 1278 τοίνυν·

2031 1317 2132 1370 ὅσα
2183 1319 2361 1390 ἐαυτῷ
2407 1321 2713 1392 ἐπαρᾶται’
2772 1318 2836 1373 τδ
2887 1319 3127 1390 ἀνήνυτα
3155 1319 3359 1381 πονεῖν,
3400 1315 3462 1368 τὺ
3500 1313 3612 1386 [58]

2037 1408 2142 1462 ὐπὸ
2183 1409 2291 1463 τῶν
2318 1410 2530 1483 ἐχθρῶν
2569 1409 2892 1484 ἡττηθῆναι,
2925 1409 2989 1463 τὸ
3033 1407 3347 1471 ἀποθανεῖν,
3377 1406 3440 1460 τὸ
3477 1405 3619 1477 μηδὲ

2030 1501 2180 1571 κοινῇ
2211 1503 2276 1572 τῇ
2307 1501 2526 1573 τελευτῇ
2549 1541 2563 1564 ,
2613 1501 2674 1555 τὸ
2707 1502 2802 1556 καὶ
2827 1502 2926 1573 τὴν
2960 1502 3182 1572 μνήμην
3214 1498 3378 1554 αὐτοῦ
3409 1498 3618 1564 ἐξαλει-

2031 1590 2269 1661 φθῆναι,
2301 1593 2362 1646 τὸ
2409 1594 2547 1664 μετά
2577 1593 2803 1663 ἀτιμίας
2829 1609 2843 1624 ·
2902 1594 3005 1647 οὐκ
3045 1592 3114 1646 ἂν
3151 1591 3388 1646 τοσαῦτα
3434 1589 3624 1662 ἑαυτῷ-

2029 1681 2446 1752 ὲπαρασάμενος
2467 1722 2482 1746 ,
2535 1684 2584 1736 εἰ
2619 1683 2695 1756 μὴ
2736 1683 2941 1755 σφόδρα
2974 1683 3192 1756 ἐθάρρει
3217 1681 3296 1754 τῷ
3327 1681 3612 1736 συνειδότι.

2030 1773 2093 1826 Et
2121 1773 2178 1826 δὲ
2211 1775 2401 1847 ἐχθρὸν
2431 1771 2599 1847 εἶχεν,
2627 1777 2782 1831 οὐδὲν
2811 1777 2971 1830 τοῦτο
3003 1777 3196 1848 ἐκείνῳ
3222 1775 3505 1848 ἕγκλημα’
3549 1774 3620 1828 οὐ-

2030 1865 2140 1938 γὰρ
2161 1868 2323 1933 αὐτὸς
2351 1873 2578 1942 παρεῖχε
2604 1869 2796 1934 λαϐάς.
2825 1871 2991 1924 Ποίαν
3015 1869 3125 1942 γὰρ
3149 1868 3320 1940 λαϐὴν
3347 1867 3514 1922 ἔδωκε
3534 1865 3615 1938 τῷ

2029 1959 2218 2028 παιδί;
2250 1961 2409 2015 ποίαν
2439 1961 2518 2033 τῷ
2547 1962 2752 2029 Σαούλ;
2795 1963 2928 2033 Οὐχὶ
2949 1963 3040 2016 τὸν
3071 1962 3170 2034 μὲν
3199 1961 3327 2026 ἀξια
3347 1956 3615 2030 τιμωρίας

2031 2049 2334 2124 πράξαντα,
2372 2054 2510 2124 πρὸς
2553 2053 2742 2124 καιρὸν
2776 2051 3138 2125 σωφρονίσας,
3169 2052 3489 2123 ἐπανήγαγε
3519 2049 3615 2103 καὶ

2029 2141 2369 2214 ἀνεκτήσατο
2393 2161 2406 2175 ο
2459 2146 2549 2198 τὸν
2581 2145 2640 2199 δὲ
2681 2146 2928 2216 φονῶντα
2957 2149 3078 2200 κατ’
3108 2145 3271 2200 αὐτοῦ
3292 2185 3307 2210 ,
3354 2143 3614 2207 πολλάκις

2027 2233 2109 2295 είς
2136 2236 2322 2304 χεῖρας
2355 2234 2533 2289 λαϐὼν
2565 2236 2823 2303 διέσωσε;
2861 2238 2954 2307 Μὴ
2991 2237 3171 2292 τοίνυν
3198 2237 3355 2291 τοῦτο
3398 2235 3610 2301 σκόπει,

2029 2325 2078 2377 εί
2099 2325 2326 2396 ἐχθροὺς
2353 2323 2516 2398 εῖχεν,
2543 2328 2658 2382 ἀλλ’
2679 2331 2729 2383 εί
2762 2329 2926 2394 αὐτὸς
2954 2330 3151 2393 αὐτοὺς
3180 2327 3608 2383 κατεσκεύασεν.

2029 2415 2166 2470 Οῠτε
2197 2417 2306 2488 γὰρ
2347 2418 2378 2471 6
2407 2419 2640 2491 Χριστὸς
2666 2419 2823 2476 τοῦτο
2851 2421 3127 2485 ἐκέλευσε,
3172 2420 3235 2474 τὸ
3268 2419 3344 2493 μὴ
3385 2419 3614 2491 ἐχθροὺς

2028 2507 2173 2579 ἔχειν
2192 2525 2207 2542 ο
2237 2509 2428 2564 τούτου
2453 2510 2562 2583 γὰρ
2591 2512 2692 2568 οὐκ
2715 2512 2883 2585 ἐσμὲν
2912 2513 3124 2585 κύριοι·
3161 2512 3296 2567 ἀλλά
3325 2511 3386 2566 τὸ
3414 2511 3489 2582 μὴ
3525 2528 3616 2581 μι-

2031 2601 2143 2652 σεῖν
2163 2614 2176 2628 '
2207 2599 2398 2654 τούτου
2424 2602 2534 2675 γὰρ
2555 2604 2718 2674 ἡμεῖς
2751 2603 2950 2676 κύριοι,
2978 2604 3184 2658 ἐκείνου
3208 2603 3346 2656 δὲού
3373 2603 3610 2664 πάντως.

2028 2690 2137 2744 Τοῦ
2169 2691 2226 2744 δὲ
2257 2694 2528 2763 μισεῖσθαι
2565 2696 2710 2766 εικῆ,
2741 2696 2842 2749 οὐκ
2869 2697 2928 2750 ἐν
2953 2697 3086 2767 ἡμῖν
3113 2697 3148 2766 ἡ
3175 2693 3391 2759 ἐξουσία
3411 2696 3612 2758 κεῖται,

2027 2782 2142 2835 ἀλλ’
2172 2785 2229 2838 ἐν
2267 2788 2379 2849 τοῖς
2415 2785 2654 2858 μισοῦσι.
2704 2788 2816 2842 Καὶ
2846 2788 2954 2860 γὰρ
2988 2789 3037 2842 οί
3065 2790 3293 2860 πονηροὶ
3318 2787 3445 2850 τοὺς
3477 2787 3614 2855 ἀγαο

2027 2874 2156 2940 θοὺς
2191 2880 2370 2948 μισεῖν
2411 2879 2665 2935 εἰώθασιν
2693 2882 2816 2954 είκῆ
2861 2881 2955 2936 καί⁸
3000 2883 3196 2955 μάτην.
3233 2883 3342 2937 Καὶ
3381 2881 3491 2954 γάρ
3521 2880 3617 2934 καὶ

2027 2967 2119 3020 τὸν
2147 2969 2382 3040 Χριστὸν
2410 2971 2633 3041 ἐμίσουν
2660 2973 2805 3044 είκῆ,
2849 2972 3030 3036 καθὼς
3055 2974 3236 3044 λέγει’
3284 2971 3617 3043 Ἐμίσησάν

2021 3075 2099 3128 με
2125 3059 2370 3128 δωρεάν.
2429 3062 2540 3115 Καὶ
2587 3063 2635 3116 οἱ
2676 3063 2964 3117 ἀπόστολοι
2997 3064 3124 3128 τοὺς
3149 3061 3620 3134 ψευδαποστόλους

2026 3145 2171 3222 εἶχον
2199 3152 2448 3223 ἐχθροὺς,
2477 3151 2570 3206 καὶ
2600 3153 2650 3206 οἱ
2674 3153 2949 3226 προφῆται
2983 3154 3109 3218 τούς
3139 3153 3614 3225 ψευδοπροφήτας.

2027 3245 2102 3297 Οὐ
2137 3243 2247 3316 γὰρ
2277 3243 2434 3298 τοῦτο
2463 3245 2544 3298 δεῖ
2591 3248 2850 3311 σκοπεῖν,
2903 3247 3053 3310 ὅπως
3092 3246 3168 3318 μὴ
3221 3245 3480 3317 σχοίημεν
3519 3247 3614 3316 ἐχ-

2027 3333 2226 3406 θροὺς,
2269 3336 2384 3390 ἀλλ’
2413 3337 2562 3400 ὅπως
2610 3337 2686 3409 μὴ
2731 3337 2976 3402 δικαίως,
3015 3336 3150 3408 μηδὲ
3199 3336 3437 3405 εὐλόγως
3462 3351 3477 3368 ·
3519 3333 3615 3388 καὶ

2025 3427 2173 3491 ὅπως
2198 3468 2212 3492 ,
2260 3428 2365 3482 κᾶν
2403 3429 2663 3500 μυριάκις
2710 3428 3017 3501 μισῶμεθα,
3058 3429 3132 3501 μὴ
3170 3428 3440 3500 μισῶμεν,
3481 3427 3615 3497 μηδὲ

2027 3519 2498 3591 ἀποστρεφὼμεθα
2518 3537 2532 3552 ·
2566 3521 2736 3593 ἔχθρα
2755 3521 2863 3594 γὰρ
2891 3520 3049 3575 τοῦτό
3067 3523 3204 3587 ἐστι,
3233 3520 3292 3574 τὸ
3317 3523 3493 3591 μισεῖν
3519 3518 3616 3572 καὶ

2026 3610 2488 3681 ἀποστρέφεσθαι.
2533 3613 2702 3667 Ὅταν
2753 3607 2845 3666 οὖν
2897 3612 3144 3683 μισῶμαι
3180 3612 3274 3665 καὶ
3323 3611 3397 3682 μὴ
3448 3609 3615 3680 μισῶ,

2026 3703 2232 3766 ἐκεῖνός
2265 3721 2332 3774 με
2376 3704 2589 3775 ἐχθρὸν,
2619 3705 2720 3757 οὐκ
2763 3704 2875 3771 ἐγὼ
2915 3704 3102 3758 τοῦτον
3147 3704 3276 3773 ἔχω.
3325 3703 3495 3755 Ὅταν
3526 3700 3616 3754 εὖ-

2025 3814 2239 3867 χωμαι,
2272 3799 2399 3851 ὅταν
2443 3799 2750 3869 εὐεργετεῖν
2783 3796 3091 3867 βούλωμαι,
3135 3795 3253 3859 πῶς
3297 3795 3389 3848 τὸν
3433 3793 3613 3846 τοιοῦ-

2024 3904 2117 3940 τον
2158 3888 2350 3959 ἐχθρὸν
2394 3888 2546 3958 ἔχω;
2595 3889 2695 3942 Διά
2743 3887 2903 3941 τοῦτο
2943 3891 2971 3942 6
3006 3888 3219 3951 Παῦλος
3266 3886 3453 3955 ἔλεγεν
3489 3902 3502 3915 ·
3543 3885 3615 3938 El

2027 3977 2314 4043 δυνατὸν,
2366 3979 2432 4032 τὸ
2469 3980 2539 4046 ἐξ
2575 3980 2764 4051 ὑμῶν,
2809 3980 2961 4050 μετὰ
3002 3979 3245 4035 πάντων
3289 3977 3614 4048 ἀνθρώπων

2020 4073 2458 4142 εἰρηνεύοντες.

2086 4297 2159 4358 ς’.
2180 4290 2262 4345 Τά
2289 4291 2534 4364 ἡμέτερα
2562 4293 2741 4348 τοίνυν
2757 4294 3118 4366 είσφέρωμεν,
3142 4295 3234 4349 καὶ
3254 4293 3402 4365 αὐτῷ
3438 4294 3613 4366 τούτῳ

2025 4381 2300 4454 ἀρκοῦντα
2327 4384 2418 4436 τὸν
2447 4385 2662 4438 ἔπαινον
2690 4385 2904 4456 ἕξομεν.
2935 4385 3067 4439 Τίνα
3088 4384 3146 4439 δέ
3175 4386 3290 4442 ἐστι
3325 4384 3394 4437 τὰ
3418 4385 3614 4455 ἡμέτεο

2030 4490 2134 4544 ρα;
2170 4469 2295 4528 Οίὸν
2326 4493 2377 4528 τι
2408 4475 2584 4544 λέγω·
2633 4478 2783 4547 μισεῖ
2809 4478 2837 4530 ὁ
2866 4476 3011 4532 δεῖνα
3037 4478 3130 4530 καὶ
3158 4475 3485 4545 ἐκπολεμεῖ;
3537 4476 3624 4529 Σὺ-

2028 4562 2172 4631 φίλει
2212 4565 2307 4617 καὶ
2349 4565 2649 4636 εὐεργέτει.
2705 4566 2946 4638 ’Υϐρίζει
2993 4568 3086 4621 καὶ
3131 4566 3485 4637 λοιδορεῖται;
3537 4567 3611 4620 Σὺ

2026 4655 2240 4722 εὐλόγει
2289 4655 2383 4709 καὶ
2417 4656 2659 4710 ἐπαίνει.
2709 4659 2850 4712 Ἀλλ’
2891 4659 2952 4712 οὐ
2995 4658 3111 4713 λύει
3139 4658 3236 4729 τὴν
3264 4657 3464 4730 ἔχθραν
3491 4658 3612 4713 οὐδὲ

2025 4746 2236 4812 οὖτως;
2284 4746 2494 4802 Οὐκοῦν
2529 4748 2752 4813 πλείονα
2782 4766 2864 4803 σοι
2912 4749 3094 4806 δίδωσι
3141 4749 3234 4804 τὸν
3289 4751 3500 4822 μισθόν.
3547 4751 3612 4804 Οἱ

2026 4838 2135 4910 γὰρ
2163 4839 2344 4905 κακοὶ,
2375 4840 2485 4912 ὅσῳ
2510 4840 2575 4895 ἀν
2598 4840 3028 4914 θεραπευόμενοι
3061 4842 3136 4914 μὴ
3173 4841 3487 4896 καταλύωσι
3519 4839 3612 4894 τὸν

2025 4932 2284 5004 πόλεμον,
2306 4931 2693 5006 λαμπροτέρας
2715 4935 2847 5005 ἡμῖν
2872 4932 3193 5006 προξενοῦσι
3224 4932 3325 4997 τὰς
3351 4931 3608 5004 ἀμοιϐὰς,

2026 5024 2122 5078 καὶ
2179 5025 2405 5089 ἑαυτοὺς
2461 5025 2886 5098 ἀσθενεστέρους
2936 5025 3204 5080 ποιοῦσιν.
3259 5028 3320 5080 '0
3368 5025 3467 5095 μὲν
3501 5023 3610 5094 γάρ

2027 5117 2222 5188 μισῶν,
2272 5117 2366 5170 καὶ⁸
2398 5117 2474 5190 μὴ
2500 5117 2732 5172 διαλύων
2762 5118 2861 5190 τὴν
2893 5117 3094 5191 ἔχθραν
3113 5161 3126 5184 ,
3175 5119 3443 5188 τήκεται,
3491 5115 3610 5169 δια-

2024 5208 2347 5281 φθείρεται,
2395 5209 2635 5281 διηνεκεῖ
2687 5208 2822 5281 συζῇ
2887 5210 3110 5280 πολέμῳ
3137 5225 3150 5239 ο
3209 5208 3240 5260 6
3290 5207 3347 5259 δὲ
3403 5205 3637 5261 τούτων--

2024 5299 2297 5372 ἀνώτερος
2340 5300 2450 5355 τῶν
2485 5300 2690 5370 βελῶν,
2746 5300 2852 5365 ἔξω
2891 5299 3001 5352 τῶν
3031 5297 3337 5370 τρικυμιῶν
3386 5296 3608 5370 ἕστηκε,

2023 5393 2120 5448 καὶ
2149 5394 2344 5448 ἑαυτὸν
2372 5393 2480 5465 πρὸ
2527 5393 2734 5447 ἐκείνου
2769 5391 2837 5445 τὰ
2871 5391 3106 5461 μέγιστα
3154 5389 3394 5459 ὠφελεῖ,
3441 5391 3502 5442 ὲν
3534 5389 3612 5461 τῷ

2025 5483 2348 5548 σπουδάζειν
2375 5483 2568 5554 ἐκείνῳ
2595 5481 3077 5543 καταλλάττεσθαι,
3111 5479 3207 5532 καὶ
3232 5479 3307 5552 μὴ
3332 5479 3607 5550 πολεμεῖν,

2023 5578 2214 5631 ἑαυτὸν
2264 5575 2623 5630 ἀπαλλάττων
2657 5573 2896 5642 πολέμου
2931 5572 3025 5626 καὶ
3077 5571 3279 5643 μάχης.
3315 5570 3612 5642 Φεύγωμεν

2022 5669 2202 5722 τοίνυν
2235 5667 2490 5738 πολεμεῖν
2531 5665 2772 5737 ἑτέροις,
2821 5663 2914 5717 καὶ
2945 5663 3042 5734 τὴν
3075 5661 3230 5733 ῥίζαν
3267 5661 3470 5716 τούτων
3512 5663 3608 5714 ἀν-

2024 5759 2258 5830 έλωμεν,
2294 5758 2620 5825 κενοδοξίαν,
2651 5755 3038 5828 φιλαργυρίαν.
3091 5755 3163 5809 Ἢ
3205 5753 3314 5826 γὰρ
3359 5755 3447 5808 διὰ
3476 5755 3610 5823 χρή-

2029 5851 2177 5922 ματά
2220 5870 2302 5917 τις
2335 5850 2526 5923 ἐχθρός
2555 5853 2722 5917 ἐστιν,
2760 5849 2793 5922 ἦ
2825 5848 2914 5904 διὰ
2944 5849 3102 5913 δόξαν
3153 5848 3338 5919 κενήν.
3397 5845 3523 5900 Ἐὰν
3551 5843 3620 5898 δὲ
