  <div class='ocr_page' id='page_1' title='image "/cluster/home/n/w/nwhite01/storage/ocr_20150623/55:no.5/coo.31924054869551/081.png"; bbox 0 0 4106 6408; ppageno 0'>
   <div class='ocr_carea' id='block_1_1' title="bbox 552 357 3814 430">
    <p class='ocr_par' dir='ltr' id='par_1_1' title="bbox 552 357 3814 430">
     <span class='ocr_line' id='line_1_1' title="bbox 552 357 3814 430; baseline 0.005 -15"><span class='ocrx_word' id='word_1_1' title='bbox 552 357 623 415; x_wconf 87' lang='lat'>89</span> <span class='ocrx_word' id='word_1_2' title='bbox 1249 362 1305 417; x_wconf 91' lang='lat' dir='ltr'>S.</span> <span class='ocrx_word' id='word_1_3' title='bbox 1344 359 1631 417; x_wconf 74' lang='lat' dir='ltr'>JOANNIS</span> <span class='ocrx_word' id='word_1_4' title='bbox 1665 359 2163 419; x_wconf 76' lang='lat' dir='ltr'>CHRYSOSTOMI</span> <span class='ocrx_word' id='word_1_5' title='bbox 2198 364 2518 427; x_wconf 74' lang='lat' dir='ltr'>ARCIIIEP.</span> <span class='ocrx_word' id='word_1_6' title='bbox 2551 370 3102 430; x_wconf 76' lang='lat' dir='ltr'>CONSTANTINOP.</span> <span class='ocrx_word' id='word_1_7' title='bbox 3742 370 3814 430; x_wconf 77' lang='lat'>90</span> 
     </span>
    </p>
   </div>
   <div class='ocr_carea' id='block_1_2' title="bbox 545 464 3812 558">
    <p class='ocr_par' dir='ltr' id='par_1_2' title="bbox 545 464 3812 558">
     <span class='ocr_line' id='line_1_2' title="bbox 545 464 3812 558; baseline 0.004 -31"><span class='ocrx_word' id='word_1_8' title='bbox 545 472 750 558; x_wconf 82' lang='grc' dir='ltr'>τούτων</span> <span class='ocrx_word' id='word_1_9' title='bbox 803 466 954 558; x_wconf 78' lang='grc' dir='ltr'>ὦμεν</span> <span class='ocrx_word' id='word_1_10' title='bbox 994 473 1273 558; x_wconf 68' lang='grc' dir='ltr'>ἀνώτεροι,</span> <span class='ocrx_word' id='word_1_11' title='bbox 1332 475 1427 529; x_wconf 76' lang='grc' dir='ltr'>καὶ</span> <span class='ocrx_word' id='word_1_12' title='bbox 1475 475 1569 529; x_wconf 76' lang='grc' dir='ltr'>τοῦ</span> <span class='ocrx_word' id='word_1_13' title='bbox 1614 475 1932 531; x_wconf 76' lang='grc' dir='ltr'>ἁλίσκεσθαι</span> <span class='ocrx_word' id='word_1_14' title='bbox 1957 476 2128 549; x_wconf 60' lang='grc' dir='ltr'>ἔχθρᾳ.</span> <span class='ocrx_word' id='word_1_15' title='bbox 2233 485 2523 537; x_wconf 80' lang='grc' dir='ltr'>καστικόνο</span> <span class='ocrx_word' id='word_1_16' title='bbox 2552 486 2630 550; x_wconf 79' lang='grc' dir='ltr'>ὡς</span> <span class='ocrx_word' id='word_1_17' title='bbox 2665 487 2795 541; x_wconf 79' lang='grc' dir='ltr'>ὅταν</span> <span class='ocrx_word' id='word_1_18' title='bbox 2833 486 2998 557; x_wconf 81' lang='grc' dir='ltr'>λέγῃ·</span> <span class='ocrx_word' id='word_1_19' title='bbox 3041 484 3356 552; x_wconf 71' lang='grc' dir='ltr'>Ἐκάθισιις</span> <span class='ocrx_word' id='word_1_20' title='bbox 3390 483 3507 558; x_wconf 82' lang='lat'>[60]</span> <span class='ocrx_word' id='word_1_21' title='bbox 3537 464 3638 540; x_wconf 70' lang='grc' dir='ltr'>ἐπί</span> <span class='ocrx_word' id='word_1_22' title='bbox 3679 488 3812 555; x_wconf 80' lang='grc' dir='ltr'>θρό-</span> 
     </span>
    </p>
   </div>
   <div class='ocr_carea' id='block_1_3' title="bbox 545 556 2124 631">
    <p class='ocr_par' dir='ltr' id='par_1_3' title="bbox 545 556 2124 631">
     <span class='ocr_line' id='line_1_3' title="bbox 545 556 2124 631; baseline 0.003 -22"><span class='ocrx_word' id='word_1_23' title='bbox 545 557 781 627; x_wconf 86' lang='grc' dir='ltr'>ἐσόμεθα</span> <span class='ocrx_word' id='word_1_24' title='bbox 825 557 1153 628; x_wconf 78' lang='grc' dir='ltr'>ἀνὼτεροιο.</span> <span class='ocrx_word' id='word_1_25' title='bbox 1190 556 1307 611; x_wconf 83' lang='grc' dir='ltr'>Κᾶν</span> <span class='ocrx_word' id='word_1_26' title='bbox 1351 559 1553 631; x_wconf 82' lang='grc' dir='ltr'>ὑϐρίσῃ</span> <span class='ocrx_word' id='word_1_27' title='bbox 1602 560 1801 623; x_wconf 87' lang='grc' dir='ltr'>τοίνυν,</span> <span class='ocrx_word' id='word_1_28' title='bbox 1826 561 1961 630; x_wconf 79' lang='grc' dir='ltr'>φέρε</span> <span class='ocrx_word' id='word_1_29' title='bbox 1997 577 2124 629; x_wconf 85' lang='grc' dir='ltr'>γεν-</span> 
     </span>
    </p>
   </div>
   <div class='ocr_carea' id='block_1_4' title="bbox 544 640 2125 715">
    <p class='ocr_par' dir='ltr' id='par_1_4' title="bbox 544 640 2125 715">
     <span class='ocr_line' id='line_1_4' title="bbox 544 640 2125 715; baseline 0.001 -22"><span class='ocrx_word' id='word_1_30' title='bbox 544 640 711 704; x_wconf 75' lang='grc' dir='ltr'>ναίως</span> <span class='ocrx_word' id='word_1_31' title='bbox 743 657 756 672; x_wconf 76' lang='grc' dir='ltr'><strong><em>ο</em></strong></span> <span class='ocrx_word' id='word_1_32' title='bbox 802 640 992 695; x_wconf 82' lang='grc' dir='ltr'>ἐαυτὸν</span> <span class='ocrx_word' id='word_1_33' title='bbox 1025 640 1147 712; x_wconf 79' lang='grc' dir='ltr'>γάρ.</span> <span class='ocrx_word' id='word_1_34' title='bbox 1181 640 1243 693; x_wconf 92' lang='grc' dir='ltr'>οὑ</span> <span class='ocrx_word' id='word_1_35' title='bbox 1297 640 1358 694; x_wconf 80' lang='grc' dir='ltr'>σὲ</span> <span class='ocrx_word' id='word_1_36' title='bbox 1388 640 1600 710; x_wconf 81' lang='grc' dir='ltr'>ὑϐρισε.</span> <span class='ocrx_word' id='word_1_37' title='bbox 1651 642 1785 696; x_wconf 80' lang='grc' dir='ltr'>Κᾶν·</span> <span class='ocrx_word' id='word_1_38' title='bbox 1812 642 2013 713; x_wconf 79' lang='grc' dir='ltr'>πλήξῃ,</span> <span class='ocrx_word' id='word_1_39' title='bbox 2050 644 2125 715; x_wconf 82' lang='grc' dir='ltr'>μή</span> 
     </span>
    </p>
   </div>
   <div class='ocr_carea' id='block_1_5' title="bbox 545 721 2125 797">
    <p class='ocr_par' dir='ltr' id='par_1_5' title="bbox 545 721 2125 797">
     <span class='ocr_line' id='line_1_5' title="bbox 545 721 2125 797; baseline 0 -18"><span class='ocrx_word' id='word_1_40' title='bbox 545 721 849 797; x_wconf 69' lang='grc' dir='ltr'>ἀντιτείνῃς</span> <span class='ocrx_word' id='word_1_41' title='bbox 878 723 976 795; x_wconf 80' lang='grc' dir='ltr'>τὴν</span> <span class='ocrx_word' id='word_1_42' title='bbox 995 722 1201 790; x_wconf 80' lang='grc' dir='ltr'>δεξιάν·</span> <span class='ocrx_word' id='word_1_43' title='bbox 1222 721 1516 796; x_wconf 79' lang='lat' dir='ltr'>[59]a616;</span> <span class='ocrx_word' id='word_1_44' title='bbox 1541 724 1649 796; x_wconf 84' lang='grc' dir='ltr'>γάρ</span> <span class='ocrx_word' id='word_1_45' title='bbox 1668 725 1815 778; x_wconf 89' lang='grc' dir='ltr'>ἐστιν</span> <span class='ocrx_word' id='word_1_46' title='bbox 1841 726 1870 778; x_wconf 91' lang='lat'>6</span> <span class='ocrx_word' id='word_1_47' title='bbox 1894 726 2125 796; x_wconf 85' lang='grc' dir='ltr'>πληττό-</span> 
     </span>
    </p>
   </div>
   <div class='ocr_carea' id='block_1_6' title="bbox 547 807 2122 881">
    <p class='ocr_par' dir='ltr' id='par_1_6' title="bbox 547 807 2122 881">
     <span class='ocr_line' id='line_1_6' title="bbox 547 807 2122 881; baseline 0.003 -22"><span class='ocrx_word' id='word_1_48' title='bbox 547 823 729 877; x_wconf 86' lang='grc' dir='ltr'>μενος,</span> <span class='ocrx_word' id='word_1_49' title='bbox 765 808 825 861; x_wconf 79' lang='grc' dir='ltr'>σὲ</span> <span class='ocrx_word' id='word_1_50' title='bbox 857 807 956 878; x_wconf 87' lang='grc' dir='ltr'>μὲν</span> <span class='ocrx_word' id='word_1_51' title='bbox 1002 810 1069 879; x_wconf 79' lang='grc' dir='ltr'>τῇ</span> <span class='ocrx_word' id='word_1_52' title='bbox 1120 807 1285 881; x_wconf 76' lang='grc' dir='ltr'>χειρὶ,</span> <span class='ocrx_word' id='word_1_53' title='bbox 1315 807 1506 861; x_wconf 80' lang='grc' dir='ltr'>ἐαυτὸν</span> <span class='ocrx_word' id='word_1_54' title='bbox 1545 808 1603 861; x_wconf 84' lang='grc' dir='ltr'>δὲ</span> <span class='ocrx_word' id='word_1_55' title='bbox 1631 808 1709 879; x_wconf 86' lang='grc' dir='ltr'>τῷ</span> <span class='ocrx_word' id='word_1_56' title='bbox 1740 809 1895 881; x_wconf 85' lang='grc' dir='ltr'>θυμῷ</span> <span class='ocrx_word' id='word_1_57' title='bbox 1925 810 2122 877; x_wconf 89' lang='grc' dir='ltr'>παίων,</span> 
     </span>
    </p>
   </div>
   <div class='ocr_carea' id='block_1_7' title="bbox 543 890 2122 963">
    <p class='ocr_par' dir='ltr' id='par_1_7' title="bbox 543 890 2122 963">
     <span class='ocr_line' id='line_1_7' title="bbox 543 890 2122 963; baseline 0.003 -20"><span class='ocrx_word' id='word_1_58' title='bbox 543 891 639 944; x_wconf 78' lang='grc' dir='ltr'>καὶ</span> <span class='ocrx_word' id='word_1_59' title='bbox 676 891 915 962; x_wconf 91' lang='grc' dir='ltr'>πονηράν</span> <span class='ocrx_word' id='word_1_60' title='bbox 946 891 1099 963; x_wconf 85' lang='grc' dir='ltr'>παρά</span> <span class='ocrx_word' id='word_1_61' title='bbox 1132 891 1350 945; x_wconf 84' lang='grc' dir='ltr'>πάντων</span> <span class='ocrx_word' id='word_1_62' title='bbox 1391 890 1681 961; x_wconf 90' lang='grc' dir='ltr'>λαμϐάνων</span> <span class='ocrx_word' id='word_1_63' title='bbox 1727 892 1906 959; x_wconf 78' lang='grc' dir='ltr'>δόξαν.</span> <span class='ocrx_word' id='word_1_64' title='bbox 1955 892 2019 946; x_wconf 75' lang='lat' dir='ltr'><strong><em>El</em></strong></span> <span class='ocrx_word' id='word_1_65' title='bbox 2064 894 2122 947; x_wconf 91' lang='grc' dir='ltr'>δέ</span> 
     </span>
    </p>
   </div>
   <div class='ocr_carea' id='block_1_8' title="bbox 540 968 2124 1047">
    <p class='ocr_par' dir='ltr' id='par_1_8' title="bbox 540 968 2124 1047">
     <span class='ocr_line' id='line_1_8' title="bbox 540 968 2124 1047; baseline 0.001 -19"><span class='ocrx_word' id='word_1_66' title='bbox 540 974 688 1039; x_wconf 87' lang='grc' dir='ltr'>δοκεῖ</span> <span class='ocrx_word' id='word_1_67' title='bbox 712 991 795 1029; x_wconf 90' lang='grc' dir='ltr'>σοι</span> <span class='ocrx_word' id='word_1_68' title='bbox 817 974 991 1029; x_wconf 89' lang='grc' dir='ltr'>ταῦτα</span> <span class='ocrx_word' id='word_1_69' title='bbox 1019 974 1255 1029; x_wconf 82' lang='grc' dir='ltr'>δύσκολα</span> <span class='ocrx_word' id='word_1_70' title='bbox 1277 968 1439 1038; x_wconf 79' lang='grc' dir='ltr'>εἶναι,</span> <span class='ocrx_word' id='word_1_71' title='bbox 1466 975 1739 1045; x_wconf 84' lang='grc' dir='ltr'>ἐννόησον,</span> <span class='ocrx_word' id='word_1_72' title='bbox 1765 977 1849 1030; x_wconf 86' lang='grc' dir='ltr'>ὅτι</span> <span class='ocrx_word' id='word_1_73' title='bbox 1869 977 1916 1029; x_wconf 86' lang='grc' dir='ltr'>εί</span> <span class='ocrx_word' id='word_1_74' title='bbox 1942 977 2124 1047; x_wconf 81' lang='grc' dir='ltr'>μαινό·</span> 
     </span>
    </p>
   </div>
   <div class='ocr_carea' id='block_1_9' title="bbox 546 1056 2123 1131">
    <p class='ocr_par' dir='ltr' id='par_1_9' title="bbox 546 1056 2123 1131">
     <span class='ocr_line' id='line_1_9' title="bbox 546 1056 2123 1131; baseline 0.003 -22"><span class='ocrx_word' id='word_1_75' title='bbox 546 1057 705 1129; x_wconf 84' lang='grc' dir='ltr'>μενός</span> <span class='ocrx_word' id='word_1_76' title='bbox 747 1056 841 1112; x_wconf 88' lang='grc' dir='ltr'>σού</span> <span class='ocrx_word' id='word_1_77' title='bbox 870 1076 956 1123; x_wconf 92' lang='grc' dir='ltr'>τις</span> <span class='ocrx_word' id='word_1_78' title='bbox 986 1057 1049 1113; x_wconf 86' lang='lat'><strong>16</strong></span> <span class='ocrx_word' id='word_1_79' title='bbox 1092 1058 1305 1129; x_wconf 84' lang='grc' dir='ltr'>ίμάτιον</span> <span class='ocrx_word' id='word_1_80' title='bbox 1343 1058 1695 1129; x_wconf 75' lang='grc' dir='ltr'>περιέρρηξε,</span> <span class='ocrx_word' id='word_1_81' title='bbox 1732 1059 1853 1113; x_wconf 90' lang='grc' dir='ltr'>τίνα</span> <span class='ocrx_word' id='word_1_82' title='bbox 1886 1059 1953 1115; x_wconf 83' lang='grc' dir='ltr'>ἂν</span> <span class='ocrx_word' id='word_1_83' title='bbox 1985 1060 2123 1131; x_wconf 78' lang='grc' dir='ltr'>ἔφης</span> 
     </span>
    </p>
   </div>
   <div class='ocr_carea' id='block_1_10' title="bbox 542 1140 2119 1215">
    <p class='ocr_par' dir='ltr' id='par_1_10' title="bbox 542 1140 2119 1215">
     <span class='ocr_line' id='line_1_10' title="bbox 542 1140 2119 1215; baseline -0.002 -17"><span class='ocrx_word' id='word_1_84' title='bbox 542 1144 775 1215; x_wconf 80' lang='grc' dir='ltr'>πάσχειν</span> <span class='ocrx_word' id='word_1_85' title='bbox 803 1142 1012 1208; x_wconf 87' lang='grc' dir='ltr'>κακῶς,</span> <span class='ocrx_word' id='word_1_86' title='bbox 1048 1142 1110 1196; x_wconf 88' lang='grc' dir='ltr'>σὲ</span> <span class='ocrx_word' id='word_1_87' title='bbox 1132 1142 1224 1197; x_wconf 80' lang='grc' dir='ltr'>τὸν</span> <span class='ocrx_word' id='word_1_88' title='bbox 1250 1140 1509 1206; x_wconf 82' lang='grc' dir='ltr'>παθόντα,</span> <span class='ocrx_word' id='word_1_89' title='bbox 1538 1141 1570 1213; x_wconf 77' lang='grc' dir='ltr'>ἢ</span> <span class='ocrx_word' id='word_1_90' title='bbox 1598 1142 1804 1196; x_wconf 86' lang='grc' dir='ltr'>ἐκεῖνον</span> <span class='ocrx_word' id='word_1_91' title='bbox 1835 1143 1927 1198; x_wconf 86' lang='lat' dir='ltr'>16v</span> <span class='ocrx_word' id='word_1_92' title='bbox 1962 1146 2119 1214; x_wconf 89' lang='grc' dir='ltr'>ποιή-</span> 
     </span>
    </p>
   </div>
   <div class='ocr_carea' id='block_1_11' title="bbox 545 1221 2119 1297">
    <p class='ocr_par' dir='ltr' id='par_1_11' title="bbox 545 1221 2119 1297">
     <span class='ocr_line' id='line_1_11' title="bbox 545 1221 2119 1297; baseline 0.001 -18"><span class='ocrx_word' id='word_1_93' title='bbox 545 1244 750 1293; x_wconf 75' lang='grc' dir='ltr'>σαντας</span> <span class='ocrx_word' id='word_1_94' title='bbox 786 1225 1023 1296; x_wconf 73' lang='grc' dir='ltr'>Εὔδηλον</span> <span class='ocrx_word' id='word_1_95' title='bbox 1048 1227 1130 1280; x_wconf 86' lang='grc' dir='ltr'>ὅτι</span> <span class='ocrx_word' id='word_1_96' title='bbox 1160 1226 1384 1279; x_wconf 89' lang='grc' dir='ltr'>ἐκεῖνον.</span> <span class='ocrx_word' id='word_1_97' title='bbox 1431 1221 1583 1289; x_wconf 75' lang='grc' dir='ltr'>Εἶτα,</span> <span class='ocrx_word' id='word_1_98' title='bbox 1614 1224 1743 1279; x_wconf 78' lang='grc' dir='ltr'>ἔνθα</span> <span class='ocrx_word' id='word_1_99' title='bbox 1770 1225 1869 1296; x_wconf 89' lang='grc' dir='ltr'>μέν</span> <span class='ocrx_word' id='word_1_100' title='bbox 1895 1226 1957 1279; x_wconf 88' lang='lat'><strong>16</strong></span> <span class='ocrx_word' id='word_1_101' title='bbox 1988 1227 2119 1297; x_wconf 86' lang='grc' dir='ltr'>ίμά-</span> 
     </span>
    </p>
   </div>
   <div class='ocr_carea' id='block_1_12' title="bbox 542 1307 2121 1382">
    <p class='ocr_par' dir='ltr' id='par_1_12' title="bbox 542 1307 2121 1382">
     <span class='ocr_line' id='line_1_12' title="bbox 542 1307 2121 1382; baseline -0.001 -18"><span class='ocrx_word' id='word_1_102' title='bbox 542 1327 656 1364; x_wconf 87' lang='grc' dir='ltr'>τιον</span> <span class='ocrx_word' id='word_1_103' title='bbox 684 1308 1158 1382; x_wconf 54' lang='grc' dir='ltr'>διαῤῥήγνυταῃό</span> <span class='ocrx_word' id='word_1_104' title='bbox 1195 1309 1427 1379; x_wconf 81' lang='grc' dir='ltr'>ποιήσας</span> <span class='ocrx_word' id='word_1_105' title='bbox 1454 1307 1549 1362; x_wconf 92' lang='grc' dir='ltr'>τοῦ</span> <span class='ocrx_word' id='word_1_106' title='bbox 1576 1307 1838 1373; x_wconf 85' lang='grc' dir='ltr'>παθόντος</span> <span class='ocrx_word' id='word_1_107' title='bbox 1874 1309 2121 1379; x_wconf 84' lang='grc' dir='ltr'>χαλεπώ-</span> 
     </span>
    </p>
   </div>
   <div class='ocr_carea' id='block_1_13' title="bbox 542 1389 2121 1464">
    <p class='ocr_par' dir='ltr' id='par_1_13' title="bbox 542 1389 2121 1464">
     <span class='ocr_line' id='line_1_13' title="bbox 542 1389 2121 1464; baseline -0.001 -17"><span class='ocrx_word' id='word_1_108' title='bbox 542 1408 678 1462; x_wconf 87' lang='grc' dir='ltr'>τερα</span> <span class='ocrx_word' id='word_1_109' title='bbox 711 1390 1014 1446; x_wconf 71' lang='grc' dir='ltr'>πέπονθεν*</span> <span class='ocrx_word' id='word_1_110' title='bbox 1066 1389 1196 1444; x_wconf 76' lang='grc' dir='ltr'>ἔνθα</span> <span class='ocrx_word' id='word_1_111' title='bbox 1223 1390 1281 1444; x_wconf 82' lang='grc' dir='ltr'>δὲ</span> <span class='ocrx_word' id='word_1_112' title='bbox 1320 1392 1354 1461; x_wconf 85' lang='grc' dir='ltr'>ή</span> <span class='ocrx_word' id='word_1_113' title='bbox 1395 1390 1594 1460; x_wconf 77' lang='grc' dir='ltr'>καρδία</span> <span class='ocrx_word' id='word_1_114' title='bbox 1631 1390 2045 1464; x_wconf 80' lang='grc' dir='ltr'>διαρῤήγνυται,</span> <span class='ocrx_word' id='word_1_115' title='bbox 2091 1395 2121 1448; x_wconf 88' lang='lat'>6</span> 
     </span>
    </p>
   </div>
   <div class='ocr_carea' id='block_1_14' title="bbox 543 1472 2121 1548">
    <p class='ocr_par' dir='ltr' id='par_1_14' title="bbox 543 1472 2121 1548">
     <span class='ocr_line' id='line_1_14' title="bbox 543 1472 2121 1548; baseline 0.001 -20"><span class='ocrx_word' id='word_1_116' title='bbox 543 1474 654 1546; x_wconf 78' lang='lat'>7&amp;9</span> <span class='ocrx_word' id='word_1_117' title='bbox 685 1474 854 1545; x_wconf 80' lang='grc' dir='ltr'>θυμὸς</span> <span class='ocrx_word' id='word_1_118' title='bbox 884 1472 1042 1527; x_wconf 87' lang='grc' dir='ltr'>τοῦτο</span> <span class='ocrx_word' id='word_1_119' title='bbox 1072 1475 1235 1539; x_wconf 88' lang='grc' dir='ltr'>ποιεῖ,</span> <span class='ocrx_word' id='word_1_120' title='bbox 1270 1474 1373 1527; x_wconf 91' lang='grc' dir='ltr'>οὑκ</span> <span class='ocrx_word' id='word_1_121' title='bbox 1419 1474 1625 1528; x_wconf 81' lang='grc' dir='ltr'>ἐκεῖνον</span> <span class='ocrx_word' id='word_1_122' title='bbox 1667 1475 1847 1548; x_wconf 79' lang='grc' dir='ltr'>ἡγήσῃ</span> <span class='ocrx_word' id='word_1_123' title='bbox 1898 1475 2121 1545; x_wconf 80' lang='grc' dir='ltr'>μείζονα</span> 
     </span>
    </p>
   </div>
   <div class='ocr_carea' id='block_1_15' title="bbox 543 1555 2117 1627">
    <p class='ocr_par' dir='ltr' id='par_1_15' title="bbox 543 1555 2117 1627">
     <span class='ocr_line' id='line_1_15' title="bbox 543 1555 2117 1627; baseline 0.001 -16"><span class='ocrx_word' id='word_1_124' title='bbox 543 1557 871 1611; x_wconf 74' lang='grc' dir='ltr'>πεπονθέναι</span> <span class='ocrx_word' id='word_1_125' title='bbox 902 1556 1052 1611; x_wconf 89' lang='grc' dir='ltr'>δεινά</span> <span class='ocrx_word' id='word_1_126' title='bbox 1079 1555 1194 1619; x_wconf 89' lang='grc' dir='ltr'>σοῦ,</span> <span class='ocrx_word' id='word_1_127' title='bbox 1220 1555 1315 1610; x_wconf 90' lang='grc' dir='ltr'>τοῦ</span> <span class='ocrx_word' id='word_1_128' title='bbox 1342 1556 1464 1627; x_wconf 82' lang='grc' dir='ltr'>μηδ’</span> <span class='ocrx_word' id='word_1_129' title='bbox 1488 1555 1667 1609; x_wconf 80' lang='grc' dir='ltr'>ὁτιοῦν</span> <span class='ocrx_word' id='word_1_130' title='bbox 1688 1556 2117 1627; x_wconf 78' lang='grc' dir='ltr'>ὑπομείναντοςς</span> 
     </span>
    </p>
   </div>
   <div class='ocr_carea' id='block_1_16' title="bbox 542 1639 2119 1713">
    <p class='ocr_par' dir='ltr' id='par_1_16' title="bbox 542 1639 2119 1713">
     <span class='ocr_line' id='line_1_16' title="bbox 542 1639 2119 1713; baseline 0.001 -18"><span class='ocrx_word' id='word_1_131' title='bbox 542 1641 636 1712; x_wconf 81' lang='grc' dir='ltr'>Μὴ</span> <span class='ocrx_word' id='word_1_132' title='bbox 669 1639 777 1712; x_wconf 85' lang='lat'>7&amp;9</span> <span class='ocrx_word' id='word_1_133' title='bbox 803 1641 868 1713; x_wconf 80' lang='grc' dir='ltr'>δή</span> <span class='ocrx_word' id='word_1_134' title='bbox 899 1639 1058 1696; x_wconf 83' lang='grc' dir='ltr'>τοῦτο</span> <span class='ocrx_word' id='word_1_135' title='bbox 1077 1639 1259 1712; x_wconf 74' lang='grc' dir='ltr'>εἴπῃς.</span> <span class='ocrx_word' id='word_1_136' title='bbox 1284 1640 1365 1693; x_wconf 87' lang='grc' dir='ltr'>ὅτι</span> <span class='ocrx_word' id='word_1_137' title='bbox 1389 1641 1449 1693; x_wconf 86' lang='grc' dir='ltr'>τὸ</span> <span class='ocrx_word' id='word_1_138' title='bbox 1478 1640 1690 1711; x_wconf 74' lang='grc' dir='ltr'>ἱμάτιον</span> <span class='ocrx_word' id='word_1_139' title='bbox 1718 1641 1779 1694; x_wconf 90' lang='lat'><strong>16</strong></span> <span class='ocrx_word' id='word_1_140' title='bbox 1804 1641 1894 1695; x_wconf 82' lang='lat' dir='ltr'>06v</span> <span class='ocrx_word' id='word_1_141' title='bbox 1922 1642 1974 1705; x_wconf 68' lang='grc' dir='ltr'>δ,</span> <span class='ocrx_word' id='word_1_142' title='bbox 2002 1641 2119 1696; x_wconf 80' lang='grc' dir='ltr'>ἀλλ’</span> 
     </span>
    </p>
   </div>
   <div class='ocr_carea' id='block_1_17' title="bbox 542 1723 2121 1798">
    <p class='ocr_par' dir='ltr' id='par_1_17' title="bbox 542 1723 2121 1798">
     <span class='ocr_line' id='line_1_17' title="bbox 542 1723 2121 1798; baseline 0.001 -20"><span class='ocrx_word' id='word_1_143' title='bbox 542 1726 626 1779; x_wconf 78' lang='grc' dir='ltr'>ὅτι</span> <span class='ocrx_word' id='word_1_144' title='bbox 654 1725 915 1797; x_wconf 90' lang='grc' dir='ltr'>πρότερον</span> <span class='ocrx_word' id='word_1_145' title='bbox 944 1724 1043 1797; x_wconf 77' lang='grc' dir='ltr'>τὴν</span> <span class='ocrx_word' id='word_1_146' title='bbox 1078 1723 1274 1778; x_wconf 86' lang='grc' dir='ltr'>ἐαυτοῦ</span> <span class='ocrx_word' id='word_1_147' title='bbox 1309 1725 1535 1797; x_wconf 82' lang='grc' dir='ltr'>καρδίαν</span> <span class='ocrx_word' id='word_1_148' title='bbox 1572 1723 1876 1798; x_wconf 78' lang='grc' dir='ltr'>διέρρηξεν.</span> <span class='ocrx_word' id='word_1_149' title='bbox 1908 1726 2121 1798; x_wconf 84' lang='grc' dir='ltr'>Ὥσπερ</span> 
     </span>
    </p>
   </div>
   <div class='ocr_carea' id='block_1_18' title="bbox 543 1807 2118 1881">
    <p class='ocr_par' dir='ltr' id='par_1_18' title="bbox 543 1807 2118 1881">
     <span class='ocr_line' id='line_1_18' title="bbox 543 1807 2118 1881; baseline 0.002 -21"><span class='ocrx_word' id='word_1_150' title='bbox 543 1808 655 1879; x_wconf 81' lang='lat'>7&amp;9</span> <span class='ocrx_word' id='word_1_151' title='bbox 685 1808 898 1881; x_wconf 86' lang='grc' dir='ltr'>ῖκτερος</span> <span class='ocrx_word' id='word_1_152' title='bbox 928 1809 1029 1863; x_wconf 88' lang='grc' dir='ltr'>οὑκ</span> <span class='ocrx_word' id='word_1_153' title='bbox 1059 1809 1125 1863; x_wconf 84' lang='grc' dir='ltr'>ἂν</span> <span class='ocrx_word' id='word_1_154' title='bbox 1152 1807 1382 1877; x_wconf 73' lang='grc' dir='ltr'>γίνοιτο,</span> <span class='ocrx_word' id='word_1_155' title='bbox 1422 1808 1498 1880; x_wconf 81' lang='grc' dir='ltr'>μὴ</span> <span class='ocrx_word' id='word_1_156' title='bbox 1537 1807 1638 1879; x_wconf 84' lang='grc' dir='ltr'>τῆς</span> <span class='ocrx_word' id='word_1_157' title='bbox 1683 1808 1845 1879; x_wconf 82' lang='grc' dir='ltr'>χολῆς</span> <span class='ocrx_word' id='word_1_158' title='bbox 1888 1809 2118 1881; x_wconf 77' lang='grc' dir='ltr'>διαρρα-</span> 
     </span>
    </p>
   </div>
   <div class='ocr_carea' id='block_1_19' title="bbox 543 1890 2119 1963">
    <p class='ocr_par' dir='ltr' id='par_1_19' title="bbox 543 1890 2119 1963">
     <span class='ocr_line' id='line_1_19' title="bbox 543 1890 2119 1963; baseline 0.001 -20"><span class='ocrx_word' id='word_1_159' title='bbox 543 1892 755 1959; x_wconf 83' lang='grc' dir='ltr'>γείσης,</span> <span class='ocrx_word' id='word_1_160' title='bbox 782 1891 877 1945; x_wconf 73' lang='grc' dir='ltr'>καὶ</span> <span class='ocrx_word' id='word_1_161' title='bbox 918 1892 1042 1955; x_wconf 79' lang='grc' dir='ltr'>τοὺς</span> <span class='ocrx_word' id='word_1_162' title='bbox 1069 1890 1299 1955; x_wconf 81' lang='grc' dir='ltr'>οἰκείους</span> <span class='ocrx_word' id='word_1_163' title='bbox 1349 1891 1509 1963; x_wconf 84' lang='grc' dir='ltr'>ὄρους</span> <span class='ocrx_word' id='word_1_164' title='bbox 1554 1891 1902 1963; x_wconf 85' lang='grc' dir='ltr'>ὑπερϐάσης·</span> <span class='ocrx_word' id='word_1_165' title='bbox 1946 1892 2119 1959; x_wconf 77' lang='grc' dir='ltr'>οὕτως</span> 
     </span>
    </p>
   </div>
   <div class='ocr_carea' id='block_1_20' title="bbox 540 1974 2122 2050">
    <p class='ocr_par' dir='ltr' id='par_1_20' title="bbox 540 1974 2122 2050">
     <span class='ocr_line' id='line_1_20' title="bbox 540 1974 2122 2050; baseline 0.001 -22"><span class='ocrx_word' id='word_1_166' title='bbox 540 1974 642 2028; x_wconf 87' lang='grc' dir='ltr'>οὑκ</span> <span class='ocrx_word' id='word_1_167' title='bbox 674 1974 741 2028; x_wconf 79' lang='grc' dir='ltr'>ἂν</span> <span class='ocrx_word' id='word_1_168' title='bbox 769 1974 937 2045; x_wconf 74' lang='grc' dir='ltr'>θυμὸς</span> <span class='ocrx_word' id='word_1_169' title='bbox 962 1976 1199 2046; x_wconf 77' lang='grc' dir='ltr'>ἄμετρος</span> <span class='ocrx_word' id='word_1_170' title='bbox 1222 1974 1449 2043; x_wconf 78' lang='grc' dir='ltr'>γένοιτο,</span> <span class='ocrx_word' id='word_1_171' title='bbox 1487 1974 1560 2046; x_wconf 80' lang='grc' dir='ltr'>μὴ</span> <span class='ocrx_word' id='word_1_172' title='bbox 1588 1975 1687 2047; x_wconf 82' lang='grc' dir='ltr'>τῆς</span> <span class='ocrx_word' id='word_1_173' title='bbox 1716 1975 1943 2047; x_wconf 77' lang='grc' dir='ltr'>καρδίας</span> <span class='ocrx_word' id='word_1_174' title='bbox 1975 1977 2122 2050; x_wconf 80' lang='grc' dir='ltr'>διαρ-</span> 
     </span>
    </p>
   </div>
   <div class='ocr_carea' id='block_1_21' title="bbox 542 2054 2120 2132">
    <p class='ocr_par' dir='ltr' id='par_1_21' title="bbox 542 2054 2120 2132">
     <span class='ocr_line' id='line_1_21' title="bbox 542 2054 2120 2132; baseline -0.001 -16"><span class='ocrx_word' id='word_1_175' title='bbox 542 2058 824 2129; x_wconf 71' lang='grc' dir='ltr'>ῥαγείσης.</span> <span class='ocrx_word' id='word_1_176' title='bbox 865 2060 1073 2130; x_wconf 81' lang='grc' dir='ltr'>’Ὠσπερ</span> <span class='ocrx_word' id='word_1_177' title='bbox 1110 2054 1224 2121; x_wconf 78' lang='grc' dir='ltr'>οὖν,</span> <span class='ocrx_word' id='word_1_178' title='bbox 1271 2057 1338 2112; x_wconf 84' lang='grc' dir='ltr'>ἂν</span> <span class='ocrx_word' id='word_1_179' title='bbox 1368 2059 1483 2128; x_wconf 80' lang='grc' dir='ltr'>ίδῃς</span> <span class='ocrx_word' id='word_1_180' title='bbox 1515 2059 1635 2112; x_wconf 88' lang='grc' dir='ltr'>τινά</span> <span class='ocrx_word' id='word_1_181' title='bbox 1676 2059 1872 2131; x_wconf 84' lang='grc' dir='ltr'>ίκτέρῳ</span> <span class='ocrx_word' id='word_1_182' title='bbox 1901 2062 2120 2132; x_wconf 86' lang='grc' dir='ltr'>κατεχό-</span> 
     </span>
    </p>
   </div>
   <div class='ocr_carea' id='block_1_22' title="bbox 543 2139 2120 2215">
    <p class='ocr_par' dir='ltr' id='par_1_22' title="bbox 543 2139 2120 2215">
     <span class='ocr_line' id='line_1_22' title="bbox 543 2139 2120 2215; baseline 0.003 -22"><span class='ocrx_word' id='word_1_183' title='bbox 543 2156 724 2211; x_wconf 85' lang='grc' dir='ltr'>μενον.</span> <span class='ocrx_word' id='word_1_184' title='bbox 753 2139 858 2194; x_wconf 80' lang='grc' dir='ltr'>κᾶν</span> <span class='ocrx_word' id='word_1_185' title='bbox 888 2142 1054 2214; x_wconf 90' lang='grc' dir='ltr'>μυρία</span> <span class='ocrx_word' id='word_1_186' title='bbox 1077 2142 1380 2214; x_wconf 84' lang='grc' dir='ltr'>ἐργάσηται</span> <span class='ocrx_word' id='word_1_187' title='bbox 1405 2141 1575 2209; x_wconf 79' lang='grc' dir='ltr'>δεινά,</span> <span class='ocrx_word' id='word_1_188' title='bbox 1605 2142 1706 2196; x_wconf 88' lang='grc' dir='ltr'>οὑκ</span> <span class='ocrx_word' id='word_1_189' title='bbox 1732 2142 1799 2196; x_wconf 85' lang='grc' dir='ltr'>ἀν</span> <span class='ocrx_word' id='word_1_190' title='bbox 1817 2143 1958 2197; x_wconf 88' lang='grc' dir='ltr'>ἐλοιο</span> <span class='ocrx_word' id='word_1_191' title='bbox 1982 2144 2120 2215; x_wconf 81' lang='grc' dir='ltr'>πρὸς</span> 
     </span>
    </p>
   </div>
   <div class='ocr_carea' id='block_1_23' title="bbox 541 2224 2121 2296">
    <p class='ocr_par' dir='ltr' id='par_1_23' title="bbox 541 2224 2121 2296">
     <span class='ocr_line' id='line_1_23' title="bbox 541 2224 2121 2296; baseline 0.004 -20"><span class='ocrx_word' id='word_1_192' title='bbox 541 2224 770 2277; x_wconf 83' lang='grc' dir='ltr'>σεαυτὸν</span> <span class='ocrx_word' id='word_1_193' title='bbox 822 2224 1230 2280; x_wconf 75' lang='grc' dir='ltr'>ἐπισπάσασθαι</span> <span class='ocrx_word' id='word_1_194' title='bbox 1274 2224 1336 2279; x_wconf 90' lang='lat'><strong>16</strong></span> <span class='ocrx_word' id='word_1_195' title='bbox 1369 2224 1581 2296; x_wconf 84' lang='grc' dir='ltr'>νόσημα</span> <span class='ocrx_word' id='word_1_196' title='bbox 1619 2240 1633 2255; x_wconf 79' lang='lat'><strong><em>°</em></strong></span> <span class='ocrx_word' id='word_1_197' title='bbox 1689 2225 1835 2280; x_wconf 85' lang='grc' dir='ltr'>οὑτω</span> <span class='ocrx_word' id='word_1_198' title='bbox 1888 2227 1981 2280; x_wconf 80' lang='grc' dir='ltr'>καὶ</span> <span class='ocrx_word' id='word_1_199' title='bbox 2026 2229 2121 2282; x_wconf 76' lang='grc' dir='ltr'>ἐπὶ</span> 
     </span>
    </p>
   </div>
   <div class='ocr_carea' id='block_1_24' title="bbox 536 2305 2117 2380">
    <p class='ocr_par' dir='ltr' id='par_1_24' title="bbox 536 2305 2117 2380">
     <span class='ocr_line' id='line_1_24' title="bbox 536 2305 2117 2380; baseline 0.003 -20"><span class='ocrx_word' id='word_1_200' title='bbox 536 2305 636 2360; x_wconf 83' lang='grc' dir='ltr'>τοῦ</span> <span class='ocrx_word' id='word_1_201' title='bbox 662 2306 860 2377; x_wconf 87' lang='grc' dir='ltr'>θυμοῦ.</span> <span class='ocrx_word' id='word_1_202' title='bbox 903 2306 995 2379; x_wconf 78' lang='grc' dir='ltr'>Μὴ</span> <span class='ocrx_word' id='word_1_203' title='bbox 1028 2306 1215 2378; x_wconf 79' lang='grc' dir='ltr'>ζηλοῦ,</span> <span class='ocrx_word' id='word_1_204' title='bbox 1248 2308 1383 2379; x_wconf 87' lang='grc' dir='ltr'>μηδέ</span> <span class='ocrx_word' id='word_1_205' title='bbox 1418 2307 1587 2377; x_wconf 88' lang='grc' dir='ltr'>μιμοῦ</span> <span class='ocrx_word' id='word_1_206' title='bbox 1618 2309 1717 2380; x_wconf 82' lang='grc' dir='ltr'>τὴν</span> <span class='ocrx_word' id='word_1_207' title='bbox 1750 2311 1967 2378; x_wconf 80' lang='grc' dir='ltr'>κακίαν,</span> <span class='ocrx_word' id='word_1_208' title='bbox 2001 2310 2117 2365; x_wconf 85' lang='grc' dir='ltr'>ἀλλ’</span> 
     </span>
    </p>
   </div>
   <div class='ocr_carea' id='block_1_25' title="bbox 538 2378 2114 2465">
    <p class='ocr_par' dir='ltr' id='par_1_25' title="bbox 538 2378 2114 2465">
     <span class='ocr_line' id='line_1_25' title="bbox 538 2378 2114 2465; baseline 0.003 -22"><span class='ocrx_word' id='word_1_209' title='bbox 538 2389 681 2443; x_wconf 74' lang='grc' dir='ltr'>ἐλέει</span> <span class='ocrx_word' id='word_1_210' title='bbox 706 2378 955 2443; x_wconf 86' lang='grc' dir='ltr'>κάκεῖνον</span> <span class='ocrx_word' id='word_1_211' title='bbox 981 2378 1073 2443; x_wconf 82' lang='grc' dir='ltr'>τὸν</span> <span class='ocrx_word' id='word_1_212' title='bbox 1098 2390 1159 2443; x_wconf 92' lang='grc' dir='ltr'>οὑ</span> <span class='ocrx_word' id='word_1_213' title='bbox 1204 2378 1525 2460; x_wconf 81' lang='grc' dir='ltr'>χαλινοῦντα</span> <span class='ocrx_word' id='word_1_214' title='bbox 1549 2390 1611 2443; x_wconf 89' lang='lat'><strong>16</strong></span> <span class='ocrx_word' id='word_1_215' title='bbox 1637 2378 1695 2445; x_wconf 86' lang='grc' dir='ltr'>ἐν</span> <span class='ocrx_word' id='word_1_216' title='bbox 1724 2392 1873 2463; x_wconf 86' lang='grc' dir='ltr'>αὑτῷ</span> <span class='ocrx_word' id='word_1_217' title='bbox 1907 2393 2114 2465; x_wconf 78' lang='grc' dir='ltr'>θηρίον,</span> 
     </span>
    </p>
   </div>
   <div class='ocr_carea' id='block_1_26' title="bbox 537 2471 2120 2546">
    <p class='ocr_par' dir='ltr' id='par_1_26' title="bbox 537 2471 2120 2546">
     <span class='ocr_line' id='line_1_26' title="bbox 537 2471 2120 2546; baseline 0.003 -20"><span class='ocrx_word' id='word_1_218' title='bbox 537 2471 677 2527; x_wconf 71' lang='grc' dir='ltr'>ἀλλὰ</span> <span class='ocrx_word' id='word_1_219' title='bbox 726 2474 987 2544; x_wconf 89' lang='grc' dir='ltr'>πρότερον</span> <span class='ocrx_word' id='word_1_220' title='bbox 1039 2471 1231 2526; x_wconf 74' lang='grc' dir='ltr'>ἐαυτὸν</span> <span class='ocrx_word' id='word_1_221' title='bbox 1282 2472 1687 2545; x_wconf 75' lang='grc' dir='ltr'>λυμαινόμενον,</span> <span class='ocrx_word' id='word_1_222' title='bbox 1738 2477 1832 2530; x_wconf 74' lang='grc' dir='ltr'>καὶ</span> <span class='ocrx_word' id='word_1_223' title='bbox 1879 2476 2120 2546; x_wconf 83' lang='grc' dir='ltr'>διαφθεί-</span> 
     </span>
    </p>
   </div>
   <div class='ocr_carea' id='block_1_27' title="bbox 542 2553 2116 2630">
    <p class='ocr_par' dir='ltr' id='par_1_27' title="bbox 542 2553 2116 2630">
     <span class='ocr_line' id='line_1_27' title="bbox 542 2553 2116 2630; baseline 0.004 -21"><span class='ocrx_word' id='word_1_224' title='bbox 542 2572 726 2627; x_wconf 87' lang='grc' dir='ltr'>ροντα.</span> <span class='ocrx_word' id='word_1_225' title='bbox 773 2556 898 2609; x_wconf 87' lang='grc' dir='ltr'>Ὅτι</span> <span class='ocrx_word' id='word_1_226' title='bbox 942 2553 1053 2627; x_wconf 88' lang='lat'>7&amp;9</span> <span class='ocrx_word' id='word_1_227' title='bbox 1099 2555 1327 2620; x_wconf 73' lang='grc' dir='ltr'>ἑαυτοὺς</span> <span class='ocrx_word' id='word_1_228' title='bbox 1374 2558 1424 2610; x_wconf 78' lang='grc' dir='ltr'>οἱ</span> <span class='ocrx_word' id='word_1_229' title='bbox 1469 2557 1701 2613; x_wconf 88' lang='grc' dir='ltr'>τοιοῦτοι</span> <span class='ocrx_word' id='word_1_230' title='bbox 1745 2560 2116 2630; x_wconf 84' lang='grc' dir='ltr'>λυμαίνονται,</span> 
     </span>
    </p>
   </div>
   <div class='ocr_carea' id='block_1_28' title="bbox 539 2637 2118 2707">
    <p class='ocr_par' dir='ltr' id='par_1_28' title="bbox 539 2637 2118 2707">
     <span class='ocr_line' id='line_1_28' title="bbox 539 2637 2118 2707; baseline 0.004 -14"><span class='ocrx_word' id='word_1_231' title='bbox 539 2637 762 2693; x_wconf 78' lang='grc' dir='ltr'>ἀκούειν</span> <span class='ocrx_word' id='word_1_232' title='bbox 789 2637 903 2692; x_wconf 74' lang='grc' dir='ltr'>ἔστι</span> <span class='ocrx_word' id='word_1_233' title='bbox 951 2637 1163 2692; x_wconf 84' lang='grc' dir='ltr'>πολλῶν</span> <span class='ocrx_word' id='word_1_234' title='bbox 1201 2638 1311 2693; x_wconf 87' lang='grc' dir='ltr'>τῶν</span> <span class='ocrx_word' id='word_1_235' title='bbox 1354 2639 1454 2704; x_wconf 87' lang='grc' dir='ltr'>τάς</span> <span class='ocrx_word' id='word_1_236' title='bbox 1498 2640 1752 2707; x_wconf 86' lang='grc' dir='ltr'>τοιαύτας</span> <span class='ocrx_word' id='word_1_237' title='bbox 1797 2642 2118 2700; x_wconf 88' lang='grc' dir='ltr'>διαλυόντων</span> 
     </span>
    </p>
   </div>
   <div class='ocr_carea' id='block_1_29' title="bbox 542 2721 2115 2795">
    <p class='ocr_par' dir='ltr' id='par_1_29' title="bbox 542 2721 2115 2795">
     <span class='ocr_line' id='line_1_29' title="bbox 542 2721 2115 2795; baseline 0.005 -22"><span class='ocrx_word' id='word_1_238' title='bbox 542 2721 743 2792; x_wconf 83' lang='grc' dir='ltr'>μάχας,</span> <span class='ocrx_word' id='word_1_239' title='bbox 781 2721 940 2776; x_wconf 88' lang='grc' dir='ltr'>τοῦτο</span> <span class='ocrx_word' id='word_1_240' title='bbox 963 2721 1373 2793; x_wconf 86' lang='grc' dir='ltr'>παραινούντων</span> <span class='ocrx_word' id='word_1_241' title='bbox 1408 2722 1592 2788; x_wconf 89' lang='grc' dir='ltr'>αὑτοῖς</span> <span class='ocrx_word' id='word_1_242' title='bbox 1614 2740 1626 2755; x_wconf 78' lang='grc'><em>’</em></span> <span class='ocrx_word' id='word_1_243' title='bbox 1658 2722 1863 2779; x_wconf 75' lang='grc' dir='ltr'>Σαυτοῦ</span> <span class='ocrx_word' id='word_1_244' title='bbox 1892 2729 2074 2795; x_wconf 83' lang='grc' dir='ltr'>φεῖσαι</span> <span class='ocrx_word' id='word_1_245' title='bbox 2099 2743 2115 2759; x_wconf 77' lang='grc' dir='ltr'><strong>ο</strong></span> 
     </span>
    </p>
   </div>
   <div class='ocr_carea' id='block_1_30' title="bbox 540 2804 2120 2877">
    <p class='ocr_par' dir='ltr' id='par_1_30' title="bbox 540 2804 2120 2877">
     <span class='ocr_line' id='line_1_30' title="bbox 540 2804 2120 2877; baseline 0.005 -21"><span class='ocrx_word' id='word_1_246' title='bbox 540 2804 737 2858; x_wconf 86' lang='grc' dir='ltr'>σαυτὸν</span> <span class='ocrx_word' id='word_1_247' title='bbox 764 2804 987 2869; x_wconf 81' lang='grc' dir='ltr'>ἀδικεῖς.</span> <span class='ocrx_word' id='word_1_248' title='bbox 1027 2804 1279 2859; x_wconf 87' lang='grc' dir='ltr'>Τοιοῦτον</span> <span class='ocrx_word' id='word_1_249' title='bbox 1303 2804 1411 2877; x_wconf 74' lang='grc' dir='ltr'>γὰρ</span> <span class='ocrx_word' id='word_1_250' title='bbox 1440 2807 1474 2876; x_wconf 81' lang='grc' dir='ltr'>ἡ</span> <span class='ocrx_word' id='word_1_251' title='bbox 1512 2807 1680 2860; x_wconf 86' lang='grc' dir='ltr'>κακία</span> <span class='ocrx_word' id='word_1_252' title='bbox 1698 2824 1711 2836; x_wconf 92' lang='grc'><strong>·</strong></span> <span class='ocrx_word' id='word_1_253' title='bbox 1746 2809 1837 2862; x_wconf 78' lang='lat' dir='ltr'>16v</span> <span class='ocrx_word' id='word_1_254' title='bbox 1868 2808 2120 2864; x_wconf 83' lang='grc' dir='ltr'>τίκτοντα</span> 
     </span>
    </p>
   </div>
   <div class='ocr_carea' id='block_1_31' title="bbox 539 2885 2119 2959">
    <p class='ocr_par' dir='ltr' id='par_1_31' title="bbox 539 2885 2119 2959">
     <span class='ocr_line' id='line_1_31' title="bbox 539 2885 2119 2959; baseline 0.004 -21"><span class='ocrx_word' id='word_1_255' title='bbox 539 2885 709 2957; x_wconf 81' lang='grc' dir='ltr'>αὐτὴν</span> <span class='ocrx_word' id='word_1_256' title='bbox 767 2887 1089 2958; x_wconf 78' lang='grc' dir='ltr'>λυμαίνεται</span> <span class='ocrx_word' id='word_1_257' title='bbox 1162 2888 1323 2959; x_wconf 85' lang='grc' dir='ltr'>μόνον</span> <span class='ocrx_word' id='word_1_258' title='bbox 1348 2927 1365 2952; x_wconf 89' lang='grc'>,</span> <span class='ocrx_word' id='word_1_259' title='bbox 1426 2888 1607 2942; x_wconf 90' lang='grc' dir='ltr'>πάντα</span> <span class='ocrx_word' id='word_1_260' title='bbox 1658 2889 1770 2943; x_wconf 82' lang='grc' dir='ltr'>ἀνω</span> <span class='ocrx_word' id='word_1_261' title='bbox 1828 2892 1923 2945; x_wconf 79' lang='grc' dir='ltr'>καὶ</span> <span class='ocrx_word' id='word_1_262' title='bbox 1968 2893 2119 2946; x_wconf 87' lang='grc' dir='ltr'>κάτω</span> 
     </span>
    </p>
   </div>
   <div class='ocr_carea' id='block_1_32' title="bbox 538 2970 2114 3047">
    <p class='ocr_par' dir='ltr' id='par_1_32' title="bbox 538 2970 2114 3047">
     <span class='ocr_line' id='line_1_32' title="bbox 538 2970 2114 3047; baseline 0.002 -23"><span class='ocrx_word' id='word_1_263' title='bbox 538 2971 787 3025; x_wconf 87' lang='grc' dir='ltr'>ποιοῦσα.</span> <span class='ocrx_word' id='word_1_264' title='bbox 840 2971 932 3044; x_wconf 77' lang='grc' dir='ltr'>Μὴ</span> <span class='ocrx_word' id='word_1_265' title='bbox 972 2971 1151 3025; x_wconf 87' lang='grc' dir='ltr'>τοίνυν</span> <span class='ocrx_word' id='word_1_266' title='bbox 1183 2970 1496 3043; x_wconf 86' lang='grc' dir='ltr'>βουλόμενοι</span> <span class='ocrx_word' id='word_1_267' title='bbox 1526 2971 1826 3042; x_wconf 89' lang='grc' dir='ltr'>ἀμύνεσθαι</span> <span class='ocrx_word' id='word_1_268' title='bbox 1872 2974 2114 3047; x_wconf 83' lang='grc' dir='ltr'>ἐτέρους,</span> 
     </span>
    </p>
   </div>
   <div class='ocr_carea' id='block_1_33' title="bbox 536 3053 2118 3129">
    <p class='ocr_par' dir='ltr' id='par_1_33' title="bbox 536 3053 2118 3129">
     <span class='ocr_line' id='line_1_33' title="bbox 536 3053 2118 3129; baseline 0.002 -20"><span class='ocrx_word' id='word_1_269' title='bbox 536 3054 693 3110; x_wconf 82' lang='grc' dir='ltr'>αὐτοὶ</span> <span class='ocrx_word' id='word_1_270' title='bbox 733 3053 827 3110; x_wconf 89' lang='grc' dir='ltr'>τοῦ</span> <span class='ocrx_word' id='word_1_271' title='bbox 873 3054 1093 3128; x_wconf 81' lang='grc' dir='ltr'>λιμένος</span> <span class='ocrx_word' id='word_1_272' title='bbox 1132 3055 1477 3126; x_wconf 83' lang='grc' dir='ltr'>ἐκπέσωμεν.</span> <span class='ocrx_word' id='word_1_273' title='bbox 1509 3055 1643 3110; x_wconf 86' lang='grc' dir='ltr'>Οὐδὲ</span> <span class='ocrx_word' id='word_1_274' title='bbox 1666 3056 1773 3128; x_wconf 84' lang='grc' dir='ltr'>γὰρ</span> <span class='ocrx_word' id='word_1_275' title='bbox 1801 3057 1855 3110; x_wconf 81' lang='grc' dir='ltr'>εί</span> <span class='ocrx_word' id='word_1_276' title='bbox 1878 3075 1963 3123; x_wconf 89' lang='grc' dir='ltr'>τις</span> <span class='ocrx_word' id='word_1_277' title='bbox 1992 3059 2118 3129; x_wconf 80' lang='grc' dir='ltr'>μὲλ-</span> 
     </span>
    </p>
   </div>
   <div class='ocr_carea' id='block_1_34' title="bbox 536 3138 2117 3212">
    <p class='ocr_par' dir='ltr' id='par_1_34' title="bbox 536 3138 2117 3212">
     <span class='ocr_line' id='line_1_34' title="bbox 536 3138 2117 3212; baseline 0.003 -21"><span class='ocrx_word' id='word_1_278' title='bbox 536 3138 646 3192; x_wconf 90' lang='grc' dir='ltr'>λων</span> <span class='ocrx_word' id='word_1_279' title='bbox 683 3140 976 3207; x_wconf 81' lang='grc' dir='ltr'>ναυαγεῖν.</span> <span class='ocrx_word' id='word_1_280' title='bbox 1009 3139 1103 3193; x_wconf 75' lang='grc' dir='ltr'>καὶ</span> <span class='ocrx_word' id='word_1_281' title='bbox 1143 3138 1472 3211; x_wconf 86' lang='grc' dir='ltr'>ὑποϐρύχιος</span> <span class='ocrx_word' id='word_1_282' title='bbox 1502 3138 1780 3207; x_wconf 87' lang='grc' dir='ltr'>γίνεσθαι,</span> <span class='ocrx_word' id='word_1_283' title='bbox 1821 3140 2011 3212; x_wconf 83' lang='grc' dir='ltr'>ὑϐρισέ</span> <span class='ocrx_word' id='word_1_284' title='bbox 2057 3160 2117 3195; x_wconf 89' lang='grc' dir='ltr'>σε</span> 
     </span>
    </p>
   </div>
   <div class='ocr_carea' id='block_1_35' title="bbox 537 3221 2118 3293">
    <p class='ocr_par' dir='ltr' id='par_1_35' title="bbox 537 3221 2118 3293">
     <span class='ocr_line' id='line_1_35' title="bbox 537 3221 2118 3293; baseline 0.003 -19"><span class='ocrx_word' id='word_1_285' title='bbox 537 3223 633 3276; x_wconf 76' lang='grc' dir='ltr'>ἐπὶ</span> <span class='ocrx_word' id='word_1_286' title='bbox 657 3222 759 3291; x_wconf 86' lang='grc' dir='ltr'>τῆς</span> <span class='ocrx_word' id='word_1_287' title='bbox 801 3221 906 3291; x_wconf 80' lang='grc' dir='ltr'>γῆς</span> <span class='ocrx_word' id='word_1_288' title='bbox 936 3221 1266 3293; x_wconf 88' lang='grc' dir='ltr'>καθήμενον,</span> <span class='ocrx_word' id='word_1_289' title='bbox 1313 3222 1557 3291; x_wconf 79' lang='grc' dir='ltr'>ήλγησας</span> <span class='ocrx_word' id='word_1_290' title='bbox 1593 3221 1682 3286; x_wconf 81' lang='grc' dir='ltr'>ἂν,</span> <span class='ocrx_word' id='word_1_291' title='bbox 1730 3223 1852 3277; x_wconf 76' lang='grc' dir='ltr'>οὑδὲ</span> <span class='ocrx_word' id='word_1_292' title='bbox 1887 3224 2118 3289; x_wconf 81' lang='grc' dir='ltr'>ἐξελθὼν</span> 
     </span>
    </p>
   </div>
   <div class='ocr_carea' id='block_1_36' title="bbox 537 3303 2120 3375">
    <p class='ocr_par' dir='ltr' id='par_1_36' title="bbox 537 3303 2120 3375">
     <span class='ocr_line' id='line_1_36' title="bbox 537 3303 2120 3375; baseline 0.003 -18"><span class='ocrx_word' id='word_1_293' title='bbox 537 3304 640 3375; x_wconf 81' lang='grc' dir='ltr'>τῆς</span> <span class='ocrx_word' id='word_1_294' title='bbox 664 3303 770 3373; x_wconf 82' lang='grc' dir='ltr'>γῆς</span> <span class='ocrx_word' id='word_1_295' title='bbox 802 3303 1167 3374; x_wconf 85' lang='grc' dir='ltr'>ἐκοινώνησας</span> <span class='ocrx_word' id='word_1_296' title='bbox 1192 3303 1341 3375; x_wconf 77' lang='grc' dir='ltr'>αὐτῷ</span> <span class='ocrx_word' id='word_1_297' title='bbox 1374 3303 1467 3357; x_wconf 88' lang='grc' dir='ltr'>τοῦ</span> <span class='ocrx_word' id='word_1_298' title='bbox 1497 3305 1779 3374; x_wconf 85' lang='grc' dir='ltr'>ναυαγίου.</span> <span class='ocrx_word' id='word_1_299' title='bbox 1816 3306 1987 3361; x_wconf 91' lang='grc' dir='ltr'>Τοῦτο</span> <span class='ocrx_word' id='word_1_300' title='bbox 2010 3307 2120 3362; x_wconf 87' lang='grc' dir='ltr'>τοί-</span> 
     </span>
    </p>
   </div>
   <div class='ocr_carea' id='block_1_37' title="bbox 536 3386 2115 3460">
    <p class='ocr_par' dir='ltr' id='par_1_37' title="bbox 536 3386 2115 3460">
     <span class='ocr_line' id='line_1_37' title="bbox 536 3386 2115 3460; baseline 0.002 -19"><span class='ocrx_word' id='word_1_301' title='bbox 536 3404 637 3441; x_wconf 87' lang='grc' dir='ltr'>νυν</span> <span class='ocrx_word' id='word_1_302' title='bbox 664 3386 1007 3455; x_wconf 74' lang='grc' dir='ltr'>ἀναλογίζου,</span> <span class='ocrx_word' id='word_1_303' title='bbox 1041 3389 1125 3441; x_wconf 83' lang='grc' dir='ltr'>ὅτι</span> <span class='ocrx_word' id='word_1_304' title='bbox 1155 3390 1185 3441; x_wconf 97' lang='lat'>6</span> <span class='ocrx_word' id='word_1_305' title='bbox 1214 3388 1313 3458; x_wconf 79' lang='grc' dir='ltr'>μὲν</span> <span class='ocrx_word' id='word_1_306' title='bbox 1344 3388 1582 3458; x_wconf 72' lang='grc' dir='ltr'>ὑϐρίζων</span> <span class='ocrx_word' id='word_1_307' title='bbox 1612 3405 1674 3441; x_wconf 89' lang='grc' dir='ltr'>σε</span> <span class='ocrx_word' id='word_1_308' title='bbox 1697 3387 1792 3443; x_wconf 79' lang='grc' dir='ltr'>καὶ</span> <span class='ocrx_word' id='word_1_309' title='bbox 1822 3390 2115 3460; x_wconf 89' lang='grc' dir='ltr'>παροινῶν,</span> 
     </span>
    </p>
   </div>
   <div class='ocr_carea' id='block_1_38' title="bbox 538 3468 2115 3543">
    <p class='ocr_par' dir='ltr' id='par_1_38' title="bbox 538 3468 2115 3543">
     <span class='ocr_line' id='line_1_38' title="bbox 538 3468 2115 3543; baseline 0.003 -20"><span class='ocrx_word' id='word_1_310' title='bbox 538 3468 730 3541; x_wconf 83' lang='grc' dir='ltr'>ῶσπερ</span> <span class='ocrx_word' id='word_1_311' title='bbox 770 3470 962 3540; x_wconf 76' lang='grc' dir='ltr'>ἰλίγγῳ</span> <span class='ocrx_word' id='word_1_312' title='bbox 1000 3472 1140 3534; x_wconf 71' lang='grc' dir='ltr'>τινὶ,</span> <span class='ocrx_word' id='word_1_313' title='bbox 1180 3470 1213 3540; x_wconf 85' lang='grc' dir='ltr'>ἢ</span> <span class='ocrx_word' id='word_1_314' title='bbox 1259 3471 1532 3538; x_wconf 83' lang='grc' dir='ltr'>καταιγίδι</span> <span class='ocrx_word' id='word_1_315' title='bbox 1566 3471 2115 3543; x_wconf 76' lang='grc' dir='ltr'>καταποντιζόμενος,</span> 
     </span>
    </p>
   </div>
   <div class='ocr_carea' id='block_1_39' title="bbox 540 3553 2118 3629">
    <p class='ocr_par' dir='ltr' id='par_1_39' title="bbox 540 3553 2118 3629">
     <span class='ocr_line' id='line_1_39' title="bbox 540 3553 2118 3629; baseline 0.003 -23"><span class='ocrx_word' id='word_1_316' title='bbox 540 3553 870 3626; x_wconf 87' lang='grc' dir='ltr'>ὑποϐρύχιος</span> <span class='ocrx_word' id='word_1_317' title='bbox 898 3555 1128 3623; x_wconf 88' lang='grc' dir='ltr'>γίνεται.</span> <span class='ocrx_word' id='word_1_318' title='bbox 1168 3553 1247 3625; x_wconf 84' lang='grc' dir='ltr'>τῷ</span> <span class='ocrx_word' id='word_1_319' title='bbox 1282 3554 1376 3608; x_wconf 88' lang='grc' dir='ltr'>τοῦ</span> <span class='ocrx_word' id='word_1_320' title='bbox 1407 3554 1580 3625; x_wconf 89' lang='grc' dir='ltr'>θυμοῦ</span> <span class='ocrx_word' id='word_1_321' title='bbox 1609 3556 1854 3626; x_wconf 86' lang='grc' dir='ltr'>ναυαγίῳ</span> <span class='ocrx_word' id='word_1_322' title='bbox 1887 3575 2118 3629; x_wconf 83' lang='grc' dir='ltr'>περιπε-</span> 
     </span>
    </p>
   </div>
   <div class='ocr_carea' id='block_1_40' title="bbox 539 3635 2117 3711">
    <p class='ocr_par' dir='ltr' id='par_1_40' title="bbox 539 3635 2117 3711">
     <span class='ocr_line' id='line_1_40' title="bbox 539 3635 2117 3711; baseline 0.004 -21"><span class='ocrx_word' id='word_1_323' title='bbox 539 3635 649 3690; x_wconf 84' lang='grc' dir='ltr'>σών</span> <span class='ocrx_word' id='word_1_324' title='bbox 672 3653 687 3669; x_wconf 77' lang='lat'><strong><em>°</em></strong></span> <span class='ocrx_word' id='word_1_325' title='bbox 732 3638 797 3691; x_wconf 78' lang='grc' dir='ltr'>σὺ</span> <span class='ocrx_word' id='word_1_326' title='bbox 840 3637 899 3691; x_wconf 85' lang='grc' dir='ltr'>δέ</span> <span class='ocrx_word' id='word_1_327' title='bbox 938 3638 967 3691; x_wconf 92' lang='lat'>6</span> <span class='ocrx_word' id='word_1_328' title='bbox 1010 3638 1190 3709; x_wconf 74' lang='grc' dir='ltr'>φέρων</span> <span class='ocrx_word' id='word_1_329' title='bbox 1222 3637 1517 3706; x_wconf 87' lang='grc' dir='ltr'>γενναίως,</span> <span class='ocrx_word' id='word_1_330' title='bbox 1564 3639 1622 3690; x_wconf 88' lang='grc' dir='ltr'>ἐν</span> <span class='ocrx_word' id='word_1_331' title='bbox 1655 3638 1832 3709; x_wconf 81' lang='grc' dir='ltr'>λιμένι</span> <span class='ocrx_word' id='word_1_332' title='bbox 1861 3642 1954 3694; x_wconf 77' lang='grc' dir='ltr'>καὶ</span> <span class='ocrx_word' id='word_1_333' title='bbox 1988 3642 2117 3711; x_wconf 85' lang='grc' dir='ltr'>παρ’</span> 
     </span>
    </p>
   </div>
   <div class='ocr_carea' id='block_1_41' title="bbox 536 3719 2119 3796">
    <p class='ocr_par' dir='ltr' id='par_1_41' title="bbox 536 3719 2119 3796">
     <span class='ocr_line' id='line_1_41' title="bbox 536 3719 2119 3796; baseline 0.003 -24"><span class='ocrx_word' id='word_1_334' title='bbox 536 3721 784 3789; x_wconf 80' lang='grc' dir='ltr'>αἰγιαλὸν</span> <span class='ocrx_word' id='word_1_335' title='bbox 811 3724 1047 3793; x_wconf 80' lang='grc' dir='ltr'>τρυφᾷς,</span> <span class='ocrx_word' id='word_1_336' title='bbox 1092 3722 1215 3775; x_wconf 73' lang='grc' dir='ltr'>Ἐὰν</span> <span class='ocrx_word' id='word_1_337' title='bbox 1246 3721 1304 3773; x_wconf 81' lang='grc' dir='ltr'>δὲ</span> <span class='ocrx_word' id='word_1_338' title='bbox 1344 3720 1480 3789; x_wconf 80' lang='grc' dir='ltr'>πρὸς</span> <span class='ocrx_word' id='word_1_339' title='bbox 1516 3719 1606 3773; x_wconf 85' lang='grc' dir='ltr'>τὸν</span> <span class='ocrx_word' id='word_1_340' title='bbox 1633 3722 1794 3776; x_wconf 80' lang='grc' dir='ltr'>αὑτὸν</span> <span class='ocrx_word' id='word_1_341' title='bbox 1832 3723 2119 3796; x_wconf 74' lang='grc' dir='ltr'>ἐξενεχθῇς</span> 
     </span>
    </p>
   </div>
   <div class='ocr_carea' id='block_1_42' title="bbox 533 3805 2115 3877">
    <p class='ocr_par' dir='ltr' id='par_1_42' title="bbox 533 3805 2115 3877">
     <span class='ocr_line' id='line_1_42' title="bbox 533 3805 2115 3877; baseline 0.003 -17"><span class='ocrx_word' id='word_1_342' title='bbox 533 3806 685 3877; x_wconf 83' lang='grc' dir='ltr'>αὐτῷ</span> <span class='ocrx_word' id='word_1_343' title='bbox 710 3806 891 3877; x_wconf 74' lang='grc' dir='ltr'>ζῆλον,</span> <span class='ocrx_word' id='word_1_344' title='bbox 920 3807 1020 3860; x_wconf 87' lang='grc' dir='ltr'>οὑκ</span> <span class='ocrx_word' id='word_1_345' title='bbox 1044 3807 1271 3870; x_wconf 79' lang='grc' dir='ltr'>ἐκεῖνον,</span> <span class='ocrx_word' id='word_1_346' title='bbox 1302 3805 1437 3859; x_wconf 73' lang='grc' dir='ltr'>ἀλλὰ</span> <span class='ocrx_word' id='word_1_347' title='bbox 1468 3806 1665 3860; x_wconf 79' lang='grc' dir='ltr'>σαυτὸν</span> <span class='ocrx_word' id='word_1_348' title='bbox 1697 3809 2115 3873; x_wconf 87' lang='grc' dir='ltr'>κατεπόντισας.</span> 
     </span>
    </p>
   </div>
   <div class='ocr_carea' id='block_1_43' title="bbox 549 3888 2120 3960">
    <p class='ocr_par' dir='ltr' id='par_1_43' title="bbox 549 3888 2120 3960">
     <span class='ocr_line' id='line_1_43' title="bbox 549 3888 2120 3960; baseline 0.003 -18"><span class='ocrx_word' id='word_1_349' title='bbox 549 3889 880 3957; x_wconf 72' lang='grc' dir='ltr'>Ἀνάστηθι,</span> <span class='ocrx_word' id='word_1_350' title='bbox 915 3890 1110 3955; x_wconf 81' lang='grc' dir='ltr'>Κύριε,</span> <span class='ocrx_word' id='word_1_351' title='bbox 1147 3890 1218 3943; x_wconf 85' lang='grc' dir='ltr'>ἐν</span> <span class='ocrx_word' id='word_1_352' title='bbox 1248 3888 1397 3958; x_wconf 75' lang='grc' dir='ltr'>ὀργῇ</span> <span class='ocrx_word' id='word_1_353' title='bbox 1425 3906 1564 3953; x_wconf 87' lang='grc' dir='ltr'>σου,</span> <span class='ocrx_word' id='word_1_354' title='bbox 1600 3889 1865 3959; x_wconf 70' lang='grc' dir='ltr'>ὑψώθητι</span> <span class='ocrx_word' id='word_1_355' title='bbox 1898 3893 1968 3946; x_wconf 81' lang='grc' dir='ltr'>ἐν</span> <span class='ocrx_word' id='word_1_356' title='bbox 1995 3893 2120 3960; x_wconf 85' lang='grc' dir='ltr'>τοῖς</span> 
     </span>
    </p>
   </div>
   <div class='ocr_carea' id='block_1_44' title="bbox 537 3970 2121 4051">
    <p class='ocr_par' dir='ltr' id='par_1_44' title="bbox 537 3970 2121 4051">
     <span class='ocr_line' id='line_1_44' title="bbox 537 3970 2121 4051; baseline 0.003 -26"><span class='ocrx_word' id='word_1_357' title='bbox 537 3973 755 4039; x_wconf 78' lang='grc' dir='ltr'>πέρασι</span> <span class='ocrx_word' id='word_1_358' title='bbox 792 3973 910 4026; x_wconf 83' lang='grc' dir='ltr'>τῶν</span> <span class='ocrx_word' id='word_1_359' title='bbox 944 3971 1173 4051; x_wconf 67' lang='grc' dir='ltr'>ἐχθρῶν</span> <span class='ocrx_word' id='word_1_360' title='bbox 1210 3988 1348 4026; x_wconf 90' lang='grc' dir='ltr'>σου.</span> <span class='ocrx_word' id='word_1_361' title='bbox 1393 3971 1564 4025; x_wconf 88' lang='grc' dir='ltr'>Τοῦτο</span> <span class='ocrx_word' id='word_1_362' title='bbox 1602 3972 1776 4037; x_wconf 79' lang='grc' dir='ltr'>οὕτως</span> <span class='ocrx_word' id='word_1_363' title='bbox 1819 3970 1963 4040; x_wconf 80' lang='grc' dir='ltr'>εἷπε,</span> <span class='ocrx_word' id='word_1_364' title='bbox 2010 3975 2121 4030; x_wconf 83' lang='grc' dir='ltr'>δει-</span> 
     </span>
    </p>
   </div>
   <div class='ocr_carea' id='block_1_45' title="bbox 539 4055 2118 4127">
    <p class='ocr_par' dir='ltr' id='par_1_45' title="bbox 539 4055 2118 4127">
     <span class='ocr_line' id='line_1_45' title="bbox 539 4055 2118 4127; baseline 0.001 -17"><span class='ocrx_word' id='word_1_365' title='bbox 539 4059 671 4120; x_wconf 82' lang='grc' dir='ltr'>κνὺς</span> <span class='ocrx_word' id='word_1_366' title='bbox 696 4056 777 4110; x_wconf 82' lang='grc' dir='ltr'>ὅτι</span> <span class='ocrx_word' id='word_1_367' title='bbox 820 4056 937 4109; x_wconf 79' lang='grc' dir='ltr'>ἐστι</span> <span class='ocrx_word' id='word_1_368' title='bbox 967 4055 1060 4108; x_wconf 68' lang='grc' dir='ltr'>καὶ</span> <span class='ocrx_word' id='word_1_369' title='bbox 1097 4055 1197 4108; x_wconf 90' lang='grc' dir='ltr'>οὑκ</span> <span class='ocrx_word' id='word_1_370' title='bbox 1244 4056 1301 4107; x_wconf 81' lang='grc' dir='ltr'>ἐν</span> <span class='ocrx_word' id='word_1_371' title='bbox 1334 4056 1472 4127; x_wconf 79' lang='grc' dir='ltr'>ὀργῇ</span> <span class='ocrx_word' id='word_1_372' title='bbox 1517 4055 1852 4126; x_wconf 80' lang='grc' dir='ltr'>ἀναστῆναι·</span> <span class='ocrx_word' id='word_1_373' title='bbox 1885 4058 1960 4122; x_wconf 82' lang='grc' dir='ltr'>ὡς</span> <span class='ocrx_word' id='word_1_374' title='bbox 1988 4061 2118 4114; x_wconf 81' lang='grc' dir='ltr'>ὅταν</span> 
     </span>
    </p>
   </div>
   <div class='ocr_carea' id='block_1_46' title="bbox 536 4137 2115 4214">
    <p class='ocr_par' dir='ltr' id='par_1_46' title="bbox 536 4137 2115 4214">
     <span class='ocr_line' id='line_1_46' title="bbox 536 4137 2115 4214; baseline 0.002 -21"><span class='ocrx_word' id='word_1_375' title='bbox 536 4141 704 4214; x_wconf 66' lang='grc' dir='ltr'>λέγει’</span> <span class='ocrx_word' id='word_1_376' title='bbox 746 4139 1017 4200; x_wconf 81' lang='grc' dir='ltr'>Ἀνάστα,</span> <span class='ocrx_word' id='word_1_377' title='bbox 1065 4140 1260 4206; x_wconf 79' lang='grc' dir='ltr'>Κύριε,</span> <span class='ocrx_word' id='word_1_378' title='bbox 1313 4137 1523 4192; x_wconf 88' lang='grc' dir='ltr'>σῶσόν</span> <span class='ocrx_word' id='word_1_379' title='bbox 1560 4155 1671 4207; x_wconf 84' lang='grc' dir='ltr'>με,</span> <span class='ocrx_word' id='word_1_380' title='bbox 1715 4142 1748 4192; x_wconf 84' lang='grc' dir='ltr'><em>ὁ</em></span> <span class='ocrx_word' id='word_1_381' title='bbox 1798 4141 1943 4206; x_wconf 86' lang='grc' dir='ltr'>Θεός</span> <span class='ocrx_word' id='word_1_382' title='bbox 1974 4159 2115 4210; x_wconf 83' lang='grc' dir='ltr'>μου.</span> 
     </span>
    </p>
   </div>
   <div class='ocr_carea' id='block_1_47' title="bbox 549 4221 2121 4292">
    <p class='ocr_par' dir='ltr' id='par_1_47' title="bbox 549 4221 2121 4292">
     <span class='ocr_line' id='line_1_47' title="bbox 549 4221 2121 4292; baseline 0.001 -15"><span class='ocrx_word' id='word_1_383' title='bbox 549 4222 789 4279; x_wconf 78' lang='grc' dir='ltr'>Ἀκούων</span> <span class='ocrx_word' id='word_1_384' title='bbox 814 4223 873 4277; x_wconf 80' lang='grc' dir='ltr'>δὲ</span> <span class='ocrx_word' id='word_1_385' title='bbox 901 4223 982 4285; x_wconf 86' lang='grc' dir='ltr'>τὸ,</span> <span class='ocrx_word' id='word_1_386' title='bbox 1012 4222 1283 4287; x_wconf 80' lang='grc' dir='ltr'>Ἀνάστα,</span> <span class='ocrx_word' id='word_1_387' title='bbox 1317 4221 1484 4292; x_wconf 80' lang='grc' dir='ltr'>μηδὲν</span> <span class='ocrx_word' id='word_1_388' title='bbox 1513 4222 1823 4292; x_wconf 83' lang='grc' dir='ltr'>σωματικὸν</span> <span class='ocrx_word' id='word_1_389' title='bbox 1848 4224 2121 4278; x_wconf 81' lang='grc' dir='ltr'>ὑποπτεύ-</span> 
     </span>
    </p>
   </div>
   <div class='ocr_carea' id='block_1_48' title="bbox 538 4305 2120 4379">
    <p class='ocr_par' dir='ltr' id='par_1_48' title="bbox 538 4305 2120 4379">
     <span class='ocr_line' id='line_1_48' title="bbox 538 4305 2120 4379; baseline 0 -18"><span class='ocrx_word' id='word_1_390' title='bbox 538 4324 659 4379; x_wconf 80' lang='grc' dir='ltr'>σῃς.</span> <span class='ocrx_word' id='word_1_391' title='bbox 684 4307 897 4379; x_wconf 78' lang='grc' dir='ltr'>’Ὥσπερ</span> <span class='ocrx_word' id='word_1_392' title='bbox 939 4306 1049 4378; x_wconf 89' lang='lat'>7&amp;9</span> <span class='ocrx_word' id='word_1_393' title='bbox 1090 4306 1152 4359; x_wconf 84' lang='lat'><strong>16</strong></span> <span class='ocrx_word' id='word_1_394' title='bbox 1182 4305 1452 4376; x_wconf 85' lang='grc' dir='ltr'>καθῆσθαι</span> <span class='ocrx_word' id='word_1_395' title='bbox 1494 4305 1588 4357; x_wconf 78' lang='grc' dir='ltr'>ἐπὶ</span> <span class='ocrx_word' id='word_1_396' title='bbox 1616 4305 1751 4359; x_wconf 87' lang='grc' dir='ltr'>Θεοῦ</span> <span class='ocrx_word' id='word_1_397' title='bbox 1776 4308 1835 4359; x_wconf 86' lang='grc' dir='ltr'>οὑ</span> <span class='ocrx_word' id='word_1_398' title='bbox 1874 4324 2120 4378; x_wconf 84' lang='grc' dir='ltr'>σωματι-</span> 
     </span>
    </p>
   </div>
   <div class='ocr_carea' id='block_1_49' title="bbox 535 4387 2120 4464">
    <p class='ocr_par' dir='ltr' id='par_1_49' title="bbox 535 4387 2120 4464">
     <span class='ocr_line' id='line_1_49' title="bbox 535 4387 2120 4464; baseline -0.002 -18"><span class='ocrx_word' id='word_1_399' title='bbox 535 4391 649 4455; x_wconf 87' lang='grc' dir='ltr'>κῶς</span> <span class='ocrx_word' id='word_1_400' title='bbox 678 4392 911 4464; x_wconf 77' lang='grc' dir='ltr'>εἴρηται,</span> <span class='ocrx_word' id='word_1_401' title='bbox 947 4387 1121 4452; x_wconf 78' lang='grc' dir='ltr'>οὑτως</span> <span class='ocrx_word' id='word_1_402' title='bbox 1151 4390 1273 4443; x_wconf 76' lang='grc' dir='ltr'>οὑδὲ</span> <span class='ocrx_word' id='word_1_403' title='bbox 1304 4388 1476 4443; x_wconf 90' lang='grc' dir='ltr'>τοῦτο.</span> <span class='ocrx_word' id='word_1_404' title='bbox 1516 4389 1598 4443; x_wconf 85' lang='grc' dir='ltr'>Σὺ</span> <span class='ocrx_word' id='word_1_405' title='bbox 1633 4390 1762 4459; x_wconf 83' lang='grc' dir='ltr'>γάρ,</span> <span class='ocrx_word' id='word_1_406' title='bbox 1798 4392 1952 4460; x_wconf 77' lang='grc' dir='ltr'>φησὶ,</span> <span class='ocrx_word' id='word_1_407' title='bbox 1982 4398 2120 4448; x_wconf 83' lang='grc' dir='ltr'>καθ-</span> 
     </span>
    </p>
   </div>
   <div class='ocr_carea' id='block_1_50' title="bbox 534 4468 2119 4546">
    <p class='ocr_par' dir='ltr' id='par_1_50' title="bbox 534 4468 2119 4546">
     <span class='ocr_line' id='line_1_50' title="bbox 534 4468 2119 4546; baseline 0.002 -20"><span class='ocrx_word' id='word_1_408' title='bbox 534 4476 758 4546; x_wconf 68' lang='grc' dir='ltr'>ήμενος</span> <span class='ocrx_word' id='word_1_409' title='bbox 790 4477 877 4541; x_wconf 82' lang='grc' dir='ltr'>είς</span> <span class='ocrx_word' id='word_1_410' title='bbox 922 4474 1029 4528; x_wconf 82' lang='grc' dir='ltr'>τὸν</span> <span class='ocrx_word' id='word_1_411' title='bbox 1069 4473 1273 4528; x_wconf 74' lang='grc' dir='ltr'>αἰῶνα.</span> <span class='ocrx_word' id='word_1_412' title='bbox 1317 4471 1383 4525; x_wconf 97' lang='grc' dir='ltr'>Τί</span> <span class='ocrx_word' id='word_1_413' title='bbox 1429 4468 1523 4526; x_wconf 80' lang='grc' dir='ltr'>οὖν</span> <span class='ocrx_word' id='word_1_414' title='bbox 1567 4474 1715 4525; x_wconf 81' lang='grc' dir='ltr'>ἐστιν</span> <span class='ocrx_word' id='word_1_415' title='bbox 1745 4484 1793 4537; x_wconf 74' lang='grc' dir='ltr'>ε,</span> <span class='ocrx_word' id='word_1_416' title='bbox 1821 4474 1849 4527; x_wconf 87' lang='grc' dir='ltr'><strong>ὃ</strong></span> <span class='ocrx_word' id='word_1_417' title='bbox 1892 4474 1979 4528; x_wconf 74' lang='grc' dir='ltr'>διά</span> <span class='ocrx_word' id='word_1_418' title='bbox 2020 4477 2119 4546; x_wconf 84' lang='grc' dir='ltr'>τῆς</span> 
     </span>
    </p>
   </div>
   <div class='ocr_carea' id='block_1_51' title="bbox 536 4555 2120 4629">
    <p class='ocr_par' dir='ltr' id='par_1_51' title="bbox 536 4555 2120 4629">
     <span class='ocr_line' id='line_1_51' title="bbox 536 4555 2120 4629; baseline 0.001 -18"><span class='ocrx_word' id='word_1_419' title='bbox 536 4558 803 4629; x_wconf 85' lang='grc' dir='ltr'>καθέδρας</span> <span class='ocrx_word' id='word_1_420' title='bbox 848 4558 1176 4623; x_wconf 88' lang='grc' dir='ltr'>αίνίττεται;</span> <span class='ocrx_word' id='word_1_421' title='bbox 1213 4555 1288 4610; x_wconf 85' lang='lat' dir='ltr'><em>T6</em></span> <span class='ocrx_word' id='word_1_422' title='bbox 1332 4556 1565 4628; x_wconf 78' lang='grc' dir='ltr'>ἑδραῖον,</span> <span class='ocrx_word' id='word_1_423' title='bbox 1597 4556 1672 4628; x_wconf 27' lang='lat'>.16</span> <span class='ocrx_word' id='word_1_424' title='bbox 1720 4559 2003 4627; x_wconf 82' lang='grc' dir='ltr'>πεπηγὸς,</span> <span class='ocrx_word' id='word_1_425' title='bbox 2056 4560 2120 4613; x_wconf 87' lang='lat'><strong>16</strong></span> 
     </span>
    </p>
   </div>
   <div class='ocr_carea' id='block_1_52' title="bbox 538 4637 2118 4711">
    <p class='ocr_par' dir='ltr' id='par_1_52' title="bbox 538 4637 2118 4711">
     <span class='ocr_line' id='line_1_52' title="bbox 538 4637 2118 4711; baseline 0.003 -19"><span class='ocrx_word' id='word_1_426' title='bbox 538 4639 760 4709; x_wconf 82' lang='grc' dir='ltr'>βέϐαιον</span> <span class='ocrx_word' id='word_1_427' title='bbox 787 4640 888 4710; x_wconf 83' lang='grc' dir='ltr'>τῆς</span> <span class='ocrx_word' id='word_1_428' title='bbox 926 4639 1163 4710; x_wconf 72' lang='grc' dir='ltr'>φύσεως,</span> <span class='ocrx_word' id='word_1_429' title='bbox 1206 4640 1268 4691; x_wconf 90' lang='lat'><strong>16</strong></span> <span class='ocrx_word' id='word_1_430' title='bbox 1308 4641 1554 4710; x_wconf 80' lang='grc' dir='ltr'>μόνιμον,</span> <span class='ocrx_word' id='word_1_431' title='bbox 1603 4640 1739 4711; x_wconf 84' lang='grc' dir='ltr'>ὅπερ</span> <span class='ocrx_word' id='word_1_432' title='bbox 1769 4637 1864 4694; x_wconf 79' lang='grc' dir='ltr'>οὖν</span> <span class='ocrx_word' id='word_1_433' title='bbox 1903 4643 1997 4695; x_wconf 77' lang='grc' dir='ltr'>καὶ</span> <span class='ocrx_word' id='word_1_434' title='bbox 2028 4643 2118 4696; x_wconf 85' lang='grc' dir='ltr'>διά</span> 
     </span>
    </p>
   </div>
   <div class='ocr_carea' id='block_1_53' title="bbox 533 4719 2119 4793">
    <p class='ocr_par' dir='ltr' id='par_1_53' title="bbox 533 4719 2119 4793">
     <span class='ocr_line' id='line_1_53' title="bbox 533 4719 2119 4793; baseline 0.003 -20"><span class='ocrx_word' id='word_1_435' title='bbox 533 4720 638 4791; x_wconf 84' lang='grc' dir='ltr'>τῆς</span> <span class='ocrx_word' id='word_1_436' title='bbox 681 4721 1088 4791; x_wconf 85' lang='grc' dir='ltr'>ἀντιδιαστολῆς</span> <span class='ocrx_word' id='word_1_437' title='bbox 1123 4721 1411 4791; x_wconf 83' lang='grc' dir='ltr'>ἐδήλωσεν.</span> <span class='ocrx_word' id='word_1_438' title='bbox 1435 4721 1617 4775; x_wconf 83' lang='grc' dir='ltr'>Εἰπὼν</span> <span class='ocrx_word' id='word_1_439' title='bbox 1650 4722 1761 4793; x_wconf 89' lang='lat'>7&amp;9</span> <span class='ocrx_word' id='word_1_440' title='bbox 1783 4719 1831 4788; x_wconf 72' lang='grc' dir='ltr'>δ,</span> <span class='ocrx_word' id='word_1_441' title='bbox 1865 4723 1949 4778; x_wconf 84' lang='grc' dir='ltr'><strong><em>Σὺ</em></strong></span> <span class='ocrx_word' id='word_1_442' title='bbox 1975 4728 2119 4779; x_wconf 76' lang='grc' dir='ltr'>καθ-</span> 
     </span>
    </p>
   </div>
   <div class='ocr_carea' id='block_1_54' title="bbox 535 4806 2122 4877">
    <p class='ocr_par' dir='ltr' id='par_1_54' title="bbox 535 4806 2122 4877">
     <span class='ocr_line' id='line_1_54' title="bbox 535 4806 2122 4877; baseline 0.003 -17"><span class='ocrx_word' id='word_1_443' title='bbox 535 4807 761 4877; x_wconf 75' lang='grc' dir='ltr'>ήμενος</span> <span class='ocrx_word' id='word_1_444' title='bbox 802 4809 891 4873; x_wconf 81' lang='grc' dir='ltr'>εὶς</span> <span class='ocrx_word' id='word_1_445' title='bbox 913 4807 1020 4861; x_wconf 83' lang='grc' dir='ltr'>τὸν</span> <span class='ocrx_word' id='word_1_446' title='bbox 1049 4806 1237 4861; x_wconf 85' lang='grc' dir='ltr'>αιῶνα</span> <span class='ocrx_word' id='word_1_447' title='bbox 1260 4848 1275 4872; x_wconf 94' lang='grc'>,</span> <span class='ocrx_word' id='word_1_448' title='bbox 1303 4808 1603 4877; x_wconf 86' lang='grc' dir='ltr'>ἐπήγαγεν,</span> <span class='ocrx_word' id='word_1_449' title='bbox 1637 4807 1822 4877; x_wconf 82' lang='grc' dir='ltr'>Ὑμεῖς</span> <span class='ocrx_word' id='word_1_450' title='bbox 1849 4809 1918 4863; x_wconf 81' lang='grc' dir='ltr'>δὲ</span> <span class='ocrx_word' id='word_1_451' title='bbox 1938 4810 2122 4865; x_wconf 72' lang='grc' dir='ltr'>ἀπολ-</span> 
     </span>
    </p>
   </div>
   <div class='ocr_carea' id='block_1_55' title="bbox 533 4886 2118 4962">
    <p class='ocr_par' dir='ltr' id='par_1_55' title="bbox 533 4886 2118 4962">
     <span class='ocr_line' id='line_1_55' title="bbox 533 4886 2118 4962; baseline 0.001 -17"><span class='ocrx_word' id='word_1_452' title='bbox 533 4890 784 4960; x_wconf 66' lang='grc' dir='ltr'>λύμενοι</span> <span class='ocrx_word' id='word_1_453' title='bbox 820 4892 909 4956; x_wconf 83' lang='grc' dir='ltr'>είς</span> <span class='ocrx_word' id='word_1_454' title='bbox 938 4890 1047 4943; x_wconf 90' lang='grc' dir='ltr'>τὸν</span> <span class='ocrx_word' id='word_1_455' title='bbox 1081 4888 1288 4944; x_wconf 85' lang='grc' dir='ltr'>αίῶνα.</span> <span class='ocrx_word' id='word_1_456' title='bbox 1312 4890 1526 4961; x_wconf 82' lang='grc' dir='ltr'>Ὥσπερ</span> <span class='ocrx_word' id='word_1_457' title='bbox 1549 4886 1642 4944; x_wconf 84' lang='grc' dir='ltr'>οὖν</span> <span class='ocrx_word' id='word_1_458' title='bbox 1672 4891 1734 4944; x_wconf 82' lang='grc' dir='ltr'>τὸ</span> <span class='ocrx_word' id='word_1_459' title='bbox 1758 4892 2027 4962; x_wconf 86' lang='grc' dir='ltr'>καθῆσθαι</span> <span class='ocrx_word' id='word_1_460' title='bbox 2056 4895 2118 4947; x_wconf 92' lang='grc' dir='ltr'>οὑ</span> 
     </span>
    </p>
   </div>
   <div class='ocr_carea' id='block_1_56' title="bbox 536 4971 2119 5047">
    <p class='ocr_par' dir='ltr' id='par_1_56' title="bbox 536 4971 2119 5047">
     <span class='ocr_line' id='line_1_56' title="bbox 536 4971 2119 5047; baseline 0.002 -19"><span class='ocrx_word' id='word_1_461' title='bbox 536 4972 875 5045; x_wconf 82' lang='grc' dir='ltr'>σωματικὸν,</span> <span class='ocrx_word' id='word_1_462' title='bbox 914 4971 1088 5037; x_wconf 87' lang='grc' dir='ltr'>οὑτως</span> <span class='ocrx_word' id='word_1_463' title='bbox 1113 4972 1235 5025; x_wconf 79' lang='grc' dir='ltr'>οὐδὲ</span> <span class='ocrx_word' id='word_1_464' title='bbox 1261 4971 1323 5025; x_wconf 88' lang='lat'><strong>16</strong></span> <span class='ocrx_word' id='word_1_465' title='bbox 1352 4973 1684 5044; x_wconf 63' lang='grc' dir='ltr'>ἀναστῆναν</span> <span class='ocrx_word' id='word_1_466' title='bbox 1721 4974 1837 5027; x_wconf 87' lang='grc' dir='ltr'>ἀλλ’</span> <span class='ocrx_word' id='word_1_467' title='bbox 1871 4978 1988 5029; x_wconf 85' lang='grc' dir='ltr'>ἐκεῖ</span> <span class='ocrx_word' id='word_1_468' title='bbox 2020 4978 2119 5047; x_wconf 84' lang='grc' dir='ltr'>μὲν</span> 
     </span>
    </p>
   </div>
   <div class='ocr_carea' id='block_1_57' title="bbox 534 5056 2120 5130">
    <p class='ocr_par' dir='ltr' id='par_1_57' title="bbox 534 5056 2120 5130">
     <span class='ocr_line' id='line_1_57' title="bbox 534 5056 2120 5130; baseline 0.003 -19"><span class='ocrx_word' id='word_1_469' title='bbox 534 5058 598 5111; x_wconf 82' lang='lat'><strong>16</strong></span> <span class='ocrx_word' id='word_1_470' title='bbox 623 5059 858 5130; x_wconf 77' lang='grc' dir='ltr'>ἐδραῖον,</span> <span class='ocrx_word' id='word_1_471' title='bbox 884 5056 1122 5112; x_wconf 83' lang='grc' dir='ltr'>ἐνταῦθα</span> <span class='ocrx_word' id='word_1_472' title='bbox 1149 5056 1208 5110; x_wconf 77' lang='grc' dir='ltr'>δὲ</span> <span class='ocrx_word' id='word_1_473' title='bbox 1240 5056 1303 5109; x_wconf 83' lang='grc' dir='ltr'>τὸ</span> <span class='ocrx_word' id='word_1_474' title='bbox 1337 5059 1729 5129; x_wconf 82' lang='grc' dir='ltr'>τιμωρητικὸν,</span> <span class='ocrx_word' id='word_1_475' title='bbox 1760 5059 1822 5113; x_wconf 86' lang='grc' dir='ltr'>τὸ</span> <span class='ocrx_word' id='word_1_476' title='bbox 1852 5060 2120 5115; x_wconf 84' lang='grc' dir='ltr'>ἀναλωτι-</span> 
     </span>
    </p>
   </div>
   <div class='ocr_carea' id='block_1_58' title="bbox 538 5139 2120 5213">
    <p class='ocr_par' dir='ltr' id='par_1_58' title="bbox 538 5139 2120 5213">
     <span class='ocr_line' id='line_1_58' title="bbox 538 5139 2120 5213; baseline 0.001 -16"><span class='ocrx_word' id='word_1_477' title='bbox 538 5140 653 5197; x_wconf 80' lang='grc' dir='ltr'>κόν.</span> <span class='ocrx_word' id='word_1_478' title='bbox 685 5142 841 5197; x_wconf 81' lang='grc' dir='ltr'>Ἔστι</span> <span class='ocrx_word' id='word_1_479' title='bbox 881 5140 940 5195; x_wconf 81' lang='grc' dir='ltr'>δὲ</span> <span class='ocrx_word' id='word_1_480' title='bbox 974 5152 997 5181; x_wconf 75' lang='grc' dir='ltr'><strong>ο</strong></span> <span class='ocrx_word' id='word_1_481' title='bbox 1029 5140 1164 5195; x_wconf 82' lang='grc' dir='ltr'>ὅπου</span> <span class='ocrx_word' id='word_1_482' title='bbox 1202 5139 1354 5213; x_wconf 84' lang='grc' dir='ltr'>δηλοῖ</span> <span class='ocrx_word' id='word_1_483' title='bbox 1402 5140 1463 5195; x_wconf 86' lang='grc' dir='ltr'>τὸ</span> <span class='ocrx_word' id='word_1_484' title='bbox 1509 5141 1777 5212; x_wconf 81' lang='grc' dir='ltr'>καθῆσθαι</span> <span class='ocrx_word' id='word_1_485' title='bbox 1809 5145 1904 5199; x_wconf 79' lang='grc' dir='ltr'>καὶ</span> <span class='ocrx_word' id='word_1_486' title='bbox 1933 5144 1996 5198; x_wconf 83' lang='lat'><strong>16</strong></span> <span class='ocrx_word' id='word_1_487' title='bbox 2038 5145 2120 5199; x_wconf 89' lang='grc' dir='ltr'>δι-</span> 
     </span>
    </p>
   </div>
   <div class='ocr_carea' id='block_1_59' title="bbox 602 5343 2025 5409">
    <p class='ocr_par' dir='ltr' id='par_1_59' title="bbox 602 5343 2025 5409">
     <span class='ocr_line' id='line_1_59' title="bbox 602 5343 2025 5409; baseline 0.001 -14"><span class='ocrx_word' id='word_1_488' title='bbox 602 5343 835 5409; x_wconf 63' lang='grc' dir='ltr'>ξοιζοῃοε</span> <span class='ocrx_word' id='word_1_489' title='bbox 854 5360 973 5409; x_wconf 66' lang='lat' dir='ltr'>mss.</span> <span class='ocrx_word' id='word_1_490' title='bbox 992 5347 1196 5409; x_wconf 81' lang='grc' dir='ltr'>ἐσόμεθα</span> <span class='ocrx_word' id='word_1_491' title='bbox 1213 5346 1516 5409; x_wconf 73' lang='grc' dir='ltr'>ὑψηλότεροι,</span> <span class='ocrx_word' id='word_1_492' title='bbox 1538 5346 1671 5409; x_wconf 84' lang='lat' dir='ltr'><strong>quod</strong></span> <span class='ocrx_word' id='word_1_493' title='bbox 1691 5346 1905 5409; x_wconf 63' lang='lat' dir='ltr'><strong>idipgum</strong></span> <span class='ocrx_word' id='word_1_494' title='bbox 1925 5354 2025 5398; x_wconf 77' lang='lat' dir='ltr'>est.</span> 
     </span>
    </p>
   </div>
   <div class='ocr_carea' id='block_1_60' title="bbox 602 5404 2120 5473">
    <p class='ocr_par' dir='ltr' id='par_1_60' title="bbox 602 5404 2120 5473">
     <span class='ocr_line' id='line_1_60' title="bbox 602 5404 2120 5473; baseline 0.002 -16"><span class='ocrx_word' id='word_1_495' title='bbox 602 5404 633 5446; x_wconf 71' lang='grc' dir='ltr'>δ</span> <span class='ocrx_word' id='word_1_496' title='bbox 653 5406 762 5473; x_wconf 54' lang='grc' dir='ltr'>Διυίί</span> <span class='ocrx_word' id='word_1_497' title='bbox 784 5404 1233 5473; x_wconf 16' lang='grc' dir='ltr'>τὸ-σὸννδιέρρηξεν·</span> <span class='ocrx_word' id='word_1_498' title='bbox 1257 5404 1308 5458; x_wconf 87' lang='lat' dir='ltr'><strong>in</strong></span> <span class='ocrx_word' id='word_1_499' title='bbox 1329 5404 1441 5457; x_wconf 65' lang='lat' dir='ltr'><strong>aliis&quot;</strong></span> <span class='ocrx_word' id='word_1_500' title='bbox 1462 5404 1582 5458; x_wconf 70' lang='lat' dir='ltr'>verb</span> <span class='ocrx_word' id='word_1_501' title='bbox 1600 5404 1778 5468; x_wconf 59' lang='lat' dir='ltr'><strong>deest;</strong></span> <span class='ocrx_word' id='word_1_502' title='bbox 1801 5408 2007 5472; x_wconf 65' lang='lat' dir='ltr'><strong>hecque</strong></span> <span class='ocrx_word' id='word_1_503' title='bbox 2029 5422 2120 5460; x_wconf 77' lang='lat' dir='ltr'>vox</span> 
     </span>
    </p>
   </div>
   <div class='ocr_carea' id='block_1_61' title="bbox 540 5469 1091 5521">
    <p class='ocr_par' dir='ltr' id='par_1_61' title="bbox 540 5469 1091 5521">
     <span class='ocr_line' id='line_1_61' title="bbox 540 5469 1091 5521; baseline -0.005 0"><span class='ocrx_word' id='word_1_504' title='bbox 540 5469 732 5521; x_wconf 73' lang='lat' dir='ltr'>inutilis</span> <span class='ocrx_word' id='word_1_505' title='bbox 754 5475 833 5518; x_wconf 72' lang='lat' dir='ltr'>est</span> <span class='ocrx_word' id='word_1_506' title='bbox 852 5470 946 5519; x_wconf 86' lang='lat' dir='ltr'>hoc</span> <span class='ocrx_word' id='word_1_507' title='bbox 969 5469 1091 5518; x_wconf 72' lang='grc' dir='ltr'>ιοοὸζ</span> 
     </span>
    </p>
   </div>
   <div class='ocr_carea' id='block_1_62' title="bbox 536 5529 2123 5642">
    <p class='ocr_par' dir='ltr' id='par_1_62' title="bbox 536 5529 2123 5642">
     <span class='ocr_line' id='line_1_62' title="bbox 536 5529 2123 5642; baseline 0.001 -62"><span class='ocrx_word' id='word_1_508' title='bbox 536 5534 628 5642; x_wconf 49' lang='grc' dir='ltr'><strong><em>οὓς</em></strong></span> <span class='ocrx_word' id='word_1_509' title='bbox 642 5529 794 5642; x_wconf 44' lang='lat' dir='ltr'>gius</span> <span class='ocrx_word' id='word_1_510' title='bbox 818 5531 973 5581; x_wconf 80' lang='lat' dir='ltr'><strong>codex</strong></span> <span class='ocrx_word' id='word_1_511' title='bbox 995 5531 1162 5579; x_wconf 66' lang='grc' dir='ltr'>αἰῶνα·</span> <span class='ocrx_word' id='word_1_512' title='bbox 1187 5530 1271 5578; x_wconf 80' lang='grc' dir='ltr'>καὶ</span> <span class='ocrx_word' id='word_1_513' title='bbox 1287 5529 1357 5587; x_wconf 83' lang='grc' dir='ltr'>τίς</span> <span class='ocrx_word' id='word_1_514' title='bbox 1394 5530 1521 5579; x_wconf 77' lang='grc' dir='ltr'>ἐστιν</span> <span class='ocrx_word' id='word_1_515' title='bbox 1539 5532 1567 5580; x_wconf 82' lang='grc' dir='ltr'><strong>ὁ</strong></span> <span class='ocrx_word' id='word_1_516' title='bbox 1587 5531 1748 5581; x_wconf 76' lang='grc' dir='ltr'>διόλου</span> <span class='ocrx_word' id='word_1_517' title='bbox 1764 5533 2051 5595; x_wconf 58' lang='grc' dir='ltr'>καθήμενος</span> <span class='ocrx_word' id='word_1_518' title='bbox 2075 5532 2123 5581; x_wconf 87' lang='grc' dir='ltr'>τί</span> 
     </span>
    </p>
   </div>
   <div class='ocr_carea' id='block_1_63' title="bbox 606 5651 2121 5712">
    <p class='ocr_par' dir='ltr' id='par_1_63' title="bbox 606 5651 2121 5712">
     <span class='ocr_line' id='line_1_63' title="bbox 606 5651 2121 5712; baseline 0 -11"><span class='ocrx_word' id='word_1_519' title='bbox 606 5651 634 5691; x_wconf 78' lang='lat' dir='ltr'><strong>d</strong></span> <span class='ocrx_word' id='word_1_520' title='bbox 669 5652 819 5703; x_wconf 80' lang='lat' dir='ltr'><strong>Savil.</strong></span> <span class='ocrx_word' id='word_1_521' title='bbox 844 5654 893 5712; x_wconf 79' lang='lat' dir='ltr'>in</span> <span class='ocrx_word' id='word_1_522' title='bbox 926 5655 1091 5704; x_wconf 83' lang='lat' dir='ltr'>nolis:</span> <span class='ocrx_word' id='word_1_523' title='bbox 1122 5666 1141 5697; x_wconf 73' lang='grc' dir='ltr'>ι</span> <span class='ocrx_word' id='word_1_524' title='bbox 1169 5651 1285 5703; x_wconf 75' lang='lat' dir='ltr'>Hanc</span> <span class='ocrx_word' id='word_1_525' title='bbox 1309 5654 1511 5704; x_wconf 73' lang='lat' dir='ltr'><strong>totidem</strong></span> <span class='ocrx_word' id='word_1_526' title='bbox 1553 5653 1716 5704; x_wconf 82' lang='lat' dir='ltr'>verbis</span> <span class='ocrx_word' id='word_1_527' title='bbox 1752 5654 1919 5705; x_wconf 76' lang='lat' dir='ltr'><strong>ethoc</strong></span> <span class='ocrx_word' id='word_1_528' title='bbox 1946 5655 2121 5703; x_wconf 83' lang='lat' dir='ltr'>ordine</span> 
     </span>
    </p>
   </div>
   <div class='ocr_carea' id='block_1_64' title="bbox 539 5712 2121 5778">
    <p class='ocr_par' dir='ltr' id='par_1_64' title="bbox 539 5712 2121 5778">
     <span class='ocr_line' id='line_1_64' title="bbox 539 5712 2121 5778; baseline 0.002 -16"><span class='ocrx_word' id='word_1_529' title='bbox 539 5714 591 5778; x_wconf 74' lang='lat' dir='ltr'>in</span> <span class='ocrx_word' id='word_1_530' title='bbox 632 5712 806 5778; x_wconf 73' lang='lat' dir='ltr'><strong>Biblijs</strong></span> <span class='ocrx_word' id='word_1_531' title='bbox 843 5728 938 5778; x_wconf 85' lang='lat' dir='ltr'><strong>non</strong></span> <span class='ocrx_word' id='word_1_532' title='bbox 968 5716 1314 5778; x_wconf 58' lang='lat' dir='ltr'>reperiuntur.</span> <span class='ocrx_word' id='word_1_533' title='bbox 1348 5717 1474 5766; x_wconf 82' lang='lat' dir='ltr'><strong>Huic</strong></span> <span class='ocrx_word' id='word_1_534' title='bbox 1514 5722 1679 5765; x_wconf 76' lang='lat' dir='ltr'>tamen</span> <span class='ocrx_word' id='word_1_535' title='bbox 1709 5716 1856 5766; x_wconf 78' lang='lat' dir='ltr'>afﬁne</span> <span class='ocrx_word' id='word_1_536' title='bbox 1881 5726 1960 5766; x_wconf 76' lang='lat' dir='ltr'>est</span> <span class='ocrx_word' id='word_1_537' title='bbox 1989 5716 2121 5778; x_wconf 87' lang='lat' dir='ltr'><strong>quod</strong></span> 
     </span>
    </p>
   </div>
   <div class='ocr_carea' id='block_1_65' title="bbox 538 5774 1223 5840">
    <p class='ocr_par' dir='ltr' id='par_1_65' title="bbox 538 5774 1223 5840">
     <span class='ocr_line' id='line_1_65' title="bbox 538 5774 1223 5840; baseline -0.007 -13"><span class='ocrx_word' id='word_1_538' title='bbox 538 5774 727 5840; x_wconf 71' lang='lat' dir='ltr'><strong>legith</strong></span> <span class='ocrx_word' id='word_1_539' title='bbox 749 5776 926 5840; x_wconf 63' lang='lat' dir='ltr'>Psqlm.</span> <span class='ocrx_word' id='word_1_540' title='bbox 951 5774 1173 5840; x_wconf 30' lang='grc' dir='ltr'>91,ξ8,-9ἒ</span> <span class='ocrx_word' id='word_1_541' title='bbox 1204 5790 1223 5821; x_wconf 72' lang='grc' dir='ltr'>ι</span> 
     </span>
    </p>
   </div>
   <div class='ocr_carea' id='block_1_66' title="bbox 607 5837 2115 5899">
    <p class='ocr_par' dir='ltr' id='par_1_66' title="bbox 607 5837 2115 5899">
     <span class='ocr_line' id='line_1_66' title="bbox 607 5837 2115 5899; baseline 0 -12"><span class='ocrx_word' id='word_1_542' title='bbox 607 5837 631 5878; x_wconf 68' lang='grc' dir='ltr'>δ</span> <span class='ocrx_word' id='word_1_543' title='bbox 661 5837 795 5887; x_wconf 87' lang='lat' dir='ltr'>Unus</span> <span class='ocrx_word' id='word_1_544' title='bbox 816 5838 936 5899; x_wconf 67' lang='grc' dir='ltr'>ὅπου</span> <span class='ocrx_word' id='word_1_545' title='bbox 974 5838 1054 5885; x_wconf 84' lang='grc' dir='ltr'>καὶ</span> <span class='ocrx_word' id='word_1_546' title='bbox 1075 5838 1129 5884; x_wconf 82' lang='grc' dir='ltr'>τὸ</span> <span class='ocrx_word' id='word_1_547' title='bbox 1154 5837 1398 5899; x_wconf 76' lang='grc' dir='ltr'>βασιλικὸν</span> <span class='ocrx_word' id='word_1_548' title='bbox 1438 5838 1572 5894; x_wconf 82' lang='grc' dir='ltr'>δηλοῖ</span> <span class='ocrx_word' id='word_1_549' title='bbox 1604 5838 1658 5886; x_wconf 80' lang='grc' dir='ltr'>τὸ</span> <span class='ocrx_word' id='word_1_550' title='bbox 1682 5841 1911 5899; x_wconf 79' lang='grc' dir='ltr'>καθῆσθαι</span> <span class='ocrx_word' id='word_1_551' title='bbox 1935 5840 2014 5889; x_wconf 78' lang='grc' dir='ltr'>καὶ</span> <span class='ocrx_word' id='word_1_552' title='bbox 2041 5838 2115 5888; x_wconf 85' lang='grc' dir='ltr'>τό.</span> 
     </span>
    </p>
   </div>
   <div class='ocr_carea' id='block_1_67' title="bbox 543 5896 1868 5964">
    <p class='ocr_par' dir='ltr' id='par_1_67' title="bbox 543 5896 1868 5964">
     <span class='ocr_line' id='line_1_67' title="bbox 543 5896 1868 5964; baseline -0.001 -12"><span class='ocrx_word' id='word_1_553' title='bbox 543 5897 666 5954; x_wconf 76' lang='lat' dir='ltr'>Infra</span> <span class='ocrx_word' id='word_1_554' title='bbox 688 5901 816 5955; x_wconf 64' lang='lat' dir='ltr'>idem</span> <span class='ocrx_word' id='word_1_555' title='bbox 845 5896 946 5950; x_wconf 77' lang='grc' dir='ltr'>ἔστι</span> <span class='ocrx_word' id='word_1_556' title='bbox 966 5896 1163 5950; x_wconf 76' lang='grc' dir='ltr'>δὲὸπον’</span> <span class='ocrx_word' id='word_1_557' title='bbox 1178 5900 1256 5947; x_wconf 79' lang='grc' dir='ltr'>καὶ</span> <span class='ocrx_word' id='word_1_558' title='bbox 1278 5900 1331 5947; x_wconf 83' lang='grc' dir='ltr'>τὸ</span> <span class='ocrx_word' id='word_1_559' title='bbox 1352 5900 1596 5964; x_wconf 76' lang='grc' dir='ltr'>βασιλικὸν</span> <span class='ocrx_word' id='word_1_560' title='bbox 1635 5902 1767 5960; x_wconf 82' lang='grc' dir='ltr'>δηλοῖ</span> <span class='ocrx_word' id='word_1_561' title='bbox 1789 5896 1868 5959; x_wconf 77' lang='grc' dir='ltr'>ὡς.</span> 
     </span>
    </p>
   </div>
   <div class='ocr_carea' id='block_1_68' title="bbox 2227 567 3813 641">
    <p class='ocr_par' dir='ltr' id='par_1_68' title="bbox 2227 567 3813 641">
     <span class='ocr_line' id='line_1_68' title="bbox 2227 567 3813 641; baseline 0.003 -25"><span class='ocrx_word' id='word_1_562' title='bbox 2227 580 2339 619; x_wconf 87' lang='grc' dir='ltr'>νου</span> <span class='ocrx_word' id='word_1_563' title='bbox 2374 569 2408 620; x_wconf 82' lang='grc' dir='ltr'><em>ὀ</em></span> <span class='ocrx_word' id='word_1_564' title='bbox 2433 569 2653 635; x_wconf 83' lang='grc' dir='ltr'>κρίνων</span> <span class='ocrx_word' id='word_1_565' title='bbox 2688 568 3109 641; x_wconf 72' lang='grc' dir='ltr'>δικαιοσύνην⁸</span> <span class='ocrx_word' id='word_1_566' title='bbox 3151 567 3245 621; x_wconf 83' lang='grc' dir='ltr'>καί</span> <span class='ocrx_word' id='word_1_567' title='bbox 3274 570 3306 620; x_wconf 84' lang='grc' dir='ltr'>ό</span> <span class='ocrx_word' id='word_1_568' title='bbox 3338 569 3570 639; x_wconf 86' lang='grc' dir='ltr'>Δανιήλ·</span> <span class='ocrx_word' id='word_1_569' title='bbox 3603 570 3813 637; x_wconf 81' lang='grc' dir='ltr'>Θρόνοι</span> 
     </span>
    </p>
   </div>
   <div class='ocr_carea' id='block_1_69' title="bbox 2225 647 3814 720">
    <p class='ocr_par' dir='ltr' id='par_1_69' title="bbox 2225 647 3814 720">
     <span class='ocr_line' id='line_1_69' title="bbox 2225 647 3814 720; baseline 0.004 -19"><span class='ocrx_word' id='word_1_570' title='bbox 2225 647 2541 718; x_wconf 78' lang='grc' dir='ltr'>ἐτέθησαν,</span> <span class='ocrx_word' id='word_1_571' title='bbox 2569 652 2669 705; x_wconf 80' lang='grc' dir='ltr'>καί</span> <span class='ocrx_word' id='word_1_572' title='bbox 2696 652 2763 705; x_wconf 86' lang='grc' dir='ltr'>τὸ</span> <span class='ocrx_word' id='word_1_573' title='bbox 2792 653 3099 720; x_wconf 79' lang='grc' dir='ltr'>κριτήριον</span> <span class='ocrx_word' id='word_1_574' title='bbox 3121 652 3428 707; x_wconf 77' lang='grc' dir='ltr'>ἐκάθισεν.</span> <span class='ocrx_word' id='word_1_575' title='bbox 3447 654 3607 705; x_wconf 84' lang='grc' dir='ltr'>Ἐστι</span> <span class='ocrx_word' id='word_1_576' title='bbox 3638 652 3814 707; x_wconf 75' lang='grc' dir='ltr'>καὶτὸ</span> 
     </span>
    </p>
   </div>
   <div class='ocr_carea' id='block_1_70' title="bbox 2228 729 3808 805">
    <p class='ocr_par' dir='ltr' id='par_1_70' title="bbox 2228 729 3808 805">
     <span class='ocr_line' id='line_1_70' title="bbox 2228 729 3808 805; baseline 0.004 -22"><span class='ocrx_word' id='word_1_577' title='bbox 2228 729 2527 799; x_wconf 76' lang='grc' dir='ltr'>βασιλικόνο</span> <span class='ocrx_word' id='word_1_578' title='bbox 2562 734 2639 798; x_wconf 85' lang='grc' dir='ltr'>ὡς</span> <span class='ocrx_word' id='word_1_579' title='bbox 2667 736 2795 789; x_wconf 83' lang='grc' dir='ltr'>ὅταν</span> <span class='ocrx_word' id='word_1_580' title='bbox 2826 735 2962 805; x_wconf 78' lang='grc' dir='ltr'>λέγῃ</span> <span class='ocrx_word' id='word_1_581' title='bbox 2985 752 2999 765; x_wconf 91' lang='grc'><strong>·</strong></span> <span class='ocrx_word' id='word_1_582' title='bbox 3040 734 3095 787; x_wconf 86' lang='lat'>&#39;0</span> <span class='ocrx_word' id='word_1_583' title='bbox 3138 735 3353 802; x_wconf 82' lang='grc' dir='ltr'>θρόνος</span> <span class='ocrx_word' id='word_1_584' title='bbox 3397 751 3536 800; x_wconf 85' lang='grc' dir='ltr'>σου,</span> <span class='ocrx_word' id='word_1_585' title='bbox 3571 739 3605 789; x_wconf 85' lang='grc' dir='ltr'>ό</span> <span class='ocrx_word' id='word_1_586' title='bbox 3643 735 3808 802; x_wconf 82' lang='grc' dir='ltr'>Θεὸς.</span> 
     </span>
    </p>
   </div>
   <div class='ocr_carea' id='block_1_71' title="bbox 2223 815 3809 889">
    <p class='ocr_par' dir='ltr' id='par_1_71' title="bbox 2223 815 3809 889">
     <span class='ocr_line' id='line_1_71' title="bbox 2223 815 3809 889; baseline 0.004 -22"><span class='ocrx_word' id='word_1_587' title='bbox 2223 816 2312 880; x_wconf 82' lang='grc' dir='ltr'>εις</span> <span class='ocrx_word' id='word_1_588' title='bbox 2341 815 2449 870; x_wconf 84' lang='grc' dir='ltr'>τὸν</span> <span class='ocrx_word' id='word_1_589' title='bbox 2494 816 2680 872; x_wconf 81' lang='grc' dir='ltr'>αἰῶνα</span> <span class='ocrx_word' id='word_1_590' title='bbox 2722 816 2832 872; x_wconf 89' lang='grc' dir='ltr'>τοῦ</span> <span class='ocrx_word' id='word_1_591' title='bbox 2880 817 3123 884; x_wconf 81' lang='grc' dir='ltr'>αὶῶνος’</span> <span class='ocrx_word' id='word_1_592' title='bbox 3153 818 3377 886; x_wconf 81' lang='grc' dir='ltr'>ῥάϐδος</span> <span class='ocrx_word' id='word_1_593' title='bbox 3415 821 3742 887; x_wconf 81' lang='grc' dir='ltr'>εὐθύτητος</span> <span class='ocrx_word' id='word_1_594' title='bbox 3767 821 3809 889; x_wconf 72' lang='grc' dir='ltr'><strong><em>ἡ</em></strong></span> 
     </span>
    </p>
   </div>
   <div class='ocr_carea' id='block_1_72' title="bbox 2214 898 3811 970">
    <p class='ocr_par' dir='ltr' id='par_1_72' title="bbox 2214 898 3811 970">
     <span class='ocr_line' id='line_1_72' title="bbox 2214 898 3811 970; baseline 0.003 -19"><span class='ocrx_word' id='word_1_595' title='bbox 2214 898 2439 965; x_wconf 73' lang='grc' dir='ltr'>ῥάϐδος</span> <span class='ocrx_word' id='word_1_596' title='bbox 2485 900 2598 970; x_wconf 80' lang='grc' dir='ltr'>τῆς</span> <span class='ocrx_word' id='word_1_597' title='bbox 2629 901 2955 966; x_wconf 69' lang='grc' dir='ltr'>,ϐασιλείας</span> <span class='ocrx_word' id='word_1_598' title='bbox 2997 917 3134 955; x_wconf 90' lang='grc' dir='ltr'>σου.</span> <span class='ocrx_word' id='word_1_599' title='bbox 3163 901 3327 954; x_wconf 84' lang='grc' dir='ltr'>Ὅθεν</span> <span class='ocrx_word' id='word_1_600' title='bbox 3361 903 3456 955; x_wconf 81' lang='grc' dir='ltr'>καὶ</span> <span class='ocrx_word' id='word_1_601' title='bbox 3500 902 3581 963; x_wconf 82' lang='lat'><strong>16,</strong></span> <span class='ocrx_word' id='word_1_602' title='bbox 3612 902 3811 962; x_wconf 82' lang='grc' dir='ltr'>Κάθου</span> 
     </span>
    </p>
   </div>
   <div class='ocr_carea' id='block_1_73' title="bbox 2222 976 3808 1055">
    <p class='ocr_par' dir='ltr' id='par_1_73' title="bbox 2222 976 3808 1055">
     <span class='ocr_line' id='line_1_73' title="bbox 2222 976 3808 1055; baseline 0.003 -26"><span class='ocrx_word' id='word_1_603' title='bbox 2222 976 2524 1042; x_wconf 78' lang='grc' dir='ltr'>ἐκδεξιῶν</span> <span class='ocrx_word' id='word_1_604' title='bbox 2542 998 2679 1048; x_wconf 87' lang='grc' dir='ltr'>μου,</span> <span class='ocrx_word' id='word_1_605' title='bbox 2728 981 2789 1036; x_wconf 87' lang='grc' dir='ltr'>τὺ</span> <span class='ocrx_word' id='word_1_606' title='bbox 2822 980 3066 1055; x_wconf 75' lang='grc' dir='ltr'>ἰσότιμον</span> <span class='ocrx_word' id='word_1_607' title='bbox 3098 981 3453 1038; x_wconf 79' lang='grc' dir='ltr'>ἐνδείκνυται.</span> <span class='ocrx_word' id='word_1_608' title='bbox 3518 979 3583 1032; x_wconf 88' lang='grc' dir='ltr'>Τί</span> <span class='ocrx_word' id='word_1_609' title='bbox 3604 980 3658 1033; x_wconf 80' lang='grc' dir='ltr'>δέ</span> <span class='ocrx_word' id='word_1_610' title='bbox 3692 982 3808 1033; x_wconf 85' lang='grc' dir='ltr'>ἐστι</span> 
     </span>
    </p>
   </div>
   <div class='ocr_carea' id='block_1_74' title="bbox 2220 1058 3811 1133">
    <p class='ocr_par' dir='ltr' id='par_1_74' title="bbox 2220 1058 3811 1133">
     <span class='ocr_line' id='line_1_74' title="bbox 2220 1058 3811 1133; baseline 0.002 -22"><span class='ocrx_word' id='word_1_611' title='bbox 2220 1058 2301 1124; x_wconf 86' lang='lat'>16,</span> <span class='ocrx_word' id='word_1_612' title='bbox 2338 1060 2435 1114; x_wconf 84' lang='grc' dir='ltr'>Ἑν</span> <span class='ocrx_word' id='word_1_613' title='bbox 2486 1059 2634 1131; x_wconf 77' lang='grc' dir='ltr'>ὀργῆ</span> <span class='ocrx_word' id='word_1_614' title='bbox 2680 1076 2834 1125; x_wconf 85' lang='grc' dir='ltr'>σου;</span> <span class='ocrx_word' id='word_1_615' title='bbox 2895 1061 3006 1111; x_wconf 77' lang='grc' dir='ltr'>Καὶ</span> <span class='ocrx_word' id='word_1_616' title='bbox 3064 1061 3223 1113; x_wconf 80' lang='grc' dir='ltr'>τοῦτο</span> <span class='ocrx_word' id='word_1_617' title='bbox 3275 1061 3438 1115; x_wconf 85' lang='grc' dir='ltr'>πάλιν</span> <span class='ocrx_word' id='word_1_618' title='bbox 3491 1062 3811 1133; x_wconf 85' lang='grc' dir='ltr'>θεοπρεπῶς</span> 
     </span>
    </p>
   </div>
   <div class='ocr_carea' id='block_1_75' title="bbox 2222 1140 3811 1216">
    <p class='ocr_par' dir='ltr' id='par_1_75' title="bbox 2222 1140 3811 1216">
     <span class='ocr_line' id='line_1_75' title="bbox 2222 1140 3811 1216; baseline 0.001 -22"><span class='ocrx_word' id='word_1_619' title='bbox 2222 1140 2541 1213; x_wconf 86' lang='grc' dir='ltr'>ἐκληπτέον.</span> <span class='ocrx_word' id='word_1_620' title='bbox 2581 1143 2747 1216; x_wconf 85' lang='grc' dir='ltr'>Ὀργὴ</span> <span class='ocrx_word' id='word_1_621' title='bbox 2787 1141 2898 1213; x_wconf 87' lang='grc' dir='ltr'>γὰρ</span> <span class='ocrx_word' id='word_1_622' title='bbox 2934 1140 3029 1195; x_wconf 90' lang='grc' dir='ltr'>τοῦ</span> <span class='ocrx_word' id='word_1_623' title='bbox 3063 1141 3199 1196; x_wconf 86' lang='grc' dir='ltr'>Θεοῦ</span> <span class='ocrx_word' id='word_1_624' title='bbox 3238 1143 3301 1195; x_wconf 89' lang='grc' dir='ltr'>οὑ</span> <span class='ocrx_word' id='word_1_625' title='bbox 3337 1142 3529 1207; x_wconf 91' lang='grc' dir='ltr'>πάθος,</span> <span class='ocrx_word' id='word_1_626' title='bbox 3563 1144 3699 1197; x_wconf 86' lang='grc' dir='ltr'>ἀλλά</span> <span class='ocrx_word' id='word_1_627' title='bbox 3729 1162 3811 1196; x_wconf 83' lang='grc' dir='ltr'>τι-</span> 
     </span>
    </p>
   </div>
   <div class='ocr_carea' id='block_1_76' title="bbox 2224 1225 3812 1296">
    <p class='ocr_par' dir='ltr' id='par_1_76' title="bbox 2224 1225 3812 1296">
     <span class='ocr_line' id='line_1_76' title="bbox 2224 1225 3812 1296; baseline 0.002 -20"><span class='ocrx_word' id='word_1_628' title='bbox 2224 1226 2408 1296; x_wconf 88' lang='grc' dir='ltr'>μωρία</span> <span class='ocrx_word' id='word_1_629' title='bbox 2438 1225 2531 1279; x_wconf 75' lang='grc' dir='ltr'>καὶ</span> <span class='ocrx_word' id='word_1_630' title='bbox 2565 1226 2806 1290; x_wconf 78' lang='grc' dir='ltr'>κόλασις.</span> <span class='ocrx_word' id='word_1_631' title='bbox 2842 1225 3126 1294; x_wconf 68' lang='grc' dir='ltr'>Ὑψὼθητι</span> <span class='ocrx_word' id='word_1_632' title='bbox 3164 1228 3234 1278; x_wconf 82' lang='grc' dir='ltr'>ἐν</span> <span class='ocrx_word' id='word_1_633' title='bbox 3266 1226 3391 1292; x_wconf 87' lang='grc' dir='ltr'>τοῖς</span> <span class='ocrx_word' id='word_1_634' title='bbox 3437 1227 3659 1294; x_wconf 71' lang='grc' dir='ltr'>πέρασι</span> <span class='ocrx_word' id='word_1_635' title='bbox 3691 1227 3812 1279; x_wconf 78' lang='grc' dir='ltr'>τῶν</span> 
     </span>
    </p>
   </div>
   <div class='ocr_carea' id='block_1_77' title="bbox 2219 1307 3810 1379">
    <p class='ocr_par' dir='ltr' id='par_1_77' title="bbox 2219 1307 3810 1379">
     <span class='ocr_line' id='line_1_77' title="bbox 2219 1307 3810 1379; baseline 0.003 -20"><span class='ocrx_word' id='word_1_636' title='bbox 2219 1307 2453 1377; x_wconf 78' lang='grc' dir='ltr'>ἐχθρῶν</span> <span class='ocrx_word' id='word_1_637' title='bbox 2485 1324 2621 1366; x_wconf 88' lang='grc' dir='ltr'>σου.</span> <span class='ocrx_word' id='word_1_638' title='bbox 2657 1310 2850 1373; x_wconf 79' lang='grc' dir='ltr'>’Δλλος</span> <span class='ocrx_word' id='word_1_639' title='bbox 2896 1310 3082 1379; x_wconf 74' lang='grc' dir='ltr'>φησὶν,</span> <span class='ocrx_word' id='word_1_640' title='bbox 3133 1311 3235 1364; x_wconf 86' lang='grc' dir='ltr'>Ἐν</span> <span class='ocrx_word' id='word_1_641' title='bbox 3283 1309 3449 1379; x_wconf 81' lang='grc' dir='ltr'>θυμῷ</span> <span class='ocrx_word' id='word_1_642' title='bbox 3516 1310 3614 1364; x_wconf 73' lang='grc' dir='ltr'>ἐπὶ</span> <span class='ocrx_word' id='word_1_643' title='bbox 3665 1309 3810 1375; x_wconf 79' lang='grc' dir='ltr'>τοὺς</span> 
     </span>
    </p>
   </div>
   <div class='ocr_carea' id='block_1_78' title="bbox 2220 1390 3806 1463">
    <p class='ocr_par' dir='ltr' id='par_1_78' title="bbox 2220 1390 3806 1463">
     <span class='ocr_line' id='line_1_78' title="bbox 2220 1390 3806 1463; baseline 0.001 -21"><span class='ocrx_word' id='word_1_644' title='bbox 2220 1390 2473 1460; x_wconf 81' lang='grc' dir='ltr'>ἐχθρούς</span> <span class='ocrx_word' id='word_1_645' title='bbox 2491 1408 2628 1446; x_wconf 83' lang='grc' dir='ltr'>σου.</span> <span class='ocrx_word' id='word_1_646' title='bbox 2648 1393 2897 1463; x_wconf 81' lang='grc' dir='ltr'>Ἕτερος,</span> <span class='ocrx_word' id='word_1_647' title='bbox 2925 1393 3021 1445; x_wconf 82' lang='grc' dir='ltr'>Ἐν</span> <span class='ocrx_word' id='word_1_648' title='bbox 3044 1394 3205 1461; x_wconf 76' lang='grc' dir='ltr'>χόλῳ</span> <span class='ocrx_word' id='word_1_649' title='bbox 3224 1392 3341 1445; x_wconf 77' lang='grc' dir='ltr'>τῶν</span> <span class='ocrx_word' id='word_1_650' title='bbox 3363 1394 3691 1448; x_wconf 69' lang='grc' dir='ltr'>θλιϐόντων</span> <span class='ocrx_word' id='word_1_651' title='bbox 3709 1408 3806 1461; x_wconf 82' lang='grc' dir='ltr'>με.</span> 
     </span>
    </p>
   </div>
   <div class='ocr_carea' id='block_1_79' title="bbox 2225 1473 3811 1545">
    <p class='ocr_par' dir='ltr' id='par_1_79' title="bbox 2225 1473 3811 1545">
     <span class='ocr_line' id='line_1_79' title="bbox 2225 1473 3811 1545; baseline 0.001 -19"><span class='ocrx_word' id='word_1_652' title='bbox 2225 1473 2469 1545; x_wconf 84' lang='grc' dir='ltr'>Ἕτερος,</span> <span class='ocrx_word' id='word_1_653' title='bbox 2514 1476 2610 1528; x_wconf 83' lang='grc' dir='ltr'>Ἐν</span> <span class='ocrx_word' id='word_1_654' title='bbox 2639 1476 3104 1544; x_wconf 79' lang='grc' dir='ltr'>ἁνυπερθεσίαις</span> <span class='ocrx_word' id='word_1_655' title='bbox 3132 1475 3606 1544; x_wconf 81' lang='grc' dir='ltr'>ἐνδεσμούντων.</span> <span class='ocrx_word' id='word_1_656' title='bbox 3660 1475 3720 1527; x_wconf 88' lang='grc' dir='ltr'><strong>Ὀ</strong></span> <span class='ocrx_word' id='word_1_657' title='bbox 3751 1477 3811 1528; x_wconf 75' lang='grc' dir='ltr'>δὲ</span> 
     </span>
    </p>
   </div>
   <div class='ocr_carea' id='block_1_80' title="bbox 2233 1555 3810 1630">
    <p class='ocr_par' dir='ltr' id='par_1_80' title="bbox 2233 1555 3810 1630">
     <span class='ocr_line' id='line_1_80' title="bbox 2233 1555 3810 1630; baseline 0.002 -22"><span class='ocrx_word' id='word_1_658' title='bbox 2233 1555 2479 1628; x_wconf 85' lang='grc' dir='ltr'>Ἐϐραῖος</span> <span class='ocrx_word' id='word_1_659' title='bbox 2498 1558 2579 1622; x_wconf 89' lang='lat'><strong>16,</strong></span> <span class='ocrx_word' id='word_1_660' title='bbox 2609 1558 2713 1613; x_wconf 81' lang='grc' dir='ltr'>Ἐν</span> <span class='ocrx_word' id='word_1_661' title='bbox 2736 1558 2860 1624; x_wconf 83' lang='grc' dir='ltr'>τοῖς</span> <span class='ocrx_word' id='word_1_662' title='bbox 2890 1560 3128 1626; x_wconf 80' lang='grc' dir='ltr'>πέρασι,</span> <span class='ocrx_word' id='word_1_663' title='bbox 3154 1560 3428 1628; x_wconf 77' lang='grc' dir='ltr'>Βεϐαρώθ</span> <span class='ocrx_word' id='word_1_664' title='bbox 3453 1575 3638 1627; x_wconf 88' lang='grc' dir='ltr'>φησιν.</span> <span class='ocrx_word' id='word_1_665' title='bbox 3665 1559 3810 1630; x_wconf 80' lang='grc' dir='ltr'>Ὅρα</span> 
     </span>
    </p>
   </div>
   <div class='ocr_carea' id='block_1_81' title="bbox 2221 1640 3809 1713">
    <p class='ocr_par' dir='ltr' id='par_1_81' title="bbox 2221 1640 3809 1713">
     <span class='ocr_line' id='line_1_81' title="bbox 2221 1640 3809 1713; baseline 0.001 -20"><span class='ocrx_word' id='word_1_666' title='bbox 2221 1640 2382 1695; x_wconf 88' lang='grc' dir='ltr'>πάλιν</span> <span class='ocrx_word' id='word_1_667' title='bbox 2408 1641 2523 1704; x_wconf 87' lang='grc' dir='ltr'>πῶς</span> <span class='ocrx_word' id='word_1_668' title='bbox 2553 1641 2786 1695; x_wconf 84' lang='grc' dir='ltr'>ἐνταῦθα</span> <span class='ocrx_word' id='word_1_669' title='bbox 2814 1642 2911 1711; x_wconf 81' lang='grc' dir='ltr'>οὑχ</span> <span class='ocrx_word' id='word_1_670' title='bbox 2937 1643 3113 1712; x_wconf 83' lang='grc' dir='ltr'>ἐαυτῷ</span> <span class='ocrx_word' id='word_1_671' title='bbox 3144 1643 3362 1713; x_wconf 84' lang='grc' dir='ltr'>ἀμύνει,</span> <span class='ocrx_word' id='word_1_672' title='bbox 3388 1643 3504 1695; x_wconf 85' lang='grc' dir='ltr'>ἀλλ’</span> <span class='ocrx_word' id='word_1_673' title='bbox 3528 1641 3669 1713; x_wconf 82' lang='grc' dir='ltr'>ὑπὲρ</span> <span class='ocrx_word' id='word_1_674' title='bbox 3710 1643 3809 1711; x_wconf 75' lang='grc' dir='ltr'>τῆς</span> 
     </span>
    </p>
   </div>
   <div class='ocr_carea' id='block_1_82' title="bbox 2219 1720 3812 1797">
    <p class='ocr_par' dir='ltr' id='par_1_82' title="bbox 2219 1720 3812 1797">
     <span class='ocr_line' id='line_1_82' title="bbox 2219 1720 3812 1797; baseline 0.001 -23"><span class='ocrx_word' id='word_1_675' title='bbox 2219 1722 2313 1774; x_wconf 89' lang='grc' dir='ltr'>τοῦ</span> <span class='ocrx_word' id='word_1_676' title='bbox 2338 1721 2473 1776; x_wconf 87' lang='grc' dir='ltr'>Θεοῦ</span> <span class='ocrx_word' id='word_1_677' title='bbox 2505 1722 2663 1793; x_wconf 76' lang='grc' dir='ltr'>δόξης</span> <span class='ocrx_word' id='word_1_678' title='bbox 2692 1725 2866 1779; x_wconf 87' lang='grc' dir='ltr'>ταῦτα</span> <span class='ocrx_word' id='word_1_679' title='bbox 2891 1724 3058 1792; x_wconf 79' lang='grc' dir='ltr'>λέγει.</span> <span class='ocrx_word' id='word_1_680' title='bbox 3086 1726 3161 1777; x_wconf 91' lang='grc' dir='ltr'>Οὑ</span> <span class='ocrx_word' id='word_1_681' title='bbox 3188 1724 3298 1797; x_wconf 90' lang='lat'>7&amp;9</span> <span class='ocrx_word' id='word_1_682' title='bbox 3319 1724 3504 1787; x_wconf 87' lang='grc' dir='ltr'>ἁπλῶς</span> <span class='ocrx_word' id='word_1_683' title='bbox 3531 1720 3812 1789; x_wconf 69' lang='grc' dir='ltr'>εἷπε,1(ό⁴</span> 
     </span>
    </p>
   </div>
   <div class='ocr_carea' id='block_1_83' title="bbox 2220 1803 3807 1879">
    <p class='ocr_par' dir='ltr' id='par_1_83' title="bbox 2220 1803 3807 1879">
     <span class='ocr_line' id='line_1_83' title="bbox 2220 1803 3807 1879; baseline 0.001 -22"><span class='ocrx_word' id='word_1_684' title='bbox 2220 1803 2384 1858; x_wconf 88' lang='grc' dir='ltr'>λασον</span> <span class='ocrx_word' id='word_1_685' title='bbox 2416 1806 2540 1870; x_wconf 85' lang='lat'><strong>106;</strong></span> <span class='ocrx_word' id='word_1_686' title='bbox 2577 1806 2806 1878; x_wconf 82' lang='grc' dir='ltr'>ἐχθρούς</span> <span class='ocrx_word' id='word_1_687' title='bbox 2843 1825 2965 1878; x_wconf 82' lang='grc' dir='ltr'>μου,</span> <span class='ocrx_word' id='word_1_688' title='bbox 3012 1808 3046 1878; x_wconf 81' lang='grc' dir='ltr'>ἦ</span> <span class='ocrx_word' id='word_1_689' title='bbox 3077 1808 3206 1871; x_wconf 85' lang='lat'><strong>106;</strong></span> <span class='ocrx_word' id='word_1_690' title='bbox 3241 1808 3471 1879; x_wconf 86' lang='grc' dir='ltr'>ἐχθρούς</span> <span class='ocrx_word' id='word_1_691' title='bbox 3503 1825 3597 1861; x_wconf 90' lang='grc' dir='ltr'>σου</span> <span class='ocrx_word' id='word_1_692' title='bbox 3617 1823 3632 1837; x_wconf 91' lang='grc'><strong>·</strong></span> <span class='ocrx_word' id='word_1_693' title='bbox 3666 1806 3807 1872; x_wconf 88' lang='grc' dir='ltr'>ἀλλ’,</span> 
     </span>
    </p>
   </div>
   <div class='ocr_carea' id='block_1_84' title="bbox 2233 1886 3810 1961">
    <p class='ocr_par' dir='ltr' id='par_1_84' title="bbox 2233 1886 3810 1961">
     <span class='ocr_line' id='line_1_84' title="bbox 2233 1886 3810 1961; baseline 0.002 -21"><span class='ocrx_word' id='word_1_694' title='bbox 2233 1886 2533 1956; x_wconf 71' lang='grc' dir='ltr'>Ὑψώθητι.</span> <span class='ocrx_word' id='word_1_695' title='bbox 2587 1890 2696 1943; x_wconf 74' lang='grc' dir='ltr'>Καὶ</span> <span class='ocrx_word' id='word_1_696' title='bbox 2729 1888 2848 1953; x_wconf 90' lang='grc' dir='ltr'>πῶς</span> <span class='ocrx_word' id='word_1_697' title='bbox 2877 1889 3106 1958; x_wconf 72' lang='grc' dir='ltr'>ὑψοῦται</span> <span class='ocrx_word' id='word_1_698' title='bbox 3138 1892 3167 1943; x_wconf 92' lang='grc' dir='ltr'>ό</span> <span class='ocrx_word' id='word_1_699' title='bbox 3205 1890 3443 1961; x_wconf 72' lang='grc' dir='ltr'>ὑψηλὸς,</span> <span class='ocrx_word' id='word_1_700' title='bbox 3474 1890 3570 1944; x_wconf 70' lang='grc' dir='ltr'>καὶ</span> <span class='ocrx_word' id='word_1_701' title='bbox 3602 1889 3691 1940; x_wconf 76' lang='grc' dir='ltr'>ἀεὶ</span> <span class='ocrx_word' id='word_1_702' title='bbox 3732 1887 3810 1943; x_wconf 84' lang='grc' dir='ltr'>ῶν</span> 
     </span>
    </p>
   </div>
   <div class='ocr_carea' id='block_1_85' title="bbox 2221 1969 3807 2044">
    <p class='ocr_par' dir='ltr' id='par_1_85' title="bbox 2221 1969 3807 2044">
     <span class='ocr_line' id='line_1_85' title="bbox 2221 1969 3807 2044; baseline 0.001 -21"><span class='ocrx_word' id='word_1_703' title='bbox 2221 1969 2480 2039; x_wconf 71' lang='grc' dir='ltr'>ὕψιστοςς</span> <span class='ocrx_word' id='word_1_704' title='bbox 2510 1971 2583 2024; x_wconf 85' lang='lat' dir='ltr'><em>T6</em></span> <span class='ocrx_word' id='word_1_705' title='bbox 2612 1971 2722 2044; x_wconf 90' lang='lat'>7&amp;9</span> <span class='ocrx_word' id='word_1_706' title='bbox 2749 1972 2883 2043; x_wconf 80' lang='grc' dir='ltr'>ὕψος</span> <span class='ocrx_word' id='word_1_707' title='bbox 2914 1972 3081 2026; x_wconf 90' lang='grc' dir='ltr'>αὑτοῦ</span> <span class='ocrx_word' id='word_1_708' title='bbox 3112 1973 3212 2043; x_wconf 80' lang='grc' dir='ltr'>τῆς</span> <span class='ocrx_word' id='word_1_709' title='bbox 3247 1973 3461 2043; x_wconf 78' lang='grc' dir='ltr'>φύσεως</span> <span class='ocrx_word' id='word_1_710' title='bbox 3492 1972 3616 2027; x_wconf 72' lang='grc' dir='ltr'>οὔτε</span> <span class='ocrx_word' id='word_1_711' title='bbox 3648 1973 3807 2025; x_wconf 83' lang='grc' dir='ltr'>ἐλατ-</span> 
     </span>
    </p>
   </div>
   <div class='ocr_carea' id='block_1_86' title="bbox 2218 2054 3810 2128">
    <p class='ocr_par' dir='ltr' id='par_1_86' title="bbox 2218 2054 3810 2128">
     <span class='ocr_line' id='line_1_86' title="bbox 2218 2054 3810 2128; baseline 0 -20"><span class='ocrx_word' id='word_1_712' title='bbox 2218 2054 2407 2108; x_wconf 85' lang='grc' dir='ltr'>τοῦται</span> <span class='ocrx_word' id='word_1_713' title='bbox 2430 2095 2446 2119; x_wconf 90' lang='grc'>,</span> <span class='ocrx_word' id='word_1_714' title='bbox 2467 2055 2591 2109; x_wconf 75' lang='grc' dir='ltr'>οὕτε</span> <span class='ocrx_word' id='word_1_715' title='bbox 2623 2056 3034 2127; x_wconf 80' lang='grc' dir='ltr'>προσλαμϐάνει</span> <span class='ocrx_word' id='word_1_716' title='bbox 3078 2074 3131 2110; x_wconf 92' lang='grc' dir='ltr'>τι</span> <span class='ocrx_word' id='word_1_717' title='bbox 3150 2073 3163 2086; x_wconf 80' lang='grc'><em>’</em></span> <span class='ocrx_word' id='word_1_718' title='bbox 3193 2056 3397 2120; x_wconf 79' lang='grc' dir='ltr'>τέλειος</span> <span class='ocrx_word' id='word_1_719' title='bbox 3429 2056 3540 2128; x_wconf 87' lang='grc' dir='ltr'>γάρ</span> <span class='ocrx_word' id='word_1_720' title='bbox 3573 2059 3688 2109; x_wconf 86' lang='grc' dir='ltr'>ἐστι</span> <span class='ocrx_word' id='word_1_721' title='bbox 3717 2057 3810 2108; x_wconf 72' lang='grc' dir='ltr'>κατι</span> 
     </span>
    </p>
   </div>
   <div class='ocr_carea' id='block_1_87' title="bbox 2218 2135 3808 2210">
    <p class='ocr_par' dir='ltr' id='par_1_87' title="bbox 2218 2135 3808 2210">
     <span class='ocr_line' id='line_1_87' title="bbox 2218 2135 3808 2210; baseline 0.001 -20"><span class='ocrx_word' id='word_1_722' title='bbox 2218 2136 2491 2209; x_wconf 78' lang='grc' dir='ltr'>ἀνενδεὴς,</span> <span class='ocrx_word' id='word_1_723' title='bbox 2520 2137 2616 2193; x_wconf 80' lang='grc' dir='ltr'>καὶ</span> <span class='ocrx_word' id='word_1_724' title='bbox 2658 2139 2746 2192; x_wconf 78' lang='grc' dir='ltr'>ἀεὶ</span> <span class='ocrx_word' id='word_1_725' title='bbox 2779 2137 3041 2203; x_wconf 81' lang='grc' dir='ltr'>ὡσαύτως</span> <span class='ocrx_word' id='word_1_726' title='bbox 3070 2138 3229 2210; x_wconf 72' lang='grc' dir='ltr'>ἔχων.</span> <span class='ocrx_word' id='word_1_727' title='bbox 3264 2139 3391 2202; x_wconf 82' lang='grc' dir='ltr'>Πῶς</span> <span class='ocrx_word' id='word_1_728' title='bbox 3415 2135 3529 2205; x_wconf 81' lang='grc' dir='ltr'>οὖν,</span> <span class='ocrx_word' id='word_1_729' title='bbox 3568 2140 3661 2193; x_wconf 76' lang='grc' dir='ltr'>καὶ</span> <span class='ocrx_word' id='word_1_730' title='bbox 3704 2140 3808 2192; x_wconf 86' lang='grc' dir='ltr'>τίνι</span> 
     </span>
    </p>
   </div>
   <div class='ocr_carea' id='block_1_88' title="bbox 2218 2221 3806 2294">
    <p class='ocr_par' dir='ltr' id='par_1_88' title="bbox 2218 2221 3806 2294">
     <span class='ocr_line' id='line_1_88' title="bbox 2218 2221 3806 2294; baseline 0.002 -19"><span class='ocrx_word' id='word_1_731' title='bbox 2218 2222 2407 2293; x_wconf 79' lang='grc' dir='ltr'>τρόπῳ</span> <span class='ocrx_word' id='word_1_732' title='bbox 2425 2221 2651 2293; x_wconf 78' lang='grc' dir='ltr'>ὑψοῦται</span> <span class='ocrx_word' id='word_1_733' title='bbox 2666 2240 2681 2289; x_wconf 88' lang='grc'>;</span> <span class='ocrx_word' id='word_1_734' title='bbox 2696 2222 2956 2294; x_wconf 70' lang='grc' dir='ltr'>’Υψοῦται</span> <span class='ocrx_word' id='word_1_735' title='bbox 2972 2225 3028 2278; x_wconf 85' lang='grc' dir='ltr'>ἐν</span> <span class='ocrx_word' id='word_1_736' title='bbox 3044 2227 3163 2287; x_wconf 84' lang='grc' dir='ltr'>ταῖς</span> <span class='ocrx_word' id='word_1_737' title='bbox 3178 2223 3437 2288; x_wconf 88' lang='grc' dir='ltr'>διανοίαις</span> <span class='ocrx_word' id='word_1_738' title='bbox 3448 2225 3556 2276; x_wconf 89' lang='grc' dir='ltr'>τῶν</span> <span class='ocrx_word' id='word_1_739' title='bbox 3576 2224 3806 2278; x_wconf 77' lang='grc' dir='ltr'>πολλῶν.</span> 
     </span>
    </p>
   </div>
   <div class='ocr_carea' id='block_1_89' title="bbox 2220 2301 3811 2378">
    <p class='ocr_par' dir='ltr' id='par_1_89' title="bbox 2220 2301 3811 2378">
     <span class='ocr_line' id='line_1_89' title="bbox 2220 2301 3811 2378; baseline 0 -20"><span class='ocrx_word' id='word_1_740' title='bbox 2220 2301 2346 2358; x_wconf 81' lang='grc' dir='ltr'>Οίον</span> <span class='ocrx_word' id='word_1_741' title='bbox 2378 2305 2805 2378; x_wconf 83' lang='grc' dir='ltr'>ἐμακροθύμησε</span> <span class='ocrx_word' id='word_1_742' title='bbox 2837 2306 3098 2372; x_wconf 88' lang='grc' dir='ltr'>πολλάκις</span> <span class='ocrx_word' id='word_1_743' title='bbox 3128 2304 3180 2345; x_wconf 67' lang='grc' dir='ltr'>τ’</span> <span class='ocrx_word' id='word_1_744' title='bbox 3208 2307 3259 2359; x_wconf 83' lang='grc' dir='ltr'>οί</span> <span class='ocrx_word' id='word_1_745' title='bbox 3288 2307 3346 2361; x_wconf 86' lang='grc' dir='ltr'>δέ</span> <span class='ocrx_word' id='word_1_746' title='bbox 3381 2306 3570 2377; x_wconf 77' lang='grc' dir='ltr'>ἐχθροὶ</span> <span class='ocrx_word' id='word_1_747' title='bbox 3604 2306 3666 2359; x_wconf 84' lang='grc' dir='ltr'>οὑ</span> <span class='ocrx_word' id='word_1_748' title='bbox 3707 2324 3811 2377; x_wconf 82' lang='grc' dir='ltr'>μα-</span> 
     </span>
    </p>
   </div>
   <div class='ocr_carea' id='block_1_90' title="bbox 2219 2381 3809 2455">
    <p class='ocr_par' dir='ltr' id='par_1_90' title="bbox 2219 2381 3809 2455">
     <span class='ocr_line' id='line_1_90' title="bbox 2219 2381 3809 2455; baseline 0.001 -20"><span class='ocrx_word' id='word_1_749' title='bbox 2219 2382 2524 2453; x_wconf 82' lang='grc' dir='ltr'>κροθυμίας</span> <span class='ocrx_word' id='word_1_750' title='bbox 2552 2385 2813 2455; x_wconf 78' lang='grc' dir='ltr'>ἐνόμισαν</span> <span class='ocrx_word' id='word_1_751' title='bbox 2850 2381 3013 2450; x_wconf 82' lang='grc' dir='ltr'>εἶναι,</span> <span class='ocrx_word' id='word_1_752' title='bbox 3043 2384 3180 2439; x_wconf 89' lang='grc' dir='ltr'>ἀλλά</span> <span class='ocrx_word' id='word_1_753' title='bbox 3221 2384 3605 2448; x_wconf 84' lang='grc' dir='ltr'>ταπεινώσεως</span> <span class='ocrx_word' id='word_1_754' title='bbox 3648 2384 3809 2438; x_wconf 83' lang='grc' dir='ltr'>τοῦτο</span> 
     </span>
    </p>
   </div>
   <div class='ocr_carea' id='block_1_91' title="bbox 2219 2465 3809 2533">
    <p class='ocr_par' dir='ltr' id='par_1_91' title="bbox 2219 2465 3809 2533">
     <span class='ocr_line' id='line_1_91' title="bbox 2219 2465 3809 2533; baseline 0.004 -16"><span class='ocrx_word' id='word_1_755' title='bbox 2219 2466 2315 2520; x_wconf 81' lang='grc' dir='ltr'>καὶ</span> <span class='ocrx_word' id='word_1_756' title='bbox 2348 2465 2651 2532; x_wconf 85' lang='grc' dir='ltr'>ἀσθενείας.</span> <span class='ocrx_word' id='word_1_757' title='bbox 2680 2469 2845 2522; x_wconf 80' lang='grc' dir='ltr'>Ὥστε</span> <span class='ocrx_word' id='word_1_758' title='bbox 2896 2469 2990 2523; x_wconf 79' lang='grc' dir='ltr'>καὶ</span> <span class='ocrx_word' id='word_1_759' title='bbox 3020 2468 3393 2533; x_wconf 86' lang='grc' dir='ltr'>ταπεινοῦται,</span> <span class='ocrx_word' id='word_1_760' title='bbox 3433 2468 3549 2521; x_wconf 84' lang='grc' dir='ltr'>ἀλλ’</span> <span class='ocrx_word' id='word_1_761' title='bbox 3594 2468 3700 2521; x_wconf 89' lang='grc' dir='ltr'>οὑκ</span> <span class='ocrx_word' id='word_1_762' title='bbox 3749 2470 3809 2524; x_wconf 83' lang='grc' dir='ltr'>ἐν</span> 
     </span>
    </p>
   </div>
   <div class='ocr_carea' id='block_1_92' title="bbox 2217 2548 3481 2627">
    <p class='ocr_par' dir='ltr' id='par_1_92' title="bbox 2217 2548 3481 2627">
     <span class='ocr_line' id='line_1_92' title="bbox 2217 2548 3481 2627; baseline 0.002 -23"><span class='ocrx_word' id='word_1_763' title='bbox 2217 2548 2296 2621; x_wconf 82' lang='grc' dir='ltr'>τῷ</span> <span class='ocrx_word' id='word_1_764' title='bbox 2324 2550 2636 2624; x_wconf 82' lang='grc' dir='ltr'>πράγματι,</span> <span class='ocrx_word' id='word_1_765' title='bbox 2674 2553 2790 2607; x_wconf 85' lang='grc' dir='ltr'>ἀλλ’</span> <span class='ocrx_word' id='word_1_766' title='bbox 2814 2556 2871 2608; x_wconf 87' lang='grc' dir='ltr'>ἐν</span> <span class='ocrx_word' id='word_1_767' title='bbox 2902 2556 2969 2627; x_wconf 78' lang='grc' dir='ltr'>τῇ</span> <span class='ocrx_word' id='word_1_768' title='bbox 2997 2554 3205 2627; x_wconf 69' lang='grc' dir='ltr'>διανοίᾳ</span> <span class='ocrx_word' id='word_1_769' title='bbox 3234 2553 3481 2609; x_wconf 87' lang='grc' dir='ltr'>ἐκείνων.</span> 
     </span>
    </p>
   </div>
   <div class='ocr_carea' id='block_1_93' title="bbox 2288 2741 3808 2816">
    <p class='ocr_par' dir='ltr' id='par_1_93' title="bbox 2288 2741 3808 2816">
     <span class='ocr_line' id='line_1_93' title="bbox 2288 2741 3808 2816; baseline 0.001 -21"><span class='ocrx_word' id='word_1_770' title='bbox 2288 2741 2355 2807; x_wconf 79' lang='grc' dir='ltr'>ζ’.</span> <span class='ocrx_word' id='word_1_771' title='bbox 2378 2742 2647 2814; x_wconf 83' lang='grc' dir='ltr'>Καθάπερ</span> <span class='ocrx_word' id='word_1_772' title='bbox 2662 2743 2771 2816; x_wconf 83' lang='grc' dir='ltr'>γὰρ</span> <span class='ocrx_word' id='word_1_773' title='bbox 2787 2746 2816 2799; x_wconf 91' lang='lat'>6</span> <span class='ocrx_word' id='word_1_774' title='bbox 2840 2743 2990 2815; x_wconf 74' lang='grc' dir='ltr'>ἥλιος</span> <span class='ocrx_word' id='word_1_775' title='bbox 3010 2743 3248 2816; x_wconf 81' lang='grc' dir='ltr'>ἀμυδρὸς</span> <span class='ocrx_word' id='word_1_776' title='bbox 3263 2743 3509 2813; x_wconf 84' lang='grc' dir='ltr'>φαίνεται</span> <span class='ocrx_word' id='word_1_777' title='bbox 3526 2745 3638 2808; x_wconf 86' lang='grc' dir='ltr'>τοῖς</span> <span class='ocrx_word' id='word_1_778' title='bbox 3653 2743 3808 2797; x_wconf 84' lang='grc' dir='ltr'>ἀσθε-</span> 
     </span>
    </p>
   </div>
   <div class='ocr_carea' id='block_1_94' title="bbox 2218 2824 3809 2900">
    <p class='ocr_par' dir='ltr' id='par_1_94' title="bbox 2218 2824 3809 2900">
     <span class='ocr_line' id='line_1_94' title="bbox 2218 2824 3809 2900; baseline 0.002 -23"><span class='ocrx_word' id='word_1_779' title='bbox 2218 2824 2369 2878; x_wconf 90' lang='grc' dir='ltr'>νοῦσι</span> <span class='ocrx_word' id='word_1_780' title='bbox 2406 2825 2507 2889; x_wconf 78' lang='grc' dir='ltr'>τὰς</span> <span class='ocrx_word' id='word_1_781' title='bbox 2552 2826 2735 2897; x_wconf 67' lang='grc' dir='ltr'>ὄψεις,</span> <span class='ocrx_word' id='word_1_782' title='bbox 2766 2828 2910 2881; x_wconf 82' lang='grc' dir='ltr'>οὑτω</span> <span class='ocrx_word' id='word_1_783' title='bbox 2951 2827 3018 2900; x_wconf 84' lang='grc' dir='ltr'>δὴ</span> <span class='ocrx_word' id='word_1_784' title='bbox 3061 2828 3158 2883; x_wconf 75' lang='grc' dir='ltr'>καὶ</span> <span class='ocrx_word' id='word_1_785' title='bbox 3203 2829 3233 2882; x_wconf 86' lang='lat'>6</span> <span class='ocrx_word' id='word_1_786' title='bbox 3266 2828 3398 2891; x_wconf 84' lang='grc' dir='ltr'>Θεὸς</span> <span class='ocrx_word' id='word_1_787' title='bbox 3431 2827 3664 2899; x_wconf 84' lang='grc' dir='ltr'>ἀσθενὴς</span> <span class='ocrx_word' id='word_1_788' title='bbox 3714 2827 3809 2881; x_wconf 77' lang='grc' dir='ltr'>καὶ</span> 
     </span>
    </p>
   </div>
   <div class='ocr_carea' id='block_1_95' title="bbox 2218 2909 3811 2982">
    <p class='ocr_par' dir='ltr' id='par_1_95' title="bbox 2218 2909 3811 2982">
     <span class='ocr_line' id='line_1_95' title="bbox 2218 2909 3811 2982; baseline 0.002 -20"><span class='ocrx_word' id='word_1_789' title='bbox 2218 2909 2471 2973; x_wconf 81' lang='grc' dir='ltr'>ταπεινὸς</span> <span class='ocrx_word' id='word_1_790' title='bbox 2514 2911 2574 2964; x_wconf 87' lang='grc' dir='ltr'>ἐν</span> <span class='ocrx_word' id='word_1_791' title='bbox 2604 2914 2726 2975; x_wconf 84' lang='grc' dir='ltr'>ταῖς</span> <span class='ocrx_word' id='word_1_792' title='bbox 2777 2911 3041 2975; x_wconf 82' lang='grc' dir='ltr'>διανοίαις</span> <span class='ocrx_word' id='word_1_793' title='bbox 3089 2911 3333 2965; x_wconf 85' lang='grc' dir='ltr'>ἐκείνων.</span> <span class='ocrx_word' id='word_1_794' title='bbox 3389 2910 3530 2964; x_wconf 81' lang='grc' dir='ltr'>Ἀλλ’</span> <span class='ocrx_word' id='word_1_795' title='bbox 3557 2910 3749 2982; x_wconf 76' lang='grc' dir='ltr'>ῶσπερ</span> <span class='ocrx_word' id='word_1_796' title='bbox 3779 2914 3811 2965; x_wconf 85' lang='lat'>6</span> 
     </span>
    </p>
   </div>
   <div class='ocr_carea' id='block_1_96' title="bbox 2217 2991 3810 3065">
    <p class='ocr_par' dir='ltr' id='par_1_96' title="bbox 2217 2991 3810 3065">
     <span class='ocr_line' id='line_1_96' title="bbox 2217 2991 3810 3065; baseline 0.003 -22"><span class='ocrx_word' id='word_1_797' title='bbox 2217 2991 2368 3061; x_wconf 76' lang='grc' dir='ltr'>ἥλιος</span> <span class='ocrx_word' id='word_1_798' title='bbox 2398 2991 2543 3046; x_wconf 83' lang='grc' dir='ltr'>οὑτω</span> <span class='ocrx_word' id='word_1_799' title='bbox 2569 2993 2871 3064; x_wconf 76' lang='grc' dir='ltr'>νομίζεται,</span> <span class='ocrx_word' id='word_1_800' title='bbox 2894 2995 2995 3049; x_wconf 91' lang='grc' dir='ltr'>οὑκ</span> <span class='ocrx_word' id='word_1_801' title='bbox 3023 2994 3139 3048; x_wconf 70' lang='grc' dir='ltr'>ἐστι</span> <span class='ocrx_word' id='word_1_802' title='bbox 3165 2994 3222 3048; x_wconf 84' lang='grc' dir='ltr'>δὲ</span> <span class='ocrx_word' id='word_1_803' title='bbox 3248 2993 3511 3065; x_wconf 76' lang='grc' dir='ltr'>ἀμυδρὸς,</span> <span class='ocrx_word' id='word_1_804' title='bbox 3542 2994 3683 3047; x_wconf 86' lang='grc' dir='ltr'>ἀλλά</span> <span class='ocrx_word' id='word_1_805' title='bbox 3710 2994 3810 3063; x_wconf 77' lang='grc' dir='ltr'>τῆς</span> 
     </span>
    </p>
   </div>
   <div class='ocr_carea' id='block_1_97' title="bbox 2219 3076 3808 3143">
    <p class='ocr_par' dir='ltr' id='par_1_97' title="bbox 2219 3076 3808 3143">
     <span class='ocr_line' id='line_1_97' title="bbox 2219 3076 3808 3143; baseline 0.001 -14"><span class='ocrx_word' id='word_1_806' title='bbox 2219 3076 2506 3141; x_wconf 89' lang='grc' dir='ltr'>ἀσθενείας</span> <span class='ocrx_word' id='word_1_807' title='bbox 2550 3078 2776 3133; x_wconf 87' lang='grc' dir='ltr'>ἐκείνων</span> <span class='ocrx_word' id='word_1_808' title='bbox 2803 3079 2864 3132; x_wconf 89' lang='lat'><strong>16</strong></span> <span class='ocrx_word' id='word_1_809' title='bbox 2894 3079 3098 3143; x_wconf 78' lang='grc' dir='ltr'>πάθοςο</span> <span class='ocrx_word' id='word_1_810' title='bbox 3128 3077 3274 3132; x_wconf 82' lang='grc' dir='ltr'>οὑτω</span> <span class='ocrx_word' id='word_1_811' title='bbox 3312 3079 3407 3132; x_wconf 77' lang='grc' dir='ltr'>καὶ</span> <span class='ocrx_word' id='word_1_812' title='bbox 3443 3080 3472 3131; x_wconf 91' lang='lat'>6</span> <span class='ocrx_word' id='word_1_813' title='bbox 3510 3078 3666 3142; x_wconf 74' lang='grc' dir='ltr'>Θεὸς,</span> <span class='ocrx_word' id='word_1_814' title='bbox 3706 3078 3808 3131; x_wconf 74' lang='grc' dir='ltr'>κᾶν</span> 
     </span>
    </p>
   </div>
   <div class='ocr_carea' id='block_1_98' title="bbox 2218 3158 3881 3235">
    <p class='ocr_par' dir='ltr' id='par_1_98' title="bbox 2218 3158 3881 3235">
     <span class='ocr_line' id='line_1_98' title="bbox 2218 3158 3881 3235; baseline -0.002 -23"><span class='ocrx_word' id='word_1_815' title='bbox 2218 3158 2379 3213; x_wconf 89' lang='grc' dir='ltr'>τοῦτο</span> <span class='ocrx_word' id='word_1_816' title='bbox 2424 3162 2831 3235; x_wconf 87' lang='grc' dir='ltr'>ὑποπτεύηται,</span> <span class='ocrx_word' id='word_1_817' title='bbox 2876 3163 2978 3217; x_wconf 86' lang='grc' dir='ltr'>οὑκ</span> <span class='ocrx_word' id='word_1_818' title='bbox 3026 3163 3173 3216; x_wconf 79' lang='grc' dir='ltr'>ἐστιν</span> <span class='ocrx_word' id='word_1_819' title='bbox 3220 3161 3474 3232; x_wconf 73' lang='grc' dir='ltr'>ἀσθενὴς,</span> <span class='ocrx_word' id='word_1_820' title='bbox 3518 3161 3657 3215; x_wconf 85' lang='grc' dir='ltr'>ἁλλά</span> <span class='ocrx_word' id='word_1_821' title='bbox 3709 3163 3808 3232; x_wconf 85' lang='grc' dir='ltr'>τῆς</span> <span class='ocrx_word' id='word_1_822' title='bbox 3862 3188 3881 3209; x_wconf 68' lang='grc' dir='ltr'><strong>ς</strong></span> 
     </span>
    </p>
   </div>
   <div class='ocr_carea' id='block_1_99' title="bbox 2219 3243 3805 3320">
    <p class='ocr_par' dir='ltr' id='par_1_99' title="bbox 2219 3243 3805 3320">
     <span class='ocr_line' id='line_1_99' title="bbox 2219 3243 3805 3320; baseline 0.002 -24"><span class='ocrx_word' id='word_1_823' title='bbox 2219 3244 2444 3298; x_wconf 82' lang='grc' dir='ltr'>ἐκείνων</span> <span class='ocrx_word' id='word_1_824' title='bbox 2470 3247 2656 3311; x_wconf 87' lang='grc' dir='ltr'>ἀνοίας</span> <span class='ocrx_word' id='word_1_825' title='bbox 2679 3247 2740 3301; x_wconf 88' lang='lat'><strong>16</strong></span> <span class='ocrx_word' id='word_1_826' title='bbox 2768 3248 3099 3320; x_wconf 86' lang='grc' dir='ltr'>σύμπτωμα.</span> <span class='ocrx_word' id='word_1_827' title='bbox 3125 3247 3190 3301; x_wconf 87' lang='grc' dir='ltr'>Τί</span> <span class='ocrx_word' id='word_1_828' title='bbox 3210 3243 3305 3301; x_wconf 84' lang='grc' dir='ltr'>οὖν</span> <span class='ocrx_word' id='word_1_829' title='bbox 3326 3264 3492 3316; x_wconf 85' lang='grc' dir='ltr'>φησιν</span> <span class='ocrx_word' id='word_1_830' title='bbox 3514 3249 3542 3301; x_wconf 91' lang='lat'>6</span> <span class='ocrx_word' id='word_1_831' title='bbox 3564 3246 3805 3310; x_wconf 85' lang='grc' dir='ltr'>δίκαιος;</span> 
     </span>
    </p>
   </div>
   <div class='ocr_carea' id='block_1_100' title="bbox 2232 3324 3807 3403">
    <p class='ocr_par' dir='ltr' id='par_1_100' title="bbox 2232 3324 3807 3403">
     <span class='ocr_line' id='line_1_100' title="bbox 2232 3324 3807 3403; baseline 0.002 -24"><span class='ocrx_word' id='word_1_832' title='bbox 2232 3324 2509 3399; x_wconf 77' lang='grc' dir='ltr'>’Υψώθητι</span> <span class='ocrx_word' id='word_1_833' title='bbox 2546 3330 2640 3384; x_wconf 83' lang='grc' dir='ltr'>καὶ</span> <span class='ocrx_word' id='word_1_834' title='bbox 2691 3330 2843 3403; x_wconf 86' lang='grc' dir='ltr'>παρά</span> <span class='ocrx_word' id='word_1_835' title='bbox 2895 3333 3008 3395; x_wconf 89' lang='grc' dir='ltr'>τοῖς</span> <span class='ocrx_word' id='word_1_836' title='bbox 3065 3330 3279 3402; x_wconf 87' lang='grc' dir='ltr'>ἐχθροῖς</span> <span class='ocrx_word' id='word_1_837' title='bbox 3318 3330 3496 3400; x_wconf 87' lang='grc' dir='ltr'>ήμῶν,</span> <span class='ocrx_word' id='word_1_838' title='bbox 3548 3329 3807 3395; x_wconf 78' lang='grc' dir='ltr'>ὲπέξελθε</span> 
     </span>
    </p>
   </div>
   <div class='ocr_carea' id='block_1_101' title="bbox 2220 3409 3806 3484">
    <p class='ocr_par' dir='ltr' id='par_1_101' title="bbox 2220 3409 3806 3484">
     <span class='ocr_line' id='line_1_101' title="bbox 2220 3409 3806 3484; baseline 0.003 -23"><span class='ocrx_word' id='word_1_839' title='bbox 2220 3410 2316 3462; x_wconf 81' lang='grc' dir='ltr'>καὶ</span> <span class='ocrx_word' id='word_1_840' title='bbox 2348 3410 2518 3478; x_wconf 80' lang='grc' dir='ltr'>δεῖξόν</span> <span class='ocrx_word' id='word_1_841' title='bbox 2558 3429 2651 3465; x_wconf 85' lang='grc' dir='ltr'>σου</span> <span class='ocrx_word' id='word_1_842' title='bbox 2685 3413 2785 3484; x_wconf 79' lang='grc' dir='ltr'>τὴν</span> <span class='ocrx_word' id='word_1_843' title='bbox 2820 3414 2994 3483; x_wconf 72' lang='grc' dir='ltr'>ἰσχὺν,</span> <span class='ocrx_word' id='word_1_844' title='bbox 3019 3414 3105 3466; x_wconf 78' lang='grc' dir='ltr'>ἵνα</span> <span class='ocrx_word' id='word_1_845' title='bbox 3133 3414 3182 3466; x_wconf 75' lang='grc' dir='ltr'>οἱ</span> <span class='ocrx_word' id='word_1_846' title='bbox 3230 3412 3539 3483; x_wconf 75' lang='grc' dir='ltr'>νομίζοντες</span> <span class='ocrx_word' id='word_1_847' title='bbox 3569 3409 3715 3465; x_wconf 84' lang='grc' dir='ltr'>εἷναί</span> <span class='ocrx_word' id='word_1_848' title='bbox 3749 3427 3806 3465; x_wconf 82' lang='grc' dir='ltr'>σε</span> 
     </span>
    </p>
   </div>
   <div class='ocr_carea' id='block_1_102' title="bbox 2219 3492 3803 3567">
    <p class='ocr_par' dir='ltr' id='par_1_102' title="bbox 2219 3492 3803 3567">
     <span class='ocr_line' id='line_1_102' title="bbox 2219 3492 3803 3567; baseline 0.004 -22"><span class='ocrx_word' id='word_1_849' title='bbox 2219 3494 2492 3555; x_wconf 84' lang='grc' dir='ltr'>ταπεινὸν.</span> <span class='ocrx_word' id='word_1_850' title='bbox 2547 3496 2641 3564; x_wconf 77' lang='grc' dir='ltr'>ἀφ’</span> <span class='ocrx_word' id='word_1_851' title='bbox 2681 3492 2758 3550; x_wconf 83' lang='grc' dir='ltr'>ὧν</span> <span class='ocrx_word' id='word_1_852' title='bbox 2793 3496 3113 3567; x_wconf 52' lang='grc' dir='ltr'>πάσλρυσιν,</span> <span class='ocrx_word' id='word_1_853' title='bbox 3161 3496 3312 3551; x_wconf 73' lang='grc' dir='ltr'>ἴδωσί</span> <span class='ocrx_word' id='word_1_854' title='bbox 3351 3515 3444 3551; x_wconf 86' lang='grc' dir='ltr'>σου</span> <span class='ocrx_word' id='word_1_855' title='bbox 3475 3497 3574 3567; x_wconf 83' lang='grc' dir='ltr'>τὴν</span> <span class='ocrx_word' id='word_1_856' title='bbox 3623 3497 3803 3561; x_wconf 76' lang='grc' dir='ltr'>δόξαν.</span> 
     </span>
    </p>
   </div>
   <div class='ocr_carea' id='block_1_103' title="bbox 2221 3576 3803 3651">
    <p class='ocr_par' dir='ltr' id='par_1_103' title="bbox 2221 3576 3803 3651">
     <span class='ocr_line' id='line_1_103' title="bbox 2221 3576 3803 3651; baseline 0.002 -21"><span class='ocrx_word' id='word_1_857' title='bbox 2221 3576 2374 3643; x_wconf 77' lang='grc' dir='ltr'>Εἶδες</span> <span class='ocrx_word' id='word_1_858' title='bbox 2416 3580 2581 3634; x_wconf 88' lang='grc' dir='ltr'>αὑτοῦ</span> <span class='ocrx_word' id='word_1_859' title='bbox 2630 3581 2722 3634; x_wconf 82' lang='grc' dir='ltr'>τὸν</span> <span class='ocrx_word' id='word_1_860' title='bbox 2755 3582 2976 3645; x_wconf 81' lang='grc' dir='ltr'>σκοπὸν,</span> <span class='ocrx_word' id='word_1_861' title='bbox 3021 3582 3081 3635; x_wconf 89' lang='grc' dir='ltr'>οὑ</span> <span class='ocrx_word' id='word_1_862' title='bbox 3123 3580 3186 3633; x_wconf 90' lang='lat'><strong>16</strong></span> <span class='ocrx_word' id='word_1_863' title='bbox 3234 3579 3428 3635; x_wconf 85' lang='grc' dir='ltr'>ἐαυτοῦ</span> <span class='ocrx_word' id='word_1_864' title='bbox 3476 3579 3803 3651; x_wconf 83' lang='grc' dir='ltr'>ζητοῦντος.</span> 
     </span>
    </p>
   </div>
   <div class='ocr_carea' id='block_1_104' title="bbox 2220 3662 3805 3737">
    <p class='ocr_par' dir='ltr' id='par_1_104' title="bbox 2220 3662 3805 3737">
     <span class='ocr_line' id='line_1_104' title="bbox 2220 3662 3805 3737; baseline 0.004 -24"><span class='ocrx_word' id='word_1_865' title='bbox 2220 3662 2357 3715; x_wconf 83' lang='grc' dir='ltr'>ἁλλά</span> <span class='ocrx_word' id='word_1_866' title='bbox 2387 3662 2448 3715; x_wconf 87' lang='lat'><strong>16</strong></span> <span class='ocrx_word' id='word_1_867' title='bbox 2476 3663 2570 3716; x_wconf 90' lang='grc' dir='ltr'>τοῦ</span> <span class='ocrx_word' id='word_1_868' title='bbox 2599 3664 2757 3719; x_wconf 79' lang='grc' dir='ltr'>Θεοῦ.</span> <span class='ocrx_word' id='word_1_869' title='bbox 2800 3665 2874 3717; x_wconf 88' lang='lat' dir='ltr'><em>T6</em></span> <span class='ocrx_word' id='word_1_870' title='bbox 2907 3665 2986 3727; x_wconf 79' lang='grc' dir='ltr'>δὲ,</span> <span class='ocrx_word' id='word_1_871' title='bbox 3028 3666 3129 3718; x_wconf 84' lang='grc' dir='ltr'>Ἐν</span> <span class='ocrx_word' id='word_1_872' title='bbox 3160 3664 3284 3731; x_wconf 85' lang='grc' dir='ltr'>τοῖς</span> <span class='ocrx_word' id='word_1_873' title='bbox 3315 3664 3595 3730; x_wconf 81' lang='grc' dir='ltr'>πέρασιν,</span> <span class='ocrx_word' id='word_1_874' title='bbox 3622 3667 3675 3719; x_wconf 77' lang='grc' dir='ltr'>οἱ</span> <span class='ocrx_word' id='word_1_875' title='bbox 3709 3666 3805 3737; x_wconf 77' lang='grc' dir='ltr'>μέν</span> 
     </span>
    </p>
   </div>
   <div class='ocr_carea' id='block_1_105' title="bbox 2223 3747 3805 3817">
    <p class='ocr_par' dir='ltr' id='par_1_105' title="bbox 2223 3747 3805 3817">
     <span class='ocr_line' id='line_1_105' title="bbox 2223 3747 3805 3817; baseline 0.001 -19"><span class='ocrx_word' id='word_1_876' title='bbox 2223 3763 2409 3814; x_wconf 85' lang='grc' dir='ltr'>φασιν,</span> <span class='ocrx_word' id='word_1_877' title='bbox 2448 3747 2551 3800; x_wconf 84' lang='grc' dir='ltr'>Ἔν</span> <span class='ocrx_word' id='word_1_878' title='bbox 2584 3747 2715 3813; x_wconf 86' lang='grc' dir='ltr'>ταῖς</span> <span class='ocrx_word' id='word_1_879' title='bbox 2742 3748 3053 3816; x_wconf 61' lang='grc' dir='ltr'>κεφαλαῖς,</span> <span class='ocrx_word' id='word_1_880' title='bbox 3085 3750 3133 3800; x_wconf 79' lang='grc' dir='ltr'>οἱ</span> <span class='ocrx_word' id='word_1_881' title='bbox 3164 3748 3243 3811; x_wconf 87' lang='grc' dir='ltr'>δὲ,</span> <span class='ocrx_word' id='word_1_882' title='bbox 3272 3749 3499 3816; x_wconf 77' lang='grc' dir='ltr'>Μηδεὶς</span> <span class='ocrx_word' id='word_1_883' title='bbox 3525 3747 3805 3817; x_wconf 71' lang='grc' dir='ltr'>διαφύγοι</span> 
     </span>
    </p>
   </div>
   <div class='ocr_carea' id='block_1_106' title="bbox 2222 3828 3805 3902">
    <p class='ocr_par' dir='ltr' id='par_1_106' title="bbox 2222 3828 3805 3902">
     <span class='ocr_line' id='line_1_106' title="bbox 2222 3828 3805 3902; baseline 0.001 -21"><span class='ocrx_word' id='word_1_884' title='bbox 2222 3828 2340 3882; x_wconf 88' lang='grc' dir='ltr'>τῶν</span> <span class='ocrx_word' id='word_1_885' title='bbox 2370 3829 2619 3897; x_wconf 78' lang='grc' dir='ltr'>ἐχθρῶν.</span> <span class='ocrx_word' id='word_1_886' title='bbox 2667 3830 2896 3898; x_wconf 85' lang='grc' dir='ltr'>Μεγάλη</span> <span class='ocrx_word' id='word_1_887' title='bbox 2943 3830 3000 3883; x_wconf 81' lang='grc' dir='ltr'>δὲ</span> <span class='ocrx_word' id='word_1_888' title='bbox 3049 3831 3219 3902; x_wconf 85' lang='grc' dir='ltr'>ἀρετὴ</span> <span class='ocrx_word' id='word_1_889' title='bbox 3268 3830 3361 3883; x_wconf 91' lang='grc' dir='ltr'>τοῦ</span> <span class='ocrx_word' id='word_1_890' title='bbox 3411 3831 3640 3895; x_wconf 87' lang='grc' dir='ltr'>δικαίου,</span> <span class='ocrx_word' id='word_1_891' title='bbox 3676 3831 3805 3884; x_wconf 85' lang='grc' dir='ltr'>ὅταν</span> 
     </span>
    </p>
   </div>
   <div class='ocr_carea' id='block_1_107' title="bbox 2220 3911 3805 3986">
    <p class='ocr_par' dir='ltr' id='par_1_107' title="bbox 2220 3911 3805 3986">
     <span class='ocr_line' id='line_1_107' title="bbox 2220 3911 3805 3986; baseline 0 -21"><span class='ocrx_word' id='word_1_892' title='bbox 2220 3913 2346 3975; x_wconf 85' lang='lat'><strong>106;</strong></span> <span class='ocrx_word' id='word_1_893' title='bbox 2391 3914 2587 3976; x_wconf 73' lang='grc' dir='ltr'>αὑτοὺς</span> <span class='ocrx_word' id='word_1_894' title='bbox 2616 3911 2844 3983; x_wconf 81' lang='grc' dir='ltr'>ἐχθροὺς</span> <span class='ocrx_word' id='word_1_895' title='bbox 2884 3912 2983 3986; x_wconf 77' lang='grc' dir='ltr'>ἔχῃ</span> <span class='ocrx_word' id='word_1_896' title='bbox 3022 3913 3100 3983; x_wconf 77' lang='grc' dir='ltr'>τῷ</span> <span class='ocrx_word' id='word_1_897' title='bbox 3137 3912 3257 3983; x_wconf 79' lang='grc' dir='ltr'>Θεῷ</span> <span class='ocrx_word' id='word_1_898' title='bbox 3304 3914 3397 3965; x_wconf 77' lang='grc' dir='ltr'>καὶ</span> <span class='ocrx_word' id='word_1_899' title='bbox 3437 3914 3563 3976; x_wconf 80' lang='grc' dir='ltr'>τοὺς</span> <span class='ocrx_word' id='word_1_900' title='bbox 3605 3914 3805 3976; x_wconf 79' lang='grc' dir='ltr'>αὑτοὺς</span> 
     </span>
    </p>
   </div>
   <div class='ocr_carea' id='block_1_108' title="bbox 2222 3993 3803 4067">
    <p class='ocr_par' dir='ltr' id='par_1_108' title="bbox 2222 3993 3803 4067">
     <span class='ocr_line' id='line_1_108' title="bbox 2222 3993 3803 4067; baseline -0.001 -20"><span class='ocrx_word' id='word_1_901' title='bbox 2222 3993 2437 4064; x_wconf 82' lang='grc' dir='ltr'>φίλους’</span> <span class='ocrx_word' id='word_1_902' title='bbox 2475 3994 2666 4067; x_wconf 85' lang='grc' dir='ltr'>ῶσπερ</span> <span class='ocrx_word' id='word_1_903' title='bbox 2698 3995 2866 4047; x_wconf 88' lang='grc' dir='ltr'>κακία</span> <span class='ocrx_word' id='word_1_904' title='bbox 2922 3996 3165 4066; x_wconf 85' lang='grc' dir='ltr'>μεγάλη,</span> <span class='ocrx_word' id='word_1_905' title='bbox 3210 3996 3339 4049; x_wconf 85' lang='grc' dir='ltr'>ὅταν</span> <span class='ocrx_word' id='word_1_906' title='bbox 3382 3997 3508 4059; x_wconf 88' lang='lat'><strong>106;</strong></span> <span class='ocrx_word' id='word_1_907' title='bbox 3538 3995 3631 4049; x_wconf 86' lang='grc' dir='ltr'>τοῦ</span> <span class='ocrx_word' id='word_1_908' title='bbox 3670 3994 3803 4049; x_wconf 87' lang='grc' dir='ltr'>Θεοῦ</span> 
     </span>
    </p>
   </div>
   <div class='ocr_carea' id='block_1_109' title="bbox 2223 4076 3807 4151">
    <p class='ocr_par' dir='ltr' id='par_1_109' title="bbox 2223 4076 3807 4151">
     <span class='ocr_line' id='line_1_109' title="bbox 2223 4076 3807 4151; baseline 0 -21"><span class='ocrx_word' id='word_1_909' title='bbox 2223 4078 2408 4146; x_wconf 76' lang='grc' dir='ltr'>φίλους</span> <span class='ocrx_word' id='word_1_910' title='bbox 2438 4076 2665 4149; x_wconf 82' lang='grc' dir='ltr'>ἐχθροὺς</span> <span class='ocrx_word' id='word_1_911' title='bbox 2690 4078 2811 4151; x_wconf 82' lang='grc' dir='ltr'>ἔχῃ,</span> <span class='ocrx_word' id='word_1_912' title='bbox 2838 4079 2933 4132; x_wconf 72' lang='grc' dir='ltr'>καὶ</span> <span class='ocrx_word' id='word_1_913' title='bbox 2960 4081 3085 4141; x_wconf 88' lang='lat'><strong>106;</strong></span> <span class='ocrx_word' id='word_1_914' title='bbox 3104 4078 3333 4150; x_wconf 81' lang='grc' dir='ltr'>ἐχθροὺς</span> <span class='ocrx_word' id='word_1_915' title='bbox 3360 4080 3568 4149; x_wconf 75' lang='grc' dir='ltr'>φίλους.</span> <span class='ocrx_word' id='word_1_916' title='bbox 3593 4079 3807 4149; x_wconf 83' lang='grc' dir='ltr'>Ὠσπερ</span> 
     </span>
    </p>
   </div>
   <div class='ocr_carea' id='block_1_110' title="bbox 2221 4157 3803 4231">
    <p class='ocr_par' dir='ltr' id='par_1_110' title="bbox 2221 4157 3803 4231">
     <span class='ocr_line' id='line_1_110' title="bbox 2221 4157 3803 4231; baseline -0.001 -18"><span class='ocrx_word' id='word_1_917' title='bbox 2221 4157 2364 4214; x_wconf 84' lang='grc' dir='ltr'>οὖνὸ</span> <span class='ocrx_word' id='word_1_918' title='bbox 2400 4160 2532 4224; x_wconf 72' lang='grc' dir='ltr'>Θεὸς</span> <span class='ocrx_word' id='word_1_919' title='bbox 2576 4161 2805 4231; x_wconf 79' lang='grc' dir='ltr'>ἐχθροὺς</span> <span class='ocrx_word' id='word_1_920' title='bbox 2854 4160 2998 4230; x_wconf 79' lang='grc' dir='ltr'>ἔχειν</span> <span class='ocrx_word' id='word_1_921' title='bbox 3049 4161 3288 4228; x_wconf 78' lang='grc' dir='ltr'>λέγεται,</span> <span class='ocrx_word' id='word_1_922' title='bbox 3337 4163 3397 4214; x_wconf 83' lang='grc' dir='ltr'>οὑ</span> <span class='ocrx_word' id='word_1_923' title='bbox 3436 4161 3632 4231; x_wconf 86' lang='grc' dir='ltr'>μισῶν,</span> <span class='ocrx_word' id='word_1_924' title='bbox 3683 4162 3803 4214; x_wconf 78' lang='grc' dir='ltr'>οὑδὲ</span> 
     </span>
    </p>
   </div>
   <div class='ocr_carea' id='block_1_111' title="bbox 2222 4243 3805 4314">
    <p class='ocr_par' dir='ltr' id='par_1_111' title="bbox 2222 4243 3805 4314">
     <span class='ocr_line' id='line_1_111' title="bbox 2222 4243 3805 4314; baseline 0 -18"><span class='ocrx_word' id='word_1_925' title='bbox 2222 4243 2696 4314; x_wconf 79' lang='grc' dir='ltr'>ἀποστρεφόμενος</span> <span class='ocrx_word' id='word_1_926' title='bbox 2716 4244 2935 4307; x_wconf 76' lang='grc' dir='ltr'>αὑτοὺς,</span> <span class='ocrx_word' id='word_1_927' title='bbox 2958 4243 3093 4297; x_wconf 81' lang='grc' dir='ltr'>ἀλλά</span> <span class='ocrx_word' id='word_1_928' title='bbox 3118 4244 3219 4307; x_wconf 88' lang='grc' dir='ltr'>τάς</span> <span class='ocrx_word' id='word_1_929' title='bbox 3241 4243 3471 4314; x_wconf 79' lang='grc' dir='ltr'>πράξεις</span> <span class='ocrx_word' id='word_1_930' title='bbox 3496 4244 3681 4298; x_wconf 79' lang='grc' dir='ltr'>αὑτῶν</span> <span class='ocrx_word' id='word_1_931' title='bbox 3709 4244 3805 4305; x_wconf 70' lang='grc' dir='ltr'>τὰς</span> 
     </span>
    </p>
   </div>
   <div class='ocr_carea' id='block_1_112' title="bbox 2225 4325 3805 4398">
    <p class='ocr_par' dir='ltr' id='par_1_112' title="bbox 2225 4325 3805 4398">
     <span class='ocr_line' id='line_1_112' title="bbox 2225 4325 3805 4398; baseline 0.001 -20"><span class='ocrx_word' id='word_1_932' title='bbox 2225 4326 2465 4397; x_wconf 75' lang='grc' dir='ltr'>πονηράς</span> <span class='ocrx_word' id='word_1_933' title='bbox 2507 4325 2944 4396; x_wconf 78' lang='grc' dir='ltr'>βδελυττόμενοςο</span> <span class='ocrx_word' id='word_1_934' title='bbox 2980 4325 3124 4379; x_wconf 73' lang='grc' dir='ltr'>οὕτω</span> <span class='ocrx_word' id='word_1_935' title='bbox 3158 4327 3252 4380; x_wconf 72' lang='grc' dir='ltr'>καὶ</span> <span class='ocrx_word' id='word_1_936' title='bbox 3287 4329 3315 4379; x_wconf 94' lang='lat'>6</span> <span class='ocrx_word' id='word_1_937' title='bbox 3346 4327 3554 4390; x_wconf 79' lang='grc' dir='ltr'>δίκαιος</span> <span class='ocrx_word' id='word_1_938' title='bbox 3576 4327 3775 4398; x_wconf 77' lang='grc' dir='ltr'>ἐχθροῦ</span> <span class='ocrx_word' id='word_1_939' title='bbox 3787 4344 3805 4387; x_wconf 85' lang='lat'>;</span> 
     </span>
    </p>
   </div>
   <div class='ocr_carea' id='block_1_113' title="bbox 2222 4408 3805 4483">
    <p class='ocr_par' dir='ltr' id='par_1_113' title="bbox 2222 4408 3805 4483">
     <span class='ocr_line' id='line_1_113' title="bbox 2222 4408 3805 4483; baseline -0.001 -22"><span class='ocrx_word' id='word_1_940' title='bbox 2222 4408 2353 4479; x_wconf 81' lang='grc' dir='ltr'>ἔχει,</span> <span class='ocrx_word' id='word_1_941' title='bbox 2400 4410 2501 4463; x_wconf 89' lang='grc' dir='ltr'>οὑκ</span> <span class='ocrx_word' id='word_1_942' title='bbox 2538 4410 2877 4480; x_wconf 83' lang='grc' dir='ltr'>ἀμυνόμενος</span> <span class='ocrx_word' id='word_1_943' title='bbox 2933 4411 3165 4474; x_wconf 83' lang='grc' dir='ltr'>αὑτοὺς,</span> <span class='ocrx_word' id='word_1_944' title='bbox 3205 4410 3345 4464; x_wconf 79' lang='grc' dir='ltr'>ἀλλὰ</span> <span class='ocrx_word' id='word_1_945' title='bbox 3384 4412 3485 4483; x_wconf 80' lang='grc' dir='ltr'>τὴν</span> <span class='ocrx_word' id='word_1_946' title='bbox 3537 4411 3805 4479; x_wconf 79' lang='grc' dir='ltr'>πονηρίαν</span> 
     </span>
    </p>
   </div>
   <div class='ocr_carea' id='block_1_114' title="bbox 2221 4492 3805 4564">
    <p class='ocr_par' dir='ltr' id='par_1_114' title="bbox 2221 4492 3805 4564">
     <span class='ocr_line' id='line_1_114' title="bbox 2221 4492 3805 4564; baseline -0.002 -17"><span class='ocrx_word' id='word_1_947' title='bbox 2221 4493 2715 4564; x_wconf 71' lang='grc' dir='ltr'>ἀποστρεφόμενος.</span> <span class='ocrx_word' id='word_1_948' title='bbox 2763 4493 2875 4546; x_wconf 80' lang='grc' dir='ltr'>Καὶ</span> <span class='ocrx_word' id='word_1_949' title='bbox 2935 4493 3296 4563; x_wconf 78' lang='grc' dir='ltr'>ἐξεγέρθητι,</span> <span class='ocrx_word' id='word_1_950' title='bbox 3350 4496 3532 4561; x_wconf 79' lang='grc' dir='ltr'>Κύριε</span> <span class='ocrx_word' id='word_1_951' title='bbox 3578 4493 3612 4546; x_wconf 82' lang='grc' dir='ltr'>ό</span> <span class='ocrx_word' id='word_1_952' title='bbox 3662 4492 3805 4557; x_wconf 79' lang='grc' dir='ltr'>Θεός</span> 
     </span>
    </p>
   </div>
   <div class='ocr_carea' id='block_1_115' title="bbox 2215 4568 3801 4645">
    <p class='ocr_par' dir='ltr' id='par_1_115' title="bbox 2215 4568 3801 4645">
     <span class='ocr_line' id='line_1_115' title="bbox 2215 4568 3801 4645; baseline -0.001 -17"><span class='ocrx_word' id='word_1_953' title='bbox 2215 4593 2356 4642; x_wconf 83' lang='grc' dir='ltr'>μου,</span> <span class='ocrx_word' id='word_1_954' title='bbox 2387 4576 2459 4629; x_wconf 85' lang='grc' dir='ltr'>ἐν</span> <span class='ocrx_word' id='word_1_955' title='bbox 2506 4575 2918 4645; x_wconf 81' lang='grc' dir='ltr'>προστάγματι</span> <span class='ocrx_word' id='word_1_956' title='bbox 2952 4568 3001 4642; x_wconf 82' lang='grc' dir='ltr'>ᾧ</span> <span class='ocrx_word' id='word_1_957' title='bbox 3048 4577 3343 4630; x_wconf 75' lang='grc' dir='ltr'>ὲνετείλω.</span> <span class='ocrx_word' id='word_1_958' title='bbox 3373 4576 3562 4637; x_wconf 82' lang='grc' dir='ltr'>Ἀλλος</span> <span class='ocrx_word' id='word_1_959' title='bbox 3612 4575 3801 4644; x_wconf 74' lang='grc' dir='ltr'>φησὶν,</span> 
     </span>
    </p>
   </div>
   <div class='ocr_carea' id='block_1_116' title="bbox 2236 4656 3799 4729">
    <p class='ocr_par' dir='ltr' id='par_1_116' title="bbox 2236 4656 3799 4729">
     <span class='ocr_line' id='line_1_116' title="bbox 2236 4656 3799 4729; baseline -0.001 -17"><span class='ocrx_word' id='word_1_960' title='bbox 2236 4659 2337 4712; x_wconf 83' lang='grc' dir='ltr'>Ἓν</span> <span class='ocrx_word' id='word_1_961' title='bbox 2373 4659 2627 4728; x_wconf 79' lang='grc' dir='ltr'>κρίματι.</span> <span class='ocrx_word' id='word_1_962' title='bbox 2656 4659 2766 4712; x_wconf 76' lang='grc' dir='ltr'>Καὶ</span> <span class='ocrx_word' id='word_1_963' title='bbox 2807 4659 3129 4729; x_wconf 74' lang='grc' dir='ltr'>συναγωγὴ</span> <span class='ocrx_word' id='word_1_964' title='bbox 3167 4657 3335 4713; x_wconf 77' lang='grc' dir='ltr'>λαῶν</span> <span class='ocrx_word' id='word_1_965' title='bbox 3367 4656 3670 4713; x_wconf 71' lang='grc' dir='ltr'>κυκλώσει</span> <span class='ocrx_word' id='word_1_966' title='bbox 3708 4675 3799 4711; x_wconf 82' lang='grc' dir='ltr'>σε.</span> 
     </span>
    </p>
   </div>
   <div class='ocr_carea' id='block_1_117' title="bbox 2226 4740 3803 4812">
    <p class='ocr_par' dir='ltr' id='par_1_117' title="bbox 2226 4740 3803 4812">
     <span class='ocr_line' id='line_1_117' title="bbox 2226 4740 3803 4812; baseline 0.001 -19"><span class='ocrx_word' id='word_1_967' title='bbox 2226 4740 2417 4804; x_wconf 81' lang='grc' dir='ltr'>’Λλλος</span> <span class='ocrx_word' id='word_1_968' title='bbox 2458 4741 2611 4812; x_wconf 75' lang='grc' dir='ltr'>φησὶ,</span> <span class='ocrx_word' id='word_1_969' title='bbox 2643 4741 3022 4796; x_wconf 72' lang='grc' dir='ltr'>Κυκλωσάτω</span> <span class='ocrx_word' id='word_1_970' title='bbox 3058 4758 3132 4795; x_wconf 87' lang='grc' dir='ltr'>σε</span> <span class='ocrx_word' id='word_1_971' title='bbox 3157 4743 3202 4794; x_wconf 73' lang='grc'>⁸.</span> <span class='ocrx_word' id='word_1_972' title='bbox 3244 4741 3353 4795; x_wconf 75' lang='grc' dir='ltr'>Καὶ</span> <span class='ocrx_word' id='word_1_973' title='bbox 3393 4740 3547 4811; x_wconf 82' lang='grc' dir='ltr'>ὑπὲρ</span> <span class='ocrx_word' id='word_1_974' title='bbox 3583 4742 3803 4807; x_wconf 77' lang='grc' dir='ltr'>ταύτης</span> 
     </span>
    </p>
   </div>
   <div class='ocr_carea' id='block_1_118' title="bbox 2221 4824 3801 4897">
    <p class='ocr_par' dir='ltr' id='par_1_118' title="bbox 2221 4824 3801 4897">
     <span class='ocr_line' id='line_1_118' title="bbox 2221 4824 3801 4897; baseline -0.002 -19"><span class='ocrx_word' id='word_1_975' title='bbox 2221 4828 2308 4890; x_wconf 84' lang='grc' dir='ltr'>εὶς</span> <span class='ocrx_word' id='word_1_976' title='bbox 2350 4825 2507 4893; x_wconf 81' lang='grc' dir='ltr'>ὕψος</span> <span class='ocrx_word' id='word_1_977' title='bbox 2555 4825 2949 4893; x_wconf 74' lang='grc' dir='ltr'>ἐπιστρεψον,</span> <span class='ocrx_word' id='word_1_978' title='bbox 2991 4824 3108 4897; x_wconf 80' lang='lat'>[6|]</span> <span class='ocrx_word' id='word_1_979' title='bbox 3169 4826 3368 4893; x_wconf 81' lang='grc' dir='ltr'>Κύριε.</span> <span class='ocrx_word' id='word_1_980' title='bbox 3403 4824 3594 4888; x_wconf 75' lang='grc' dir='ltr'>’Ἄλλος</span> <span class='ocrx_word' id='word_1_981' title='bbox 3640 4824 3801 4894; x_wconf 74' lang='grc' dir='ltr'>φησὶ,</span> 
     </span>
    </p>
   </div>
   <div class='ocr_carea' id='block_1_119' title="bbox 2223 4905 3804 4977">
    <p class='ocr_par' dir='ltr' id='par_1_119' title="bbox 2223 4905 3804 4977">
     <span class='ocr_line' id='line_1_119' title="bbox 2223 4905 3804 4977; baseline -0.005 -13"><span class='ocrx_word' id='word_1_982' title='bbox 2223 4909 2333 4964; x_wconf 79' lang='grc' dir='ltr'>Καὶ</span> <span class='ocrx_word' id='word_1_983' title='bbox 2362 4908 2561 4962; x_wconf 81' lang='grc' dir='ltr'>ἐπάνω</span> <span class='ocrx_word' id='word_1_984' title='bbox 2593 4908 2785 4977; x_wconf 82' lang='grc' dir='ltr'>αὐτῆς</span> <span class='ocrx_word' id='word_1_985' title='bbox 2810 4912 2899 4974; x_wconf 81' lang='grc' dir='ltr'>εις</span> <span class='ocrx_word' id='word_1_986' title='bbox 2934 4909 3001 4962; x_wconf 86' lang='grc' dir='ltr'>τὸ</span> <span class='ocrx_word' id='word_1_987' title='bbox 3039 4909 3200 4977; x_wconf 74' lang='grc' dir='ltr'>ὕψος</span> <span class='ocrx_word' id='word_1_988' title='bbox 3235 4909 3643 4977; x_wconf 61' lang='grc' dir='ltr'>ὑπέστρεφον.</span> <span class='ocrx_word' id='word_1_989' title='bbox 3678 4905 3804 4959; x_wconf 76' lang='grc' dir='ltr'>Ἀλ-</span> 
     </span>
    </p>
   </div>
   <div class='ocr_carea' id='block_1_120' title="bbox 2196 4986 3802 5061">
    <p class='ocr_par' dir='ltr' id='par_1_120' title="bbox 2196 4986 3802 5061">
     <span class='ocr_line' id='line_1_120' title="bbox 2196 4986 3802 5061; baseline -0.001 -18"><span class='ocrx_word' id='word_1_990' title='bbox 2196 4992 2333 5056; x_wconf 88' lang='grc' dir='ltr'>.λος,</span> <span class='ocrx_word' id='word_1_991' title='bbox 2369 4992 2478 5045; x_wconf 75' lang='lat' dir='ltr'>Kal</span> <span class='ocrx_word' id='word_1_992' title='bbox 2519 4991 2620 5044; x_wconf 76' lang='grc' dir='ltr'>ἐπὶ</span> <span class='ocrx_word' id='word_1_993' title='bbox 2659 4993 2844 5061; x_wconf 76' lang='grc' dir='ltr'>ταύτῃ</span> <span class='ocrx_word' id='word_1_994' title='bbox 2883 4995 2971 5058; x_wconf 80' lang='grc' dir='ltr'>εὶς</span> <span class='ocrx_word' id='word_1_995' title='bbox 3012 4992 3172 5060; x_wconf 72' lang='grc' dir='ltr'>ὕψος</span> <span class='ocrx_word' id='word_1_996' title='bbox 3214 4986 3605 5059; x_wconf 56' lang='grc' dir='ltr'>ἐπίστρεψον.</span> <span class='ocrx_word' id='word_1_997' title='bbox 3649 4991 3711 5042; x_wconf 86' lang='lat'><strong>&#39;0</strong></span> <span class='ocrx_word' id='word_1_998' title='bbox 3746 4989 3802 5041; x_wconf 79' lang='grc' dir='ltr'>δὲ</span> 
     </span>
    </p>
   </div>
   <div class='ocr_carea' id='block_1_121' title="bbox 2235 5071 3799 5146">
    <p class='ocr_par' dir='ltr' id='par_1_121' title="bbox 2235 5071 3799 5146">
     <span class='ocr_line' id='line_1_121' title="bbox 2235 5071 3799 5146; baseline -0.003 -18"><span class='ocrx_word' id='word_1_999' title='bbox 2235 5074 2487 5146; x_wconf 82' lang='grc' dir='ltr'>Ἐϐραῖος</span> <span class='ocrx_word' id='word_1_1000' title='bbox 2536 5073 2619 5137; x_wconf 85' lang='lat'><strong>16,</strong></span> <span class='ocrx_word' id='word_1_1001' title='bbox 2679 5074 2849 5144; x_wconf 80' lang='grc' dir='ltr'>Ὑπὲρ</span> <span class='ocrx_word' id='word_1_1002' title='bbox 2891 5076 3135 5143; x_wconf 84' lang='grc' dir='ltr'>ταύτης,</span> <span class='ocrx_word' id='word_1_1003' title='bbox 3191 5075 3377 5145; x_wconf 85' lang='grc' dir='ltr'>φησίν,</span> <span class='ocrx_word' id='word_1_1004' title='bbox 3435 5072 3688 5127; x_wconf 59' lang='lat' dir='ltr'>abusa.</span> <span class='ocrx_word' id='word_1_1005' title='bbox 3735 5071 3799 5123; x_wconf 88' lang='grc' dir='ltr'>Τί</span> 
     </span>
    </p>
   </div>
   <div class='ocr_carea' id='block_1_122' title="bbox 2222 5151 3800 5227">
    <p class='ocr_par' dir='ltr' id='par_1_122' title="bbox 2222 5151 3800 5227">
     <span class='ocr_line' id='line_1_122' title="bbox 2222 5151 3800 5227; baseline -0.002 -15"><span class='ocrx_word' id='word_1_1006' title='bbox 2222 5161 2392 5220; x_wconf 85' lang='grc' dir='ltr'>ἐστιν,</span> <span class='ocrx_word' id='word_1_1007' title='bbox 2433 5157 2535 5212; x_wconf 84' lang='grc' dir='ltr'>Ἐν</span> <span class='ocrx_word' id='word_1_1008' title='bbox 2573 5157 2982 5227; x_wconf 78' lang='grc' dir='ltr'>προστάγματι</span> <span class='ocrx_word' id='word_1_1009' title='bbox 3024 5151 3074 5224; x_wconf 84' lang='grc' dir='ltr'>ᾦ</span> <span class='ocrx_word' id='word_1_1010' title='bbox 3118 5157 3397 5212; x_wconf 68' lang='grc' dir='ltr'>ἐνετειλω</span> <span class='ocrx_word' id='word_1_1011' title='bbox 3416 5174 3435 5221; x_wconf 86' lang='grc'><em>;</em></span> <span class='ocrx_word' id='word_1_1012' title='bbox 3463 5155 3629 5209; x_wconf 81' lang='grc' dir='ltr'>Ὥστε</span> <span class='ocrx_word' id='word_1_1013' title='bbox 3678 5156 3800 5225; x_wconf 81' lang='grc' dir='ltr'>βοη-</span> 
     </span>
    </p>
   </div>
   <div class='ocr_carea' id='block_1_123' title="bbox 2224 5238 3799 5312">
    <p class='ocr_par' dir='ltr' id='par_1_123' title="bbox 2224 5238 3799 5312">
     <span class='ocr_line' id='line_1_123' title="bbox 2224 5238 3799 5312; baseline -0.004 -17"><span class='ocrx_word' id='word_1_1014' title='bbox 2224 5241 2338 5295; x_wconf 88' lang='grc' dir='ltr'>θεῖν</span> <span class='ocrx_word' id='word_1_1015' title='bbox 2366 5243 2478 5304; x_wconf 90' lang='grc' dir='ltr'>τοῖς</span> <span class='ocrx_word' id='word_1_1016' title='bbox 2512 5240 2905 5311; x_wconf 83' lang='grc' dir='ltr'>ἀδικουμένοις,</span> <span class='ocrx_word' id='word_1_1017' title='bbox 2933 5243 3028 5296; x_wconf 75' lang='grc' dir='ltr'>καὶ</span> <span class='ocrx_word' id='word_1_1018' title='bbox 3065 5240 3140 5312; x_wconf 82' lang='grc' dir='ltr'>μὴ</span> <span class='ocrx_word' id='word_1_1019' title='bbox 3175 5241 3463 5311; x_wconf 72' lang='grc' dir='ltr'>περιορᾷν,</span> <span class='ocrx_word' id='word_1_1020' title='bbox 3486 5239 3643 5310; x_wconf 76' lang='grc' dir='ltr'>φησὶ,</span> <span class='ocrx_word' id='word_1_1021' title='bbox 3672 5238 3799 5300; x_wconf 78' lang='grc' dir='ltr'>τοὺς</span> 
     </span>
    </p>
   </div>
   <div class='ocr_carea' id='block_1_124' title="bbox 2223 5320 3802 5396">
    <p class='ocr_par' dir='ltr' id='par_1_124' title="bbox 2223 5320 3802 5396">
     <span class='ocr_line' id='line_1_124' title="bbox 2223 5320 3802 5396; baseline -0.003 -18"><span class='ocrx_word' id='word_1_1022' title='bbox 2223 5324 2942 5396; x_wconf 80' lang='grc' dir='ltr'>ἐπιϐουλευομένους.”οπερ</span> <span class='ocrx_word' id='word_1_1023' title='bbox 2954 5320 3047 5378; x_wconf 73' lang='grc' dir='ltr'>οὖν</span> <span class='ocrx_word' id='word_1_1024' title='bbox 3066 5325 3197 5394; x_wconf 75' lang='grc' dir='ltr'>ἡμῖν</span> <span class='ocrx_word' id='word_1_1025' title='bbox 3214 5321 3628 5393; x_wconf 82' lang='grc' dir='ltr'>ὲνομοθέτησας,</span> <span class='ocrx_word' id='word_1_1026' title='bbox 3646 5322 3802 5375; x_wconf 86' lang='grc' dir='ltr'>τοῦτο</span> 
     </span>
    </p>
   </div>
   <div class='ocr_carea' id='block_1_125' title="bbox 2223 5404 3800 5478">
    <p class='ocr_par' dir='ltr' id='par_1_125' title="bbox 2223 5404 3800 5478">
     <span class='ocr_line' id='line_1_125' title="bbox 2223 5404 3800 5478; baseline -0.003 -15"><span class='ocrx_word' id='word_1_1027' title='bbox 2223 5411 2319 5463; x_wconf 77' lang='grc' dir='ltr'>καὶ</span> <span class='ocrx_word' id='word_1_1028' title='bbox 2352 5410 2510 5473; x_wconf 83' lang='grc' dir='ltr'>αὐτὸς</span> <span class='ocrx_word' id='word_1_1029' title='bbox 2543 5409 2632 5461; x_wconf 78' lang='grc' dir='ltr'>διὰ</span> <span class='ocrx_word' id='word_1_1030' title='bbox 2661 5407 2765 5460; x_wconf 83' lang='grc' dir='ltr'>τῶν</span> <span class='ocrx_word' id='word_1_1031' title='bbox 2800 5406 2977 5478; x_wconf 75' lang='grc' dir='ltr'>ἔργων</span> <span class='ocrx_word' id='word_1_1032' title='bbox 3016 5407 3146 5478; x_wconf 79' lang='grc' dir='ltr'>ἡμῖν</span> <span class='ocrx_word' id='word_1_1033' title='bbox 3175 5406 3390 5469; x_wconf 78' lang='grc' dir='ltr'>ἀπόδος.</span> <span class='ocrx_word' id='word_1_1034' title='bbox 3429 5405 3588 5470; x_wconf 75' lang='grc' dir='ltr'>Τινὲς</span> <span class='ocrx_word' id='word_1_1035' title='bbox 3615 5406 3673 5459; x_wconf 80' lang='grc' dir='ltr'>δὲ</span> <span class='ocrx_word' id='word_1_1036' title='bbox 3707 5404 3800 5459; x_wconf 71' lang='grc' dir='ltr'>καὶ</span> 
     </span>
    </p>
   </div>
   <div class='ocr_carea' id='block_1_126' title="bbox 2294 5623 3803 5701">
    <p class='ocr_par' dir='ltr' id='par_1_126' title="bbox 2294 5623 3803 5701">
     <span class='ocr_line' id='line_1_126' title="bbox 2294 5623 3803 5701; baseline -0.003 -24"><span class='ocrx_word' id='word_1_1037' title='bbox 2294 5627 2312 5667; x_wconf 76' lang='grc' dir='ltr'>ί</span> <span class='ocrx_word' id='word_1_1038' title='bbox 2360 5629 2483 5701; x_wconf 64' lang='grc' dir='ltr'>1⁷081ι</span> <span class='ocrx_word' id='word_1_1039' title='bbox 2522 5629 2750 5701; x_wconf 67' lang='grc' dir='ltr'>πολλάκις</span> <span class='ocrx_word' id='word_1_1040' title='bbox 2785 5628 2957 5701; x_wconf 53' lang='lat' dir='ltr'>Here].</span> <span class='ocrx_word' id='word_1_1041' title='bbox 2987 5629 3133 5701; x_wconf 41' lang='lat' dir='ltr'><strong>addit</strong></span> <span class='ocrx_word' id='word_1_1042' title='bbox 3164 5629 3263 5685; x_wconf 82' lang='grc' dir='ltr'>τοῖς</span> <span class='ocrx_word' id='word_1_1043' title='bbox 3305 5629 3487 5690; x_wconf 82' lang='grc' dir='ltr'>μεγάλα</span> <span class='ocrx_word' id='word_1_1044' title='bbox 3527 5623 3803 5689; x_wconf 79' lang='grc' dir='ltr'>ἡμαρτηκό-</span> 
     </span>
    </p>
   </div>
   <div class='ocr_carea' id='block_1_127' title="bbox 2226 5690 3801 5813">
    <p class='ocr_par' dir='ltr' id='par_1_127' title="bbox 2226 5690 3801 5813">
     <span class='ocr_line' id='line_1_127' title="bbox 2226 5690 3767 5754; baseline 0.001 -17"><span class='ocrx_word' id='word_1_1045' title='bbox 2226 5708 2293 5748; x_wconf 90' lang='grc' dir='ltr'>σι,</span> <span class='ocrx_word' id='word_1_1046' title='bbox 2313 5703 2423 5751; x_wconf 63' lang='lat' dir='ltr'>qua</span> <span class='ocrx_word' id='word_1_1047' title='bbox 2443 5690 2623 5739; x_wconf 73' lang='lat' dir='ltr'>absunt</span> <span class='ocrx_word' id='word_1_1048' title='bbox 2639 5691 2699 5739; x_wconf 82' lang='lat' dir='ltr'>ab</span> <span class='ocrx_word' id='word_1_1049' title='bbox 2711 5690 2938 5740; x_wconf 81' lang='lat' dir='ltr'>omnibus</span> <span class='ocrx_word' id='word_1_1050' title='bbox 2957 5691 3084 5739; x_wconf 85' lang='lat' dir='ltr'><strong>aliis.</strong></span> <span class='ocrx_word' id='word_1_1051' title='bbox 3758 5745 3767 5754; x_wconf 35' lang='grc' dir='ltr'>η</span> 
     </span>
     <span class='ocr_line' id='line_1_128' title="bbox 2290 5748 3801 5813; baseline -0.005 -13"><span class='ocrx_word' id='word_1_1052' title='bbox 2290 5755 2315 5791; x_wconf 73' lang='grc'><strong>8</strong></span> <span class='ocrx_word' id='word_1_1053' title='bbox 2343 5751 2387 5801; x_wconf 87' lang='lat' dir='ltr'>Is</span> <span class='ocrx_word' id='word_1_1054' title='bbox 2408 5753 2493 5813; x_wconf 88' lang='lat' dir='ltr'><strong>qui</strong></span> <span class='ocrx_word' id='word_1_1055' title='bbox 2513 5754 2681 5813; x_wconf 72' lang='lat' dir='ltr'>venit,</span> <span class='ocrx_word' id='word_1_1056' title='bbox 2725 5752 3023 5800; x_wconf 81' lang='grc' dir='ltr'>κυκλωσάτω</span> <span class='ocrx_word' id='word_1_1057' title='bbox 3062 5768 3136 5809; x_wconf 80' lang='grc' dir='ltr'>σε,</span> <span class='ocrx_word' id='word_1_1058' title='bbox 3162 5759 3242 5801; x_wconf 76' lang='lat' dir='ltr'>est</span> <span class='ocrx_word' id='word_1_1059' title='bbox 3279 5750 3611 5810; x_wconf 72' lang='lat' dir='ltr'>Symmachus.</span> <span class='ocrx_word' id='word_1_1060' title='bbox 3636 5748 3801 5813; x_wconf 58' lang='lat' dir='ltr'>Lecilq</span> 
     </span>
    </p>
   </div>
   <div class='ocr_carea' id='block_1_128' title="bbox 2228 5809 3798 5873">
    <p class='ocr_par' dir='ltr' id='par_1_128' title="bbox 2228 5809 3798 5873">
     <span class='ocr_line' id='line_1_129' title="bbox 2228 5809 3798 5873; baseline -0.004 -11"><span class='ocrx_word' id='word_1_1061' title='bbox 2228 5831 2308 5862; x_wconf 81' lang='grc' dir='ltr'>και</span> <span class='ocrx_word' id='word_1_1062' title='bbox 2330 5809 2487 5862; x_wconf 77' lang='grc' dir='ltr'>ἐπάνω</span> <span class='ocrx_word' id='word_1_1063' title='bbox 2515 5809 2677 5873; x_wconf 71' lang='grc' dir='ltr'>αὐτῆς,</span> <span class='ocrx_word' id='word_1_1064' title='bbox 2722 5821 2802 5863; x_wconf 73' lang='grc' dir='ltr'>εει</span> <span class='ocrx_word' id='word_1_1065' title='bbox 2822 5814 3206 5863; x_wconf 67' lang='grc' dir='ltr'>ἸΊὶρυιίοιίυιιίδι</span> <span class='ocrx_word' id='word_1_1066' title='bbox 3259 5814 3414 5860; x_wconf 70' lang='lat' dir='ltr'><strong>altera</strong></span> <span class='ocrx_word' id='word_1_1067' title='bbox 3456 5825 3589 5871; x_wconf 71' lang='lat' dir='ltr'>vero,</span> <span class='ocrx_word' id='word_1_1068' title='bbox 3623 5809 3798 5857; x_wconf 79' lang='grc' dir='ltr'>κα.ὶέπὶ</span> 
     </span>
    </p>
   </div>
   <div class='ocr_carea' id='block_1_129' title="bbox 2224 5873 3756 5958">
    <p class='ocr_par' dir='ltr' id='par_1_129' title="bbox 2224 5873 3756 5958">
     <span class='ocr_line' id='line_1_130' title="bbox 2224 5873 3756 5958; baseline -0.006 -18"><span class='ocrx_word' id='word_1_1069' title='bbox 2224 5891 2391 5958; x_wconf 80' lang='grc' dir='ltr'>ταύτῃ,</span> <span class='ocrx_word' id='word_1_1070' title='bbox 2418 5895 2495 5943; x_wconf 75' lang='lat' dir='ltr'>est</span> <span class='ocrx_word' id='word_1_1071' title='bbox 2513 5891 2722 5955; x_wconf 73' lang='lat' dir='ltr'>Aquilae.</span> <span class='ocrx_word' id='word_1_1072' title='bbox 2750 5891 2938 5942; x_wconf 74' lang='grc' dir='ltr'>Οὐαλεά</span> <span class='ocrx_word' id='word_1_1073' title='bbox 2964 5890 3205 5940; x_wconf 65' lang='grc' dir='ltr'>Ηρισίιὶςρ</span> <span class='ocrx_word' id='word_1_1074' title='bbox 3228 5873 3381 5953; x_wconf 56' lang='lat' dir='ltr'>r0531</span> <span class='ocrx_word' id='word_1_1075' title='bbox 3402 5893 3445 5939; x_wconf 82' lang='lat' dir='ltr'>el</span> <span class='ocrx_word' id='word_1_1076' title='bbox 3470 5898 3610 5950; x_wconf 69' lang='lat' dir='ltr'>super</span> <span class='ocrx_word' id='word_1_1077' title='bbox 3630 5896 3756 5937; x_wconf 83' lang='lat' dir='ltr'><strong><em>eam.</em></strong></span> 
     </span>
    </p>
   </div>
  </div>
