4106 6462
293 368 357 441 s's
1474 378 1832 436 sxrosmo
1894 375 1960 433 nt
2000 377 2322 434 PSALMUM
2357 378 2467 433 vu.

300 496 343 550 si
362 496 426 548 iis
443 491 713 547 fuerimus
739 494 1079 564 superioges,
1109 491 1268 547 etiam
1287 505 1352 546 ne
1372 504 1469 545 nos
1495 489 1899 560 apprehendant

306 583 616 651 inimicitiae,
642 584 946 641 evademus
963 583 1285 653 superiores.
1302 581 1413 637 Etsi
1429 596 1557 652 ergo
1580 580 1899 635 contumelia

311 677 543 733 aliecerit
566 719 583 743 ,
631 692 832 748 magno
861 676 945 731 fer
996 675 1174 730 animo
1202 691 1215 727 :
1248 674 1477 743 seipsum
1514 672 1653 726 cnim
1676 712 1692 737 ,
1714 685 1822 726 non
1849 680 1902 727 te

312 770 486 827 affecit
530 768 753 838 injuria.
794 767 861 821 Et
904 767 950 822 si
998 766 1350 835 percusserit,
1381 777 1447 817 ne
1483 762 1713 816 ohsistas
1741 777 1754 816 :
1786 759 1901 830 ipse

312 864 457 918 enim
500 862 693 916 feritur
711 901 728 925 ,
760 869 813 914 te
839 872 999 914 manu
1019 897 1035 924 ,
1060 857 1289 927 seipsum
1318 856 1394 910 ira
1439 854 1687 924 pulsans,
1715 861 1773 909 et
1799 852 1899 909 sibi

312 954 506 1009 malam
536 951 606 1006 ab
632 950 885 1007 omnibus
909 947 1352 1004 existimationem
1376 958 1711 1015 comparans.
1745 943 1915 1012 Quod

311 1046 355 1099 si
388 1045 505 1100 hac
531 1042 631 1098 tibi
658 1042 906 1097 videntur
928 1054 1047 1095 esse
1072 1038 1327 1103 difficilia,
1371 1036 1472 1093 hoc
1497 1035 1634 1106 apud
1669 1045 1723 1091 te
1772 1049 1899 1090 c0u-

310 1133 489 1191 sidera
520 1150 539 1188 :
560 1132 608 1188 si
630 1132 749 1203 quis
783 1131 1013 1186 furiosus
1054 1139 1257 1185 vestem
1305 1135 1450 1182 tuam
1476 1125 1715 1196 undique
1759 1125 1900 1181 lace-

309 1228 446 1282 rarit
463 1266 479 1291 ,
501 1239 790 1296 quemnam
817 1222 1015 1279 dixeris
1055 1221 1205 1277 malis
1228 1219 1405 1287 afﬁci,
1432 1229 1555 1276 tene
1579 1220 1667 1290 qui
1712 1234 1899 1288 passus

311 1333 369 1371 es
395 1360 412 1380 ,
445 1334 514 1371 an
546 1316 693 1371 illum
720 1315 811 1386 qui
857 1312 1020 1369 fecit?
1062 1313 1275 1368 Clarum
1303 1323 1447 1367 certe
1477 1320 1559 1367 est
1583 1310 1723 1382 quod
1751 1311 1896 1365 illum

314 1408 457 1461 male
485 1405 732 1461 affectum
769 1419 889 1460 esse
928 1403 1164 1460 dicturus
1189 1404 1284 1459 sis.
1336 1400 1548 1473 Ergone
1570 1443 1586 1470 ,
1617 1401 1707 1457 ubi
1734 1418 1816 1456 ves
1829 1403 1899 1457 tis

311 1498 532 1568 quidem
557 1496 894 1565 discinditur,
909 1496 995 1568 qui
1019 1497 1158 1563 fecit,
1177 1495 1418 1567 graviora
1437 1508 1621 1564 passus
1635 1502 1720 1549 est
1740 1509 1897 1564 quam

314 1592 361 1644 is
385 1594 478 1655 qui
509 1591 669 1644 laesus
698 1587 799 1643 fuit
825 1605 840 1642 :
871 1587 957 1641 ubi
976 1596 1154 1642 autem
1178 1601 1273 1642 cor
1302 1585 1566 1655 rumpitur
1585 1625 1600 1651 ,
1632 1583 1733 1638 hoc
1755 1584 1897 1639 enim

315 1681 446 1737 facit
470 1682 572 1745 ira,
605 1696 710 1735 non
739 1680 886 1735 illum
914 1679 1160 1750 graviora
1189 1693 1309 1734 esse
1330 1691 1545 1747 passum
1574 1675 1783 1746 putabis
1806 1682 1893 1741 te,

311 1774 404 1844 qui
447 1790 518 1829 ne
545 1773 809 1828 tantillum
838 1772 1049 1843 quidem
1079 1786 1269 1842 passus
1289 1770 1392 1827 es?
1417 1770 1598 1842 Neque
1619 1771 1759 1826 enim
1796 1768 1898 1825 hoc

311 1867 515 1922 dixeris
539 1908 556 1933 ,
592 1867 738 1922 illum
780 1875 983 1923 vestem
1022 1876 1167 1920 tuam
1204 1863 1462 1932 scidisse,
1491 1863 1585 1919 sed
1612 1863 1760 1934 prius
1806 1878 1900 1918 cor

310 1974 491 2012 suum.
532 1958 684 2013 Sicut
728 1958 870 2013 enim
916 1973 1024 2013 non
1071 1956 1229 2012 fuerit
1265 1955 1480 2011 morbus
1528 1955 1746 2026 regius,
1795 1954 1897 2009 nisi

312 2049 436 2103 bilis
480 2056 806 2118 exsuperet,
843 2057 900 2104 et
927 2047 1173 2119 proprios
1209 2046 1404 2102 limites
1450 2045 1793 2101 transilierit:
1827 2045 1899 2100 ita

311 2140 608 2194 vehemens
633 2140 711 2194 ira
733 2138 823 2195 tibi
853 2153 958 2194 non
988 2137 1177 2206 fuerit,
1209 2137 1254 2192 si
1284 2152 1390 2193 non
1422 2136 1580 2192 fuerit
1605 2153 1699 2191 cor
1726 2135 1902 2192 disru-

312 2245 485 2304 ptum.
517 2231 979 2301 Quemadmodum
1024 2245 1155 2302 ergo
1200 2229 1245 2285 si
1273 2230 1472 2285 videris
1498 2229 1729 2299 aliquem
1755 2229 1900 2298 regio

308 2324 501 2379 morbo
523 2323 700 2379 teneri
722 2366 737 2390 ,
763 2322 862 2378 etsi
900 2322 1038 2378 mala
1082 2320 1268 2377 fecerit
1308 2321 1583 2375 innumera
1610 2360 1624 2384 ,
1654 2317 1898 2374 morbum

313 2416 378 2469 ad
402 2424 458 2470 te
481 2415 625 2469 nolis
651 2413 918 2469 attrahere
960 2430 978 2469 :
1018 2414 1087 2467 ita
1113 2412 1272 2467 etiam
1297 2411 1349 2466 in
1379 2411 1478 2466 ira.
1505 2409 1583 2465 Ne
1610 2409 1894 2473 mmulare,

312 2521 411 2560 nec
461 2506 677 2560 imitare
726 2504 907 2558 vitium
931 2544 948 2571 ,
970 2503 1066 2558 sed
1111 2503 1249 2558 illius
1278 2502 1454 2574 petius
1484 2501 1738 2556 miserere
1766 2540 1781 2565 ,
1811 2499 1901 2568 qui

312 2610 474 2664 quam
503 2595 556 2649 in
587 2609 646 2648 sc
676 2593 836 2650 habet
862 2608 968 2649 non
1003 2592 1176 2648 frenat
1209 2593 1468 2657 belluam,
1499 2592 1708 2661 sibique
1752 2590 1900 2660 prius

314 2687 565 2740 damnum
593 2684 748 2741 all’ert
782 2694 838 2741 et
860 2686 1100 2741 exitium.
1128 2684 1280 2753 Quod
1315 2685 1457 2741 enim
1488 2684 1577 2755 qui
1601 2684 1736 2738 tales
1775 2692 1902 2739 sunt

312 2777 551 2846 sibiipsis
597 2776 847 2831 damnum
892 2774 1150 2843 afferant,
1183 2776 1305 2831 licet
1331 2775 1515 2831 audire
1548 2777 1744 2832 multos
1766 2818 1782 2843 ,
1810 2776 1900 2846 qui

313 2868 623 2938 huiusmodi
666 2882 868 2939 pugnas
907 2877 962 2925 et
1010 2868 1130 2923 lites
1182 2876 1544 2938 componunt,
1597 2867 1699 2923 hoc
1746 2876 1902 2939 pacto

311 2936 405 3015 eos
441 2936 825 3015 admonentes:
849 2960 1014 3015 Parce
1057 2959 1254 3030 tibiipsi
1273 2976 1289 3026 ;
1307 2936 1319 2938 ⁷
1337 2959 1467 3015 facis
1501 2959 1593 3015 tibi
1632 2936 1899 3030 injuriam'.

312 3050 443 3106 Tale
470 3051 615 3105 enim
649 3059 733 3106 est
772 3051 957 3105 vitium
990 3066 1149 3106 zeum
1187 3051 1276 3122 qui
1320 3052 1489 3122 ipsum
1517 3052 1695 3122 parit,
1727 3052 1899 3106 solum

312 3140 514 3196 damno
538 3139 725 3209 afficit,
751 3141 929 3197 omnia
951 3156 1148 3212 susque
1166 3140 1339 3213 deque
1358 3157 1579 3199 movcns
1597 3153 1649 3198 et
1671 3144 1898 3212 agitans.

313 3232 392 3288 Ne
434 3248 565 3303 ergo
588 3233 831 3289 volentes
869 3232 1002 3289 alios
1030 3234 1255 3302 ulcisci,
1288 3234 1388 3305 ipsi
1430 3250 1461 3289 a
1503 3244 1655 3304 rortu
1683 3236 1900 3289 excida-

318 3340 461 3380 mus.
492 3324 678 3395 Neque
729 3325 870 3381 enim
901 3325 948 3380 si
986 3325 1250 3397 quispiam
1290 3340 1482 3381 navem
1526 3325 1820 3391 fracturus,
1848 3334 1902 3380 et

313 3415 743 3487 submergendus
765 3457 781 3483 ,
808 3424 861 3472 te
884 3417 939 3472 in
969 3424 1112 3472 terra
1139 3397 1411 3473 sedentem
1452 3418 1787 3471 contumeliis
1825 3416 1905 3470 af-

317 3506 524 3571 ficeret,
551 3520 620 3561 ex
645 3520 713 3561 eo
734 3505 969 3561 dolorem
997 3520 1236 3576 caperes,
1264 3521 1362 3561 nec
1388 3521 1419 3562 e
1450 3514 1588 3562 terra
1613 3507 1899 3571 excedens,

314 3612 443 3652 cum
474 3612 539 3651 eo
564 3611 685 3653 esse
704 3598 871 3653 velles
896 3597 1151 3668 naufragii
1181 3599 1464 3670 particeps.
1490 3598 1599 3652 lloc
1619 3614 1746 3668 ergo
1762 3597 1902 3667 apud

317 3701 372 3744 te
399 3697 592 3757 reputa
636 3688 776 3758 quod
795 3729 808 3751 ,
840 3690 927 3759 qui
959 3699 1010 3743 te
1036 3690 1356 3744 contumelia
1384 3688 1576 3756 afﬁcit,
1607 3696 1661 3743 ct
1690 3689 1904 3758 probris

316 3780 635 3842 insectatur,
667 3787 932 3847 tamquam
964 3778 1175 3834 turbine
1217 3787 1272 3833 et
1294 3779 1523 3848 procella
1563 3779 1738 3848 aliqua
1786 3779 1903 3849 agi-

316 3882 463 3928 tatus
518 3871 894 3941 submergitur,
934 3872 987 3926 in
1034 3872 1128 3927 ira:
1167 3870 1495 3942 naufragium
1542 3871 1903 3927 incidens:tu

314 3976 499 4018 autem
555 3961 644 4032 qui
694 3961 799 4018 fers
840 3961 1063 4027 fortiter,
1106 3962 1237 4018 etin
1262 3970 1416 4032 portu
1454 3970 1507 4017 et
1532 3963 1583 4017 in
1611 3961 1766 4017 litore
1790 3962 1903 4032 agis

316 4056 576 4110 suaviter.
625 4056 731 4111 Sed
754 4056 797 4111 si
827 4056 892 4111 ad
920 4056 1163 4112 eamdem
1188 4054 1444 4111 deferaris
1469 4056 1863 4111 contentionem
1884 4097 1901 4124 ,

318 4164 426 4203 non
469 4148 619 4202 illum
640 4187 656 4214 ,
678 4146 772 4204 sed
815 4149 1040 4217 teipsum
1069 4146 1393 4204 demersisti.
1425 4147 1476 4202 7.
1508 4146 1770 4218 Exsurge,
1801 4145 1904 4200 Do-

319 4240 456 4293 mine
478 4280 495 4303 ,
523 4239 577 4292 in
604 4239 683 4291 ira
730 4247 847 4304 tua,
876 4238 1100 4293 exaltare
1125 4238 1179 4292 in
1222 4237 1408 4308 ﬁnibus
1443 4238 1764 4292 inimicorum
1788 4246 1903 4290 tuo-

318 4346 456 4383 rum.
498 4329 613 4383 lloc
654 4329 723 4383 ita
752 4328 912 4397 dixit,
943 4329 1231 4384 ostendens
1260 4344 1380 4384 eum
1412 4343 1570 4398 posse
1596 4329 1756 4383 etiam
1787 4341 1905 4382 sur-

319 4438 449 4493 gere
467 4437 574 4477 non
596 4422 739 4476 inira
761 4440 775 4486 ;
805 4430 862 4478 ut
879 4422 1091 4494 quando
1107 4410 1234 4477 dicit
1262 4441 1275 4478 :
1302 4421 1487 4493 Surge,
1511 4420 1743 4485 Domine,
1763 4436 1905 4475 serva

319 4532 423 4582 me,
459 4514 599 4569 Deus
638 4532 773 4569 mm
801 4514 972 4588 (Psal.
1004 4516 1058 4570 ὃ.
1089 4513 1168 4587 7).
1195 4513 1329 4569 Cum
1354 4523 1532 4569 autem
1567 4513 1720 4569 audis
1741 4555 1759 4582 ,
1793 4513 1903 4568 Ex-

319 4622 478 4677 surge
501 4644 520 4670 ,
573 4605 705 4660 nihil
744 4605 1024 4676 corporale
1085 4590 1394 4676 suspiceris.
1441 4603 1902 4674 Quemadmodum

321 4698 472 4751 enim
511 4694 702 4752 sedere
739 4712 844 4753 non
865 4696 1064 4751 dictum
1092 4696 1255 4752 estin
1295 4696 1406 4751 Deo
1432 4695 1801 4766 corporaliter,
1835 4697 1904 4750 ita

320 4801 426 4842 nec
445 4786 572 4841 hoc.
599 4784 676 4840 Tu
694 4786 856 4855 enim,
877 4787 1068 4858 inquit,
1090 4786 1267 4841 sedens
1284 4786 1337 4841 in
1348 4787 1605 4841 saeculum.
1622 4786 1756 4855 Quid
1776 4801 1907 4857 ergo

320 4875 592 4947 signiﬁcat
613 4891 704 4946 per
730 4876 1061 4933 sessionem?
1084 4876 1436 4944 Firmitatem,
1458 4877 1899 4945 immobilitatem,

321 4977 374 5021 et
405 4976 617 5022 natium
642 4968 1005 5035 stabilitatem,
1028 4977 1186 5039 atque
1210 4969 1587 5024 constantiam.
1611 4968 1762 5037 Quod
1788 4970 1904 5040 qui-

320 5057 447 5114 dem
470 5059 788 5130 signillcavit
811 5061 970 5116 etiam
1003 5075 1096 5130 per
1121 5062 1173 5116 id
1202 5060 1344 5130 quod
1386 5065 1436 5116 el
1466 5074 1534 5117 ex
1559 5061 1785 5117 adverso
1810 5077 1908 5132 op-

322 5153 566 5223 ponitur.
595 5150 728 5208 Cum
761 5152 904 5209 enim
929 5152 1152 5211 dixisset
1184 5194 1200 5223 ,
1221 5153 1305 5208 Tu
1345 5153 1522 5210 sedens
1559 5155 1613 5209 in
1638 5140 1900 5221 saxulum,

319 5243 605 5315 subjunxit
622 5287 637 5311 ,
668 5243 769 5301 Vos
792 5254 959 5301 autem
979 5255 1249 5317 pereuntes
1268 5246 1323 5300 in
1348 5245 1609 5302 steculum.
1637 5246 1907 5315 Quemad-

320 5337 548 5393 modum
574 5350 702 5409 ergo
730 5336 918 5395 sedere
952 5352 1060 5393 non
1084 5348 1167 5394 est
1189 5338 1490 5408 corporale,
1518 5338 1592 5393 ita
1616 5352 1716 5393 nec
1744 5339 1908 5394 etiam

323 5427 705 5499 surgerezsed
751 5426 860 5484 illic
902 5427 1116 5499 quidem
1148 5428 1442 5496 stabilitas,
1475 5427 1563 5483 hic
1607 5437 1783 5483 autem
1813 5444 1908 5499 pu-

327 5518 513 5575 niendi
538 5518 623 5575 vis
662 5527 718 5574 et
737 5518 1085 5575 consumendi
1119 5527 1372 5590 potestas.
1415 5518 1616 5575 Sedere
1643 5518 1910 5589 signiﬁcat

328 5625 730 5683 nonnumquam
752 5608 1028 5680 iudicandi
1054 5609 1383 5677 facultatem,
1411 5619 1470 5664 ut
1496 5608 1707 5680 quando
1730 5609 1859 5665 dicit
1889 5626 1905 5665 :

328 5702 516 5758 Sedisti
540 5719 695 5775 super
734 5703 1010 5770 thronum,
1035 5701 1123 5775 qui
1159 5702 1362 5777 judicas
1402 5701 1655 5773 justitiam
1709 5703 1729 5772 (
1759 5698 1904 5754 Psal.

327 5793 384 5853 9.
400 5796 461 5868 ι)
480 5811 497 5865 ;
519 5807 576 5858 et
596 5795 787 5856 Daniel
814 5811 829 5852 :
856 5793 1049 5853 Turoni
1076 5794 1228 5866 positi
1265 5804 1415 5865 sunt,
1438 5804 1484 5851 et
1516 5794 1644 5851 sedit
1654 5793 1907 5866 judicium

3527 379 3609 435 90

2012 488 2174 556 (Dan.
2207 490 2256 543 7.
2287 490 2367 559 9).
2395 490 2489 543 Est
2526 490 2684 544 etiam
2707 490 2885 558 regale
2915 487 3102 543 sedere
3125 530 3138 552 ,
3173 498 3227 541 ut
3259 489 3472 557 quando
3516 493 3596 543 die

2009 580 2118 634 cit:
2150 578 2389 634 Throuus
2439 589 2576 644 tuus,
2618 578 2775 643 Deus,
2824 580 2878 633 in
2929 577 3170 633 sarculum
3211 579 3384 632 saeculi
3408 581 3607 648 :virgtr

2007 672 2351 739 rectitudinis,
2383 673 2523 744 virga
2546 674 2688 743 regni
2717 672 2791 725 tui
2817 669 2988 741 (Psal.
3019 671 3107 725 M.
3143 670 3219 741 7).
3242 669 3396 726 Unde
3430 670 3589 737 illud,

2008 762 2143 818 Sede
2167 780 2197 817 a
2217 763 2406 817 dextris
2428 764 2550 818 meis
2584 762 2757 835 (Psal.
2785 762 2905 820 109.
2924 761 3003 833 1),
3019 750 3351 839 'signiﬁCavit
3371 762 3557 832 mquali
3576 792 3591 803 -

2005 863 2169 910 tatem
2211 856 2450 910 honoris.
2481 855 2618 924 Quid
2660 865 2743 910 est
2766 864 2943 911 autem
2974 854 3100 910 illud
3120 894 3138 920 ,
3172 853 3237 909 In
3271 855 3349 908 ira
3378 856 3508 909 tua?
3535 842 3605 909 ld3

2005 963 2217 1017 quoque
2245 948 2318 1002 ita
2351 963 2536 1003 rursus
2559 946 2924 1017 accipiendum
2950 957 3052 1011 est,
3076 957 3132 1001 ut
3158 947 3269 1002 Deo
3288 947 3589 1002 conveniat.

2005 1039 2087 1094 Ira
2113 1040 2256 1095 enim
2289 1040 2379 1095 Dei
2405 1055 2511 1094 non
2538 1049 2622 1095 est
2647 1039 2810 1094 animi
2837 1039 3198 1108 perturbatio,
3230 1039 3323 1095 sed
3362 1040 3607 1111 castiga-'

2007 1133 2079 1188 tio
2105 1141 2160 1188 ct
2201 1133 2418 1201 punitio.
2450 1131 2695 1187 Exaltare
2722 1133 2773 1187 in
2810 1132 2997 1202 ﬁnibus
3023 1132 3341 1187 inimicorum
3366 1141 3588 1186 tuormu.

2004 1223 2158 1279 Alius
2208 1223 2370 1292 dicit,
2410 1221 2476 1278 In
2504 1223 2582 1277 ira
2608 1223 2846 1278 adversus
2889 1223 3118 1277 inimicos
3156 1231 3288 1277 tuos.
3320 1224 3492 1291 Alius,
3526 1222 3590 1278 lu

2004 1316 2101 1371 bile
2138 1333 2306 1370 eorum
2335 1317 2420 1382 qui
2449 1332 2526 1370 me
2553 1316 2798 1387 aﬂligunt.
2830 1315 3011 1381 Alius,
3045 1313 3111 1368 In
3155 1314 3481 1368 dilationibus
3509 1315 3589 1367 al-

2004 1409 2287 1479 ligantium.
2332 1407 2592 1462 Hebraeus
2640 1415 2817 1462 autem
2865 1405 3032 1473 illud,
3066 1405 3132 1458 In
3173 1405 3396 1474 ﬁnibus,
3425 1404 3587 1468 dicit,

2003 1499 2255 1555 Bebaroth
2289 1501 2382 1572 (a).
2418 1499 2549 1554 Vide
2572 1498 2838 1569 quomodo
2862 1511 3048 1552 rursus
3073 1511 3179 1550 non
3211 1510 3270 1551 se
3291 1495 3579 1558 ulciscitur,

2004 1593 2097 1647 sed
2124 1590 2237 1645 hare
2261 1591 2389 1646 dicit
2416 1605 2516 1661 pro
2563 1590 2654 1644 Dei
2690 1589 2881 1659 gloria.
2911 1587 3028 1641 Non
3054 1587 3198 1641 enim
3223 1585 3356 1640 dixit
3389 1587 3591 1640 solum-

2004 1682 2164 1737 modo
2184 1682 2346 1736 :Pnni
2368 1681 2609 1738 inimicos
2633 1694 2804 1746 meos,
2826 1678 2911 1734 vel
2934 1687 3087 1742 tuos;
3109 1677 3225 1744 sed,
3242 1675 3504 1730 Emaltare.
3526 1674 3603 1728 Et

2004 1773 2271 1843 quomodo
2301 1773 2562 1828 exaltatur
2587 1772 2675 1827 ille
2710 1773 2882 1831 altus.
2913 1779 2969 1826 et
2990 1770 3081 1840 qui
3111 1778 3193 1825 est
3210 1783 3422 1837 semper
3447 1768 3595 1822 altis-

2003 1865 2209 1919 simus?
2253 1864 2382 1935 Ejus
2425 1863 2566 1918 enim
2608 1871 2810 1919 natura;
2840 1861 3064 1919 altitudo
3093 1876 3192 1916 nec
3238 1860 3465 1925 crescit,
3495 1876 3597 1915 nec

2003 1956 2290 2012 minuitur:
2317 1964 2401 2012 est
2422 1955 2562 2011 enim
2585 1953 2851 2025 perfectus
2877 1962 2933 2009 et
2958 1952 3154 2008 nullius
3190 1953 3267 2008 rei
3312 1952 3578 2023 indigens,

2004 2056 2059 2103 et
2082 2049 2170 2118 qui
2200 2062 2415 2118 semper
2439 2062 2506 2102 eo
2545 2046 2706 2102 modo
2733 2061 2792 2100 se
2818 2045 2997 2101 habet.
3030 2044 3312 2113 Quomodo
3335 2060 3463 2115 ergo
3483 2085 3500 2110 ,
3534 2054 3605 2098 et'

2003 2154 2107 2210 qua
2133 2139 2338 2193 ratione
2384 2137 2695 2194 exaltatur?
2730 2135 3016 2191 Exaltatur-
3036 2136 3088 2189 in
3119 2135 3404 2189 multorum
3446 2149 3595 2187 incn-

2008 2235 2176 2289 tibus.
2199 2228 2654 2297 Quemadmodum
2680 2242 2825 2298 sape
2853 2226 3253 2298 longanimitate
3280 2239 3408 2280 usus
3435 2235 3516 2279 est
3547 2227 3586 2287 ’ς

2005 2320 2205 2376 inimici
2233 2330 2412 2375 autem
2450 2319 2825 2375 existimabant
2866 2317 2969 2372 hoc
2995 2333 3101 2371 non
3126 2331 3252 2371 esse
3274 2315 3597 2386 longanimio

2005 2414 2145 2477 tatis,
2170 2412 2264 2468 sed
2290 2411 2604 2467 humilitatis
2632 2420 2687 2466 et
2714 2408 3114 2466 imbecillitatis.
3144 2408 3403 2475 Quocirca
3429 2405 3591 2461 etiam

2005 2505 2332 2572 humiliatur,
2361 2520 2467 2559 non
2494 2519 2552 2559 re
2574 2504 2684 2574 ipsa
2706 2543 2721 2568 ,
2748 2501 2844 2558 sed
2865 2501 3083 2556 illorum
3107 2500 3449 2571 cogitatione.

2078 2600 2130 2653 7.
2169 2595 2624 2666 Quemadmodum
2652 2595 2795 2651 enim
2836 2594 2914 2649 sol
2944 2592 3153 2648 videtur
3182 2606 3302 2648 esse
3329 2591 3600 2647 obscurus-

2005 2690 2069 2745 iis
2097 2691 2186 2760 qui
2214 2689 2457 2744 laborant
2480 2688 2647 2743 oculis
2667 2728 2683 2756 ,
2702 2689 2779 2745 ita
2810 2687 2949 2741 Deus
2977 2685 3185 2741 videtur
3202 2699 3322 2739 esse
3347 2682 3590 2738 infirmus

2005 2790 2059 2836 et
2090 2781 2386 2835 imbecillus
2407 2780 2459 2834 in
2485 2793 2672 2834 eorum
2693 2776 2981 2832 mentibus.
3008 2775 3116 2832 Sed
3145 2773 3590 2845 quemadmodum

2004 2872 2180 2927 solita
2207 2871 2570 2935 existimatur,
2608 2884 2710 2924 non
2733 2877 2815 2924 est
2843 2877 3020 2922 autem
3059 2865 3352 2932 obscurus,
3392 2864 3487 2919 sed
3515 2872 3604 2920 est

2006 2964 2214 3019 affectio
2231 2963 2443 3018 illorum
2459 2960 2832 3017 imbecillitatis
2855 2977 2870 3013 :
2891 2960 2963 3014 ita
2979 2973 3190 3030 quoque
3207 2959 3365 3021 Deus,
3381 2958 3591 3012 etiamsi

2006 3056 2108 3111 hoc
2118 3056 2469 3120 existimetur,
2486 3069 2587 3108 non
2603 3061 2687 3109 est
2700 3052 3012 3115 imbecillus,
3029 3051 3122 3106 sed
3142 3051 3192 3105 id
3202 3067 3269 3105 ex
3289 3050 3501 3105 illorum
3515 3050 3595 3103 in-

2006 3147 2252 3218 sipientia
2271 3146 2479 3201 accidit.
2502 3145 2637 3213 Quid
2657 3159 2784 3213 ergo
2803 3143 2927 3199 dicit
2941 3142 3152 3214 justus?
3175 3141 3422 3196 Exaltarc
3434 3141 3599 3196 etiam

2005 3259 2033 3295 a
2044 3241 2146 3312 pud
2177 3240 2422 3295 inimicos
2443 3252 2592 3293 meos
2613 3254 2628 3291 :
2653 3237 2931 3301 ulciscere,
2950 3244 3005 3291 et
3026 3235 3169 3290 vires
3195 3244 3313 3289 tuas
3328 3233 3551 3289 ostende
3565 3275 3604 3302 ,..

2007 3343 2064 3389 ut
2091 3333 2178 3405 qui
2199 3339 2251 3388 te
2269 3330 2524 3386 humilem
2559 3329 2884 3393 existimant,
2912 3342 2976 3382 ex
3015 3326 3082 3381 iis
3119 3341 3237 3396 qua:
3281 3326 3554 3395 patiuntur
3577 3367 3593 3390 ,

2007 3434 2151 3480 tuam
2179 3422 2396 3480 videant
2434 3423 2677 3493 gloriam.
2724 3419 2913 3474 Vidisti
2953 3419 3071 3488 ejus
3110 3418 3444 3483 institutum,
3492 3432 3597 3473 non

2007 3519 2059 3573 id
2104 3517 2245 3589 quod
2291 3531 2481 3582 suum,
2527 3513 2621 3570 sed
2665 3512 2805 3583 quod
2852 3512 2946 3568 Dei
2979 3519 3063 3567 est
3104 3510 3414 3582 quaerentis.
3465 3510 3595 3564 Illud

2007 3619 2181 3665 autem
2202 3652 2218 3678 ,
2251 3608 2318 3663 In
2347 3608 2564 3679 ﬁnibus,
2594 3607 2682 3662 alii
2712 3605 2927 3677 quidem
2958 3604 3174 3667 dicunt,
3208 3602 3273 3656 In
3315 3602 3599 3672 capitibus;

2006 3703 2096 3758 alii
2142 3712 2320 3757 autem
2349 3742 2366 3768 ,
2423 3698 2619 3754 Nullus
2665 3698 2829 3768 fugiat
2879 3697 3220 3751 inimicorum.
3268 3694 3454 3764 Magna
3515 3706 3597 3750 εει

2008 3803 2186 3847 autem
2211 3780 2343 3863 justi
2368 3790 2536 3847 virtus
2555 3788 2768 3859 quando
2795 3787 3010 3841 eosdem
3041 3785 3229 3852 habet,
3256 3800 3389 3855 quos
3419 3785 3557 3839 Deus
3577 3825 3593 3848 ,

2008 3885 2252 3941 inimicos
2271 3924 2287 3952 ,
2318 3891 2373 3939 et
2401 3880 2618 3937 eosdem
2649 3877 2850 3933 amicos
2897 3895 2911 3933 :
2945 3885 2999 3931 ut
3030 3890 3217 3945 magna
3248 3874 3595 3944 improbitas,

2009 3978 2222 4049 quando
2260 3976 2353 4030 Dei
2378 3974 2580 4028 amicos
2607 3970 2888 4037 inimicos,
2920 3977 2975 4024 et
3002 3967 3245 4022 inimicos
3268 3967 3468 4021 amicos
3498 3967 3595 4022 ha-

2008 4072 2117 4126 bet.
2146 4065 2604 4136 Quemadmodum
2631 4077 2760 4133 ergo
2784 4062 2925 4117 Deus
2950 4060 3144 4115 dicitur
3168 4059 3371 4114 habere
3415 4059 3596 4113 inimi-

2009 4175 2132 4227 cos,
2164 4175 2268 4213 non
2299 4157 2425 4212 odio
2449 4155 2683 4222 habens,
2725 4168 2898 4225 neque
2923 4147 3296 4208 eos'aversans
3316 4190 3333 4217 ,
3365 4150 3460 4206 sed
3501 4149 3599 4204 im-

2011 4254 2206 4326 probas
2245 4264 2432 4308 eorum
2476 4249 2714 4305 actiones
2742 4246 3076 4301 abhorrens:
3107 4244 3179 4299 ita
3222 4245 3382 4299 etiam
3425 4244 3600 4312 justus

2010 4346 2169 4401 habet
2196 4343 2439 4398 inimicos
2456 4381 2472 4407 ,
2503 4355 2609 4396 non
2636 4352 2731 4394 eos
2754 4337 3045 4402 ulciscens,
3076 4333 3173 4390 sed
3202 4332 3594 4404 improbitatem

2009 4450 2287 4493 aversaris.
2330 4431 2398 4487 Et
2429 4446 2675 4502 exsurge,
2719 4426 2941 4483 Domine
2979 4426 3116 4481 Deus
3161 4441 3335 4491 meus,
3368 4424 3424 4478 in
3464 4441 3599 4493 prte-

2009 4538 2154 4602 cepto
2194 4527 2329 4599 quod
2370 4522 2646 4579 mandasti.
2691 4520 2841 4577 Alius
2883 4518 3045 4587 dicit,
3084 4519 3139 4573 in
3173 4517 3392 4589 judicio.
3434 4516 3488 4572 8.
3532 4516 3600 4571 Et

1990 4614 2267 4694 ~synagoga
2301 4616 2607 4690 populorum
2648 4612 2978 4668 circumdabit
3022 4620 3088 4667 te.
3116 4610 3269 4667 Alius
3291 4608 3455 4675 dicit,
3499 4609 3604 4663 cir-

2010 4714 2212 4769 cumdet
2229 4720 2295 4766 te.
2319 4710 2387 4763 Et
2423 4716 2629 4780 prapter
2649 4705 2780 4759 hanc
2803 4706 2857 4759 in
2882 4704 3042 4759 altum
3061 4707 3341 4774 regredere,
3362 4701 3611 4759 Domine;

2015 4807 2162 4862 Alius
2188 4803 2356 4871 dicit,
2382 4810 2430 4857 et
2451 4815 2608 4871 supra
2633 4799 2797 4869 ipsam
2820 4797 2875 4851 in
2898 4797 3057 4852 altum
3080 4807 3384 4860 conuertere,
3412 4795 3563 4851 Alius
3579 4837 3595 4861 ,

2011 4898 2081 4954 Et
2125 4913 2276 4968 super
2320 4896 2417 4949 hac
2468 4893 2523 4946 in
2568 4891 2729 4945 altum
2766 4899 3031 4944 revertere.
3083 4887 3339 4943 Hebrteus
3382 4895 3597 4955 autem,

2011 4990 2141 5047 illud
2164 5030 2181 5056 ,
2213 4987 2382 5057 Super
2400 4985 2566 5056 ipsam
2584 5023 2600 5049 ,
2627 4981 2756 5037 dicit
2774 5022 2790 5048 ,
2824 4981 3031 5035 Ocalea.
3062 4979 3199 5048 Quid
3224 4987 3339 5045 est,
3371 4978 3437 5032 In
3461 4994 3596 5049 pror-

2011 5089 2153 5153 cepta
2180 5077 2319 5151 quod
2357 5073 2659 5131 mandasti?
2693 5071 2768 5129 lit
2791 5086 2947 5142 opem
2983 5070 3250 5136 feramus,
3294 5068 3502 5139 inquit,
3532 5068 3599 5123 iis

2010 5173 2101 5245 qui
2131 5169 2437 5227 afficiuntur
2459 5164 2650 5236 injuria
2666 5206 2684 5232 ,
2708 5171 2766 5219 et
2792 5178 2899 5218 non
2925 5161 3255 5232 negligemus
3279 5173 3375 5214 eos
3403 5155 3601 5227 quibus

2011 5270 2290 5319 struuntur
2339 5257 2565 5314 insidiae.
2606 5253 2760 5324 Quod
2786 5261 2841 5309 tu
2884 5266 3013 5322 ergo
3051 5251 3205 5305 nobis
3247 5249 3366 5319 lege
3390 5248 3595 5303 consti-

2013 5353 2193 5420 tuisti,
2242 5350 2345 5406 hoc
2380 5348 2541 5405 etiam
2588 5344 2743 5402 factis
2779 5342 2937 5400 nobis
2967 5340 3225 5410 exprime.
3272 5338 3375 5393 Alii
3418 5349 3595 5393 autem

2077 5487 2094 5557 ἕ
2131 5488 2259 5558 rost,
2295 5496 2411 5558 usus
2431 5486 2522 5542 est,
2547 5486 2709 5529 Morel.
2734 5477 2882 5538 addit,
2923 5473 3070 5526 etiam
3105 5472 3157 5524 in
3178 5486 3258 5525 eos
3279 5473 3363 5537 qui
3378 5471 3599 5523 maxima

2012 5547 2408 5671 “mrgb'éica
2421 5603 2571 5653 lectio
2586 5607 2682 5659 est,
2702 5601 2930 5671 mum,
2945 5610 3090 5660 quam
3104 5598 3270 5656 Graeci,
3292 5596 3373 5646 alii
3392 5608 3575 5659 μητερώο

2013 5679 2095 5741 alii
2111 5670 2256 5741 μεβρ
2277 5674 2490 5741 reddunt
2501 5687 2528 5741 ;_
2541 5685 2701 5722 verus.
2718 5679 2884 5741 autem
2921 5670 3065 5741 hujus
3085 5671 3215 5741 vocis
3236 5680 3415 5741 sensus
3429 5676 3526 5729 est,
3546 5681 3618 5718 ut.

2014 5729 2439 5804 indignatimtibus,
2471 5729 2530 5784 ad
2549 5746 2693 5804 quam
2727 5729 3137 5804 signiﬁcationem
3166 5729 3353 5781 accedit
3393 5737 3609 5793 Syrunm-.-

2016 5793 2150 5863 cltus',
2176 5802 2260 5864 qui
2282 5793 2447 5859 vertit,
2473 5809 2509 5847 ιν
2531 5793 2716 5860 1619,33:
2740 5793 2850 5857 bile,
2874 5794 2981 5844 sive
3003 5793 3058 5844 in
3077 5793 3179 5844 ira.
