4106 6458
476 314 480 319 1
514 339 573 397 91
1299 339 1355 394 S.
1396 339 1672 394 JOANNIS
1709 339 2186 394 CIIRYSOSTOMI
2223 339 2540 394 ARCIIIEP.
2582 338 3112 396 CONSTANTINOP.
3708 349 3773 403 9‘).

512 451 693 507 dicunt
715 451 876 508 etiam
905 450 1046 505 aliud
1073 492 1088 516 ,
1116 465 1306 520 nempe
1327 451 1568 519 promisit
1597 467 1656 507 se
1682 452 1950 505 inimicum
1983 451 2093 505 fore

511 542 746 601 inimicis-
771 543 904 612 ejus.
946 542 999 597 8.
1043 540 1110 595 Et
1137 557 1396 612 synagoga
1421 543 1728 612 populorum
1765 539 2097 594 circumdabit

518 643 584 687 te.
629 632 770 688 Nihil
813 632 1099 688 humanum
1141 647 1208 687 ne
1256 631 1340 687 hic
1379 632 1593 702 quidem
1636 633 1942 703 suspiceris.
1990 633 2098 686 Etsi

516 722 660 778 enim
705 722 840 786 tales.
871 731 996 778 sunt
1039 721 1334 788 dictiones,
1384 732 1510 778 sunt
1553 730 1733 778 tamen
1783 739 1937 778 sensa
1981 739 2100 792 qua:

519 813 632 869 Deo
659 815 996 870 conveniant.
1047 814 1183 882 Quid
1213 824 1296 870 est
1341 829 1469 885 ergo
1492 855 1510 881 ,
1541 814 1882 869 Circumdabit
1911 816 2001 868 te?
2046 815 2098 869 ld

516 904 799 972 cst,Canet
816 905 930 971 tibi,
953 905 1186 960 laudabit
1215 914 1285 968 te,
1318 905 1472 960 bonis
1501 915 1555 961 et
1577 906 1882 961 honoriﬁcis
1910 915 1958 960 te
1973 922 2097 959 ver-

518 993 602 1049 bis
653 989 856 1048 affatim
927 998 1308 1066 prosequetur.
1369 997 1631 1063 Quoniam
1679 996 1822 1051 enim
1861 996 1962 1050 hoc
2009 1011 2102 1064 per

520 1084 714 1139 choros
741 1085 1031 1148 faciebant,
1057 1088 1110 1140 in
1135 1088 1316 1141 orbem
1342 1088 1790 1142 circumsistentes
1823 1087 1872 1140 in
1906 1088 2102 1157 templo

519 1185 572 1231 ct
597 1177 649 1230 in
691 1176 886 1242 altari,
929 1187 982 1232 et
1007 1179 1080 1231 ita
1101 1178 1385 1248 gratiarum
1411 1179 1649 1233 actiones
1674 1179 2005 1243 oll'erebaut;
2035 1194 2098 1232 ex

519 1269 630 1336 ipsa
669 1268 843 1325 standi
895 1267 1067 1322 forma
1107 1269 1459 1324 laudationem
1509 1284 1697 1325 eorum
1756 1269 2100 1340 significavit.

518 1355 669 1424 Qod
693 1365 871 1414 autem
897 1357 1055 1426 dicit,
1087 1361 1190 1415 tale
1218 1367 1338 1415 est:
1388 1359 1685 1426 Ulciscere,
1717 1359 1796 1416 fer
1821 1360 2096 1416 auxilium.

521 1446 633 1502 lloc
679 1457 730 1502 te
767 1459 818 1503 et
863 1449 1001 1518 apud
1053 1449 1298 1504 inimicos
1353 1449 1542 1506 reddet
1593 1451 1905 1515 excelsum,
1949 1460 2003 1506 et
2045 1461 2102 1505 ut

522 1547 642 1592 tuus
687 1541 916 1610 populus
966 1541 1148 1595 multis
1193 1551 1243 1596 te
1283 1542 1529 1597 laudibus
1575 1553 1628 1598 et
1655 1543 1866 1615 hymnis
1910 1552 2099 1607 ornet,

525 1630 744 1686 efﬁciet.
792 1630 923 1685 Vide
970 1633 1236 1701 quomodo
1281 1650 1386 1688 non
1436 1633 1576 1704 quod
1605 1649 1796 1700 suum,
1840 1635 1933 1689 sed
1961 1635 2100 1704 quod

521 1731 605 1776 eSt
631 1721 724 1775 Dei
742 1723 930 1792 qumrit
975 1722 1190 1793 ubique.
1239 1723 1362 1777 Vult
1411 1725 1551 1779 enim
1599 1725 1768 1794 ipsum
1815 1726 2007 1794 ubique
2049 1735 2102 1778 et

522 1813 660 1880 apud
709 1813 950 1868 inimicos
996 1823 1051 1870 et
1073 1815 1212 1891 apud
1253 1830 1380 1870 suos
1407 1816 1572 1886 gloria
1615 1826 1669 1870 et
1697 1818 1898 1871 honore
1936 1816 2098 1870 afﬁci.

525 1902 592 1956 Et
631 1921 723 1972 pro
750 1905 860 1976 ipsa
899 1906 953 1960 in
994 1907 1152 1960 altum
1195 1918 1442 1961 converte.
1490 1907 1596 1962 Pro
1641 1909 1788 1978 ipsa,
1831 1909 2104 1979 quanam?

525 1996 799 2068 Synagoga
821 2039 836 2063 ,
870 1998 1059 2066 inquit,
1098 1998 1201 2053 hoc
1244 2010 1348 2065 est,
1378 2009 1594 2068 propter
1637 2001 1804 2070 ipsam
1849 2002 1917 2054 In
1943 2001 2104 2055 altum

523 2105 792 2157 converte;
837 2097 1007 2150 exaltu
1047 2111 1144 2150 nos
1168 2136 1184 2161 ,
1229 2099 1426 2153 extolle
1465 2113 1596 2164 nos,
1649 2098 1730 2151 fac
1767 2105 1826 2151 ut
1872 2096 1980 2150 sint
2019 2111 2104 2150 res

524 2185 645 2238 ulla:
677 2194 731 2239 ct
772 2187 1018 2254 excelsae,
1055 2188 1137 2244 fac
1177 2198 1234 2244 ut
1277 2191 1348 2246 sit
1389 2189 1584 2244 clarior
1621 2198 1677 2243 et
1721 2188 1942 2244 illustris
1965 2229 1980 2253 ,
2013 2204 2104 2242 re-

524 2275 627 2332 duc
648 2293 764 2332 eam
787 2279 852 2333 ad
873 2281 1104 2349 priorem
1127 2284 1556 2352 prosperitatem.
1588 2281 1720 2336 Vide
1750 2290 1926 2336 autem
1969 2296 2104 2350 quo-

527 2369 686 2423 modo
709 2371 902 2441 ubique
931 2373 1176 2442 precibus
1212 2373 1506 2430 doctrinam
1548 2373 1857 2427 admisceat.
1895 2372 2105 2426 Etenim

532 2476 655 2514 cum
677 2463 820 2530 prius
836 2462 1076 2529 dixisset,
1103 2465 1338 2521 Miserere
1353 2467 1468 2532 mei,
1486 2475 1532 2519 et
1558 2465 1744 2518 exaudi
1765 2463 2022 2533 nte(Psal.
2049 2464 2104 2518 4.

527 2553 606 2623 9.)
635 2593 650 2608 .
683 2553 948 2608 convertit
988 2569 1293 2612 sermonem
1321 2556 1387 2610 ad
1429 2555 1739 2623 consilium,
1766 2554 1842 2610 sic
1879 2555 2062 2609 dicens
2091 2572 2104 2608 :

533 2643 654 2696 Filii
697 2645 988 2710 hominum,
1032 2663 1288 2717 quousque
1327 2648 1467 2719 gravi
1498 2648 1690 2702 corde?
1739 2647 1808 2701 Et
1851 2647 1936 2701 hic
1987 2660 2108 2700 cum

527 2735 781 2800 dixisset,
813 2735 880 2791 In
905 2737 1064 2791 altum
1083 2748 1332 2806 converte,
1367 2738 1580 2792 Domine
1598 2738 1758 2808 (Ibid.
1785 2756 1834 2794 v.
1864 2739 1950 2808 ὃ),
1979 2738 2108 2792 sub-

527 2827 739 2898 iungit:
771 2827 826 2888 9.
895 2827 1146 2884 Dominus
1176 2832 1429 2902 judicabit
1474 2833 1708 2902 populos.
1747 2831 1896 2886 Alius
1933 2840 2108 2886 autem

529 2919 691 2982 dicit,
757 2919 1006 2975 Dominus
1051 2922 1382 2992 disceptabit;
1424 2921 1624 2978 docens
1666 2938 1760 2978 eos
1802 2922 1893 2994 qui
1931 2923 2110 2978 omnia

531 3025 657 3065 casu
685 3020 739 3066 et
766 3019 964 3068 temere
991 3014 1102 3068 ﬁeri
1142 3023 1330 3084 putant
1347 3055 1362 3081 ,
1389 3015 1547 3071 rebus
1573 3015 1852 3085 quamdam
1882 3030 2113 3086 prteesse

534 3102 916 3170 providentiam
941 3146 954 3169 ,
986 3120 1105 3174 quae
1129 3121 1314 3161 eorum
1340 3121 1460 3175 quae
1480 3106 1610 3161 ﬁunt
1647 3108 1903 3163 rationem
1926 3108 2109 3178 exigit.

539 3194 804 3248 Judiciuut
833 3206 1010 3250 autem
1033 3195 1120 3251 llic
1142 3196 1272 3252 dicit
1295 3207 1345 3252 et
1368 3196 1626 3264 futurum,
1643 3208 1697 3253 et
1720 3213 1975 3269 praesens.
2000 3197 2112 3253 Illic

534 3287 674 3341 enim
719 3289 888 3356 ipsum
931 3289 1032 3344 erit
1057 3299 1112 3344 ct
1151 3291 1460 3345 universum
1483 3330 1499 3352 ,
1542 3299 1597 3346 et
1624 3292 1958 3347 manifestum
1986 3310 1998 3344 :
2026 3292 2114 3347 hic

534 3388 711 3432 autem
741 3395 806 3433 ex
839 3389 985 3448 parte
1019 3381 1177 3436 etiam
1209 3381 1372 3436 stunit
1416 3397 1637 3450 pauos,
1677 3391 1732 3437 et
1776 3383 2112 3439 socordiores

539 3471 800 3532 excitans,
832 3480 886 3525 et
914 3473 1232 3528 inﬁdeliures
1253 3472 1526 3527 attrahens
1553 3473 1618 3527 ad
1641 3475 1928 3530 curandam
1953 3477 2115 3530 totius

538 3560 719 3614 tuundi
754 3563 1162 3630 providentiam.
1188 3563 1376 3617 Indica
1421 3581 1536 3631 me,
1556 3565 1804 3632 Domine,
1842 3567 2115 3620 secundum

529 3652 778 3718 justitiam
807 3670 986 3707 meam.
1016 3655 1166 3709 Alius
1189 3655 1350 3721 dicit,
1398 3655 1692 3710 Secundum
1723 3658 1814 3726 jus
1839 3674 2024 3711 nteant.
2047 3657 2114 3713 Et

530 3748 805 3800 secundum
852 3749 1190 3803 innocentium
1228 3765 1388 3802 meant
1425 3766 1576 3818 super
1616 3767 1711 3803 nte.
1749 3751 1832 3804 10.
1865 3752 2113 3806 Consum-

541 3839 700 3882 mctur
725 3831 943 3898 nequitia
967 3843 1306 3902 peccatorum.
1345 3833 1495 3887 Alius
1523 3833 1653 3888 dicit
1680 3851 1693 3888 :
1717 3833 2005 3903 Pcragatttr
2035 3853 2116 3890 ve-

541 3921 680 3972 .ratio
733 3921 970 3977 adversus
1023 3925 1225 3992 impios.
1269 3922 1337 3977 Et
1362 3924 1547 3996 diriges
1563 3926 1784 3994 justum.
1827 3927 2009 3991 Alius,
2050 3927 2116 3981 Et

537 4011 759 4065 stabilics
775 4013 995 4082 justum.
1035 4015 1134 4083 Qui
1176 4015 1233 4069 ﬁt
1261 4017 1428 4084 utqui
1466 4016 1589 4071 alibi
1625 4017 1782 4084 dicit,
1814 4017 1935 4073 Non
1961 4021 2115 4075 intres

538 4103 589 4153 in
607 4103 860 4170 judicium
886 4120 1001 4158 eum
1043 4122 1182 4160 servo
1225 4105 1494 4177 tuo(Psal.
1525 4108 1646 4162 142.
1675 4109 1711 4162 9.
1736 4109 1755 4181 )
1780 4151 1795 4175 ,
1828 4110 1916 4166 hic
1939 4113 2114 4180 dicat,

539 4191 728 4245 Judica
749 4210 825 4247 me
843 4197 1112 4250 secundum
1130 4199 1383 4267 justitiam
1405 4200 1611 4253 meam?
1635 4200 1785 4267 Quod
1812 4203 1914 4257 hoc
1930 4204 2071 4259 aliud
2091 4246 2109 4272 ,

539 4299 593 4340 et
622 4285 748 4341 illud
773 4287 914 4343 aliud
935 4289 1024 4344 sit.
1055 4290 1146 4345 Ille
1171 4290 1312 4346 enim
1342 4290 1552 4356 dicens,
1579 4291 1702 4346 Non
1721 4293 1875 4348 intres
1901 4297 1954 4348 in
1971 4298 2117 4366 judi-

538 4379 671 4431 rium
704 4395 818 4432 cum
846 4395 987 4434 servo
1013 4389 1128 4447 tuo,
1154 4381 1447 4452 signiﬁcat,
1490 4382 1566 4437 Ne
1593 4391 1646 4437 tu
1674 4401 1880 4438 mecum
1915 4385 2116 4454 judicio

539 4472 908 4540 contenderis,
945 4488 1016 4542 pc
1063 4489 1236 4528 meam
1281 4475 1481 4540 vitam,
1525 4490 1645 4529 cum
1694 4475 1800 4529 tuis
1842 4475 2116 4532 beneﬁciis

540 4564 864 4620 conferendo
885 4607 902 4633 ,
928 4565 1338 4622 examinaveris.
1373 4567 1439 4622 Et
1465 4566 1583 4621 ideo
1607 4567 1876 4636 subiunxit
1912 4569 2071 4622 etiam
2097 4586 2112 4623 :

545 4655 678 4718 Quia
705 4672 804 4709 non
824 4658 1187 4726 justi/imbitur
1212 4658 1264 4710 in
1293 4669 1560 4727 conspectu
1586 4667 1672 4712 tuo
1711 4658 1874 4713 omnis
1912 4660 2076 4714 vivens
2097 4698 2115 4725 ,

541 4745 641 4800 hoc
661 4754 763 4810 est,
795 4747 839 4801 si
871 4755 1041 4803 tecum
1070 4749 1120 4802 iu
1139 4748 1334 4816 judicio
1355 4748 1657 4803 contendat.
1690 4732 1786 4803 llic
1803 4759 1980 4805 autem
2008 4766 2114 4806 non

541 4839 644 4893 huc
667 4840 834 4903 dicit:
863 4855 967 4895 non
991 4841 1272 4913 vultgenim
1320 4842 1372 4896 in
1411 4841 1612 4912 judicio
1652 4857 1774 4897 cum
1816 4843 1932 4913 ipso
1982 4860 2114 4899 con-

543 4929 763 4987 tendere
785 4971 809 5002 ,
831 4929 924 4985 sed
947 4945 1150 4986 secum.
1180 4930 1250 4986 Et
1286 4930 1406 4986 ideo
1438 4932 1603 4997 dicit,
1635 4931 1926 4988 Secundum
1957 4935 2114 5004 justi-

543 5027 662 5078 tiam
683 5039 865 5088 meam,
887 5023 996 5078 hoc
1011 5030 1114 5089 est,
1137 5023 1437 5086 Secundum
1454 5022 1711 5092 justitiam
1739 5040 1856 5098 quae
1878 5041 1994 5088 mea
2011 5034 2113 5082 est.

540 5115 805 5179 Justitiam
849 5122 1027 5175 autem
1058 5113 1144 5167 hic
1167 5112 1296 5170 dicit
1313 5153 1330 5178 ,
1360 5129 1464 5168 non
1485 5114 1713 5182 coepisse
1738 5115 1984 5172 manibus
2010 5115 2116 5172 ini-

539 5209 656 5277 quis
677 5209 888 5273 rinam;
916 5203 1058 5276 quod
1085 5203 1218 5260 dixit
1237 5204 1481 5274 superius
1501 5247 1514 5268 ,
1547 5205 1606 5260 Si
1628 5204 1721 5257 hoc
1759 5205 1885 5273 feci,
1911 5214 1966 5260 et
1995 5221 2115 5274 quae

543 5309 854 5370 seqrmntur.
909 5297 1054 5355 idem
1101 5307 1279 5358 autem
1319 5295 1582 5366 signiﬁcat
1625 5296 1780 5362 illud,
1825 5295 2115 5351 Secundum

541 5391 876 5444 innocentiam
936 5405 1138 5454 meam;
1183 5387 1484 5443 Secundum
1549 5387 1686 5450 hoc,
1742 5385 1946 5455 inquit,
1995 5387 2116 5442 volo

541 5480 782 5545 iudicari.
807 5480 992 5549 Magna
1013 5488 1097 5536 est
1124 5481 1281 5535 etiam
1307 5479 1392 5534 hic
1402 5479 1530 5548 justi
1559 5477 1769 5532 ﬁducia.
1803 5477 1928 5532 lianc
1955 5493 2116 5548 porro

545 5570 671 5622 dicit
693 5578 927 5625 coactus.
961 5571 1026 5624 Et
1051 5570 1316 5639 quomodo
1339 5571 1362 5623 ?
1390 5569 1542 5637 Quod
1569 5569 1718 5625 multi
1749 5569 1897 5624 stulti
1918 5584 1986 5624 ex
2010 5569 2074 5622 iis
2096 5611 2110 5631 ,

547 5675 662 5727 qua).
682 5648 1009 5729 patiebatur,
1053 5665 1244 5716 malam
1274 5662 1341 5718 de
1364 5677 1430 5717 eo
1470 5663 1777 5732 opinionem
1822 5661 2112 5731 cepissent.

555 5749 788 5820 t‘ieriquc
835 5752 974 5810 enim
1002 5750 1150 5809 stulti
1178 5766 1238 5806 ex
1284 5753 1350 5807 tis
1389 5768 1504 5825 qua:
1551 5753 1796 5808 accidunt
1840 5753 2112 5807 calamita-

2214 448 2372 510 tibus.
2399 449 2572 504 solent
2599 448 2758 503 vitam
2791 449 2956 518 ipsam
2979 451 3252 505 criminari
3286 470 3298 505 :
3331 454 3470 523 quod
3505 455 3661 510 etiam
3683 458 3770 527 ipsi

2207 539 2307 594 Job
2331 539 2538 595 accidit.
2559 540 2818 606 Quocirca
2835 543 2880 594 ci
2907 541 3066 595 etiam
3089 539 3356 607 dicebant,
3386 559 3506 599 cum
3534 545 3658 600 nihil
3679 550 3774 603 sci-

2207 633 2402 687 rentab
2414 648 2479 686 eo
2496 635 2631 687 male
2651 631 2844 686 factum
2871 649 2884 684 :
2904 633 3016 688 Non
3032 633 3190 703 digne
3215 649 3310 704 pro
3329 639 3558 706 peccatis
3578 639 3680 693 tuis
3690 638 3774 695 lla-

2206 725 2429 792 gellatus
2476 738 2554 776 cs.
2585 721 2708 790 (Job
2735 724 2828 780 55.
2843 723 2956 793 27).
2987 723 3207 778 Paulum
3233 741 3444 795 quoque
3467 729 3776 784 sceleratum

2206 815 2433 883 aliquem
2456 821 2510 868 et
2537 813 2830 868 maleﬁcum
2853 813 3234 868 existimabant
3267 815 3508 883 barbari,
3538 821 3775 888 quoniam

2207 908 2385 974 vipera
2417 906 2532 972 ejus
2562 921 2772 960 manum
2795 905 3252 975 apprehenderat,
3274 916 3328 962 et
3348 907 3470 963 ideo
3496 909 3738 965 dicebant
3764 930 3776 965 :

2209 995 2473 1050 Servatum
2503 1013 2567 1049 ea:
2589 996 2719 1049 mari
2752 997 2874 1048 ultio
2903 1013 3000 1050 non
3021 998 3138 1050 sinit
3165 997 3300 1051 hunc
3327 999 3576 1054 hominem
3628 1005 3786 1058 vivere

2207 1088 2342 1156 (Act.
2371 1089 2460 1142 28.
2506 1091 2588 1157 1).
2633 1089 2798 1142 Porro
2857 1087 3036 1143 Semci
3096 1105 3308 1160 quoque
3353 1091 3516 1144 David
3564 1092 3777 1146 vocabat

2209 1177 2563 1242 homicidam,
2610 1186 2824 1248 propter
2866 1179 3221 1234 calamitatem
3265 1181 3403 1236 hanc
3443 1181 3696 1237 nefariam
3718 1182 3781 1238 de

2205 1282 2271 1322 eo
2297 1267 2470 1322 ferens
2499 1270 2814 1323 sententiam
2843 1269 2922 1340 (2.
2949 1269 3078 1339 Reg.
3107 1269 3194 1323 16.
3225 1271 3258 1325 7
3289 1270 3333 1340 ).

2276 1357 2332 1412 8.
2371 1357 2448 1413 Ne
2469 1373 2594 1430 ergo
2624 1357 2852 1428 idipsum
2881 1373 3093 1429 quoque
3118 1360 3302 1415 vobis‘
3330 1361 3556 1429 accidat,
3592 1376 3688 1430 age
3718 1363 3782 1419 de
3852 1361 3857 1366 ’

2209 1447 2292 1504 his
2318 1449 2587 1518 pauliSper
2614 1449 2958 1504 disseramus.
2991 1450 3183 1506 Multos
3208 1452 3349 1506 enim
3399 1454 3559 1509 audio
3599 1455 3781 1510 dicen-

2207 1547 2288 1593 tes
2332 1555 2346 1592 :
2403 1539 2459 1594 Si
2511 1540 2649 1595 Deus
2687 1549 2893 1595 amaret—
2937 1557 3235 1612 pauperes,
3280 1559 3387 1598 non
3438 1545 3637 1602 sineret
3673 1560 3787 1602 esse

2208 1647 2502 1700 pauperes;
2534 1648 2721 1688 rursus
2749 1634 2918 1699 alios,
2961 1635 3049 1690 ubi
3094 1638 3397 1705 quempiam
3443 1639 3671 1694 viderint
3711 1640 3786 1694 in-

2209 1724 2462 1779 ﬁrmitate
2504 1725 2591 1779 vel
2633 1727 2820 1781 morbo
2848 1729 3142 1784 conﬂictari
3180 1729 3477 1788 diuturno:
3525 1732 3626 1788 Ubi
3670 1745 3788 1789 sunt

2209 1815 2350 1870 illius
2378 1815 2770 1889 elecmosynze?
2798 1818 2885 1873 ubi
2909 1819 3025 1886 ejus
3055 1819 3369 1876 benefacta?
3395 1823 3473 1878 Ne
3498 1824 3549 1876 in
3569 1824 3652 1878 his
3667 1841 3791 1894 ergo

2213 1906 2445 1974 peccetis
2467 1948 2480 1971 ,
2513 1907 2580 1961 de
2609 1908 2689 1962 his
2717 1908 2861 1962 clare
2891 1918 2947 1965 et
2967 1910 3214 1966 distincte
3243 1912 3538 1967 dicamus'.
3570 1914 3623 1970 Si
3652 1917 3788 1970 enim

2209 1995 2370 2051 homo
2394 1997 2482 2067 qui
2509 1999 2684 2068 sapit,
2724 2015 2824 2054 nec
2851 2001 3018 2055 bonos
3047 2001 3225 2055 odisse
3246 2045 3261 2068 ,
3295 2019 3393 2058 nec
3421 2005 3590 2059 malos
3614 2022 3792 2061 amare

2209 2096 2424 2158 potest,
2469 2092 2740 2160 quomodo
2773 2102 2826 2144 tu
2864 2092 3028 2148 audes
3066 2093 3134 2146 de
3171 2094 3394 2148 Domino
3427 2095 3605 2150 dicere
3631 2137 3646 2159 ,
3694 2098 3792 2151 Eos

2209 2180 2297 2250 qui
2345 2188 2469 2234 sunt
2516 2180 2566 2234 in
2601 2190 2911 2249 paupertate
2948 2183 3060 2237 odit
3099 2183 3240 2238 Deus
3264 2226 3279 2250 ,
3320 2184 3420 2238 etsi
3457 2187 3564 2239 sint
3601 2187 3794 2241 virtute

2209 2272 2413 2342 prtediti
2447 2289 2458 2325 :
2491 2272 2682 2327 divites
2707 2283 2905 2337 autem,
2934 2277 3032 2329 etsi
3058 2276 3163 2328 sint
3204 2276 3377 2329 vitiosi
3422 2285 3477 2332 et
3514 2279 3792 2345 scelerati,

2210 2364 2427 2435 diligit;
2479 2365 2792 2420 maledicum
2854 2375 2908 2420 et
2971 2366 3336 2435 hlasphemum
3395 2384 3455 2422 os
3505 2369 3793 2438 aperiens,

2212 2471 2383 2525 neque
2412 2457 2721 2524 gravitatem
2750 2455 3088 2510 absurditatis
3109 2457 3518 2511 animadvertis?

2288 2548 2422 2602 Deus
2477 2565 2720 2618 quasnam
2753 2557 2913 2604 amat.
2932 2548 3096 2603 —Ne
3123 2564 3249 2618 ergo
3289 2563 3474 2618 pecces
3505 2549 3558 2603 in
3586 2550 3794 2613 talibus,

2213 2639 2357 2694 disce
2382 2638 2505 2708 quid
2542 2639 2678 2692 Deus
2704 2648 2845 2691 amat
2873 2645 2928 2692 et
2951 2639 3083 2692 odit.
3103 2638 3270 2706 Quem
3299 2654 3425 2708 ergo
3454 2649 3598 2693 amat
3622 2641 3796 2694 Deus?

2216 2729 2349 2784 Eum
2381 2730 2466 2798 qui
2516 2729 2761 2783 mandata
2810 2728 2926 2798 ejus
2963 2739 3156 2782 servat.
3202 2729 3332 2782 Eum
3384 2730 3526 2784 enim
3580 2732 3794 2796 amabo,

2216 2821 2469 2888 inquit,et
2497 2821 2688 2873 veniam
2711 2819 2781 2872 ad
2800 2835 2911 2872 eum
2939 2818 3116 2887 (latnt.
3146 2821 3234 2876 H.
3263 2820 3354 2873 2|.
3383 2819 3478 2887 25)
3508 2837 3520 2872 :
3546 2835 3653 2874 non
3680 2836 3796 2875 cum

2215 2913 2304 2983 qui
2331 2921 2414 2966 est
2439 2911 2622 2976 dives,
2657 2925 2761 2965 non
2800 2925 2920 2964 eum
2950 2909 3040 2979 qui
3064 2925 3226 2964 sanus
3253 2919 3330 2965 est
3353 2951 3368 2974 ,
3406 2910 3500 2965 sed
3526 2910 3613 2980 qui
3655 2918 3798 2980 paret

2217 3004 2350 3058 meis
2401 3002 2701 3073 prteceptis.
2731 3002 3025 3070 Quemnam
3061 3011 3239 3057 autem
3272 3003 3384 3056 odit
3410 3011 3463 3054 ct
3496 3001 3799 3057 aversatur?

2217 3096 2350 3151 Eum
2381 3096 2468 3166 qui
2503 3104 2765 3165 prcccepta
2793 3095 2909 3162 ejus
2930 3109 3035 3149 non
3058 3093 3200 3148 facit.
3230 3093 3454 3162 Quando
3480 3109 3607 3165 ergo
3646 3094 3794 3148 vide-

2217 3188 2292 3242 ris
2320 3188 2574 3258 aliquem,
2606 3189 2696 3258 qui
2727 3196 2990 3257 praecepta
3035 3186 3151 3255 ejus
3189 3202 3298 3241 non
3338 3194 3548 3250 servat,
3592 3185 3802 3241 etiamsi

2217 3294 2380 3334 sanus
2405 3280 2492 3346 sit,
2515 3279 2721 3333 etiamsi
2746 3279 2936 3348 opibus
2964 3277 3142 3333 alﬁuat
3160 3318 3180 3343 ,
3217 3281 3356 3332 refer
3383 3294 3506 3331 cum
3533 3278 3584 3331 in
3610 3293 3796 3331 nume-

2218 3387 2337 3426 rum
2363 3387 2545 3426 eorum
2576 3372 2665 3440 qui
2699 3371 2824 3425 odio
2849 3369 3153 3425 habentur:
3183 3370 3353 3423 virum
3389 3377 3565 3422 autem
3607 3370 3806 3423 virtute

2221 3463 2524 3534 prteditum,
2550 3462 2755 3516 etiamsi
2782 3470 3039 3532 aegrotum
3062 3461 3257 3515 videris
3286 3471 3334 3515 et
3376 3461 3549 3529 inopia
3575 3475 3800 3530 Oppres-

2219 3569 2356 3618 sum,
2388 3552 2526 3606 iutcr
2550 3566 2644 3606 eos
2672 3551 2759 3622 qui
2787 3561 3037 3605 amantur
3062 3566 3375 3604 annutncra.
3426 3550 3540 3604 Non
3568 3552 3713 3604 enim
3753 3551 3806 3603 in

2220 3645 2305 3701 bis
2323 3645 2565 3700 consistit
2590 3643 2841 3710 amicitia,
2869 3643 2963 3698 sed
2990 3643 3044 3696 in
3077 3643 3199 3696 illis.
3233 3644 3422 3695 Annon
3467 3641 3614 3695 vides
3644 3643 3803 3695 etiam

2220 3739 2274 3793 in
2317 3737 2474 3792 rebus
2506 3736 2788 3802 humanis,
2833 3750 3015 3805 regum
3054 3734 3254 3788 amicos
3284 3733 3336 3786 in
3376 3731 3531 3786 bellis
3571 3733 3804 3786 maxima

2219 3831 2367 3884 adire
2394 3829 2650 3898 pericula,
2681 3835 2735 3882 et
2771 3828 3012 3895 accipere
3037 3826 3283 3887 vulnera,
3317 3833 3371 3878 et
3398 3839 3618 3892 peregre
3649 3824 3806 3893 proﬁ-

2220 3921 2387 3975 cisci?
2429 3920 2540 3973 Non
2579 3918 2822 3971 audivisti
2853 3917 2991 3987 quod
3019 3917 3272 3984 scriptum
3298 3925 3379 3968 est
3405 3932 3417 3966 :
3451 3913 3611 3978 Quem
3640 3914 3806 3982 diligit

2225 4012 2490 4073 Dominus,
2513 4010 2729 4080 castigat
2763 4025 2782 4063 :
2809 4009 3038 4078 ﬂagellat
3064 4015 3236 4060 autem
3265 4023 3461 4058 omnem
3485 4005 3649 4072 [ilium
3662 4021 3806 4074 quem

2220 4105 2395 4174 recipit
2424 4102 2606 4172 (Hebr.
2642 4103 2727 4156 12.
2759 4101 2854 4168 6)?
2903 4101 2970 4154 At
2999 4099 3184 4162 multi,
3225 4097 3422 4164 inquit,
3457 4095 3808 4150 olfenduntur

2222 4197 2337 4250 hate
2367 4194 2625 4249 videntes.
2668 4193 2781 4248 Non
2806 4194 3042 4262 ipsorum
3071 4205 3252 4255 causa,
3281 4188 3374 4243 sed
3404 4198 3617 4257 prapter
3654 4203 3803 4242 suam

2222 4289 2516 4343 stultitiam.
2560 4285 2672 4338 Non
2701 4286 2856 4338 datur
2880 4284 3020 4337 enim
3051 4283 3134 4336 hic
3166 4280 3316 4333 nobis
3345 4279 3586 4333 laborum
3625 4294 3808 4333 remu-

2223 4379 2427 4432 neratio
2447 4393 2461 4441 ;
2485 4376 2577 4430 sed
2601 4384 2724 4429 sunt
2750 4375 2835 4428 hic
2847 4373 3058 4444 quidem
3077 4371 3304 4425 stadium
3332 4377 3561 4422 etarena
3585 4383 3598 4419 :
3621 4379 3806 4436 postea

2223 4478 2398 4521 autent
2443 4478 2599 4519 erunt
2651 4465 2862 4532 ιιτωιιιὶιι
2907 4471 2960 4516 et
3000 4475 3232 4514 coronm.
3285 4457 3340 4511 In
3390 4467 3630 4523 tempore
3677 4472 3807 4524 ergo

2225 4559 2377 4612 lucta:
2415 4565 2469 4612 et
2508 4556 2560 4610 in
2596 4555 2682 4608 die
2717 4551 2969 4621 pancratii
3013 4549 3086 4622 (al
3133 4563 3198 4603 ne
3226 4561 3434 4617 quaeras
3470 4547 3704 4615 quietem
3753 4553 3807 4597 et

2222 4649 2383 4704 animi
2412 4627 2813 4702 remissionem:
2837 4657 2936 4697 nec
2965 4637 3256 4694 eoofundas
3275 4645 3532 4705 tempora.
3563 4635 3629 4688 At
3651 4634 3805 4687 multi

2221 4748 2366 4804 sunt,
2398 4737 2590 4807 inquit,
2619 4732 3011 4789 imbecilliores.
3053 4728 3160 4783 Sed
3199 4729 3338 4782 Deus
3373 4727 3455 4780 his
3489 4726 3648 4781 etiam
3677 4740 3806 4795 pro-

2221 4829 2384 4894 vidit;
2417 4835 2470 4881 et
2491 4824 2731 4893 permisit
2755 4831 2816 4877 ut
2853 4821 3006 4875 multi
3043 4819 3202 4873 etiam
3241 4817 3368 4886 justi
3396 4815 3482 4870 hic
3509 4829 3722 4885 quoque
3751 4815 3807 4868 in

2222 4922 2572 4995 prosperitate
2596 4925 2832 4989 agerent,
2861 4930 2970 4970 non
3015 4921 3234 4984 propter
3259 4911 3376 4964 illos
3399 4950 3416 4975 ,
3461 4907 3557 4964 sed
3585 4918 3807 4978 preptcr

2222 5011 2614 5068 imbecilliores.
2647 5007 2822 5074 Quare
2846 5004 2947 5059 etsi
2978 5012 3030 5057 te
3051 4999 3323 5056 oll'eudunt
3346 4999 3435 5068 qui
3461 4997 3648 5053 suntin
3667 4996 3808 5050 afﬂi-

2221 5107 2419 5169 ctione,
2449 5100 2716 5157 adiﬁcent
2743 5111 2928 5152 rursus
2954 5095 3042 5164 qui
3074 5094 3125 5147 in
3166 5092 3345 5161 quiete
3372 5090 3535 5144 vitam
3558 5089 3761 5158 degunt
3789 5104 3802 5140 :

2222 5199 2342 5257 etsi
2370 5209 2422 5254 te
2449 5195 2792 5266 supplantant
2829 5188 3082 5254 scelesti,
3113 5186 3202 5256 qui
3247 5184 3409 5239 rebus
3454 5190 3676 5236 utuntur
3716 5194 3806 5234 sc-

2286 5334 2302 5364 ί
2325 5330 2476 5388 Colb.,
2499 5326 2650 5377 nobis.

2284 5396 2305 5426 ²
2328 5374 2476 5441 sitit]
2491 5374 2698 5440 {diem
2721 5384 2846 5448 legit
2861 5419 2892 5448 ,_
2909 5381 3013 5448 hinc
3045 5384 3269 5430 accurate
3293 5376 3650 5448 disquiremus;
3675 5374 3811 5448 metu

2221 5437 2537 5516 conjecitnini
2565 5437 2813 5516 margine",
2832 5437 3181 5516 disquiramus.
3208 5448 3308 5490 Mox
3332 5437 3410 5488 hac
3433 5451 3592 5496 voces,
3617 5437 3682 5485 de
3712 5443 3810 5484 Do.

2222 5501 2621 5574 utin'oi,VOmittunt
2642 5501 2809 5574 savil_._.
2830 5501 2948 5568 “987-
2963 5501 3154 5574 elcplb‘
3257 5561 3268 5572 σ
3395 5566 3426 5574 ιν
3459 5556 3507 5574 ~°

2284 5561 2367 5637 id),
2459 5573 2537 5637 die
2555 5561 2808 5635 pancmtii,
2828 5561 2927 5617 sed
2936 5565 3087 5637 omnis
3103 5561 3291 5628 generis
3308 5561 3649 5637 certaminum;
3665 5561 3812 5637 Frant

2222 5630 2385 5686 autem
2419 5630 2638 5696 ludorum
2663 5642 2846 5696 genera
2868 5630 3102 5696 quinque,
3123 5639 3234 5696 qua:
3255 5637 3350 5696 una
3373 5630 3707 5696 νρςβένεοὶέξ
3728 5630 3813 5696 v3-

2224 5678 2745 5748 aiiﬁidﬁ'méﬁe‘ié
2766 5678 2952 5743 vide'in
2967 5678 3192 5750 Antiquit.
3216 5691 3397 5742 nostra,
3420 5691 3562 5732 'romo
3583 5678 3714 5740 5,|ih
3759 5678 3811 5726 3.

2227 5772 2336 5822 pag.
2355 5758 2464 5808 29!.
