4106 6456
496 255 569 312 93
920 309 928 315 .
1254 260 1312 317 S.
1352 258 1640 317 JOANNIS
1677 255 2173 314 CIIRYSOSTOMI
2210 260 2536 324 ARCHIEP.
2578 267 3132 331 CONSTANTINOP.
3703 272 3782 329 Μ

495 370 678 427 τωσάν
712 387 771 424 σε
824 368 877 425 οί
907 372 965 425 έν
991 370 1208 426 κολάσει
1251 372 1345 426 καὶ
1378 370 1639 442 τιμωρίᾳ.
1689 369 1803 422 Οὑκ
1842 369 2082 439 ἤκουσας

494 454 592 509 τοῦ
617 454 855 525 Χριστοῦ
885 454 1152 524 λέγοντος,
1189 456 1292 510 Ἐν
1312 455 1391 520 τῷ
1412 456 1619 524 κόσμῳ
1651 454 1862 522 θλίψιν
1885 452 2088 516 ἓξετε;

497 538 564 592 Τί
596 539 774 594 τοίνυν
799 538 981 611 ζητεῖς
1009 538 1211 604 ἄνεσιν,
1235 538 1445 592 ἐκείνου
1473 538 1643 592 ταῦτα
1663 536 1941 601 είπόντος;
1974 535 2090 587 Οὑκ

496 625 738 696 ἦκουσας
792 623 956 679 αὑτοῦ
997 624 1267 693 λέγοντος,
1336 623 1399 677 '0
1448 623 1678 691 κόσμος
1734 621 2084 689 χαρήσεται,

497 709 670 777 ὑμεῖς
699 710 791 764 ἀεὶ
836 709 1307 778 λυπηθήσεσθε;
1332 709 1498 762 Ὥστε
1533 707 1679 770 είκὸς
1705 700 1773 776 ἦν
1800 700 2086 757 σκανδαλί-

500 789 690 861 ζεσθαι
728 795 856 857 τοὺς
893 793 1303 865 ἀνοητοτέρους,
1333 791 1471 846 εἰτά
1498 790 1714 844 ἐναντία
1758 788 1976 857 ἐγένετο
2012 778 2087 839 ὧν

499 871 671 929 εἶπεν·
706 878 756 930 εί
783 877 840 930 δὲ
871 877 1013 931 κατὰ
1052 876 1373 930 ἀκολουθίαν
1410 875 1588 929 πάντα
1610 872 1915 945 προϐαίνει,
1943 870 2090 933 τίνος

497 959 685 1013 ἕνεκεν
719 960 1088 1034 σκανδαλίζῃς
1124 962 1234 1016 Καὶ
1261 961 1406 1024 τίνος
1458 959 1662 1023 ἕνεκεν,
1716 957 1903 1027 φησὶν,
1946 954 2089 1008 οὕτω

497 1043 874 1099 διετύπωσενό
897 1045 1028 1110 Θεός
1050 1063 1064 1111 ;
1084 1045 1175 1117 Μὴ
1198 1045 1436 1111 ἐξέταζε,
1459 1043 1593 1115 μηδὲ
1617 1040 2083 1111 πολυπραγμόνει.

501 1125 658 1180 Οὐδὲ
712 1127 823 1197 γὰρ
853 1128 976 1197 ἐρεῖ
1028 1128 1096 1184 τὸ
1147 1127 1400 1198 πλάσμα
1431 1124 1512 1192 τῷ
1538 1124 1862 1180 πλάσαντι’
1919 1124 1979 1177 Τί
2009 1139 2088 1193 με

494 1210 793 1278 ἐποίησας
818 1213 1009 1277 οὕτω;
1033 1213 1134 1267 Διά
1155 1213 1313 1267 τοῦτο
1347 1211 1440 1266 καὶ
1473 1213 1501 1265 6
1531 1211 1821 1282 προφήτης,
1851 1209 2087 1279 ὲπετίμα

496 1296 611 1358 τοῖς
655 1295 951 1361 Ἰουδαίοις,
966 1296 1048 1351 6::
1080 1297 1289 1367 μυρίων
1315 1294 1578 1366 γέμοντες
1608 1291 1928 1358 κακῶν,τοῦ
1947 1290 2084 1345 Θεοῦ

497 1377 595 1441 τὰς
627 1378 781 1442 ὀδοὺς
821 1381 1266 1452 περιεργάζοντο,
1290 1379 1481 1448 λέγων·
1510 1376 1748 1432 Γνῶναι
1765 1378 1874 1443 τὰς
1907 1375 2086 1443 ὁδούς

495 1480 617 1531 μου
648 1464 1066 1534 ἐπιθυμοῦσιν,
1095 1465 1176 1531 ὡς
1228 1463 1377 1531 λαὸς
1409 1462 1803 1530 δικαιοσύνην
1841 1474 2087 1528 πεποιη-

499 1545 641 1613 κὼς,
687 1547 787 1601 καὶ
822 1549 1024 1617 κρίσιν
1058 1548 1205 1603 Θεοῦ
1224 1548 1411 1603 αὐτοῦ
1429 1547 1517 1617 μὴ
1550 1544 2086 1617 ἐγκαταλε.ιοιπώς·

498 1630 684 1700 ὅμοιον
717 1631 1016 1699 ποιοῦντες,
1071 1632 1262 1702 ῶσπερ
1308 1633 1374 1687 ἂν
1401 1632 1457 1685 εί
1477 1648 1562 1695 τις
1604 1630 1820 1701 οἰκέτης
1850 1646 2088 1702 προσκε-

499 1713 768 1786 κρουκὼς,
809 1718 905 1770 καὶ
956 1717 1165 1789 μυρίων
1223 1716 1525 1778 ὑπεύθυνος
1569 1713 1645 1766 ῶν
1687 1712 2048 1785 ἐγκλημάτων
2072 1752 2087 1779 ,

498 1798 695 1868 παρεὶς
754 1798 816 1852 τὸ
864 1799 1023 1854 λῦσαι
1055 1802 1155 1871 τὴν
1207 1800 1376 1871 ὀργὴν
1404 1798 1498 1851 τοῦ
1536 1797 1821 1861 δεσπότου,
1856 1796 2088 1861 εὐθύνας

498 1880 662 1934 αὑτὸν
704 1883 987 1956 ἀπαιτοίη,
1022 1885 1078 1938 τί
1118 1884 1318 1955 δήποτε
1371 1882 1530 1936 τοῦτο
1569 1880 1856 1951 πεποίηκε.
1893 1880 1985 1953 Μὴ
2020 1880 2085 1953 δὴ

496 1962 673 2018 ταῦτα
702 1963 872 2037 ζήτει,
924 1968 1083 2036 ἀφεὶς
1132 1968 1188 2021 τὸ
1218 1967 1425 2021 κλαίειν
1452 1963 1548 2019 καὶ
1593 1961 1832 2034 θρηνεῖν,
1864 1964 1961 2017 καὶ
2016 1963 2087 2016 τά

496 2048 670 2101 οἰκεία
696 2049 1091 2106 ἀπονίπτεσθαι
1122 2052 1285 2106 κακά.
1316 2051 1502 2107 Ταῦτα
1534 2053 1698 2121 λέγω,
1727 2050 1826 2120 οὑχ
1857 2048 1933 2112 ὡς
1950 2049 2085 2101 ἀπο·

499 2130 611 2202 ρῶν
631 2131 723 2185 τὸν
762 2134 918 2203 λόγον
976 2137 1170 2201 εἰπεῖν,
1205 2136 1344 2190 ἀλλά
1387 2135 1709 2208 βουλόμενός
1751 2150 1810 2186 σε
1851 2131 1960 2187 ἀπὸ
1986 2132 2087 2204 τῆς

496 2215 1034 2291 πολυπραγμοσύνης
1065 2220 1273 2291 ταύτης
1298 2221 1378 2283 εἰς
1400 2220 1501 2291 τὴν
1533 2219 1662 2291 περὶ
1681 2217 1889 2279 οἰκείας
1912 2232 2087 2286 σωτησ

498 2298 624 2370 ρίας
675 2302 946 2374 μέριμναν
1000 2303 1281 2374 ἐμϐαλεῖν.
1342 2304 1501 2369 Τίνος
1536 2300 1631 2358 οὑν
1683 2302 1869 2356 ’ἐνεκεν
1912 2299 2086 2364 οὓτως

496 2380 759 2450 ἑπέταξε;
784 2383 893 2439 Τοῦ
937 2385 1128 2455 γένους
1160 2385 1471 2457 φειδόμενος
1502 2383 1597 2439 τοῦ
1625 2383 1737 2438 τῶν
1762 2381 2084 2454 ἀνθρώπιον.

496 2464 602 2518 Τὸν
622 2466 845 2539 μὲνγὰρ
883 2467 1046 2523 πόνον
1077 2468 1310 2522 ἐνταῦθα
1332 2469 1766 2539 συνεκλήρωσεν,
1791 2466 1919 2519 ἔνθα
1949 2465 2086 2536 βρα-

498 2549 599 2621 κὺς
623 2551 653 2603 ὁ
680 2549 818 2621 βίοςο
850 2553 977 2616 τοὺς
996 2553 1053 2606 δὲ
1083 2553 1379 2622 στεφάνους
1410 2555 1489 2617 είς
1514 2553 1575 2606 τδ
1607 2549 1799 2624 μέλλον
1829 2549 2086 2621 ἐταμιεύ-

501 2648 664 2697 σατο,
691 2632 821 2687 ἔνθα
864 2636 1089 2707 ἀγήρως
1139 2635 1234 2690 καλ⁸
1280 2634 1635 2708 ἀτελεύτητος
1663 2638 1692 2689 6
1729 2634 1882 2689 αἰών.
1916 2633 2028 2688 Καὶ
2058 2635 2087 2687 6

502 2715 603 2784 μὲν
634 2716 795 2781 πόνος
823 2713 979 2782 οὗτος
1005 2719 1217 2791 ταχέως
1245 2718 1584 2790 παραλύεται
1609 2718 1707 2772 καὶ
1727 2716 2083 2789 παρατρέχει⁶

497 2798 681 2851 ἐκεῖνα
709 2798 767 2853 δὲ
821 2800 1064 2856 ἀθάνατα
1121 2802 1293 2873 μένει,
1345 2802 1600 2855 οὐδέποτε
1658 2801 1831 2873 πέρας
1875 2800 2082 2871 ἔχοντα.

501 2879 712 2944 ’Ἄλλως
739 2881 797 2935 δὲ
826 2884 921 2938 καὶ
950 2884 1334 2956 γυμνάζειτάς
1357 2885 1537 2956 ψυχὰς
1558 2886 1637 2947 είς
1658 2884 1721 2937 τὸ
1752 2884 1851 2954 τῆς
1883 2882 2088 2954 ἀρετῆς

495 2963 738 3035 φίλτρον.
774 2965 943 3022 Ὅταν
975 2968 1074 3039 μὲν
1098 2968 1208 3040 γὰρ
1237 2968 1330 3022 καὶ
1362 2969 1501 3039 μετά
1530 2967 1708 3021 πόνων
1734 2967 1902 3037 αὑτὴν
1925 2967 2087 3038 αἱρῆ-

494 3063 606 3112 ται,
637 3049 906 3119 μηδέποτε
959 3052 1191 3106 ἔπαθλον
1229 3052 1603 3123 λαμϐάνουσα,
1664 3050 1862 3121 μελετᾷ
1888 3051 2089 3105 διακεῖ-

497 3128 624 3186 σθαι
655 3132 791 3203 πρὸς
810 3133 978 3206 αὐτὴν
1013 3136 1151 3206 μετά
1186 3135 1386 3207 πολλῆς
1412 3136 1513 3206 τῆς
1534 3133 1844 3206 ἀκριϐείας·
1878 3134 2004 3187 ὅταν
2028 3134 2085 3187 δὲ

496 3214 593 3266 καὶ
625 3215 746 3286 μεθ’
778 3217 975 3288 ἡδονῆς
1006 3218 1107 3287 τὴν
1138 3219 1335 3272 κακίαν
1378 3217 1575 3290 φεύγῃ.
1618 3217 1887 3289 μηδέποτε
1921 3216 2084 3270 κόλα-

498 3313 585 3350 σιν
618 3299 983 3369 ὑπομένουσα,
1010 3303 1347 3372 γυμνάζεται
1385 3305 1563 3373 μισεῖν
1613 3300 1782 3370 αὑτὴν
1826 3300 1917 3354 καὶ
1952 3302 2087 3354 ἀπο-

500 3380 849 3451 στρέφεσθαι.
901 3384 1066 3438 Ὥστε
1095 3386 1203 3439 ἀπὸ
1223 3385 1416 3439 τούτου
1455 3385 1550 3439 καὶ
1585 3385 1699 3451 ἕξιν
1729 3384 1959 3455 λήψεται
1987 3386 2087 3456 τῆς

497 3465 794 3536 ἀπεχθείας
826 3467 926 3539 τῆς
958 3468 1095 3541 πρὸς
1138 3469 1239 3540 τὴν
1282 3469 1571 3541 πονηρίαν,
1613 3469 1708 3522 καὶ
1734 3468 1831 3537 τῆς
1865 3467 2087 3537 ἀγάπης

496 3547 599 3619 τῆς
632 3549 769 3622 πρὸς
789 3551 888 3622 τὴν
920 3551 1144 3624 ἀρετήν.
1184 3554 1341 3607 Ἐστι
1374 3553 1470 3606 καὶ
1511 3552 1699 3622 ἔτερος
1726 3551 1903 3621 λόγος.
1929 3552 2087 3615 Ποϊος

497 3630 559 3684 δὲ
602 3624 795 3702 οῦτος;
841 3634 964 3689 Ὀτι
1010 3634 1246 3706 μάλιστα
1288 3636 1426 3708 πρὸς
1471 3634 1787 3705 φιλοσοφίαν
1826 3637 1860 3707 ή
1910 3634 2086 3705 θλίψις

495 3714 730 3786 ἀλείφει,
783 3717 878 3771 καὶ
928 3720 1314 3792 ἰσχυροτέρους
1354 3722 1519 3773 ποιεῖ.
1554 3720 1667 3774 Καὶ
1718 3718 1855 3789 μετά
1893 3718 2084 3772 τούτου

499 3799 662 3855 πάλιν
691 3800 869 3866 ἄλλος.
893 3805 1054 3870 Ποῖος
1078 3805 1135 3859 δὲ
1165 3799 1354 3872 οῦτος;
1384 3804 1642 3859 Βούλεται
1673 3803 2085 3858 παιδεῦσαιτῶν

499 3884 785 3956 παρόντων
816 3887 1111 3961 ὑπερορᾷν,
1139 3890 1235 3945 καὶ
1263 3888 1339 3962 μὴ
1368 3888 1773 3962 προσηλῶσθαι,
1798 3887 1932 3959 μηδὲ
1963 3905 2086 3941 συν-

496 3965 744 4024 δεδέσθαι
776 3971 981 4036 αὑτοῖς.
1005 3972 1103 4026 Διά
1121 3972 1186 4044 δὴ
1204 3972 1362 4026 τοῦτο
1378 3973 1473 4027 καὶ
1490 3971 1668 4043 θλίψιν
1701 3971 2083 4042 συνεκλήρωσε

499 4050 596 4104 καὶ
627 4053 809 4119 πόνον,
835 4056 932 4109 καὶ
962 4055 1034 4109 τά
1059 4056 1272 4128 χρηστά
1303 4057 1442 4110 αύτά
1488 4056 1582 4110 καὶ
1615 4055 1816 4127 φαιδρὰ
1848 4055 2083 4109 εὐκατά-

498 4134 637 4190 λυτα
685 4138 977 4209 πεποίηκε.
1026 4140 1493 4209 ΣυντελεσΟήτω
1543 4138 1620 4208 δὴ
1656 4139 1915 4208 πονηρία
1968 4136 2084 4210 [64]

498 4220 887 4290 ἁμαρτωλῶν,
938 4223 1039 4278 καὶ
1095 4223 1483 4289 κατευθυνεῒς
1527 4221 1780 4277 δίκαιον.
1820 4221 1887 4273 Τί
1944 4222 2082 4285 ἐστι,

499 4307 1005 4375 Συντελεσθήτω;
1062 4306 1363 4377 Ἐπάγαγε,
1427 4307 1582 4376 φησὶ,
1641 4304 1933 4378 τιμωρίαν,
1989 4304 2085 4358 καὶ

500 4390 723 4460 στήσεις
769 4391 970 4456 αὑτοὺς
999 4391 1101 4463 τῆς
1137 4390 1356 4454 κακίας.
1388 4389 1658 4461 Καθάπερ
1692 4391 1802 4461 γὰρ
1828 4391 1883 4443 αἱ
1913 4405 2084 4460 σηπε-

498 4473 651 4537 δόνες
695 4478 914 4546 πικροῖς
946 4473 1161 4529 εἴκουσι
1189 4473 1525 4546 φαρμάκοις,
1571 4473 1667 4528 καὶ
1709 4472 1939 4526 καύσεσι
1989 4472 2085 4527 καὶ

496 4558 713 4628 τομαῖς·
744 4556 890 4613 οὑτω
916 4558 1013 4612 καὶ
1039 4557 1073 4629 ἡ
1106 4557 1342 4630 πονηρία
1371 4557 1476 4612 ὑπὸ
1503 4556 1774 4629 τιμωρίας
1795 4555 2082 4612 κωλύεται.

570 4694 637 4750 θτ.
666 4693 831 4750 Ταῦτ’
855 4690 949 4751 οὖν
973 4695 1202 4762 εἰδότας,
1226 4696 1287 4751 o6
1313 4697 1441 4761 τοὺς
1466 4693 1932 4767 τιμωρουμένους,
1963 4690 2085 4744 οὑδὲ

496 4784 627 4848 τοὺς
658 4783 1053 4855 κολαζομένους
1080 4784 1337 4856 δακρύειν
1363 4784 1492 4858 χρὴ,
1526 4783 1664 4838 ἀλλά
1685 4782 1811 4846 τοὺς
1837 4779 2088 4853 ἁμαρτά-

498 4887 690 4936 νοντας
721 4871 1049 4944 ἀτιμωρητί.
1075 4872 1302 4946 Πρῶτον
1334 4872 1432 4944 μὲν
1451 4870 1560 4943 γάρ
1581 4870 1773 4935 κακὸν,
1811 4869 1875 4922 τὸ
1907 4870 2088 4939 ἁμαρ-

488 4962 699 5024 τάνειν·
723 4960 975 5032 δεύτερον
1011 4959 1090 5025 δὲ,
1131 4960 1194 5014 :6
1220 4959 1635 5032 ἁμαρτάνοντας
1665 4958 1936 5030 μηδεμιᾶς
1958 4972 2089 5025 τυγ-

497 5048 1030 5122 χάνειν-θεραπείας.
1058 5048 1275 5103 Μᾶλλον
1298 5048 1357 5102 δὲ
1386 5048 1481 5101 καὶ
1511 5047 1671 5101 τοῦτο
1693 5045 1913 5116 πρῶτον
1943 5043 2090 5097 εἴποι

496 5152 584 5199 τις
618 5136 685 5192 ἂν
711 5131 956 5202 δικαίως,
982 5136 1074 5191 καὶ
1094 5135 1274 5209 πολλῷ
1302 5133 1699 5209 χαλεπώτατον.
1731 5135 1943 5205 ’Ὠσπερ
1979 5131 2089 5204 γὰρ

497 5225 563 5278 06
577 5226 639 5279 τὸ
661 5231 840 5283 νοσεῖν
864 5227 1122 5299 χαλεπὸν,
1140 5228 1277 5284 ἀλλά
1297 5228 1388 5281 τὸν
1410 5224 1671 5283 νοσοῦντα
1696 5222 1771 5296 μὴ
1791 5221 2091 5295 θεραπεύεο

501 5313 645 5367 σθαι’
677 5317 798 5370 οὑδὲ
852 5317 944 5371 τὸν
990 5317 1184 5389 ἔχοντα
1230 5313 1501 5388 σηπεδόνα
1538 5311 1846 5384 θρηνοῦμεν
1877 5309 2085 5376 ἁπλῶς,

501 5401 640 5454 ἀλλά
669 5403 761 5455 τὸν
793 5404 985 5472 ἔχοντα
1017 5406 1112 5460 καὶ
1157 5406 1279 5476 εἰκῆ
1311 5403 1586 5473 κείμενον,
1637 5401 1731 5455 καὶ
1772 5400 1846 5470 μὴ
1882 5399 2085 5468 τυγχά-

502 5504 663 5542 νοντα
691 5491 948 5560 ἰατρικῶν
972 5493 1190 5564 χειρῶν·
1221 5494 1314 5546 τὸν
1345 5492 1402 5546 δὲ
1437 5490 1765 5562 τεμνόμενον
1805 5489 1899 5541 καὶ
1934 5486 2087 5541 καιό-

507 5590 694 5644 μενον,
725 5577 913 5630 τοῦτον
945 5580 1182 5650 φαίημεν
1213 5583 1280 5634 ἂν
1338 5579 1475 5652 πρὸς
1524 5579 1735 5648 ὑγίειαν
1771 5575 1998 5643 ὁδεύειν,
2025 5575 2085 5628 οὑ

513 5661 615 5728 τὴν
651 5662 752 5716 ἀπὸ
777 5665 875 5736 τῆς
906 5668 1077 5739 τομῆς
1105 5667 1297 5739 ὀδύνην
1342 5667 1647 5739 βλέποντες,
1677 5663 1811 5722 άλλά
1849 5663 1946 5736 τὴν
1978 5662 2086 5718 ἀπὸ

2193 371 2292 436 τῆς
2304 374 2474 445 τομῆς
2503 377 2731 447 ὑγίειαψ
2750 379 2892 433 οὕτω
2911 383 3004 435 καὶ
3028 381 3120 436 ἐπὶ
3146 382 3246 453 τῆς
3272 382 3448 454 ψυχῆς
3471 382 3807 438 διακεῖσθαι’

2190 462 2320 532 χρὴ,
2348 463 2469 533 οὑχὶ
2496 468 2622 529 τοὺς
2644 467 3038 540 κολαζομένους
3077 471 3194 539 (καὶ
3230 470 3340 541 γάρ
3378 472 3514 543 πρὸς
3563 472 3785 540 ὑγίειαν

2190 546 2485 619 ἕλκονται),
2509 551 2647 606 ἀλλά
2681 556 2806 618 τοὺς
2837 557 3249 628 ἁμαρτάνοντας
3283 559 3591 630 ἀτιμωρητὶ
3637 561 3784 631 θρηο

2190 638 2300 689 νεῖν
2335 639 2430 691 καὶ
2473 640 2707 698 πενθεῖν.
2751 644 2861 697 Καὶ
2884 646 2933 698 εἰ
2984 646 3043 698 αί
3091 647 3356 718 τιμωρίαι
3383 647 3480 717 τῆς
3510 648 3808 718 πονηρίας

2190 724 2300 777 εἰσὶ
2320 724 2638 791 κωλυτικαὶ,
2670 730 2826 800 φησὶ,
2876 730 3019 797 τινος
3051 732 3238 787 ἕνεκεν
3263 735 3324 787 οὑ
3370 735 3491 788 καθ’
3535 736 3789 805 ἑκάστην

2191 810 2405 882 ἡμέραν
2430 813 2681 886 διδόαμεν
2720 816 2875 888 δίκην
2922 819 3030 873 τῶν
3073 822 3511 893 ἡμαρτημένων;
3558 825 3683 877 ’Ὁτι
3728 826 3788 877 εἰ

2189 899 2348 953 τοῦτο
2374 902 2640 971 ἐγεγόνει,
2683 907 3117 977 προανηρπάσθη
3149 906 3215 961 ἂν
3259 908 3319 961 τὸ
3362 908 3515 977 γένος
3539 910 3648 963 τῶν
3678 910 3787 963 ἀν-

2191 982 2446 1054 θρώπιον,
2468 987 2565 1041 καὶ
2593 989 2623 1041 ὁ
2650 988 2751 1058 τῆς
2769 990 3056 1059 μετανοίας
3074 990 3264 1060 καιρὸς
3293 992 3553 1064 ἀνῄρητο.
3573 993 3787 1046 Σκόπει

2187 1072 2317 1143 γοῦν
2343 1074 2437 1127 ἐπὶ
2460 1075 2554 1128 τοῦ
2582 1075 2812 1131 Παύλου.
2840 1078 2902 1131 EE
2932 1078 3040 1149 γὰρ
3063 1079 3268 1142 ἐκεῖνος
3303 1079 3470 1133 ἔδωκε
3498 1080 3656 1150 δίκην
3676 1079 3788 1150 τῆς

2187 1164 2442 1230 διώξεως,
2476 1166 2570 1220 καὶ
2602 1167 2862 1238 ἀνῃρέθη,
2898 1168 3014 1231 πῶς
3043 1169 3110 1223 ἂν
3133 1167 3256 1239 ἔσχε
3289 1168 3479 1235 καιρὸν
3510 1168 3788 1239 μετανοῆ-

2190 1270 2301 1319 σαι,
2337 1254 2431 1307 καὶ
2464 1254 2603 1326 μετά
2640 1255 2739 1326 τὴν
2791 1257 3079 1328 μετάνοιαν
3121 1256 3190 1310 τά
3230 1257 3402 1328 μυρία
3436 1257 3786 1328 ἐργάσασθαι

2189 1342 2389 1411 ἀγαοά,
2438 1344 2533 1396 καὶ
2576 1345 2779 1411 πᾶσαν,
2827 1344 2903 1409 ὼς
2930 1346 3124 1411 εἰπεῖν,
3165 1346 3264 1415 τὴν
3291 1346 3616 1416 οἰκουμένην
3665 1344 3788 1400 ἀπὸ

2187 1434 2288 1501 τῆς
2329 1431 2537 1502 πλάνης
2577 1432 2672 1486 ἐπὶ
2722 1433 2820 1505 τὴν
2871 1432 3130 1506 ἀλήθειαν
3177 1433 3622 1505 χειραγωγῆσαι;
3660 1433 3784 1502 Οὑχ

2187 1519 2320 1590 ὁρᾷς
2353 1520 2447 1572 καὶ
2499 1521 2625 1584 τοὺς
2661 1520 2901 1591 ἰατροὺς,
2931 1521 3060 1575 ὅταν
3113 1537 3198 1585 τις
3230 1520 3399 1575 πολλά
3444 1521 3783 1592 περικέηται

2186 1606 2497 1678 τραύματα,
2546 1607 2608 1660 οὑ
2636 1607 2907 1680 τοσαύτην
2941 1607 3249 1677 ἐπάγοντας
3292 1607 3610 1680 θεραπείαν,
3641 1608 3785 1678 ὅσην

2186 1696 2409 1749 ἀπαιτεῖ
2431 1695 2540 1750 τῶν
2566 1697 2897 1768 τραυμάτων
2922 1699 2955 1769 ὴ
2986 1699 3171 1767 φύσις,
3194 1695 3311 1751 ἀλλ’
3334 1698 3468 1767 ὅσην
3492 1698 3649 1767 φέρει
3671 1697 3787 1767 τῆς

2186 1782 2470 1855 δυνάμεως
2495 1786 2529 1856 ἡ
2558 1784 2876 1849 ὑπόστασις,
2915 1786 3003 1840 ἵνα
3044 1784 3140 1857 μὴ.
3171 1786 3240 1840 τά
3276 1785 3568 1857 τραύματα
3607 1784 3783 1855 θερα-

2187 1872 2509 1941 πεύσαντες,
2547 1874 2640 1927 τὸν
2673 1874 2951 1945 κάμνοντα
2981 1874 3365 1944 ἀπενέγκωσι;
3407 1874 3507 1927 Διὰ
3531 1874 3595 1945 δὴ
3617 1874 3787 1928 τοῦτο

2185 1962 2214 2014 6
2242 1959 2373 2025 Θεὸς
2397 1959 2520 2015 οὔτε
2556 1962 2762 2026 πάντας
2778 1960 2914 2033 ὁμοῦ
2952 1962 3192 2027 κολάζει,
3226 1961 3351 2016 οὔτε
3398 1962 3607 2026 πάντας
3654 1964 3787 2014 κατ’

2186 2048 2366 2113 ἀξίαν,
2395 2049 2512 2103 ἀλλ’
2555 2049 2759 2122 ἠρέμα,
2802 2052 2897 2104 καὶ
2940 2050 3196 2114 ἐνδιδούς·
3231 2051 3325 2105 καὶ
3371 2050 3634 2113 πολλάκις
3677 2049 3787 2102 ἕνα.

2183 2136 2616 2208 τιμωρούμενος,
2651 2137 2720 2192 δι’
2734 2137 2943 2191 ἐκείνου
2973 2137 3200 2201 πολλοὺς
3228 2135 3789 2209 ὲσωφρόνισε.Τοῦτο

2185 2226 2280 2279 καὶ
2308 2226 2401 2279 ἐπὶ
2428 2224 2524 2279 τοῦ
2569 2224 2823 2297 σώματος
2845 2225 3057 2296 γίνεται
3090 2225 3368 2289 πολλάκιςο
3398 2225 3522 2290 ἐνὸς
3561 2224 3787 2295 ὲκκοπὴ

2189 2313 2385 2384 μέλους
2436 2313 2642 2383 ἑτέροις
2687 2313 2926 2369 πλείοσιν
2968 2314 3158 2384 ὑγείαν
3207 2314 3496 2385 παρέσχεν,
3542 2313 3687 2384 Ὅρα
3717 2313 3785 2366 δὲ

2183 2399 2280 2455 τοῦ
2308 2402 2519 2456 δικαίου
2536 2402 2635 2475 τὴν
2660 2402 3015 2476 φιλόστοργον
3038 2402 3237 2475 ψυχὴν,
3260 2402 3379 2466 πῶς
3408 2400 3686 2472 πανταχοῦ
3713 2402 3786 2455 τὸ

2185 2492 2339 2561 κοινῇ
2372 2490 2652 2562 συμφέρον
2685 2491 2859 2563 ζητεῖ,
2887 2492 2982 2545 καὶ⁵
3007 2492 3107 2561 τῆς
3120 2490 3320 2555 κακίας
3341 2489 3440 2561 τὴν
3469 2490 3782 2560 ἀναίρεσιν,

2183 2579 2283 2649 οὑχ
2304 2579 2389 2632 ἵνα
2414 2579 2577 2643 αὑτὸς
2604 2578 2758 2649 δίκην
2783 2577 2925 2652 λάϐῃ
2952 2578 3105 2651 παρά
3129 2578 3238 2632 τῶν
3271 2577 3480 2650 ἐχθρῶν
3497 2618 3512 2638 ,
3542 2576 3656 2631 ἀλλ’
3685 2578 3784 2632 ἵνα

2184 2666 2235 2718 οἰ
2276 2664 2461 2737 ἐχθροὶ
2503 2667 2819 2720 παύσωνται
2862 2666 2963 2737 τῆς
3023 2667 3311 2738 πονηρίας.
3372 2665 3545 2719 Τοῦτο
3592 2664 3783 2719 τοίνυν

2185 2752 2462 2823 πανταχοῦ
2495 2753 2808 2823 σκοπῶμεν,
2838 2753 2987 2817 ὅπως
3022 2754 3183 2825 σταίη
3206 2753 3276 2807 τὰ
3301 2753 3401 2824 τῆς
3428 2753 3643 2816 κακίας,
3678 2754 3784 2807 καὶ

2186 2838 2475 2912 θρηνῶμεν
2503 2842 2629 2905 τοὺς
2658 2842 2717 2893 ὲν
2752 2839 2925 2914 ταύτῃ
2944 2841 3127 2907 ὄντας,
3162 2841 3269 2896 κᾶν
3304 2841 3509 2913 σηρικά
3540 2835 3645 2895 ὧσι
3672 2858 3805 2893 πει--

2187 2932 2484 3003 ρικείμενοι
2519 2929 2730 2999 ἱμάτια·
2760 2928 2857 2983 καὶ
2900 2929 3297 3002 μακαρίζωμεν
3329 2932 3457 2994 τοὺς
3487 2931 3547 2985 ὲν
3578 2931 3779 3002 ἀρετῇ.
3882 2996 3891 3003 ,

2189 3019 2296 3073 κᾶν
2327 3019 2489 3088 πενίᾳ
2541 3018 2746 3089 ἐσχάτῃ
2796 3018 3124 3083 παλαίωσιν,
3167 3017 3276 3072 ἀπὸ
3322 3016 3433 3071 τῶν
3466 3017 3665 3084 ἔξωθεν
3693 3023 3783 3084 είς

2182 3107 2282 3178 τὴν
2310 3105 2548 3160 διάνοιαν
2585 3107 2861 3177 ἑκατέρων
2901 3106 3183 3170 εἰσιόντες.
3217 3107 3351 3160 Τότε
3386 3104 3495 3178 γάρ
3530 3105 3783 3176 ὀψόμεθα

2184 3193 2279 3248 τοῦ
2304 3195 2401 3267 μὲν
2442 3194 2531 3247 τὸν
2575 3194 2825 3259 πλοῦτον,
2844 3193 2939 3247 τοῦ
2967 3194 3024 3248 δὲ
3059 3194 3158 3266 τὴν
3206 3192 3418 3248 πενίαν.
3448 3193 3515 3246 Τί
3548 3194 3680 3264 γὰρ,
3723 3194 3781 3247 εί

2183 3280 2443 3353 λαμπράν
2475 3281 2666 3353 στολὴν
2700 3281 2900 3348 ἔξωθεν
2934 3281 3362 3354 περιϐέϐληται;
3389 3280 3445 3334 τί
3465 3280 3572 3333 τῶν
3600 3281 3779 3352 ὲργα-

2187 3370 2424 3441 στηρίων
2466 3358 2761 3442 διενήνοχε,
2812 3371 2906 3425 καὶ
2954 3370 3064 3424 τῶν
3098 3369 3271 3437 ξύλων
3305 3369 3415 3424 τῶν
3469 3369 3779 3439 ἀνεχόντων

2183 3447 2392 3527 αὑτά⁸ξ
2423 3460 2475 3515 τί
2502 3460 2612 3515 τῶν
2642 3459 3030 3532 λαμϐανόντων
3060 3459 3200 3513 αὑτά
3251 3457 3451 3514 πωλεῖν
3480 3452 3634 3523 οὗτος
3683 3458 3781 3510 εὑ-

2185 3546 2527 3618 πορὼτερος;
2574 3546 2713 3601 Ἀλλ’
2754 3548 2854 3619 οὑχ
2897 3549 2926 3601 6
2964 3547 3060 3601 τοῦ
3112 3546 3321 3601 δικαίου
3374 3544 3604 3611 πλοῦτος
3652 3534 3777 3619 [65]

2184 3633 2445 3699 τοιοῦτος,
2477 3634 2612 3688 ἀλλά
2644 3636 2871 3706 μόνιμος
2894 3637 2989 3688 καὶ
3012 3637 3300 3704 πεπηγώς.
3345 3636 3408 3689 Εἰ
3435 3634 3493 3689 δὲ
3525 3635 3627 3687 οὑκ
3681 3635 3776 3688 αἰ·-

2187 3722 2472 3778 σθάνονται
2499 3724 2549 3777 οί
2582 3723 2935 3788 πλουτοῦντες
2966 3725 3025 3777 ὲν
3060 3723 3221 3795 πενίᾳ
3247 3723 3419 3789 ὅντες,
3459 3722 3614 3776 οὐδὲν
3643 3720 3777 3775 θαυ-

2188 3812 2412 3884 μαστόν.
2442 3812 2578 3865 Οὑδὲ
2611 3813 2659 3865 οί
2696 3811 2962 3883 φρενίτιδι
3012 3812 3367 3883 κατεχόμενοι
3397 3812 3649 3882 αἴσθησιν
3670 3812 3777 3882 τῆς

2183 3900 2342 3955 νόσου
2372 3899 2476 3970 λαμ
2488 3899 2732 3965 ϐάνουσι,
2757 3906 2853 3953 καὶ
2881 3898 2969 3953 διά
2998 3898 3159 3953 τοῦτο
3184 3899 3419 3970 μάλιστά
3451 3903 3588 3954 εἰσιν
3614 3899 3778 3952 ἐλεειε-

2184 3988 2289 4053 νοὶ,
2322 3988 2384 4042 ού
2438 3987 2793 4059 μακαρισταί.
2825 3988 2889 4040 El
2923 3987 3032 4059 γάρ
3065 3987 3313 4059 ᾔσθοντο,
3364 3987 3467 4042 κᾶν
3512 3987 3651 4059 πρὸς
3679 3987 3786 4041 τὸν

2187 4075 2373 4146 ἰατρὸν
2394 4075 2634 4148 ἔτρεχον·
2662 4073 2757 4128 νῦν
2781 4074 2839 4128 δὲ
2871 4078 2972 4147 τῆς
3009 4075 3207 4139 κακίας
3236 4075 3394 4128 τοῦτο
3429 4075 3492 4128 τὸ
3521 4076 3772 4145 χαλεπώι-

2184 4159 2478 4228 τατον,’ὅτι
2503 4165 2562 4218 ὲν
2598 4163 2733 4236 αὐτῇ
2768 4162 2939 4229 ὄντες,
2971 4162 3079 4216 οὐδ’
3105 4163 3187 4217 ὅτι
3225 4163 3362 4217 εἰσὶν
3390 4165 3448 4219 έν
3478 4164 3615 4233 αὐτῇ
3651 4181 3778 4217 συν-

2185 4252 2373 4326 ορῶσι.
2402 4250 2491 4324 Μὴ
2522 4251 2764 4323 δήτοῦτο
2795 4251 2932 4323 ῑδῃς,
2963 4251 3045 4305 6::
3073 4251 3253 4324 χαίρει
3281 4251 3527 4306 πλουτῶν
3551 4253 3580 4305 6
3608 4251 3777 4304 πλού‹

2188 4358 2325 4407 σιος’
2352 4341 2489 4397 ἀλλά
2543 4342 2611 4395 δι’
2659 4341 2790 4396 αὐτὸ
2818 4340 2977 4395 τοῦτο
3010 4341 3245 4413 μάλιστα
3278 4341 3441 4395 αὑτὸν
3477 4341 3775 4412 δάκρυσον,

2187 4431 2268 4485 ὅτι
2316 4430 2439 4485 οὑδὲ
2466 4428 2804 4491 αἰσθάνεται,
2856 4430 2914 4483 ὲν
2946 4430 3056 4502 ὅσῳ
3105 4431 3283 4483 κεῖται
3330 4427 3507 4499 κακῷ.
3539 4430 3615 4482 Οὐ
3662 4431 3777 4500 γάρ

2187 4518 2528 4589 ἀνθρώπινον
2558 4518 2620 4572 τό
2643 4519 2739 4572 ἐπὶ
2764 4517 2974 4583 τούτοις
3013 4517 3367 4587 ἀγάλλεσθαι,
3396 4517 3514 4572 ἀλλ’
3548 4517 3780 4587 ἀλογίας

2188 4608 2445 4679 ἐσχάτης.
2474 4606 2588 4661 Καὶ
2628 4605 3014 4672 κατευθυνεὶξ·
3037 4604 3293 4661 δίκαιον.
3330 4605 3396 4658 Τί
3430 4608 3548 4659 ἐστι
3577 4604 3776 4672 τοῦτο;

2189 4697 2314 4750 Τῶν
2335 4697 2447 4770 γάρ
2472 4696 2727 4769 πονηρῶν
2762 4695 3155 4760 κολασθέντων,
3191 4696 3347 4767 φησὶ,
3395 4694 3777 4767 προσεκτικω-

2188 4804 2338 4861 τεροι
2374 4787 2424 4840 οἰ
2476 4785 2677 4840 δίκαιοι
2726 4783 2987 4854 γίνονται.
3035 4784 3199 4839 Ὥστε
3251 4783 3346 4838 δύο
3404 4781 3659 4837 ἐντεῦθεν
3702 4783 3777 4835 τὰ

2189 4873 2393 4944 ἀγαθά*
2433 4872 2631 4928 ἐκεῖνοί
2657 4889 2718 4926 τε
2751 4871 2860 4943 γὰρ
2881 4874 2982 4943 τῆς
3006 4871 3273 4943 πονηρίας
3297 4871 3648 4942 ἀφίστανται,
3677 4871 3779 4922 καὶ

2190 4958 2336 5018 οὑτοι
2364 4964 2431 5034 τῇ
2464 4962 2632 5034 ἀρετῇ
2685 4960 2886 5032 μᾶλλον
2923 4959 3342 5033 προσέρχονται.
3394 4960 3608 5027 Ὥσπερ
3663 4957 3779 5027 γάρ

2192 5050 2454 5120 ὑγιαίνων
2477 5049 2764 5121 ἄνθρωπος
2794 5046 2917 5101 ἰδών
2949 5064 3071 5101 τινα
3102 5047 3418 5120 καιόμενον,
3447 5046 3482 5118 ἦ
3506 5045 3780 5117 τεμνόμε-

2190 5155 2303 5201 νον,
2336 5133 2840 5208 προσεκτικώτερος
2863 5135 2993 5207 περὶ
3021 5134 3122 5205 τὴν
3150 5135 3338 5204 ὑγείαν
3360 5134 3594 5203 γίνεται*
3629 5132 3780 5187 οὑτω

2190 5225 2256 5297 δὴ
2289 5228 2384 5279 καὶ
2402 5222 2657 5278 ἐνταῦθα.
2685 5223 2796 5276 Καὶ
2815 5221 2926 5293 γὰρ
2951 5221 3139 5275 πολλοὶ
3165 5221 3276 5276 τῶν
3304 5221 3427 5275 τότε
3455 5220 3777 5277 ἐσκανδαλί-

2193 5314 2370 5380 ζοντο,
2400 5312 2496 5365 καὶ
2526 5311 2635 5365 τῶν
2663 5309 2964 5363 δοκούντων
2989 5309 3201 5373 ἑαυτοῖς
3233 5309 3545 5382 προσέχειν,
3575 5310 3669 5364 ἐπὶ
3704 5314 3777 5384 τῇ

2190 5401 2301 5456 τῶν
2335 5399 2588 5470 πονηρῶν
2616 5397 2887 5470 εὐημερίᾳ
2921 5396 3272 5467 ἀτελέστερον
3313 5397 3393 5451 ἔτι
3420 5398 3776 5470 διακείμενοι.

2193 5490 2285 5544 Διὸ
2318 5489 2412 5544 καὶ
2436 5482 2592 5551 06:0;
2635 5485 2868 5557 ἀλλαχοῦ
2892 5484 3066 5554 ἔλεγε·
3114 5484 3257 5554 Παρ’
3284 5486 3494 5556 ὀλίγον
3519 5486 3783 5557 ἐξεχύθη

2262 5669 2285 5697 ⁸
2308 5664 2408 5720 Alii
2446 5666 2539 5714 τῶν
2562 5664 2709 5721 ξύλων
2733 5664 2827 5713 τῶν
2850 5662 3183 5727 περικειμένων
3205 5661 3342 5711 αὑτά.
