4106 6462
324 309 366 374 93
1501 322 1862 380 EXl'OSl'l'lO
1903 321 1967 377 IN
2006 321 2330 380 PS.\LMUlll
2376 327 2480 381 \‘ll.
3573 337 3645 392 94

327 428 486 494 mdis.
532 438 597 486 te
643 435 904 507 erigant
941 450 1007 496 et
1041 449 1281 496 recreeut
1308 439 1394 509 qui
1426 447 1736 509 torquentur
1763 455 1826 492 ac
1856 453 1952 506 pu—

331 523 529 578 niuntur.
559 521 702 579 Non
740 530 1036 586 audivisti
1057 531 1322 584 Christum
1352 529 1614 584 dicentem
1641 521 1742 582 :7n
1770 529 1956 582 mundo

327 616 625 686 aﬂirtiouem
651 617 942 676 habebitis
976 623 1154 692 (Joan.
1185 622 1271 676 16.
1300 620 1427 693 53)?
1453 621 1589 687 Quid
1619 637 1745 689 ergo
1763 621 1956 689 quatris

331 709 544 778 quietem
594 725 738 764 cum
795 713 899 768 ille
951 715 1067 770 haec
1111 713 1340 768 dixerit?
1386 713 1499 767 Non
1540 713 1784 766 audivisti
1835 729 1955 765 eum

324 801 583 855 dicentem
615 818 636 855 :
676 801 941 858 Mundus
966 805 1242 876 gaudebit;
1281 821 1366 858 vos
1405 813 1570 857 autem
1598 804 1799 857 tristitia
1845 804 1957 873 ιιθὶ-

327 893 517 946 tiemini
570 891 762 966 (Ibid.
815 913 869 950 υ.
902 896 1038 968 20)?
1083 897 1311 951 Proinde
1351 905 1774 951 consentaneum
1816 906 1958 949 esset

319 983 519 1040 oﬂ'endi
549 986 1012 1056 insipientiores,
1045 989 1086 1042 si
1115 988 1180 1042 iis
1212 1004 1330 1058 qua:
1356 988 1488 1043 dixit
1515 989 1792 1043 evenirent
1830 1004 1957 1042 con-

326 1083 487 1136 traria
523 1099 539 1138 :
569 1083 661 1138 sin
695 1092 894 1139 autem
919 1086 1095 1140 omnia
1125 1087 1376 1140 eveniunt
1417 1103 1482 1142 ex
1531 1089 1908 1158 consequentia
1938 1129 1954 1155 ,

323 1190 428 1228 cur
452 1191 589 1245 ergo
614 1175 973 1231 offenderis?
1004 1177 1066 1231 Et
1091 1192 1207 1239 cur,
1227 1177 1413 1247 inquit,
1433 1178 1574 1233 Deus
1597 1179 1665 1232 ita
1685 1179 1955 1233 decrevit?

326 1265 414 1320 Ne
451 1267 723 1336 inquire,
770 1284 876 1324 nec
916 1269 988 1322 sis
1035 1270 1250 1323 nimium
1295 1271 1554 1326 curiosus.
1611 1270 1790 1340 Neque
1816 1275 1952 1325 enim

324 1357 458 1410 dicit
482 1360 808 1428 ﬁgmentum
838 1359 995 1430 ﬁgulo
1012 1360 1183 1431 (Rom.
1210 1361 1260 1416 9.
1285 1361 1376 1434 20)
1398 1379 1409 1414 :
1437 1361 1539 1417 Cur
1563 1379 1640 1416 me
1663 1364 1734 1416 sic
1754 1364 1956 1433 fecisti?

333 1448 644 1518 Propterea
696 1450 866 1504 etiam
900 1450 1150 1520 propheta
1182 1451 1492 1522 increpabat
1532 1452 1780 1520 Judazos,
1813 1454 1953 1523 quod

333 1554 469 1594 cum
495 1540 992 1596 innumerabilibus
1035 1552 1214 1597 essent
1257 1543 1409 1596 malis
1447 1543 1667 1609 referti,
1717 1544 1807 1598 Dei
1845 1545 1956 1597 vias

333 1629 509 1682 nimis
538 1631 770 1685 curiose
801 1639 1181 1696 scrutarentur,
1217 1632 1398 1686 dicens
1439 1651 1451 1686 :
1509 1634 1654 1688 Scire
1692 1635 1796 1688 vias
1820 1651 1955 1688 mens

336 1720 652 1773 desiderant
679 1761 698 1784 ,
751 1729 1008 1790 tamquam
1049 1724 1264 1793 pepulus
1291 1725 1377 1792 qui
1427 1724 1541 1794 fecit
1573 1725 1854 1795 justitiam,
1907 1735 1954 1779 et

333 1813 608 1882 judicium
652 1813 757 1867 Dei
795 1815 875 1868 sui
905 1831 1003 1868 non
1045 1816 1245 1887 reliquit
1277 1815 1425 1887 limi.
1457 1818 1545 1872 58.
1573 1820 1640 1888 2)
1677 1834 1690 1870 :
1739 1819 1956 1888 perinde

341 1902 647 1964 facientes,
675 1918 742 1958 ac
769 1904 817 1959 si
849 1905 968 1974 quis
991 1920 1176 1960 servus
1201 1908 1287 1976 qui
1317 1907 1658 1973 offendisset,
1701 1920 1753 1962 et
1797 1910 1952 1962 inuti-

340 1995 702 2048 merabilium
749 2005 1038 2049 cssetreus
1066 1998 1344 2051 criminum
1371 2039 1386 2064 ,
1427 1999 1678 2053 orttittens
1723 2001 1953 2054 studium

341 2083 619 2139 adhibere
636 2096 698 2140 ut
726 2086 944 2141 sedetur
967 2087 1042 2142 ira
1063 2088 1286 2154 domini,
1301 2091 1476 2160 exigat
1496 2092 1563 2145 ab
1582 2107 1648 2147 eo
1672 2103 1952 2160 rationem,

340 2194 457 2229 cur
491 2177 570 2231 sic
598 2177 813 2233 fecerit.
859 2178 936 2235 Ne
962 2180 1078 2234 hinc
1112 2181 1289 2251 itaque
1319 2182 1554 2251 inquiras
1576 2224 1590 2246 ,
1641 2199 1740 2237 nec
1777 2199 1954 2239 cessrs

344 2267 508 2330 ﬂere,
536 2277 592 2321 et
623 2267 832 2334 lugere,
859 2280 913 2324 et
940 2279 1022 2323 tua
1052 2281 1263 2340 peccata
1290 2273 1526 2327 abluere.
1556 2273 1680 2328 Hice
1701 2274 1820 2329 dico
1850 2291 1952 2328 non

351 2360 500 2426 quod
532 2376 642 2413 non
678 2361 880 2428 passim
912 2363 1170 2417 rationem
1202 2364 1402 2432 dicere,
1455 2366 1549 2420 sed
1601 2367 1785 2421 volens
1814 2378 1864 2421 te
1889 2368 1956 2420 ab

360 2449 466 2504 hac
491 2451 657 2504 nimis
685 2452 894 2506 curiosa
922 2453 1325 2523 investigatione
1347 2455 1412 2508 ad
1434 2455 1620 2510 salutis
1653 2465 1752 2510 tua:
1773 2472 1953 2510 curam

361 2542 668 2596 traducere.
712 2541 820 2596 Cur
842 2558 970 2613 ergo
1001 2545 1076 2598 sic
1113 2544 1310 2614 jussit?
1343 2545 1583 2600 llumano
1618 2547 1797 2616 generi
1829 2562 1952 2616 par-

363 2650 513 2687 cens.
571 2633 836 2689 Laborem
863 2637 1004 2688 enim
1035 2637 1119 2688 hic
1139 2676 1152 2699 ,
1183 2636 1270 2690 ubi
1301 2635 1474 2690 brevis
1501 2647 1583 2692 est
1614 2637 1718 2690 vita
1747 2679 1761 2703 ,
1807 2638 1957 2690 attri-

361 2723 496 2786 buit,
520 2740 756 2779 coronas
783 2733 958 2780 autem
987 2726 1038 2779 in
1066 2725 1300 2780 futurum
1328 2728 1624 2782 reservavit
1647 2768 1661 2792 ,
1709 2728 1794 2781 ubi
1822 2726 1956 2780 senii

365 2830 569 2882 expers
617 2824 700 2869 est
749 2831 918 2870 tevum
944 2857 960 2882 ,
1002 2825 1057 2871 et
1097 2834 1381 2888 numquam
1424 2818 1732 2873 linieudum.
1780 2820 1840 2873 Et
1873 2819 1956 2873 hic

362 2904 578 2973 quidem
610 2904 764 2958 labor
802 2905 1050 2961 celeriter
1088 2907 1310 2962 solvitur
1335 2916 1389 2963 et
1437 2909 1744 2978 preter-[luit
1793 2926 1808 2965 :
1859 2909 1945 2965 illa

363 3009 544 3050 autent
592 3007 813 3054 manent
866 2999 1219 3066 immortalia,
1269 3013 1323 3056 et
1359 3019 1644 3072 numquam
1698 3005 1953 3060 desitura.

366 3090 582 3161 Alioqui
609 3103 787 3146 autem
817 3103 1035 3148 exercet
1064 3095 1223 3148 etiam
1255 3097 1457 3149 animas
1480 3097 1545 3150 ad
1587 3113 1820 3152 amorem
1853 3100 1960 3153 vir-

369 3184 517 3237 tutis.
547 3183 770 3249 Quando
797 3186 940 3239 enim
971 3187 1056 3242 vel
1087 3203 1208 3241 cum
1249 3187 1520 3244 laboribus
1567 3191 1731 3259 ipsam
1775 3193 1954 3261 eligit,

371 3274 606 3327 nondum
651 3277 921 3344 [mentium
971 3278 1283 3348 accipiens,
1336 3280 1621 3334 meditatur
1664 3297 1787 3350 erga
1840 3298 1957 3338 eam

371 3367 767 3422 accuratissime
793 3368 932 3424 afﬁci
966 3386 980 3423 :
1009 3370 1222 3438 quando
1259 3381 1434 3425 autem
1463 3373 1621 3426 etiam
1655 3388 1773 3427 cum
1803 3375 1955 3427 Volu-

379 3468 524 3526 ptate
552 3459 682 3528 fugit
703 3460 884 3514 vitium
911 3502 926 3524 ,
974 3463 1285 3532 supplicium
1317 3465 1552 3520 uetulum
1595 3479 1807 3535 experta
1835 3510 1848 3532 ,
1892 3469 1957 3522 ad

379 3552 553 3618 ipsum
571 3551 692 3604 odio
710 3551 1006 3606 habendum
1031 3563 1084 3608 et
1105 3555 1453 3611 aversandum
1483 3568 1777 3612 exercetur.
1810 3559 1960 3616 [inde

379 3646 469 3697 lict
511 3653 568 3696 nt
611 3659 674 3697 ex
721 3643 822 3699 hoc
849 3646 1073 3715 accipiat
1101 3647 1338 3702 habitum
1366 3657 1418 3703 et
1443 3649 1546 3704 odii
1578 3649 1830 3706 adversus
1858 3652 1961 3704 itu-

378 3735 693 3803 probitatem
719 3776 734 3802 ,
784 3746 839 3792 et
879 3739 1076 3793 amoris
1123 3739 1177 3794 iu
1219 3741 1490 3796 virtutem.
1524 3742 1621 3797 Est
1648 3745 1806 3798 etiam
1857 3745 1958 3799 alia

378 3827 534 3880 ratio.
563 3827 812 3894 Qua-nam
839 3837 1014 3884 autem
1035 3845 1095 3885 ea
1118 3831 1236 3886 est?
1255 3831 1484 3887 Afllicuo
1502 3848 1597 3888 uos
1618 3834 1702 3888 vel
1728 3835 1958 3890 maxime

378 3917 599 3981 excitat,
626 3919 923 3984 confirmat,
957 3929 1010 3974 et
1037 3923 1281 3976 fortiores
1322 3924 1495 3978 reddit
1523 3925 1587 3978 ad
1610 3925 1841 3979 studium
1871 3941 1963 3980 sa-

381 4009 615 4078 pientize.
668 4011 874 4065 Etcum
899 4013 995 4067 hac
1019 4014 1177 4067 etiam
1203 4015 1325 4069 alia.
1372 4015 1624 4082 Quaenam
1654 4025 1830 4071 autem
1862 4019 1960 4072 ea?

383 4103 509 4156 Vult
539 4117 636 4156 nos
663 4103 853 4158 docere
885 4106 1164 4172 pra-sentin
1195 4106 1500 4176 despicere,
1527 4117 1706 4163 etnon
1738 4110 1817 4164 eis
1840 4125 1961 4166 esse

381 4194 571 4248 afﬁxus
595 4195 930 4265 etalligatos.
959 4197 1242 4267 Propterea
1273 4199 1614 4256 amictionem
1647 4203 1886 4258 attribuit
1907 4212 1962 4258 et

383 4284 621 4338 laborem
649 4303 663 4338 :
694 4302 810 4350 qu:e
838 4299 1012 4342 autem
1044 4289 1179 4344 bona
1207 4300 1332 4345 sunt
1359 4293 1656 4361 etjucuuda
1678 4336 1692 4359 ,
1725 4307 1782 4350 ut
1806 4295 1960 4351 facile

381 4375 717 4427 solverentur
740 4374 933 4429 effecit.
967 4375 1352 4433 Consumittetur
1375 4384 1597 4452 nequitia
1619 4394 1962 4452 peccatorum,

380 4470 428 4514 et
477 4465 666 4536 dirige:
707 4469 918 4534 justum.
967 4471 1103 4537 Quid
1153 4481 1236 4527 est
1263 4514 1278 4538 ,
1330 4473 1749 4532 Consummelur?
1792 4477 1961 4543 lufer,

383 4554 583 4624 inquit,
608 4558 939 4626 supplicium,
972 4571 1026 4615 et
1045 4564 1302 4632 reprimes
1332 4564 1449 4618 illos
1473 4580 1500 4617 a
1525 4566 1672 4620 vitio.
1703 4567 1970 4634 Quemad-

383 4647 606 4701 modum
644 4650 783 4703 euim
815 4651 991 4706 ulcera
1037 4654 1242 4722 putrida
1273 4655 1468 4710 cedunt
1512 4658 1706 4711 amaris
1735 4659 1969 4713 medica-

383 4740 583 4791 mentis
603 4780 619 4802 ,
658 4741 846 4796 ustioni
885 4753 940 4798 et
966 4746 1326 4802 sectionibus:
1360 4748 1429 4802 ita
1455 4749 1616 4804 etiam
1647 4767 1741 4820 per
1769 4753 1970 4821 suppli-

382 4830 529 4882 cium
555 4841 766 4885 arcetur
790 4832 1122 4901 improbitas.

457 4919 513 4974 9.
560 4919 790 4991 Lugendi
819 4925 906 4991 qui
945 4935 1055 4994 post
1096 4939 1354 4997 peccatum
1397 4931 1478 4985 Itic
1518 4948 1620 4986 non
1669 4934 1964 5003 puniuntur.

386 5009 493 5062 Cur
518 5021 797 5078 peccatores
817 5030 916 5067 non
937 5014 1060 5069 dant
1085 5018 1166 5070 hic
1194 5035 1366 5088 patrias
1399 5031 1736 5090 peccatorum.
1755 5024 1968 5079 —Cum

389 5099 505 5152 ha-c
524 5115 650 5165 ergo
679 5101 1068 5173 intelligamus,
1115 5124 1218 5160 non
1258 5119 1472 5178 oportet
1514 5127 1606 5166 eos
1650 5113 1849 5169 deﬂere
1873 5115 1962 5183 qui

388 5189 684 5256 puniuntur
711 5202 763 5247 et
791 5196 1052 5264 supplicio
1075 5199 1393 5266 afﬁciuntur,
1417 5202 1508 5256 sed
1523 5217 1615 5258 eos
1631 5204 1719 5273 qtti
1739 5221 1968 5274 peccan-

387 5289 476 5332 tes
503 5280 670 5335 nullas
690 5285 908 5338 omnino
938 5301 1121 5353 pceuas
1151 5290 1321 5344 luunt.
1350 5291 1582 5346 Primum
1604 5295 1744 5348 enim
1773 5297 1968 5349 malum

385 5377 493 5431 est,
522 5385 741 5438 peccare
769 5390 783 5426 :
817 5376 1106 5430 secundum
1138 5389 1313 5433 autem
1341 5421 1355 5443 ,
1395 5382 1436 5434 si
1465 5385 1804 5450 peccantibus
1830 5386 1972 5440 nulla

389 5461 704 5518 adhibeatur
728 5467 1010 5522 medicina.
1038 5469 1148 5524 Imo
1168 5472 1250 5526 vel
1279 5473 1377 5527 hoc
1402 5475 1624 5542 primum
1638 5478 1758 5546 jure
1783 5480 1975 5533 dixerit

387 5554 667 5622 quispiam,
691 5566 746 5612 et
773 5559 928 5628 longe
949 5564 1179 5629 gravius.
1201 5565 1658 5630 Quemadmodum
1687 5571 1830 5623 enim
1862 5587 1966 5624 non

391 5661 551 5713 grave
578 5658 659 5703 est
687 5661 968 5718 :cgrotnre,
1001 5654 1091 5708 scd
1124 5672 1242 5709 eum
1271 5660 1358 5726 qui
1390 5669 1610 5726 a'grotat
1635 5677 1737 5714 non
1763 5663 1970 5728 curari;

393 5750 491 5792 nec
519 5753 638 5794 cum
685 5741 772 5812 qui
803 5741 982 5798 ulcere
1027 5747 1234 5814 putt-ide
1279 5747 1482 5802 laborat
1513 5750 1842 5822 simpliciter,
1876 5752 1970 5809 de-

2069 437 2278 504 ﬂemus,
2307 441 2398 494 sed
2420 442 2507 511 qui
2547 443 2748 497 laborat
2777 445 2988 514 quidem
3011 485 3026 511 ,
3056 455 3110 501 et
3142 447 3285 517 jacet
3324 449 3600 519 neglectint
3626 493 3641 516 ,

2064 543 2162 582 nec
2211 529 2369 584 habet
2414 533 2676 586 medicum
2726 536 2813 604 qui
2845 538 2892 591 ei
2941 552 3129 591 manus
3172 538 3421 593 adhibeat
3463 561 3476 594 :
3523 559 3643 595 cum

2062 629 2237 674 autem
2271 622 2355 690 qui
2385 623 2642 677 scinditur
2671 634 2724 679 et
2753 627 2944 692 uritur,
2966 627 3257 682 dixerimus
3284 629 3383 682 iter
3406 631 3471 683 ad
3495 633 3642 684 sani-

2064 719 2222 764 tatem
2253 713 2475 782 ingredi,
2507 732 2608 768 non
2633 717 2948 784 aspicientes
2978 719 3215 774 dolorem
3235 721 3322 790 qui
3353 737 3420 775 ex
3454 723 3645 776 sectiu-

2061 815 2148 864 ne,
2182 802 2275 863 sed
2298 804 2598 870 sanitatem,
2633 822 2750 876 qua:
2781 823 2846 862 ex
2877 826 2936 864 ea
2965 812 3134 864 oritur
3162 829 3175 864 :
3207 812 3275 865 ita
3303 814 3461 866 etiam
3487 829 3642 884 opor-

2064 904 2132 948 tet
2157 910 2252 948 uos
2275 895 2325 949 in
2353 897 2526 951 anima
2557 899 2693 953 allici
2721 941 2736 965 ,
2771 900 2952 971 lugere
2978 903 3188 972 quidem
3229 914 3281 958 et
3325 905 3454 960 ﬂere
3479 946 3494 970 ,
3535 921 3640 959 non

2061 994 2153 1039 eos
2183 986 2268 1048 qui
2295 989 2578 1055 puniuntur
2608 991 2912 1060 (trahuntur
2928 993 3066 1046 enim
3095 993 3159 1046 ad
3190 995 3516 1066 sanitatem),
3545 995 3638 1049 sed

2060 1090 2152 1129 eos
2181 1078 2268 1146 qtti
2295 1094 2413 1131 cum
2448 1090 2683 1147 peccant,
2715 1098 2819 1136 non
2847 1082 2975 1137 dant
3004 1100 3208 1153 pteuas.
3249 1087 3312 1140 Et
3352 1089 3394 1140 si
3430 1104 3599 1156 ptena:
3619 1130 3635 1153 ,

2060 1167 2289 1236 inquies.
2325 1182 2537 1239 peccata
2563 1173 2876 1241 prohibent,
2904 1191 3000 1229 cur
3043 1193 3148 1230 non
3177 1179 3411 1247 quotidie
3452 1180 3639 1235 damus

2060 1273 2244 1327 punias
2282 1264 2658 1328 peccatorum?
2698 1266 2956 1330 Quoniam
2995 1267 3040 1320 si
3084 1268 3186 1322 hoc
3225 1268 3418 1323 laetum
3464 1284 3635 1334 c5set,

2060 1361 2376 1418 pra-replum
2405 1352 2590 1408 luiSset
2612 1355 2897 1409 humanum
2920 1373 3106 1426 genus,
3136 1370 3188 1413 et
3209 1361 3472 1414 sublatum
3498 1373 3639 1416 esset

2061 1447 2268 1508 tempus
2296 1444 2640 1511 poenitentiae.
2690 1446 2743 1500 ld
2776 1449 3052 1502 considera
3086 1451 3134 1502 in
3179 1450 3362 1505 Paulo.
3407 1453 3459 1505 Si
3495 1454 3637 1507 enim

2059 1529 2148 1584 ille
2177 1531 2408 1588 dedisset
2441 1539 2868 1606 persequutionis
2920 1555 3124 1608 pteuas,
3172 1550 3226 1594 et
3252 1541 3437 1596 fuisset
3462 1544 3637 1596 subla-

2059 1628 2162 1686 tus,
2192 1625 2458 1692 quomodo
2488 1627 2758 1683 habuisset
2797 1640 3004 1700 tempus
3029 1634 3215 1700 agendi
3244 1634 3636 1702 pmnitentiam,

2058 1721 2112 1767 et
2140 1727 2254 1782 post
2284 1717 2644 1784 paenitentiam
2673 1719 2899 1774 faciendi
2931 1722 3066 1776 bona
3095 1723 3392 1790 iumunera,
3419 1725 3635 1778 univer-

2059 1821 2284 1876 sumque
2315 1825 2448 1877 peue
2477 1820 2733 1864 terrarum
2756 1814 2937 1868 orbem
2958 1814 3248 1869 deducendi
3275 1815 3342 1868 ab
3363 1831 3544 1870 errore
3565 1816 3631 1870 ad

2058 1899 2376 1952 veritatem?
2426 1901 2539 1955 Non
2584 1903 2730 1956 vides
2757 1905 2915 1957 etiam
2962 1905 3229 1970 medicos,
3279 1907 3490 1974 quando
3517 1909 3644 1976 quis-

2059 1987 2239 2044 multis
2267 1999 2349 2044 est
2377 1991 2594 2046 affectus
2629 1995 2938 2048 vulneribus
2959 2037 2972 2059 ,
3005 2011 3109 2048 non
3141 2005 3336 2049 tantam
3381 1997 3636 2052 adhibere

2059 2078 2372 2133 medicinam
2393 2122 2408 2146 ,
2443 2093 2694 2150 quautam
2723 2085 2949 2150 postulat
2975 2095 3160 2138 natura
3188 2086 3503 2154 vulnerum,
3541 2087 3636 2142 sed

2057 2183 2306 2241 quantam
2328 2173 2506 2227 ferunt
2533 2176 2671 2228 vires
2692 2176 2824 2245 ejus,
2845 2177 2934 2244 qui
2962 2187 3043 2230 est
3071 2177 3360 2242 sauciatus,
3393 2194 3481 2244 ne,
3509 2178 3633 2232 dum

2057 2262 2362 2316 vulneribus
2383 2265 2679 2323 medentur.
2710 2278 2966 2334 :egrutum
2996 2266 3064 2320 dc
3095 2269 3270 2321 medio
3293 2269 3516 2322 tollant?
3561 2269 3635 2322 Ea

2056 2354 2124 2407 de
2149 2369 2305 2407 causa
2335 2356 2472 2409 Deus
2496 2373 2594 2410 nec
2614 2371 2800 2411 omnes
2819 2357 2975 2410 siu'ml
3007 2360 3173 2426 punit,
3209 2374 3304 2412 nec
3327 2375 3512 2413 otnnes
3540 2375 3636 2428 pro

2057 2447 2263 2500 meritis
2285 2489 2300 2511 ,
2344 2449 2436 2502 sed
2467 2451 2663 2505 sensim
2701 2459 2756 2504 et
2783 2450 3110 2520 aliquantum
3142 2453 3338 2506 cedens
3369 2470 3381 2504 :
3413 2461 3467 2506 et
3492 2468 3635 2519 saepe

2058 2553 2222 2592 unum
2265 2539 2487 2608 puniens
2515 2582 2530 2607 ,
2577 2541 2774 2597 multos
2816 2558 2909 2611 per
2954 2543 3102 2596 illum
3151 2544 3470 2597 emendavit.
3525 2543 3636 2596 lloe

2058 2630 2216 2684 etiam
2254 2645 2398 2700 smpe
2441 2631 2498 2686 ﬁt
2545 2633 2595 2685 in
2636 2647 2859 2702 corpore
2893 2651 2908 2690 :
2941 2635 3093 2686 unius
3125 2635 3346 2688 membri
3377 2635 3636 2689 abscissio

2061 2717 2300 2787 pluribus
2324 2721 2440 2774 aliis
2466 2721 2689 2790 prtebuit
2713 2723 3014 2776 sanitatem.
3051 2723 3179 2778 Vide
3217 2734 3393 2779 autem
3419 2723 3637 2778 caritate

2061 2810 2268 2878 plenam
2294 2812 2424 2881 justi
2451 2813 2712 2878 animam,
2754 2815 3020 2884 quomodo
3048 2817 3238 2885 ubique
3273 2817 3459 2886 qumrit
3495 2817 3634 2885 quod

2058 2911 2142 2956 est
2165 2905 2516 2958 communiter
2545 2906 2688 2969 utile,
2717 2915 2772 2959 ut
2801 2918 3074 2974 peccatum
3107 2909 3171 2961 de
3196 2909 3372 2962 medio
3399 2909 3632 2969 tollatur,

2061 3007 2165 3045 non
2214 3001 2274 3046 ut
2319 3003 2494 3047 sumat
2543 3010 2724 3064 pmuas
2762 2996 2830 3050 de
2877 2997 3141 3062 inimicis,
3188 2997 3282 3052 sed
3336 3007 3396 3052 ut
3439 2999 3636 3052 inimici

2060 3091 2271 3137 cessent
2297 3085 2364 3137 ab
2396 3085 2750 3151 improbitate.
2784 3087 2896 3142 lloc
2924 3104 3050 3157 ergo
3077 3104 3287 3156 semper
3312 3099 3633 3158 spectemus,

2061 3183 2119 3228 ut
2147 3175 2366 3230 sistatur
2393 3177 2600 3245 vitium,
2627 3187 2679 3231 et
2709 3179 2980 3248 lugeamus
3011 3198 3101 3234 eos
3128 3184 3214 3250 qtti
3247 3182 3342 3235 illo
3367 3192 3634 3248 tenentur,

2063 3267 2270 3322 etiamsi
2301 3268 2486 3323 sericis
2517 3270 2750 3326 vestibus
2775 3273 2879 3325 sint
2904 3272 3068 3326 induti
3105 3291 3116 3326 :
3151 3289 3348 3344 eosque
3377 3291 3407 3329 e
3428 3275 3639 3329 diverso

2063 3360 2246 3414 beatos
2271 3360 2570 3430 judicemus
2609 3365 2698 3432 qui
2744 3373 2868 3418 sunt
2898 3365 3090 3419 virtute
3139 3367 3340 3435 praediti
3372 3408 3388 3433 ,
3431 3369 3640 3421 etiamsi

2062 3469 2182 3506 cum
2212 3464 2447 3508 extrema
2492 3454 2667 3525 inopia
2696 3457 3044 3512 colluctentur
3067 3501 3081 3525 ,
3114 3458 3181 3512 ab
3211 3461 3561 3515 exterioribus
3588 3461 3638 3514 in

2063 3547 2432 3615 cogitationem
2480 3550 2754 3620 utriusque
2778 3551 3084 3606 subeuntes.
3125 3552 3273 3606 Tunc
3317 3555 3458 3608 enim
3490 3553 3638 3607 vide-

2064 3639 2238 3693 bimus
2268 3641 2425 3711 hujus
2454 3641 2663 3697 divitias
2685 3685 2698 3709 ,
2732 3643 2875 3698 illius
2915 3645 3166 3713 inopiam.
3207 3646 3342 3712 Quid
3387 3647 3562 3711 enim,
3596 3646 3641 3700 si

2067 3732 2342 3799 Splendida
2380 3743 2526 3787 veste
2565 3737 2894 3790 extrinsecus
2918 3746 2999 3790 est
3028 3737 3278 3791 indutus?
3303 3739 3426 3807 quid
3468 3739 3645 3793 dili'ert

2064 3824 2132 3877 ab
2157 3821 2383 3877 ofﬁcinis
2411 3834 2465 3878 et
2494 3825 2646 3894 lignis
2667 3842 2784 3894 qua:
2812 3841 2926 3879 eam
2958 3825 3176 3881 ferunt?
3224 3844 3326 3897 qua
3369 3829 3419 3882 in
3471 3844 3528 3883 re
3557 3840 3642 3884 est

2065 3914 2130 3968 iis
2156 3915 2492 3983 locupletior,
2516 3917 2604 3984 qui
2627 3933 2742 3970 eam
2770 3919 3098 3972 vendendam
3127 3920 3423 3987 accipiunt?
3444 3924 3512 3975 At
3537 3938 3643 3976 non

2066 4006 2325 4072 ejusmodi
2354 4017 2476 4061 sunt
2503 4007 2632 4076 justi
2676 4008 2892 4074 divitize,
2941 4009 3035 4064 sed
3087 4010 3254 4063 tirmze
3298 4020 3352 4065 et
3405 4011 3642 4067 stabiles.

2066 4096 2217 4162 Quod
2233 4098 2275 4152 si
2295 4114 2398 4151 non
2416 4099 2648 4153 sentiunt
2664 4100 2854 4155 divites
2868 4117 2926 4154 se
2943 4117 3062 4155 esse
3079 4101 3130 4155 in
3151 4111 3482 4172 paupertate,
3514 4103 3646 4158 nihil

2067 4188 2280 4242 mirum.
2297 4187 2407 4243 Nec
2421 4189 2454 4243 ii
2473 4190 2630 4244 etiam
2650 4190 2845 4243 malum
2863 4191 3210 4260 sentiunt,qui
3230 4193 3472 4246 laborant
3490 4194 3647 4261 phre-

2068 4279 2183 4335 nesi
2208 4297 2222 4333 :
2250 4287 2305 4335 et
2335 4291 2614 4351 propterea
2638 4292 2763 4336 sunt
2789 4283 3018 4337 maxime
3044 4284 3354 4350 miserandi,
3380 4301 3484 4339 nou
3505 4286 3645 4340 beati

2067 4369 2314 4426 ducendi.
2335 4373 2391 4427 Si
2417 4374 2556 4426 enim
2577 4374 2854 4437 sentirent,
2885 4373 2948 4427 ad
2972 4374 3233 4429 medicum
3259 4385 3600 4430 occurrerent
3629 4393 3642 4428 :

2071 4479 2210 4518 nunc
2236 4473 2412 4518 autem
2435 4466 2535 4519 hoc
2558 4473 2640 4519 est
2662 4465 2712 4518 iu
2737 4465 2862 4517 vitio
2881 4466 3270 4533 gravissimum.
3289 4466 3427 4534 quod
3459 4483 3578 4519 cum
3595 4468 3648 4520 in

2069 4571 2134 4610 eo
2153 4557 2277 4620 sint,
2299 4572 2364 4611 ne
2383 4573 2440 4610 se
2457 4556 2666 4625 quidem
2687 4557 2738 4608 in
2751 4572 2815 4609 eo
2833 4573 2949 4609 esse
2977 4558 3226 4609 sentiunt.
3260 4557 3332 4610 l\'e
3349 4557 3449 4610 hoc
3465 4573 3648 4626 respe-

2071 4647 2232 4711 xeris,
2259 4647 2397 4716 quod
2421 4661 2479 4701 se
2499 4662 2619 4700 esse
2635 4647 2848 4700 divitem
2883 4647 3090 4700 [artatur
3117 4648 3285 4714 dives,
3313 4648 3407 4702 sed
3435 4657 3651 4717 prepter

2076 4738 2179 4793 hoc
2204 4740 2373 4807 ipsum
2398 4739 2477 4792 vel
2506 4739 2736 4792 maxime
2765 4739 2921 4803 delle,
2954 4740 3095 4808 quod
3125 4756 3192 4795 ne
3215 4741 3407 4795 sentiat
3435 4741 3649 4810 quidem

2073 4831 2125 4885 in
2151 4839 2347 4900 quanto
2379 4831 2518 4884 malo
2556 4840 2814 4885 versetur.
2864 4830 2978 4885 Non
3023 4839 3109 4886 est
3135 4833 3276 4886 enim
3317 4831 3606 4886 humanum
3633 4875 3648 4898 ,

2073 4923 2167 4977 sed
2199 4938 2226 4975 a
2259 4923 2460 4975 ratione
2488 4923 2715 4975 maxime
2743 4923 2974 4978 alienum
2994 4963 3007 4984 ,
3041 4931 3324 4992 pr0pterea
3353 4924 3648 4978 exsultare.
3689 4983 3696 4988 ,

2076 5015 2142 5068 Et
2170 5016 2355 5085 dirige:
2371 5016 2590 5085 justum.
2623 5014 2758 5082 Quid
2792 5014 2894 5067 hoc
2921 5015 3040 5068 est?
3071 5015 3248 5069 Plexis
3278 5015 3420 5069 enim
3449 5015 3651 5083 impro-

2075 5106 2176 5171 bis,
2211 5107 2411 5176 inquit,
2443 5107 2572 5160 littut
2594 5107 2722 5176 justi
2745 5107 3077 5160 attentiores.
3122 5106 3350 5160 Proinde
3395 5107 3503 5161 duo
3531 5107 3653 5162 hinc

2076 5198 2213 5253 bona
2240 5200 2517 5252 oriuntur:
2553 5214 2672 5252 nam
2699 5208 2754 5254 et
2789 5199 2864 5253 illi
2895 5215 2924 5252 a
2955 5199 3080 5253 vitio
3103 5198 3396 5262 desistunt,
3420 5207 3473 5251 et
3504 5195 3555 5250 hi
3585 5197 3654 5250 ad

2079 5291 2326 5343 virtutem
2354 5290 2522 5359 magis
2546 5289 2824 5344 accedunt.
2847 5289 3302 5354 Quemadmodum
3330 5287 3471 5341 enim
3498 5288 3658 5343 homo

2077 5396 2237 5435 sanus
2263 5396 2380 5434 cum
2412 5381 2553 5434 videt
2583 5381 2882 5450 quempiam
2927 5380 3007 5432 uri
3049 5389 3138 5431 aut
3184 5378 3386 5443 secari,
3417 5379 3657 5432 redditur

2077 5473 2328 5526 attentior
2352 5473 2417 5524 ad
2445 5472 2724 5525 Sanitatem
2766 5488 2780 5525 ι
2823 5471 2894 5522 ita
2931 5469 3015 5522 hic
3043 5469 3223 5523 etiam.
3273 5469 3482 5523 Etenim
3508 5469 3658 5523 tnulti

2078 5579 2262 5617 corum
2292 5562 2377 5630 qui
2411 5571 2531 5615 tunc
2557 5569 2709 5613 erant
2732 5600 2746 5623 ,
2791 5559 3198 5615 oll'endehautur
3221 5602 3236 5627 ,
3284 5561 3442 5614 ctiam
3472 5574 3658 5613 eorum

2080 5657 2167 5726 qui
2199 5655 2512 5708 videbantur
2541 5653 2774 5722 sibiipsis
2803 5652 3078 5706 attendere
3101 5695 3114 5718 ,
3151 5663 3366 5722 propter
3395 5653 3656 5706 malorum

2084 5748 2486 5821 prosperitatcm
2516 5747 2688 5802 adhuc
2733 5745 3049 5804 imbecillius
3092 5747 3287 5803 atl'ecti.
3329 5747 3656 5816 Quapropter
