4106 6486
527 313 596 366 95
1270 300 1326 356 S.
1365 295 1640 354 JOANNIS
1674 285 2153 350 CllRYSOSTOMl
2180 284 2496 342 ARCHIEP.
2523 283 3055 342 CONSTANTINOP.

525 426 609 479 hic
633 423 792 477 etiam
833 420 958 476 alibi
987 422 1118 473 diclt
1165 415 1343 469 :Pene
1383 412 1531 479 effusi
1571 417 1687 464 sunt
1738 422 1939 480 gressus
1988 403 2108 467 mei,

522 515 761 584 quoniam
805 510 1073 566 aemulatus
1101 521 1213 559 sum
1241 512 1445 572 propter
1473 501 1669 568 iniquos
1706 497 1875 570 (Psal.
1909 497 1996 549 72.
2026 495 2112 562 2).

527 605 674 658 Alius
721 613 896 656 autem
933 612 1116 654 rursus
1152 613 1166 649 :
1205 595 1379 659 Quare
1423 593 1500 645 via
1535 592 1805 660 impiorum
1844 603 2113 656 prosperu-

525 691 784 764 tur(Jer.
833 689 918 744 12.
978 687 1086 756 1)?
1140 684 1444 752 Quinetiam
1489 681 1590 735 Job
1634 679 1798 732 multa
1843 676 2116 745 qu:erebat

526 783 809 852 ejusmodi.
835 780 940 837 Sed
972 793 1111 833 nunc
1136 777 1349 847 quidem
1397 772 1758 844 imperfectius
1796 769 1967 824 affecti
2001 769 2114 822 lucc

526 874 803 936 dicebant,
830 879 884 926 et
922 869 1036 924 hinc
1063 867 1374 938 qumrehant
1417 883 1431 920 :
1474 878 1614 918 nunc
1640 871 1817 916 autem
1862 859 2004 914 nulla
2034 869 2116 913 est

527 966 720 1035 dignus
750 963 903 1017 venia
928 1004 944 1028 ,
986 961 1077 1030 qui
1108 959 1190 1013 his
1230 957 1570 1028 perturbatur
1599 969 1613 1006 :
1641 954 1730 1023 qui
1771 961 1845 1006 tot
1875 960 1929 1006 et
1973 957 2116 1003 tanta

534 1054 881 1125 philOsOphia:
910 1052 1046 1108 scita
1072 1049 1273 1112 didicit,
1320 1058 1373 1103 et
1399 1047 1466 1101 de
1492 1046 1680 1099 futuris
1721 1043 1842 1097 talia
1869 1042 2118 1112 dogmata

529 1148 752 1216 accepit,
780 1155 833 1200 et
862 1145 929 1199 de
953 1143 1194 1214 gehenna
1217 1155 1280 1194 ac
1311 1154 1477 1210 regno
1498 1137 1733 1206 apertius
1768 1135 1989 1190 edoctus
2009 1143 2111 1200 est,

533 1241 640 1293 illic
665 1237 902 1307 singulos
927 1241 1241 1301 accepturos
1267 1246 1362 1300 pro
1392 1229 1617 1284 meritis.
1671 1225 1920 1281 Scrutans
1960 1224 2118 1277 corda

525 1342 574 1386 et
602 1347 746 1386 renes
772 1327 910 1382 Deus
931 1328 1113 1394 iustus.
1141 1325 1226 1380 Η.
1255 1323 1581 1393 Adjutorium
1604 1335 1769 1372 meum
1795 1336 1826 1372 a
1853 1317 2074 1372 Domino
2099 1358 2114 1382 ,

527 1423 798 1492 qnisalvos
828 1420 950 1490 facit
979 1427 1138 1471 rectos
1157 1415 1327 1469 corde.
1367 1415 1520 1469 Alius
1563 1430 1577 1467 :
1612 1410 1950 1466 Examinator
1997 1425 2115 1462 cor-

531 1514 675 1566 dium
703 1522 748 1565 ct
777 1526 954 1564 renum
990 1507 1126 1561 Deus
1143 1507 1336 1578 justus,
1376 1504 1611 1576 defensor
1634 1517 1795 1556 meus.
1841 1499 1910 1554 Et
1936 1499 2070 1553 alius
2098 1514 2113 1551 :

533 1607 674 1660 Deus
715 1605 898 1672 iustus.
947 1599 1287 1670 Septuaginta
1307 1606 1484 1652 autem
1512 1595 1583 1650 ita
1607 1593 1884 1648 dixerunt‘
1911 1609 1924 1644 :
1955 1591 2117 1645 Scru-

528 1710 640 1752 tans
656 1698 810 1751 corda
831 1703 879 1748 et
900 1709 1042 1747 renes
1065 1691 1222 1745 Deus.
1250 1687 1287 1742 J
1291 1698 1454 1743 ustum
1475 1684 1722 1741 auxilium
1740 1699 1906 1738 meum
1930 1699 1961 1735 a
1981 1680 2113 1735 Deo.

534 1790 675 1843 Dixit
701 1803 821 1842 eum
846 1800 968 1841 esse
988 1782 1342 1854 judicaturum
1369 1778 1555 1834 orbem
1583 1786 1739 1832 terra:
1760 1818 1777 1844 ,
1803 1777 1932 1832 dicit
1959 1775 2114 1830 dein-

535 1896 665 1951 ceps
691 1880 850 1936 etiam
878 1875 1146 1948 quomodo
1175 1875 1244 1929 sit
1261 1872 1614 1944 judicaturus.
1661 1869 1804 1924 Dixit
1845 1884 1965 1924 eum
2011 1884 2114 1922 non

528 1986 690 2041 egere
725 1970 970 2032 testibus,
992 1982 1096 2021 non
1123 1964 1542 2036 probationibus,
1576 1977 1682 2016 non
1707 1960 2120 2016 demonstratio-

529 2064 704 2128 nihus,
732 2077 836 2116 non
866 2059 1078 2128 scriptis
1118 2065 1210 2110 aut
1248 2053 1614 2110 instrumentis
1638 2093 1656 2121 ,
1682 2061 1776 2107 aut
1823 2052 1929 2107 alio
1972 2051 2117 2122 ejus-

531 2154 672 2206 modi
706 2171 717 2206 :
753 2153 864 2222 ipse
891 2160 977 2205 est
1001 2146 1144 2203 enim
1171 2147 1260 2218 qui
1285 2148 1386 2202 scit
1412 2147 1572 2202 etiam
1608 2160 1730 2216 quae
1749 2152 1875 2200 sunt
1899 2160 2114 2200 arcana.

529 2245 608 2298 Ne
628 2245 910 2311 dicatergo
937 2240 1130 2296 stultus
1155 2238 1416 2309 quispiam
1447 2255 1462 2292 :
1491 2236 1560 2291 Et
1578 2235 1844 2307 quomodo
1859 2235 2119 2306 judicabit

529 2334 783 2388 mundum
809 2331 1051 2387 tantum?
1078 2329 1178 2397 Qui
1209 2329 1350 2384 enim
1376 2326 1536 2394 fecit,
1571 2343 1689 2382 cum
1717 2343 1821 2382 non
1847 2335 2022 2392 esset,
2074 2327 2118 2382 is

530 2425 725 2478 factum
744 2421 1018 2492 judicabit.
1040 2422 1216 2476 Renes
1231 2429 1407 2474 autem
1433 2418 1518 2471 hic
1541 2417 1670 2472 dicit
1695 2418 1887 2472 mentis
1903 2433 2114 2482 arcana,

530 2533 650 2587 quae
673 2523 793 2570 sunt
828 2515 1032 2580 intima,
1052 2529 1171 2584 quae
1199 2520 1324 2567 sunt
1341 2510 1768 2582 profundissima,
1789 2526 1854 2565 ex
1885 2510 2118 2580 positura

538 2609 706 2681 partis
727 2608 777 2662 id
809 2609 1052 2661 innitens.

605 2702 688 2757 10.
733 2701 867 2768 Quid
895 2708 998 2766 est,
1026 2697 1314 2753 Scrutans?
1340 2695 1493 2761 Quod
1519 2695 1656 2750 alius
1681 2694 1835 2761 dixit,
1862 2693 2115 2748 Probans.

532 2794 643 2848 Etsi
668 2793 775 2847 sint
803 2799 981 2846 autem
1012 2790 1258 2844 humana:
1285 2786 1548 2842 dictiones
1566 2826 1582 2849 ,
1613 2794 1737 2840 sunt
1761 2795 1936 2840 tamen
1961 2800 2120 2840 sensa

539 2886 650 2939 Deo
678 2882 1068 2938 convenientia.
1100 2878 1555 2947 Quemadmodum
1597 2879 1738 2932 enim
1765 2877 1960 2932 Paulus
1997 2892 2121 2932 eum

538 2978 686 3041 dicit,
713 2977 812 3041 Qui
833 2986 1000 3029 autem
1021 2983 1274 3029 scrutatur
1298 2971 1452 3026 corda
1474 2971 1650 3040 (Rom.
1674 2970 1726 3025 8.
1753 2970 1869 3041 27),
1896 2970 2121 3024 scrutari

541 3069 708 3139 ponit,
741 3082 838 3138 pro
867 3075 1050 3136 aperte
1077 3065 1214 3118 scire
1245 3080 1258 3116 :
1289 3063 1449 3118 etiam
1481 3061 1567 3116 hic
1593 3070 1842 3126 scrutans,
1873 3075 1969 3130 pro
1999 3075 2121 3130 per-

531 3162 667 3216 fecte
690 3167 1064 3230 cognoscente.
1090 3156 1406 3211 Examinare
1433 3146 1611 3209 autem
1638 3162 1722 3209 est
1741 3153 1960 3220 nudare,
1979 3153 2122 3224 quod

531 3263 615 3307 est
643 3253 886 3322 perfectae
914 3249 1150 3305 scientia:
1181 3265 1194 3300 :
1228 3255 1287 3301 ut
1325 3247 1485 3302 etiam
1503 3246 1632 3301 dicit
1660 3246 1851 3300 Paulus
1885 3262 1899 3297 :
1932 3243 2119 3298 Omnia

532 3354 699 3397 autem
725 3351 840 3395 sunt
870 3341 1010 3394 nuda
1035 3350 1081 3394 et
1108 3339 1398 3410 resupinato
1419 3337 1579 3392 oculis
1602 3335 1914 3408 ejusUlebr.
1932 3335 2119 3405 4,15).

608 3434 856 3499 Quantam
899 3430 1110 3500 petenda
1152 3439 1289 3483 sunt.
1313 3427 1605 3480 —Justum
1646 3426 1894 3482 auxilium
1935 3443 2120 3479 meum.

537 3527 688 3581 Alius
715 3541 728 3575 :
755 3522 934 3576 Justus
960 3522 1194 3592 defensor
1220 3536 1377 3574 meus.
1402 3518 1540 3586 Quid
1569 3527 1670 3584 est,
1724 3517 1759 3571 .I
1765 3528 1932 3572 ustum
1977 3517 2126 3574 auxi-

540 3617 666 3668 lium
720 3629 882 3666 meum
916 3630 948 3666 a
977 3610 1130 3666 Deo?
1170 3610 1296 3665 Jure
1334 3625 1397 3664 ac
1440 3610 1632 3664 merito
1672 3610 1800 3666 mihi
1853 3612 2126 3682 continget

534 3723 562 3758 a
597 3707 746 3759 Deo:
779 3703 906 3758 nihil
946 3703 1086 3758 enim
1130 3713 1254 3771 peto
1307 3701 1580 3772 injustam.
1636 3703 1812 3768 Quare
1839 3702 1882 3756 si
1931 3718 2123 3772 snper-

535 3813 660 3850 num
739 3796 991 3850 auxilium
1051 3795 1334 3865 impetrare
1400 3795 1702 3860 volumus,»
1738 3809 1799 3850 ea
1856 3804 1979 3848 sunt
2035 3811 2127 3863 pe-

541 3888 698 3942 lentia
720 3929 735 3951 ,
769 3903 886 3956 quae
925 3887 1084 3940 ctiam
1110 3885 1236 3954 justi
1277 3884 1474 3940 habent
1511 3884 1771 3939 rationem
1805 3903 1820 3940 :
1851 3894 1909 3939 ut
1937 3893 2126 3940 natura

538 3977 808 4046 petitionis
829 3975 1164 4030 attrahamus
1191 3975 1449 4028 auxilium
1477 3973 1624 4044 ejus,
1655 3973 1756 4040 Qui
1778 3984 1940 4029 servat
1965 3987 2126 4030 rectos

535 4070 708 4124 corde.
742 4069 854 4123 lloc
879 4076 964 4123 est
990 4069 1109 4137 ejus
1131 4067 1362 4122 officium
1384 4108 1399 4134 ,
1441 4066 1557 4120 haec
1585 4076 1668 4121 est
1694 4067 1745 4123 ei
1773 4068 2124 4124 consuetudo.

543 4161 804 4229 Quoniam
835 4175 964 4230 ergo
1000 4175 1101 4216 nec
1129 4174 1229 4229 ego
1271 4173 1392 4213 cum
1439 4158 1627 4226 injuria
1669 4160 1985 4228 provocavi,
2027 4175 2128 4215 nec

543 4254 731 4311 ulcisci
759 4253 1007 4308 desidero
1038 4269 1052 4306 :
1085 4261 1368 4322 propterea
1397 4250 1525 4304 mihi
1548 4249 1746 4320 justum
1779 4251 1935 4306 fuerit
1961 4267 1990 4305 a
2019 4252 2126 4306 Deo

540 4345 818 4400 auxilium.
851 4343 977 4397 Haec
997 4357 1123 4413 ergo
1143 4355 1263 4396 cum
1285 4341 1537 4407 sciamus,
1566 4340 1695 4395 nihil
1719 4351 1960 4411 petamus
1986 4342 2128 4411 ejus-

543 4435 723 4500 modi,
768 4434 911 4504 quod
951 4441 1094 4489 vetet
1129 4431 1495 4487 donationem.
1527 4433 1750 4499 Quando
1773 4433 1916 4488 enim
1943 4442 2126 4489 contra

541 4528 788 4583 inimicos
814 4527 1100 4598 petiveris,
1141 4540 1247 4581 non
1282 4535 1362 4581 est
1403 4525 1605 4596 justum
1630 4527 1771 4598 quod
1813 4529 1949 4598 petis
1974 4529 2127 4583 anxi-

545 4619 710 4684 Iium;
754 4627 837 4672 est
878 4617 1020 4671 enim
1065 4619 1393 4672 contrarium
1442 4617 1543 4687 legi
1587 4617 1724 4686 ejus,
1765 4618 1856 4688 qui
1902 4619 2124 4689 praebet.

545 4709 732 4763 Itidem
753 4710 913 4762 etiam
938 4708 1148 4778 quando
1169 4707 1403 4773 divitias,
1425 4708 1635 4778 quando
1656 4710 2124 4779 pulchritudinem,

544 4797 759 4868 quando
786 4797 982 4866 aliquid
1030 4798 1172 4852 aliud
1209 4799 1349 4864 quod
1390 4798 1455 4852 ad
1499 4799 1636 4854 hanc
1676 4801 1835 4855 vitam
1877 4803 2123 4871 pertinet,

544 4890 686 4960 quod
718 4891 1059 4959 praeterfluit,
1090 4893 1340 4961 petiveris
1359 4933 1374 4959 ,
1405 4893 1458 4946 id
1487 4901 1570 4947 est
1599 4895 1924 4949 contrarium
1957 4896 2130 4964 philo-

544 4982 748 5051 sophia:
771 4981 982 5036 animai.
1011 4983 1262 5038 Petamus
1284 4999 1432 5054 ergo,
1455 4994 1512 5037 ut
1537 4985 1696 5040 etiam
1717 5001 2126 5055 consequamur.

545 5074 634 5128 12.
672 5072 808 5127 Deus
840 5073 1008 5142 judex
1038 5075 1212 5143 justus
1235 5116 1249 5140 ,
1278 5076 1444 5144 fortis,
1477 5085 1521 5129 et
1552 5077 1772 5144 patiens,
1801 5086 1845 5130 et
1869 5077 1996 5129 iram
2028 5094 2129 5130 non

549 5169 770 5237 inferens
802 5184 892 5238 per
928 5167 1154 5240 singulos
1183 5169 1309 5222 dies.
1350 5169 1498 5222 Alius
1526 5169 1655 5224 dicit
1685 5187 1698 5224 :
1730 5169 1973 5223 Fremens
2001 5187 2128 5238 quo-

611 5342 625 5371 ι
654 5349 780 5390 Unus
798 5341 958 5392 Codex
988 5357 1000 5392 :
1026 5341 1161 5406 Atius
1177 5341 1296 5406 dicit
1319 5356 1336 5395 :
1369 5353 1497 5395 Deus
1513 5347 1694 5406 justus,
1710 5347 1950 5398 auxilium
1971 5361 2131 5398 meum

548 5415 579 5450 η
609 5409 721 5472 Deo.
744 5411 796 5452 Et
819 5405 1125 5468 Septuaginta
1147 5405 1216 5454 ita
1239 5405 1488 5472 dixerunt,
1511 5405 1606 5456 etc.
1627 5408 1710 5456 Ubi
1733 5410 1970 5472 observes
1989 5409 2130 5472 Chry-

549 5470 842 5533 sostomum,
866 5472 1119 5533 postquam
1143 5473 1336 5516 textum
1358 5469 1611 5533 Scriptura:
1634 5475 1688 5517 ut
1713 5471 1970 5520 Antiochia:
1994 5469 2130 5533 lege-

550 5522 689 5571 batur
711 5522 960 5583 attulerat,
987 5522 1178 5575 textum
1203 5522 1510 5592 septuaginta
1542 5537 1867 5593 lutei-premnt
1888 5544 2023 5593 quasi
2043 5522 2131 5582 ’ἱ1ι-

549 5594 763 5650 versum,
788 5598 844 5650 ac
865 5598 1039 5635 revera
1079 5600 1193 5650 non_
1209 5603 1377 5650 parum
1397 5594 1662 5641 variantem
1685 5592 1882 5641 afferre.
1909 5592 2023 5642 illud
2048 5609 2131 5643 au-

548 5649 987 5754 :rfzgginertate
1001 5647 1349 5709 exemplarium
1367 5654 1705 5715 proveniebat,
1725 5654 1787 5704 de
1803 5668 1899 5717 quo
1915 5657 2131 5719 pluribus

681 5717 898 5755 331311θῦτὲ
905 5742 917 5753 .

3757 288 3838 344 ξιῐῖ

2223 397 2361 452 tidie.
2395 397 2648 454 Hebrazus
2677 409 2889 463 autem,
2927 397 2992 452 In
3031 399 3167 452 omni
3205 399 3304 452 rita
3327 400 3366 453 ί.
3393 398 3460 454 Et
3484 400 3626 455 alius
3662 418 3678 453 :
3719 402 3825 453 .m-

2221 505 2350 542 nans
2374 531 2389 555 ,
2419 490 2635 559 fremens
2659 531 2674 553 ,
2717 507 2818 543 non
2861 491 3094 558 puniens.
3137 489 3288 556 Quod
3316 502 3490 544 autem
3519 491 3665 545 dicit
3689 533 3708 557 ,
3745 501 3834 543 est

2220 583 2502 651 ejusmodi.
2529 583 2580 638 Si
2609 593 2691 638 est
2714 585 2908 652 justus,
2935 584 3076 638 volet
3104 587 3323 640 omnino
3352 589 3536 655 punire
3563 590 3833 656 iniquos;

2221 675 2264 725 si
2291 674 2463 736 fortis,
2492 674 2711 727 omnino
2739 677 2951 744 poterit.
2986 676 3050 730 Et
3079 676 3202 742 ubi,
3237 679 3424 748 inquit,
3456 689 3536 734 est
3559 681 3835 736 clemen-

2223 764 2326 828 tia,
2359 765 2400 817 si
2428 764 2571 832 juste
2595 764 2895 832 judicabit?
2935 767 3168 822 l‘rimum
3195 769 3409 838 quidem
3443 773 3494 826 in
3523 789 3624 835 eo,
3673 775 3832 842 quod

2222 870 2328 908 non
2364 856 2540 908 statim
2569 871 2755 925 ptenas
2785 857 2981 927 infligat
3000 898 3016 921 ,
3049 859 3416 932 pnecipucque
3447 863 3496 916 in
3527 880 3597 918 eo
3617 905 3636 927 ,
3675 864 3834 933 quod

2221 945 2325 1015 jam
2354 946 2531 1000 omnia
2561 957 2775 1016 peccata
2805 949 3070 1003 remiserit
3100 965 3196 1020 per
3225 951 3492 1006 lavacrum
3523 971 3831 1024 regenera~

2223 1038 2416 1101 tionis;
2449 1037 2683 1092 secundo
2711 1049 2886 1092 autem
2908 1080 2922 1102 ,
2950 1040 3092 1110 quod
3121 1043 3277 1096 etiam
3305 1043 3513 1098 dederit
3541 1047 3836 1113 pmniten-

2222 1127 2367 1181 tiam.
2396 1127 2450 1182 Si
2481 1128 2622 1181 enim
2652 1129 2986 1199 cogitaveris,
3015 1146 3112 1185 nos
3142 1148 3368 1203 peccare
3392 1136 3661 1204 quotidie,
3697 1148 3836 1192 tunc

2221 1221 2452 1277 maxime
2478 1222 2680 1278 videbis
2717 1223 3032 1279 ineffabilem
3061 1226 3177 1294 ejus
3215 1227 3511 1282 clementia:
3540 1229 3836 1299 magnitu-

2220 1315 2421 1370 dinem.
2472 1316 2625 1383 Quod
2654 1317 2868 1388 quidem
2915 1319 3074 1374 etiam
3117 1320 3419 1390 significans
3441 1362 3457 1387 ,
3488 1324 3829 1391 subjunxit;

2220 1404 2405 1461 dicens
2433 1423 2447 1459 :
2479 1405 2616 1460 Deus
2631 1408 2798 1476 judex
2811 1409 3019 1478 justus,
3050 1410 3230 1479 fortis,
3261 1423 3308 1466 et
3337 1413 3552 1480 patiens.
3584 1415 3834 1468 Dubitas

2221 1514 2336 1563 cur,
2364 1514 2484 1554 cum
2517 1501 2644 1556 velit
2676 1510 2730 1555 et
2760 1502 2961 1571 possit,
2993 1517 3098 1557 non
3128 1505 3350 1573 puniat?
3398 1506 3580 1572 Disce,
3617 1509 3828 1576 inquit,

2220 1605 2342 1645 eum
2369 1605 2488 1646 esse
2518 1591 2828 1660 patientem,
2860 1607 2960 1648 nec
2987 1591 3300 1650 inferentem
3332 1595 3467 1651 iram
3498 1614 3593 1667 per
3621 1600 3830 1668 singu-

2223 1680 2305 1736 los
2331 1680 2468 1736 dies.
2499 1681 2577 1736 Ne
2604 1683 2725 1753 quis
2750 1683 2890 1737 enim
2917 1685 3109 1740 stultus
3135 1686 3405 1742 existimet
3429 1703 3550 1742 eum
3587 1700 3828 1758 propter

2221 1773 2635 1830 imbecillitatem
2657 1789 2762 1830 non
2786 1774 2989 1842 ulcisci,
3013 1777 3246 1833 ostendit
3263 1794 3476 1835 causam
3500 1781 3824 1837 dilationis:

2221 1866 2361 1936 quod
2387 1883 2576 1937 magna
2607 1868 2802 1923 habeat
2825 1868 2996 1940 spatia
3021 1878 3075 1924 et
3102 1885 3347 1941 magnam
3377 1889 3697 1928 mensuram
3730 1891 3829 1945 pa-
3853 1905 3856 1907 λ

2223 1960 2427 2013 tientia.
2459 1959 2592 2026 Quia
2619 1960 2761 2015 enim
2791 1971 3073 2030 propterea
3099 1961 3242 2017 mitis
3270 1973 3356 2020 est
3394 1974 3448 2021 et
3473 1966 3691 2035 patiens
3716 2009 3733 2034 ,
3770 1978 3829 2022 ut

2225 2059 2277 2104 te
2301 2049 2528 2105 adducat
2551 2050 2618 2106 ad
2649 2051 3035 2121 penitentiam,
3066 2054 3278 2123 quando
3307 2056 3438 2111 nihil
3469 2057 3559 2112 tibi
3591 2059 3828 2128 prodest

2224 2142 2325 2198 hoc
2352 2144 2795 2200 medicamentum
2817 2185 2834 2212 ,
2861 2145 3023 2201 etiam
3049 2147 3340 2202 ulciscitur.
3381 2147 3491 2203 Nos
3519 2164 3654 2221 ergo
3685 2167 3820 2220 quo-

2225 2233 2349 2289 tidie
2375 2234 2517 2302 digni
2547 2250 2730 2290 sumus
2762 2236 2850 2306 qui
2881 2237 3181 2306 puniamur.
3210 2237 3322 2292 Nisi
3357 2239 3501 2294 enim
3539 2240 3611 2295 ita
3644 2253 3823 2308 esset,

2223 2339 2328 2377 non
2361 2333 2626 2394 tamquam
2656 2341 2906 2397 magnum
2936 2329 3202 2396 posuisset
3230 2328 3356 2384 illud
3389 2346 3402 2382 :
3431 2329 3555 2384 Non
3584 2333 3825 2402 inferens

2222 2414 2352 2468 iram
2390 2432 2480 2486 per
2521 2416 2747 2487 singulos
2783 2419 2926 2485 dies;
2965 2418 3060 2474 sed
3107 2429 3371 2490 tamquam
3403 2421 3563 2476 rebus
3591 2423 3822 2492 quidem

2223 2503 2326 2558 hoc
2351 2506 2772 2574 postulantibus,
2803 2507 2896 2562 Dei
2921 2517 3097 2564 autem
3127 2509 3406 2565 clementia
3429 2514 3629 2581 justam
3659 2513 3821 2567 cohi-

2223 2597 2383 2652 bente
2406 2599 2756 2667 punitionem,
2780 2599 2882 2655 hoc
2899 2599 3046 2655 dicit.
3072 2601 3235 2658 Vides
3252 2604 3519 2673 quomodo
3541 2605 3628 2659 hic
3651 2606 3820 2660 etiam

2224 2691 2458 2744 ostendit
2501 2691 2663 2746 Deum
2703 2707 2733 2746 a
2778 2692 3020 2748 molestia
3063 2693 3330 2762 alienum,
3380 2706 3434 2751 et
3478 2698 3818 2767 punitioncm

2223 2781 2656 2850 appellatiram?
2685 2782 2854 2838 Nemo
2881 2783 3023 2838 enim
3052 2785 3182 2838 iram
3224 2784 3383 2840 infert
3409 2785 3498 2839 alii
3529 2803 3541 2838 :
3573 2787 3674 2842 sed
3704 2788 3821 2857 ipse

2224 2873 2438 2942 quidem
2482 2875 2640 2929 habet
2685 2876 2856 2943 iram,
2903 2876 3220 2947 supplicium
3263 2887 3441 2934 autem
3489 2879 3651 2934 infert
3701 2881 3814 2933 alii.

2223 2962 2368 3018 Nihil
2412 2979 2540 3035 ergo
2569 2965 2832 3036 significat
2874 2966 3018 3022 aliud
3064 2983 3222 3038 quam
3271 2969 3596 3038 punitionem
3624 3013 3641 3032 .
3690 2986 3818 3025 cum

2226 3053 2389 3121 dicit,
2423 3055 2488 3109 Et
2514 3073 2613 3110 non
2653 3058 2876 3130 inferens
2903 3059 3033 3112 iram
3062 3076 3151 3130 per
3169 3059 3395 3130 singulos
3423 3060 3548 3114 dies.
3582 3061 3652 3115 Et
3682 3077 3816 3131 quo-

2227 3147 2387 3201 modo
2412 3147 2560 3215 dicit,
2590 3147 2692 3202 Per
2718 3149 2943 3220 singulos
2962 3149 3068 3204 dies
3088 3149 3150 3204 ’Τ
3177 3148 3506 3219 Ingrediatur
3526 3153 3816 3222 unusquis-

2227 3253 2330 3308 que
2373 3251 2524 3293 suam
2571 3241 2986 3307 conscientiam,
3033 3249 3089 3296 et
3132 3249 3255 3294 tunc
3289 3241 3506 3295 videbit.
3557 3241 3628 3296 Ut
3671 3242 3819 3296 enim

2227 3334 2628 3404 praztermittam
2655 3348 2849 3389 arcana
2877 3334 3138 3406 cujusque
3177 3343 3420 3404 peccata,
3451 3333 3565 3388 haec
3593 3334 3818 3404 quidem

2228 3426 2530 3480 communia
2578 3425 2698 3495 quis
2741 3425 2997 3496 effugiet?
3042 3425 3297 3492 Quaenam
3340 3435 3516 3480 autem
3557 3442 3617 3480 ea
3649 3425 3820 3479 sunt?

2229 3515 2358 3584 Quis
2389 3527 2473 3573 est
2501 3517 2616 3572 dics
2649 3518 2700 3571 in
2741 3533 2846 3588 quo
2891 3499 3006 3572 non.
3039 3517 3271 3587 segniter
3311 3532 3560 3583 oremus,
3592 3528 3649 3572 et
3693 3533 3815 3571 cum

2230 3624 2419 3678 magna
2443 3609 2798 3679 negligentia?
2825 3609 2976 3676 Quod
2995 3619 3170 3664 autem
3193 3609 3294 3664 hoc
3312 3609 3472 3664 etiam
3498 3611 3571 3664 ira
3593 3611 3816 3680 dignum

2230 3702 2338 3767 sit,
2366 3701 2492 3757 hinc
2519 3702 2642 3756 sciri
2673 3710 2864 3771 potest.
2903 3702 2998 3757 Dic
3025 3703 3166 3758 enim
3209 3702 3340 3757 mihi
3369 3720 3384 3758 :
3413 3703 3460 3758 si
3488 3703 3553 3758 ad
3577 3703 3814 3772 judicent

2231 3792 2466 3849 oscitans
2493 3793 2844 3860 accessisses,
2889 3801 2943 3848 et
2983 3793 3254 3848 convictus
3296 3808 3482 3861 esses,
3525 3809 3628 3848 non
3661 3795 3732 3849 de
3765 3806 3816 3848 te

2229 3887 2408 3942 statim
2437 3886 2750 3956 sumpsisset
2785 3900 3006 3956 poenas,
3051 3895 3107 3941 et
3147 3884 3381 3941 misisset
3429 3885 3484 3940 in
3525 3884 3815 3941 exsiliunt?

2229 3976 2410 4043 Certe,
2443 3979 2619 4048 inquis
2648 3996 2662 4033 :
2689 3977 2853 4033 homo
2874 3977 3015 4033 enim
3043 3986 3145 4034 est.
3175 3978 3242 4033 Et
3260 3978 3386 4048 quid
3413 3980 3559 4033 tum?
3583 3979 3637 4034 Si
3670 3979 3813 4034 enim

2231 4069 2394 4125 homo
2417 4069 2638 4125 affectus
2665 4078 2748 4125 est
2786 4069 3110 4125 contumelia
3131 4111 3146 4136 ,
3179 4084 3283 4124 non
3328 4070 3487 4126 fuerit
3514 4087 3728 4141 :cquum
3759 4079 3814 4124 ut

2231 4163 2527 4228 irascatur;
2556 4161 2623 4216 ab
2649 4175 2714 4216 eo
2738 4161 2879 4216 enim
2903 4161 3225 4216 contumelia
3247 4160 3466 4216 aﬂectus
3487 4172 3592 4228 est,
3618 4163 3709 4231 qui
3734 4169 3816 4216 est

2230 4254 2281 4309 ei
2313 4255 2514 4309 honore
2543 4253 2763 4323 aequalis
2789 4269 2804 4306 :
2836 4253 2974 4308 Deus
3000 4261 3178 4308 autem
3215 4253 3534 4308 contumelia
3568 4253 3810 4317 affectus,

2225 4345 2346 4417 jure
2371 4346 2686 4417 supplicium
2713 4345 2987 4411 intulerit;
3019 4346 3192 4416 majus
3216 4347 3356 4400 enim
3383 4355 3466 4402 est
3491 4345 3592 4401 hoc
3621 4361 3813 4415 pecca-

2232 4447 2345 4493 tum
2373 4453 2438 4492 eo
2457 4480 2471 4504 ,
2502 4438 2644 4508 quod
2671 4437 2732 4492 fit
2769 4438 2822 4492 in
2853 4437 3145 4492 hominem.
3180 4439 3244 4492 Et
3281 4436 3442 4492 homo
3466 4438 3680 4507 quidem
3713 4439 3812 4491 hoc

2231 4529 2387 4595 facit,
2415 4544 2662 4599 quatrens
2689 4529 2830 4598 quod
2856 4545 3011 4584 suum
3040 4537 3124 4585 est
3151 4546 3164 4582 :
3197 4529 3335 4584 Deus
3361 4539 3536 4584 autem
3563 4529 3704 4600 quod
3730 4535 3812 4583 est

2234 4630 2404 4674 tuum.
2433 4618 2791 4686 Quamobrem
2821 4618 2906 4673 vel
2935 4617 3037 4673 hoc
3065 4619 3280 4674 nomine
3302 4617 3498 4688 justius
3532 4619 3806 4673 irascatur.

2232 4706 2346 4766 Non
2372 4718 2458 4764 est
2486 4711 2628 4764 enim
2658 4710 2863 4779 aquale
2881 4748 2896 4774 ,
2926 4723 3021 4764 eos
3047 4716 3393 4764 contemnere
3417 4710 3507 4779 qui
3545 4725 3641 4763 sua
3669 4724 3810 4779 quieo

2233 4812 2386 4868 runt,
2418 4811 2473 4856 et
2498 4817 2621 4857 eum
2659 4801 2748 4871 qui
2774 4817 2892 4871 quae
2919 4809 3027 4856 tua.
3077 4801 3188 4856 Hoc
3228 4801 3482 4870 majorem
3512 4803 3652 4856 enim
3682 4804 3806 4856 iram

2297 4973 2313 5003 ί
2353 4979 2402 5019 tn
2441 4971 2672 5039 ttebraieo
2705 4974 2834 5017 totus
2883 4969 3018 5018 locus
3067 4969 3132 5018 ita
3188 4943 3805 5039 1ρςίιιιτηρῖἶῗ²¹>ὒέΰὶηο

2231 5034 2439 5096 fremens
2461 5041 2546 5096 aut
2567 5031 2823 5095 indigmms
2845 5044 2933 5096 per
2954 5043 3142 5096 omnem
3164 5028 3377 5096 diem._tn
3399 5028 3558 5096 Bibliis
3573 5042 3690 5078 vero
3705 5039 3808 5089 qua

2232 5089 2443 5156 hotaset
2469 5089 2706 5144 lectiones
2728 5089 3048 5156 Hexaplorum
3092 5094 3144 5141 in
3179 5092 3400 5156 margine
3439 5089 3684 5156 referunt,
3705 5099 3810 5156 cum

2233 5157 2341 5205 aliis
2381 5155 2669 5205 lectionibus
2701 5150 3118 5207 etiam'Hebraica
3156 5150 3308 5203 verba
3349 5152 3522 5200 Grtecis
3554 5150 3710 5200 literis
3727 5150 3810 5197 de-

2234 5220 2410 5279 scripta
2432 5217 2728 5266 referuntur.
2751 5223 2800 5264 In
2821 5214 3098 5268 Oolbertiuo
3120 5221 3285 5264 autem
3305 5213 3531 5276 quopiam
3545 5212 3716 5261 Codice
3740 5210 3809 5279 big

2237 5289 2284 5351 in
2309 5272 2528 5351 margine
2544 5285 2728 5350 legitur
2744 5291 2930 5351 ἑδραῖος,
2951 5298 3097 5348 ζωυνιί,
3121 5298 3217 5349 qua
3246 5272 3370 5351 voce
3395 5272 3680 5351 exprimitur
3707 5272 3808 5351 Dii?

2235 5349 2351 5399 illud
2389 5343 2686 5398 H'ebraictim.
2709 5343 3093 5411 Chrvsostonius'
3114 5343 3252 5406 vero,
3293 5350 3377 5395 aut
3420 5343 3647 5392 librarius
3689 5343 3809 5404 quis-

2237 5412 2361 5473 piam
2407 5412 2725 5478 existimavit,
2773 5411 2889 5459 illud
2934 5422 3055 5471 cum;
3101 5422 3212 5478 esse
3257 5419 3430 5476 vocem
3459 5413 3810 5478 (graecam’t-ty.

2237 5472 2508 5538 jiutansque
2531 5475 2578 5522 in
2603 5474 2805 5521 Hebraeo
2824 5486 2910 5533 pro
2933 5486 3088 5535 ἧμλραν,
3111 5472 3266 5528 diem,
3294 5472 3809 5538 exlirinii_zu.§-.,_rttttn3,

2237 5527 2300 5582 ita
2326 5527 2510 5595 posuit,
2535 5545 2556 5585 ὁ
2578 5543 2620 5584 st
2643 5537 2795 5595 ἑδραῖος
2819 5527 2913 5584 ἑατά
2932 5527 3052 5583 es.
3075 5527 3206 5596 ζωήν)
3235 5527 3462 5596 ttebrieus
3483 5530 3589 5577 sive
3615 5527 3807 5596 [teorat-

2237 5593 2517 5650 cns‘textns.
2543 5608 2629 5656 per
2652 5593 2798 5645 totam
2822 5597 2980 5644 vitam.
3004 5603 3097 5643 Nec
3118 5593 3316 5642 aliunde
3334 5603 3560 5656 errorem
3593 5593 3704 5638 oriri
3730 5599 3803 5649 po-

2238 5659 2390 5724 tuisse
2413 5651 2619 5724 videt'ur.
2645 5657 2846 5724 Consule
2872 5656 3086 5724 Hexapla
3104 5663 3264 5724 nostra
3289 5652 3346 5720 ad
3369 5653 3496 5700 hunc
3519 5651 3690 5724 Locum.

2305 5721 2323 5750 ¹
2343 5725 2457 5780 Reg.
2505 5719 2562 5766 Et
2582 5720 2814 5781 quomodo
2834 5707 3047 5780 quotidie
3071 5716 3160 5767 ἐγω
3183 5707 3319 5778 digni
3341 5711 3544 5765 smnus?
3632 5728 3641 5737 ι
