4106 6464
230 432 275 491 ῃε
1419 436 1787 495 EXPOSI'I‘IO
1827 435 1894 492 IN
1935 436 2269 497 PSALMUM
2300 443 2412 501 vn.
3482 454 3555 515 96

225 553 279 607 τὰ
299 551 667 623 διαδήματά
701 574 872 627 μου,
898 557 995 612 ὅτι
1025 556 1294 623 ἐζήλωσα
1320 556 1415 610 ἐπὶ
1435 556 1560 623 τοῖς
1589 557 1859 626 ἀνόμοις.

229 644 383 710 Ἀλλης
413 644 485 699 δέ.
521 646 755 701 πάλιν·
823 651 894 706 Τί
936 650 1026 704 ὅτι
1062 650 1200 716 ὁδὸς
1225 649 1461 704 ἀσεϐῶν
1503 649 1861 711 εὐοδοῦταις

228 736 318 791 Καὶ
337 737 364 790 6
394 735 538 790 Ἰὼϐ
585 736 658 792 δὲ
682 740 884 796 πολλά
916 741 1143 795 τοιαῦτα
1167 742 1366 813 ἐζήτει.
1411 740 1573 794 Ἀλλά
1600 740 1721 794 τότε
1763 739 1864 810 μέν

231 828 587 914 ἀτελέστερρν
617 830 1013 905 διακείμενοι,
1046 831 1223 889 ταῦτα
1266 832 1502 902 ἔφασκον
1538 833 1589 885 οί
1630 832 1865 902 φάσκον-

238 943 336 989 τες,
366 925 470 980 καὶ
508 926 780 997 ἐζήτουν
801 928 857 980 οἱ
892 926 1201 999 ζητοῦντες·
1236 924 1332 997 νῦν
1360 925 1417 979 δέ
1447 925 1704 996 οὐδεμιᾶς
1730 943 1864 994 συγ-

236 1018 454 1091 γνώμης
510 1018 689 1086 ἄξιος
750 1021 782 1073 6
822 1019 1038 1083 τούτοις
1088 1018 1503 1091 θορυϐούμενος,
1562 1020 1592 1072 6
1625 1019 1865 1075 τοσαῦτα

237 1112 554 1181 φιλοσοφεῖν
622 1110 853 1182 μαθὼν,
886 1111 983 1165 καὶ
1009 1111 1137 1181 περὶ
1179 1111 1287 1164 τῶν
1316 1109 1615 1182 μελλόντων
1637 1111 1865 1165 τοιαῦτα

250 1207 488 1277 δόγματα
507 1205 856 1277 δεξάμενος,
877 1207 970 1260 καὶ
993 1206 1083 1259 τὸν
1109 1224 1176 1259 πε
1184 1205 1237 1278 ρὶ
1258 1205 1485 1277 γεέννης
1501 1205 1706 1261 καὶτὸν
1735 1205 1866 1277 περὶ

256 1296 533 1368 βασιλείας
566 1297 925 1367 σαφέστερον
944 1295 1210 1368 διδαχθεὶς
1224 1296 1403 1365 λόγον,
1431 1296 1528 1350 καὶ
1555 1296 1637 1350 ὅτι
1658 1295 1728 1350 τὰ
1744 1296 1865 1349 κατ’

254 1390 411 1454 ἀξίαν
463 1389 723 1453 ἕκαστος
764 1390 883 1442 ἐκεῖ
915 1387 1271 1460 ἀπολήψεται.
1334 1387 1579 1449 Ὲτάζων
1619 1389 1868 1456 καρδίας

254 1479 355 1534 καί
390 1479 675 1547 νεφροὺς
714 1481 750 1533 ὀ
778 1479 924 1544 Θεὸς
938 1477 1194 1557 δίκαιος.
1208 1479 1272 1535 Ἡ
1283 1477 1540 1545 ,ϐοήθειά
1556 1496 1675 1549 μου
1705 1478 1866 1548 παρὰ

258 1570 367 1625 τοῦ
399 1569 558 1625 Θεοῦ
593 1570 710 1625 τοῦ
764 1567 1057 1637 σώζοντος
1086 1570 1230 1638 τοὺς
1277 1569 1475 1636 εὐθεῖς
1509 1569 1586 1640 τῇ
1628 1570 1862 1638 καρδίᾳ.

258 1661 483 1726 Ἄλλος,
527 1663 598 1716 '0
624 1662 893 1731 ἐταστὴς
918 1662 1177 1732 καρδιῶν
1225 1664 1325 1719 καὶ
1357 1662 1596 1734 νεφρῶν
1650 1666 1685 1719 ὀ
1723 1664 1867 1729 Θεὸς

254 1753 521 1821 δίκαιος,
541 1758 576 1810 ὁ
600 1753 1066 1824 ὑπερασπιστὴς
1079 1773 1219 1826 μου.
1255 1758 1364 1811 Καὶ
1390 1755 1601 1828 ἔτερος,
1641 1755 1694 1809 '0
1722 1755 1866 1822 Θεὸς

250 1845 523 1913 δίκαιος.
566 1848 639 1899 Οἱ
688 1846 1092 1918 Ἑὸδομήκοντα
1124 1860 1151 1888 ι
1184 1846 1242 1901 δέ
1287 1846 1460 1912 οὓτως
1493 1843 1667 1913 εἷπον,
1706 1845 1866 1901 Ἐτάο

247 1935 378 1998 ζων
406 1937 671 2005 καρδίας
691 1939 793 1992 καὶ
840 1940 1104 2010 νεφροὺς
1151 1942 1185 1995 ό
1228 1940 1391 2007 Θεός.
1421 1939 1630 1994 Δικαία
1652 1941 1692 2009 ἡ
1721 1938 1866 2007 ﬁmi.

244 2029 397 2086 θειά
437 2047 566 2098 μου
586 2030 751 2099 παρὰ
797 2030 904 2085 τοῦ
944 2031 1115 2086 Θεοῦ.
1148 2026 1313 2085 Εἷπεν
1342 2032 1424 2085 ὃτι
1451 2033 1628 2103 κρινεῖ
1657 2031 1755 2104 τὴν
1787 2034 1867 2087 ol-

244 2120 576 2192 κουμένην,
598 2120 754 2190 λέγει
772 2120 958 2176 λοιπὸν
984 2122 1080 2176 καὶ
1109 2121 1227 2189 πῶς
1256 2125 1451 2196 κρινεῖ.
1482 2118 1651 2177 Εἶπεν
1691 2124 1775 2178 ὅτι
1802 2124 1865 2178 οὐ

243 2212 576 2283 μαρτύρων
605 2213 881 2283 δεόμενος,
912 2215 1013 2268 οὐκ
1062 2214 1323 2287 ἐλέγχων,
1368 2216 1470 2271 οὐκ
1514 2215 1865 2283 ἀποδείξεων,

244 2306 321 2358 οὐ
348 2305 788 2376 γραμματείων,
830 2307 930 2360 οὐκ
979 2306 1141 2362 ἄλλου
1172 2306 1285 2362 τῶν
1326 2309 1585 2364 τοιούτων
1630 2310 1864 2374 οὐδενός·

254 2397 436 2460 αὐτὸς
470 2398 588 2468 γάρ
613 2398 765 2451 ἐστιν
787 2397 817 2450 6
839 2397 906 2451 τά
921 2398 1209 2471 ἀπόρρητα
1221 2400 1611 2472 ἐπιστάμενος.
1632 2400 1725 2472 Μὴ
1756 2401 1868 2455 τοί-

254 2506 369 2539 νυν
404 2486 624 2557 λεγέτω
675 2504 763 2551 τις
803 2488 913 2543 τῶν
960 2490 1224 2562 ἀνοήτων·
1246 2493 1359 2550 Καὶ
1407 2493 1526 2558 πῶς
1560 2496 1739 2565 κρινεῖ
1774 2494 1867 2549 τὸν

259 2580 480 2650 κόσμον
507 2580 769 2635 τοσοῦτον
796 2580 957 2648 δντα;
992 2582 1051 2637 '0
1066 2583 1174 2656 γὰρ
1196 2586 1430 2658 ποιήσας
1446 2587 1547 2641 οὐκ
1579 2588 1729 2655 ὄντα,
1772 2588 1868 2643 καὶ

260 2669 575 2742 γενόμενον
603 2673 805 2744 κρινεῖ.
834 2673 1084 2745 Νεφροὺς
1116 2672 1173 2726 δὲ
1214 2676 1446 2731 ἐνταῦθα
1471 2677 1541 2732 τὰ
1578 2678 1868 2752 ἀπόρρητα

261 2765 376 2833 τῆς
401 2762 648 2826 διανοίας
679 2763 850 2832 λέγει,
896 2766 965 2819 τὰ
994 2767 1274 2833 ἐνδότατα,
1305 2768 1374 2823 τὰ
1416 2769 1712 2840 βαθύτατα,
1758 2771 1868 2827 ἀπὸ

261 2857 377 2926 τῆς
400 2856 611 2921 θέσεως
637 2856 735 2911 τοῦ
772 2858 960 2931 μορίου
988 2861 1358 2932 αἰνιξάμενος.

342 2957 401 3003 ι’.
420 2951 490 3004 Τί
506 2953 679 3014 ἐστιν,
709 2950 993 3018 Ἐτάζων;
1025 2952 1203 3025 Ὅπερ
1221 2954 1250 3006 6
1269 2953 1427 3019 ἄλλος
1450 2951 1593 3022 εἶπε,
1616 2956 1866 3026 Δοκιμά-

262 3036 405 3099 ζων.
457 3040 525 3092 Εἰ
555 3040 612 3093 δὲ
641 3040 732 3094 καὶ
751 3039 1085 3111 ἀνθρώπιναι
1109 3045 1166 3097 αἱ
1196 3043 1396 3110 λέξεις,
1424 3043 1562 3099 ἀλλὰ
1587 3045 1868 3120 θεοπρεπῆ

258 3133 341 3185 τὰ
382 3134 660 3203 νοήματα.
705 3134 916 3207 Ὠσπερ
970 3135 1079 3207 γὰρ
1122 3136 1152 3189 6
1203 3135 1418 3200 Παῦλος
1453 3136 1651 3207 λέγων,
1692 3138 1747 3191 Ὁ
1800 3139 1870 3193 δὲ

261 3231 547 3298 ἐρευνῶν
592 3232 702 3298 τὰς
748 3231 1017 3300 καρδίας,
1039 3231 1101 3286 τὸ
1123 3233 1372 3305 ἐρευνᾷν,
1401 3233 1522 3289 ἀντὶ
1550 3234 1646 3288 τοῦ
1679 3234 1869 3305 σαφῶς

264 3323 502 3387 εἰδέναι,
543 3323 776 3396 τίθησιν·
807 3323 952 3378 οὕτω
997 3325 1093 3380 καὶ
1129 3317 1308 3391 οὗτος,
1339 3327 1400 3381 τὸ
1452 3322 1715 3393 Ἐτάζὶυν,
1746 3328 1867 3383 ἀντὶ

259 3417 370 3470 τοῦ
421 3416 675 3489 ἀκριϐῶς
720 3416 1069 3473 ἐπίστασθαι.
1120 3418 1233 3472 Καὶ
1264 3417 1326 3471 τὸ
1359 3417 1650 3489 βασανίσαι
1697 3420 1755 3475 δέ
1805 3419 1868 3474 τὸ

262 3509 570 3579 γυμνῶσαι
602 3507 721 3583 [66]
750 3511 916 3576 ἐστιν,
951 3512 1090 3581 ὅπερ
1109 3509 1537 3581 ἀκριϐοῦςέστιν
1556 3513 1870 3586 ἐπιστήμης

266 3601 372 3653 καὶ
399 3599 681 3667 γνώσεως·
705 3600 778 3665 ὼς
806 3603 902 3657 καὶ
922 3602 1136 3668 Παῦλός
1151 3619 1307 3675 φησι·
1338 3601 1543 3657 Πάντα
1565 3601 1634 3657 δὲ
1671 3605 1870 3676 γυμνὰ

266 3693 373 3745 καὶ
393 3694 919 3763 τετραχηλισμένα
939 3695 1065 3764 τοῖς
1094 3697 1424 3769 ὀφθαλμοῖς
1445 3700 1657 3757 αὐτοῦ.

272 3795 277 3797 ·
341 3784 558 3839 Δικαία
621 3786 663 3852 ἡ
719 3788 977 3859 ,ϐοήθειά
1038 3809 1180 3863 μου.
1243 3793 1474 3860 Ἄλλος,
1542 3795 1781 3863 Δίκαιος
1835 3799 1870 3851 d

266 3878 746 3947 ὑπερασπιστής
800 3900 941 3951 μου.
980 3884 1046 3938 Τί
1090 3884 1230 3949 ἐστι,
1284 3887 1488 3941 Δικαία
1530 3887 1569 3955 ἠ
1612 3887 1869 3956 βοήθειά

267 3986 393 4036 μου
449 3971 616 4039 παρὰ
666 3971 772 4026 τοῦ
843 3974 1028 4041 Θεοῦ;
1081 3976 1318 4042 Δικαίως
1374 3978 1441 4033 ἂν
1488 3979 1699 4048 γένοιτό
1745 3998 1865 4052 μοι,

275 4062 451 4127 φησὶ,
519 4061 675 4132 παρά
724 4063 820 4118 τοῦ
878 4065 1046 4120 Θεοῦ·
1085 4068 1237 4123 οὐδὲν
1290 4071 1401 4143 γὰρ
1462 4071 1648 4127 ἄδικον
1709 4071 1863 4128 αίτῶ.

277 4152 448 4207 ’Ὥστε
486 4157 540 4207 εί
591 4155 877 4229 μέλλοιμεν
906 4160 1198 4214 ἀπολαύειν
1237 4164 1553 4235 συμμαχίας
1601 4165 1705 4234 τῆς
1730 4167 1869 4221 ἄνω-

275 4244 397 4305 θεν,
422 4245 657 4299 τοιαῦτα
692 4248 863 4302 αἰτεῖν
885 4250 987 4317 δεῖ,
1016 4250 1053 4306 ἀ
1078 4252 1173 4306 καὶ
1213 4253 1306 4308 τὸν
1330 4254 1431 4309 τοῦ
1459 4255 1671 4312 δικαίου
1706 4257 1866 4331 λόγον

270 4336 417 4403 ἔχει·
452 4337 629 4410 ῖνατῇ
663 4338 823 4408 φύσει
859 4342 958 4413 τῆς
990 4346 1260 4417 αἰτήσεως
1289 4349 1390 4420 τὴν
1419 4350 1593 4420 ῥοπὴν
1621 4351 1864 4408 ἐπισπα-

274 4426 511 4494 σὼμεθα
562 4427 675 4483 Τοῦ
722 4429 1012 4500 σώζοντος
1062 4434 1206 4501 τοὺς
1257 4436 1452 4502 εὐθεῖς
1497 4436 1575 4506 τῇ
1627 4439 1859 4507 καρδίᾳ.

273 4511 458 4567 Τοῦτο
490 4514 656 4586 ἔργον
679 4517 828 4589 αὐτῷ
849 4561 865 4585 ,
890 4520 1048 4575 τοῦτο
1074 4522 1194 4588 ἔθος
1225 4525 1394 4598 αὐτῷ.
1443 4525 1661 4600 Ἐπέιδὴ
1687 4530 1868 4584 τοίνυν

273 4606 376 4658 καὶ
418 4606 538 4675 ἐγὼ
588 4609 689 4662 οὐκ
715 4604 859 4681 ἦρξα
900 4613 1099 4685 χειρῶν
1130 4615 1366 4691 ἀδίκων,
1398 4619 1519 4673 οὐδὲ
1556 4620 1868 4691 ἀμύνασθαι

276 4695 558 4767 ἐπιθυμῶ,
580 4698 671 4752 διὰ
691 4701 848 4755 τοῦτο
878 4703 1061 4759 δικαία
1084 4705 1151 4760 ἂν
1184 4708 1396 4776 γένοιτο
1433 4713 1467 4783 ή
1502 4712 1728 4785 βοήθειά
1762 4732 1866 4786 μου

278 4791 433 4857 παρά
469 4788 569 4842 τοῦ
597 4790 755 4847 Θεοῦ.
798 4794 982 4850 Ταῦτα
1012 4793 1108 4852 οῦν
1135 4800 1333 4865 ειδότες
1359 4841 1374 4866 ,
1416 4802 1583 4874 μηδὲν
1625 4806 1867 4860 τοιοῦτον

276 4881 547 4952 αἰτῶμεν,
586 4883 615 4936 6
639 4885 836 4940 κωλύει
855 4888 952 4960 τὴν
977 4890 1141 4945 δόσιν.
1163 4893 1332 4947 Ὅταν
1356 4893 1465 4967 γὰρ
1496 4896 1640 4951 κατά
1656 4896 1867 4970 ἐχθρῶν

272 4972 460 5042 αξτῇς,
487 4973 589 5026 οὐκ
632 4974 746 5029 ἐστι
783 4977 961 5033 δικαία
988 4982 1024 5051 ή
1058 4980 1279 5054 βοήθειά
1310 5000 1403 5038 σου
1428 5000 1442 5015 ·
1493 4986 1710 5040 ἐναντία
1760 4989 1866 5060 γάρ

273 5064 399 5117 ἐστι
417 5064 499 5136 τῷ
541 5066 692 5139 νόμῳ
720 5069 815 5123 τοῦ
859 5073 1223 5145 παρέχοντος·
1264 5076 1368 5131 κᾶν
1403 5078 1634 5133 πλοῦτον
1671 5081 1865 5152 αἰτῇς,

276 5157 385 5209 κᾶν
411 5156 609 5222 κάλλος
636 5162 793 5233 αἰτῇς
817 5202 833 5224 ,
869 5162 973 5217 κᾶν
1001 5165 1179 5220 ὁτιοῦν
1211 5168 1448 5224 τοιοῦτον
1491 5173 1651 5244 αίτῇς
1682 5172 1868 5243 βιωτι-

276 5248 397 5313 κδν,
434 5251 750 5323 παραρρέον
769 5294 784 5319 ,
815 5256 911 5307 καὶ
932 5258 1172 5313 ἐναντίον
1208 5264 1278 5332 τῇ
1312 5262 1414 5334 τῆς
1445 5264 1624 5337 ψυχῆς
1656 5265 1868 5336 φιλοσο-

275 5342 399 5412 φίᾳ.
441 5343 701 5414 Αἱτῶμεν
736 5345 918 5401 τοίνυν
951 5348 1091 5405 ὥστε
1134 5354 1228 5407 καὶ
1277 5356 1576 5426 ἐπιτυχεῖν.
1619 5357 1673 5410 '0
1723 5358 1868 5425 Θεὸς

274 5434 492 5502 κριτὴς
517 5435 766 5503 δίκαιος,
796 5438 900 5493 καὶ
930 5441 1198 5511 ἰσχυρὸς,
1223 5445 1321 5499 κα)
1343 5449 1746 5518 μακρόθυμος,
1765 5452 1865 5504 καὶ

273 5525 362 5593 μὴ
400 5525 591 5596 ὀργὴν
638 5527 884 5600 ἐπάγων
918 5533 1048 5586 καθ’
1089 5534 1360 5606 ἑκάστην
1390 5538 1639 5608 ἡμέραν.
1675 5540 1868 5605 Ἀλλος

275 5619 462 5689 φησιν,
501 5616 976 5693 Ἐ’μϐριμώμενος
1004 5626 1153 5682 κατὰ
1177 5626 1386 5685 πᾶσαν
1414 5631 1667 5702 ἡμέραν.
1723 5635 1781 5688 '0
1810 5636 1867 5688 δὲ

338 5824 363 5853 ⁸
377 5828 516 5900 ,ΕΠΙΞΒ
540 5827 893 5900 ςοάςι-ξτερός
911 5843 1076 5900 φησιν’,
1100 5832 1127 5878 6
1148 5831 1267 5888 Θεὸς
1286 5831 1484 5895 δίκαιος,
1502 5836 1533 5892 ἡ
1557 5836 1747 5899 βοήθειά
1774 5854 1865 5900 μου

283 5890 398 5948 π.ρά
425 5890 505 5940 τοῦ
534 5890 674 5942 θεοῦ.
710 5890 883 5940 Κοιίὀί
906 5891 1245 5952 ἐϐδομήκοντα.

1977 559 2248 633 Ἐϐραῖος,
2279 563 2439 618 Κατὰ
2460 563 2670 620 πᾶσαν
2698 567 2870 635 ζὶοήν.
2894 570 3001 623 Καὶ
3035 568 3215 636 ἄλλος,
3245 570 3554 628 Ἀπειλού-

1959 671 2163 724 μενος,
2180 656 2637 728 ἐμϐριμώμενος,
2657 662 2728 713 οὐ
2753 661 3113 722 κολάζων.“’0
3135 663 3188 717 δὲ
3208 662 3358 733 λέγει
3382 665 3556 719 τοιοῦ-

1963 750 2055 803 τόν
2083 751 2256 805 ἐστιν·
2275 752 2338 806 Εἰ
2359 752 2589 816 δίκαιος,
2618 753 2835 817 πάντως
2858 754 3175 826 βουλήσεται
3190 756 3317 819 τοὺς
3336 757 3554 823 ἀδίκους

1967 847 2224 901 κολάσαι·
2252 848 2301 901 εί
2335 848 2592 921 ίσχυρὸς,
2649 850 2867 914 πάντως
2907 851 3214 921 δυνήσεται.
3265 852 3375 907 Καὶ
3422 852 3551 918 ποῦ,

1966 940 2121 1011 φησὶ,
2147 939 2216 994 τὰ
2237 940 2338 1010 τῆς
2355 940 2783 1012 φιλανθρωπίας,
2802 944 2851 996 εἰ
2878 942 3018 997 κατά
3040 943 3099 997 τὸ
3113 943 3320 998 δίκαιον
3341 946 3552 1016 κρινεῖς

1963 1033 2190 1106 Πρῶτον
2210 1033 2330 1106 μὲν,
2355 1036 2412 1089 ἐν
2431 1033 2509 1104 τῷ
2530 1034 2604 1107 μὴ
2622 1034 2766 1089 κατὰ
2783 1036 2950 1100 πόδας
2966 1036 3193 1105 ἐπάγειν
3210 1038 3310 1109 τὴν
3325 1037 3481 1108 δίκην
3498 1038 3551 1104 b,

1969 1127 2168 1199 μᾶλλον
2184 1128 2239 1182 δὲ
2268 1129 2375 1200 πρὸ
2396 1126 2612 1193 τούτου,
2645 1130 2703 1183 ἐν
2731 1128 2812 1200 τῷ
2836 1128 3016 1183 πάντα
3037 1129 3255 1198 ἀφεῖναι
3288 1130 3356 1184 τά
3379 1132 3556 1203 ἀμαρ-

1965 1223 2185 1293 τήματα
2231 1222 2320 1278 διὰ
2363 1222 2592 1295 λουτροῦ
2624 1222 3073 1292 παλιγγενεσίας·
3113 1222 3367 1295 δεύτερον
3405 1223 3463 1276 δέ
3495 1224 3555 1278 ἐν

1964 1318 2044 1389 τῷ
2077 1318 2174 1372 καὶ
2203 1317 2494 1388 μετάνοιαν
2513 1315 2716 1373 δοῦναι.
2749 1317 2848 1371 Ἂν
2875 1317 2985 1389 γὰρ
3016 1318 3298 1389 ἐννοήσῃς,
3325 1316 3407 1370 ὅτι
3427 1316 3557 1371 καθ’

1968 1413 2206 1484 ἑκάστην
2255 1412 2643 1483 ἁμαρτάνομεν
2694 1411 2942 1483 ἡμέραν,
2985 1411 3107 1465 τότε
3140 1410 3376 1483 μάλιστα
3432 1410 3555 1480 ὄψει

1967 1507 2133 1562 αὑτοῦ
2167 1507 2227 1562 τὸ
2262 1508 2467 1576 ἄφατον
2500 1506 2730 1578 μέγεθος
2774 1505 2877 1576 τῆς
2923 1504 3348 1577 φιλανθρωπίας.
3392 1504 3459 1557 Ὃ
3488 1502 3555 1574 δὴ

1969 1603 2063 1656 καὶ
2113 1601 2397 1673 ἐμφαίνων
2432 1600 2717 1671 ἐπήγαγε,
2771 1599 2982 1668 λέγων·
3040 1599 3104 1651 '0
3161 1596 3306 1663 Θεὸς
3346 1594 3557 1665 κριτὴς

1967 1693 2196 1759 δίκαιος
2217 1734 2231 1754 ,
2263 1692 2362 1746 καί
2392 1691 2664 1761 ἰσχυρὸς,
2705 1690 2804 1745 καὶ
2829 1691 3233 1761 μακρόθυμος.
3281 1688 3553 1759 Ἀπορεῖς,

1968 1784 2091 1840 ἐπεὶ
2120 1784 2216 1838 καὶ
2234 1782 2460 1838 δύναται
2480 1783 2576 1837 καὶ
2607 1780 2878 1853 βούλεται,
2900 1780 3048 1844 τίνος
3076 1779 3261 1833 ἕνεκεν
3291 1779 3353 1832 οὐ
3392 1777 3555 1832 κολά-

1968 1877 2049 1941 ζει
2074 1893 2089 1942 ;
2110 1874 2385 1938 Μάνθανε,
2420 1875 2585 1947 φησὶν
2606 1914 2621 1938 ,
2645 1874 2728 1929 ὄτι
2762 1873 3136 1947 μακρόθυμος,
3173 1872 3267 1925 καὶ
3288 1870 3364 1942 μὴ
3382 1868 3556 1942 ὀργὴν

1967 1966 2191 2036 ἐπάγων
2212 1966 2336 2021 καθ’
2367 1965 2604 2037 ἑκάστην
2639 1964 2874 2038 ἡμέραν.
2907 1964 3027 2018 Ἵνα
3065 1963 3175 2035 γὰρ
3207 1963 3280 2033 μή
3325 1979 3409 2025 τις
3443 1960 3555 2015 τῶν

1967 2061 2208 2132 ἀνοήτων
2236 2060 2432 2133 νομίσῃ
2457 2100 2471 2124 ,
2501 2060 2583 2113 ὅτι
2614 2059 2683 2113 δι’
2712 2058 2995 2112 ἀσθένειαν
3022 2058 3121 2111 οὐκ
3160 2055 3555 2126 ἐπεξέρχεται,

1966 2153 2205 2207 δείκνυσι
2228 2153 2328 2223 τῆς
2361 2152 2673 2224 μελλήσεως
2709 2152 2810 2222 τὴν
2851 2150 3063 2205 αἰτίαν·
3101 2149 3184 2203 ὅτι
3219 2148 3430 2220 μεγάλα
3458 2145 3555 2199 καὶ

1967 2242 2001 2313 ἡ
2040 2239 2389 2313 μακροθυμία
2429 2242 2603 2314 μέτρα
2649 2240 2784 2311 ἔχει.
2842 2239 3060 2311 Ἐπειδὴ
3106 2238 3216 2310 γὰρ
3268 2238 3357 2292 διὰ
3395 2236 3558 2291 τοῦτο

1969 2335 2344 2408 μακροθυμεῖ,
2388 2337 2468 2399 είς
2515 2334 2802 2406 μετάνοιάν
2845 2351 2905 2387 σε
2948 2333 3116 2402 ἄγων,
3147 2332 3278 2386 ὅταν
3320 2331 3429 2385 ἀπὸ
3458 2327 3555 2383 τοῦ

1967 2427 2260 2502 φαρμάκου
2289 2426 2479 2482 τούτου
2515 2427 2683 2499 μηδὲν
2720 2425 3011 2500 κερδάνῃς,
3052 2426 3146 2480 καὶ
3178 2423 3554 2497 ἐπεξέρχεται.

1970 2523 2117 2593 ’Ἄρα
2162 2521 2286 2577 καθ’
2332 2522 2571 2591 ἑκάστην
2609 2522 2824 2593 ἡμέραν
2870 2522 2965 2575 τοῦ
3012 2520 3337 2586 κολάζεσθαί
3387 2520 3558 2590 ἐσμεν

1936 2614 2126 2682 οᾶξιοι.
2165 2615 2299 2670 Οὐδὲ
2338 2614 2448 2685 γὰρ
2475 2615 2563 2680 ἂν,
2592 2619 2640 2670 εί
2673 2616 2746 2688 μὴ
2770 2615 2929 2671 τοῦτο
2959 2610 3027 2686 ἦν
3047 2656 3062 2679 ,
3090 2614 3166 2678 ὡς
3208 2614 3352 2686 μέγα
3381 2630 3435 2668 τι
3466 2613 3559 2666 τέ-

1968 2706 2114 2760 θεικε
2147 2707 2227 2771 τὸ,
2258 2708 2356 2776 Μὴ
2387 2707 2575 2778 ὀργὴν
2593 2707 2835 2779 ἐπάγων
2861 2708 2990 2763 καθ’
3012 2707 3281 2774 ἑκάστην
3304 2705 3555 2776 ἡμέραν.

1981 2800 2119 2853 Ἀλλ’
2148 2800 2225 2863 ὼς
2256 2800 2367 2854 τῶν
2414 2801 2757 2871 πραγμάτων
2800 2802 2899 2871 μὲν
2941 2800 3101 2855 τοῦτο
3139 2798 3517 2854 ἀπαιτούντων
3540 2839 3559 2861 ,

1964 2892 2066 2960 τῆς
2092 2891 2150 2945 δέ
2171 2892 2266 2947 τοῦ
2294 2892 2431 2946 Θεοῦ
2458 2893 2873 2963 φιλανθρωπίας
2901 2891 3207 2964 ἐπεχούσης
3225 2903 3248 2931 ο
3276 2892 3376 2964 τὴν
3402 2890 3559 2958 ἀξίαν

1968 2982 2209 3048 κόλασιν,
2232 2983 2391 3037 τοῦτό
2430 3002 2613 3055 φησιν.
2649 2981 2804 3049 Εἶδες
2827 2985 2922 3039 καὶ
2952 2982 3186 3039 ἐνταῦθα
3211 2983 3329 3048 πῶς
3351 2984 3410 3037 τὸ
3436 2984 3560 3038 ἀνε-

1971 3075 2180 3147 παχθὲς
2218 3076 2314 3130 τοῦ
2353 3075 2493 3131 Θεοῦ
2528 3078 2811 3140 δείκνυσι,
2866 3077 2960 3131 καὶ
2989 3078 3090 3146 τὴν
3137 3078 3360 3132 κόλασιν
3386 3077 3560 3149 ὀργὴν

1968 3166 2144 3235 λέγεις
2186 3168 2376 3232 Οὐδεὶς
2405 3167 2516 3241 γὰρ
2538 3168 2711 3242 ὀργὴν
2749 3168 2945 3239 ἐπάγει
2977 3168 3145 3240 ἄλλῳ,
3177 3167 3317 3223 ἀλλὰ
3339 3169 3440 3237 τὴν
3461 3168 3562 3238 μὲν

1967 3258 2138 3331 ὀργὴν
2165 3259 2328 3324 αὐτὸς
2360 3260 2493 3332 ἔχει.
2515 3261 2614 3332 τὴν
2634 3262 2691 3316 δέ
2713 3261 2935 3317 κόλασιν
2956 3261 3153 3331 ἐπάγει
3182 3260 3375 3334 ἑτέρῳ.
3396 3260 3563 3315 Οὐδὲν

1968 3346 2062 3406 οῦν
2093 3351 2254 3418 ἄλλο,
2302 3350 2419 3425 167]
2454 3354 2488 3425 ἢ
2521 3352 2620 3425 τὴν
2659 3353 2882 3407 κόλασιν
2914 3353 3065 3425 δηλοῖ
3103 3353 3183 3425 τῷ
3221 3355 3416 3417 εἰπεῖν,
3450 3350 3561 3409 Καὶ

1962 3444 2053 3515 μὴ
2084 3445 2272 3515 ὀργὴν
2291 3446 2532 3517 ἐπάγων
2561 3447 2692 3500 καθ’
2721 3446 2991 3515 ἑκάστην
3018 3445 3267 3516 ἡμέραν.
3299 3447 3411 3501 Καὶ
3441 3447 3565 3511 πῶς

1968 3554 2123 3607 φησι,
2147 3540 2285 3593 Καθ’
2301 3537 2571 3606 ἑκάστην
2585 3537 2819 3608 ἡμέραν
2832 3538 2858 3578 ά
2877 3556 2894 3602 ;
2920 3539 3224 3593 Είσελθέτω
3237 3539 3468 3604 ἕκαστος
3481 3540 3565 3602 εἰς

1967 3632 2029 3685 τὸ
2067 3632 2263 3686 ἑαυτοῦ
2295 3632 2552 3700 συνειδὸς,
2577 3633 2673 3687 καὶ
2701 3632 2825 3687 τότε
2859 3633 3070 3702 ὄψεται.
3109 3630 3224 3687 Ἵνα
3263 3633 3374 3703 γὰρ
3401 3632 3564 3704 παρῶ

1967 3727 2040 3781 τὰ
2095 3728 2386 3800 ἀπόρρητα
2424 3726 2658 3782 ἑκάστου
2712 3728 3119 3799 ἁμαρτήματα,
3166 3725 3341 3781 ταῦτα
3377 3727 3442 3797 δὴ
3493 3724 3563 3780 τὰ

1969 3817 2125 3873 κοινὰ
2162 3819 2245 3882 τίς
2288 3818 2668 3887 διαφεύξεταις
2716 3817 2855 3872 Ποῖα
2884 3817 2949 3889 δὴ
2992 3817 3197 3882 ταῦτα;
3244 3817 3382 3869 Ποία
3414 3814 3563 3869 ἐστὶν

1970 3909 2175 3982 ἡμέρα,
2289 3908 2364 3981 μὴ
2417 3909 2680 3982 ῥᾳθύμως
2723 3909 2997 3980 εὐχόμεθα
3040 3909 3135 3963 καὶ
3167 3908 3305 3979 μετὰ
3357 3907 3562 3976 πολλῆς

1968 4002 2294 4074 ὀλιγωρίαςς
2323 4004 2454 4057 Ὅτι
2491 4003 2547 4057 δὲ
2577 4001 2736 4057 τοῦτο
2774 4003 2947 4075 ὀργῆς
2977 4003 3156 4070 ἀξιον,
3192 4002 3348 4073 δῆλον
3374 3999 3561 4055 ἐντεῦ-

1970 4096 2082 4151 θεν.
2115 4096 2253 4151 Είπέ
2288 4095 2398 4168 γάρ
2431 4111 2553 4168 μοι·
2591 4096 2639 4150 εί
2671 4095 2900 4168 δικαστῇ
2929 4094 3294 4167 χασμώμενος
3318 4092 3563 4167 προσῆλο

1972 4189 2085 4254 θες,
2114 4190 2209 4245 καὶ
2226 4184 2573 4258 διηλέγχθης,
2598 4188 2699 4242 οὐκ
2720 4188 2784 4243 ἀν
2807 4205 2867 4242 σε
2892 4187 3096 4252 εὐθέως
3113 4188 3268 4259 δίκην
3290 4187 3562 4260 ἀπῄτησε,

1970 4284 2066 4338 καὶ
2118 4283 2199 4347 είς
2255 4283 2355 4355 τὴν
2411 4281 2709 4355 ὑπερορίαν
2771 4280 3104 4353 μετέστησες
3162 4281 3294 4347 Ναὶ,
3354 4281 3560 4352 φησίν·

1969 4376 2259 4447 ἄνθρωπος
2298 4375 2408 4446 γάρ
2452 4376 2590 4429 ἐστι.
2627 4375 2738 4427 Καὶ
2774 4375 2829 4428 τί
2856 4374 3047 4440 τοῦτο;
3102 4373 3426 4445 Ἀνθρωπος
3460 4371 3562 4442 μὲν

1970 4469 2082 4541 γὰρ
2101 4470 2401 4542 ὑϐρισθεὶς,
2432 4471 2533 4526 οὐκ
2566 4472 2632 4526 ἂν
2660 4473 2744 4542 εἴη
2773 4472 2985 4535 δίκαιος
3017 4472 3377 4539 ἀγανακτεῖν·
3410 4464 3562 4538 παρὰ

1973 4562 2080 4634 γὰρ
2111 4562 2206 4617 τοῦ
2232 4563 2495 4635 ὀμοτίμου
2537 4563 2767 4635 ὑϐρίσθη
2790 4582 2804 4595 ·
2833 4566 2862 4617 6
2909 4564 2967 4616 δέ
3001 4562 3134 4626 Θεὸς
3176 4561 3561 4633 ὑϐριζόμενος.

1969 4650 2194 4716 δικαίως
2220 4655 2286 4709 ἂν
2314 4653 2585 4722 ἐπαγάγοι
2618 4652 2718 4722 τὴν
2745 4651 2923 4723 δίκην.
2966 4652 3185 4717 Μείζων
3220 4651 3330 4724 γὰρ
3358 4651 3497 4723 αῦτη
3527 4653 3562 4722 ή

1971 4744 2219 4815 ἁμαρτία
2247 4744 2351 4814 τῆς
2378 4747 2460 4809 είς
2494 4743 2801 4817 ἄνθρωπον.
2843 4745 2950 4799 Καὶ
2987 4747 3016 4799 6
3053 4745 3151 4816 μὲν
3181 4745 3469 4818 ἄνθρωπος
3501 4746 3564 4799 τδ

1971 4833 2168 4889 ἑαυτοῦ
2202 4835 2381 4906 ζητῶν
2422 4835 2584 4891 τοῦτο
2626 4840 2803 4891 ποιεῖ·
2848 4840 2876 4892 6
2914 4837 2971 4891 δὲ
3001 4838 3133 4903 Θεὸς
3166 4839 3229 4892 τὸ
3259 4839 3371 4895 σόν.
3396 4839 3562 4894 Ὥστε

1971 4927 2115 4981 κατὰ
2155 4927 2344 4992 τοῦτο,
2384 4927 2535 4994 ἄξιον
2564 4928 2723 4984 τοῦτο
2758 4931 2960 5001 μᾶλλον
3000 4932 3449 5003 ἀγανακτήσεως.
3484 4930 3561 4986 Οὐ

1971 5021 2082 5094 γάρ
2119 5023 2265 5075 ἐστιν
2301 5020 2414 5074 ἴσον
2444 5025 2809 5094 καταφρονεῖν
2854 5021 2964 5077 τῶν
3001 5021 3069 5077 τὰ
3095 5023 3305 5076 ἑαυτῶν
3336 5021 3560 5091 ζητούν-

1970 5132 2102 5181 των,
2130 5116 2225 5169 καὶ
2259 5116 2353 5169 τοῦ
2377 5115 2447 5170 τὰ
2474 5115 2563 5169 σά.
2587 5114 2759 5171 Τοῦτο
2787 5116 2896 5188 γάρ
2925 5117 3171 5189 μείζονος
3199 5117 3368 5189 ὀργῆς
3384 5117 3561 5183 ἀξιον,

1971 5207 2100 5261 ὅταν
2142 5209 2277 5279 μηδὲ
2304 5209 2476 5263 αίτείν
2503 5209 2711 5281 μέλλων
2737 5210 2807 5264 τά
2842 5213 2925 5265 σοὶ
2957 5210 3328 5283 συμφέροντα,
3359 5212 3558 5282 νήφῃς.

1972 5299 2067 5363 Τίς
2086 5301 2144 5354 δέ
2174 5302 2344 5366 ἐστιν,
2377 5302 2435 5365 ὃς
2455 5303 2554 5373 οὐχ
2578 5301 2768 5376 ῦσρισε
2791 5305 2884 5358 τὸν
2907 5303 3133 5372 ἀδελφὺν
3152 5303 3310 5373 είκῆ;
3343 5302 3437 5375 Μὴ
3451 5303 3561 5374 γάρ

1975 5411 2063 5464 μοι
2093 5395 2273 5468 εἴπῃς,
2296 5397 2377 5449 ὃτι
2406 5398 2625 5468 οίκὲτην
2647 5397 2890 5469 ὕϐρισεν·
2928 5397 3036 5450 Ἓν
3056 5396 3166 5465 γὰρ
3196 5394 3427 5465 Χριστῷ
3443 5397 3560 5450 οὐκ

1970 5487 2181 5555 ἄρσεν,
2218 5492 2291 5544 οὐ
2318 5491 2499 5559 θῆλυ,
2531 5494 2604 5545 οὺ
2635 5492 2888 5560 δοῦλος,
2922 5495 3035 5548 οὐκ
3060 5494 3377 5563 ἐλεύθερός
3402 5494 3560 5548 ἐστι.

1972 5581 2069 5644 Τίς
2092 5581 2257 5636 πάλιν
2287 5582 2347 5648 ὃς
2370 5584 2431 5637 οὐ
2461 5586 2860 5658 κατηγόρησεν,
2894 5587 3016 5641 οὐδὲ
3049 5586 3347 5658 ἐψεύσατος
3375 5587 3434 5651 ὃς
3461 5586 3558 5639 οὐκ

2039 5772 2064 5841 If
2087 5772 2225 5841 pnus
2251 5777 2338 5834 τὴν
2358 5778 2606 5841 τιμωρίαν.

2037 5837 2061 5908 εξ
2088 5836 2197 5908 Quo
2219 5850 2336 5908 mss.
2359 5836 2630 5908 ἐξεχούσῃς.
2649 5837 2783 5908 (ἷυη).
2809 5844 3011 5905 quidem
3035 5846 3313 5908 ἐπεχούσης.

2037 5894 2064 5934 ἀ
2089 5896 2211 5961 Βρε.
2234 5901 2313 5948 καὶ
2345 5894 2664 5957 πῶξκσίθἿκ.
2691 5907 2776 5966 ἡμ.
2804 5894 2942 5967 ἄξιοι,
2968 5894 3321 5970 σησίν,’”ὃρὶ¹”ῖίέ
