4106 6408
658 407 728 463 97
1425 395 1480 450 S.
1522 389 1809 450 JOANNIS
1848 384 2341 446 CHRYSOSTOMI
2374 385 2695 445 ARCIIIEP.
2734 383 3283 445 CONSTANTINOP.
3856 386 3922 444 98

660 521 802 578 εἶδεν
832 522 1145 581 ἀκολάστοις
1174 514 1466 585 ὀφθαλμοῖς
1491 516 1759 583 γυναῖκας
1796 512 1854 574 ὃς
1881 510 1981 564 οὐκ
2011 509 2246 579 ἐϐάσκη-

660 634 780 678 νεν;
805 615 864 677 ὃς
882 614 983 666 οὐκ
1005 606 1414 679 ἐκενοδὸξητενς
1440 606 1497 668 ὃς
1520 605 1621 658 οὐκ
1643 602 1943 673 ἐφθέγξατο
1972 600 2123 671 ρἧα
2146 600 2247 669 ἀρ·

659 708 791 778 γόν;
815 706 1000 759 Πάντα
1031 703 1086 756 δὲ
1116 700 1291 754 ταῦτα
1322 700 1428 751 ὐπὸ
1458 698 1679 751 κόλασιν
1708 694 2036 749 κεῖται.Καὶ
2068 692 2119 744 εί
2146 691 2245 761 μὲν

660 799 791 869 περὶ
824 798 891 850 τά
922 792 1153 867 βιωτικά
1198 791 1272 864 μὴ
1321 791 1473 854 ὄντες
1516 788 1827 849 σπουδαῖοι,
1866 784 2003 856 μηδέ
2049 784 2107 836 ἐν
2134 785 2244 846 τοῖς

661 888 1053 957 πνευματικοῖς
1072 881 1233 956 ἦμεν,
1275 880 1603 952 συγγνώμης
1632 880 1699 933 ἀν
1718 874 1860 949 ἦμεν
1887 876 2047 941 ἄξιοι·
2076 873 2170 929 νῦν
2188 874 2247 929 δὲ

659 981 755 1035 καὶ
779 979 984 1049 ταύτης
1009 973 1439 1047 ἀπεστερήμεθα
1456 975 1554 1044 τῆς
1577 970 1893 1040 ἀπολογίας.
1913 970 2023 1023 Καὶ
2049 968 2154 1041 γάρ
2188 968 2248 1022 ἐν

659 1073 891 1135 ἐκείνοις
911 1070 1012 1142 μὲν
1035 1068 1394 1143 ἐαρηγορότες
1431 1065 1619 1136 ἐσμὲν,
1648 1064 1706 1118 ἐν
1726 1063 1934 1125 τούτοις
1959 1060 2016 1115 δέ
2043 1062 2247 1115 ἀναπε-

660 1164 960 1226 πτωκότες.
979 1162 1143 1215 Ὥστε
1173 1160 1231 1213 δὲ
1269 1158 1343 1230 μὴ
1371 1156 1666 1221 ἀκούοντας
1689 1195 1706 1220 ,
1740 1156 1823 1210 ὅτι
1858 1152 2243 1227 μακρόθυμος,

663 1254 1069 1328 ῥᾳθυμοτέρως
1080 1251 1349 1321 γενέσθαι,
1370 1251 1647 1322 ἐπήγαγεν
1666 1266 1679 1280 ·
1714 1248 1858 1303 Ἐὰν
1872 1247 1957 1319 μὴ
1974 1249 2250 1315 ἐπιστρα-

662 1348 836 1418 prius,
872 1345 1304 1413 τὴνρομςςαιάν
1331 1341 1521 1397 αὑτοῦ
1555 1341 1896 1396 στιλϐώσει.
1934 1342 2161 1411 Ἕτερος
2189 1334 2250 1392 δέ

663 1458 818 1513 φησι,
840 1439 963 1506 Τὴν
982 1437 1285 1507 μάχαιραν
1305 1435 1491 1490 αὐτοῦ
1516 1432 1824 1500 ἁκονήσει.
1853 1434 1921 1488 Τὸ
1946 1433 2125 1497 τόξον
2145 1433 2249 1487 αὑ-

663 1550 729 1585 το
738 1532 770 1585 ῦ
783 1529 1063 1593 ἐνέτεινε,
1080 1528 1178 1581 καὶ
1196 1527 1526 1595 ἡτοίμασεν
1538 1524 1706 1578 αὐτό.
1717 1522 1907 1586 ’Ἄλλος
1924 1523 2086 1593 φησὶν
2095 1562 2110 1584 ,
2124 1522 2251 1576 Ἐκ-

663 1622 825 1678 τενεῖ
842 1635 891 1678 ι.
922 1621 1030 1675 Kal
1061 1621 1130 1674 ὲν
1158 1618 1319 1684 αὐτῷ
1344 1618 1634 1687 ἡτοίμασε
1650 1617 1840 1683 σκεύη
1869 1613 2148 1670 θανάτου.
2174 1613 2251 1668 Τὰ

659 1713 819 1780 ,ϐέλη
852 1711 1041 1767 αὐτοῦ
1072 1710 1195 1776 τοῖς
1229 1708 1571 1780 καιομένοις
1607 1704 2020 1777 ἐξειργάσατο.
2058 1704 2250 1769 ιἈλλος

665 1806 853 1877 φησὶν,
880 1807 983 1871 Εἰς
1004 1804 1069 1857 τὸ
1098 1803 1310 1858 καίειν.

739 2014 825 2061 ια’.
856 2006 920 2060 Τί
945 2002 1181 2059 ἐνταῦθα
1206 2000 1422 2074 ἐροῦσιν
1446 1999 1495 2053 οί
1522 1996 1990 2069 ἀνθρωπόμορφον
2010 1994 2101 2049 τδν
2117 1993 2250 2049 Θεδν

664 2096 932 2162 λέγοντες,
994 2095 1059 2146 ἐκ
1098 2089 1194 2144 τοῦ
1243 2086 1499 2156 λέγεσθαι
1550 2088 1740 2157 χεῖρας
1783 2083 1880 2138 καὶ
1941 2082 2110 2146 πόδας
2156 2080 2253 2135 καὶ

663 2181 975 2253 ὀφθαλμοὺς
1022 2179 1200 2250 ἔχεινς
1240 2171 1391 2248 *Δρα
1430 2172 1561 2239 τόξα
1607 2172 1755 2236 ἀνω,
1818 2170 1913 2225 καὶ
1961 2170 2113 2241 βέλη,
2157 2169 2253 2223 καὶ

664 2272 834 2341 ἀκόνη
858 2308 875 2335 ,
911 2268 1004 2323 καὶ
1039 2267 1315 2339 μάχαιρα,
1348 2263 1444 2317 καὶ
1486 2262 1765 2333 φαρέτρας
1808 2258 1918 2312 Kal
1961 2258 2069 2330 μὴν
2096 2256 2253 2321 ἀλλος

667 2358 831 2429 φησίν
852 2373 865 2386 ·
906 2358 1009 2410 Ἐν
1040 2353 1122 2417 τῷ
1160 2349 1483 2418 ἐπιϐλέψαι
1507 2366 1612 2414 σε,
1643 2345 2125 2417 ταραχθήσονται
2153 2344 2253 2399 ἐπὶ

656 2445 784 2503 ,σοῦ
816 2443 948 2510 ὄρη.
984 2441 1098 2494 Καὶ
1127 2438 1291 2502 αὐτὸς
1319 2432 1517 2502 οὗτοςο
1561 2436 1614 2489 '0
1644 2434 1984 2489 ἐπιϐλέπων
2004 2433 2102 2487 ἐπὶ
2140 2431 2256 2499 τὴν

669 2532 807 2603 γῆν,
842 2531 939 2584 καὶ
983 2526 1170 2581 ποιῶν
1206 2525 1403 2593 αὐτὴν
1431 2524 1686 2594 τρέμειν.
1718 2524 1782 2576 Εἰ
1815 2523 1871 2574 δὲ
1909 2521 2051 2593 ὁρῶν
2096 2520 2255 2592 μόνον

666 2621 767 2690 τὴν
796 2619 923 2688 γῆν,
954 2616 1049 2670 καλ⁵
1088 2614 1250 2668 λίθων
1294 2614 1451 2684 τήκει
1486 2611 1670 2681 φύσιν,
1719 2608 1899 2679 πολλῷ
1934 2609 2136 2679 μᾶλλον
2166 2609 2252 2662 ἐπ’

668 2706 971 2776 ἀνθρώπιον
1030 2699 1177 2755 τοῦτο
1220 2700 1533 2771 δυνήσεται.
1575 2696 1732 2760 Τίνος
1784 2691 1878 2749 οὖν
1921 2696 2106 2749 ἕνεκεν
2148 2694 2255 2748 ἀπὺ

666 2792 762 2845 τοῦ
796 2791 955 2864 μόνον
986 2790 1113 2843 ίδεῖν
1141 2786 1518 2858 καταστρέψαι
1549 2785 1849 2855 δυνάμενος
1876 2782 1975 2855 τὴν
2001 2782 2255 2855 οἰκουμέ-

668 2898 788 2950 νην,
817 2878 1018 2950 μᾶλλον
1044 2877 1101 2931 δὲ
1130 2875 1239 2930 ἀπὸ
1262 2873 1354 2929 τοῦ
1405 2874 1659 2945 ἐθελῆσαι
1688 2872 1850 2943 μόνον
1878 2871 1925 2944 (ὁ
1961 2872 2073 2943 γὰρ
2098 2870 2256 2943 θελή-

670 2986 801 3041 ματι
832 2968 990 3041 μόνον
1018 2967 1249 3036 ποιήσας
1274 2963 1464 3035 αὐτὴν,
1492 2962 1714 3035 εὐδηλον
1751 2963 1835 3016 ὅτι
1869 2962 1965 3015 καὶ
1988 2961 2256 3033 θελήματι

669 3058 817 3129 μόνῳ
848 3055 1054 3110 ἀνελεῖν
1091 3051 1355 3121 δύναται),
1392 3048 1510 3123 [68]
1540 3049 1758 3119 λέγεται
1808 3047 2082 3118 ῥομφαίαν
2112 3047 2257 3118 ἔχειν

668 3146 764 3199 καὶ
795 3143 978 3211 τόξον;
1043 3142 1105 3195 Εἰ
1135 3139 1246 3211 γὰρ
1283 3140 1389 3193 Ἐν
1421 3136 1497 3206 τῇ
1526 3136 1677 3207 χειρὶ
1707 3134 1897 3190 αὑτοῦ
1923 3134 1997 3188 τὰ
2031 3135 2258 3203 πέρατα

669 3229 779 3298 τῆς
808 3228 941 3299 τῆς,
976 3228 1084 3283 Kal
1116 3229 1170 3282 οί
1200 3225 1577 3290 ἐνοικοῦντες
1600 3224 1670 3279 ἐν
1692 3221 1869 3291 αὐτῇ,
1891 3224 1972 3289 ὡς
1991 3221 2254 3292 ἀκρίδεςο

671 3317 766 3370 καὶ
795 3317 993 3369 Πάντα
1018 3314 1089 3369 τὰ
1112 3314 1258 3381 ἔθνη
1279 3312 1361 3379 ὡς
1388 3310 1630 3382 σταγὼν
1655 3310 1774 3366 ἀπὸ
1810 3310 2023 3372 κάδον,
2047 3308 2148 3364 καί
2174 3310 2258 3377 ὡς

665 3403 830 3473 ῥοπὴ
869 3402 1046 3474 ζυγοῦ
1074 3402 1506 3474 ,λογισθήσεται
1526 3417 1542 3434 ο
1577 3400 1675 3455 καὶ
1704 3400 1734 3453 ό
1758 3399 1988 3469 ἄγγελος
2011 3400 2067 3454 δὲ
2090 3398 2255 3454 αὐτοῦ

672 3490 927 3557 ἐξελθὼν,
962 3491 1021 3543 ἐν
1055 3488 1284 3562 βραχείᾳ
1314 3487 1508 3559 καιροῦ
1543 3489 1682 3560 ῥοπῇ
1711 3488 1905 3542 ἑκατὸν
1931 3488 2257 3560 ὀγδοήκοντα

673 3578 837 3632 πέντε
869 3577 1113 3649 χιλιάδας
1145 3577 1350 3631 ἀνεῖλε·
1398 3575 1451 3629 τί
1484 3575 1629 3645 λέγω
1658 3576 1923 3645 ἀγγελοςς
1962 3578 2116 3647 μυῖαι
2162 3577 2258 3631 καὶ

672 3665 895 3736 κάμπαι
917 3666 1013 3719 καὶ
1034 3662 1319 3734 σκώληκες
1344 3663 1405 3718 τὸ
1432 3663 1542 3719 τῶν
1561 3664 1874 3734 Αἰγυπτίων
1894 3663 2257 3736 στρατόπεδον

668 3752 993 3807 ἀπώλεσαν
1026 3751 1131 3806 ποῦ
1177 3749 1333 3817 τόξου
1372 3750 1559 3805 αὐτόθι
1592 3750 1779 3823 χρείας
1834 3749 1935 3805 ποῦ
1968 3750 2025 3804 δὲ
2062 3749 2259 3823 μαχαί-

676 3856 811 3912 ρας;
851 3839 1009 3905 Τίνος
1051 3834 1146 3894 οὖν
1174 3838 1361 3893 ἕνεκεν
1383 3837 1557 3892 ταῦτα
1585 3838 1836 3911 εῖρηται;
1884 3839 1983 3892 Διά
2021 3838 2121 3910 τὴν
2148 3838 2257 3891 τῶν

671 3927 984 3981 ἀκουόντων
1032 3924 1343 3997 παχύτητα,
1387 3924 1483 3979 καὶ
1522 3924 1663 3979 ὥστε
1714 3928 1828 3990 τοῖς
1872 3925 2099 3996 ὀνόμασι
2144 3926 2259 3990 τοῖς

676 4013 993 4085 συντρόφοις
1032 4012 1143 4065 τῶν
1189 4012 1371 4065 ὅπλων
1408 4016 1733 4066 κατασείσαι
1776 4011 1956 4066 αὐτῶν
1994 4011 2094 4083 τὴν
2138 4010 2257 4065 διά-

675 4117 841 4156 νοιαν.
870 4092 946 4154 Οὐ
970 4098 1081 4171 γὰρ
1106 4101 1165 4153 ἐν
1190 4102 1257 4171 τῇ
1290 4100 1435 4169 χειρὶ
1466 4100 1499 4170 ἡ
1528 4100 1667 4171 πνοὴ
1708 4100 1928 4155 πάντων
1953 4100 2133 4172 ἡμῶν,
2164 4099 2259 4154 καὶ

651 4180 738 4240 ὀὐ
769 4186 911 4241 κατά
941 4186 1234 4257 πρόσωπον
1280 4185 1485 4257 ψύχους
1529 4186 1694 4240 αὐτοῦ
1723 4186 1975 4258 οὐδαμῶς
2001 4204 2085 4250 τις
2123 4186 2259 4241 ὐπο-

677 4275 968 4345 στήσεται,
1005 4272 1121 4337 πῶς
1165 4272 1345 4327 ὃπλων
1387 4274 1468 4326 δεῖ
1497 4274 1713 4346 τούτῳ;
1749 4275 1889 4328 Ἀλλ’
1920 4274 2057 4345 ὅπερ
2086 4273 2260 4346 ἔφθην

672 4359 866 4428 εἰπὼν,
895 4359 985 4414 διὰ
1010 4361 1110 4433 τὴν
1145 4359 1433 4433 παχύτητα
1474 4360 1569 4414 καὶ
1607 4360 1705 4433 τὴν
1753 4360 2108 4431 ἀναισθησίαν
2150 4358 2260 4414 τῶν

674 4450 987 4505 ἀκουόντων
1030 4447 1172 4502 οὓτω
1221 4447 1397 4503 ταῦτα
1445 4447 1682 4520 εἴρηται.
1735 4448 1802 4501 Τί
1848 4449 1908 4503 δέ
1961 4450 2097 4512 ἐστι,
2146 4446 2261 4502 Kal

674 4537 994 4592 στιλόώσει
1010 4552 1031 4603 ;
1075 4536 1375 4609 Ἀκονήσει.
1406 4530 1557 4607 τΔρα
1587 4531 1683 4590 οὖν
1711 4535 1808 4589 καὶ
1837 4535 2039 4606 ἀκόνης
2064 4533 2257 4606 χρεία;

675 4625 774 4680 καὶ⁵
805 4625 884 4690 ίδς
910 4625 1040 4696 περὶ
1086 4624 1185 4694 τὴν
1220 4624 1527 4696 μάχαιραν;
1560 4625 1670 4677 Kal
1695 4623 1781 4686 τίς
1813 4622 1881 4677 ἂν
1907 4620 2101 4686 ταῦτα,
2134 4619 2259 4674 νοῦν

677 4712 837 4781 ἔχων,
857 4711 1102 4777 ἀνέξεται
1123 4710 1298 4775 οὕτως
1321 4711 1570 4766 ἐκλαϐεῖν
1591 4711 1667 4774 ὼς
1688 4712 1903 4783 είρηται
1923 4727 1938 4777 ;
1957 4708 2097 4763 Ἀλλ’
2119 4709 2260 4781 ὅπερ

677 4799 848 4871 ἔφθην
880 4799 1072 4864 είπὼν,
1099 4800 1199 4871 τὴν
1228 4800 1498 4871 τιμωρίαν
1526 4799 1613 4853 διὰ
1657 4800 1876 4853 πάντων
1909 4797 2258 4869 σχηματίζει,

678 4886 774 4940 καὶ
797 4886 891 4940 ἐπὶ
909 4885 979 4939 τά
1002 4885 1287 4958 παχύτερα
1316 4887 1582 4957 πρόεισιν,
1605 4885 1747 4939 ὥστε
1776 4887 1872 4941 καὶ
1896 4886 2023 4949 τούς
2052 4884 2261 4956 σφόδρα

674 4975 938 5045 ἀνοήτους
972 4974 1221 5037 συνιδεῖν,
1249 4974 1333 5028 ὅτι
1362 4974 1425 5027 οὐ
1462 4973 1543 5027 δεῖ
1579 4975 1702 5037 ταῖς
1729 4972 1907 5041 λέξεσι
1933 4970 2262 5044 παρακαθῆ-

646 5114 649 5121 ,
678 5062 825 5125 σθαι,
852 5061 988 5115 ἀλλά
1017 5061 1336 5130 θεοπρεπεῖς
1362 5061 1570 5125 ἐννοίας
1600 5062 1666 5114 ἐκ
1702 5060 1908 5116 τούτων
1935 5060 2257 5130 λαμϐάνειν.

679 5150 843 5203 Ὥστε
873 5150 927 5204 εῖ
950 5166 1032 5212 τις
1056 5148 1254 5219 ἀπορεῖ
1283 5148 1428 5213 τίνος
1453 5147 1639 5202 ἕνεκεν
1666 5147 1839 5220 θυμὸς
1883 5149 2100 5221 είρηται
2128 5148 2259 5219 περὶ

676 5238 813 5291 θεοῦ
842 5238 939 5292 καὶ
966 5236 1126 5310 ὀργὴ,
1154 5234 1334 5306 πολλῷ
1374 5233 1576 5306 μᾶλλον
1601 5233 1807 5288 τούτων
1835 5235 2023 5290 ἐνεκεν
2048 5236 2262 5307 ἀπορή-

680 5342 784 5380 σει.
835 5327 900 5381 El
936 5326 995 5383 δὲ
1033 5324 1207 5381 ταῦτα
1253 5324 1352 5399 οὐχ
1390 5322 1466 5389 ὡς
1510 5322 1725 5395 εἴρηται
1759 5324 2080 5397 ἐκληπτέον,
2125 5322 2261 5378 ἀλλά

743 5536 770 5567 ⁸
790 5502 904 5585 Duo
923 5548 1040 5583 mss.
1059 5533 1247 5587 ἐντενιῖ.
1262 5535 1382 5586 Haec
1396 5533 1745 5599 interpretatio
1765 5536 1964 5587 videtur
1984 5545 2097 5584 esse
2119 5535 2262 5596 Sym-

678 5604 862 5686 machj:
878 5604 1041 5686 lectio
1062 5605 1299 5686 Hegraica
1315 5612 1394 5656 est
1409 5606 1526 5686 ’ΠἸ
1534 5604 1762 5686 ιειειιάίις
1781 5607 1950 5658 ιντενεῖ
1970 5611 2109 5656 certe
2127 5605 2263 5656 bene

680 5678 915 5749 egprjgnit
942 5691 1109 5749 vpcem
1134 5678 1449 5749 magicam;
1471 5678 1869 5749 intenditlagcum
1889 5682 2261 5749 sqilicet,_txyc-

686 5736 919 5807 εεῖριίιηι
940 5741 1046 5807 si_v¢_
1068 5740 1302 5801 extendit,
1326 5736 1616 5807 oppbrtpneﬁ
1630 5743 1910 5807 adhibetpr.
1932 5736 2155 5793 Lectoi'is
2176 5743 2256 5805 ju-

681 5796 812 5845 dicio
834 5799 1161 5857 permittimus
1178 5796 1321 5863 quain
1339 5796 1478 5855 ιὶιὲιίι
1505 5804 1771 5858 lectionem
1788 5805 2042 5868 adoptare.

2348 502 2685 575 θεοπρεπῶς,
2703 504 2920 576 εῦοηλον
2935 504 3018 558 ὅτι
3044 503 3139 557 καὶ
3166 502 3235 557 τά
3260 504 3390 575 περί
3412 501 3585 572 θυμοῦ
3612 502 3707 555 καὶ
3731 501 3918 572 όργῆςο

2347 592 2379 662 ἡ
2420 590 2475 643 δὲ
2501 590 2749 664 παχύτης
2771 592 2881 645 τῶν
2910 591 3130 654 λέξεων,
3164 590 3303 643 ὥστε
3338 589 3660 644 καθικέσθαι
3683 589 3786 655 τῆς
3818 588 3922 641 τῶν

2348 680 2630 751 ἀκροατῶν
2669 682 2997 754 παχύτητος.
3034 681 3135 735 Διά
3174 698 3257 734 τοι
3283 679 3443 733 τοῦτο
3466 679 3586 733 οὐδὲ
3612 680 3727 741 τοῖς
3773 679 3924 747 εἰρη-

2351 768 2537 838 μένοις
2568 770 2810 840 ἠρκέσθη
2835 812 2851 837 ,
2884 769 2999 823 ἀλλ’
3028 768 3110 823 ἔτι
3150 769 3393 839 πρόεισιν
3436 767 3530 820 ἐπὶ
3553 765 3615 819 τὸ
3652 763 3926 836 ἀνθρωπι-

2348 856 2611 929 νώτερον,
2655 858 2747 911 τὸν
2776 857 2940 927 φόϐον
2968 856 3169 925 αὔξων.
3206 857 3282 910 Οὐ
3315 855 3424 927 γὰρ
3452 851 3726 926 ῥομφαίαν
3764 850 3926 904 αὐτὸν

2348 945 2539 1018 ἔχοντα
2572 948 2780 1014 εἰσάγει
2810 947 2992 1018 μόνον,
3018 946 3155 1001 ἀλλά
3181 947 3278 1001 καὶ
3301 944 3675 1015 όπλιζόμενον.
3705 937 3924 1010 Ἐπειδὴ

2347 1033 2457 1106 γὰρ
2487 1035 2584 1105 οὐχ
2611 1036 2808 1107 ὁμοίως
2836 1052 2921 1100 τις
2948 1034 3190 1104 φοϐεῖται
3220 1033 3455 1097 ἀκούων,
3480 1034 3563 1087 ὃτι
3598 1029 3862 1085 ἀκονᾶται
3890 1029 3923 1095 ἡ

2352 1122 2630 1196 μάχαιρα,
2679 1124 2769 1178 καὶ
2815 1123 2896 1178 ὅτι
2942 1121 3005 1176 τὸ
3049 1122 3202 1187 τόξον
3245 1120 3384 1192 μετά
3414 1122 3623 1191 χεῖρας,
3665 1114 3778 1170 ἀπὸ
3819 1112 3927 1165 τῶν

2346 1211 2703 1283 ἀνθρωπίνων
2744 1211 3041 1283 σχημάτων
3086 1210 3366 1265 κατασείει
3412 1207 3508 1278 τὴν
3536 1205 3777 1261 διάνοιαν
3820 1200 3926 1255 τῶν

2347 1303 2674 1367 ἀκουόντων,
2722 1301 2927 1371 λέγων’
2971 1302 3043 1357 Τὸ
3072 1300 3254 1365 τόξον
3287 1297 3474 1353 αὑτοῦ
3513 1294 3794 1354 ἐνέτεινε,
3832 1289 3925 1343 καί

2347 1390 2680 1460 ἡτοίμασεν
2714 1390 2865 1444 αὑτό
2886 1404 2902 1420 ’
2944 1388 3126 1457 φοϐῶν
3170 1387 3259 1441 τδν
3304 1384 3598 1448 ἀκούοντα,
3651 1378 3789 1451 ὁμοῦ
3836 1376 3927 1430 καὶ

2347 1479 2449 1549 τὴν
2482 1478 2860 1551 μακροθυμίαν
2891 1478 2984 1533 καὶ
3014 1476 3113 1549 τὴν
3158 1475 3331 1547 ὀργὴν
3379 1469 3814 1540 ἐνδεικνύμενος.
3852 1465 3924 1517 Οὐ

2349 1568 2459 1641 γὰρ
2501 1565 2671 1636 εἶπεν,
2720 1570 2951 1641 ἀφῆκεν,
2996 1569 3141 1632 οὐδὲ,
3190 1565 3403 1632 ἐλαϐεν,
3445 1560 3583 1626 ἀλλ’,
3638 1556 3925 1614 Ἔνέτεινε

2348 1657 2448 1711 καί
2490 1657 2815 1727 ⁴ἠτοίμιισε·
2859 1655 3137 1711 τουτέστιν
3156 1651 3435 1725 ,Ἔτοιμός
3479 1652 3597 1704 ἐστι
3640 1645 3783 1716 πρὸς
3831 1642 3925 1712 τὴν

2349 1745 2564 1813 ἄφεσιν.
2600 1745 2709 1800 Kal
2742 1744 2813 1799 τί·
2847 1742 3171 1816 θαυμάζεις,
3218 1741 3269 1795 εῖ
3311 1741 3370 1795 ἐν
3397 1741 3462 1810 τῇ
3499 1735 3716 1805 Παλαιᾷ
3759 1730 3927 1791 οῦτως

2351 1835 2588 1906 εἴρηται,
2619 1833 2819 1903 δπουγε
2854 1834 2949 1889 καὶ
2986 1835 3045 1887 ἐν
3071 1834 3137 1903 τῇ
3164 1832 3340 1901 Καινῇ
3385 1826 3661 1888 Ἰουδαίοις
3685 1818 3928 1887 διαλεγό-

2355 1940 2515 1994 μενος
2548 1925 2576 1977 ό
2611 1923 2867 1996 Ἰωάννης
2909 1921 3150 1976 τοιοῦτόν
3182 1937 3235 1974 τι
3267 1920 3454 1988 λέγεις
3487 1915 3632 1982 Ἤδη
3661 1910 3735 1966 δὲ
3763 1908 3873 1996 καί
3889 1907 3927 1974 ἡ

2352 1991 2532 2079 ἀξίνη
2566 2010 2714 2081 πρὸς
2733 1991 2850 2078 te»?
2877 2009 3044 2080 ῥίζαν
3071 2008 3192 2064 τῶν
3209 2006 3474 2077 δένδρων
3495 2003 3704 2058 κεῖται.
3731 1998 3797 2053 τι
3818 1991 3925 2060 οὐνς

2351 2097 2617 2169 δρυτόμον
2652 2100 2681 2153 ό
2713 2097 2846 2162 Θεὸς
2879 2099 3126 2170 μιμεῖται
3155 2095 3312 2168 ἀξίνῃ
3342 2094 3613 2148 κόπτοντα
3638 2087 3809 2153 ξύλας
3838 2083 3927 2170 καὶ

2353 2185 2543 2257 ἀξίνην
2589 2169 2889 2257 ἐκληπτέον
2935 2169 3032 2239 καὶ
3077 2183 3243 2249 ξύλα;
3289 2183 3543 2248 Ἄπαγε*
3577 2176 3773 2258 ὥσπερ
3814 2169 3928 2258 οὐδέ

2354 2254 2536 2346 ἄχυρα
2572 2274 2668 2328 καὶ
2702 2254 2868 2336 σῖτον,
2914 2274 3044 2327 ὅταν
3086 2270 3256 2342 λέγῃο
3301 2264 3385 2325 Οὗ
3426 2266 3496 2320 τι)
3533 2265 3731 2318 πτύον
3760 2254 3831 2314 ἓν

2354 2364 2506 2434 χειρὶ
2538 2364 2726 2419 αὐτοῦ
2744 2401 2761 2425 ,
2809 2360 2911 2417 καὶ
2938 2358 3306 2430 διακαθαριεῖ
3331 2356 3449 2424 τὴν
3474 2354 3683 2411 ἅλωνα
3725 2345 3927 2409 αὑτοῦ.

2353 2451 2454 2505 καί
2490 2451 2595 2504 τόν
2613 2450 2731 2520 μὲν
2755 2450 2930 2505 σῖτον
2954 2447 3213 2513 συνάξει
3236 2448 3325 2513 είς
3349 2444 3465 2513 τὴν
3486 2441 3809 2510 ἀποθήκην
3826 2438 3929 2491 αὐ-

2352 2540 2481 2603 τοῦ,
2513 2540 2582 2595 τὸ
2602 2539 2671 2594 δὲ
2698 2539 2929 2609 ἄχυρον
2949 2538 3314 2594 κατακαύσει
3343 2534 3487 2603 πυρί
3514 2532 3815 2593 ἀσϐέστῳ.
3839 2524 3929 2588 Τίς

2354 2625 2449 2685 οὖν
2473 2632 2621 2683 ἐστιν
2651 2630 2685 2701 ἠ
2715 2628 2901 2699 ἀξίνη;
2942 2628 3009 2681 Ἦ
3046 2625 3287 2698 τιμωρία
3313 2625 3409 2679 καὶ
3450 2624 3485 2694 ὴ
3522 2621 3767 2683 κόλασις.
3802 2617 3928 2671 Τίνα

2354 2718 2413 2774 δὲ
2444 2717 2511 2772 τὰ
2549 2717 2770 2787 δένδρα;
2805 2717 2868 2769 Ol
2915 2714 3213 2787 ἄνθρωποι.
3261 2712 3394 2767 Τίνα
3425 2710 3484 2765 δέ
3521 2709 3591 2764 τά
3617 2708 3832 2780 ἄχυρας
3868 2704 3926 2757 Ol

2356 2804 2571 2875 φαῦλοι.
2625 2804 2722 2869 Τίς
2747 2805 2776 2857 ὁ
2807 2805 2986 2868 σῖτος;
3020 2803 3085 2856 Ol
3112 2800 3358 2873 χρηστοί.
3410 2798 3477 2852 Τί
3522 2796 3585 2853 τὸ
3628 2796 3833 2859 πτύον;
3869 2790 3924 2845 ’11

2354 2895 2645 2968 διάκρισις.
2698 2891 2857 2947 Οὕτω
2902 2890 2995 2946 καὶ
3037 2888 3274 2945 ἐνταῦθα
3320 2887 3585 2961 ῥομφαία,
3624 2885 3723 2940 καὶ
3763 2883 3925 2950 τόξον,

2355 2982 2453 3036 καὶ
2488 2981 2638 3053 βέλη,
2670 2982 2704 3053 ἡ
2733 2980 2955 3043 κόλασις
2988 2980 3082 3033 καὶ
3125 2980 3158 3049 ἡ
3196 2975 3441 3049 τιμωρία
3463 2974 3633 3030 ἐστίν.
3667 2969 3803 3028 Εἶτα
3837 2972 3928 3041 τὴν

2360 3069 2638 3141 μέλλησιν,
2669 3068 2766 3123 καλ⁸
2785 3066 2846 3121 τὸ
2872 3065 3240 3137 ἀφεστηκέναι
3271 3065 3369 3136 μὲν
3393 3064 3495 3136 τὴν
3521 3063 3818 3135 τιμωρίαν,
3858 3062 3926 3131 μὴ

2357 3156 2494 3211 πολύ
2514 3155 2572 3210 δέ
2598 3154 2988 3226 ἀφεστηκέναι,
3012 3152 3126 3207 ἀλλ’
3154 3152 3247 3207 ἐπὶ
3272 3151 3464 3224 θύραις
3490 3146 3652 3213 εἶναι,
3670 3150 3751 3222 τῷ
3769 3152 3927 3204 τεῖναι

2358 3245 2453 3300 καὶ
2483 3244 2772 3316 ἑτοιμάσαι
2800 3242 3136 3315 παρέστησε.
3165 3241 3282 3315 [69]
3322 3240 3499 3312 Σκεύη
3527 3240 3584 3294 δέ
3608 3239 3838 3295 θανάτου
3868 3238 3928 3292 τά

2359 3332 2487 3405 βέλη
2520 3331 2705 3405 φησίν.
2733 3331 2947 3402 Ὠσπερ
2989 3330 3161 3401 σκεύη
3197 3331 3506 3401 γεωργίας.
3564 3328 3633 3382 τὰ
3665 3328 3928 3400 γεωργίαν

2359 3419 2644 3474 ποιοῦνταο
2678 3417 2773 3473 καὶ
2801 3417 3099 3481 ναυτιλίας,
3130 3415 3200 3471 τά
3228 3416 3380 3470 πλεῖν
3411 3417 3560 3490 ἡμᾶς
3584 3417 3927 3488 παρασκευά-

2359 3507 2551 3575 ζονταο
2593 3508 2690 3562 καὶ
2720 3506 3042 3578 ὑφαντικῆς,
3088 3506 3157 3561 τὰ
3195 3506 3439 3571 ὑφαίνειν
3474 3505 3767 3561 ποιοῦντα’
3797 3506 3929 3561 οὕτω

2358 3599 2454 3655 καὶ
2499 3597 2731 3652 θανάτου
2783 3594 2952 3667 σκεύη
2975 3635 2992 3662 ,
3038 3594 3107 3648 τά
3149 3592 3381 3649 θάνατον
3408 3593 3777 3666 ἐργαζόμενα.
3807 3591 3929 3650 Εἶτα

2359 3683 2677 3757 ἑρμηνεύων
2701 3683 2823 3737 τίνα
2852 3683 2969 3737 ἐστὶ
3006 3682 3077 3737 τά
3127 3680 3295 3754 σκεύη
3322 3680 3417 3736 τοῦ
3448 3682 3681 3737 θανάτου
3723 3682 3927 3752 ἐπάγει,

2362 3773 2442 3828 Τὰ
2478 3771 2639 3841 ,ϐέλη
2686 3770 2875 3827 αὐτοῦ
2896 3810 2914 3835 ,
2949 3768 3165 3833 δεικνὺς
3201 3768 3262 3823 τὸ
3295 3770 3461 3841 τάχος
3504 3770 3604 3842 τῆς
3651 3770 3927 3843 τιμωρίας,

2356 3862 2484 3918 ὅταν
2536 3859 2792 3933 βουληθῇ.
2838 3858 2904 3913 Τί
2950 3858 3009 3914 δέ
3058 3860 3194 3924 ἐστι,
3256 3857 3385 3925 Τοῖς
3420 3857 3791 3928 καιομένοις;
3816 3858 3928 3922 Τοῖς

2356 3947 2815 4021 τιμωρουμένοις,
2865 3947 2979 4011 τοῖς
3028 3943 3434 4015 κολαζομένοις.
3468 3941 3603 3999 Εἶτα
3646 3947 3748 4001 οὐκ
3783 3946 3931 4017 ἀρκεῖ

2344 4037 2420 4092 ⁴τὸ
2448 4036 2581 4107 πῦρ,
2610 4032 2751 4089 ἀλλά
2774 4033 2945 4105 βελῶν
2971 4033 3166 4106 χρεία;
3215 4033 3378 4105 Ὁρᾷς
3405 4034 3434 4075 ιι
3454 4035 3536 4088 ὅτι
3565 4034 3747 4088 πάντα
3774 4050 3928 4106 μετα-

2358 4124 2601 4196 φορικῶς
2646 4125 2859 4195 εἴρηται
2914 4123 3010 4176 καὶ
3063 4121 3443 4193 ἐμφαντικῶς,
3509 4121 3604 4176 καὶ
3665 4122 3806 4177 ὥστε
3846 4119 3928 4174 διὰ

2359 4215 2577 4269 πάντων
2601 4211 2905 4283 αὐξηθῆναι
2932 4210 3023 4265 τὸν
3050 4212 3249 4280 φόϐονς
3292 4211 3359 4264 Ὀ
3387 4210 3495 4281 γάρ
3523 4209 3672 4280 λέγει
3700 4208 3927 4264 τοιοῦτόν

2360 4301 2510 4354 ἐστι’
2538 4299 2837 4371 Ἠτοίμασε
2867 4297 2969 4364 τάς
3009 4297 3279 4370 τιμωρίας
3311 4301 3426 4361 τοῖς
3470 4296 3729 4369 μέλλουσι
3769 4312 3927 4368 τιμω-

2365 4389 2592 4461 ρεῖσθαι.
2653 4389 2793 4443 Ἀλλ’
2842 4389 2892 4442 εί
2942 4389 3018 4462 μὴ
3059 4387 3235 4452 οὕτως
3279 4383 3455 4453 εῐπεν,
3514 4388 3613 4441 οὐκ
3656 4387 3726 4442 ἀν
3770 4386 3926 4447 οὕτως

2360 4476 2563 4548 ἔπληξε
2580 4493 2596 4508 ·
2627 4476 2724 4533 νῦν
2752 4477 2810 4530 δὲ
2834 4476 3028 4548 βελῶν,
3056 4477 3152 4530 καὶ
3179 4477 3475 4547 ῥομφαίας,
3504 4475 3600 4528 καὶ
3635 4475 3816 4543 τόξου,
3844 4472 3928 4527 καὶ

2360 4565 2647 4637 ἀφέσεως,
2697 4565 2795 4621 καὶ
2846 4565 3088 4630 τάσεως,
3144 4564 3241 4619 καὶ
3291 4564 3503 4619 σκευῶν
3558 4563 3790 4618 θανάτου
3841 4560 3927 4615 καὶ

2361 4653 2693 4729 ἐμπρησμοῦ
2727 4641 3125 4727 μνημονεύσας,
3156 4656 3222 4726 τῇ
3250 4654 3493 4725 ποικιλία
3523 4653 3633 4707 τῶν
3662 4654 3927 4725 ὀνομάτων

2360 4743 2605 4797 ἐπέτεινε
2637 4741 2738 4813 τὴν
2771 4740 3030 4811 ἀγωνίαν.
3076 4737 3208 4795 Εἶτα
3246 4741 3745 4813 παραμυθούμενος
3779 4738 3926 4793 πάλιν

2360 4829 2451 4885 τὸν
2493 4829 2679 4899 φόϐον,
2727 4827 2994 4900 ἐπήγαγε,
3037 4828 3167 4897 Τοῖς
3186 4826 3540 4902 καιομένοις.
3572 4829 3693 4883 ἰνα
3720 4828 3825 4899 γάρ
3860 4825 3925 4895 μὴ

2361 4919 2561 4994 νομίσῃ
2588 4936 2673 4983 τις
2694 4916 2803 4971 τῶν
2829 4916 3221 4989 ἀνοητοτέρων,
3250 4917 3345 4970 ἐπὶ
3368 4915 3577 4981 πάντας
3605 4917 3769 4971 αὐτὸν
3786 4916 3925 4981 ἄγειν

2361 5006 2461 5080 τὴν
2508 5009 2684 5080 χεῖρα,
2737 5007 2833 5062 καὶ
2876 5006 3019 5061 κατὰ
3062 5005 3281 5060 πάντων
3331 5005 3620 5070 ὡπλίσθαι,
3668 5005 3923 5076 ἐπήγαγε.

2365 5093 2500 5163 Τοῖς
2536 5096 2898 5166 καιομένοις.
2957 5093 3136 5164 Ὅπερ
3180 5092 3276 5148 καὶ
3317 5093 3347 5147 ὁ
3391 5092 3601 5156 Παῦλος
3644 5093 3923 5148 αἰνίττεται

2363 5184 2491 5259 περὶ⁵
2533 5186 2793 5257 ἄρχοντος
2831 5182 3006 5253 λέγων
3025 5199 3039 5212 ’
3073 5184 3157 5237 Οὐ
3189 5181 3303 5253 γὰρ
3332 5179 3468 5251 είκῆ
3497 5181 3613 5250 τὴν
3638 5183 3925 5253 μάχαιραν

2362 5273 2548 5346 φορεῖ.
2601 5274 2665 5327 El
2709 5271 2767 5324 δὲ
2814 5271 2908 5325 ἐπὶ
2947 5269 3056 5324 τῶν
3086 5269 3361 5342 ἀρχόντων
3404 5270 3439 5341 ἡ
3491 5268 3738 5341 μάχαιρα
3778 5266 3922 5319 τοῦτο

2364 5366 2508 5418 ποιεῖ
2545 5363 2639 5416 καὶ¹
2670 5361 2858 5431 φοϐεῖ,
2906 5357 3086 5429 πολλῷ
3128 5357 3326 5430 μᾶλλον
3356 5359 3447 5412 ἐπὶ
3485 5357 3581 5412 τοῦ
3627 5355 3781 5412 Θεοῦ.
3825 5351 3921 5408 Καὶ

2358 5451 2519 5505 τοῦτο
2546 5450 2603 5504 δέ
2626 5449 2689 5503 οὐ
2723 5449 2821 5520 τῆς
2851 5446 3119 5519 τυχούσης
3143 5444 3579 5518 φιλανθρωπίας,
3615 5446 3677 5499 τὸ
3716 5442 3804 5497 διὰ
3824 5438 3920 5493 τῶν

2364 5538 2624 5610 ῥημάτων
2669 5534 2855 5607 φοϐεῖν
2903 5534 2998 5589 καὶ
3044 5531 3300 5603 ἐξογκοῦν
3331 5532 3430 5605 τὴν
3474 5534 3765 5606 τιμωρίαν,
3793 5528 3921 5583 ὥστε

2422 5685 2452 5752 ξι
2472 5685 2582 5752 D99
2598 5698 2714 5734 mss.
2732 5684 2847 5752 ςι-οῖςΔ
2856 5686 3202 5752 κολαζομένοις·
3230 5688 3333 5737 εἶτα
3459 5688 3595 5752 ἀρκεῖ
3618 5682 3923 5752 τὸπῖιρᾟλλά

2362 5749 2445 5797 καὶ
2469 5748 2620 5810 βελῶν
2640 5747 2802 5811 χρείας
2826 5749 2852 5795 ό
2889 5752 2951 5804 ”’ς.
2985 5747 3203 5797 Ιιιέόίιίε
3223 5762 3340 5799 vero
3366 5747 3614 5807 hecﬁlta
3639 5751 3720 5799 οὐκ
3905 5778 3919 5794 ο

2362 5810 2523 5858 racia:
2543 5809 2741 5858 desum.
2771 5764 2994 5858 Secﬁmc
3016 5810 3344 5858 (ἴθι-γεοειοωὶ
3366 5822 3477 5858 esse
3511 5812 3752 5858 videmur.

2362 5784 3344 5873 ἱξέίέῖᾶὶίῑῆἷῗέρέῖίὶᾈ’ὸῦῖ-’ένῧεὶὄὶῶ
3366 5784 3488 5861 ἕζεὲ
3511 5784 3752 5865 ῧὶἱιὶιῖιῖνξ
