4106 6478
93 3966 129 3991 γι

94 4000 133 4020 ιιι

94 4070 137 4105 ἱῗρ

108 4233 125 4257 '.

106 4258 141 4280 ἣν

94 4326 133 4367 ’τ

94 4508 149 4557 ζ)

120 4688 156 4725 ς

92 4781 147 4829 ἐξ

91 4858 145 4915 ςὲ

92 4972 113 5007 ⁵
144 4978 163 4989 .

92 5134 167 5177 '1’-

92 5320 169 5355 ,τε

92 5390 175 5449 ςξτ

91 5560 177 5634 gi-

108 5663 179 5716 ὃς

244 442 289 497 ’⁷
1502 447 1860 505 [Χροιςιτιυ
1900 446 1908 500 1

2013 447 2323 506 PSALMUM
2360 452 2466 508 VII.
3527 459 3593 517 98

243 571 471 617 tueretur
490 601 513 625 ,
546 568 817 634 quando
850 583 959 623 nec
1001 583 1062 621 ca
1089 567 1297 637 quidem
1339 568 1633 637 petiturus,
1662 583 1782 635 quae
1813 565 1905 619 tibi

248 653 377 706 utilia
428 663 610 722 sunt,
651 659 853 726 sapis.
888 660 1028 727 Quis
1068 668 1149 712 est
1192 668 1364 712 autem
1405 660 1493 728 qui
1538 674 1642 712 nou
1686 658 1904 711 fratrem

252 748 594 802 contumelia
656 750 801 805 sine
848 768 1014 807 causa
1057 751 1331 805 olfecerit?
1376 750 1485 806 Nec
1528 752 1654 804 mihi
1684 751 1903 818 dixeris,

259 855 472 894 servum
506 841 724 897 aﬂ'ecit
755 843 1093 898 contumelia
1129 860 1142 896 :
1169 841 1235 895 In
1262 841 1461 896 Christo
1493 843 1634 896 enim
1679 859 1769 897 nec
1798 859 1906 894 ma-

264 934 460 997 sculus,
497 951 602 988 nec
649 937 901 1005 femina,
931 953 1021 988 nec
1045 951 1215 989 servus
1242 945 1315 989 est
1333 974 1349 1001 ,
1380 951 1470 987 nec
1507 934 1633 988 liber
1661 934 1679 1005 (
1705 933 1821 988 Gul.
1850 935 1902 988 5.

268 1028 397 1094 28).
446 1028 599 1096 Quis
637 1043 825 1098 porro
857 1028 1154 1097 proximum
1203 1042 1307 1082 non
1350 1027 1652 1091 accusavit,
1700 1041 1796 1081 nec
1825 1034 1905 1081 cst

276 1119 545 1174 mentitus
566 1118 594 1172 ?
637 1119 774 1189 quis
802 1119 1082 1173 mulierem
1114 1132 1216 1172 non
1244 1118 1448 1188 aspexit
1474 1117 1752 1187 impudicis
1779 1132 1905 1171 ocu-

285 1209 350 1262 lis
370 1209 395 1260 τ
440 1210 574 1277 quis
610 1224 731 1262 non
764 1208 985 1272 invidit,
1016 1208 1133 1277 quis
1162 1222 1265 1261 nou
1313 1207 1454 1261 inani
1485 1207 1651 1276 gloria
1693 1207 1903 1260 labora-

290 1300 405 1353 vit?
449 1303 583 1368 quis
633 1314 753 1352 non
803 1305 1055 1368 loquutus
1096 1309 1177 1351 cst
1203 1297 1424 1352 verbum
1467 1295 1741 1350 otiosam?
1784 1296 1907 1351 lla'c

297 1400 473 1443 autem
501 1388 701 1442 omnia
736 1403 911 1458 paena:
950 1398 1072 1441 sunt
1108 1386 1354 1442 obnoxia.
1386 1386 1453 1441 Et
1490 1388 1575 1452 si,
1612 1402 1730 1441 cum
1760 1387 1810 1441 in
1843 1387 1905 1441 iis

298 1499 418 1551 qua:
450 1481 521 1535 ad
555 1482 733 1534 vitam
776 1481 1078 1548 pertinent,
1120 1495 1224 1533 non
1265 1481 1432 1534 simus
1456 1480 1768 1549 diligentes,
1799 1494 1903 1533 non

305 1591 555 1629 essemus
584 1575 757 1628 etiam
786 1574 837 1627 in
869 1573 1247 1643 spiritualibus,
1281 1575 1431 1627 venia
1460 1573 1604 1642 digni
1630 1588 1902 1628 essemus:

306 1681 451 1720 nunc
476 1673 668 1719 autem
698 1663 816 1719 lucc
837 1677 1047 1733 quoque
1075 1654 1228 1717 nobis
1252 1671 1508 1733 prterepta
1538 1671 1620 1718 est
1642 1661 1902 1717 defensio.

308 1759 531 1813 Etenim
559 1760 614 1812 in
651 1757 758 1812 illis
783 1757 995 1827 quidem
1026 1771 1208 1811 smnus
1238 1756 1512 1825 vigilantes
1538 1773 1550 1808 :
1585 1756 1636 1809 in
1664 1754 1746 1810 his
1778 1771 1905 1810 vero

311 1851 475 1918 plane
502 1848 709 1917 supini.
742 1847 818 1903 Ne
844 1858 1018 1901 autem
1044 1847 1132 1917 qui
1161 1846 1381 1901 audiunt
1408 1861 1529 1901 eum
1557 1860 1675 1901 esse
1704 1847 1907 1915 patien-

308 1950 444 2003 tem,
474 1939 611 1993 ﬁant
639 1937 1066 2007 negligentiorcs,
1094 1937 1364 2005 subjunxit
1394 1954 1407 1990 :
1434 1937 1518 1991 l3.
1545 1936 1669 1990 Nisi
1683 1937 1908 1990 conversi

303 2032 541 2101 (ueritis,
591 2029 822 2101 gladium
863 2045 1011 2083 suum
1054 2028 1283 2083 vibrabit.
1331 2028 1478 2082 Alius
1518 2036 1693 2083 autem
1733 2027 1853 2083 dicit
1888 2048 1902 2082 :

307 2125 509 2179 Ensem
536 2140 687 2177 suum
728 2133 891 2177 acuet.
934 2124 1119 2176 Arcum
1154 2138 1300 2176 suum
1339 2123 1580 2187 tetendit,
1622 2131 1669 2175 ct
1711 2123 1906 2191 paravit

302 2217 507 2284 ipsum.
533 2215 691 2268 Alius
718 2213 847 2267 dicit
874 2230 888 2265 ε
914 2203 1165 2266 Infendet.
1199 2213 1283 2266 14.
1316 2212 1378 2265 Ει
1408 2213 1459 2265 in
1487 2229 1543 2265 eo
1569 2213 1763 2281 paravit
1787 2228 1907 2265 vasa

300 2307 532 2370 mortis,
581 2309 795 2375 sagittas
838 2321 958 2359 suas
1004 2304 1293 2358 ardentibus
1322 2303 1505 2371 effecit.
1543 2303 1695 2358 Alius
1733 2303 1901 2358 dicit:

309 2401 397 2453 Ad
428 2397 849 2453 comburendum.

392 2499 480 2551 11.
511 2496 708 2550 Contra
746 2493 1304 2566 Ant/tropomorphitas.
1331 2522 1401 2532 —
1424 2490 1559 2560 Quid
1599 2491 1686 2548 hic
1726 2492 1908 2547 dicent

313 2590 409 2657 qni
442 2590 616 2644 Deum
643 2588 824 2642 dicunt
867 2589 1095 2642 humana
1127 2600 1247 2642 esse
1285 2584 1452 2640 fortua
1496 2585 1808 2655 praeditum,
1839 2600 1905 2639 ex

315 2697 388 2734 en
415 2682 562 2752 quod
591 2681 803 2736 dicatur
846 2679 1044 2735 habere
1086 2693 1311 2742 manus,
1360 2677 1554 2746 pedes,
1593 2685 1645 2731 el
1681 2675 1906 2731 oculos?

318 2772 535 2827 Suntne
565 2773 618 2826 in
649 2773 896 2842 supernis
920 2772 1034 2827 cmli
1064 2770 1368 2840 regionibus
1393 2784 1548 2822 arcus
1568 2809 1583 2832 ,
1611 2778 1665 2824 et
1691 2769 1791 2821 tela
1809 2808 1823 2829 ,
1853 2774 1908 2822 et

318 2879 439 2928 eos,
465 2874 521 2918 et
549 2864 792 2933 gladius,
822 2872 876 2917 et
902 2862 1193 2933 pharetra?
1225 2860 1378 2929 Atqui
1404 2858 1531 2913 dicit
1560 2858 1695 2913 alius
1724 2876 1736 2912 :
1768 2856 1905 2911 Dum

317 2967 377 3008 tu
404 2956 693 3025 νιτρώδη,
725 2954 1058 3007 turbabuntur
1080 2969 1112 3004 a
1142 2961 1189 3004 te
1214 2960 1405 3005 montes
1435 2948 1633 3021 (Eccli.
1662 2948 1748 3003 16.
1777 2948 1902 3018 19).

320 3050 389 3103 lit
415 3050 501 3102 hic
543 3048 660 3116 ipse
691 3064 704 3100 :
740 3046 838 3112 Qui
864 3045 1065 3113 respicit
1095 3044 1145 3097 in
1175 3053 1362 3096 terram
1402 3050 1447 3095 et
1489 3041 1611 3111 facit
1650 3056 1760 3093 eam
1803 3050 1905 3092 tre-

315 3156 458 3192 mere
497 3136 691 3208 (I’sat.
719 3137 839 3190 105.
872 3135 940 3191 52
958 3133 999 3206 ).
1046 3133 1195 3201 Quod
1240 3133 1282 3187 si
1327 3146 1448 3187 cum
1494 3140 1685 3186 terram
1728 3130 1904 3184 Solum

316 3231 550 3300 aspicit,
593 3228 825 3299 lapidum
868 3235 1107 3281 naturam
1154 3224 1454 3295 liquefacit,
1498 3234 1695 3290 quanto
1739 3222 1906 3292 magis

319 3322 428 3375 hoc
457 3323 632 3389 ipsum
665 3319 857 3388 poterit
900 3318 950 3371 in
979 3316 1323 3371 hominibus?
1371 3313 1476 3369 Cur
1500 3330 1626 3384 ergo
1660 3313 1747 3383 qui
1792 3312 1906 3368 solo

319 3414 517 3465 obtutu
549 3419 723 3479 potest
745 3409 928 3464 orbem
960 3420 1217 3461 terrarum
1248 3414 1508 3470 evertere,
1536 3405 1643 3459 imo
1672 3403 1759 3474 qui
1791 3404 1905 3458 sola

318 3505 603 3558 voluntate
629 3502 758 3573 (qui
786 3502 927 3558 enim
953 3515 1048 3568 per
1072 3501 1236 3555 solam
1265 3514 1384 3553 eum
1411 3496 1533 3552 fecit
1555 3496 1903 3562 Voluntatcm,

316 3598 531 3650 elarqu
565 3593 813 3663 estquod
852 3592 962 3646 sola
992 3601 1167 3661 potest
1190 3605 1310 3645 eum
1352 3590 1622 3643 voluntate
1655 3584 1903 3657 tollere),

321 3689 524 3742 dicitur
550 3686 782 3756 gladium
809 3696 861 3739 et
901 3699 1082 3738 arcum
1110 3682 1347 3736 habere?
1392 3680 1446 3736 Si
1489 3679 1631 3733 enim
1661 3676 1728 3731 In
1755 3693 1907 3731 manu

314 3781 435 3847 eius
455 3787 575 3833 sunt
600 3778 724 3847 ﬁnes
749 3786 893 3830 terra:
914 3775 1080 3846 (Psal.
1103 3775 1191 3829 9/5.
1215 3773 1294 3846 4),
1314 3773 1378 3826 Et
1392 3772 1478 3843 qui
1502 3772 1552 3825 in
1570 3788 1629 3825 ea
1654 3771 1902 3836 habitant,

317 3880 378 3927 ιιι
409 3870 624 3923 locusta:
649 3886 663 3920 :
692 3877 745 3921 et
794 3866 978 3920 Omnes
1030 3874 1199 3936 gentes
1249 3873 1501 3932 tamquam
1528 3871 1669 3932 gutta
1693 3878 1724 3913 ιι
1752 3861 1902 3926 cado,

322 3971 371 4015 et
398 3972 663 4031 tamquam
693 3959 893 4012 trutinte
919 3966 1222 4011 ammentum
1246 3955 1612 4020 reputabuntur
1637 3950 1786 4024 (lsai.
1812 3950 1903 4005 40.

325 4049 719 4121 2115):]:im
748 4064 874 4103 vero
911 4047 1132 4116 angelus
1170 4060 1381 4116 quoque
1422 4043 1491 4099 ab
1533 4059 1597 4099 eo
1636 4057 1904 4112 egressus,

331 4141 478 4196 brevi
510 4148 787 4195 momento
831 4137 1084 4207 temporis
1128 4143 1341 4191 centum
1370 4133 1636 4203 octoginta
1675 4134 1907 4202 quinque

333 4235 496 4287 millia
529 4230 797 4287 interfecit
823 4231 897 4303 (ι.
920 4230 1051 4299 Reg.
1096 4229 1181 4284 l9.
1209 4225 1331 4299 '55);
1360 4226 1481 4297 quid
1508 4226 1625 4280 dico
1649 4225 1908 4294 angelus?

328 4340 554 4391 musca',
579 4338 753 4379 eruca:
777 4332 831 4377 et
853 4335 1058 4377 vermes
1080 4320 1447 4391 Egyptiorum
1474 4317 1761 4372 exercitum
1791 4333 1908 4384 pcr-

328 4418 584 4472 diderunt
615 4434 629 4469 :
662 4415 748 4469 ubi
787 4415 891 4469 illic
935 4429 1059 4468 arcu
1103 4428 1236 4482 opus
1265 4420 1373 4475 est,
1420 4410 1504 4465 ubi
1545 4410 1763 4480 gladio?
1803 4408 1910 4464 Cur

328 4525 461 4580 ergo
501 4510 621 4563 haec
662 4508 800 4561 dicta
830 4507 993 4562 sunt?
1021 4507 1242 4575 Propter
1271 4505 1566 4558 auditorum
1598 4503 1909 4558 crassitudi-

333 4619 456 4657 nem
478 4644 493 4665 ,
520 4611 579 4657 et
602 4611 659 4655 ut
695 4600 776 4655 his
799 4600 1067 4655 consuetis
1091 4612 1358 4652 armorum
1390 4596 1690 4650 nominibus
1726 4610 1910 4649 eorum

335 4706 573 4748 mentem
620 4700 871 4746 terreant.
912 4690 1072 4759 Cujus
1096 4689 1236 4743 enim
1266 4688 1318 4741 in
1362 4701 1522 4764 manu
1552 4696 1635 4741 est
1674 4687 1910 4740 omnium

338 4796 581 4838 nostmm
611 4783 829 4853 spiritus
871 4780 1044 4850 (Dan.
1072 4782 1125 4836 5.
1152 4779 1297 4851 23),
1342 4789 1397 4836 et
1440 4793 1470 4832 a
1509 4778 1661 4847 cujus
1704 4778 1913 4846 frigoris

334 4875 467 4929 facie
493 4873 672 4927 utullus
698 4871 976 4926 sustinebit
999 4871 1018 4944 (
1042 4869 1186 4926 Psal.
1213 4871 1335 4925 M7.
1364 4867 1465 4942 17)
1482 4909 1496 4934 ,
1537 4868 1801 4938 quomodo
1831 4868 1917 4922 Ι.ἰο

335 4965 503 5019 annis
529 4962 769 5033 indiget?
807 4962 934 5028 Sed,
962 4971 1017 5017 ut
1042 4962 1148 5016 dixi
1175 4970 1351 5024 antea,
1382 4960 1496 5015 lucc
1522 4966 1739 5028 preptcr
1762 4956 1915 5010 audi-

339 5067 514 5109 torum
564 5054 965 5109 crassitudinem
1013 5063 1067 5108 et
1118 5052 1416 5106 tarditatem
1467 5052 1535 5104 ita
1582 5049 1721 5105 dicta
1770 5056 1915 5103 sunt.

336 5146 475 5213 Quid
505 5154 592 5200 est
615 5154 811 5209 autem,
843 5142 907 5197 Et
931 5142 1137 5197 vibrubit
1160 5143 1185 5195 ?
1214 5144 1398 5195 Acuet.
1427 5140 1624 5196 Coteue
1646 5155 1775 5208 opus
1799 5139 1918 5194 est?

338 5248 491 5291 estne
523 5234 710 5304 rubigo
740 5234 791 5288 in
816 5233 1032 5304 gladio?
1068 5232 1134 5286 Et
1159 5232 1429 5301 quisnam.
1463 5230 1549 5300 qui
1581 5231 1770 5298 sapiat.
1800 5229 1918 5284 lucc

338 5330 410 5384 ita
436 5329 682 5397 accipere
713 5326 1027 5391 sustinebit,
1070 5334 1128 5379 ut
1167 5325 1306 5378 dicta
1336 5325 1499 5378 sunt?
1543 5322 1646 5379 St-d
1668 5363 1682 5391 ,
1712 5331 1770 5375 ut
1798 5331 1920 5377 ante

339 5422 472 5487 dixi,
508 5435 605 5490 per
632 5420 806 5474 omnia
832 5417 1087 5473 describit
1118 5416 1441 5485 punitiouem
1463 5454 1480 5481 ,
1508 5426 1561 5469 et
1590 5412 1826 5483 procedit
1854 5412 1919 5467 ad

338 5528 399 5568 ea
437 5527 559 5581 qua:
586 5519 709 5566 sunt
735 5508 1036 5569 crassiora,
1070 5515 1126 5559 ut
1154 5505 1312 5559 etiam
1351 5504 1439 5573 qui
1471 5512 1595 5559 sunt
1635 5501 1920 5557 admodum

340 5602 512 5666 stulti,
563 5600 855 5670 intelligant
898 5613 1002 5651 non
1030 5610 1148 5651 eSse
1193 5594 1541 5649 insistendum
1581 5593 1919 5659 dictionibus,

343 5692 436 5747 sed
458 5708 577 5762 qua:
599 5693 706 5747 Deo
726 5689 1058 5745 conveniunt
1077 5700 1251 5748 sensa,
1277 5700 1393 5741 esse
1422 5700 1487 5739 ex
1509 5685 1572 5738 iis
1592 5683 1918 5753 accipienda.

347 5785 512 5851 ere
541 5785 582 5837 si
629 5783 749 5854 quis
795 5779 1009 5835 dubitat
1038 5793 1137 5846 qua
1180 5777 1247 5832 de
1284 5790 1441 5832 causa
1488 5774 1922 5831 excandescentia

347 5886 397 5930 et
424 5877 493 5932 ira
519 5876 582 5933 de
607 5876 717 5932 Deo
747 5873 897 5930 dicta
928 5877 1032 5951 est,
1061 5869 1226 5925 multo
1250 5869 1417 5939 magis
1443 5878 1658 5939 propter
1685 5866 1797 5924 lucc
1823 5867 1923 5923 du—

2012 568 2283 623 bitaverit.
2309 570 2402 624 Sin
2430 578 2605 625 autem
2632 569 2744 626 lucc
2769 587 2873 626 non
2899 582 3023 627 sunt
3046 574 3349 643 accipienda
3374 587 3427 630 ut
3454 578 3591 632 dicta

2009 669 2167 728 sunt,
2201 662 2292 716 sed
2336 662 2404 715 ita
2438 670 2495 716 ιιι
2538 664 2646 719 Deo
2689 666 3050 720 conveniant:
3080 668 3280 722 clarum
3325 679 3408 724 est
3452 671 3591 741 quod

2012 752 2172 805 etiam
2200 752 2272 805 ira
2301 761 2353 806 et
2380 752 2855 819 excandescentia;
2902 771 3097 812 crassa:
3121 767 3297 815 autent
3340 770 3467 816 sunt
3506 762 3590 817 di-

2010 842 2237 904 ctiones,
2280 850 2338 895 ut
2380 842 2679 897 auditorum
2728 854 3004 914 penetrent
3046 848 3476 906 crassitudinem.
3522 852 3590 907 Et

2011 931 2132 987 ideo
2159 947 2258 987 nec
2287 933 2350 987 iis
2379 934 2590 1004 quidem
2616 951 2734 1005 quae
2760 936 2900 989 dicta
2932 946 3095 1005 sunt,
3141 938 3242 994 fuit
3265 950 3549 998 contentus
3574 960 3591 999 :

2008 1027 2100 1081 sed
2132 1035 2392 1081 terrorem
2438 1027 2724 1098 adaugens,
2768 1029 2943 1084 adhuc
2984 1046 3133 1087 more
3169 1032 3335 1102 magis
3360 1032 3591 1088 humano

2012 1120 2271 1189 procedit.
2318 1119 2433 1174 Non
2480 1121 2654 1175 solum
2701 1122 2842 1176 enim
2889 1123 3090 1177 inducit
3138 1139 3259 1180 eum
3306 1126 3589 1184 habentem

2008 1211 2262 1280 gladium,
2305 1212 2395 1265 sed
2432 1213 2591 1266 etiam
2632 1223 2914 1267 armatum.
2959 1214 3091 1282 Quia
3117 1216 3257 1273 enim
3297 1231 3402 1271 non
3440 1233 3590 1287 reque

2009 1302 2128 1371 quis
2154 1303 2344 1355 metuit
2382 1302 2604 1357 audiens
2642 1304 2759 1358 acui
2785 1304 3040 1372 gladium,
3080 1314 3133 1359 et
3158 1305 3380 1361 audiens
3404 1322 3585 1361 arcmu

2009 1409 2128 1447 esse
2158 1393 2210 1447 in
2250 1394 2491 1448 manibus
2527 1410 2540 1446 :
2572 1410 2638 1450 ex
2669 1394 2848 1465 ﬁguris
2878 1394 3124 1451 humanis
3162 1406 3394 1451 mentem
3436 1397 3589 1451 audi-

2011 1493 2185 1538 torum
2214 1485 2469 1550 concutit,
2499 1485 2686 1539 dicens
2716 1504 2729 1540 :
2757 1486 2944 1539 Arcum
2967 1502 3114 1539 suum
3139 1487 3346 1540 tetendit
3369 1496 3416 1541 et
3440 1503 3598 1557 para-

2012 1579 2077 1631 vit
2108 1579 2276 1644 illum,
2308 1578 2604 1632 auditorem
2632 1588 2854 1643 terrens,
2884 1579 3038 1633 simul
3063 1587 3119 1634 et
3144 1579 3448 1649 patientiam
3476 1580 3591 1649 ejus

2010 1680 2061 1724 et
2089 1671 2219 1724 iram
2249 1671 2508 1725 indicans.
2533 1670 2648 1725 Non
2677 1672 2817 1726 enim
2839 1670 2990 1735 dixit,
3021 1672 3264 1739 Immisit,
3289 1688 3408 1740 nec,
3432 1673 3589 1727 .lacu-

2009 1761 2147 1816 latus
2168 1771 2251 1816 est
2279 1780 2292 1815 :
2321 1762 2412 1817 sed
2430 1804 2444 1829 ,
2488 1759 2715 1816 Intendit
2743 1772 2789 1816 et
2816 1764 3011 1833 paravit
3034 1779 3054 1827 ;
3084 1763 3185 1818 hoc
3212 1772 3295 1818 est
3317 1805 3333 1831 ,
3379 1773 3591 1833 piratas

2009 1852 2075 1905 ad
2098 1852 2467 1907 emittendum.
2494 1854 2562 1908 Et
2581 1854 2703 1922 quid
2729 1853 2939 1908 miraris
2959 1854 3003 1908 si
3024 1854 3103 1908 sic
3125 1854 3176 1908 in
3190 1853 3368 1909 Veteri
3388 1852 3589 1907 dictum

2009 1952 2110 2014 est,
2135 1958 2256 1997 cum
2280 1945 2437 1998 etiam
2469 1945 2520 1999 in
2548 1944 2695 1999 Novo
2715 1944 2948 2000 Joannes
2972 1959 3093 1999 cum
3117 1944 3315 2000 Iudaeis
3340 1945 3441 2000 tale
3462 1943 3589 2013 quid

2012 2037 2196 2091 dicat?
2239 2036 2360 2090 lam
2402 2049 2569 2091 autem
2612 2037 2681 2090 ad
2711 2038 2933 2092 radicem
2969 2039 3164 2092 arboris
3209 2038 3398 2092 securis
3426 2040 3590 2108 posita

2010 2138 2081 2183 est
2122 2127 2292 2199 (Luc.
2324 2129 2375 2182 5.
2413 2127 2509 2198 9).
2553 2127 2689 2196 Quid
2735 2129 2905 2199 ergo?
2946 2144 3012 2182 an
3050 2129 3410 2183 materiariqu
3453 2129 3589 2182 Deus

2010 2218 2250 2272 imitatur
2276 2218 2450 2273 securi
2478 2219 2614 2289 ligna
2642 2217 3012 2273 scindentem?
3052 2234 3120 2273 an
3141 2216 3229 2272 hic
3265 2218 3467 2274 securis
3506 2218 3590 2272 iu—

2012 2310 2296 2380 telligenda
2322 2318 2434 2373 est,
2479 2319 2534 2365 et
2584 2310 2723 2379 ligna
2747 2310 2770 2364 ?
2795 2310 2948 2364 Absit
2975 2328 2989 2364 :
3020 2308 3463 2377 quemadmodum
3492 2324 3591 2362 nec

2010 2403 2177 2472 palea:
2195 2444 2210 2466 ,
2240 2418 2338 2457 nec
2382 2401 2704 2457 frumentum
2723 2443 2737 2464 ,
2764 2400 2976 2472 quando
3001 2401 3129 2455 dicit
3154 2418 3167 2455 :
3195 2399 3352 2472 Cujus
3378 2402 3590 2454 ventila-

2010 2493 2154 2547 brum
2192 2493 2245 2547 in
2273 2510 2424 2546 manu
2451 2493 2559 2563 ejus
2579 2534 2592 2557 ,
2634 2502 2680 2547 et
2718 2492 2978 2545 mundabit
3004 2508 3172 2545 aream
3197 2508 3339 2545 suam
3363 2532 3379 2557 ,
3406 2501 3452 2544 et
3479 2495 3588 2562 [ru-

2011 2594 2230 2640 mentum
2254 2586 2457 2657 quidem
2480 2584 2798 2655 congregabit
2836 2585 2890 2638 in
2927 2585 3162 2637 horreum
3186 2600 3365 2649 suum,
3395 2584 3593 2651 paleam

2009 2690 2178 2734 autem
2205 2678 2455 2733 comburet
2499 2678 2615 2747 igne
2654 2676 3051 2746 inexstinguibili
3090 2673 3322 2747 (Matth.
3367 2674 3417 2727 5.
3460 2673 3524 2728 12
3546 2684 3587 2745 ).

2009 2771 2140 2839 Quae
2165 2779 2245 2825 est
2265 2786 2391 2838 ergo
2414 2768 2660 2823 securis?
2688 2767 2919 2831 Punitio,
2946 2765 3282 2837 supplicium.
3311 2766 3440 2832 Qua:
3464 2781 3591 2819 vero

2010 2874 2135 2921 sunt
2155 2862 2418 2918 arbores?
2445 2862 2716 2916 llomincs.
2742 2860 2997 2927 Quaenam
3020 2856 3228 2929 palem?
3262 2857 3404 2911 Mali.
3438 2856 3590 2921 Quod

2010 2956 2383 3012 frumentum?
2422 2955 2575 3008 Boni.
2618 2953 2753 3020 Quid
2779 2951 3173 3008 ventilabrum?
3203 2950 3480 3004 Discretio.
3517 2948 3590 3002 Ita

2009 3051 2169 3105 etiam
2203 3049 2310 3112 hic,
2357 3047 2590 3117 gladius,
2624 3060 2799 3112 arcus,
2842 3053 2897 3098 et
2934 3045 3138 3113 sagittae
3178 3056 3335 3112 ptena
3378 3049 3501 3094 sunt
3536 3049 3590 3095 et

2010 3139 2350 3212 supplicium.
2392 3136 2590 3191 Deinde
2616 3136 2781 3190 innuit
2811 3134 3147 3197 dilationem,
3181 3139 3237 3187 et
3257 3131 3443 3186 abesse
3467 3129 3593 3199 qui-

2011 3232 2130 3288 dem
2155 3246 2389 3301 pmnam,
2413 3229 2506 3283 sed
2531 3242 2636 3282 non
2660 3227 2838 3296 longe,
2874 3226 3065 3280 adesse
3093 3231 3268 3277 autem
3293 3222 3343 3276 in
3368 3220 3591 3287 foribus,

2010 3339 2108 3395 per
2136 3322 2426 3377 intendisse
2448 3329 2503 3374 et
2525 3332 2739 3388 parasse
2760 3315 3009 3372 ostendit.
3034 3313 3387 3369 Instrumenta
3411 3320 3589 3366 autem

2011 3416 2199 3470 mortis
2250 3414 2380 3469 dicit
2430 3412 2671 3481 sagittas.
2729 3406 3184 3476 Quemadmodum
3241 3406 3592 3460 instrumenta

2011 3506 2369 3577 agnculturae,
2397 3518 2456 3557 ea
2486 3501 2678 3573 quibus
2701 3510 2845 3555 terra
2872 3499 3100 3562 colitur;
3144 3506 3197 3552 et
3221 3495 3591 3566 navigationis,

2011 3615 2131 3670 qua:
2167 3597 2233 3651 ad
2263 3596 2612 3666 navigandum
2651 3593 2968 3654 conferunt;
3009 3599 3063 3645 et
3102 3589 3366 3654 textrinm,
3404 3586 3595 3655 quibus

2013 3691 2211 3745 texitur
2241 3707 2253 3742 :
2285 3689 2354 3742 ita
2385 3688 2544 3743 etiam
2587 3685 2774 3739 mortis
2812 3684 3185 3745 instrumenta,
3222 3696 3340 3749 qua:
3366 3686 3591 3732 mortem

2010 3781 2266 3837 efﬁciunt.
2310 3777 2512 3833 Deinde
2550 3777 2907 3844 interpretans
2945 3785 3189 3842 quamam
3232 3779 3353 3823 sunt
3394 3769 3592 3821 instru-

2011 3881 2191 3928 tnenta
2236 3871 2421 3925 mortis
2444 3909 2460 3934 ,
2503 3865 2802 3937 subiungit,
2853 3863 3080 3932 Sagittas
3106 3877 3224 3913 suas
3247 3901 3262 3924 ,
3301 3856 3592 3911 ostendens

2011 3966 2339 4021 et-leritatetu
2363 3960 2605 4032 supplicii
2626 3957 2839 4028 quando
2859 3954 3109 4009 voluerit.
3133 3951 3268 4018 Quid
3291 3961 3373 4005 est
3392 3961 3592 4013 autem,

2012 4057 2360 4116 Ardeatibus?
2399 4055 2465 4109 Iis
2493 4052 2583 4125 qui
2604 4051 2895 4124 puniuntur
2918 4089 2932 4111 ,
2988 4047 3052 4101 iis
3093 4044 3182 4116 qui
3220 4044 3348 4097 dant
3386 4056 3592 4112 pmnas.

2014 4153 2090 4223 (a)
2114 4149 2364 4223 [Ergone
2399 4146 2533 4217 ignis
2556 4161 2660 4198 non
2701 4142 2916 4203 sufficit,
2940 4138 3032 4194 sed
3055 4136 3259 4208 sagittis
3281 4144 3362 4188 est
3382 4134 3552 4203 opus?
3583 4132 3595 4203 Ι

2015 4243 2176 4297 Vides
2217 4241 2393 4295 omnia
2442 4253 2535 4308 per
2579 4234 2978 4290 translationem
3021 4239 3076 4284 et
3118 4225 3413 4295 emphasim
3455 4223 3592 4276 dicta

2013 4350 2154 4398 esse,
2196 4340 2251 4387 et
2289 4340 2346 4384 ut
2376 4345 2469 4399 per
2509 4328 2622 4381 lucc
2661 4334 2847 4380 cuncta
2882 4328 3166 4391 augeretur
3202 4315 3400 4370 timor?
3440 4312 3594 4380 Quod

2014 4426 2155 4480 enim
2186 4422 2351 4488 dicit,
2400 4420 2504 4474 tale
2544 4427 2644 4473 cst.
2690 4415 2901 4471 Paravit
2942 4411 3197 4481 supplicia
3239 4409 3304 4462 iis
3340 4406 3428 4476 qui
3473 4413 3597 4457 sunt

2014 4512 2293 4585 puniendi.
2321 4511 2425 4565 Sed
2452 4509 2495 4564 si
2525 4525 2630 4563 non
2656 4508 2733 4561 sic
2758 4504 2999 4567 dixisset,
3029 4516 3133 4554 non
3174 4500 3243 4553 ita
3285 4497 3593 4549 terruisset:

2017 4621 2163 4661 nunc
2190 4614 2368 4658 autem
2408 4618 2527 4657 cum
2550 4600 2881 4669 sagittarum,
2904 4594 3084 4665 gladii,
3124 4604 3279 4646 arcus
3317 4587 3600 4643 immissio-

2018 4699 2135 4761 nis,
2171 4694 2486 4751 inteusiouis
2525 4694 2998 4747 inStrumentorum
3027 4683 3246 4749 mortis,
3286 4689 3341 4736 et
3370 4672 3600 4735 inccndﬁ

2018 4787 2286 4853 meminit,
2318 4785 2592 4839 nominum
2616 4782 2874 4835 varietate
2908 4786 3109 4833 metum
3134 4777 3373 4831 incussit.
3402 4771 3601 4827 Deinde

2021 4894 2208 4937 rursus
2235 4888 2434 4933 metum
2461 4875 2787 4939 consolatus,
2817 4871 3127 4941 subiunxit,
3159 4865 3480 4921 Ardeatibus.
3522 4863 3598 4919 Ne

2022 4970 2141 5041 quis
2188 4969 2330 5024 enim
2379 4964 2713 5037 insipientior
2752 4964 3117 5026 existimaret,
3167 4959 3219 5013 in
3255 4970 3441 5013 omnes
3478 4970 3602 5011 eum

2023 5076 2213 5117 manus
2240 5060 2491 5129 dirigere,
2523 5068 2578 5114 et
2605 5065 2867 5111 armatum
2898 5069 3052 5117 esse,
3067 5051 3339 5121 subjunxit
3359 5090 3375 5115 ,
3403 5048 3601 5101 Arden-

2023 5153 2174 5207 tibus.
2219 5150 2370 5217 Quod
2420 5152 2579 5205 etiam
2634 5146 2830 5203 l‘aulus
2877 5144 3140 5215 signiﬁcat
3182 5142 3248 5196 de
3300 5140 3604 5209 magistratu

2023 5244 2208 5298 dicens
2232 5259 2244 5296 :
2274 5242 2393 5295 Non
2415 5241 2545 5294 enim
2572 5241 2758 5310 frustra
2784 5236 3012 5308 gladium
3032 5242 3196 5305 portat
3223 5230 3397 5305 (Rom.
3416 5229 3502 5283 15.
3522 5227 3601 5297 4).

2025 5334 2182 5402 Quod
2205 5334 2250 5389 si
2282 5334 2334 5388 in
2366 5331 2758 5402 magistratibus
2784 5328 2991 5397 gladius
3023 5327 3123 5379 hoc
3148 5322 3273 5377 facit
3309 5331 3364 5374 et
3401 5327 3603 5372 terret:

2027 5429 2197 5483 multo
2227 5427 2394 5496 magis
2427 5425 2479 5479 in
2506 5424 2632 5478 Deo.
2661 5422 2828 5476 Porro
2868 5419 2969 5474 hoc
2994 5425 3076 5471 est
3108 5430 3213 5469 non
3238 5411 3469 5483 vulgaris-
3495 5410 3608 5466 cle-

2029 5520 2240 5575 utentia:
2279 5524 2671 5587 argumentum,
2713 5528 2807 5582 per
2835 5527 2916 5565 vei
2932 5510 2994 5563 ba
3037 5517 3257 5573 terrere,
3302 5515 3355 5561 et
3396 5520 3605 5575 pteuam

2028 5612 2394 5683 ampliﬁcare,
2439 5623 2507 5662 ne
2547 5607 2720 5675 reipsa
2751 5620 2867 5659 eam
2911 5603 3268 5674 experiamur.
3320 5599 3608 5667 Propterea

2095 5809 2522 5875 (a)Qua24un_cinis
2555 5807 2844 5858 clauduntur
2877 5807 2924 5855 in
2955 5805 3102 5855 Editis
3134 5803 3339 5863 desunt;
3373 5799 3617 5850 habentur

2012 5872 2199 5925 autem
2222 5877 2271 5923 in
2292 5872 2483 5923 duobus
2506 5878 2605 5921 Mss
