4106 6470
631 469 703 524 99
1336 461 1390 514 s.
1430 459 1704 514 iasivth
1729 453 2200 511 cnuvsosrom
2241 452 2552 508 ARCIIIEP.
2585 454 3116 512 cuivsraa't'txtip.
3779 470 3864 525 mo

628 583 771 634 enim
799 577 1042 640 intendit,
1086 584 1360 642 propterea
1394 573 1632 642 paravit,
1679 572 1797 623 nleo
1840 579 2056 637 sagittas
2099 567 2197 620 itu-

631 673 836 739 posuit,
879 669 999 722 ideo
1038 681 1096 718 se
1137 674 1285 733 parat
1322 663 1387 716 ad
1427 665 1742 732 supplicium
1767 703 1782 728 ,
1825 676 1890 714 ne
1930 663 2103 711 veniat
2138 658 2204 711 ad

625 759 962 828 supplicium.

695 850 780 904 12.
814 848 1116 904 Orationem
1138 856 1312 902 autem
1362 845 1534 900 reddit
1559 844 1853 914 graviorem
1877 884 1892 906 ,
1923 856 2018 910 per
2045 839 2201 905 illud,

636 939 877 1006 l'ibrabit,
909 941 1152 1009 supplicii
1179 938 1567 994 vehementiam
1601 945 1656 990 et
1675 935 2000 989 celeritatem
2021 944 2202 985 nsten-

620 1031 790 1098 dens;
821 1032 1054 1103 perillud
1080 1039 1278 1094 autetn,
1306 1027 1551 1093 Intendit,
1582 1027 2027 1096 propinquitatem
2056 1042 2068 1078 :
2111 1040 2203 1092 per

624 1123 775 1188 illud,
814 1122 1050 1188 Paravit,
1099 1121 1150 1176 id
1193 1121 1332 1191 quod
1363 1120 1582 1174 omnino
1621 1118 1852 1173 futnrttm
1880 1127 1981 1183 est,
2025 1119 2203 1170 sinon

622 1214 820 1269 fuerint
871 1216 1056 1269 mutati
1109 1233 1121 1268 :
1173 1229 1267 1283 per
1295 1213 1432 1268 hanc
1468 1227 1673 1278 vocem,
1719 1211 2039 1277 Ardentibus,
2084 1225 2204 1264 reos

622 1309 930 1372 ostendens,
959 1317 1017 1358 ut
1035 1319 1129 1374 per
1153 1285 1268 1359 haec
1292 1304 1471 1358 omnia
1499 1303 1662 1368 docti,
1695 1301 2089 1370 improbitatem
2120 1317 2204 1353 re-

629 1400 878 1465 primant.
928 1396 1079 1464 Quod
1123 1396 1166 1449 si
1190 1396 1304 1450 haâ€˜c
1341 1405 1521 1449 essent
1559 1393 1752 1448 furoris
1798 1401 1852 1446 et
1897 1391 2200 1456 iracundia),

625 1501 728 1539 non
758 1485 1089 1555 praedixisset
1111 1486 1208 1550 eis,
1237 1501 1296 1540 se
1324 1486 1627 1539 invasurum
1649 1499 1788 1538 esse.
1822 1484 1898 1536 Ira
1929 1484 2070 1537 enim
2098 1497 2201 1535 non

625 1575 724 1629 hoc
774 1574 916 1642 facit,
950 1576 1049 1630 sed
1087 1577 1437 1642 contrarium,
1468 1576 1698 1630 maxime
1728 1574 1940 1643 quando
1965 1575 2031 1628 ad
2059 1590 2205 1628 smn-

621 1685 764 1722 mtnn
815 1669 1137 1738 pervenerit,
1166 1679 1221 1724 et
1245 1670 1505 1739 supplicio
1529 1684 1591 1724 ac
1633 1668 1876 1738 supplicii
1922 1667 2197 1737 apparatui

622 1760 880 1814 imminet.
909 1761 1100 1814 llostes
1124 1771 1288 1826 certe,
1317 1769 1369 1816 et
1407 1760 1496 1830 qui
1515 1759 1692 1814 volunt
1724 1758 2038 1828 supplicium
2067 1757 2203 1812 inlli-

619 1866 768 1917 gere,
814 1867 918 1903 non
948 1851 1108 1904 modo
1136 1850 1184 1904 id
1215 1867 1318 1904 non
1350 1849 1551 1913 dicunt,
1583 1848 1678 1903 sed
1707 1850 1864 1903 etiam
1895 1847 1946 1902 id
1968 1849 2202 1904 celantes

622 1939 895 2006 invadunt,
922 1956 987 1996 ne
1003 1941 1089 2010 qui
1117 1951 1237 1994 sunt
1263 1940 1510 2010 puniendi
1537 1940 1580 1994 si
1603 1939 1931 2004 resciverim,
1955 1949 2196 1993 caveant.

618 2029 686 2082 At
714 2044 819 2084 non
867 2032 944 2084 sic
975 2032 1136 2096 Deus,
1189 2032 1284 2085 sed
1327 2041 1512 2085 contra
1558 2032 1775 2084 omnino
1807 2047 1820 2084 :
1856 2029 2113 2100 prmdicit,
2145 2039 2200 2085 et

613 2119 808 2188 differt,
839 2123 1013 2176 verbis
1041 2131 1222 2188 terret,
1247 2132 1301 2176 et
1325 2121 1454 2176 nihil
1483 2137 1587 2176 non
1620 2121 1768 2189 facit,
1799 2132 1854 2176 ut
1879 2139 1997 2191 quae
2023 2123 2199 2177 mina-

614 2225 698 2268 tur
727 2231 830 2269 non
863 2216 1101 2270 inducat.
1151 2215 1262 2271 Hoc
1294 2217 1454 2271 etiam
1495 2215 1615 2270 fecit
1665 2215 1715 2270 iu
1759 2215 2021 2270 Ninivitis.
2067 2215 2198 2270 Nam

614 2306 716 2360 illic
737 2321 946 2376 quoque
993 2323 1174 2362 arcum
1206 2309 1450 2374 tetendit,
1496 2308 1730 2378 gladium
1762 2309 2002 2374 vibravit,
2025 2308 2198 2377 jaeula

613 2401 837 2467 paravit,
867 2409 921 2454 et
963 2401 1123 2454 ictum
1173 2417 1278 2454 non
1326 2401 1533 2454 inflixit.
1570 2405 1651 2454 An
1698 2415 1802 2454 non
1834 2400 1926 2455 tibi
1956 2400 2201 2455 videntur

615 2492 772 2544 verba
803 2492 1075 2560 prophetat
1101 2507 1221 2548 esse
1256 2507 1431 2558 arcus,
1462 2503 1517 2547 et
1544 2492 1727 2557 telum,
1757 2502 1810 2545 et
1837 2491 2047 2562 gladius
2071 2508 2199 2547 acu-

622 2594 726 2648 tus,
758 2585 968 2652 quando
995 2585 1123 2639 dicit
1155 2603 1168 2638 :
1197 2585 1377 2638 Adhuc
1421 2595 1519 2638 tres
1543 2585 1648 2637 dies
1695 2581 1769 2655 (a)
1796 2592 1842 2638 et
1874 2583 2058 2638 Ninive
2083 2585 2200 2637 sub-

614 2683 828 2728 rertetur
845 2672 1014 2744 (Iona:
1047 2675 1100 2730 3.
1119 2676 1176 2744 4)
1197 2676 1220 2728 ?
1243 2675 1348 2730 Sed
1372 2676 1536 2729 telum
1553 2689 1658 2729 non
1680 2674 1857 2730 emisit
1885 2691 1898 2728 :
1929 2691 2032 2730 non
2053 2675 2197 2730 enim

612 2764 730 2818 ideo
751 2773 870 2819 erat
896 2776 1211 2834 apparatum
1244 2774 1299 2818 ut
1323 2767 1675 2829 emitteretur,
1698 2765 1792 2820 sed
1819 2774 1874 2819 ut
1903 2781 2196 2835 reponere-

611 2865 715 2909 tur.
765 2855 896 2910 Nam
941 2858 1137 2913 milites
1183 2857 1396 2927 quidem
1424 2873 1484 2912 ea
1525 2857 1592 2912 de
1619 2873 1776 2912 causa
1821 2867 2112 2925 armantur,
2141 2868 2199 2914 ut

610 2949 831 3016 puniant
859 2966 872 3001 :
911 2949 1047 3003 Deus
1071 2964 1376 3004 autemnon
1404 2949 1500 3016 sic,
1538 2949 1634 3004 sed
1669 2957 1723 3002 tit
1750 2964 1869 3003 cum
1903 2950 2197 3004 reddiderit

607 3049 751 3093 metu
794 3040 1167 3106 modestiores,
1201 3039 1464 3094 abstineat
1498 3054 1714 3094 manum
1753 3056 1782 3094 a
1809 3041 2087 3111 supplicio.
2118 3040 2194 3095 Ne

606 3144 735 3199 ergo
754 3130 1136 3186 conturbemur
1159 3150 1171 3184 :
1191 3139 1274 3185 est
1291 3131 1433 3185 enim
1455 3139 1626 3185 terror
1643 3130 1927 3185 verborum
1953 3131 2196 3186 maximae

606 3220 925 3286 clementiae,
947 3230 1003 3275 et
1041 3236 1148 3290 quo
1163 3221 1290 3276 dicit
1312 3221 1748 3287 intolerabiliora,
1780 3237 1844 3276 eo
1872 3222 1960 3276 illa
1981 3238 2048 3277 ex
2073 3239 2192 3276 ma-

605 3308 712 3380 jori
753 3310 881 3366 dicit
922 3312 1344 3367 mansuetudine.
1385 3312 1518 3367 Nam
1563 3321 1738 3383 patres
1779 3314 1938 3368 etiam
1983 3315 2196 3384 quando

608 3402 794 3455 nolunt
823 3403 1010 3471 punire
1061 3403 1220 3470 filios,
1263 3405 1440 3460 verbis
1481 3404 1614 3460 iram
1643 3406 1889 3460 attollunt
1925 3423 1937 3458 :
1974 3408 2041 3460 ita
2080 3409 2196 3477 ipse

606 3495 790 3561 etiam,
821 3495 942 3564 quia
990 3509 1094 3550 non
1139 3495 1252 3549 vult
1297 3496 1515 3565 punire,
1562 3496 1738 3551 verbis
1786 3507 1987 3552 metum
2021 3498 2196 3554 reddit

606 3586 925 3653 graviorem.
954 3585 1093 3640 Dicit
1113 3587 1270 3641 etiam
1297 3601 1357 3641 se
1383 3601 1597 3656 parasse
1634 3589 1954 3656 gehennam,
1987 3603 2052 3642 ne
2074 3588 2194 3642 mit-

611 3685 685 3728 tat
730 3676 782 3729 in
812 3675 1110 3746 gehennam
1137 3719 1151 3742 ,
1181 3687 1234 3731 et
1263 3676 1384 3732 ideo
1411 3676 1571 3731 etiam
1615 3677 1667 3730 in
1698 3677 1996 3747 Evangeliis
2029 3679 2191 3732 multa

605 3766 854 3822 dicuntur
876 3769 943 3823 de
971 3769 1252 3839 supplicio,
1297 3784 1358 3824 ac
1389 3770 1536 3839 plura
1567 3785 1726 3839 quam
1748 3769 1816 3824 de
1843 3786 2026 3840 regno.
2057 3771 2190 3838 Quia

606 3859 749 3914 enim
779 3860 830 3914 in
858 3861 923 3915 iis
951 3861 1040 3931 qui
1085 3861 1279 3916 minori
1311 3871 1436 3916 sunt
1465 3877 1624 3916 sensu
1654 3861 1882 3932 praediti,
1925 3879 2030 3917 non
2069 3874 2191 3916 tan-

609 3962 721 4006 tum
752 3952 1015 4007 bonorum
1064 3955 1364 4024 promissio,
1397 3971 1557 4024 quam
1589 3965 1972 4011 tormentorum
2018 3965 2191 4010 metus

608 4043 822 4097 adducit
843 4045 907 4097 ad
928 4044 1203 4110 virtutem,
1227 4055 1281 4099 et
1303 4045 1517 4100 abducit
1538 4061 1567 4099 a
1598 4047 1726 4101 vitio
1756 4065 1769 4100 :
1804 4057 2085 4116 prepterea
2135 4047 2187 4102 in

613 4134 677 4186 iis
703 4135 871 4204 magis
917 4147 1247 4200 immoratur,
1301 4144 1357 4190 et
1383 4152 1447 4191 ea
1496 4138 1644 4206 ponit
1681 4139 1914 4193 assidue.
1959 4139 2035 4194 Ne
2063 4155 2190 4210 ergo

609 4223 851 4278 molestia
869 4226 1182 4293 afficiamnr,
1211 4227 1335 4281 dum
1362 4227 1542 4297 gravia
1567 4229 1726 4282 verba
1751 4230 1996 4283 audimus
2029 4249 2041 4284 :
2077 4247 2192 4284 ma-

607 4330 772 4384 gnum
806 4315 948 4369 enim
980 4316 1186 4370 lucrum
1218 4317 1270 4371 in
1297 4334 1356 4372 se
1392 4318 1700 4383 continent;
1748 4319 1841 4372 sed
1872 4319 1986 4388 ejus
2010 4321 2190 4374 consi-

606 4405 856 4460 derantes
897 4416 950 4460 et
998 4407 1306 4478 patientiam
1350 4415 1408 4462 et
1454 4407 1655 4476 justum
1701 4407 1980 4478 judicium,
2029 4427 2095 4464 ne
2122 4411 2190 4466 de

607 4497 778 4551 salute
824 4499 1208 4569 desperemus:
1241 4509 1321 4556 cst
1368 4502 1508 4556 enim
1544 4502 1787 4572 patiens;
1832 4519 2004 4572 neque
2050 4506 2188 4558 tristi

602 4588 782 4641 animo
805 4589 970 4644 simus
998 4608 1013 4645 :
1046 4603 1128 4646 est
1159 4592 1299 4647 enim
1336 4593 1544 4662 justus;
1573 4593 1658 4648 hic
1707 4592 1918 4663 quidem
1969 4595 2187 4649 multam

603 4679 894 4734 ostendens
924 4684 1253 4750 patientiam,
1281 4685 1388 4738 illic
1415 4695 1592 4738 autem
1623 4700 1717 4740 eos
1737 4686 1825 4756 qui
1857 4701 1960 4739 non
1992 4686 2078 4741 hic
2105 4687 2189 4741 lu-

602 4768 942 4838 crifecernnt,
976 4775 1341 4843 experimento
1371 4777 1584 4831 tradens
1629 4779 1870 4847 supplicii
1900 4796 1913 4840 ;
1944 4779 2084 4850 quod
2123 4795 2190 4836 ne

606 4863 715 4925 fiat,
746 4861 829 4916 hic
848 4866 956 4932 jam
987 4866 1301 4934 supplicium
1329 4867 1674 4936 depellamus.
1711 4869 1797 4923 15.
1846 4869 1978 4924 Ecce
2010 4879 2188 4940 partu-

602 4953 687 5006 riit
717 4955 1035 5026 injustitiam.
1069 4956 1322 5012 Hebraeus
1344 4967 1542 5023 autem,
1567 4976 1663 5030 pro
1686 4961 1943 5030 parturiit,
1968 4960 2118 5016 Jebat
2147 4965 2185 5015 Â¹.

603 5045 841 5116 Concepit
867 5048 1109 5102 dolorem.
1141 5050 1310 5115 Alius,
1344 5049 1412 5103 Et
1439 5068 1552 5103 cum
1581 5051 1917 5121 parturiisset.
1951 5051 2017 5104 Et
2042 5071 2191 5124 pepe-

603 5140 668 5193 rit
692 5141 1025 5211 iniquitatem.
1056 5143 1226 5208 Alius,
1253 5141 1599 5196 Mendacium.
1626 5143 1715 5198 16.
1742 5141 1934 5199 Lucum
1965 5146 2185 5214 aperuit,

670 5422 687 5453 Î¹
720 5426 857 5482 neg.,
883 5421 1044 5484 label,â€˜
1059 5423 1198 5482 Editl,
1224 5421 1352 5474 lebat
1379 5435 1396 5472 :
1419 5436 1514 5474 vox
1537 5424 1742 5474 Hebraea
1764 5432 1857 5484 est,
1873 5400 2023 5480 Î’á½·Î·Î½.

665 5509 740 5578 (a)
761 5512 1092 5578 Antiquissima
1126 5513 1234 5564 haec
1265 5513 1414 5564 lectio
1437 5523 1531 5576 est,
1557 5522 1610 5564 et
1631 5516 1681 5563 in
1702 5517 2009 5578 septuaginta
2032 5524 2186 5578 Inter-

607 5576 776 5640 pretes
807 5572 996 5640 invecta
1021 5587 1032 5621 :
1057 5583 1261 5640 cumet
1287 5572 1527 5640 chreus'
1561 5583 1615 5626 et
1650 5572 1809 5640 syrtis,
1838 5572 1905 5640 et
1931 5577 2096 5639 Aquila
2136 5586 2189 5640 et

604 5632 928 5707 seeae
945 5641 1010 5707 Ï‚Î¹,
1033 5634 1326 5707 Ï„Î¹Î¾ÏÎ¿ÎµÎ¹Î¿Î¹á½·ÏÎ¹
1357 5639 1576 5707 itemque
1598 5632 1812 5707 meam;
1838 5632 2069 5707 Î¹Î·ÏˆÎ¿Îµá½·Î¹Î¹Î¹,
2095 5639 2190 5688 Î»Î±-

605 5690 698 5755 huc
714 5691 1043 5755 quadraginta
1063 5693 1184 5754 dies,
1201 5705 1247 5746 et
1269 5690 1431 5749 {vitiive
1451 5690 1767 5750 szibvertetiir.
1791 5690 2004 5749 Justinus
2023 5690 2189 5749 autem

605 5748 874 5830 angeli)â€
887 5748 999 5830 eum
1012 5748 1271 5830 pyphbue
1291 5748 1618 5830 quadraginta
1627 5748 1738 5830 tres
1757 5748 1934 5830 habet,
1961 5761 2025 5830 ita
2121 5748 2188 5809 ex

603 5808 797 5878 duabus
811 5808 1126 5878 â€˜lectionibu's'
1160 5830 1255 5865 una
1293 5808 1416 5870 facta
1445 5808 1529 5871 á½²á½·á¼¶.
1550 5808 1642 5872 Sed
1680 5808 1748 5873 ait
1773 5808 1956 5873 ibidem
1977 5808 2190 5874 Justinus

603 5871 700 5916 sua
729 5874 1042 5938 exemplaria,
1067 5882 1162 5926 tres
1187 5878 1306 5942 dies,
1332 5880 1536 5933 habere.

2311 578 2357 616 et
2383 562 2556 629 e/fodit
2585 581 2697 616 eum
2726 607 2740 630 ,
2767 579 2810 618 et
2839 565 3027 618 incidet
3054 568 3103 620 in
3128 569 3321 635 foveam
3347 587 3496 638 quant
3521 575 3654 640 fecit.
3687 578 3816 630 Alias
3850 597 3862 633 :

2311 655 2376 707 lu
2403 656 2657 707 interitum
2689 673 2832 725 quem
2857 661 2993 725 fecit.
3029 661 3172 712 Dixit
3208 661 3370 716 Deum
3398 679 3530 718 esse
3558 678 3785 734 paratum
3809 673 3864 725 ad

2313 747 2630 813 supplicium
2653 764 2665 810 ;
2687 749 2819 801 dixit
2837 765 2955 801 eum
2973 751 3256 806 immittere
3274 755 3527 822 snpplicia
3548 774 3560 808 :
3584 774 3674 825 per
3686 759 3776 812 hoc
3792 778 3866 815 ra-

2308 836 2537 904 stigavit,
2569 848 2622 890 et
2649 839 2946 893 modestum
2989 841 3220 896 reddidit
3250 845 3568 912 auditorem,
3603 859 3657 901 ut
3681 851 3762 918 qtti
3789 869 3865 904 su-

2309 943 2528 997 pernam
2559 929 2690 982 iratn
2715 930 2764 983 ei
2803 931 3110 1002 impendere
3139 936 3450 991 ostenderit.
3479 938 3612 993 Eum
3640 941 3868 1012 deinceps
3949 993 3957 1001 .
4023 947 4029 975 "

2308 1019 2464 1072 docet
2488 1020 2645 1072 etiam
2675 1035 2741 1073 ex
2772 1022 2933 1075 rebus
2960 1024 3087 1092 ipsis
3111 1025 3420 1094 ostendens,
3447 1029 3529 1083 vel
3551 1042 3672 1085 ante
3690 1036 3870 1102 suppli-

2307 1109 2466 1174 cium,
2495 1109 2665 1178 ipsum
2696 1111 2879 1164 vitium
2905 1128 3023 1168 esse
3050 1129 3280 1183 poenam.
3311 1117 3461 1184 Quod
3491 1121 3699 1190 quidem
3725 1128 3867 1177 etiam

2309 1197 2504 1253 Paulus
2555 1201 2946 1269 demonstrans,
3001 1204 3212 1259 dicebat
3267 1223 3281 1260 :
3327 1208 3390 1260 Et
3421 1212 3694 1264 mercedem
3735 1231 3869 1280 quam

2307 1290 2566 1358 Oportebat
2609 1293 2793 1354 erroris
2839 1294 2891 1346 in
2936 1311 2989 1348 se
3027 1297 3321 1365 recipientes
3368 1298 3546 1368 (Rom.
3594 1305 3644 1355 1.
3682 1302 3872 1374 2á¼¸)Í¾Î¸Î¹

2306 1379 2522 1433 adducit
2550 1381 2598 1433 in
2631 1382 2864 1437 medium
2881 1400 2972 1438 eos
2993 1386 3081 1454 qui
3101 1397 3336 1442 extrema
3363 1405 3390 1442 a
3419 1391 3546 1452 vitio
3574 1395 3711 1462 passi
3740 1406 3870 1449 sunt.

2308 1469 2440 1534 Quia
2469 1471 2613 1524 enim
2643 1473 2790 1526 multi
2819 1489 2884 1528 ex
2921 1476 3268 1533 crassioribus
3298 1487 3422 1534 tunc
3450 1485 3680 1539 maxime
3717 1486 3874 1540 solent

2308 1561 2545 1628 reprimi,
2577 1572 2630 1616 et
2677 1565 3058 1621 moderatiores
3081 1568 3242 1636 eflici,
3265 1573 3480 1642 quando
3509 1589 3605 1629 eos
3629 1579 3715 1646 qni
3746 1579 3873 1646 passi

2305 1663 2430 1707 sunt
2460 1653 2689 1709 viderint
2721 1674 2734 1710 :
2764 1668 3043 1728 propterea
3076 1661 3188 1730 ipse
3225 1679 3436 1734 quoque
3464 1683 3562 1722 eos
3590 1669 3799 1725 adducit
3825 1673 3871 1726 in

2304 1743 2560 1798 medium.
2591 1744 2665 1799 Ita
2683 1749 2844 1802 etiam
2869 1750 2990 1804 facit
3013 1749 3279 1819 Christus,
3302 1757 3390 1825 qui
3413 1772 3533 1812 cum
3559 1760 3624 1814 de
3647 1761 3873 1831 gehenna

2305 1834 2526 1890 multtttn
2555 1836 2914 1907 disseruisset,
2947 1857 3042 1897 eos
3064 1845 3223 1899 etiam
3245 1848 3334 1916 qui
3357 1849 3480 1902 illuc
3501 1852 3801 1918 mittuntur,
3826 1856 3872 1908 in

2305 1927 2538 1982 medium
2579 1931 2816 1998 adducit,
2851 1945 2908 1988 ut
2933 1934 3151 1991 divitem
3180 1939 3271 2008 qui
3299 1950 3412 1995 erat
3439 1950 3680 2013 tempore
3704 1946 3874 2000 laxari

2306 2019 2554 2091 (LchG.
2585 2023 2828 2096 19.sqq.)
2850 2070 2864 2092 ,
2899 2029 3130 2098 virgines
3151 2031 3354 2098 fatuas,
3403 2051 3523 2090 eum
3557 2041 3771 2109 insuper
3797 2041 3877 2108 qni

2304 2127 2466 2168 unum
2512 2115 2764 2171 talentum
2795 2121 3145 2176 absconderat
3194 2123 3407 2192 (Matth.
3438 2128 3528 2182 ÎžÎ’.
3562 2131 3608 2183 1.
3647 2149 3752 2202 sqq.
3797 2132 3879 2184 2i.

2302 2209 2473 2274 sqq);
2519 2215 2572 2260 et
2620 2207 2674 2260 in
2722 2211 2968 2277 praesenti
3001 2213 3105 2266 vita
3151 2229 3245 2268 eos
3296 2220 3384 2286 qui
3442 2219 3492 2272 in
3543 2223 3675 2275 turri
3720 2224 3881 2276 obruti

2304 2296 2528 2364 fuerant,
2555 2308 2608 2354 et
2650 2315 2875 2371 quorum
2923 2306 3230 2374 sanguinem
3287 2308 3484 2364 Pilatus
3512 2315 3725 2368 miscuit
3771 2331 3881 2368 cum

2300 2387 2574 2443 sacrificiis
2621 2389 2640 2461 (
2665 2390 2791 2445 Luc.
2823 2393 2910 2448 15.
2937 2394 2988 2447 1.
3015 2395 3067 2448 4.
3092 2394 3136 2464 ).
3164 2394 3236 2450 Ita
3263 2399 3418 2452 etiam
3447 2400 3634 2457 Petrus
3677 2422 3796 2458 cum
3823 2406 3887 2460 de

2299 2478 2540 2546 gehenua
2563 2481 2786 2536 multum
2830 2483 3201 2554 disseruisset,
3228 2503 3323 2544 eos
3352 2499 3474 2545 tunc
3502 2495 3736 2549 maxime
3767 2513 3883 2565 per-

2300 2570 2448 2634 culit,
2475 2572 2688 2641 quando
2732 2575 2994 2644 supplicio
3038 2577 3258 2633 affectos
3301 2581 3518 2636 adduxit
3549 2585 3601 2639 in
3635 2588 3882 2652 medium,

2298 2673 2354 2716 et
2392 2677 2516 2717 ante
2557 2665 2742 2720 oculos
2766 2667 2998 2722 ostendit
3043 2670 3264 2726 Ananiae
3294 2680 3349 2727 et
3366 2673 3644 2746 Sapphirae
3688 2683 3888 2750 suppli-

2299 2755 2439 2810 cium
2469 2756 2602 2828 (Act.
2625 2759 2680 2814 5.
2702 2760 2752 2813 1.
2786 2759 2944 2832 sqq.):
2971 2763 3110 2832 quod
3137 2764 3350 2832 quidem
3369 2767 3493 2822 fecit
3512 2770 3674 2825 etiam
3703 2771 3889 2827 Paulus

2301 2847 2352 2900 in
2384 2863 2539 2918 mago
2565 2848 2704 2922 (Act.
2735 2853 2822 2907 15.
2865 2853 2924 2907 11
2953 2853 2993 2924 ).
3023 2853 3134 2910 [Ioc
3169 2857 3327 2910 etiam
3365 2858 3472 2914 alio
3509 2861 3672 2915 modo
3697 2865 3888 2918 c0nftr-

2303 2946 2434 3003 mat,
2460 2939 2674 3008 quando
2703 2955 2888 2995 eorum
2925 2943 3013 3012 qui
3042 2943 3096 2997 in
3131 2947 3418 3002 solitudine
3460 2948 3675 3006 fuerant
3706 2955 3891 3007 tuemi-

2299 3029 2412 3094 nit,
2440 3031 2517 3085 sic
2549 3031 2733 3086 dicens
2761 3049 2775 3085 :
2809 3031 2948 3088 Nolo
2973 3050 3058 3089 vos
3083 3037 3337 3106 ignorare,
3365 3040 3552 3108 fratres
3575 3085 3589 3108 ,
3619 3047 3761 3114 quod
3788 3063 3890 3098 om-

2298 3138 2385 3176 nes
2433 3133 2601 3192 patres
2635 3127 2796 3180 nostri
2823 3127 2912 3180 sub
2947 3129 3074 3183 nube
3115 3133 3340 3201 fuerunt,
3373 3141 3420 3186 et
3466 3151 3638 3188 omnes
3669 3138 3724 3189 in
3757 3135 3892 3190 Mosa

2299 3215 2710 3285 baptizati.suut,
2738 3227 2784 3271 et
2804 3218 2970 3272 cibum
2997 3220 3310 3290 spiritualem
3343 3224 3689 3292 comederunt,
3725 3237 3775 3280 et
3800 3244 3893 3295 po-

2295 3312 2402 3358 tum
2417 3305 2726 3376 spiritualem
2741 3309 2967 3363 biberunt
2982 3325 3001 3364 :
3019 3311 3108 3364 sed
3122 3327 3220 3366 non
3237 3314 3288 3366 in
3306 3314 3533 3384 pluribus
3549 3333 3726 3370 eorum
3755 3335 3891 3372 com-

2298 3395 2540 3467 placitum
2566 3409 2639 3452 est
2665 3399 2790 3466 Deo,
2821 3401 2908 3455 sed
2937 3404 3212 3472 perierunt,
3263 3415 3311 3458 et
3357 3407 3639 3461 ceciderunt
3665 3411 3748 3478 (1.
3776 3408 3892 3463 Cor.

2299 3489 2366 3542 1Ï…
2396 3487 2557 3558 1.-5).
2608 3489 2740 3557 Quia
2771 3491 2912 3545 enim
2931 3492 3186 3547 disseruit
3203 3495 3270 3548 de
3299 3493 3512 3563 futuris,
3535 3497 3600 3551 de
3620 3499 3895 3568 gehenna,

2297 3579 2535 3650 inquam,
2571 3581 2638 3636 de
2670 3597 2842 3651 poena,
2876 3593 2927 3638 et
2958 3586 3241 3656 supâ€˜plicio,
3273 3603 3339 3642 ex
3372 3591 3655 3658 praateritis
3683 3608 3898 3663 quoqne

2295 3685 2479 3725 eorum
2513 3671 2666 3727 affert
2713 3675 3100 3743 probationem,
3137 3692 3231 3732 eos
3259 3680 3349 3749 qui
3380 3679 3523 3748 plexi
3553 3693 3682 3738 sunt
3721 3684 3894 3737 addu-

2299 3777 2429 3817 cens
2473 3763 2523 3816 in
2562 3765 2829 3830 medium,
2869 3766 2968 3822 hos
3003 3768 3216 3839 quidem
3269 3785 3299 3824 a
3343 3774 3726 3843 serpentibus,
3779 3776 3898 3829 illos

2294 3868 2422 3907 vero
2452 3855 2519 3909 ab
2556 3857 2988 3913 exterminatore.
3022 3859 3174 3926 Quod
3199 3861 3414 3931 quidem
3449 3863 3534 3918 hic
3569 3881 3793 3938 quoque
3823 3867 3894 3921 fa-

2293 3944 2365 3998 cit
2425 3947 2587 4001 David
2617 3989 2632 4014 ,
2665 3949 2749 4004 vel
2788 3949 2857 4005 de
2886 3951 3240 4023 Achitopltele
3279 3955 3483 4022 dicens,
3514 3958 3596 4012 vel
3627 3959 3701 4014 de
3731 3960 3899 4013 Absa-

2295 4037 2435 4093 lone.
2485 4038 2731 4094 Nonnulli
2785 4042 2960 4112 itaque
2984 4044 3166 4098 dicunt
3207 4045 3348 4101 dicta
3393 4063 3515 4103 esse
3555 4047 3625 4104 de
3671 4051 3903 4105 Acbito-

2294 4129 2470 4199 phele.
2500 4130 2616 4186 Non
2661 4133 2804 4187 enim
2833 4135 3072 4204 ejusdem
3103 4146 3219 4191 erat
3244 4138 3420 4193 dicere
3453 4157 3467 4193 :
3519 4139 3736 4197 Parcite
3778 4145 3904 4194 mila

2293 4222 2456 4292 ï¬liolo
2477 4240 2587 4278 meo
2612 4224 2874 4292 Absaloui,
2905 4236 2960 4283 et
3001 4237 3125 4299 post
3149 4244 3350 4294 casum,
3387 4231 3512 4298 Quis
3537 4233 3746 4288 dederit
3778 4234 3904 4287 mihi

2294 4324 2504 4370 mortem
2545 4333 2638 4386 pro
2665 4327 2712 4371 te
2737 4317 2811 4388 (2.
2843 4318 2974 4390 Reg.
3015 4320 3102 4375 18.
3144 4322 3199 4375 5.
3245 4321 3380 4392 33)?
3406 4335 3461 4380 et
3497 4323 3613 4379 hzec
3645 4343 3802 4380 nunc
3824 4326 3903 4379 di-

2293 4420 2417 4461 cere
2452 4424 2466 4461 :
2496 4407 2590 4462 sed
2616 4407 2702 4462 illa
2726 4409 2938 4478 quidem
2966 4410 3176 4466 dicebat
3196 4411 3479 4483 instigante
3503 4424 3722 4481 natura,
3756 4430 3906 4470 nunc

2296 4512 2422 4552 vero
2448 4498 2656 4554 afï¬‚atus
2681 4515 2710 4554 a
2737 4502 2946 4570 spiritu.
2976 4502 3082 4558 Sed
3120 4504 3238 4559 sive
3265 4505 3332 4559 de
3361 4506 3650 4574 Absalone,
3686 4510 3815 4565 sive
3842 4510 3911 4564 de

2291 4589 2641 4661 AcltitOphele
2678 4592 2817 4647 dicta
2869 4591 3118 4658 fuerunt,
3169 4597 3554 4652 consideranda
3596 4611 3738 4654 sunt
3783 4617 3910 4672 qua:

2295 4679 2433 4734 dicta
2455 4689 2614 4736 sunt:
2645 4698 2817 4754 neque
2855 4685 2998 4740 enim
3026 4684 3093 4740 de
3117 4688 3358 4755 personis
3387 4701 3418 4742 a
3449 4703 3533 4743 me
3557 4704 3913 4762 magnopere

2293 4775 2553 4845 agendum
2585 4786 2688 4835 est.

2365 4871 2451 4926 l3.
2472 4870 2615 4938 Quid
2627 4887 2751 4947 ergo
2762 4886 2829 4927 ex
2842 4870 2943 4928 hoc
2954 4869 3664 4942 locodiscimusw..tendit,
3694 4877 3825 4934 fore
3855 4889 3916 4934 Î¹Î¹Î¹

2294 4960 2383 5030 qui
2412 4961 2709 5030 propinquo
2749 4962 2882 5016 lodit
2910 4962 3136 5030 foveam,
3166 4964 3280 5034 ipse
3318 4965 3373 5019 in
3401 4981 3518 5020 eam
3547 4966 3767 5022 incidat
3800 4989 3816 5023 :
3856 4979 3915 5024 et

2291 5051 2738 5121 quemadmodum
2760 5054 3011 5109 mulieres
3035 5057 3388 5124 parturientes
3410 5070 3442 5110 a
3468 5055 3768 5114 doloribus
3790 5059 3917 5118 dis-

2291 5155 2601 5216 cerpuntur,
2625 5147 2693 5200 ita
2711 5147 2869 5202 etiam
2885 5147 2974 5218 qui
3000 5147 3122 5201 facit
3135 5147 3337 5215 dolum,
3354 5149 3658 5218 priusquam
3684 5155 3919 5223 propin-

2292 5250 2452 5306 quum
2475 5237 2663 5306 injuria
2691 5237 2905 5303 afï¬ciat,
2929 5239 3042 5308 ipse
3061 5241 3378 5309 discerpitur
3405 5247 3462 5295 et
3503 5244 3822 5313 cruciatur,
3859 5255 3920 5302 et

2293 5344 2399 5382 non
2447 5327 2550 5383 levi
2578 5329 2755 5398 aliquo
2774 5370 2788 5393 ,
2811 5331 2904 5384 sed
2930 5330 3400 5387 vehementissimo
3426 5333 3611 5388 dolore
3629 5334 3921 5391 aï¬icitur.

2293 5418 2551 5485 Quocirca
2596 5434 2717 5473 cum
2749 5421 2905 5475 vellet
2957 5422 3300 5478 acerbitatem
3345 5423 3546 5480 doloris
3574 5427 3923 5493 ostendere,

2293 5525 2406 5564 rem
2433 5510 2864 5581 partusdolorem
2883 5513 3185 5582 appellavit.
3202 5514 3425 5582 Quando
3439 5517 3579 5570 enim
3606 5517 3741 5571 vult
3760 5520 3924 5574 Scri-
3999 5571 4002 5573 A

2294 5612 2449 5672 ptura
2478 5603 2863 5659 intolerabilem
2891 5605 3122 5676 aliquem
3153 5607 3392 5663 dolorem
3418 5609 3751 5677 ostendere,
3792 5627 3920 5682 par-

2295 5701 2381 5749 tus
2398 5693 2603 5750 doloris
2625 5709 2746 5750 eum
2771 5697 2987 5751 nomine
3015 5695 3291 5752 describit.
3315 5698 3549 5753 Proinde
3568 5698 3707 5754 alibi
3737 5702 3889 5756 dicit
3909 5720 3924 5752 Ï‚

2297 5782 2541 5839 Pariendi
2569 5786 2768 5841 dolores
2791 5797 3030 5856 ceperunt
3056 5788 3338 5844 habitantes
3368 5787 3647 5844 Philistiim
3682 5791 3923 5863 (Exod.

2295 5873 2386 5928 15.
2417 5875 2552 5945 lt),
2581 5874 2680 5931 hoc
2710 5887 2811 5945 est,
2841 5878 3035 5948 timor,
3067 5889 3288 5948 tremor,
3317 5879 3502 5949 labor,
3534 5891 3587 5936 et
3614 5878 3826 5938 dolor.
3856 5884 3929 5938 Et
