4106 6474
12 2167 43 2209 ς

0 2252 43 2297 ..;

5 2346 51 2381 ε

0 2441 47 2473 θ’

0 2536 51 2567 ,Ρ

0 2626 47 2661 xz

0 2722 51 2757 7v

9 2812 59 2863 '3

8 2907 53 2937 ἵ.

20 3094 53 3111 L-

22 3114 41 3129 ι
70 3118 77 3123 .

24 3192 77 3219 (.1

24 3194 79 3219 |_l

22 3263 91 3313 rb

34 3360 95 3407 Ξ..

40 3472 111 3501 ,ιν

32 3557 111 3595 3⁵³

76 3844 125 3875 r.

41 3927 89 3978 ὑ
110 3936 123 3945 ς

56 4030 131 4065 τῇ

34 4124 127 4169 ςξέθ

60 4216 135 4249 κε’

64 4258 75 4271 .

36 4306 143 4370 ςσ

42 4395 139 4447 εῖν

31 4600 151 4638 :14

70 4682 153 4723 σν

66 4778 151 4821 3}

104 4852 151 4869 on

118 4852 153 4900 ῧ

30 4898 61 4921 h-

38 4968 151 5013 3⁵⁵³

44 5018 59 5031 ἦ
144 5033 155 5041 ί

108 5146 137 5159 Ι

26 5160 159 5200 μ

44 5232 161 5292 es

19 5564 163 5617 .‘F’

20 5620 163 5685 gr

50 5688 161 5742 ῤ’

20 5750 163 5875 gi

263 481 320 539 l0!
1490 493 1856 553 ΈΧῘὌΒΙΤΙΟ
1892 496 1941 550 1'."

2051 493 2324 556 SALMUM
2366 496 2476 558 vn.

261 628 409 670 rursus
434 612 680 673 Paulus
716 637 735 672 :
771 621 1046 690 Quando
1087 634 1266 681 autem
1290 621 1505 679 dixerint
1534 661 1549 686 ,
1578 616 1696 676 Paa:
1721 627 1767 675 et
1797 630 1944 673 secu-

266 707 380 773 ritas,
431 726 573 764 tunc
628 712 719 769 eis
772 720 1120 786 repentinus
1165 716 1390 771 imminet
1428 711 1679 778 interitus,
1714 708 1954 782 quemad-

272 799 456 856 modum
486 802 669 860 dolor
700 809 994 878 pariendi
1040 811 1089 865 ei
1116 824 1232 879 qua:
1277 816 1470 862 uterum
1510 804 1637 877 gerit
1663 802 1741 874 (1.
1769 796 1950 856 Thess.

274 893 314 948 ’⁵-
338 895 415 963 3).
462 892 581 951 ilic
609 896 744 951 duo
775 900 1102 970 signiﬁcat,
1135 910 1191 955 et
1231 913 1349 954 esse
1374 894 1723 960 intolerabile,
1756 901 1955 949 etesse

279 986 647 1058 inopinatum.
681 990 768 1046 Et
794 992 1087 1048 Ezechias
1111 1008 1126 1046 :
1163 989 1309 1046 Venit
1324 988 1470 1044 dolor
1495 985 1830 1060 parturienti,
1851 1000 1953 1038 non

285 1083 419 1137 habet
445 1092 641 1138 autem
670 1086 957 1141 uirtutem
1011 1084 1247 1155 pariendi
1285 1080 1452 1157 (Isai.
1480 1081 1570 1136 57.
1601 1072 1636 1135 3
1658 1077 1678 1150 )
1701 1120 1715 1145 ,
1761 1072 1954 1134 intole-

295 1176 513 1233 rabilem
532 1176 669 1249 ejus
699 1178 988 1234 timorem
1017 1188 1072 1234 et
1111 1176 1347 1233 laborem
1372 1189 1468 1246 per
1502 1172 1740 1229 dolorem
1760 1174 1953 1255 {partus

306 1268 569 1325 iudicans.
600 1270 692 1326 lta
725 1272 915 1327 etiam
948 1270 1037 1326 hic
1063 1269 1340 1341 propheta.
1386 1266 1499 1323 Etsi
1547 1264 1691 1322 enim
1735 1263 1804 1318 sit
1833 1262 1952 1334 quis

319 1363 504 1418 millies
523 1362 861 1433 improbus,
914 1378 1024 1418 non
1055 1358 1517 1429 iuteritjudicium
1557 1355 1944 1412 conscientim:

326 1465 405 1510 est
420 1456 563 1511 enim
590 1454 889 1521 naturale,
918 1462 975 1510 et
1016 1469 1048 1509 a
1075 1452 1187 1509 Deo
1215 1450 1369 1507 nobis
1396 1449 1465 1504 ab
1510 1448 1663 1502 initio
1706 1446 1945 1500 insitum.

334 1546 545 1603 Etiamsi
585 1547 645 1601 in
673 1544 965 1601 inﬁnitum
991 1542 1395 1607 contendamus,
1428 1541 1593 1595 instat
1640 1535 1767 1592 illud
1795 1534 1948 1591 voci-

336 1641 527 1709 ferans,
545 1642 859 1713 castigans,
879 1639 1265 1706 eondemnans,
1287 1644 1342 1692 et
1373 1642 1535 1691 nemo
1551 1641 1633 1689 est
1656 1646 1839 1688 eorum
1857 1629 1947 1701 qui

332 1735 595 1790 scelerate
620 1734 846 1800 vivunt,
872 1733 963 1804 qui
989 1746 1093 1787 non
1123 1726 1540 1785 innumerabiles
1566 1723 1778 1780 dolores
1791 1722 1950 1776 susti-

331 1835 478 1890 neat,
518 1833 577 1880 et
605 1839 736 1880 eum
773 1824 844 1881 de
891 1824 1044 1879 malis
1088 1821 1374 1887 consultat,
1418 1828 1622 1876 etcum
1663 1815 1946 1872 consilium

329 1918 387 1972 in
418 1932 557 1987 opus
601 1916 812 1973 educit.
857 1915 994 1984 Quid
1024 1914 1168 1971 enim
1210 1912 1426 1968 Acbabo
1466 1905 1946 1967 sceleratius?Sed

328 2019 517 2064 tamen
553 2024 682 2064 eum
713 2009 809 2065 ille
835 2008 1041 2063 vineam
1068 2006 1427 2076 concupisset,
1469 2000 1750 2058 considera
1778 2014 1948 2072 quan-

322 2111 449 2155 tum
474 2100 728 2156 dolorem
757 2099 989 2156 senserit
1014 2098 1093 2170 ('5.
1115 2098 1245 2170 Reg.
1273 2098 1364 2153 2!.
1387 2096 1467 2167 4).
1492 2093 1678 2165 Itaque
1701 2108 1823 2150 cum
1852 2108 1945 2148 rex

316 2202 506 2258 esset,
533 2201 591 2247 et
614 2191 801 2246 omnia
827 2189 1098 2247 dominatu
1140 2197 1368 2258 teneret,
1395 2201 1496 2243 nec
1522 2187 1662 2242 ullus
1688 2194 1833 2242 esset
1856 2183 1945 2255 qni

312 2284 374 2339 ei
431 2281 866 2350 contradiceret,
910 2281 1160 2353 quoniam
1213 2278 1557 2336 conscientia:
1585 2292 1692 2333 non
1742 2276 1947 2332 ferebat

323 2373 689 2440 sententiam,
721 2373 992 2442 ingressus
1029 2379 1114 2428 est
1141 2370 1331 2437 tristis,
1359 2366 1610 2425 deorsum
1639 2365 1942 2431 inclinatus,

322 2465 618 2531 confusus,
648 2465 703 2519 in
732 2464 849 2535 ipso
873 2473 1089 2535 aspectu
1118 2464 1399 2532 caliginem
1430 2454 1630 2527 'ferens,
1667 2459 1947 2515 conscien-

323 2557 423 2610 tia:
444 2556 860 2611 eondemnantis
891 2555 1142 2610 indicium
1165 2554 1315 2609 vultu
1341 2553 1684 2613 denuntians.
1717 2565 1820 2607 nec
1849 2565 1941 2604 va-

324 2649 456 2702 lens
483 2658 691 2718 tegere,
742 2662 903 2717 quam
946 2646 1126 2701 animo
1150 2654 1490 2717 conceperat,
1545 2644 1835 2700 tristitiam.
1864 2640 1943 2697 ita

323 2754 464 2809 ergo
488 2738 591 2793 fuit
626 2738 712 2794 vel
739 2737 808 2792 ab
849 2753 1013 2793 uxore
1038 2736 1422 2808 deprehensus.
1448 2730 1703 2792 Proditor
1726 2732 1940 2806 quidem

323 2844 499 2899 certe,
525 2832 620 2902 qui
650 2832 706 2886 in
745 2838 946 2885 tantum
976 2830 1151 2886 scelus
1175 2829 1489 2901 impegerat,
1520 2843 1642 2884 cum
1682 2842 1787 2881 non
1812 2842 1941 2896 pos-

323 2931 417 2977 set
476 2921 627 2978 ferre
694 2921 884 2993 judicii
945 2921 1290 2978 c0nscieutize
1339 2919 1621 2985 dolorem,
1693 2917 1943 2989 adaptato

320 3014 434 3068 sibi
482 3015 683 3086 laqueo
751 3015 913 3071 vitam
963 3014 1134 3069 ﬁnivit
1184 3013 1345 3086 (Act.
1394 3014 1447 3069 1.
1508 3015 1575 3070 18
1788 3005 1943 3070 Sicut

319 3124 461 3179 ergo
487 3110 584 3179 qui
624 3107 868 3178 improbe
906 3107 1052 3175 vivit,
1106 3116 1248 3162 tanta
1277 3092 1473 3179 patitur
1516 3124 1529 3160 :
1568 3107 1638 3163 ita
1665 3106 1753 3178 qui
1776 3107 1939 3161 vitam

321 3214 397 3254 ex
440 3201 643 3255 virtute
690 3199 951 3267 instituit,
1008 3198 1388 3271 tranquillitate
1429 3209 1482 3254 et
1523 3199 1706 3255 sedata
1758 3207 1940 3254 mente

320 3290 547 3347 fruitur.
599 3290 891 3348 Considera
927 3301 1126 3348 autem.
1179 3291 1237 3348 Si
1300 3289 1530 3347 voluerit
1576 3289 1696 3362 quis
1752 3282 1937 3344 ulcisci

321 3382 666 3455 qnempiam,
693 3383 779 3438 vel
810 3382 957 3453 prior
989 3382 1235 3454 injuriam
1261 3380 1457 3447 facere,
1488 3381 1611 3437 vide
1641 3388 1773 3453 quot
1800 3380 1939 3436 mala

322 3476 556 3544 patitur.
582 3473 789 3529 Furore
815 3473 1066 3545 repletur,
1087 3473 1155 3531 ab
1176 3473 1254 3530 ira
1282 3472 1622 3544 discerpitur,
1650 3482 1832 3529 movet
1854 3474 1938 3529 in-

320 3566 699 3623 numerabiles
712 3564 901 3622 ﬂuctus
917 3567 1315 3638 cogitationum,
1333 3562 1479 3622 mille
1490 3566 1603 3621 vias
1614 3565 1935 3637 ingreditur;

324 3660 539 3714 invadit
570 3658 721 3713 illum
772 3657 952 3726 timor,
985 3673 1150 3728 pavor
1178 3672 1242 3714 ac
1270 3668 1502 3723 tremor;
1527 3656 1799 3728 quomodo
1821 3672 1936 3712 rem

323 3749 581 3820 perﬁciet
605 3792 619 3812 .
643 3748 911 3820 quomodo
944 3750 1255 3816 ulciscetur;
1294 3757 1350 3804 et
1389 3757 1513 3804 ante
1533 3762 1657 3804 eum
1680 3763 1837 3821 quem
1856 3757 1940 3805 est

321 3844 525 3913 injuria
580 3843 894 3911 aﬂ‘ccturus,
935 3843 1169 3914 seipsum
1214 3840 1410 3913 perdit.
1461 3835 1761 3911 Quiautem
1802 3841 1935 3896 iram

328 3935 558 4005 expulit,
594 3933 666 3989 ab
704 3934 788 3989 his
817 3933 1063 3990 omnibus
1102 3933 1235 3989 liber
1258 3941 1369 3999 est;
1399 3940 1453 3987 et
1476 3931 1598 4002 jure
1621 3940 1790 3986 certe.
1823 3926 1937 3987 lloc

331 4028 473 4081 enim
499 4035 587 4082 est
619 4026 670 4080 in
698 4027 815 4095 ejus
831 4034 1113 4096 potestate,
1144 4033 1198 4080 et
1226 4024 1540 4079 universum
1565 4020 1799 4078 confecit
1826 4038 1841 4077 :
1874 4027 1934 4077 at

336 4117 465 4172 illud
490 4133 604 4173 non
646 4116 852 4186 itidem,
904 4108 999 4173 sed
1047 4115 1446 4187 opportunitate
1477 4127 1613 4184 opus
1655 4120 1759 4181 est,
1790 4110 1933 4180 loco,

335 4209 626 4277 maleficio,
655 4209 819 4263 annis
844 4249 859 4275 ,
892 4206 1395 4271 machinationibus,
1444 4214 1498 4260 et
1526 4203 1930 4271 offensionibus,

331 4302 669 4368 adulatione,
715 4300 1009 4367 servitute,
1050 4309 1107 4355 et
1154 4296 1513 4353 simulatione.
1574 4292 1734 4351 Vides
1774 4310 1934 4365 quam

330 4394 505 4450 facilis
535 4408 629 4449 res
647 4393 718 4447 sit
746 4391 933 4460 virtus,
959 4406 1115 4462 quam
1141 4385 1376 4445 difﬁcilis
1404 4388 1630 4443 vitium?
1659 4386 1930 4457 quomodo

330 4487 419 4541 illa
435 4484 660 4556 quidem
690 4492 774 4539 est
809 4483 1119 4554 tranquilla,
1153 4481 1256 4538 hoc
1290 4496 1418 4537 vero
1447 4480 1599 4536 turba
1629 4486 1683 4535 et
1708 4478 1935 4535 tumultu

334 4575 598 4631 referttun
617 4573 641 4629 ἲ

416 4668 502 4724 Vis
542 4667 829 4732 verborum,
877 4661 1212 4737 parturiit....
1262 4663 1597 4734 concepit....
1638 4664 1934 4733 peperit....

338 4759 415 4816 De
458 4758 806 4828 peccatoribus
853 4758 1183 4829 prointorum.
1246 4754 1496 4827 lniquitas
1532 4765 1710 4827 partus
1750 4754 1934 4826 inperi-

331 4870 449 4907 nus.
498 4882 575 4893 —
626 4850 742 4906 lloc
805 4862 934 4922 ergo
986 4847 1297 4905 describens
1349 4848 1561 4903 dicebat
1612 4846 1871 4918 propheta
1918 4862 1934 4904 :

331 4940 468 5000 Ecce
492 4942 734 5015 parturiit
776 4942 1091 5013 injustitiam,
1122 4940 1347 5012 concepit
1384 4938 1632 5006 dolorem,
1675 4947 1719 4993 ct
1748 4938 1943 5010 peperit

327 5038 673 5107 iniquitatem.
723 5030 805 5088 Ex
852 5032 952 5088 boc
978 5028 1278 5089 ostenditur
1324 5028 1635 5102 injustitiam
1664 5040 1772 5085 nou
1816 5034 1939 5086 esse

332 5131 494 5185 nobis
545 5126 843 5183 Secundum
889 5135 1155 5193 naturam,
1203 5123 1296 5180 sed
1343 5132 1465 5180 esse
1510 5122 1638 5194 quid
1679 5122 1934 5177 alienum.

334 5222 568 5291 hierxpte
593 5232 757 5291 grave
780 5230 882 5284 est,
913 5227 967 5274 et
1003 5218 1175 5273 donec
1203 5217 1270 5272 ab
1299 5231 1364 5272 eo
1395 5214 1657 5271 fuerimus
1700 5211 1931 5280 liberati,

332 5317 493 5372 nobis
516 5306 737 5369 dolores
778 5306 1031 5367 immittit.
1065 5304 1198 5365 Nam
1251 5309 1390 5366 fetus
1415 5309 1576 5364 etiam
1608 5307 1779 5363 donec
1810 5316 1937 5377 per-

330 5412 566 5474 ficiatur,
599 5402 888 5461 secundum
913 5414 1157 5458 naturam
1188 5402 1362 5457 ventri
1388 5400 1663 5456 adhaeret:
1686 5402 1937 5470 propter»

330 5519 393 5558 ea
423 5511 482 5556 et
508 5508 711 5563 manet,
736 5507 790 5551 et
821 5492 1061 5551 dolorem
1098 5508 1203 5547 non
1237 5490 1416 5548 liabet.
1448 5490 1735 5562 Postquam
1757 5498 1937 5546 autem

335 5595 607 5666 perfectus
651 5591 827 5657 fuerit,
868 5590 912 5644 si
962 5584 1107 5643 intus
1133 5590 1364 5653 maneat,
1413 5598 1565 5640 mora
1606 5588 1691 5640 est
1738 5589 1939 5655 praeter

339 5701 618 5751 naturam;
660 5684 798 5741 unde
842 5683 1005 5738 etiam
1038 5680 1170 5733 fiunt
1200 5692 1382 5749 partus
1420 5676 1655 5735 dolores.
1686 5674 1937 5745 Quapro-

342 5790 457 5848 pter
499 5787 685 5833 vexata
716 5784 907 5831 natura
935 5787 1061 5828 eum
1108 5780 1333 5825 conatur
1359 5767 1651 5825 extrudere
1674 5808 1688 5833 ,
1719 5774 1779 5823 ut
1816 5781 1936 5839 quae

345 5870 640 5925 universum
683 5867 872 5924 fuerit
900 5874 967 5921 ao
1015 5861 1318 5934 perfecerit,
1360 5871 1418 5917 et
1443 5859 1585 5916 ferre
1611 5870 1718 5915 non
1769 5858 1939 5930 possit

346 5960 581 6030 nuptias.
613 5958 716 6019 Sed
741 5959 851 6015 illic
880 5955 1101 6028 quidem
1120 5953 1261 6025 prius
1282 5952 1339 6009 lit
1365 5952 1663 6024 conceptio,
1685 5960 1749 6007 ac
1771 5948 1927 6006 doin-

3560 495 3664 563 td!

2065 632 2193 690 ceps
2227 618 2380 678 dolor
2416 630 2599 692 partus
2630 641 2642 675 :
2676 622 2764 678 hic
2794 632 2971 678 autem
3020 600 3532 694 primumpartu‘riit
3552 668 3568 695 ,
3599 632 3666 685 a’c

2064 710 2257 793 deinde
2278 713 2521 786 concepit
2544 723 2596 771 et
2622 715 2849 787 peperit.
2874 715 3012 784 Quid
3041 726 3219 775 autem
3251 717 3354 773 hoc
3372 718 3483 774 ‘sibi
3505 709 3662 775 vult‘!

2065 801 2216 871 Quod
2273 804 2380 860 illic
2437 805 2650 876 quidem
2682 805 2736 862 in
2784 815 3027 877 tempore
3058 816 3242 879 partus
3271 810 3662 877 'sit'dolor,bi’e

2062 903 2239 950 autem
2278 894 2433 951 dolor
2464 897 2533 951 sit
2560 912 2589 951 a
2620 897 2901 968 principio.
2919 897 3096 954 “Simul
3131 915 3194 956 ac
3220 902 3363 956 enim
3393 903 3658 973 quispiam

2061 985 2130 1040 de
2182 987 2323 1041 malo
2374 989 2775 1055 consultaverit,
2814 991 2974 1045 etiam
3030 991 3334 1062 priuisquam
3372 994 3430 1048 in
3457 996 3661 1065 cogita-

2061 1075 2261 1132 tionem
2296 1076 2560 1145 deﬁxerit,
2592 1080 2849 1136 tumultus
2869 1096 2932 1136 ac
2951 1082 3101 1138 turba
3130 1092 3211 1138 est
3238 1084 3288 1138 in
3314 1085 3656 1155 cogitatione.

2063 1166 2120 1259 in
2146 1170 2369 1227 muliere
2398 1171 2541 1226 enim
2571 1171 2840 1243 dejectum
2871 1175 3038 1231 semel
3068 1178 3251 1231 semen
3283 1177 3455 1247 ipsum
3496 1180 3657 1235 etiam

2063 1256 2326 1316 formatur
2354 1260 2421 1316 ad
2448 1262 2882 1319 constitutionem
2924 1270 3108 1335 partus
3137 1284 3150 1321 :
3174 1264 3227 1321 in
3260 1266 3323 1321 iis
3353 1277 3531 1325 autem
3556 1256 3651 1342 qui

2058 1350 2210 1406 dolos
2227 1362 2544 1408 construunt
2556 1351 2671 1409 haec
2681 1352 2839 1410 hodie
2851 1354 3058 1425 dejecta
3070 1360 3158 1411 est
3170 1357 3442 1427 cogitatio,
3469 1367 3524 1415 et
3539 1361 3658 1416 e'ra's

2060 1458 2246 1499 rursus
2267 1444 2370 1499 alia
2397 1461 2411 1512 ;
2442 1455 2496 1500 et
2521 1454 2645 1502 sunt
2660 1446 3078 1503 innumerabiles
3105 1448 3365 1504 malorum
3390 1451 3655 1506 seminum

2057 1536 2402 1608 dejectiones,
2435 1548 2490 1595 et
2513 1548 2639 1595 sunt
2669 1540 2893 1610 singulis
2917 1539 3108 1596 diebus
3151 1543 3531 1614 conceptiones
3554 1585 3568 1610 ,
3593 1544 3658 1600 ’e't

2058 1636 2240 1698 partus
2267 1628 2484 1686 dolores
2511 1631 2599 1701 qui
2628 1631 2897 1701 perimunt
2923 1631 3321 1702 cogitationem,
3364 1649 3395 1690 a
3415 1650 3518 1706 qua
3540 1635 3650 1691 ista

2058 1721 2351 1791 pariuntur.
2378 1714 2500 1778 Non
2530 1722 2676 1777 enim
2704 1723 2824 1778 talis
2855 1733 3059 1793 partus,
3089 1725 3263 1795 qualis
3282 1726 3440 1781 estin
3468 1727 3653 1784 mulie-

2055 1813 2234 1881 ribus;
2270 1814 2365 1870 sed
2400 1814 2850 1886 quemadmodum
2874 1817 2933 1872 in
2962 1816 3182 1887 viperis,
3214 1820 3425 1875 uterum
3447 1819 3654 1877 discer-

2055 1915 2206 1975 punt,
2236 1915 2291 1961 et
2320 1906 2484 1962 latera
2507 1906 2829 1963 dilaniant'e's
2856 1907 2996 1963 fetus
3026 1908 3324 1979 procedunt
3350 1928 3363 1963 :
3390 1910 3464 1966 ita
3489 1912 3653 1969 etiam

2054 1995 2107 2051 in
2133 1995 2409 2054 fraudibus
2434 2005 2489 2053 et
2514 1998 2565 2053 in
2595 1998 2874 2068 injustitia.
2925 1996 3030 2055 Sed
3062 2001 3405 2070 quantumvis
3429 1996 3656 2060 conten-

2053 2088 2262 2156 damus,
2295 2105 2403 2146 non
2434 2091 2732 2162 poterimus
2758 2092 3001 2148 oratione
3028 2092 3300 2164 explicare
3349 2096 3650 2153 molestiam

2050 2199 2114 2239 ac
2142 2176 2406 2248 dolorem,
2434 2200 2597 2256 quem
2644 2184 2875 2256 improbi
2917 2185 3205 2241 sustinent.
3250 2185 3318 2242 Et
3349 2186 3470 2243 ideo
3525 2184 3656 2246 dicit

2051 2276 2348 2348 quispiam:
2380 2274 2553 2335 Malus
2590 2294 2707 2334 vero
2743 2278 2884 2334 solus
2912 2279 3174 2335 exhauriet
3195 2282 3330 2337 mala
3353 2280 3547 2356 (Prov.
3590 2264 3649 2340 '9'.

2053 2369 2178 2440 19.).
2208 2368 2347 2439 Quid
2383 2370 2525 2426 enim
2570 2378 2636 2427 eo
2665 2371 2755 2443 qui
2784 2370 2986 2428 invidet
3008 2372 3245 2444 gravius,
3278 2370 3333 2431 et
3361 2366 3645 2433 miserabiQ

2050 2462 2151 2517 lius
2176 2478 2240 2517 eo
2284 2463 2375 2534 qui
2421 2455 2729 2529 insidiatur,
2753 2473 2809 2519 et
2854 2479 2921 2520 eo
2957 2466 3048 2535 qui
3084 2464 3256 2521 aliena
3288 2450 3654 2539 concupiscit?

2049 2553 2248 2620 Quovis
2291 2548 2541 2611 carnifice
2576 2555 2791 2627 gravius
2816 2552 3248 2628 perturbationes
3294 2556 3378 2616 hae
3414 2571 3652 2619 mentem

2049 2645 2377 2702 excruciant.

2122 2736 2207 2791 14.
2235 2736 2422 2794 Merito
2446 2750 2575 2809 ergo
2598 2732 2810 2795 dolores
2845 2747 3028 2809 partus
3074 2739 3171 2797 bas
3201 2748 3410 2797 vocavit
3448 2745 3653 2815 cogita-

2050 2828 2241 2882 tiones.
2263 2827 2369 2884 Sed
2393 2828 2843 2900 quemadmodum
2877 2831 3131 2889 mulieres
3160 2847 3227 2889 ex
3274 2837 3655 2906 congressione

2050 2921 2280 2990 pariunt,
2310 2930 2366 2977 et
2390 2921 2435 2977 si
2478 2931 2605 2977 sunt
2643 2936 2772 2978 sana
2819 2922 3034 2994 quidem
3073 2938 3321 2996 corpora,
3354 2928 3478 2984 talia
3518 2939 3647 2986 sunt

2047 3011 2209 3068 etiam
2240 3028 2361 3084 quas
2399 3022 2713 3081 nascuntur,
2736 3013 2818 3069 sin
2849 3022 3025 3070 autem
3069 3026 3341 3086 corrupta,
3367 3029 3649 3089 parentum

2047 3113 2294 3159 naturam
2336 3103 2613 3160 imitantur
2655 3120 2670 3159 :
2713 3104 2785 3159 ita
2827 3105 2988 3160 etiam
3030 3103 3083 3160 in
3128 3107 3555 3177 cogitationibus.
3592 3102 3652 3165 Si

2045 3210 2167 3251 cum
2213 3196 2369 3253 bonis
2406 3197 2657 3264 verseris,
2690 3196 2823 3251 tales
2845 3210 3056 3267 quoque
3081 3206 3238 3253 erunt
3267 3198 3340 3253 tui
3363 3198 3531 3266 fctus;
3564 3200 3648 3256 sin

2044 3296 2225 3343 autem
2268 3302 2390 3343 cum
2433 3286 2609 3354 malis,
2637 3294 2825 3344 etnon
2874 3287 3158 3355 attendas,
3202 3303 3453 3361 magnum
3502 3291 3650 3349 illinc

2044 3393 2255 3451 quoque
2271 3376 2521 3434 damnum
2537 3377 2738 3449 capies.
2752 3376 2890 3433 Audi
2907 3393 3038 3451 ergo
3053 3378 3180 3450 quid
3198 3379 3340 3435 dicat
3355 3381 3613 3452 propheta
3632 3399 3646 3437 :

2044 3473 2089 3527 A
2118 3472 2296 3527 timore
2323 3484 2409 3528 tuo
2452 3472 2505 3528 in
2549 3482 2692 3528 utero
2737 3474 3078 3543 concepimus,
3107 3482 3152 3529 et
3196 3475 3577 3545 parturivimus,
3600 3476 3650 3532 et

2045 3566 2332 3637 peperimus
2375 3566 2612 3635 spiritum
2649 3566 2827 3622 salutis
2850 3563 3001 3638 (Iani.
3030 3564 3120 3623 ‘26.
3155 3564 3266 3641 18).
3300 3567 3357 3624 in
3383 3568 3447 3624 iis
3466 3578 3645 3628 autem

2043 3656 2132 3727 qui
2158 3672 2224 3712 ex
2251 3656 2464 3712 diabolo
2495 3675 2509 3713 :
2543 3652 2652 3713 Ουιι
2697 3659 2934 3730 aspidttm
2974 3661 3251 3732 fregerunt,
3279 3668 3326 3715 et
3354 3677 3556 3717 omnem
3576 3672 3650 3718 te-

2044 3749 2148 3803 lam
2190 3757 2364 3804 texunt
2402 3746 2555 3821 (Isai.
2583 3749 2672 3806 59.
2719 3750 2800 3820 5).
2842 3748 3129 3822 Fugiamus
3174 3768 3304 3824 ergo
3348 3748 3645 3826 improbos.

2042 3840 2326 3909 Quomodo
2351 3843 2493 3898 enim
2523 3858 2630 3899 non
2658 3854 2741 3898 est
2761 3841 3072 3910 absurdum,
3103 3858 3226 3900 cum
3267 3845 3427 3902 liccat
3455 3854 3520 3903 ex
3550 3848 3651 3904 Dei

2044 3935 2324 4005 praeceptis
2361 3935 2642 4006 concipere
2668 3942 2723 3990 et
2743 3949 2950 4005 parere,
2982 3934 3037 3991 id
3059 3935 3222 4003 nolle,
3254 3937 3348 3993 sed
3371 3937 3644 4009 improbo.

2041 4044 2159 4084 rum
2198 4028 2445 4101 persequi
2490 4026 2920 4099 congressiones,
2952 4037 3007 4084 et
3032 4026 3256 4100 perinde
3300 4020 3478 4086 facere
3506 4045 3570 4087 ac
3598 4020 3647 4088 si

2044 4122 2256 4187 mulier,
2286 4122 2339 4177 in
2369 4120 2521 4193 cujus
2547 4129 2630 4177 est
2654 4128 2920 4192 potestate
2939 4128 3059 4177 cum
3090 4136 3216 4193 rege
3240 4121 3514 4195 conjungi,
3535 4128 3646 4181 'non

2043 4215 2325 4280 sustineat,
2349 4214 2443 4272 sed
2468 4222 2562 4284 pro
2597 4214 2689 4270 illo
2735 4212 2999 4269 latronem
3028 4210 3083 4269 et
3111 4226 3386 4271 murorum
3435 4215 3644 4287 perfos-

2043 4320 2220 4363 sorcm
2268 4307 2395 4362 velit
2421 4306 2621 4364 habere
2649 4306 2971 4378 coniugem?
3003 4307 3089 4363 16.
3115 4304 3310 4363 Locum
3337 4310 3569 4378 aperuit‘
3598 4312 3646 4366 et

2044 4386 2219 4468 eﬂ‘odit
2262 4415 2399 4467 eum,
2433 4408 2479 4453 et
2502 4397 2687 4454 incidet
2711 4398 2765 4453 in
2796 4400 2993 4471 foveam
3031 4414 3183 4469 quam
3216 4387 3355 4471 fecit.
3386 4398 3527 4457 Usus
3560 4390 3647 4457 esi

2046 4506 2234 4546 rursus
2268 4491 2725 4558 translationibus,
2770 4489 3219 4561 quemadmodum
3267 4505 3363 4561 per
3408 4486 3643 4561 parturi-

2047 4584 2268 4650 tionem,
2297 4583 2567 4648 dolorem;
2600 4583 2668 4637 ita
2700 4597 2797 4652 per
2835 4581 3032 4646 lacum,
3064 4568 3337 4637 difficilem
3366 4580 3642 4637 liberatio-

2050 4691 2171 4732 ncm
2204 4674 2463 4730 indicans.
2501 4672 2567 4727 Et
2591 4673 2777 4726 incidet
2804 4673 2857 4726 in
2902 4676 3098 4743 foveam
3123 4688 3277 4743 quam
3319 4674 3458 4745 fecit.
3490 4658 3648 4740 Quod

2044 4768 2180 4823 alius
2208 4766 2338 4822 dicit
2369 4784 2383 4822 :
2415 4764 2515 4833 Qui
2554 4766 2683 4838 fodit
2712 4764 2906 4835 foveam
2938 4765 3170 4835 proximo
3207 4781 3300 4820 suo
3323 4806 3339 4833 ,
3373 4758 3558 4821 incidet
3593 4767 3649 4823 in
3742 4828 3757 4837 I

2045 4859 2208 4929 ipsam
2226 4856 2514 4931 (Prov.26.
2537 4855 2653 4929 27).
2677 4856 2842 4912 Porro
2870 4856 2972 4913 hoc
2994 4872 3208 4929 quoque
3238 4852 3335 4914 Dei
3357 4854 3650 4931 benignita-

2048 4950 2115 5006 tis
2136 4958 2218 5005 est
2246 4957 2302 5005 et
2325 4948 2645 5015 clementiae,
2680 4947 2888 5004 insidiis
2922 4948 3080 5005 talem
3103 4949 3339 5006 tribuere
3364 4959 3609 5013 naturam
3628 4990 3646 5019 ,

2046 5051 2106 5098 ut
2150 5042 2283 5098 retia
2340 5049 2618 5098 vertantur
2659 5029 2713 5096 in
2757 5041 2905 5112 ipsos
2966 5041 3344 5113 insidiatores,
3389 5050 3451 5099 ut
3506 5044 3629 5100 ideo

2045 5130 2306 5191 desistant
2340 5149 2462 5190 cum
2504 5133 2749 5206 proximo
2784 5122 3121 5206 belligerare,
3158 5146 3211 5190 et
3229 5136 3280 5191 ei
3299 5149 3487 5205 parare
3524 5124 3644 5192 insi-

2046 5228 2182 5284 dias.
2235 5228 2349 5284 lloc
2390 5226 2550 5284 etiam
2590 5229 2643 5283 in
2669 5227 2813 5283 Mose
2843 5227 3055 5283 accidit.
3085 5216 3186 5297 Qui
3212 5228 3355 5283 enim
3381 5236 3497 5283 erat
3521 5241 3649 5297 per-

2050 5321 2317 5389 imendus,
2351 5330 2701 5378 conservatus
2737 5333 2820 5377 est
2854 5339 2870 5376 :
2900 5320 3111 5378 Pharao
3157 5328 3335 5375 autem
3381 5333 3479 5391 per
3505 5322 3647 5376 viam

2046 5430 2208 5489 quam
2235 5413 2494 5471 adversus
2518 5414 2748 5469 infantes
2765 5401 3101 5468 machinatus
3126 5419 3227 5479 est,
3257 5426 3358 5485 per
3373 5425 3492 5468 eam
3518 5426 3665 5485 μοι--

2048 5508 2128 5564 iit.
2155 5494 2288 5563 Cum
2317 5505 2460 5563 enim
2489 5504 2741 5577 iussisset
2768 5492 2997 5559 infantes
3026 5490 3284 5572 interimi,
3334 5502 3511 5576 coegit
3539 5490 3643 5560 ma-

2110 5708 2129 5741 ί
2145 5713 2257 5771 puo
2275 5710 2405 5764 Mss,
2422 5699 2665 5763 Ortonde
2684 5698 2812 5771 enim
2831 5706 2926 5771 non
2941 5698 3290 5771 etiamdum
3304 5696 3563 5771 [cymbium
3575 5694 3655 5771 cad

2046 5767 2187 5833 capia
2209 5770 2355 5818 datur
2370 5761 2483 5821 eum
2502 5776 2614 5829 rege
2637 5761 2880 5833 catyungi,
2905 5762 3191 5833 natussetzti
3215 5761 3251 5821 i,
3275 5761 3367 5832 sed
3381 5762 3654 5833 mittam-'-

2049 5823 2235 5882 tronem
2256 5835 2303 5880 et
2324 5823 2579 5879 muroruni
2615 5823 2934 5889 perfossorent
2956 5823 3135 5889 eligere
3173 5823 3428 5889 coniugem
3449 5860 3464 5886 ,
3490 5830 3540 5875 te
3561 5838 3665 5875 eum

2051 5841 2235 5882 tronem
2256 5838 2303 5880 ει
2324 5839 2574 5879 murorum
2678 5838 2703 5874 r
2723 5838 2934 5876 οεεογειη
2956 5838 3135 5889 ettget'c
3173 5838 3428 5888 conmgcm
3449 5860 3464 5886 ,
3490 5838 3540 5875 rc
3561 5838 3654 5875 σε·

2051 5897 2166 5960 tem.
2189 5896 2300 5960 εμπι
2321 5902 2385 5942 επ
2404 5838 3093 5960 ρι’ωεεριῖῗᾶίηίηέδέιςρᾳιρι
3115 5884 3654 5960 caveres-seemed

2051 5941 2380 6016 improborum
2402 5941 2625 6014 prosequi
2647 5941 3047 6014 cangrestones?
3071 5941 3475 6012 Lacum'aperuit,
3502 5956 3602 6000 eia.
