4106 6472
641 455 738 505 lii?»

617 578 768 631 ,trem
795 563 953 619 Musis
978 557 1226 615 infantem
1257 564 1470 625 propter
1498 561 1696 607 metum
1724 561 2024 620 exponere;
2065 543 2207 618 [cum

632 669 808 715 autem
834 656 938 712 ﬁlia
967 653 1257 711 Pharaonis
1283 650 1535 706 ﬁscellam
1556 648 1815 716 scirpeam
1832 643 1899 698 de
1919 641 2077 697 ﬁuvio
2103 653 2214 693 sus-

635 753 860 815 tulisset,
891 758 945 805 ct
968 748 1223 802 infantem
1266 742 1576 806 invenisset,
1606 754 1725 794 eum
1768 732 2033 806 nutrivit‘]
2074 747 2210 786 :au-

632 852 747 897 ctus
774 841 861 894 ille
889 852 1077 894 omnes
1097 834 1355 906 perdidit.
1392 832 1526 886 llinc
1556 839 1610 885 et
1638 828 1731 883 Dei
1770 825 1998 880 maxime
2040 823 2213 878 elucet

598 985 604 991 .
627 931 862 997 solertia,
890 939 945 986 et
973 925 1227 997 improbis
1248 938 1435 993 magna
1468 918 1759 990 castigatio,
1787 926 1842 972 et
1870 916 1933 970 iis
1957 913 2046 984 qui
2081 910 2213 966 effu-

629 1023 779 1092 giunt
806 1019 1069 1089 voluptas.
1103 1015 1364 1076 haetiam
1387 1012 1440 1066 in
1471 1010 1724 1081 praeclaro
1760 1003 1959 1074 Joseplt
1997 1001 2208 1057 accidit.

616 1110 762 1183 Cum
808 1108 953 1168 enim
999 1122 1120 1163 eum
1170 1103 1361 1160 fratres
1391 1107 1446 1162 in
1489 1099 1797 1155 servitutem
1836 1094 2207 1164 conjecissent,

629 1201 795 1257 multa
820 1199 959 1270 passi
982 1203 1123 1262 sunt,
1147 1205 1201 1252 et
1221 1209 1342 1249 eum
1380 1190 1592 1262 quidem
1640 1187 1770 1244 nihil
1808 1187 2084 1247 laeserunt,
2114 1181 2209 1237 sed

628 1291 1079 1362 etiamjuverunt,
1107 1287 1207 1358 ipsi
1249 1275 1425 1340 autem
1447 1281 1752 1353 tragoediam
1779 1279 1921 1333 illam
1943 1275 2210 1332 sustinue-

630 1396 774 1440 runt.
796 1386 927 1440 Cum
964 1382 1122 1437 multa
1145 1389 1319 1434 autem
1343 1378 1547 1448 possint
1569 1374 1671 1430 dici
1697 1371 1979 1444 ejusmodi,
2037 1369 2213 1425 consi-

630 1477 757 1531 dera
775 1475 943 1541 etiam
969 1474 1019 1527 in
1045 1472 1184 1526 aliis.

705 1568 805 1632 Qui
833 1566 997 1620 aliena
1033 1562 1245 1629 invadit,
1270 1562 1486 1632 seipsum
1514 1557 1697 1631 perdit.
1721 1586 1791 1613 -τ
1815 1555 1999 1610 Aliena
2021 1552 2215 1607 invasit

629 1655 853 1728 aliquis?
877 1654 1123 1725 Seipsum
1169 1652 1415 1723 perdidit.
1445 1650 1577 1705 Eum
1605 1647 1770 1712 enim,
1800 1646 1854 1700 in
1879 1645 2032 1713 cujus
2075 1643 2211 1698 bona

624 1732 847 1814 invasit,
870 1762 1013 1818 saepe
1040 1745 1197 1801 etiam
1220 1744 1356 1815 jnvit
1387 1760 1400 1796 :
1428 1757 1577 1797 suam
1615 1749 1789 1795 autem
1831 1738 2061 1792 animum
2090 1750 2213 1805 pro-

620 1822 785 1915 :didit.
815 1839 966 1907 Fecit
1003 1837 1194 1908 aliquis
1224 1836 1506 1907 iniuriam?
1531 1833 1673 1889 Ense
1698 1831 1931 1901 seipsum
1956 1829 2208 1885 confudit.

624 1930 745 1988 Non
774 1930 917 1987 enim
943 1928 1084 1984 male
1107 1926 1354 1982 affectum
1383 1940 1522 1990 esse,
1541 1922 1635 1979 sed
1663 1922 1802 1977 male
1824 1920 2081 1985 aﬁ‘ccisse,
2112 1918 2213 1973 hoc

619 2007 893 2095 'przecipue
919 2029 1001 2076 est
1025 2019 1163 2074 male
1201 2017 1330 2089 pati.
1360 2016 1428 2071 Et
1453 2015 1571 2070 ideo
1602 2014 1791 2069 Paulus
1836 2026 2047 2083 quoque
2085 2025 2204 2064 sua-

624 2114 808 2189 debat,
822 2113 1013 2184 injuria
1034 2112 1213 2184 potius
1235 2109 1397 2175 afﬁci,
1416 2124 1571 2180 quam
1597 2107 1809 2162 allicere
1831 2106 1880 2175 (l
1895 2145 1907 2158 .
1928 2103 2047 2159 Cor.
2064 2103 2118 2159 6.
2136 2104 2209 2174 7)":

630 2214 685 2259 et
709 2202 973 2271 Christus,
990 2201 1157 2273 alapis
1178 2200 1380 2271 impeti,
1399 2209 1453 2253 et
1481 2214 1586 2254 non
1613 2206 1794 2253 contra
1825 2196 2100 2265 impetere,
2120 2192 2213 2249 sed

625 2297 784 2350 etiam
806 2296 1037 2365 seipsum
1059 2293 1125 2348 ad
1141 2291 1444 2364 patiendum
1464 2291 1655 2346 oﬁ'erre
1673 2288 1880 2363 (Matth.
1900 2288 1952 2344 5.
1971 2286 2083 2358 59).
2106 2286 2215 2340 lloc

625 2395 708 2441 est
728 2386 971 2441 maximis
986 2384 1213 2451 virtutis,
1232 2383 1335 2439 hoc
1353 2382 1515 2439 efﬁcit
1530 2382 1885 2447 tolerantiam,
1908 2379 2009 2435 hoc
2026 2381 2212 2433 fortem

631 2475 807 2531 reddit
848 2473 1220 2539 animam,boc
1256 2472 1505 2529 omnibus
1529 2473 1690 2527 animi
1734 2469 2214 2542 perturbationibus

633 2567 984 2637 potentiorem
1023 2564 1207 2621 efﬁcit.
1239 2564 1339 2632 Qui
1367 2565 1507 2619 enim
1548 2564 1637 2619 alii
1671 2564 1915 2633 injuriam
1950 2563 2092 2629 facit,
2127 2562 2214 2617 vel

633 2673 755 2712 eum
776 2657 1041 2723 verberat,
1061 2665 1150 2711 aut
1173 2656 1493 2711 contumelia
1520 2655 1682 2710 afﬁcit
1702 2656 1814 2725 ipse
1835 2655 1980 2725 prius
2006 2654 2072 2709 ab
2096 2654 2213 2709 ani-

633 2752 704 2805 mi
751 2750 1148 2821 perturbatione
1192 2751 1383 2813 victns,
1412 2759 1465 2804 ct
1491 2750 1543 2803 in
1585 2749 1895 2804 servitutem
1942 2748 2209 2815 redactus,

631 2855 755 2896 tunc
777 2841 985 2895 videtur
997 2841 1240 2911 proximo
1263 2839 1507 2911 injuriam
1522 2838 1696 2894 facere
1725 2857 1738 2893 :
1772 2838 1884 2909 ipse
1902 2846 2076 2893 autem
2095 2854 2216 2910 gra-

630 2935 773 2987 viora
802 2947 991 3003 passus
1019 2942 1117 2997 est,
1137 2932 1188 2986 in
1206 2942 1495 2987 extremam
1517 2930 1760 2985 redactus
1775 2930 2102 2985 servitutem.
2123 2930 2210 2985 17.

621 3028 950 3109 βοιιιϊιϊειιιι·
967 3026 1112 3082 dolor
1128 3028 1234 3098 ejus
1249 3027 1301 3080 in
1321 3034 1469 3098 caput
1492 3026 1629 3096 ejus,
1657 3035 1702 3078 et
1731 3024 1783 3078 in
1806 3024 2037 3078 verticem
2058 3023 2214 3095 ipsius

625 3124 861 3193 iniquitas
885 3128 995 3193 ejus
1021 3121 1302 3176 descendet.
1336 3119 1403 3174 Et
1430 3119 1499 3174 de
1521 3116 1866 3188 ΑθΙιίιοιιιιοιρ
1890 3126 1943 3171 et
1961 3116 2027 3171 de
2046 3116 2215 3171 Absa-

620 3213 886 3285 iuneiimc
932 3212 1068 3266 dicta
1112 3227 1231 3266 esse
1269 3218 1456 3281 putant
1509 3227 1523 3263 :
1557 3208 1832 3278 utriusque
1870 3208 2012 3263 enim
2054 3216 2213 3277 caput

626 3305 903 3361 descendit
924 3305 988 3359 ad
1016 3304 1351 3374 supplicium.
1377 3302 1467 3357 llic
1496 3302 1636 3372 enim
1678 3302 1867 3370 laqueo
1896 3315 2022 3355 usus
2050 3300 2210 3354 vitam

627 3396 796 3450 ﬁnivit
826 3413 840 3448 :
869 3395 955 3451 hic
983 3411 1110 3450 vero
1129 3409 1248 3449 cum
1273 3393 1372 3448 sub
1392 3395 1633 3447 arborem
1667 3393 1897 3447 venisset
1926 3433 1939 3455 ,
1977 3399 2032 3445 et
2059 3406 2209 3445 coma

627 3487 812 3565 fuisset
853 3500 1164 3556 suSpensus,
1209 3484 1314 3539 illic
1357 3483 1516 3552 longo
1558 3492 1798 3555 tempore
1835 3482 2100 3553 pependit.
2137 3482 2210 3538 lla

624 3579 785 3635 etiam
814 3576 978 3632 Judas
1016 3577 1206 3647 laqueo
1248 3577 1406 3631 vitam
1444 3576 1628 3642 finivit,
1652 3576 1824 3631 sciens
1849 3591 1908 3631 se
1935 3576 2050 3632 haec
2091 3592 2210 3632 om-

619 3657 723 3725 ἰιίει
769 3667 962 3724 fecisse
1007 3668 1059 3723 in
1088 3667 1378 3738 perniciem
1428 3668 1508 3722 sui
1546 3668 1752 3736 capitis.
1798 3668 1862 3722 Et
1896 3668 2208 3739 Achimphel

623 3760 962 3830 conspicatus
1004 3760 1224 3814 omnino
1267 3758 1499 3813 futurum
1533 3770 1587 3813 ιιι
1619 3759 1785 3813 David
1835 3760 2098 3824 vinceret,
2124 3776 2209 3816 se-

623 3849 796 3921 ipsum
824 3850 1172 3921 strangulavit
1200 3869 1213 3904 :
1249 3850 1480 3905 Absalon
1507 3859 1682 3904 autem
1710 3850 1901 3906 invitus
1936 3853 2206 3923 pependit,

621 3952 677 4005 et
714 3959 820 3999 non
861 3944 1038 3997 statim
1068 3941 1136 3998 de
1160 3942 1336 3997 medio
1371 3942 1607 3997 sublatus
1644 3951 1753 4005 est,
1802 3942 1892 3998 sed
1941 3951 2206 4013 tamquam

623 4034 676 4087 in
721 4033 922 4103 judicio
961 4033 1108 4104 prius
1150 4047 1439 4103 suspensus
1480 4042 1583 4099 est,
1629 4042 1684 4088 et
1722 4033 1863 4104 ligno
1909 4032 2208 4099 afﬁxus;ct

623 4118 734 4184 Deo
759 4144 790 4183 e
815 4128 1025 4198 su’peris
1070 4129 1272 4183 ferente
1293 4127 1611 4182 sententiam
1654 4127 1811 4197 longo
1833 4136 2072 4197 tempore
2111 4144 2204 4197 pc-

620 4221 872 4297 pcndit,a
898 4220 1222 4276 conscientia
1262 4219 1513 4290 deinceps
1553 4219 1865 4289 ﬁagcllntus.
1904 4220 2021 4290 Ipse
2062 4223 2203 4274 enim

618 4311 862 4384 cupiebat
892 4310 944 4366 in
975 4310 1139 4381 patris
1169 4319 1348 4381 guttur
1386 4308 1658 4365 dexteram
1705 4309 2009 4379 intingere;
2056 4321 2206 4380 pater

618 4412 796 4458 autem
825 4401 908 4458 vel
940 4400 1019 4456 sic
1038 4401 1256 4472 rogabat
1277 4400 1490 4466 milites,
1516 4408 1574 4455 ut
1596 4401 1644 4455 ei
1674 4410 1973 4470 parcerent.
2005 4403 2044 4455 A
2073 4418 2205 4457 vana

615 4492 794 4548 autem
815 4491 980 4564 gloria
1009 4500 1125 4546 erat
1150 4491 1285 4547 adeo
1314 4490 1541 4558 alienus,
1563 4491 1791 4546 utetiam
1823 4501 1938 4560 post
1978 4502 2204 4548 mortem

618 4582 983 4655 cnmlngeret.
1010 4583 1077 4638 Et
1105 4593 1159 4639 ut
1185 4583 1322 4639 scias
1367 4583 1508 4654 quod
1554 4582 1746 4639 factum
1780 4593 1859 4639 est
1892 4599 1994 4638 non
2042 4583 2202 4641 fuisse

622 4674 869 4755 humana:
889 4675 1180 4740 iudu‘striae,
1204 4676 1298 4732 sed
1331 4684 1495 4730 totum
1524 4675 1685 4731 fuisse
1714 4675 1875 4731 divini
1899 4676 2098 4747 indicii,
2117 4693 2206 4732 ca-

616 4750 731 4835 pilli
763 4773 819 4820 et
851 4765 1050 4837 lignum
1087 4781 1212 4821 eum
1247 4766 1547 4837 alligarunt,
1582 4775 1638 4822 et
1678 4767 1891 4822 brutum
1929 4783 2051 4822 eum
2088 4770 2205 4822 ani-

613 4848 726 4911 inal
753 4856 983 4921 tradidit,
1012 4866 1063 4912 et
1093 4872 1189 4926 pro
1227 4855 1352 4913 fune
1377 4856 1591 4928 quidem
1610 4867 1791 4924 'coma,
1818 4874 1917 4929 pro
1948 4859 2088 4929 ligno
2116 4875 2204 4914 ar-

612 4948 711 5004 hor
752 4949 982 5013 exstitit;
1028 4963 1125 5027 pro
1169 4949 1335 5003 milite
1371 4957 1545 5004 autem
1582 4965 1703 5005 eum
1747 4950 1967 5005 adduxit
2005 4953 2197 5007 mulus.

613 5038 907 5097 Considera
946 5055 1061 5096 rem
1105 5041 1493 5096 admirandam.
1522 5042 1654 5095 Cum
1700 5045 1813 5097 haec
1859 5058 2048 5112 passus
2095 5053 2197 5111 est,

609 5133 771 5191 nemo
811 5149 1030 5191 suorum
1064 5134 1133 5190 ad
1158 5149 1279 5190 eum
1321 5134 1575 5190 accedere
1594 5151 1754 5190 ausus
1786 5146 1888 5203 est,
1922 5137 2202 5208 ipsumque

608 5223 733 5285 inde
750 5228 1052 5296 detrahere,
1075 5243 1198 5284 cum
1224 5235 1426 5282 tantum
1452 5226 1636 5282 fuisset
1667 5229 1919 5297 temporis
1949 5231 2198 5300 spatium.

607 5310 721 5377 Hoc
740 5329 917 5377 autem
937 5320 1079 5375 Deus
1096 5318 1419 5391 providerat,
1440 5329 1497 5373 ut
1513 5334 1683 5389 neque
1699 5319 2083 5385 detraheretur,
2101 5338 2200 5377 nec

608 5411 815 5467 vinctus
830 5412 896 5466 ad
914 5422 1115 5482 patrem
1133 5410 1433 5478 afferretur,
1449 5411 1697 5482 quoniam
1729 5420 1946 5482 paterna
1992 5413 2196 5469 viscera

674 5572 690 5605 ⁵
712 5578 825 5628 Quae
847 5572 1037 5620 unetuis
1067 5571 1354 5620 clauduntur
1399 5571 1575 5619 omissa
1620 5577 1733 5620 sunt
1765 5584 1793 5620 a
1825 5570 1954 5621 Colit.
1980 5582 2033 5622 et
2054 5574 2194 5624 Savil.

606 5638 703 5704 vox
729 5639 906 5704 Graeca,
930 5645 1059 5704 (jure,
1096 5629 1720 5704 fiscellattt-scirpeum,_.est
1743 5635 2078 5704 interpretata,
2101 5644 2195 5704 est,

608 5702 728 5757 sm...
772 5695 900 5757 circa
932 5692 1106 5757 illam’
1130 5706 1296 5741 vocem
1329 5692 1506 5757 Graeca;
1531 5693 1771 5757 lectiones
1817 5692 2018 5744 variant.
2052 5692 2191 5745 Savil;

609 5754 661 5815 et
685 5754 844 5820 Morel.
872 5754 1076 5820 habent,
1098 5765 1220 5814 ιιῖςην
1240 5793 1252 5810 ,
1273 5755 1585 5820 Septuaginta
1618 5754 1802 5806 habent
1822 5796 1834 5813 ,
1870 5768 1963 5806 ιιειν
1980 5797 1991 5815 ,
2030 5759 2194 5820 Aquila

610 5820 659 5881 et
676 5816 980 5881 syipniacltus
1003 5815 1205 5881 habent.
1228 5825 1409 5871 κιϐωτόν,
1431 5815 1572 5881 alius,
1592 5827 1711 5874 ιιίκην.
1737 5824 1785 5866 ιιι
1806 5820 2028 5881 ιιριιιείῑου,
2047 5815 2193 5871 Exod.

608 5872 729 5949 ηδ,
755 5872 932 5938 legitur
954 5882 1096 5932 nm.
1125 5878 1240 5925 \‘itie
1265 5876 1474 5949 ttexapia
1497 5872 1674 5925 nostra.

1354 444 1408 494 S.
1451 438 1728 494 JO.\N.\'|S
1765 430 2240 493 CURYSOSTOMI
2274 430 2584 486 ARCHIEP.
2626 386 3158 487 CONSTANTIXQP.

3774 443 3856 496 ιυι

2318 543 2366 597 ei
2395 545 2533 612 parci
2561 544 2693 600 velle
2715 544 2850 599 ultra
2887 544 3101 600 modum
3122 546 3527 614 indicaverant';
3559 559 3610 604 et
3645 555 3768 620 quod
3791 565 3858 610 est

2319 635 2703 703 admirabilius,
2732 639 2820 708 qui
2854 647 3055 708 patrem
3080 638 3129 693 ei
3156 638 3538 706 reconciliavit,
3565 642 3608 698 is
3634 643 3786 712 ipsum
3802 648 3863 700 in-

2320 726 2546 794 terfecit,
2594 728 2975 798 propemodum
3020 728 3224 785 instans
3255 730 3547 787 vehemens
3577 745 3856 790 accusatur:

2319 819 2415 875 sed
2455 820 2500 874 is
2540 819 2754 891 quidem
2798 836 2919 876 eum
2958 820 3171 889 occidit,
3211 822 3351 878 Deus
3386 832 3565 879 autem
3609 825 3719 879 tulit
3756 842 3864 881 sen-

2319 910 2556 966 tentiam.

2390 1002 2477 1057 15.
2518 1001 2671 1071 Quod
2715 1002 2858 1059 enim
2890 1016 2922 1058 e
2963 1004 3171 1073 superis
3211 1003 3313 1059 lata
3342 1004 3412 1060 sit
3452 1006 3727 1075 sententia,
3762 1008 3867 1064 audi

2317 1093 2583 1164 quomodo
2611 1094 2663 1151 id
2691 1094 2803 1165 ipse
2827 1095 3120 1150 ostenderit
3143 1113 3156 1149 :
3183 1110 3302 1150 cum
3325 1097 3466 1152 enim
3492 1097 3727 1166 dixisset,
3745 1097 3802 1152 Et
3825 1101 3871 1155 iu

2318 1187 2548 1240 uerticem
2568 1186 2727 1257 ipsius
2750 1188 2988 1259 iniquitas
3012 1188 3122 1253 eius
3146 1186 3434 1255 descendet,
3457 1187 3582 1243 dicit
3607 1207 3620 1243 :
3650 1190 3730 1244 18.
3752 1190 3867 1243 Cou-

2318 1277 2495 1346 ﬁtebor
2519 1275 2740 1333 Domino
2767 1278 3042 1332 secundum
3067 1279 3315 1347 iustitiam
3338 1281 3467 1351 ejus,
3493 1292 3540 1335 et
3560 1282 3765 1351 psallam
3789 1298 3871 1335 no-

2320 1370 2445 1423 inim‘
2482 1368 2692 1424 Domini
2734 1371 2983 1424 altissimi.
3024 1368 3232 1426 Gratias
3260 1385 3479 1442 agamus
3501 1413 3516 1436 ,
3546 1372 3744 1442 inquit,
3780 1388 3872 1428 non

2318 1461 2542 1517 aliorum
2572 1461 2808 1532 gaudens
2832 1462 3066 1518 cmdibus
3085 1505 3100 1531 ,
3131 1463 3226 1519 sed
3248 1463 3348 1519 Dei
3376 1466 3691 1520 sententiam
3728 1467 3875 1522 susci-

2319 1553 2487 1624 piens.
2513 1553 2582 1608 Et
2606 1555 2723 1624 quis
2748 1562 2925 1624 potest
2949 1554 3000 1610 ei
3026 1554 3222 1625 gratias
3246 1570 3404 1626 agere
3431 1557 3716 1611 secundum
3738 1558 3876 1627 justi-

2321 1649 2444 1702 tiam
2474 1648 2588 1717 ejus
2606 1649 2632 1700 Ἰ
2658 1653 2776 1719 quis
2818 1657 2996 1703 autem
3020 1663 3141 1704 eum
3169 1648 3397 1704 laudabit
3417 1690 3435 1717 ,
3462 1650 3600 1705 sicut
3626 1651 3743 1705 est?
3767 1650 3878 1704 Nul-

2318 1741 2419 1795 lus.
2449 1739 2585 1808 Quid
2611 1748 2692 1794 est
2710 1739 3000 1795 Secundum
3016 1740 3273 1808 justitiam
3305 1741 3413 1809 ejus
3433 1741 3458 1793 ?
3480 1740 3536 1795 Id
3558 1750 3656 1806 est,
3685 1750 3881 1809 pr0ptrr

2315 1832 2571 1902 justitiam
2600 1833 2735 1901 ejus.
2761 1831 2827 1887 Et
2857 1832 3075 1902 psallam
3103 1832 3325 1887 Domino
3352 1833 3632 1887 altissimo.
3666 1834 3787 1901 Ejus
3811 1841 3884 1887 est

2318 1925 2460 1979 enim
2489 1924 2726 1990 victoria,
2754 1924 2869 1993 ejus
2891 1933 3111 1994 tropaea,
3143 1939 3248 1978 non
3276 1940 3415 1980 mea.
3442 1923 3880 1992 Quemadmodum

2319 2019 2461 2073 enim
2493 2018 2544 2072 in
2572 2017 2722 2072 bellis
2751 2033 2869 2073 cum
2897 2033 2992 2072 rex
3020 2017 3165 2084 vicit,
3188 2016 3379 2072 choros
3406 2015 3663 2072 ducentes
3683 2027 3883 2081 canunt,

2318 2109 2501 2165 laudes
2531 2109 2581 2163 in
2607 2124 2728 2163 eum
2756 2109 3091 2164 conferentes
3122 2126 3134 2162 :
3166 2108 3239 2162 ita
3274 2123 3372 2178 ego
3415 2122 3628 2178 quoque
3675 2106 3849 2162 faciam
3869 2146 3882 2171 ,

2320 2203 2509 2272 inquit.
2544 2202 2827 2270 Propterea
2858 2215 2962 2255 non
2994 2200 3169 2266 dixit,
3189 2200 3493 2267 Conﬁteor,
3517 2198 3614 2254 sed
3641 2240 3655 2267 ,
3684 2196 3890 2265 Conﬁte-

2318 2296 2409 2349 bor
2430 2311 2448 2348 :
2472 2294 2777 2366 signiﬁcans
2803 2308 2862 2349 se
2887 2308 2986 2349 nec
3011 2301 3289 2363 postquam
3313 2301 3394 2347 est
3432 2300 3769 2363 asscquutus,
3800 2290 3887 2345 bn-

2319 2400 2508 2441 norum
2556 2386 2792 2441 oblivisci
2822 2402 2835 2437 :
2863 2400 2964 2439 nec
2994 2384 3423 2455 negligentiorem
3465 2396 3587 2437 esse
3607 2424 3622 2448 ,
3652 2381 3744 2437 sed
3774 2379 3893 2450 vigi—

2319 2476 2429 2533 lare
2458 2494 2470 2530 :
2505 2492 2610 2531 non
2636 2477 2776 2548 quod
2805 2477 2944 2532 Deus
2984 2477 3049 2531 iis
3096 2476 3360 2546 indigeat,
3392 2475 3484 2531 sed
3515 2475 3661 2545 quod
3702 2474 3800 2528 hoc
3830 2474 3893 2526 sit

2318 2569 2471 2624 nobis
2492 2568 2619 2624 utile
2644 2576 2699 2623 et
2721 2567 3080 2623 commodum.
3106 2567 3564 2635 Quemadmodum
3593 2565 3737 2621 enim
3767 2564 3896 2619 acci-

2320 2660 2497 2730 picbat
2524 2659 2779 2714 sacriﬁcia
2806 2700 2821 2723 ,
2853 2674 2957 2713 non
2998 2673 3160 2728 egens
3197 2658 3469 2713 sacrificiis
3496 2658 3515 2726 (
3541 2657 3605 2713 Si
3630 2657 3769 2713 enim
3796 2672 3895 2708 esu-

2317 2752 2469 2815 riero,
2493 2752 2681 2821 inquit,
2701 2769 2802 2806 non
2829 2752 2996 2805 dicam
3016 2742 3103 2803 tibi
3124 2748 3292 2822 [PsaL
3324 2750 3413 2804 49.
3441 2749 3580 2822 12]),
3612 2747 3709 2804 sed
3738 2746 3897 2801 homi-

2318 2858 2414 2899 nes
2441 2842 2709 2899 deducens
2747 2842 2813 2896 ad
2858 2842 3022 2912 ipsius
3061 2840 3318 2896 honorem
3347 2856 3365 2894 :
3396 2841 3466 2895 ita
3492 2840 3657 2895 etiam
3686 2839 3898 2910 hymnos

2318 2934 2571 3002 suscipit,
2600 2940 2784 2988 nostra
2824 2931 3124 2986 laudatione
3168 2945 3273 2985 non
3304 2943 3469 3001 egens
3492 2972 3509 2997 ,
3539 2929 3639 2985 sed
3675 2940 3898 2984 nosuam

2318 3024 2541 3079 salutem
2586 3024 2915 3079 desiderans.
2945 3022 3054 3079 Deo
3084 3022 3225 3079 enim
3255 3036 3461 3091 magna:
3484 3035 3634 3077 curse
3668 3030 3750 3077 est
3776 3028 3831 3074 ut
3855 3019 3899 3072 in

2318 3117 2508 3171 virtute
2528 3129 2849 3171 crescamus.

2388 3205 2704 3278 Colloquium
2737 3223 2853 3261 cum
2879 3206 2985 3262 Deo
3010 3206 3241 3261 uirtutem
3272 3213 3441 3276 auget.
3463 3234 3535 3245 —
3563 3203 3712 3260 Nihil
3739 3210 3902 3258 autem

2317 3315 2468 3371 teque
2492 3301 2557 3355 ad
2597 3301 2847 3355 virtutem
2879 3307 3191 3371 promovet,
3220 3305 3377 3369 atque
3404 3312 3524 3353 cum
3558 3297 3676 3353 Deo
3701 3293 3905 3351 assidue

2316 3393 2518 3451 versari
2549 3402 2603 3449 et
2645 3392 2914 3464 colloqui,
2939 3392 3096 3462 eique
3140 3399 3395 3461 perpetuo
3438 3389 3643 3460 gratias
3676 3403 3835 3459 agere
3859 3394 3908 3441 ct

2319 3488 2563 3560 psallere.
2596 3485 2779 3542 Psallit
2805 3494 2980 3541 autem
3015 3484 3124 3540 Deo
3146 3483 3346 3554 justum
3380 3481 3496 3553 ejus
3516 3481 3787 3553 judicium
3822 3478 3909 3534 ad-

2317 3581 2515 3635 mirans
2536 3588 2588 3633 et
2615 3574 3023 3648 patientiam.Et
3042 3573 3153 3641 ubi,
3182 3574 3371 3645 inquit,
3399 3574 3516 3644 ejus
3543 3583 3633 3630 est
3662 3573 3909 3645 patientia

2316 3672 2596 3727 interfecto
2623 3668 2884 3742 tyranno?
2907 3668 3088 3739 Longe
3107 3676 3253 3723 certe
3281 3667 3530 3722 maxima.
3556 3666 3754 3738 Longo
3775 3663 3911 3722 enim

2316 3772 2555 3833 tempore
2579 3776 2700 3816 eum
2726 3760 2924 3816 dimisit
2948 3800 2963 3824 ,
2992 3766 3050 3814 ut
3079 3758 3285 3814 veniret
3310 3755 3377 3812 ad
3405 3757 3786 3827 pmnitentiam
3821 3774 3834 3810 :
3865 3764 3915 3808 et

2314 3855 2511 3927 regiam
2553 3853 2836 3911 tenendam
2884 3851 3052 3919 dedit,
3082 3860 3140 3907 ut
3167 3865 3289 3907 cum
3330 3848 3535 3907 videret
3587 3850 3818 3908 domum
3865 3849 3913 3901 in

2312 3963 2416 4019 qua
2443 3956 2683 4003 creverat
2724 3955 2779 4003 et
2802 3944 3057 4002 educatus
3085 3944 3290 4011 fuerat,
3318 3951 3373 3999 et
3412 3943 3583 4015 patris
3623 3945 3784 4015 signa
3808 3985 3823 4008 ,
3854 3941 3918 3996 ad

2314 4038 2677 4110 penitentiam
2697 4037 2920 4093 veniret.
2945 4035 3001 4092 Si
3026 4036 3168 4090 enim
3195 4050 3300 4089 non
3331 4032 3520 4090 fuisset
3541 4034 3808 4090 immanis
3830 4032 3919 4087 be-

2314 4133 2432 4196 stia,
2467 4146 2565 4186 nec
2594 4146 2688 4185 cor
2718 4130 2991 4185 habuisset
3018 4128 3306 4198 lapideum,
3337 4128 3516 4182 omnia
3546 4127 3645 4182 illa
3681 4125 3919 4182 sufﬁcie-

2312 4222 2440 4277 bant
2467 4223 2531 4277 ad
2572 4222 2716 4276 illum
2744 4220 3146 4276 reducendum:
3188 4233 3374 4275 mensa
3411 4217 3566 4287 cujus
3609 4234 3742 4273 cum
3772 4225 3920 4287 patre

2311 4324 2426 4372 erat
2445 4312 2944 4386 particeps,domus,
2975 4312 3180 4378 sedilia,
3208 4312 3298 4366 ubi
3327 4311 3487 4367 verba
3513 4325 3648 4366 eum
3674 4308 3923 4366 reconci-

2313 4406 2592 4472 liaverant,
2615 4420 2735 4461 cum
2760 4405 2920 4461 talem
2941 4404 3142 4460 caedem
3175 4411 3436 4473 patrasset
3460 4419 3472 4455 :
3499 4416 3631 4456 cum
3657 4401 3751 4456 his
3773 4407 3923 4456 erant

2311 4501 2470 4555 etiam
2516 4499 2638 4565 alia,
2670 4513 2787 4568 qua:
2831 4496 2899 4552 ad
2948 4511 3069 4551 eum
3116 4493 3497 4551 emolliendum
3539 4492 3924 4549 sufﬁciebant.

2310 4593 2568 4655 Audierat
2595 4592 2737 4647 enim
2762 4605 2882 4647 eum
2922 4588 3164 4646 exsulem
3189 4587 3410 4643 sedibus
3436 4586 3672 4642 incertis
3698 4599 3890 4641 errare
3908 4624 3922 4646 ,

2310 4676 2364 4741 et
2390 4685 2528 4740 mala
2552 4684 2731 4755 gravia
2759 4684 3003 4739 tolerare.
3034 4681 3185 4750 Quod
3215 4681 3260 4736 si
3301 4696 3368 4736 ne
3399 4680 3512 4735 hac
3533 4679 3777 4751 quidem
3804 4693 3928 4735 cum

2310 4778 2634 4843 molliebant,
2668 4774 2950 4846 Oportebat
2977 4788 3040 4830 ea
3064 4789 3184 4845 qua:
3214 4772 3555 4843 Achitopheii
3585 4780 3926 4833 evenerant,

2309 4885 2430 4927 eum
2461 4870 2739 4940 castigare,
2760 4869 3001 4938 laqueum
3021 4880 3213 4935 nempe
3237 4873 3290 4920 et
3316 4871 3568 4929 mortem,
3597 4873 3666 4920 ut
3689 4863 3933 4935 periure

2308 4963 2488 5018 omnia
2514 4961 2721 5016 veniret
2743 4959 2807 5014 ad
2832 4958 3220 5029 paenitentiam.
3245 4956 3425 5028 Neque
3449 4956 3600 5012 enim
3634 4956 3933 5028 ignorabat

2307 5071 2428 5126 qum
2454 5055 2624 5109 amico
2648 5053 2971 5110 acciderant.
2991 5052 3159 5120 Quam
3179 5059 3359 5106 autem
3381 5050 3598 5120 culpam
3629 5050 3694 5106 in
3720 5058 3938 5121 patrem

2307 5146 2608 5210 conferens,
2635 5144 2754 5201 haec
2779 5143 3046 5199 faciebat?
3064 5141 3215 5209 Quod
3238 5157 3361 5198 eum
3388 5141 3457 5196 ab
3476 5149 3722 5211 aspectu
3751 5156 3938 5198 remo-

2309 5239 2509 5296 visset?
2534 5237 2644 5295 Sed
2670 5253 2737 5294 eo
2762 5237 2980 5293 nomine
3009 5235 3240 5291 debebat
3267 5250 3390 5290 eum
3420 5232 3701 5291 admirari
3738 5242 3801 5293 et
3842 5249 3941 5289 su-

2306 5330 2514 5400 spicere
2536 5371 2552 5397 ,
2582 5327 2726 5400 quod
2765 5343 2887 5384 eum
2932 5326 3151 5383 fratrem
3194 5324 3592 5392 interfecisset,
3628 5340 3773 5382 eum
3832 5324 3939 5381 leni

2306 5421 2486 5475 animo
2516 5420 2742 5476 tulisset.
2785 5417 2894 5475 Sed
2919 5432 3043 5473 cum
3071 5416 3202 5473 nihil
3230 5416 3281 5473 ei
3312 5427 3492 5487 posset
3518 5415 3652 5473 dari
3687 5418 3941 5484 crimini,

2305 5510 2399 5566 sed
2427 5510 2725 5580 importuna
2758 5518 3028 5565 teneretur
3063 5507 3372 5578 cupiditate,
3405 5506 3569 5578 idque
3603 5524 3747 5565 cum
3783 5519 3943 5580 pater

2305 5612 2449 5657 esset
2480 5602 2591 5672 jam
2635 5616 2822 5667 senex,
2853 5606 2906 5656 et
2947 5607 3092 5656 esset
3118 5598 3448 5670 exspectatio
3472 5597 3524 5652 in
3556 5598 3799 5657 foribus
3825 5641 3843 5668 ,
3875 5610 3947 5655 ne

2306 5694 2570 5749 tantillum
2616 5692 2831 5764 quidem
2867 5692 3215 5763 exspectavit.
3242 5687 3523 5758 Quomodo
3573 5700 3789 5747 autem
3832 5706 3945 5747 non

2372 5830 2388 5861 ι
2416 5836 2517 5896 nuo
2533 5833 2662 5896 Mss...
2681 5826 2905 5896 quendam
2927 5831 3128 5896 paterna
3161 5823 3346 5896 uiscera
3373 5821 3580 5877 m'mim
3602 5832 3661 5877 et
3688 5826 3949 5894 intempe-

2306 5892 2474 5943 stivum
2497 5885 2844 5952 indulgentiam
2864 5885 3213 5939 indicat-erant.

4010 992 4013 1023 l

4008 1168 4013 1197 Ξ

4010 1344 4014 1375 i

4009 1430 4014 1463 i

4008 1534 4013 1566 l

4010 1622 4014 1653 i
