4106 6466
121 568 141 599 θ

124 650 155 683 ll-

138 732 167 769 ,τ

141 824 178 859 ετ-

131 1006 167 1042 ιι.

300 366 378 440 ιιι

368 954 458 1009 καὶ
511 954 630 1016 τοῖς
686 950 1095 1019 διαφεύγουσιν
1146 949 1179 1018 ή
1224 946 1405 1018 ήδονή.
1442 942 1600 998 Οὕτω
1634 943 1729 996 καὶ
1759 942 1852 995 ἐπὶ
1875 940 1970 994 τοῦ

371 1041 656 1114 παγκάλου
671 1038 890 1110 Ἰωσὴφ
913 1038 1155 1107 γέγονεν,
1187 1025 1544 1104 Ἐμϐαλόντες
1569 1029 1678 1101 γὰρ
1706 1028 1870 1082 αὐτὸν
1894 1028 1973 1090 είς

372 1128 609 1186 δουλείαν
639 1129 695 1180 οἱ
725 1126 977 1195 ἀδελφοὶ,
1006 1122 1205 1178 ἔπαθον
1231 1120 1374 1191 ἅπερ
1395 1116 1616 1178 ἔπαθον,
1637 1117 1731 1170 καὶ
1753 1115 1842 1169 τὸν
1874 1114 1973 1185 μὲν

377 1217 613 1288 εϐλαψαν
644 1213 811 1269 οὐδὲν
829 1255 845 1280 ,
874 1211 1010 1267 ἀλλά
1034 1209 1128 1265 καὶ
1156 1207 1391 1278 ὤνησανι
1414 1206 1570 1260 αὐτοὶ
1591 1203 1648 1257 δὲ
1669 1202 1767 1274 τὴν
1800 1218 1972 1273 τραγ-

380 1305 536 1377 ῳδίαν
570 1303 805 1373 ἐκείνην
836 1299 1154 1371 ὑπέμειναν.
1210 1295 1320 1349 Kal
1348 1292 1519 1347 πολλά
1540 1290 1760 1346 τοιαῦτα
1795 1291 1974 1358 λέγειν

378 1394 517 1461 ἐξὸν,
543 1392 748 1446 σκόπει
768 1389 867 1445 καὶ
894 1388 985 1441 ἐπὶ
1015 1385 1124 1440 τῶν
1153 1383 1347 1440 ἀλλων.

460 1490 1034 1563 Ἑπλεονέκτησέτιςς
1067 1487 1288 1541 Ἑαυτὸν
1315 1482 1584 1539 ἀπώλεσε.
1617 1481 1722 1535 Τὸν
1755 1479 1977 1550 μὲνγὰρ

382 1581 861 1653 πλεονεκτηθέντα
894 1577 1151 1639 πολλάκις
1179 1574 1271 1628 καὶ
1312 1571 1510 1643 ὤνησε,
1550 1570 1648 1640 τὴν
1689 1567 1745 1621 δὲ
1781 1566 1975 1621 ἐαυτοῦ

380 1670 559 1743 ψυχήν
595 1667 940 1741 προύδωκεν.
978 1661 1230 1732 Ἦδίκησέ
1284 1676 1406 1727 τις;
1459 1655 1668 1741 Ἐαυτῷ
1718 1657 1780 1709 τὸ
1826 1654 1976 1723 ξίφος

384 1761 641 1832 περιέπει
649 1775 766 1829 ρεν.
797 1756 872 1810 Οὐ
888 1756 996 1825 γὰρ
1010 1753 1071 1806 τὸ
1095 1751 1285 1806 παθεῖν
1306 1748 1511 1812 κακῶς,
1527 1746 1664 1801 ἀλλά
1676 1746 1735 1799 τὸ
1751 1744 1975 1832 ποιῆσαι

380 1831 596 1912 κακῶς,
635 1845 801 1899 τοῦτο
834 1842 1067 1916 μάλιστά
1097 1841 1214 1893 ἐστι
1253 1837 1315 1891 τὸ
1362 1837 1589 1906 πάσχειν
1640 1832 1845 1897 κακῶς.
1876 1831 1977 1884 Διά

380 1936 548 1991 τοῦτο
573 1935 675 1987 καὶ
704 1931 913 1995 Παῦλος
928 1929 1161 2001 παρῄνει
1191 1926 1386 1998 μᾶλλον
1416 1922 1740 1980 ἀδικεῖσθαι,
1777 1921 1872 1973 καὶ
1901 1920 1975 1991 μὴ

381 2024 599 2079 ἀδικεῖν
623 2044 638 2057 -
666 2021 764 2075 καὶ
790 2021 819 2074 6
846 2017 1099 2091 Χριστὸς,
1139 2012 1462 2087 ῥαπίζεσθαι
1491 2012 1584 2065 καὶ
1613 2008 1689 2082 μὴ
1721 2009 1978 2079 ἀντιρρα-

378 2112 605 2182 πίζειν,
648 2100 792 2162 ἀλλά
847 2106 940 2160 καὶ
969 2104 1229 2175 παρέχειν
1289 2100 1481 2154 ἐαυτὸν
1515 2099 1594 2161 εἰς
1631 2096 1692 2150 τὸ
1724 2096 1974 2165 πάσχειν.

379 2198 566 2252 Τοῦτο
596 2196 863 2268 μεγίστης
903 2191 1106 2264 ίσχύος,
1136 2190 1292 2246 τοῦτο
1337 2186 1614 2259 ὑπομονὴν
1664 2184 1975 2256 ἐργάζεται,

376 2287 551 2341 τοῦτο
588 2282 822 2355 ἰσχυρὰν
857 2282 953 2354 τὴν
990 2280 1167 2352 ψυχὴν
1202 2275 1620 2342 κατασκευάζει,
1662 2274 1779 2347 [74]
1821 2272 1978 2326 τοῦτο

382 2374 497 2439 τῶν
532 2372 732 2427 παθῶν
790 2369 1056 2440 ἀνώτερον
1100 2369 1264 2421 ποιεῖ.
1307 2362 1368 2419 ’0
1397 2364 1504 2435 γὰρ
1532 2361 1735 2417 ἀδικῶν
1767 2361 1975 2432 ἕτερον,

386 2462 422 2532 ἦ
452 2457 732 2529 τύπτωνῆ
759 2455 1014 2528 ὑϐρίζων,
1053 2453 1313 2526 πρότερον
1334 2451 1496 2515 αὐτὸς
1525 2449 1630 2503 ὑπὸ
1650 2448 1743 2504 τοῦ
1774 2447 1980 2512 πάθους

388 2547 705 2619 χειρωθεὶς,
735 2545 831 2599 καὶ
861 2541 1204 2614 αἰχμάλωτος
1227 2543 1540 2613 γενόμενος,
1564 2537 1683 2593 τότε
1705 2537 1853 2591 δοκεῖ
1886 2536 1979 2591 τὸν

392 2637 625 2708 πλησίον
665 2635 869 2690 ἀδικεῖν
889 2652 902 2665 ·
937 2632 1098 2697 αὐτὸς
1121 2632 1178 2686 δέ
1209 2630 1565 2704 χαλεπώτερα
1586 2627 1847 2691 πέπονθε,
1878 2625 1979 2696 τὴν

392 2725 637 2796 ἐσχάτην
672 2723 914 2777 δουλείαν
945 2719 1259 2785 δουλεύσας.
1300 2716 1677 2787 Ἐπιστρέψει
1712 2719 1745 2770 ό
1790 2715 1980 2781 πόνος

392 2811 584 2865 αὐτοῦ
609 2813 701 2877 είς
719 2808 992 2879 κεφαλὴν
1011 2809 1221 2872 αὑτοῦ,
1237 2806 1337 2861 καὶ
1355 2806 1467 2860 ἐπὶ
1482 2803 1762 2875 κορυφὴν
1787 2801 1978 2857 αὐτοῦ

395 2902 435 2968 ἡ
468 2899 677 2955 ἀδικία
705 2897 891 2953 αὐτοῦ
930 2893 1349 2963 καταϐήσεται.
1389 2893 1500 2948 Kal
1534 2889 1781 2964 περὶτοῦ
1831 2891 1981 2961 Ἀχι-

393 2987 560 3056 τόφελ
588 2987 823 3058 καὶπερὶ
838 2985 930 3039 τοῦ
946 2982 1298 3055 Ἀϐεσσαλὼμ
1321 2980 1491 3036 ταῦτα
1520 2979 1770 3052 εἰρῆσθαί
1795 2995 1980 3049 φασιν⁸

392 3072 725 3144 ἀμφοτέρων
767 3071 876 3144 γὰρ
913 3073 947 3143 ἡ
997 3070 1205 3141 κεφαλὴ
1242 3072 1322 3133 εἰς
1349 3067 1618 3139 τιμωρίαν
1655 3066 1879 3137 κατέϐη.
1922 3066 1982 3118 Ὀ

399 3163 498 3231 μὲν
542 3160 652 3232 γὰρ
678 3160 882 3232 ἀγχόνῃ
919 3158 1284 3230 χρησάμενος,
1315 3155 1458 3210 οὕτω
1482 3156 1571 3210 τὸν
1610 3154 1724 3225 βίον
1755 3153 1987 3208 κατέλυ-

398 3266 492 3302 σεν
514 3265 527 3277 ·
556 3248 760 3311 ἐκεῖνος
779 3246 834 3301 δὲ
857 3245 961 3300 ὑπὸ
997 3245 1059 3299 τὸ
1084 3245 1298 3316 δένδρον
1326 3242 1515 3307 ἐλθὼν,
1548 3244 1642 3296 καὶ
1663 3242 1983 3315 ἐξαρτηθεὶς

402 3336 509 3388 ὕπὸ
541 3335 639 3405 τῆς
673 3334 868 3405 κόμης,
910 3333 1078 3387 πολὺν
1124 3332 1397 3405 ἐκρέματο
1439 3329 1649 3403 χρόνον.
1698 3329 1854 3384 Οὓτω
1888 3330 1982 3384 καὶ

410 3422 615 3487 Ἰούδας
671 3421 873 3494 ἀγχόνῃ
922 3420 1014 3476 τὸν
1064 3418 1176 3490 βίον
1218 3420 1536 3484 κατέλυσεν,
1581 3418 1747 3483 εἰδὼς,
1771 3419 1850 3471 ὅτι
1887 3417 1983 3472 ἐπὶ

397 3512 557 3583 κακῷ
609 3512 711 3583 τῆς
757 3508 921 3565 αὐτοῦ
967 3508 1210 3579 κεφαλῆς
1245 3508 1423 3563 πάντα
1468 3507 1783 3580 εἰργάσατο.
1815 3507 1926 3561 Kal
1953 3509 1983 3560 6

410 3599 695 3671 Ἀχιτόφελ
743 3600 941 3670 νοήσας
995 3598 1077 3652 ὅτι
1130 3597 1348 3662 πάντως
1402 3596 1689 3668 περιέσται
1720 3598 1749 3650 6
1794 3594 1979 3657 Δαυῒδ,

397 3687 651 3743 ἀπελθὼν
702 3688 1015 3759 ἀπήγξατοο
1056 3688 1152 3742 καὶ
1179 3690 1207 3742 6
1248 3687 1606 3758 Ἀϐεσσαλὼμ
1642 3688 1789 3742 ἄκων
1822 3686 1983 3758 ἐκρέ-

400 3795 563 3846 ματο.
594 3777 689 3831 καὶ
707 3777 805 3830 οὒκ
836 3775 1037 3840 εύθέως
1068 3777 1342 3850 ἀνῃρεῖτο,
1377 3775 1490 3830 ἀλλ’
1525 3775 1712 3847 ὥσπερ
1742 3777 1800 3830 ἐν
1825 3775 1981 3828 δικα-

397 3865 610 3937 στηρίῳ
628 3866 887 3938 πρότερον
904 3865 1203 3938 ἀνηρτήθη,
1226 3866 1319 3920 καὶ
1344 3866 1420 3937 τῷ
1446 3865 1588 3938 ξύλῳ
1610 3865 1938 3937 προσηλώοη
1958 3864 1975 3894 '-

396 3953 494 4007 καὶ
517 3953 616 4006 τοῦ
638 3953 771 4007 Θεοῦ
803 3955 899 4023 τὴν
926 3954 1106 4024 ψῆφον
1132 3954 1334 4008 ἀνωθεν
1376 3954 1651 4025 φέροντος..
1685 3955 1777 4006 ἐπὶ
1812 3954 1977 4005 πολὺν

398 4039 672 4111 ἐκρέματο
718 4039 927 4110 χρόνον,
975 4039 1080 4093 ὑπὸ
1111 4038 1206 4094 τοῦ
1244 4041 1541 4104 συνειδότος
1563 4040 1750 4094 λοιπὸν
1785 4057 1979 4111 μαστι-

399 4127 691 4198 ζόμενοςα.
705 4128 871 4190 Αὐτὸς
890 4127 988 4198 μὲν
1008 4126 1115 4199 γὰρ
1127 4127 1388 4197 ἐπεθύμει
1405 4127 1501 4198 τὴν
1516 4127 1693 4192 δεξιὰν
1708 4127 1784 4198 τῷ
1799 4125 1978 4197 λαιμῷ

400 4215 668 4284 βαπτίσαι
710 4216 788 4286 τῷ
836 4214 1086 4286 πατρικῷ
1105 4233 1120 4247 ’
1156 4216 1184 4269 6
1212 4216 1268 4269 δέ
1297 4214 1478 4286 πατὴρ
1504 4216 1595 4269 καὶ
1617 4215 1761 4270 οὕτω
1790 4216 1976 4284 φείσα-

401 4305 527 4360 σθαι
559 4304 727 4360 αὐτοῦ
759 4307 988 4379 παρῄνει
1006 4309 1116 4371 τοῖς
1139 4306 1517 4378 στρατιώταις.
1552 4307 1661 4360 Kal
1685 4306 1858 4371 οὕτως
1879 4305 1980 4361 οὐκ

398 4387 467 4462 ἦν
518 4392 822 4459 κενοδοξίας
866 4394 926 4447 τὸ
965 4393 1276 4465 λεγόμενον,
1321 4395 1405 4448 ὃτι
1450 4394 1545 4448 καὶ
1582 4396 1717 4466 μετά
1752 4394 1980 4448 θάνατον

399 4480 750 4553 ἀποδύρεται.
787 4483 897 4536 Καὶ
947 4483 1034 4536 ίνα
1067 4482 1245 4554 μάθῃς
1281 4483 1362 4537 ὅτι
1400 4483 1501 4538 οὐκ
1535 4483 1881 4552 ἀνθρωπίνης
1911 4479 1980 4554 ἦν

402 4569 645 4638 σπουδῆς
694 4569 755 4621 τὸ
804 4569 1105 4640 γινόμενον,
1144 4570 1261 4624 ἀλλ’
1300 4569 1421 4624 ὅλον
1455 4568 1597 4623 θεῖον
1637 4566 1704 4641 ἦν
1730 4570 1790 4623 τὸ
1829 4571 1981 4623 δικα-

402 4658 649 4728 στήριον,
707 4656 890 4728 τρίχες
934 4658 1029 4711 καὶ
1067 4656 1220 4722 ξύλον
1258 4657 1421 4711 αὐτὸν
1456 4657 1675 4728 ἔδησαν,
1712 4658 1806 4710 καὶ
1844 4656 1981 4722 ζῶον

400 4744 598 4810 ἄλογον
625 4742 929 4813 παρέδωκε,
949 4744 1044 4797 καὶ
1069 4744 1192 4798 ἀντὶ
1223 4745 1320 4815 μὲν
1346 4744 1579 4815 σχοινίου
1610 4746 1643 4816 ή
1675 4744 1841 4815 κόμη,
1859 4745 1980 4798 ἀντὶ

395 4829 453 4882 δέ
478 4828 641 4894 ξύλου
662 4828 722 4881 τὺ
749 4829 961 4902 δένδρον
975 4829 1220 4899 γέγονεν,
1250 4831 1371 4885 ἀντὶ
1388 4831 1444 4884 δὲ
1462 4829 1791 4903 στρατιώτου
1816 4849 1983 4902 προσ-

399 4918 612 4985 ήγαγεν
643 4916 807 4971 αὐτὸν
836 4919 868 4987 ή
913 4918 1153 4990 ήμίονος.
1184 4919 1295 4974 Kal
1336 4920 1529 4973 σκόπει
1559 4918 1618 4972 τὸ
1653 4919 1975 4990 παράδοξον.

400 5003 590 5056 Ταῦτα
646 5003 929 5071 παθόντος,
986 5005 1158 5069 οὐδεὶς
1213 5005 1483 5078 ἐτόλμησε
1526 5005 1843 5076 προσελθεῖν
1870 5007 1980 5061 τῶν

400 5089 592 5153 αὑτοῦ,
620 5091 714 5144 καὶ
740 5091 986 5145 καθελεῖν
1011 5093 1190 5159 αὐτὸν,
1226 5092 1498 5164 τοσαύτης
1526 5093 1820 5165 γενομένης
1853 5111 1979 5163 σχο-

399 5176 518 5248 λῆς.
556 5179 670 5232 Kal
707 5177 863 5235 τοῦτο
891 5178 949 5233 δὲ
974 5181 1003 5233 6
1030 5178 1160 5243 Θεὸς
1180 5177 1470 5251 ᾠκονόμει,
1501 5177 1643 5233 ὣστε
1677 5183 1814 5251 μήτε
1847 5180 1981 5235 καθα

406 5266 713 5339 αιρεθῆναι,
771 5270 909 5340 μήτε
940 5268 1222 5339 δεδεμένον
1284 5268 1651 5340 ἀπενεχθῆναι
1682 5270 1762 5341 τῷ
1788 5271 1976 5341 πατρὶ,

401 5355 588 5426 ἐπειδὴ
632 5356 701 5411 τά
747 5357 991 5428 πατρικά
1024 5357 1305 5429 σπλάγχνα
1340 5358 1482 5430 πέρα
1523 5357 1619 5411 τοῦ
1653 5359 1855 5430 μέτρου
1882 5359 1980 5430 τὴν

400 5442 567 5514 φειδὼ
598 5445 948 5501 ἐπεδείκνυτο
969 5445 1001 5485 Β
1021 5461 1036 5477 ·
1070 5446 1161 5499 καὶ
1184 5445 1245 5499 τὸ
1274 5446 1338 5516 δὴ
1368 5445 1831 5518 θαυμαστότερον,
1849 5449 1929 5502 ὅτι
1951 5450 1980 5502 ό

399 5531 732 5602 καταλλάξας
784 5531 942 5604 αὐτῷ
981 5531 1073 5586 τὸν
1113 5533 1344 5604 πατέρα,
1377 5526 1531 5598 οὗτος
1575 5535 1736 5589 αὐτὸν
1764 5536 1976 5608 ἀνῄρει,

451 5709 611 5764 'Tres
649 5726 768 5763 mss.
818 5707 1181 5773 μαστιζόμενος.
1224 5709 1356 5761 Εόίιί
1399 5710 1788 5773 μαστιγούμενος.
1840 5711 1978 5762 Prior

398 5769 529 5824 lectio
550 5778 780 5827 asilalior
808 5769 913 5821 εει.

438 5835 467 5879 ιν
484 5840 590 5893 Duo
614 5855 734 5893 mss.
754 5834 849 5888 τοῦ
878 5833 1058 5894 μέτρου
1072 5834 1152 5892 τὴν
1178 5834 1369 5896 ἄκαιρον
1390 5832 1684 5885 ἐπεδείκνυτο
1708 5836 1972 5897 φειδωλίαν.

1534 387 1901 445 Exvosmo
1940 385 2004 441 IN
2041 384 2373 443 PSALMUM
2404 386 2513 442 vn.
3550 394 3655 497 ‘0‘,

318 503 532 579 κυῆσαι
562 499 638 561 ἐδ
671 501 919 579 βρέφος
942 526 956 540 ·
1001 509 1126 582 [καὶ
1146 509 1253 564 ἀπὸ
1270 506 1361 562 τοῦ
1389 503 1631 574 ποταμοῦ
1666 500 1966 571 ἀνελομένη

335 597 420 671 τὴν
444 594 636 667 θήγην
682 595 726 666 ἢ
768 594 1055 669 θυγάτηρ
1099 596 1195 650 τοῦ
1234 592 1449 665 Φαραὼ,
1487 590 1581 646 καὶ
1614 589 1850 660 εὑροῦσα
1906 587 1967 639 τὸ

348 686 540 760 βρέφος
583 682 944 758 ἀνέθρεψεά
998 684 1093 739 καὶ
1117 682 1371 755 αὐξηθεὶς
1398 682 1601 741 ἐκεῖνος
1628 678 1836 740 πάντας
1865 677 1971 729 ἀπ-

355 771 903 832 ὼλεσεν.Ἑντεῦθεν
937 773 1038 827 καὶ
1071 772 1105 843 ἡ
1132 768 1437 841 εὐμηχανία
1463 767 1556 820 τοῦ
1580 763 1716 819 Θεοῦ
1736 763 1973 835 μάλιστα

358 863 684 934 διαλάμπει,
731 861 840 914 καὶ
868 862 1006 924 τοῖς.
1030 860 1287 930 πονηροῖς
1320 855 1487 918 πολὺς
1515 854 1543 905 ό
1570 851 1968 923 σωφρονισμδς,

2074 503 2361 573 μονονουχὶ
2399 505 2703 575 κατήγορος
2753 490 2979 576 σφοδρὸς
3028 505 3272 571 ἐπιστάς·
3314 506 3427 561 ἀλλ’
3458 490 3650 583 ἀνῄρει

2075 590 2174 660 μὲν
2199 585 2375 658 οὗτος,
2403 590 2699 664 ἐψηφίζετο
2729 593 2786 645 δὲ
2819 596 2847 646 6
2876 594 3029 658 Θεός.
3649 585 3652 589 ’

2149 777 2230 826 ιε’.
2262 771 2385 825 Ὅτι
2406 772 2517 843 γάρ
2544 769 2751 826 ἀνωθεν
2776 774 2810 845 ή
2842 773 3022 844 ψῆφος
3048 776 3399 848 κατεφέρετο,
3422 778 3654 832 ἄκουσον

2074 862 2240 918 αὑτοῦ
2261 863 2418 918 τοῦτο
2450 864 2565 929 πῶς
2597 864 2941 938 παρέστησε·
2970 866 3140 923 εἰπὼν
3162 868 3289 940 γὰρ,
3320 870 3450 923 Ἐπί
3482 854 3662 941 «opu?

2076 956 2204 1026 ερὴν
2227 958 2266 1026 ἡ
2289 955 2489 1012 ἀδικία
2513 957 2699 1011 αὐτοῦ
2721 959 3143 1027 καταϐήσεται,
3176 963 3342 1033 φησίν
3363 978 3377 993 °
3412 942 3662 1032 Ἐξομο-1

2074 1046 2414 1117 λογήσομαι
2429 1046 2509 1113 τῷ
2529 1046 2722 1116 Κυρίῳ
2738 1049 2888 1104 κατὰ
2902 1049 3017 1117 τὴν
3035 1050 3428 1119 δικαιοσύνην
3445 1053 3652 1117 αὑτοῦ,

2076 1138 2174 1193 καὶ
2206 1137 2384 1207 ψαλῶ
2413 1138 2492 1205 τῷ
2521 1138 2763 1209 ὀνόματι
2783 1142 3007 1209 Κυρίου
3034 1141 3141 1197 τοῦ
3167 1145 3449 1213 ὑψίστου.
3484 1147 3665 1216 Εὐχαέ

2081 1229 2443 1301 ριστήσωμεν,
2469 1231 2655 1301 φησὶν,
2690 1232 2752 1284 06
2784 1235 2905 1296 ταῖς
2931 1232 3134 1305 ἐτέρων
3166 1236 3371 1308 χαίρων
3398 1241 3654 1306 σφαγαῖς,

2077 1317 2213 1372 ἀλλά
2230 1318 2325 1373 τοῦ
2354 1320 2490 1374 Θεοῦ
2525 1322 2624 1394 τὴν
2650 1322 2832 1393 ψῆφον
2865 1324 3282 1398 ἀποδεχόμενος.
3316 1329 3428 1382 Kal
3456 1330 3540 1392 τίς
3569 1331 3658 1384 δύ-

2076 1426 2233 1465 ναται
2263 1411 2823 1486 αὐτῷέύχαριστῆσαι
2847 1418 2989 1471 κατὰ
2999 1417 3096 1489 τὴν
3113 1419 3458 1489 δικαιοσύνην
3472 1422 3657 1485 αὐτούς

2078 1500 2162 1564 τίς
2186 1502 2242 1556 δὲ
2274 1503 2433 1557 αὐτὸν
2456 1505 2681 1569 αἰνέσει,
2706 1506 2781 1568 ὡς
2807 1506 2955 1559 ἔστιν
2982 1525 2995 1572 ς
3022 1510 3231 1573 υύδείς.
3248 1511 3320 1564 Τί
3343 1513 3478 1572 ἐστι,
3500 1516 3661 1565 Κατὰ

2082 1593 2196 1663 τὴν
2214 1594 2607 1666 δικαιοσύνην
2628 1599 2814 1653 αὑτοῦ
2828 1618 2847 1665 ;
2862 1601 3006 1653 ’Λντὶ
3021 1599 3135 1667 τοῦ,
3154 1601 3244 1654 ἐπὶ
3259 1604 3325 1673 τῇ
3347 1602 3662 1676 δικαιοσύνῃ

2081 1685 2267 1741 αὑτοῦ.
2315 1688 2426 1740 Kal
2474 1687 2590 1760 ᾅσω
2627 1687 2707 1760 τῷ
2742 1691 2930 1762 Κυρίῳ
2972 1691 3053 1763 τῷ
3091 1692 3318 1764 ὑψίστῳ.
3347 1693 3524 1748 Αὐτοῦ
3552 1697 3663 1767 γάρ

2078 1781 2195 1833 ἐστι
2217 1779 2284 1835 τά
2303 1782 2616 1853 νικητήρια,
2644 1782 2809 1837 αὐτοῦ
2827 1783 2895 1838 τά
2924 1784 3181 1857 τρόπαια,
3198 1787 3301 1841 οὐκ
3326 1787 3454 1857 ἐμά.
3476 1788 3667 1842 Καθάέ

2080 1890 2185 1944 περ
2216 1875 2325 1945 γὰρ
2371 1874 2463 1928 ἐπὶ
2524 1874 2633 1928 τῶν
2690 1874 2964 1947 πολέμων,
3022 1876 3284 1948 βασιλέως
3319 1881 3661 1951 νικήσαντος,

2079 1968 2275 2038 χοροὺς
2305 1969 2601 2039 στήσαντες
2640 1968 2881 2040 ᾅδουσιν,
2912 1973 2993 2034 είς
3014 1973 3221 2025 ἐκεῖνον
3258 1973 3357 2036 τάς
3386 1975 3663 2044 εὐφημίας

2081 2058 2445 2128 ἀναφέροντες
2470 2075 2484 2089 ·
2534 2059 2677 2115 οὕτω
2727 2060 2883 2131 κάγὼ
2911 2064 3141 2133 ποιήσω,
3178 2065 3347 2136 ⁴φησί.
3377 2066 3475 2120 Διά
3507 2066 3666 2120 τοῦτο

2079 2150 2181 2203 οὐκ
2219 2146 2891 2223 εἷπεν,Ἐξομολογοῦμαι,
2935 2154 3049 2207 ἀλλ’
3096 2154 3662 2227 Ἐξομολογήσομαι,

2080 2242 2280 2313 δηλῶν,
2314 2244 2398 2298 ὅτι
2424 2243 2545 2298 οὐδὲ
2575 2247 2714 2316 μετά
2747 2245 2806 2299 τὸ
2837 2248 3020 2318 τυχεῖν
3055 2246 3163 2300 τῶν
3195 2247 3414 2316 ἀγαθῶν
3442 2248 3665 2304 ἐπιλαν-

2083 2330 2321 2398 θάνεται,
2357 2332 2473 2406 [75]
2496 2334 2615 2388 οὐδὲ
2658 2335 2869 2404 γίνεται
2901 2336 3291 2409 ρᾳθυμότερος,
3327 2338 3465 2393 ἀλλά
3507 2342 3666 2412 νήφει

2082 2423 2179 2477 καὶ
2218 2425 2519 2497 ἐγρήγορεν
2539 2442 2553 2457 ’
2583 2428 2683 2482 οὐκ
2712 2428 2899 2501 ἐπειδὴ
2924 2432 2952 2483 6
2974 2429 3105 2494 Θεὸς
3124 2430 3312 2484 τούτου
3338 2432 3528 2495 δεῖται,
3550 2433 3664 2487 ἀλλ’

2083 2517 2269 2589 ἐπειδὴ
2302 2519 2432 2589 ἡμῖν
2459 2518 2617 2574 τοῦτο
2656 2523 2927 2592 χρήσιμον
2971 2523 3066 2577 καὶ
3103 2523 3412 2597 κερδαλέον.
3456 2526 3666 2599 Ὥσπερ

2084 2608 2192 2680 γὰρ
2214 2608 2402 2675 θυσίας
2434 2611 2646 2678 ἔλαϐεν,
2682 2615 2805 2686 οὐχὶ
2846 2615 3099 2687 δεόμενος
3128 2617 3328 2673 θυσιῶν
3359 2618 3532 2691 (Ἐὰν
3557 2622 3668 2691 γὰρ

2084 2702 2372 2771 πεινὰσω,
2396 2707 2580 2776 φησὶν,
2607 2709 2680 2762 οὐ
2710 2707 2794 2777 μή
2827 2724 2925 2764 σοι
2955 2710 3143 2781 εἴπω),
3166 2692 3284 2764 ’ἀλλ’
3307 2711 3516 2781 ἐνάγων
3542 2713 3668 2777 τοὺς

2084 2794 2404 2869 ἀνθρώπους
2421 2800 2500 2862 είς
2528 2799 2626 2870 τὴν
2654 2801 2818 2855 αὐτοῦ
2848 2802 3035 2873 τιμὴν,
3058 2800 3203 2857 οὕτω
3237 2804 3329 2856 καὶ
3355 2802 3556 2874 ὕμνους
3577 2803 3667 2857 δέ-

2070 2907 2258 2962 χεται,
2289 2892 2351 2946 06
2417 2892 2668 2964 δεόμενος
2712 2896 2812 2965 τῆς
2854 2897 2987 2966 παρ’
3031 2895 3189 2967 ήμῶν
3224 2888 3517 2968 εὐφημίας,
3553 2897 3666 2950 ἀλλ’

2084 2983 2369 3057 ἐπιθυμῶν
2412 2990 2512 3057 τῆς
2552 2987 2709 3057 ήμῶν
2744 2988 3035 3059 σωτηρίας.
3078 2987 3197 3059 Θεῷ
3230 2989 3334 3061 γάρ
3368 2991 3669 3062 περισπού-

2084 3075 2279 3131 δαστον
2315 3078 2475 3150 ήμῶν
2503 3078 2744 3143 ἐπίδοσις
2774 3080 2950 3152 ἡκατ’
2972 3080 3194 3151 ἀρετήν.

2156 3258 2320 3314 Οὐδὲν
2344 3258 2401 3312 δὲ
2432 3257 2604 3323 οὓτως
2651 3257 2940 3313 ἐπιδιδόναι
2969 3260 3110 3313 ποιεῖ
3140 3259 3218 3322 είς
3241 3258 3463 3329 ἀρετήν,
3495 3258 3570 3324 ὡς
3609 3260 3669 3312 τὸ

2086 3350 2326 3422 συνεχῶς
2346 3351 2552 3422 ὁμιλεῖν
2584 3349 2725 3421 Θεῷ,
2768 3351 2862 3405 καὶ
2893 3350 3156 3424 διηνεκῶς
3205 3351 3549 3423 εὐχαριστεῖν
3576 3354 3669 3406 καὶ

2084 3441 2306 3513 ψάλλειν
2331 3442 2410 3514 τῷ
2459 3442 2613 3515 Θεῷδη
2628 3441 2820 3513 ψάλλει
2857 3443 2915 3497 δὲ
2943 3442 3022 3516 τῷ
3053 3442 3192 3515 Θεῷ,
3233 3443 3670 3515 ἐκπληττόμενος

2086 3536 2250 3591 αὐτοῦ
2271 3537 2369 3609 τὴν
2393 3536 2811 3609 δικαιοκρισίαν,
2841 3537 2941 3608 τὴν
2968 3535 3376 3607 μακροθυμίαν.
3407 3537 3518 3591 Kal
3541 3535 3677 3597 ποῦ,

2085 3629 2269 3699 φησὶν,
2302 3630 2356 3701 Lf;
2401 3628 2773 3700 μακροθυμία,
2813 3627 3188 3699 ἀναιρεθέντος
3228 3624 3322 3680 τοῦ
3357 3626 3622 3696 τυράννου
3652 3634 3681 3692 ;'

2084 3720 2260 3794 Πολλὴ
2314 3721 2413 3793 μὲν
2463 3716 2556 3775 οὖν
2581 3722 2675 3775 καὶ
2704 3720 2936 3791 μεγάλη.
2978 3720 3089 3772 Καὶ
3126 3718 3235 3789 γάρ
3263 3718 3476 3787 ἀφῆκεν
3507 3718 3668 3771 αὐτὸν

2085 3815 2254 3868 πολὺν
2314 3814 2527 3885 χρόνον,
2570 3812 2721 3866 ὥστε
2783 3812 2865 3875 είς
2916 3809 3203 3880 μετάνοιαν
3226 3808 3431 3861 ἐλθεῖν
3466 3808 3561 3860 καὶ
3602 3807 3669 3859 τὰ

2088 3907 2333 3978 βασίλεια
2379 3907 2671 3975 κατασχεῖν
2712 3903 2932 3968 ἔδωκεν,
2968 3903 3057 3956 ἴνα
3089 3899 3177 3971 τὴν
3205 3899 3379 3953 οἰκίαν
3410 3898 3555 3959 ἰδὼν,
3588 3901 3668 3961 είς

2084 3997 2152 4069 ἢν
2175 3995 2387 4068 ηὐξήθη
2413 3996 2507 4051 καὶ
2531 3995 2764 4066 ἐτράφη,
2800 3994 2894 4048 καὶ
2920 3992 2988 4047 τὰ
3020 3991 3115 4045 τοῦ
3151 3989 3360 4061 πατρὸς
3395 3987 3664 4060 σύμϐολα,

2083 4092 2164 4154 εἰς
2199 4089 2486 4162 μετάνοιαν
2507 4087 2653 4161 ἔλθῃ.
2684 4089 2748 4142 Et
2771 4087 2878 4158 γὰρ
2912 4087 2987 4159 μὴ
3022 4085 3208 4157 θηρίον
3227 4080 3317 4157 ἦν,
3351 4084 3446 4137 καὶ
3459 4081 3668 4151 λιθίνην

2083 4178 2196 4254 εἶχε
2218 4181 2417 4254 ψυχὴν,
2450 4181 2610 4235 ἱκανά
2638 4182 2816 4235 πάντα
2844 4181 3030 4233 ἐκεῖνα.
3072 4177 3233 4231 αὐτὸν
3257 4177 3556 4246 ἐπαγαγεῖν
3579 4191 3589 4203 ·
3632 4174 3666 4245 ἡ

2080 4273 2350 4346 τράπεζα,
2396 4272 2519 4326 καθ’
2565 4274 2633 4343 ἢν
2665 4270 2941 4325 ἐκοινώνει
2984 4268 3062 4339 τῷ
3100 4266 3289 4339 πατρὶ,
3320 4269 3348 4320 6
3379 4261 3549 4330 οἶκος,
3598 4264 3669 4318 τά

2085 4363 2359 4437 συνέδρια,
2389 4363 2519 4420 ἔνθα
2550 4364 2601 4417 οί
2639 4362 2786 4430 λόγοι
2813 4361 2975 4416 αὐτὸν
2996 4358 3337 4437 κατήλλαξαν
3368 4357 3528 4426 φόνον
3557 4372 3669 4410 τοι-

2082 4436 2611 4530 οῦτονπεποιηκότα
2631 4469 2646 4484 ·
2681 4452 2821 4525 μετά
2852 4453 3057 4507 τούτων
3086 4436 3179 4505 ml
3214 4450 3376 4521 ἔτερα
3396 4443 3479 4533 ιῆν
3502 4447 3662 4501 ίκανά

2080 4551 2244 4605 αὑτὸν
2269 4550 2523 4621 μαλάξαι.
2542 4547 2654 4603 Kal
2674 4547 2784 4617 γάρ
2801 4546 3033 4617 ήκουσεν
3061 4545 3146 4598 ὅτι
3185 4541 3361 4612 φυγάς
3393 4541 3488 4595 καὶ
3524 4539 3659 4612 ἀλήτ-

2080 4663 2180 4714 της
2223 4645 2573 4716 περιήρχετο,
2608 4640 2692 4695 ότι
2716 4638 2786 4692 τὰ
2817 4637 3020 4708 ἔσχατα
3056 4636 3260 4705 ἔπασχε
3306 4633 3475 4688 δεινά.
3509 4633 3573 4687 Et
3604 4632 3662 4686 δέ

2085 4738 2161 4810 μὴ
2211 4737 2388 4791 ταῦτα
2430 4735 2755 4806 ἐμάλαττεν,
2804 4731 2911 4785 ἔδει
2949 4729 3110 4784 αὑτὸν
3154 4729 3223 4783 τὰ
3247 4728 3341 4783 τοῦ
3384 4716 3683 4799 Ἀχιτόφελ

2083 4830 2433 4901 σωφρονίσαι,
2474 4827 2573 4900 τὴν
2622 4827 2880 4899 ἀγχόνην,
2900 4827 3004 4879 ’τὸν
3054 4823 3282 4879 θάνατον
3324 4834 3372 4885 ο,
3415 4819 3550 4875 ὥστε
3578 4818 3667 4874 διὰ

2083 4923 2301 4977 πάντων
2352 4921 2526 4975 ἐλθεῖν
2565 4922 2645 4984 είς
2675 4920 2984 4991 μετάνοιαν.
3020 4915 3157 4969 Οὐδὲ
3191 4915 3305 4986 γὰρ
3331 4913 3566 4984 ἠγνόησε
3590 4910 3664 4963 ’τὰ

2081 5016 2175 5070 τοῦ
2207 5016 2383 5085 φίλου.
2421 5014 2486 5068 Τί
2511 5014 2565 5066 δέ
2590 5014 2683 5067 καὶ
2705 4995 2861 5084 Νέχων
2900 5013 3152 5080 ἐγκαλεῖν
3178 5009 3256 5081 τῷ
3276 5010 3462 5080 πατρὶ,
3490 5006 3666 5060 ταῦτα

2082 5110 2290 5175 ἐποίει;
2324 5109 2445 5163 ὀτι
2497 5107 2557 5172 ἐξ
2601 5106 2778 5176 ὅψεως
2804 5105 2966 5160 αὐτὸν
3000 5104 3339 5173 πεποίηκεν;
3385 5098 3525 5153 Ἀλλ’
3554 5097 3661 5149 ἔδει

2080 5201 2171 5255 διὰ
2190 5199 2348 5255 τοῦτο
2376 5199 2469 5253 καὶ
2502 5198 2781 5269 θαυμάσαι
2841 5197 2932 5252 καὶ
2960 5194 3348 5259 ἀποδέξασθαι,
3372 5192 3473 5243 ’ὅτι
3505 5186 3661 5242 ἀδελ-

2081 5292 2339 5359 φοκτόνον
2355 5293 2648 5363 γενόμενον
2673 5294 2894 5364 ἡμέρως
2914 5292 3164 5362 ἤνεγκεν.
3191 5285 3329 5339 Ἀλλ’
3355 5282 3507 5337 οὐδὲν
3523 5281 3662 5351 ἔχων

2080 5386 2354 5453 ἐγκαλεῖν,
2416 5385 2531 5439 ἀλλ’
2572 5384 2837 5455 ἐπιθυμίᾳ
2877 5382 3040 5442 ἁλοὺς
3086 5376 3329 5449 ἀκαίρῳ,
3358 5374 3453 5428 καὶ
3488 5370 3662 5426 ταῦτα

2080 5478 2266 5532 λοιπὸν
2326 5478 2580 5547 γέροντος
2623 5476 2776 5540 ὄντος
2820 5474 2914 5528 τοῦ
2950 5470 3177 5542 πατρὸς,
3224 5469 3319 5523 καὶ
3349 5466 3439 5521 ἐπὶ
3468 5465 3660 5538 θύραις

2080 5569 2178 5639 τῆς
2224 5567 2549 5640 προσδοκίας
2575 5565 2762 5636 οὔσης,
2798 5563 2898 5618 οὐκ
2931 5561 3220 5634 ἀνέμεινεν
3244 5559 3365 5614 ούδέ
3407 5556 3660 5630 σμικρόν.

2142 5776 2166 5804 ⁸
2194 5773 2275 5821 Sic
2295 5784 2421 5821 unus
2441 5771 2594 5821 codex
2619 5772 2775 5819 recte.
2802 5769 2905 5819 Alii
2933 5778 3104 5815 omnes
3124 5766 3155 5821 ἡ
3177 5763 3375 5827 ἀγχόνη,
3404 5764 3430 5810 ὁ
3449 5761 3664 5827 θάνατος.

2084 5836 2183 5886 Sed
2202 5835 2284 5886 hic
2307 5835 2609 5884 accusativus
2632 5844 2829 5889 prorsus
2848 5831 3135 5895 requiritur,
3151 5834 3206 5878 ul
3220 5824 3373 5876 ’il‘emo
3392 5837 3489 5875 non
3511 5824 3664 5872 videt.
