4030 6390
519 327 621 380 1οἸ

516 444 879 508 apparuerunt
927 449 1048 491 cum
1104 430 1442 502 vigilantibus
1495 427 1796 499 pastoribus
1854 434 2109 479 canentes

517 529 669 596 (Luc.
692 528 747 582 ‘2.
782 528 892 596 15).
923 525 1211 581 Audiamus
1257 536 1386 591 ergo
1426 521 1526 576 hoe
1565 533 1777 590 quoque
1824 515 2111 570 canticum.

517 623 619 690 Qui
653 632 918 676 terrenum
945 618 1159 689 quidem
1182 631 1361 687 regem
1395 614 1629 677 laudant,
1653 628 1772 668 eum
1805 626 1870 666 eo
1897 611 2118 679 loquun-

519 726 608 769 tur
625 713 692 769 de
720 711 961 781 imperio,
994 709 1061 766 de
1093 709 1327 778 tropatis,
1355 707 1423 762 de
1456 705 1674 761 victoria
1701 747 1716 771 ,
1739 712 1792 758 et
1816 707 2116 756 memorant

521 814 706 876 gentes
745 805 812 857 ab
841 817 908 856 eo
949 803 1149 866 victas,
1182 807 1434 853 vocantes
1472 810 1566 851 cos
1608 801 1994 864 expugnatores
2018 831 2032 854 ,
2063 799 2117 843 et

520 897 869 953 barbarorum
899 895 1150 955 victores.
1183 903 1236 947 et
1276 892 1358 946 his
1399 889 1611 944 similia.
1647 885 1957 957 llujusmodi
1985 899 2114 939 ean-

521 991 684 1045 ticum
713 989 857 1044 canit
886 990 1048 1043 etiam
1079 987 1164 1040 hic
1199 986 1406 1040 beatus.
1439 982 1630 1038 Narrat
1668 981 1810 1035 enim
1839 979 2114 1033 victoriam

517 1091 570 1133 et
599 1090 858 1150 troptcum
883 1120 897 1143 ,
927 1087 979 1133 et
1007 1077 1144 1132 bella
1177 1075 1439 1138 confecta,
1472 1089 1575 1128 non
1607 1071 1820 1143 quidem
1851 1071 1993 1133 talia,
2022 1067 2113 1121 sed

520 1174 605 1228 his
650 1173 820 1227 multo
859 1170 1177 1226 difficiliora.
1204 1169 1335 1222 \‘ide
1363 1177 1538 1222 autem
1583 1163 1850 1236 quomodo
1888 1161 2071 1232 incipit
2103 1179 2115 1214 :

522 1265 773 1329 Domine,
807 1263 1058 1317 Dominus
1098 1269 1284 1314 noster.
1319 1259 1555 1313 Aliorum
1582 1257 1722 1312 enim
1745 1255 1833 1326 qui
1861 1268 1965 1308 non
1995 1266 2115 1307 ere-

523 1359 656 1413 dunt
691 1358 744 1412 in
771 1357 941 1428 ipsum
965 1396 980 1419 ,
1013 1368 1118 1409 uno
1141 1352 1301 1407 modo
1331 1361 1417 1406 est
1439 1351 1694 1405 Dominus
1737 1367 1749 1400 :
1781 1358 1962 1402 noster
1989 1359 2118 1399 vero

524 1449 721 1520 duplici
745 1448 972 1510 ratione,
1001 1455 1056 1500 et
1085 1443 1223 1514 quod
1253 1459 1349 1497 nos
1374 1458 1438 1497 ex
1471 1441 1534 1496 iis
1555 1457 1673 1512 qua:
1704 1455 1809 1494 non
1837 1445 2012 1505 erant,
2038 1438 2116 1491 fe-

523 1542 690 1606 cerit,
719 1549 773 1595 et
811 1537 952 1609 quod
991 1543 1311 1606 agnoscatur
1334 1549 1362 1587 a
1396 1532 1568 1587 nobis.
1601 1532 1676 1585 Ae
1701 1529 1821 1584 vide
1850 1526 2120 1598 quomodo

525 1634 704 1689 Statim
733 1647 760 1684 a
795 1629 1060 1700 principio
1099 1625 1248 1696 ponit
1287 1638 1547 1679 summam
1580 1621 1844 1676 beneficii.
1874 1619 1930 1675 Si
1973 1618 2117 1674 enim

525 1723 776 1777 didiceris
809 1719 1077 1791 quomodo
1105 1718 1360 1771 Dominus
1381 1725 1500 1769 tuus
1521 1712 1692 1768 factus
1717 1714 1805 1776 sit,
1841 1709 1982 1780 quod
2026 1709 2118 1763 ab-

525 1818 786 1870 alienatos
811 1825 864 1868 ct
892 1813 1134 1867 inimicos
1157 1819 1208 1865 et
1224 1815 1394 1864 morte
1410 1805 1646 1870 allectos,
1676 1803 1964 1859 familiares
1991 1801 2120 1857 effe-

525 1912 659 1963 cerit
689 1917 742 1962 et
770 1905 1152 1970 vivificaverit,
1194 1901 1414 1966 pulchre
1460 1899 1664 1954 videbis
1709 1897 1810 1952 hoe
1854 1910 2118 1951 summam

526 2018 645 2054 esse
669 1999 935 2054 beneficii.

596 2093 783 2147 Contra
811 2092 1096 2144 Anomazos.
1121 2088 1317 2143 Nomen
1339 2085 1432 2140 Dei
1452 2084 1751 2140 admirabile
1766 2101 1878 2138 cum
1899 2083 2117 2138 Christo.

525 2214 596 2225 —-
618 2183 730 2238 Hoc
758 2197 886 2253 ergo
924 2181 1197 2236 admirans
1227 2178 1486 2249 propheta
1506 2221 1519 2244 ,
1552 2177 1682 2234 dicit
1709 2194 1722 2231 :
1755 2176 1923 2244 Quam
1951 2175 2120 2228 admi-

525 2275 685 2328 rabile
727 2285 802 2327 est
851 2289 1033 2326 nomen
1077 2269 1395 2324 tuumlhoc
1421 2277 1532 2334 est,
1581 2267 1737 2322 valde
1782 2266 2118 2322 admirabile.

526 2369 699 2436 Quam
739 2365 1053 2420 admirabile
1080 2371 1256 2418 autem
1302 2364 1407 2430 sit,
1432 2377 1539 2415 non
1569 2360 1701 2416 dixit
1730 2377 1742 2413 :
1776 2376 1947 2429 neque
1977 2361 2119 2415 enim

528 2459 708 2515 metiri
737 2458 929 2529 potuit,
955 2456 1050 2511 sed
1099 2463 1305 2510 tantum
1333 2453 1797 2524 amplificationem
1837 2462 1892 2508 et
1929 2453 2122 2524 hyper-

528 2552 691 2607 bolen
751 2549 943 2604 attulit.
989 2547 1091 2603 Ubi
1133 2558 1258 2602 sunt
1307 2547 1397 2617 qui
1444 2545 1538 2600 Dei
1580 2546 1868 2601 essentiam
1913 2545 2122 2600 curiose

530 2639 932 2712 pervestigant?
953 2637 1007 2694 Si
1038 2639 1180 2694 enim
1212 2652 1332 2693 eum
1353 2653 1545 2694 nomen
1574 2637 1690 2708 ejus
1715 2637 1964 2704 dixisset,
1987 2637 2123 2692 adeo

529 2732 825 2787 admiratus
851 2739 934 2786 est
975 2739 1031 2785 ut
1062 2730 1466 2800 obstupesceret
1498 2747 1509 2782 :
1542 2728 1810 2800 quomodo
1852 2729 2006 2784 venia
2046 2729 2124 2782 eis

532 2824 744 2878 dabitur
779 2823 867 2892 qui
908 2837 965 2876 sc
1003 2821 1190 2876 dicunt
1239 2835 1397 2875 nosse
1429 2819 1522 2874 Dei
1554 2819 1872 2884 essentiam,
1903 2834 2026 2874 cum
2057 2835 2124 2874 ne

534 2913 793 2984 propheta
825 2913 1036 2983 quidem
1069 2927 1228 2982 quam
1261 2912 1331 2964 sit
1374 2911 1689 2966 admirabile
1733 2910 1849 2980 ejns
1900 2925 2119 2989 nomen,

532 3021 858 3077 cognoscere
921 3004 1197 3074 potuerit?
1255 3005 1418 3070 Quam
1467 3004 1767 3058 admirabile
1810 3014 1882 3058 est
1939 3021 2123 3058 nomen

532 3111 670 3153 tinem
693 3099 714 3153 .'
742 3097 796 3152 In
827 3098 1041 3152 nomine
1069 3095 1211 3152 enim
1255 3105 1344 3151 tuo
1389 3111 1534 3151 mors
1565 3097 1701 3150 victa
1731 3104 1782 3150 et
1811 3094 1976 3150 fracta
2001 3104 2084 3151 est
2106 3137 2122 3162 ,

533 3190 701 3244 vineti
730 3197 854 3244 sunt
882 3188 1176 3252 darmones,
1202 3188 1388 3242 ca-lnm
1411 3197 1653 3257 apertum
1679 3195 1779 3250 cst.
1811 3186 1951 3241 fores
1975 3202 2127 3256 para-

534 3284 636 3337 disi
691 3291 1012 3353 patuerunt,
1064 3281 1296 3351 Spiritus
1349 3281 1614 3337 demissus
1663 3283 1955 3337 estzservi
2001 3279 2124 3335 facti

533 3381 660 3426 sunt
687 3373 874 3435 liberi;
909 3372 1146 3438 inimici,
1178 3371 1304 3434 ﬁlii;
1335 3372 1521 3437 alieni,
1551 3370 1817 3436 heredes;
1857 3370 2122 3435 homines,

534 3462 730 3533 angeli.
763 3461 898 3527 Quid
933 3461 1085 3526 dico,
1119 3461 1338 3531 angeli?
1365 3461 1502 3515 Dens
1531 3461 1691 3515 homo
1733 3461 1901 3516 factus
1925 3471 2042 3529 est,
2074 3470 2124 3516 ct

535 3553 699 3608 homo
730 3554 910 3618 Deus;
942 3554 1130 3607 czrlum
1177 3553 1385 3622 accepit
1433 3563 1676 3606 naturam
1717 3567 1748 3607 e
1788 3562 1928 3606 terra
1983 3568 2126 3607 sum~

535 3657 678 3717 ptam
707 3663 721 3713 ;
755 3655 896 3702 terra
920 3661 1042 3701 eum
1075 3646 1310 3715 suscepit
1336 3647 1424 3716 qui
1453 3645 1604 3701 sedet
1645 3661 1807 3716 super
1835 3646 2124 3702 Cherubim

535 3755 656 3794 eum
682 3740 920 3794 exercitu
950 3740 1211 3809 angelico.
1239 3739 1370 3806 Quae
1401 3739 1764 3794 intercedebat
1791 3740 2018 3795 maceria
2046 3739 2128 3794 di-

533 3841 654 3886 ruta
685 3841 797 3896 est,
827 3831 1000 3886 soluta
1047 3841 1132 3887 cst
1180 3847 1367 3902 sepes;
1401 3847 1520 3902 qua:
1563 3831 1729 3886 divisa
1769 3841 1823 3887 et
1865 3832 2127 3903 disjuncta

536 3931 721 3987 erant,
754 3923 901 3976 unita
951 3931 1114 3987 sunt;
1151 3924 1387 3978 tenebrae
1431 3932 1556 3978 sunt
1590 3923 1886 3990 exstinctge,
1921 3925 2010 3979 lux
2040 3941 2126 3979 re-

537 4013 828 4082 splenduit,
857 4028 1005 4068 mors
1029 4015 1279 4084 absorpta
1303 4023 1405 4068 est.
1439 4014 1564 4069 llaec
1587 4015 1763 4070 omnia
1792 4017 2050 4085 cogitans,
2077 4026 2130 4072 et

539 4105 697 4171 longe
741 4103 824 4158 his
866 4105 1016 4173 plura
1042 4146 1055 4169 ,
1089 4104 1350 4174 propheta
1396 4106 1660 4161 clamabat
1706 4107 1930 4161 dicens:
1965 4109 2129 4175 Quam

539 4197 839 4251 admirabile
858 4207 927 4250 est
957 4213 1136 4251 nomen
1161 4207 1299 4251 tuum
1326 4198 1378 4251 in
1407 4200 1635 4253 universa
1666 4209 1797 4252 terra
1823 4201 1842 4253 .'
1866 4199 1963 4256 Ubi
1990 4218 2130 4256 nunc

538 4297 666 4342 sunt
693 4287 883 4352 Judzei,
903 4288 990 4358 qui
1009 4297 1133 4342 sunt
1162 4287 1501 4358 impudentes
1523 4289 1778 4345 adversus
1809 4291 2084 4346 veritatem
2108 4293 2130 4345 ?

542 4379 814 4434 Lubenter
844 4379 985 4433 enim
1029 4393 1124 4433 eos
1168 4379 1553 4448 interrogarem
1603 4379 1670 4435 de
1725 4397 1960 4450 quonam
2014 4382 2129 4437 lucc

541 4470 814 4525 dicuntur.
857 4471 930 4525 De
961 4469 1365 4540 t‘mnipotente,
1399 4470 1658 4540 inquient.
1707 4471 1812 4526 Sed
1862 4490 1966 4527 non
2017 4485 2131 4528 erat

543 4579 737 4619 nomen
787 4564 907 4633 ejus
951 4565 1265 4620 admirabile
1311 4565 1364 4620 in
1415 4566 1660 4621 universa
1694 4578 1852 4621 terra.
1886 4567 2132 4624 Testatur

542 4657 702 4711 Isaias
743 4657 959 4710 dicens:
1001 4656 1218 4728 PrOpter
1249 4675 1334 4711 ros
1361 4657 1736 4728 blasphematur
1767 4677 1945 4714 nomen
1968 4677 2130 4714 meum

541 4753 675 4802 inter
702 4757 868 4820 gentes
899 4747 1048 4821 (lsai.
1081 4750 1168 4803 5:2.
1200 4750 1278 4817 5).
1307 4750 1360 4804 Si
1391 4760 1566 4804 autem
1599 4751 1688 4821 qui
1719 4766 1838 4805 eum
1883 4752 2133 4806 colebant

541 4843 593 4896 in
618 4856 776 4896 causa
803 4851 956 4895 erant
982 4851 1039 4895 ut
1066 4841 1177 4911 ipse
1207 4840 1688 4909 blaspbeniaretur,
1710 4843 1796 4896 ubi
1820 4851 1934 4897 erat
1959 4843 2129 4896 admi-

540 4933 908 5002 rabilc?Quod
937 4936 1079 4990 enim
1113 4945 1296 4990 natura
1327 4936 1395 4990 sit
1423 4936 1756 5000 admirabile,
1784 4939 1986 4993 clarum
2014 4949 2127 4995 est:

541 5026 680 5096 apud
709 5026 955 5081 homines
983 5034 1160 5081 autem
1184 5041 1291 5081 non
1321 5037 1434 5081 erat
1465 5036 1589 5082 tune
1617 5029 1856 5098 pluribus
1892 5030 2130 5084 admira-

541 5120 681 5184 bile,
715 5118 808 5174 sed
854 5126 908 5173 et
936 5118 1041 5174 vile
1081 5127 1135 5174 et
1169 5118 1499 5189 despectum.
1542 5119 1646 5174 Sed
1686 5138 1788 5175 non
1831 5124 1906 5177 sic
1950 5140 2128 5178 nunc:

537 5212 658 5278 quia
683 5210 896 5279 quando
925 5210 1151 5265 accessit
1178 5209 1481 5280 unigenitus
1506 5210 1691 5274 Filius,
1716 5213 1909 5282 ubique
1937 5229 2129 5268 nomen

543 5307 659 5373 ejus
688 5315 770 5359 est
798 5305 1113 5360 admirabile
1139 5320 1260 5359 cum
1288 5303 1524 5359 Christo.
1550 5305 1620 5357 tib
1645 5315 1756 5358 ortu
1779 5307 1919 5369 solis,
1942 5308 2128 5378 inquit,

541 5413 697 5461 ns'nte
719 5398 786 5450 ad
806 5414 1041 5452 occasum
1071 5399 1409 5468 glori/iculum
1428 5407 1500 5451 est
1523 5414 1702 5451 nomen
1726 5415 1891 5452 meum
1928 5401 1978 5452 in
2005 5417 2130 5471 gun-

545 5490 676 5541 tibus
707 5487 862 5556 (Mal.
894 5490 1083 5558 1.11).
1122 5489 1188 5543 Et
1213 5504 1397 5545 rursus
1427 5508 1440 5542 :
1471 5489 1537 5544 In
1586 5492 1723 5545 omni
1767 5491 1878 5544 loco
1922 5491 2133 5560 offertur

542 5579 799 5632 incensum
827 5581 1014 5634 nomini
1041 5598 1170 5644 meo,
1199 5591 1244 5635 ct
1272 5584 1577 5653 sacri/icium
1609 5586 1872 5640 mundum.
1913 5587 2013 5641 Vos
2043 5605 2136 5640 an-

547 5676 645 5719 tem
694 5667 859 5734 ipsum
897 5672 1182 5742 profanatis
1209 5670 1367 5742 (Ibid.
1394 5691 1442 5729 t‘.
1475 5674 1585 5746 12).
1618 5675 1685 5729 Et
1706 5676 1840 5731 alius
1867 5696 1878 5732 :
1913 5677 2133 5750 Impleta

545 5765 616 5808 εει
649 5756 878 5809 universa
923 5768 1052 5814 terra
1091 5762 1372 5830 cognitione
1412 5763 1621 5818 Domini
1650 5765 1802 5838 (lsai.
1838 5771 1922 5826 11.
1953 5770 2031 5844 9).
2069 5774 2131 5829 Et

1253 319 1308 374 S.
1350 315 1625 373 JO.\;\'N|S
1663 309 2136 370 CIIRYSOSTOMI
2178 310 2492 368 AllCllll-ll‘.
2533 311 3075 368 CONSTANTINOP.
3695 318 3792 376 ,ιω

2228 440 2409 479 rursus
2443 445 2454 478 :
2500 423 2709 480 l'enient
2731 426 2949 479 dicentes
2970 469 2984 494 ,
3007 423 3186 480 Patres
3209 428 3368 480 nostri
3388 428 3516 498 falsa
3541 431 3671 484 idola
3691 449 3793 498 pos-

2219 517 2455 570 sederunt
2482 519 2494 548 ¹
2533 517 2666 588 (Jer.
2693 517 2776 574 16.
2806 517 2917 589 19).

2289 608 2343 662 2.
2372 609 2532 665 Vides
2571 611 2684 665 haec
2715 614 2890 666 omnia
2940 612 3082 667 dicta
3121 625 3241 668 esse
3285 611 3353 668 de
3395 612 3793 671 Filio?Faetntu

2220 711 2302 758 cst
2352 703 2495 758 enim
2539 703 2655 773 ejns
2686 719 2879 758 nomen
2909 704 3222 761 admirabile
3265 705 3317 760 in
3363 707 3602 761 universa
3644 717 3792 763 terra.

2224 795 2478 858 Quoniam
2530 795 2721 849 elevata
2766 806 2836 850 est
2898 797 3277 866 magniﬁcentia
3317 808 3404 850 tua
3447 811 3596 867 super
3635 802 3794 852 cwlns.

2220 889 2390 956 Alius,
2431 889 2533 952 Qui
2580 889 2790 959 posuisti
2829 890 3032 943 laudent
3085 900 3223 944 tuam
3276 907 3429 961 super
3479 891 3644 945 enlos.
3674 891 3796 958 Quia

2219 984 2362 1038 enim
2415 992 2572 1037 teme
2615 983 2881 1048 meminit,
2913 982 3165 1038 transfert
3217 985 3376 1040 etiam
3419 961 3711 1040 orationem
3750 988 3796 1040 in

2221 1073 2452 1138 cadum;
2487 1073 2628 1144 quod
2680 1089 2899 1143 semper
2945 1077 3228 1131 consuevit
3262 1075 3468 1139 facere,
3522 1077 3799 1132 ostendens

2223 1168 2531 1222 universum
2555 1169 2738 1224 orbem
2768 1178 3031 1223 terrarum
3062 1169 3281 1224 laudare
3312 1169 3594 1224 Dominum
3633 1185 3797 1224 suum.

2223 1258 2332 1316 Iloc
2379 1259 2537 1314 etiam
2578 1258 2666 1314 hic
2715 1259 3007 1315 ostendens
3055 1259 3184 1314 dicit
3215 1279 3228 1313 :
3261 1259 3588 1315 Admirabile
3638 1260 3798 1325 infra,

2221 1351 2541 1406 admirabile
2603 1367 2786 1422 supra.
2839 1350 2954 1407 Non
2999 1352 3171 1406 solum
3218 1352 3360 1407 enim
3415 1352 3686 1415 homines,
3717 1355 3800 1408 sed

2221 1445 2380 1500 etiam
2429 1443 2603 1514 angeli
2641 1443 2858 1498 laudant
2885 1458 2946 1498 ea
2978 1458 3096 1514 qua:
3127 1443 3259 1499 facta
3291 1453 3416 1498 sunt
3436 1485 3450 1508 ,
3479 1453 3535 1499 et
3577 1459 3672 1514 pro
3697 1447 3802 1513 ejus

2225 1536 2276 1590 in
2305 1535 2552 1590 homines
2572 1534 2847 1590 beneﬁciis
2869 1544 3036 1606 agunt
3057 1535 3256 1606 gratias
3280 1553 3294 1600 ;
3326 1535 3466 1606 quod
3495 1537 3654 1590 etiam
3684 1536 3802 1590 fece-

2224 1635 2347 1681 runt
2370 1628 2419 1680 in
2443 1627 2730 1697 principio,
2763 1642 2887 1681 cum
2919 1627 2971 1680 iu
3002 1627 3160 1682 terris
3184 1626 3382 1682 choros
3410 1627 3696 1682 duxerunt.
3716 1627 3800 1681 Vel

2224 1719 2326 1775 hoc
2351 1734 2480 1789 ergo
2517 1719 2668 1786 dicit,
2697 1719 2858 1775 etiam
2908 1720 3131 1790 angelos
3178 1734 3372 1775 canere
3393 1762 3406 1786 ,
3434 1719 3519 1775 vel
3562 1721 3673 1774 vult
3699 1721 3803 1788 ejns

2222 1809 2506 1864 ostendere
2560 1810 3002 1880 magnitudinem.
3060 1809 3284 1878 Quando
3345 1811 3488 1866 enim
3544 1810 3801 1880 Scriptura

2222 1903 2335 1957 vult
2361 1901 2560 1972 aliquid
2603 1917 2851 1973 magnum
2881 1901 3063 1957 dicere
3084 1944 3097 1966 ,
3133 1901 3439 1957 distantiam
3479 1903 3670 1956 horum
3701 1903 3800 1956 ele-

2223 2003 2526 2050 mentorum
2571 1993 2788 2049 adducit
2817 1993 2871 2048 in
2902 1993 3135 2048 medium
3157 2033 3172 2056 ,
3201 2003 3257 2047 ut
3285 1993 3498 2064 quando
3528 1994 3656 2048 dicit
3680 2011 3690 2046 :
3715 1992 3803 2047 Se-

2223 2089 2446 2142 cundum
2475 2087 2795 2142 altitudinem
2821 2087 2932 2141 caeli
2962 2103 2993 2140 a
3015 2098 3170 2141 terra.
3194 2087 3260 2142 Et
3289 2102 3474 2142 rursus
3504 2105 3516 2140 :
3558 2087 3805 2154 Quantum

2225 2182 2376 2234 distat
2419 2191 2560 2234 ortus
2599 2181 2662 2234 ab
2694 2196 2910 2246 occasu,
2940 2181 3090 2251 longe
3110 2179 3225 2250 fecit
3263 2197 3295 2234 a
3341 2181 3484 2235 nobis
3527 2181 3804 2251 iniquitates

2225 2284 2425 2328 nostras
2447 2271 2763 2344 (Psal.102.
2801 2273 2886 2327 11.
2924 2271 3034 2341 19.).
3069 2272 3166 2328 llic
3191 2287 3318 2343 ergo
3341 2271 3639 2327 admiratur
3657 2287 3804 2342 quam

2225 2380 2414 2434 magna
2461 2366 2568 2419 sint
2596 2373 2651 2420 et
2678 2379 2836 2434 quam
2867 2364 3084 2434 grandia
3114 2380 3234 2435 qua:
3264 2365 3398 2420 facta
3437 2373 3563 2418 sunt
3593 2366 3759 2418 omnia
3791 2381 3801 2414 :

2226 2471 2348 2510 nam
2394 2456 2631 2510 omnium
2671 2455 2907 2512 infimam
2950 2455 3301 2512 substantiam
3353 2456 3534 2512 ell'ecit
3569 2457 3806 2512 omnibus

2225 2550 2579 2617 superiorem.
2611 2551 2662 2606 5.
2694 2548 2776 2603 Ea:
2805 2565 2890 2604 ore
2910 2549 3184 2622 infantium
3224 2559 3272 2604 et
3313 2549 3609 2604 lactentium
3647 2553 3805 2620 perfe-

2225 2641 2337 2694 cisti
2367 2641 2591 2696 laudem.
2615 2641 2766 2697 Alius
2790 2683 2805 2706 ,
2839 2640 2919 2694 Ea:
2943 2656 3029 2694 ore
3053 2641 3326 2712 infantium
3350 2640 3578 2712 fundasti
3609 2641 3804 2712 fortitu-

2227 2735 2416 2790 dinem.
2441 2735 2589 2790 Alius
2615 2733 2715 2805 (a),
2736 2734 3053 2790 Constituisti
3078 2732 3249 2788 robur.
3277 2732 3429 2800 Quod
3451 2742 3632 2788 autem
3660 2731 3800 2795 dicit,

2226 2834 2310 2880 est
2356 2825 2618 2894 ejusmodi
2667 2840 2683 2880 :
2737 2825 3035 2880 Potentiam
3089 2835 3233 2879 tuam
3297 2839 3363 2879 ex
3417 2823 3521 2878 hoc
3591 2823 3809 2878 maxime

2227 2915 2509 2972 ostendisti
2531 2958 2544 2981 ,
2573 2915 2715 2987 quod
2747 2918 2888 2972 vires
2919 2916 3161 2971 imbelles
3202 2915 3434 2970 moveris
3455 2958 3470 2984 ,
3495 2923 3552 2970 et
3589 2917 3806 2984 linguam

2228 3008 2611 3070 balbutientem
2641 3008 2704 3062 ad
2733 3007 2954 3078 gloriam
2985 3007 3332 3073 reddendam,
3353 3007 3552 3061 claram
3583 3016 3636 3061 et
3660 3020 3808 3074 expe-

2228 3102 2393 3157 ditam
2430 3101 2621 3157 feceris
2649 3103 2668 3132 ³
2689 3099 2900 3173 (Matth.
2925 3099 3016 3154 2|.
3048 3100 3162 3172 15).
3191 3099 3319 3169 Qua:
3347 3101 3488 3154 enim
3521 3099 3659 3154 facta
3689 3107 3760 3154 Cal
3781 3113 3808 3150 a

2230 3194 2410 3266 pueris
2433 3195 2485 3249 in
2517 3195 2716 3265 templo
2743 3194 3065 3266 hymnorum
3093 3193 3526 3250 deeantationcm
3557 3193 3642 3248 hic
3682 3207 3806 3261 pra:-

2233 3286 2380 3342 dicit.
2414 3287 2480 3342 Et
2505 3302 2663 3358 quam
2701 3287 2770 3340 ob
2798 3301 3038 3352 causam,
3079 3285 3198 3342 aliis
3228 3285 3607 3357 praetermissis
3655 3284 3806 3339 mira-

2229 3379 2385 3444 culis,
2416 3386 2746 3434 mortuorum
2778 3378 3202 3443 resurrectione,
3233 3377 3568 3447 leprosorum
3601 3373 3811 3431 munda-

2231 3475 2396 3537 tione,
2425 3471 2728 3526 dmmonum
2757 3471 3096 3541 cxpulsione,
3127 3485 3270 3526 nunc
3319 3485 3611 3539 puerorum
3659 3469 3812 3522 mira-

2230 3566 2337 3620 culi
2368 3565 2652 3620 meminit?
2682 3565 2943 3633 Quoniam
2976 3565 3061 3620 illa
3091 3563 3307 3636 quidem
3339 3566 3497 3619 etiam
3527 3574 3654 3618 ante
3689 3563 3812 3616 facta

2231 3666 2377 3720 sunt,
2408 3665 2461 3711 et
2486 3657 2528 3710 si
2557 3673 2660 3712 non
2688 3657 2786 3723 sic,
2813 3666 2987 3712 tamen
3016 3655 3150 3711 facta
3181 3664 3305 3712 sunt
3325 3696 3341 3722 ,
3373 3664 3428 3711 et
3455 3655 3654 3725 aliquid
3689 3655 3816 3708 inter

2231 3765 2290 3805 se
2317 3765 2598 3806 commune
2630 3749 2952 3814 habuerunt,
2980 3748 3107 3804 licet
3131 3763 3238 3804 non
3266 3747 3504 3802 modum.
3525 3747 3816 3802 Suscitatns

2233 3855 2316 3902 est
2342 3845 2484 3901 enim
2523 3854 2766 3899 mortuus
2798 3843 2896 3899 sub
2928 3843 3121 3898 Elismo
3153 3843 3230 3912 (4.
3265 3841 3391 3913 Reg.
3426 3843 3480 3897 4.
3513 3842 3628 3912 ὃὸ).
3662 3850 3714 3894 et
3747 3839 3817 3892 le-

2235 3953 2425 4008 prosus
2443 3937 2726 3991 mundatus
2746 3935 2907 4004 (Ibid.
2943 3937 2996 3991 5.
3025 3953 3072 3989 υ.
3099 3934 3212 4004 14),
3235 3944 3288 3988 et
3308 3935 3518 3989 daemon
3543 3949 3639 4003 per
3663 3932 3815 3988 David

2232 4029 2488 4100 expulsus
2534 4039 2637 4096 est,
2670 4027 2884 4097 quando
2935 4025 3061 4082 Saﬁl
3113 4025 3460 4080 invadebatur
3515 4040 3545 4078 a
3584 4025 3818 4079 dminone

2235 4122 2312 4191 (Ι.
2341 4121 2467 4192 Reg.
2498 4119 2584 4175 16.
2613 4120 2708 4188 95)
2744 4138 2756 4173 :
2787 4119 2983 4175 chorus
3005 4126 3184 4173 autem
3214 4116 3491 4172 infantium
3518 4117 3818 4172 lactentinm

2235 4196 2377 4267 nunc
2423 4213 2652 4282 primum
2692 4211 2940 4282 loquutus
2987 4219 3090 4267 est.
3137 4208 3215 4265 Ne
3236 4225 3366 4280 ergo
3401 4208 3741 4278 impudenter
3767 4222 3820 4258 se

2234 4315 2448 4376 gereret
2473 4305 2707 4370 Judazus,
2735 4304 2954 4371 dicens,
2989 4303 3103 4360 bare
3142 4304 3282 4359 dicta
3324 4318 3444 4359 esse
3485 4302 3554 4358 de
3600 4303 3664 4356 iis
3709 4316 3820 4370 qua:

2239 4399 2371 4453 facta
2398 4407 2522 4452 sunt
2549 4399 2600 4451 in
2631 4397 2834 4462 Veteri,
2853 4396 3014 4466 elegit
3041 4397 3250 4466 signum
3269 4395 3412 4465 quod
3443 4405 3566 4449 tunc
3598 4395 3818 4463 primum

2237 4501 2290 4547 ct
2335 4492 2505 4547 solum
2551 4489 2749 4546 factum
2792 4499 2894 4545 est.
2925 4490 2994 4544 Et
3019 4490 3214 4560 alioqui
3256 4505 3375 4559 qua:
3425 4488 3644 4552 ﬁebant,
3676 4493 3822 4540 erant

2240 4595 2397 4658 typus
2423 4586 2789 4654 apostolorum
2827 4603 2840 4640 :
2869 4601 2990 4640 nam
3033 4601 3152 4640 eum
3192 4585 3226 4640 ii
3255 4595 3439 4640 essent
3467 4584 3623 4639 valde
3659 4581 3822 4636 infan-

2240 4691 2340 4743 tes,
2371 4689 2423 4735 et
2473 4678 2646 4749 magis
2700 4677 2836 4732 muti
2883 4692 3040 4748 quam
3095 4677 3192 4746 ipsi
3247 4676 3458 4746 pisces,
3519 4677 3820 4730 universum

2238 4773 2425 4829 orbem
2476 4780 2741 4826 terrarum
2795 4769 3122 4824 irretierunt.
3178 4768 3332 4835 Quod
3378 4777 3555 4822 autem
3607 4768 3708 4820 hoc
3760 4766 3821 4818 sit

2238 4867 2470 4920 maxime
2521 4863 2616 4918 Dei
2653 4863 2823 4917 virtus
2859 4870 2914 4917 et
2942 4863 3181 4932 potentia
3207 4903 3222 4928 ,
3255 4861 3376 4915 vide
3402 4861 3561 4916 etiam
3598 4858 3820 4930 prophe-

2240 4972 2346 5016 tam
2376 4962 2478 5017 hoc
2499 4959 2568 5016 de
2595 4959 2755 5016 Patre
2782 4957 3074 5014 dicentem.
3098 4957 3232 5012 Cum
3257 4957 3404 5012 Mose
3429 4957 3572 5012 enim
3605 4955 3824 5025 loquens

2306 5185 2318 5214 ¹
2349 5183 2428 5230 Hie
2451 5181 2584 5230 locus
2621 5181 2716 5230 alio
2751 5180 2893 5230 modo
2930 5181 3061 5244 jacet
3101 5180 3531 5244 apudrteremiam,
3567 5178 3756 5244 t'enient
3774 5171 3827 5222 ab

2239 5244 2471 5294 extremis
2493 5250 2658 5300 τεῖναν.
2677 5250 2723 5292 et
2745 5238 3048 5305 dicent,'etc.
3075 5238 3166 5291 Sed
3188 5243 3553 5305 chrysostomus
3575 5255 3708 5302 sa-pe
3732 5238 3828 5285 loca

2241 5319 2335 5354 non
2364 5307 2552 5367 integra
2575 5305 2734 5370 affert,
2753 5312 2808 5354 ut
2829 5307 2928 5368 jam
2955 5304 3176 5370 vidimus:
3244 5364 3254 5370 _
3286 5304 3292 5305 ⁷
3539 5363 3550 5370 _
3795 5360 3805 5370 ο

2305 5371 2325 5398 ³
2360 5363 2492 5416 Unus
2509 5381 2521 5430 ξ
2546 5367 2804 5430 Potentiam
2823 5363 2958 5430 luant
2977 5371 3022 5415 et
3047 5365 3138 5414 vim
3157 5363 3509 5430 ineluctabilent
3531 5363 3651 5430 ineo
3673 5363 3825 5430 inrui.

2240 5442 2317 5479 me
2339 5429 2599 5492 ostendisti,
2625 5427 2752 5490 quod
2776 5427 3088 5492 tenerrimam
3122 5433 3312 5478 (etatem
3345 5429 3413 5478 ad
3456 5428 3525 5478 sic
3561 5425 3828 5492 glori/icun-

2241 5492 2358 5542 dum
2382 5491 2657 5554 expeditam
2682 5491 2874 5553 feceris.

2305 5595 2378 5658 (a)
2399 5603 2444 5644 In
2467 5596 2684 5658 margine
2707 5594 2890 5658 codicis
2913 5594 3156 5658 Barberini
3181 5593 3408 5658 scribitur
3428 5599 3495 5642 C..
3521 5603 3618 5658 quo
3638 5593 3826 5658 notatur

2245 5652 3084 5720 essc'Symmaéhum,_similitcrque
3121 5652 3168 5704 in
3191 5657 3434 5720 __margiue
3469 5652 3647 5720 codicis
3677 5653 3828 5720 cuius:

2242 5720 2270 5768 d
2290 5734 2351 5767 tm
2374 5715 2593 5768 a‘savilio
2617 5719 2674 5766 ad
2695 5717 2963 5766 Editionem
2987 5715 3123 5765 suam
3146 5718 3346 5766 adhibiti
3369 5725 3417 5765 C.
3443 5717 3671 5778 scriptum
3697 5721 3794 5761 erat
3817 5715 3829 5751 τ

2245 5796 2338 5845 qua
2363 5783 2506 5832 dere
2533 5781 2654 5830 lianc
2679 5785 2840 5828 notam
2880 5779 2961 5830 illc
2984 5779 3118 5828 dedit
3149 5793 3158 5826 :
3193 5799 3215 5827 «ι
3247 5780 3312 5828 Ad
3343 5792 3494 5841 marg.
3538 5789 3612 5829 est
3633 5785 3682 5834 (ξ,
3709 5786 3828 5836 5qu-
