4030 6450
248 376 329 436 ωδ
1413 381 1793 447 nxeosmo
1817 375 1881 434 IN
1920 374 1939 431 ι

2052 374 2265 431 LW“.
2286 375 2424 432 Vlli'.
3502 372 3605 429 HO

266 498 361 555 ait:
387 498 709 573 Quisfecit.
734 507 1325 569 mutum.et:sttrdttm,
1351 503 1601 559 videntem
1637 508 1691 553 et-
1712 508 1903 551 eiscum
2016 501 2185 545 caret:
2210 489 2539 555 Benedictum,
2566 488 2977 561 dicebanta,.qttii
3006 485 3153 544 venit
3173 487 3227 542 in
3270 485 3483 541 nomine:
3503 484 3610 540 Do.

201 641 216 661 ,
282 590 459 666 irim.
481 594 540 651 ι.
572 596 723 668 HY!
761 599 841 656 Et
870 616 1116 657 rursus:
1147 597 1362 667 Quith
1400 595 1605 665 linguas
1643 586 1909 658 expeditas
2014 583 2137 637 mini
2166 581 2377 654 (Matth.
2405 581 2498 637 2b.
2524 582 2600 653 9).

298 692 386 760 iis,
402 689 489 763 qui
517 700 639 745 sunt
662 691 1040 763 impeditioris.
1066 686 1424 762 lingnwilsai.
1452 686 1542 741 55.
1575 682 1655 754 6).
1686 681 1761 736 Et
1782 692 1909 733 ηιμ

313 801 398 843 sus
420 803 439 842 ι
468 781 716 839 Dominus
747 784 842 838 dat
875 785 1007 838 mihi
1045 784 1275 853 linguam
1314 776 1635 848 disciplima,
1670 780 1723 826 ut
1748 770 1911 825 ariam

315 877 503 951 quando
558 885 758 949 oportet
814 876 959 947 loqui
1008 889 1301 931 sermonem.
1342 869 1454 942 (id.
1500 866 1591 922 50.
1635 862 1715 934 4).
1774 860 1911 915 Dicit

316 971 475 1027 etiam
518 969 572 1024 in
614 967 883 1039 principio
919 985 934 1021 :
973 965 1179 1031 Venite,
1209 960 1592 1025 descendamus,
1619 966 1668 1011 et
1694 956 1912 1024 confun—

320 1064 501 1116 danms
531 1061 764 1131 ipsorum
808 1060 1017 1131 linguas
1040 1057 1195 1127 (Gen.
1229 1057 1317 1112 ll.
1350 1056 1428 1126 7).
1457 1053 1643 1122 Magna
1669 1063 1797 1118 ergo
1827 1054 1913 1102 est

318 1167 371 1212 et
391 1154 567 1210 valida
595 1152 1007 1209 demonstratio.
1037 1151 1093 1205 In
1123 1150 1242 1205 aliis
1269 1146 1436 1212 enim,
1461 1143 1563 1198 etsi
1592 1150 1789 1212 praeter
1826 1153 1915 1192 ra-

323 1242 546 1303 tionem,
574 1237 750 1308 aliqua
780 1246 958 1291 tamen
995 1241 1242 1305 suspecta
1270 1230 1539 1285 habebant
1576 1222 1915 1297 impudentes

323 1332 398 1386 illi
428 1348 444 1385 :
474 1329 564 1384 hic
590 1339 770 1384 autem
802 1326 933 1382 nihil
965 1332 1254 1397 potuerunt
1277 1322 1479 1387 dicere,
1507 1333 1629 1374 cum
1676 1316 1788 1386 ipsa
1820 1328 1919 1384 per

324 1438 382 1478 se
413 1432 607 1478 natura
635 1418 776 1475 nuda
805 1416 1172 1474 contenderet.
1195 1415 1262 1469 Et
1296 1412 1418 1469 ideo
1460 1425 1567 1466 non
1608 1407 1745 1464 dixit
1786 1406 1917 1460 sim-

323 1515 557 1585 pliciter,
587 1510 904 1582 Infantium,
945 1525 1014 1566 ne
1063 1508 1185 1579 quis
1230 1506 1546 1561 innocentes
1604 1509 1660 1557 et
1708 1498 1917 1570 simpli-

326 1607 503 1662 ciores
526 1619 652 1661 eum
682 1603 863 1658 dicere
886 1609 1095 1673 putaret
1118 1599 1261 1665 ;.scd
1288 1596 1563 1668 subjunxit
1586 1637 1603 1663 ,
1635 1594 1702 1648 Et
1727 1593 1919 1648 lacten-

331 1700 488 1762 tium,
520 1705 735 1751 aetatem
765 1694 871 1750 cibi
896 1692 1199 1763 adiectione
1237 1690 1570 1761 exprimens.
1606 1685 1728 1742 Non
1774 1683 1919 1740 enim

329 1788 468 1843 dixit
506 1784 887 1852 solummodo,
916 1781 1232 1855 Infantiam,
1274 1780 1370 1837 sed
1403 1780 1565 1836 etiam
1613 1777 1775 1832 ubera
1825 1789 1920 1830 su-

330 1881 601 1952 gentium,
640 1879 730 1950 qui
775 1876 1012 1934 nondum
1040 1876 1197 1932 solidi
1226 1875 1332 1931 cibi
1359 1874 1573 1930 fuerunt
1609 1870 1923 1943 participes.

328 1975 451 2031 Non
497 1982 599 2029 cst‘
624 1987 753 2044 ergo
796 1972 901 2027 hoc
945 1969 1119 2025 solum
1164 1967 1501 2033 admirabile,
1532 1963 1675 2036 quod
1711 1977 1922 2028 vocem,

333 2083 565 2137 eamque
593 2066 788 2121 claram
832 2073 887 2119 et
932 2077 1239 2133 expressam
1290 2059 1590 2126 emiserint,
1616 2058 1712 2114 sed
1760 2058 1924 2113 etiam

336 2159 481 2231 quod
507 2160 717 2228 plenam
745 2156 899 2211 bonis
931 2153 1427 2210 innumerabilibus.
1459 2152 1591 2221 Qua:
1615 2151 1759 2207 enim
1796 2164 1927 2222 apo-

338 2250 465 2305 stoli
491 2247 725 2304 nondum
750 2256 1029 2312 noverant,
1062 2260 1123 2302 ea
1150 2245 1301 2316 pueri
1333 2245 1546 2317 hymnis
1562 2242 1929 2299 celebrabant.

336 2340 423 2395 Ex
454 2340 558 2393 hoc
590 2337 749 2392 etiam
793 2336 990 2406 aliquid
1022 2334 1168 2390 aliud
1194 2334 1494 2405 signiﬁcat,
1536 2347 1729 2402 nempe
1770 2346 1932 2404 Opur-

338 2440 457 2484 tcre
485 2442 615 2493 eos,
647 2428 737 2498 qui
786 2426 853 2482 ad
901 2426 1151 2495 dogmata
1191 2426 1486 2489 accedunt,
1516 2425 1695 2479 animo
1735 2437 1932 2494 pueros

339 2518 506 2575 efﬁci.
539 2517 743 2589 Siquis
768 2518 911 2572 enim
936 2532 1039 2572 non
1069 2516 1365 2587 susceperit
1408 2531 1632 2586 regnum
1678 2514 1932 2569 cadorum

341 2610 862 2681 ntpuellus,inquit,
883 2624 989 2662 non
1013 2618 1182 2679 potest
1208 2608 1260 2662 in
1291 2607 1464 2676 ipsum
1496 2604 1931 2678 ittgrediwatth.

345 2702 432 2757 18.
462 2701 543 2770 3).
570 2698 789 2770 PrOpter
809 2699 1039 2753 inimicos
1067 2708 1196 2752 tuos.
1229 2698 1365 2752 Dicit
1394 2698 1555 2752 etiam
1585 2711 1798 2751 causam
1839 2711 1938 2751 cur

346 2792 451 2846 hoc
488 2791 809 2845 miraculum
862 2788 1063 2843 factum
1111 2789 1200 2843 sit.
1231 2788 1346 2843 Alia
1386 2788 1529 2843 enim
1580 2802 1686 2842 non
1718 2795 1939 2858 prapler

347 2882 600 2936 inimicos
646 2880 784 2936 facta
830 2887 989 2945 sunt,
1023 2879 1117 2934 sed
1163 2888 1216 2934 ut
1256 2879 1575 2934 accedentes
1615 2879 1939 2933 beneﬁcium

349 2974 680 3044 acciperent.
712 2984 762 3027 et
793 2973 881 3027 alii
911 2972 1266 3028 docerentur:
1290 2973 1391 3027 hoc
1415 2981 1594 3027 autem
1632 2988 1737 3026 non
1764 2972 1938 3027 solent

351 3074 636 3136 propterea
658 3064 850 3121 factum
880 3072 991 3130 est,
1019 3064 1111 3120 sed
1138 3074 1196 3119 ut
1224 3064 1605 3120 obturarentur
1634 3080 1725 3119 ora
1754 3063 1940 3119 inimi-

350 3174 538 3215 eorum
560 3175 574 3211 :
593 3172 725 3229 quos
748 3159 905 3213 etiam
930 3156 1068 3212 alius
1086 3156 1282 3212 clarius
1297 3158 1621 3227 signiﬁcans,
1639 3156 1788 3221 dicit,
1809 3155 1945 3210 Pro-

353 3260 465 3323 pter
489 3252 742 3322 illigantes
783 3261 850 3305 te.
882 3250 921 3306 li
951 3250 1093 3305 enim
1140 3264 1261 3306 eum
1302 3250 1588 3322 alligarunt
1615 3249 1832 3305 ductum
1874 3249 1942 3304 ad

355 3356 593 3400 erucem.
626 3342 695 3399 Ut
740 3344 974 3399 destruat
1008 3344 1271 3398 inimicum
1306 3354 1351 3398 et
1394 3346 1628 3400 ultorem.
1656 3343 1806 3399 Alius
1827 3385 1843 3409 ,
1874 3342 1947 3399 Ut

355 3437 937 3508 conpescarinimicnm
956 3479 970 3501 ,
994 3445 1042 3490 et
1069 3436 1157 3508 qui
1190 3436 1410 3507 seipsum
1454 3436 1736 3503 ulciscitur,
1778 3450 1949 3506 popu-

358 3531 470 3585 lum
496 3529 585 3584 hic
611 3527 1110 3584 dicensludaicum.
1139 3527 1411 3584 Christum
1436 3528 1579 3583 enim
1607 3527 1951 3599 exponebant

357 3630 420 3675 ut
448 3620 739 3684 inimicum,
766 3634 876 3691 prie
903 3634 963 3675 se
994 3618 1235 3675 ferebant
1260 3630 1438 3673 autem
1469 3619 1571 3674 hoc
1602 3618 1778 3675 facere
1806 3627 1944 3673 tam-

359 3727 518 3783 qnam
548 3711 756 3767 Patrem
784 3712 1122 3768 ulciscentes.
1153 3711 1216 3767 Et
1247 3711 1371 3767 ideo
1401 3714 1538 3768 hanc
1578 3710 1683 3767 illis
1724 3727 1949 3768 excusa-

362 3806 562 3859 tionem
587 3802 853 3867 aul‘ereus.
876 3804 1089 3861 dicebat
1113 3823 1127 3861 :
1161 3806 1260 3873 Qui
1276 3823 1352 3860 me
1369 3806 1495 3871 odit,
1523 3806 1629 3860 odit
1662 3816 1709 3860 et
1740 3804 1949 3859 Patrem

359 3894 723 3964 meumann.
755 3896 841 3952 15.
871 3896 1006 3968 25);
1037 3905 1090 3951 et
1129 3910 1318 3951 rursus
1348 3914 1362 3951 :
1393 3896 1494 3963 Qui
1538 3897 1696 3951 credit
1741 3897 1793 3951 in
1836 3912 1947 3963 me,

359 3986 521 4040 credit
557 3986 610 4039 in
638 3986 857 4057 eumqui
887 4003 967 4040 me
998 3987 1131 4041 misit
1161 3986 1179 4059 (
1209 3986 1299 4042 Id.
1335 3986 1421 4041 12;
1455 3988 1567 4060 44)
1593 4005 1606 4042 :
1632 3987 1822 4042 honori
1853 4001 1951 4042 suo

359 4077 653 4145 etinjurize
699 4091 913 4146 semper
963 4077 1178 4147 Patrem
1218 4078 1569 4150 enttjungens.
1608 4079 1742 4135 Vide
1790 4095 1951 4150 quam

362 4178 611 4223 accurate
639 4169 981 4237 loquutus-sit
1008 4170 1291 4241 propheta.
1325 4170 1437 4224 Non
1465 4171 1616 4233 dixit,
1642 4170 1711 4227 Ut
1739 4172 1950 4242 punias,

359 4257 460 4312 sed
493 4256 561 4313 Ut
586 4259 813 4313 destructa
834 4261 1007 4330 :quod
1045 4260 1180 4317 alius
1208 4262 1405 4317 clarius
1434 4263 1712 4334 siguiIiCat,
1745 4264 1950 4330 dicens,

367 4350 433 4404 ω
463 4367 661 4405 cessare
689 4353 870 4423 facias,
900 4352 1000 4407 hoc
1031 4365 1148 4421 est,
1168 4362 1226 4409 ut
1266 4368 1452 4409 eorum
1494 4356 1561 4410 de
1588 4355 1765 4409 medio
1798 4354 1955 4410 tollas

353 4442 770 4513 .impudentiam,
795 4461 901 4498 non
929 4454 985 4499 ut
1005 4444 1201 4500 doceas
1223 4463 1237 4500 :
1262 4445 1569 4501 laborabant
1596 4447 1740 4501 enim
1768 4447 1955 4499 morbo

370 4534 672 4589 incurabili.
689 4533 822 4591 Cum
853 4551 979 4607 ergo
1010 4537 1115 4591 tale
1143 4537 1386 4591 viderent
1414 4538 1729 4591 miraculum
1753 4579 1766 4598 ,
1791 4546 1847 4592 et
1877 4538 1959 4592 tti-

369 4625 445 4680 hil
474 4637 693 4695 possent
720 4636 904 4681 cmitra
932 4626 1113 4683 dicere
1133 4670 1148 4694 ,
1192 4629 1246 4683 in
1277 4629 1952 4697 ipsumconvertehamnr,

368 4715 610 4770 dicentes
636 4734 650 4771 :
682 4714 802 4770 Non
842 4718 988 4771 audis
1016 4719 1141 4791 quid
1166 4720 1219 4773 Iti
1244 4721 1416 4773 dicunt
1447 4719 1662 4790 (Matth.
1693 4721 1785 4774 2|.
1822 4722 1912 4791 16)
1934 4722 1981 4774 'l'

371 4806 438 4862 Et
462 4822 584 4862 cum
607 4817 876 4895 oporteret
900 4810 1152 4880 deinceps
1179 4811 1407 4866 adorare
1432 4820 1485 4865 et
1514 4810 1790 4877 admirari,
1807 4820 1960 4867 erant

370 4899 525 4954 rahle
552 4900 795 4970 perplexi
814 4910 868 4955 et
900 4902 1087 4957 incerti
1117 4902 1243 4973 quid
1270 4912 1523 4972 agerent,
1552 4914 1607 4958 et
1635 4919 1757 4957 cum
1793 4903 1951 4958 debe-

370 5000 490 5047 rent
516 4992 657 5045 inter
693 5006 755 5047 se
791 4992 989 5060 dicere,
1009 4993 1123 5049 Non
1180 4994 1332 5051 audis
1383 4995 1510 5065 quid
1551 4996 1602 5050 hi
1652 4995 1960 5051 dicunt?id

369 5085 565 5154 seipsis
605 5083 842 5138 dimissis
877 5083 1088 5140 Christo
1112 5087 1377 5142 dicebant.
1412 5087 1478 5142 Et
1507 5103 1603 5142 cur
1631 5103 1737 5142 non
1765 5088 1958 5142 emissa

370 5188 456 5233 est
475 5193 578 5231 vox
605 5178 956 5247 angelorum?
977 5178 1127 5247 Quod
1168 5180 1296 5234 illud
1317 5180 1532 5251 quidem
1569 5191 1839 5252 spcctrum
1881 5182 1960 5236 eis

370 5268 635 5340 potuisset
661 5268 826 5324 videri
849 5286 865 5335 ;
888 5270 951 5324 ad
981 5272 1083 5326 hoc
1106 5283 1282 5326 autem
1311 5272 1441 5326 nihil
1470 5282 1715 5341 poterant
1742 5282 1961 5328 contra-

368 5361 574 5415 dicere.
599 5361 734 5427 Quid
778 5372 956 5416 autem
990 5362 1240 5418 dicebant
1288 5365 1475 5434 pueri?
1501 5364 1638 5419 Nihil
1675 5381 1837 5436 grave
1860 5376 1962 5436 aut

370 5453 759 5522 importunum,
788 5470 886 5509 nec
904 5455 1046 5525 quod
1069 5472 1161 5511 eos
1184 5459 1297 5527 jure
1325 5468 1504 5528 posset
1533 5435 1962 5529 percellerc,‘scd

368 5545 513 5614 quod
544 5544 662 5615 ejus
702 5562 824 5602 cum
852 5546 1012 5602 Patre
1045 5551 1454 5604 consensionem
1493 5554 1724 5609 maxime
1764 5556 1963 5626 signiti-

366 5772 615 5849 machum.
633 5779 683 5824 ut
714 5788 761 5837 οι
782 5777 905 5839 inor,
932 5777 1223 5841 signiﬁcans.
1251 5781 1408 5832 Litora
1432 5783 1562 5834 enim
1593 5794 1624 5838 c
1656 5786 1819 5839 literte
1832 5796 1963 5841 Crte-

370 5848 442 5887 τε
460 5846 495 5885 Σ
506 5848 750 5891 causam.

2087 676 2141 731 5t.
2179 673 2369 730 Judaei.
2398 691 2489 729 cur
2525 672 3089 745 post-Christianorum
3124 668 3531 727 miserabiliores.
3562 694 3607 709 -

2016 769 2169 825 Tunc
2211 783 2342 840 ergo
2392 783 2580 825 eorum
2622 767 2861 823 coercuit
2914 762 3300 834 impudentiam
3330 761 3349 794 ⁸
3375 803 3392 828 ,
3422 771 3614 831 postea

2018 870 2195 914 autem
2219 859 2409 913 urbem
2435 873 2647 929 quoque
2671 872 2858 913 eorum
2885 854 3098 913 evertit.
3135 868 3235 908 nec
3254 852 3460 907 estulta
3487 865 3611 921 pars

2020 953 2627 1008 totius-orbis-terrarmn
2648 992 2665 1018 ,
2695 965 2820 1021 quae
2850 951 2920 1004 sit
2948 947 3256 1003 Judaaorum
3291 945 3614 999 calamitatis

2019 1062 2213 1116 expers
2243 1066 2255 1101 :
2290 1046 2383 1102 sed
2412 1043 2863 1116 quemadmodum
2891 1041 2983 1113 qui
3017 1054 3243 1110 corpore
3270 1048 3354 1093 est
3400 1037 3611 1101 mutila,

2021 1140 2255 1209 undique
2274 1139 2770 1194 circumcursatsna
2795 1136 3011 1190 vulnera
3030 1140 3326 1195 ostentans,
3351 1138 3406 1186 et
3427 1144 3616 1200 quem-

2021 1231 2306 1287 admodum
2341 1230 2550 1300 judices
2588 1227 2945 1284 cum-multos
2989 1222 3283 1279 homicidas
3320 1220 3389 1276 de
3438 1219 3618 1273 utetlio

2022 1322 2359 1386 sustulerint,
2383 1336 2561 1376 unum
2597 1319 2761 1375 furca!
2813 1317 3059 1386 alligant,
3097 1323 3167 1369 ut"
3210 1312 3343 1382 ipsis
3391 1308 3617 1365 mortuis

2026 1425 2296 1487 tamquam
2336 1414 2594 1470 inilictum
2633 1411 2969 1482 supplicium
3001 1409 3152 1463 vivos
3205 1413 3533 1462 coerceat-ct
3561 1402 3622 1457 in

2024 1507 2203 1563 ofﬁcio
2225 1507 2496 1563 contineat
2529 1523 2543 1560 :
2582 1508 2654 1561 ita
2686 1505 2773 1559 hic
2797 1504 2957 1559 etiam
2986 1517 3105 1556 non.
3119 1509 3396 1564 mortuos;
3422 1497 3516 1553 sed
3546 1497 3617 1551 vi-

2025 1615 2123 1655 vos
2153 1600 2403 1655 omnibus
2429 1597 2733 1668 exemplum
2776 1593 3088 1666 proposuit,
3123 1607 3218 1649 eos
3268 1590 3621 1659 dispergens:

2027 1701 2083 1747 et
2106 1693 2195 1763 qui
2225 1689 2721 1746 unamhahitabant
2747 1687 3020 1756 regionem
3042 1726 3056 1747 ,
3081 1697 3225 1738 nunc
3250 1690 3374 1736 sunt
3398 1677 3625 1749 dispersi

2028 1799 2124 1855 per
2154 1793 2324 1839 totum
2359 1782 2548 1836 urbem
2574 1792 2858 1836 terrarum.
2900 1777 2967 1833 Et
2995 1775 3041 1831 si
3066 1788 3281 1831 causam
3328 1770 3627 1841 rogaveris,

2030 1876 2227 1931 nullam
2257 1875 2416 1930 aliam
2443 1873 2702 1937 invenies,
2733 1885 2891 1941 quant
2920 1867 3067 1939 quod
3102 1865 3375 1921 Christum
3408 1861 3628 1919 cruciﬁ-

2032 1967 2280 2023 iixerunt.
2303 1965 2410 2020 Cur
2431 1964 2596 2030 enim,
2624 1962 2711 2017 die
2733 1960 2885 2027 mihi,
2910 1959 3014 2014 hoc
3041 1956 3342 2013 itaifactum
3369 1970 3474 2009 non
3504 1951 3627 2008 est?

2031 2059 2136 2118 Sed
2165 2068 2219 2114 et
2256 2058 2301 2114 si
2329 2056 2384 2113 id
2402 2055 2695 2126 aliquando
2738 2053 2936 2108 factum
2960 2059 3065 2119 est,
3111 2051 3165 2106 in
3209 2065 3368 2104 unum
3412 2053 3630 2119 gentem

2033 2152 2247 2208 abducti
2272 2158 2425 2215 sunt,
2453 2157 2507 2205 et
2533 2147 2600 2203 ad
2633 2161 2829 2218 paucos
2872 2159 3043 2200 annos
3076 2161 3091 2199 :
3122 2158 3263 2198 nunc
3301 2151 3478 2196 autem
3524 2154 3631 2195 non

2035 2244 2137 2309 sic,
2163 2241 2258 2297 sed
2281 2240 2488 2295 inﬁnito
2506 2238 2771 2310 supplicio
2794 2236 3107 2308 puniuntur.
3135 2234 3203 2289 Et
3227 2233 3272 2288 si
3296 2248 3390 2287 eos
3410 2244 3634 2301 regat/ea

2037 2336 2113 2391 ris
2140 2351 2156 2389 :
2183 2331 2290 2388 Cur
2315 2332 2586 2388 Christum
2617 2327 2994 2385 cruciiixistis?
3035 2326 3221 2381 dicunt
3256 2322 3441 2392 ;Qnod
3490 2328 3635 2376 esset

2037 2426 2292 2496 deceptor
2308 2433 2363 2479 et
2384 2422 2754 2494 prmstigiator.
2774 2419 2883 2474 Vos
2896 2433 3023 2488 ergo
3038 2416 3319 2488 oportebat
3344 2421 3631 2485 promeres

2040 2517 2374 2583 honorari,et
2391 2515 2526 2570 ﬁnes
2541 2522 2747 2569 vestros
2762 2508 3226 2582 propagari,utqni
3246 2506 3357 2560 Duo
3377 2503 3637 2558 fecissetis

2040 2625 2163 2665 rcm-
2186 2617 2409 2679 gratam.
2439 2606 2539 2674 Qui
2571 2604 2714 2659 enim
2743 2603 3085 2671 deceptorem
3113 2607 3167 2654 et
3197 2596 3636 2668 praestigiatorum

2040 2717 2105 2758 ac
2130 2702 2225 2756 Dei
2247 2698 2610 2755 adversarium
2633 2695 2702 2750 de
2727 2695 2904 2750 medio
2919 2691 3215 2757 sustulerit,
3238 2689 3283 2743 is
3312 2686 3404 2742 Dei
3430 2686 3641 2740 hostem

2045 2792 2259 2849 sustulit
2290 2808 2301 2843 :
2337 2790 2427 2861 qui
2473 2797 2650 2844 autem
2680 2787 2888 2841 hostem
2929 2782 3162 2845 sustulit,
3201 2778 3411 2849 isjure-
3436 2776 3644 2846 optimo

2044 2883 2308 2939 laudetur.
2349 2882 2502 2936 Nunc
2539 2888 2716 2935 autem
2756 2877 2989 2941 Plu'nees
3029 2873 3172 2945 quod
3201 2888 3359 2927 unam
3392 2867 3641 2923 meretri-

2046 2990 2163 3029 cem
2195 2971 2523 3028 interfecerit
2548 2969 2736 3039 (Nunt.
2767 2968 2860 3024 25.
2894 2967 2979 3023 1.9..
3013 2966 3125 3036 15),
3150 2960 3580 3018 tantamlaudetu
3609 2972 3642 3012 a

2049 3067 2159 3121 Deo
2184 3074 2273 3122 est
2305 3071 2668 3133 consequutus
2691 3101 2706 3126 ,
2736 3068 2795 3113 ut
2830 3056 3132 3114 sacerdotio
3158 3064 3212 3110 et
3249 3062 3396 3107 tanto
3440 3051 3645 3105 honore

2048 3159 2238 3228 dignus
2265 3154 2427 3211 fuerit
2458 3169 2472 3207 :
2508 3169 2604 3209 vos
2631 3160 2832 3213 autem,
2858 3147 3185 3219 quos—multo
3216 3142 3405 3212 majori
3439 3141 3647 3195 honore

2049 3250 2188 3305 allici
2220 3253 2524 3319 oporteret,
2549 3244 2596 3300 si
2622 3242 2781 3297 modo
2805 3241 3145 3311 deceptorem
3172 3235 3522 3299 occidissetis,
3544 3247 3644 3287 er-

2049 3355 2212 3397 rones
2236 3348 2289 3394 et
2312 3336 2857 3404 exsules,nullam1ue
2883 3342 3084 3390 certam
3111 3330 3294 3387 sedem
3314 3336 3407 3382 aut
3422 3328 3653 3396 patriam

2052 3432 2346 3495 habentes,
2379 3430 2484 3484 huc
2508 3437 2563 3484 et
2594 3427 2719 3483 illuc
2753 3425 2934 3481 obitis.
2976 3424 3090 3480 Hoc
3135 3437 3264 3493 ergo
3288 3418 3558 3475 nullanulla
3580 3416 3655 3472 de

2054 3540 2211 3582 causa
2236 3524 2381 3594 passi
2409 3523 2562 3588 estis,
2587 3536 2749 3592 quam
2774 3518 2917 3591 quod
2946 3530 3228 3589 patronum
3254 3529 3317 3569 ac
3338 3512 3647 3568 benefacto-

2052 3633 2202 3685 rem,
2234 3626 2287 3673 et
2326 3615 2571 3670 veritatis
2611 3612 2887 3669 doctorem
2939 3606 3300 3666 cruciﬁxistis;
3353 3605 3408 3660 Si
3464 3603 3653 3657 fuisset

2054 3712 2195 3768 enim
2217 3710 2487 3775 seductor,
2524 3717 2579 3765 et
2608 3709 2702 3763 Dei
2728 3705 3100 3769 adversarius,
3122 3714 3183 3757 .et
3213 3716 3333 3754 cum
3383 3697 3523 3752 Deus
3543 3708 3648 3749 non

2054 3813 2221 3866 esset,
2250 3803 2504 3857 voluisset
2531 3813 2652 3855 esse
2674 3798 2838 3862 Deus,
2880 3804 2934 3850 et
2961 3794 3134 3849 Patris
3161 3793 3418 3846 honorem
3458 3785 3525 3840 ad
3551 3800 3643 3840 se-

2058 3896 2232 3966 ipsum
2260 3893 2586 3956 attraxisset,
2605 3900 2663 3946 et
2681 3887 2885 3945 Phineo
2916 3894 2973 3942 et
2992 3882 3242 3940 Samnele
3271 3890 3329 3937 et
3348 3879 3450 3933 illis
3478 3875 3655 3933 omni.

2058 3987 2159 4041 bus
2186 3983 2421 4056 oportuit
2439 3998 2534 4038 vos
2562 3982 2731 4049 magis
2762 3974 3127 4045 honorari,qui
3150 3974 3279 4043 legis
3298 3966 3663 4026 defendendas-

2061 4087 2265 4134 lautum
2302 4079 2476 4133 zelum
2508 4072 2887 4130 ostenderetis.
2946 4070 3099 4133 Nunc
3122 4077 3298 4122 autem
3329 4063 3469 4134 quod
3500 4078 3653 4117 umn-

2059 4187 2216 4242 quam
2242 4170 2379 4240 passi
2409 4169 2560 4234 estis,
2586 4182 2709 4223 cum
2730 4164 2868 4220 idola
2893 4160 3160 4219 coleretis,
3187 4174 3310 4214 cum
3333 4155 3479 4226 impii
3502 4168 3651 4210 esses

2061 4263 2149 4328 tis,
2172 4277 2292 4317 cum
2315 4260 2451 4316 ﬁlios
2477 4255 2852 4314 iuterﬁceretis
2872 4296 2887 4317 ,
2921 4253 3023 4308 hoc
3054 4250 3195 4321 passi
3226 4250 3357 4303 estis
3381 4288 3395 4309 ,
3426 4256 3481 4301 et
3508 4245 3654 4299 nulla

2060 4353 2216 4409 datur
2243 4353 2380 4408 ratio
2401 4367 2496 4406 vos
2523 4348 2781 4405 liberandi
2810 4363 2840 4401 a
2873 4344 3046 4400 malis.
3066 4354 3119 4398 et
3148 4354 3392 4401 errones,
3417 4337 3648 4397 exsules,

2062 4446 2381 4517 vagahuudi,
2412 4456 2466 4498 et
2492 4445 2854 4499 [tantannrum
2883 4438 3093 4508 legibus
3108 4435 3429 4493 servientes,
3454 4438 3653 4483 terram

2061 4550 2118 4596 et
2146 4555 2294 4594 mare
2320 4537 2501 4603 obitis,
2523 4536 2835 4607 migrantes,
2862 4531 3035 4585 nullas
3065 4536 3242 4583 certas
3268 4523 3429 4579 sedes
3446 4563 3461 4585 ,
3492 4520 3677 4574 urbes.

2062 4640 2156 4686 aut
2191 4630 2380 4684 domos
2412 4627 2668 4682 habentes
2686 4656 2707 4692 ν,
2738 4633 2793 4679 et
2819 4623 2872 4677 in
2893 4620 3206 4676 servitutem
3248 4614 3446 4670 redacti
3472 4652 3490 4681 ,
3519 4627 3548 4664 a
3590 4610 3657 4667 li-

2063 4723 2290 4784 bertatc,
2318 4737 2346 4771 a
2389 4719 2578 4788 patria,
2623 4734 2653 4771 a
2681 4712 2983 4770 sacerdotio
3005 4753 3021 4778 ,
3049 4718 3104 4765 et
3144 4710 3213 4764 ab
3240 4706 3510 4770 omnzbus,
3536 4719 3685 4774 quae

2063 4815 2214 4885 prius
2250 4812 2559 4876 habebatis,
2603 4806 2820 4880 expulsi
2859 4806 3016 4870 eatis,
3042 4805 3093 4860 in
3123 4802 3315 4859 mediis
3336 4800 3578 4856 barbaris
3607 4806 3687 4853 et-

2063 4905 2312 4977 geutibus
2392 4901 2692 4958 innumeris
2740 4896 2997 4970 dispersi,
3052 4895 3301 4951 omnibus
3356 4890 3689 4949 hominibus

2065 4997 2244 5063 exosi,
2280 4995 2590 5052 exsecrandi
2617 5037 2632 5061 ,
2655 5005 2711 5049 et
2729 4991 2975 5048 omnibus
2994 4989 3329 5058 ad-injuriam
3352 4980 3660 5056 opportuni.

2067 5089 2136 5144 Et
2180 5089 2374 5143 merito
2430 5086 2693 5156 quidem:
2730 5100 2836 5140 non
2888 5082 3032 5139 enim
3087 5079 3308 5152 prmtttia
3355 5072 3660 5145 accepistis,

2066 5180 2210 5251 quod
2240 5181 2331 5235 Dei
2363 5179 2635 5234 inimicum
2678 5175 2989 5233 occideritis.
3021 5191 3036 5227 :
3084 5173 3186 5227 hoc
3229 5183 3377 5225 mera
3404 5177 3486 5220 est
3518 5166 3658 5220 iusa-

2069 5275 2155 5329 nia
2185 5282 2239 5329 et
2260 5287 2434 5344 nugte.
2468 5271 2599 5339 Qua:
2624 5270 2769 5325 enim
2801 5281 2942 5323 nunc
2966 5263 3240 5334 patimini,
3273 5275 3381 5313 non
3412 5266 3536 5312 sunt
3565 5271 3663 5311 eo-

2068 5382 2185 5422 rum
2208 5367 2296 5437 qui
2332 5366 2423 5420 Dei
2465 5364 2712 5419 inimicos
2739 5359 3021 5421 occidunt,
3059 5354 3154 5410 sed
3192 5367 3378 5407 eorum
3409 5351 3498 5420 qui
3525 5351 3665 5404 ami-

2071 5472 2164 5514 cos
2203 5458 2531 5513 interimunt.
2590 5454 2719 5521 Sed,
2764 5468 2798 5508 o
2836 5450 3029 5515 amice,
3077 5446 3354 5518 inquiunt,
3398 5444 3512 5499 ha-c
3559 5458 3665 5498 non

2070 5551 2299 5608 dicimus
2330 5567 2343 5604 :
2372 5558 2589 5622 propter
2608 5556 2788 5601 nostra
2809 5552 3024 5615 peccata
3048 5540 3164 5595 hinc
3196 5538 3427 5610 patimur
3451 5537 3495 5588 ί.
3519 5534 3670 5590 Nunc

2136 5731 2152 5800 ξ
2177 5735 2285 5780 Post
2303 5740 2493 5800 vocem,
2506 5723 2882 5791 impudenme
2901 5723 2955 5772 in
2988 5716 3157 5771 Morel.-
3176 5715 3385 5776 additur;
3407 5709 3691 5778 scripture

2073 5790 2224 5844 allato
2244 5790 2523 5841 testinmnio.

2141 5857 2161 5889 ³
2196 5860 2305 5905 Haec
2328 5860 2404 5904 est
2426 5850 2572 5904 lectio
2600 5848 2783 5902 codicis
2804 5855 2873 5912 8.,
2900 5845 3099 5910 probata
3130 5855 3161 5894 ει
3192 5839 3367 5893 savilio
3384 5839 3437 5889 iu
3451 5839 3596 5897 notis,
3618 5843 3668 5887 et
