4030 6466
409 383 506 439 HI

405 492 737 554 conﬁtemini
794 486 1096 546 increduli?
1150 492 1207 539 et
1252 495 1498 553 quaenam
1558 474 1858 549 peccastis?
1906 473 1990 528 An

408 605 553 645 nunc
595 588 821 657 primum
876 578 1177 653 peccastis?
1213 575 1364 631 Nunc
1404 581 1553 628 certe
1602 568 1995 625 moderatiores

407 680 675 735 evasistis.
717 675 821 731 Sed
861 671 1094 727 nondum
1127 668 1231 723 hoc
1259 666 1469 737 agimus
1501 685 1514 720 :
1544 671 1600 718 at
1640 676 1738 716 vos
1777 657 1904 714 illud
1933 658 1997 713 li-

408 775 598 828 benter
638 772 1053 838 interrogarem,
1101 778 1199 818 cur
1243 761 1390 830 prius
1430 772 1643 828 semper
1690 760 1995 824 peccantes,

414 866 504 918 Dei
535 862 912 932 benignitatem
945 867 999 912 et
1029 853 1368 910 clementiam
1412 847 1684 912 sensistis,
1716 859 1857 899 nunc
1904 857 2001 895 au-

412 966 516 1009 tem
538 968 639 1008 non
665 951 866 1014 itidem,
890 958 942 1003 et
969 946 1109 1018 quod
1141 955 1224 999 est
1249 940 1635 1003 admirabilius,
1656 951 1797 991 nunc
1825 934 2000 988 mino-

413 1065 467 1102 ra
485 1054 700 1120 peccata
714 1041 1148 1099 committentes?
1163 1039 1313 1093 Tunc
1328 1036 1469 1091 enim
1488 1044 1542 1088 et
1560 1031 1681 1086 Beel
1692 1029 1888 1120 pltegor

413 1116 704 1193 itialtamiui
728 1133 912 1206 (Nunt.
935 1133 1054 1197 25),
1076 1141 1128 1184 et
1144 1128 1366 1183 vitulum
1387 1123 1649 1179 adorastis
1667 1119 1859 1189 (Exod.
1882 1116 1997 1189 52),

413 1241 468 1286 et
495 1230 630 1284 ﬁlios
650 1227 941 1293 occidistis,
974 1234 1026 1280 et
1052 1223 1186 1278 ﬁlias
1211 1222 1279 1277 de
1306 1220 1483 1275 medio
1509 1216 1801 1273 sustulistis
1828 1212 1998 1285 (Psal.

414 1323 541 1377 105.
569 1321 659 1375 57.
692 1318 805 1390 58),
832 1318 989 1386 idque
1015 1330 1136 1370 cum
1160 1313 1313 1368 vobis
1340 1311 1489 1382 signa
1515 1308 1726 1365 abunde
1753 1314 2003 1377 suppete-

415 1421 537 1467 rent
571 1427 584 1464 :
612 1424 754 1465 nunc
782 1417 961 1463 autem
981 1422 1101 1461 cum
1129 1421 1229 1461 nec
1265 1404 1489 1459 videatis
1520 1416 1668 1456 mare
1696 1399 1880 1463 dividi,
1907 1410 2005 1452 nec

417 1511 622 1573 petram
654 1500 840 1570 frangi,
868 1513 967 1554 nec
981 1499 1169 1554 adesse
1192 1496 1479 1568 prophetas
1501 1493 1697 1564 (Exod.
1724 1493 1789 1547 Μ
1817 1501 1864 1545 et
1892 1491 2003 1561 ΓΙ),

418 1609 519 1649 nec
563 1594 724 1648 vestri
766 1600 1074 1647 consuetam
1123 1588 1365 1645 sentiatis
1396 1586 1804 1658 providentiam,
1837 1584 2009 1654 major

420 1694 600 1740 tamen
634 1692 888 1753 appareat
926 1681 1164 1752 probitas
1194 1698 1207 1734 :
1240 1694 1482 1751 qmenam
1517 1688 1597 1733 est
1637 1692 1798 1734 causa
1818 1718 1832 1741 ,
1865 1672 2008 1745 quod

421 1775 634 1846 quando
657 1775 830 1828 minus
857 1774 1108 1843 peccatis,
1128 1783 1183 1829 et
1201 1768 1370 1842 major
1389 1779 1471 1826 est
1495 1784 1669 1825 veStra
1689 1768 2005 1834 moderatio,

422 1867 595 1937 major
622 1867 690 1922 sit
721 1882 874 1936 poma
900 1882 964 1922 ac
982 1866 1295 1936 supplicium
1315 1865 1338 1918 ?
1358 1866 1549 1919 Annon
1577 1863 1657 1918 vel
1697 1863 1872 1918 stultis
1895 1862 2011 1917 cla-

422 1976 541 2014 rum
572 1969 671 2024 est,
716 1959 767 2013 id
816 1960 935 2015 ideo
978 1959 1112 2023 fieri,
1137 1958 1384 2030 quoniam
1425 1957 1596 2027 majus
1640 1966 1723 2011 est
1774 1965 2010 2011 vestrum

423 2066 565 2105 nunc
598 2062 870 2122 peccatum
893 2052 917 2104 ?
943 2051 1204 2118 Quamdiu
1246 2049 1390 2104 enim
1437 2047 1488 2102 in
1519 2060 1704 2103 servos
1732 2046 2010 2117 peccastis,

425 2148 633 2203 veniam
660 2149 791 2202 estis
818 2147 1110 2216 assequuti,
1141 2154 1197 2199 ιιι
1222 2160 1342 2200 cum
1372 2143 1659 2215 prophetas
1683 2141 2013 2196 interficere-

427 2240 494 2293 tis
520 2250 573 2294 et
600 2238 860 2308 lapidibus
891 2237 1217 2308 impeteretis
1243 2254 1256 2297 ;
1293 2236 1386 2292 sed
1419 2246 1697 2306 postquam
1740 2246 1933 2289 manus
1962 2233 2015 2287 in

429 2331 709 2387 Dominum
742 2331 1029 2398 iujecistis,
1061 2330 1213 2384 vobis
1238 2329 1491 2399 deinceps
1518 2328 1691 2382 evasit
1729 2328 1882 2382 ulcus
1919 2326 2017 2380 im.

429 2420 765 2476 medicabile.
798 2421 867 2475 Et
914 2421 1038 2475 ideo
1061 2420 1429 2491 quadringenti
1453 2420 1562 2490 jam
1597 2420 1720 2474 anni
1758 2418 2020 2488 praeterie-

429 2519 574 2573 runt,
599 2526 663 2564 ει
691 2526 796 2581 quo
817 2510 1044 2565 civitatis
1070 2511 1152 2566 vel
1180 2511 1351 2580 ipsunt
1382 2511 1555 2564 solum
1583 2509 1739 2579 periit
1759 2506 1857 2582 (α),
1888 2508 2019 2563 sub-

431 2604 595 2658 latum
622 2613 701 2658 est
733 2603 1088 2659 sacerdotium
1114 2645 1128 2666 ,
1162 2618 1382 2673 regnum
1425 2603 1707 2675 abruptum
1728 2644 1742 2663 .
1784 2601 2021 2657 confusa:

433 2697 630 2758 tribus,
667 2696 920 2765 prmclara
953 2696 1038 2750 illa
1070 2704 1124 2751 et
1162 2697 1437 2766 magniﬁca
1473 2703 1836 2760 evanuerunt,
1861 2701 1914 2748 et
1955 2707 2023 2747 ne

431 2789 710 2857 vestigium
736 2788 949 2857 quidem
977 2798 1059 2843 est
1086 2788 1223 2857 apud
1247 2804 1341 2843 vos
1369 2787 1630 2858 reliquum
1657 2805 1670 2840 :
1695 2786 1836 2857 quod
1863 2801 2021 2840 num-

433 2895 592 2951 quam
622 2890 746 2936 ante
768 2880 962 2935 factum
985 2889 1086 2935 est.
1129 2880 1233 2936 Sed
1264 2884 1315 2934 in
1345 2879 1606 2950 principio
1635 2879 1849 2948 quidem
1899 2892 2021 2933 cum

434 2972 670 3027 dirutum
726 2982 870 3027 esset
923 2972 1201 3041 templum,
1262 2971 1608 3026 remanebant
1638 2968 2027 3040 prophette,et

433 3063 661 3132 Spiritus
691 3062 851 3127 dona,
879 3072 933 3117 et
961 3063 1210 3119 miracula
1238 3079 1250 3116 ε
1280 3077 1420 3117 nunc
1439 3070 1617 3117 autem
1643 3104 1656 3126 ,
1687 3072 1742 3117 ut
1770 3062 1913 3117 clare
1940 3061 2026 3115 in-

436 3154 686 3224 telligatis
718 3144 882 3208 Deum
915 3168 1008 3208 vos
1034 3168 1155 3209 esse
1184 3165 1442 3223 perpetuo
1463 3164 1785 3217 aversatum,
1805 3168 1867 3209 ea
1894 3167 2028 3222 quo-

444 3264 548 3319 que
593 3248 801 3302 sublata
858 3256 983 3303 sunt
1014 3267 1028 3303 :
1065 3263 1128 3302 ac
1167 3249 1397 3303 servitus
1447 3248 1620 3311 adest,
1653 3246 1932 3316 captivitas
1973 3254 2030 3301 et

437 3354 617 3394 rerum
645 3340 882 3393 omnium
912 3340 1140 3395 eversio.
1173 3347 1229 3393 et
1248 3338 1387 3409 quod
1407 3348 1488 3395 est
1514 3339 1751 3394 omnium
1778 3339 2031 3410 gravissi-

437 3445 606 3498 mum,
642 3430 733 3485 Dei
762 3445 790 3482 a
825 3430 973 3485 vobis
1000 3432 1257 3485 recessio.

508 3524 563 3578 4.
608 3525 685 3578 Ac
712 3523 933 3592 perinde
957 3524 1083 3578 fecit
1104 3525 1260 3588 Deus,
1284 3534 1339 3579 ut
1377 3525 1421 3580 si
1453 3526 1569 3593 quis
1597 3540 1808 3581 servum
1850 3525 2029 3596 ingra-

439 3623 550 3668 tum
568 3656 582 3680 ,
610 3630 751 3684 saepe
781 3613 960 3686 ﬂagris
986 3630 1185 3670 caesum
1216 3626 1268 3671 et
1295 3631 1400 3671 non
1429 3625 1729 3672 correctum
1749 3659 1762 3681 ,
1790 3617 2030 3673 vestibus

439 3716 679 3772 exutum,
707 3708 905 3762 nudum
927 3751 941 3774 ,
969 3707 1263 3778 desertum,
1297 3699 1668 3780 vagabnndutn
1697 3725 1878 3766 errare
1905 3725 2030 3780 per-

440 3797 695 3863 mitteret,
749 3799 1140 3855 mendicantem
1177 3809 1232 3856 et
1282 3801 1516 3872 undique
1553 3801 1802 3871 ejectum.
1860 3802 2031 3858 Antea

440 3899 619 3943 autem
651 3903 737 3944 res
767 3900 959 3945 vestrae
990 3906 1096 3944 non
1125 3891 1195 3945 ita
1221 3906 1280 3946 se
1308 3891 1593 3955 habebant,
1622 3891 1715 3948 scd
1754 3892 1893 3959 apud
1936 3907 2030 3947 vos

440 3990 598 4035 erant
626 3980 900 4049 propheta:
933 4000 944 4034 :
978 3983 1028 4035 in
1050 3980 1306 4053 Egypto,
1348 3983 1616 4054 Babylone
1632 3984 1748 4037 etin
1776 3983 2025 4039 deserto:

438 4072 616 4127 Moses
643 4072 696 4127 in
728 4072 979 4143 Egypto,
1007 4072 1058 4126 in
1090 4073 1360 4145 Babylone
1394 4075 1573 4130 Daniel
1602 4084 1656 4130 et
1677 4075 1942 4138 Ezechiel,
1978 4076 2028 4130 in

441 4165 678 4237 Egypto
701 4180 883 4219 rursus
908 4164 1167 4221 Jeremias
1199 4184 1211 4220 :
1238 4175 1290 4220 et
1312 4165 1562 4220 miracula
1582 4166 1789 4235 adjecta
1804 4167 2032 4221 miracu-

448 4257 535 4320 lis,
566 4256 868 4327 clariorque
893 4266 950 4311 et
976 4256 1233 4311 illustrior
1252 4264 1384 4327 gen's
1411 4257 1607 4319 evasit,
1632 4273 1753 4312 cum
1784 4273 1849 4313 ex
1877 4258 2031 4312 vobis

442 4350 531 4419 qui
559 4349 754 4418 captivi
777 4357 930 4403 erant
952 4349 1164 4419 regibus
1192 4359 1373 4404 essent
1395 4349 1721 4419 superiores.
1750 4348 1855 4405 Sed
1889 4364 2032 4405 nunc

441 4444 529 4500 illa
560 4446 738 4499 omnia
768 4443 1069 4513 perierunt,
1103 4450 1155 4497 et
1190 4442 1508 4513 supplicium
1537 4450 1620 4496 est
1647 4442 1862 4512 gravius
1886 4443 2034 4513 prio-

441 4538 610 4603 ribus,
638 4552 743 4591 non
773 4536 945 4591 solum
976 4544 1192 4606 pr0pter
1218 4533 1605 4604 longitudinem
1629 4534 1906 4606 temporis,
1935 4533 2031 4590 sed

440 4627 602 4681 etiam
624 4628 745 4696 quia
772 4627 902 4682 estis
936 4626 1171 4696 undique
1203 4625 1463 4680 derelicti.
1501 4625 1743 4693 Quanam
1795 4641 1922 4697 ergo
1966 4626 2033 4681 de

439 4732 620 4781 causa,
662 4717 766 4781 die,
817 4732 1022 4786 quteso,
1055 4717 1266 4787 quando
1312 4718 1464 4788 plura
1515 4717 1835 4787 peccabatis,
1889 4726 2033 4771 tanta

441 4810 602 4864 vestri
633 4817 751 4863 erat
782 4824 907 4863 cura
939 4824 1014 4872 ac
1060 4808 1391 4878 providentia
1426 4828 1439 4863 :
1470 4809 1684 4879 quando
1714 4818 1891 4864 autem
1934 4825 2033 4881 pro

439 4905 559 4973 lege
597 4903 712 4957 zelo
742 4903 951 4958 accensi
981 4905 1111 4958 estis
1134 4944 1149 4969 ,
1177 4899 1320 4973 passi
1351 4904 1480 4959 estis
1507 4904 1792 4974 graviora?
1822 4904 1900 4959 Ex
1933 4906 2033 4960 hoc

438 4999 581 5052 enint
637 4997 800 5050 Deum
840 4994 1106 5049 damnatis
1157 4994 1465 5064 injustitite,
1522 4995 1663 5065 quod
1720 5005 2032 5065 peccatores

439 5088 654 5159 quidem
689 5087 979 5141 honoraret
1001 5125 1014 5149 ,
1050 5099 1142 5140 eos
1172 5095 1349 5139 autem
1381 5083 1471 5156 qui
1497 5099 1556 5139 se
1592 5094 1742 5139 recte
1763 5095 1813 5139 et
1836 5101 1903 5139 ex
1926 5085 2034 5139 'vir-

442 5189 550 5235 tute
580 5180 837 5250 gerebant
873 5176 1162 5248 ignominia
1190 5175 1449 5232 afl’eccrit.
1496 5174 1551 5229 Si
1596 5176 1739 5229 enim
1774 5174 2033 5243 imposta-

441 5284 577 5337 rem,
611 5278 668 5324 ut
715 5269 915 5337 dicitis,
969 5267 1282 5336 sustulistis,
1331 5283 1429 5323 vos
1482 5276 1630 5322 recte
1673 5281 1737 5320 ac
1778 5266 2033 5337 przeclare

449 5395 640 5463 Morelli
670 5408 682 5442 :
712 5399 859 5463 liog._,
885 5397 1044 5463 (_‘.olh.,
1083 5404 1147 5463 et_
1168 5394 1319 5445 Savil.
1352 5395 1481 5446 Edit.
1510 5411 1521 5445 :
1546 5396 1648 5447 Sed
1670 5409 1778 5447 cum
1802 5395 1925 5463 (alia
1944 5412 2032 5450 nos

445 5456 709 5563 imitantium
752 5456 849 5519 ip'st'
878 5456 1080 5508 dicunt:
1106 5456 1318 5519 Propter
1358 5467 1526 5509 nostra
1563 5465 1763 5523 peccata
1800 5460 1903 5511 hazc
1942 5475 2034 5524 pa-

467 5529 612 5565 mmr.

509 5582 579 5687 Su)
613 5590 698 5631 Par
723 5586 935 5629 erratum
960 5581 1164 5630 exhibet
1198 5581 1562 5645 Chrysostonms
1604 5584 1654 5631 in
1692 5582 1828 5632 libris
1864 5588 2031 5635 contra

509 5655 648 5687 imos-
674 5643 785 5687 auia
824 5641 1181 5687 chronoloziam
1206 5642 1289 5687 ille
1325 5657 1420 5687 non
1446 5642 1649 5687 multum
1681 5648 1894 5687 curabat.
1917 5654 2029 5687 (:um

449 5641 650 5704 Iudaeos,
674 5643 785 5703 quia
824 5641 1181 5704 chronologiam
1206 5641 1305 5691 ille'
1325 5657 1420 5691 non
1446 5642 1649 5693 multttm
1681 5648 1894 5693 curabat.
1917 5654 2030 5695 (:tun

447 5707 576 5750 enim
615 5701 704 5751 has
740 5701 1139 5761 Expos'tiones'iu
1161 5703 1369 5754 Psalmos
1394 5706 1669 5761 antiochus,
1694 5707 1818 5754 tttin
1859 5707 2030 5754 t‘rzefa-

446 5766 579 5811 tione
601 5763 792 5828 dicitur,
816 5762 1039 5828 ediderit.
1082 5764 1161 5810 vix
1200 5766 1405 5828 trecenti
1433 5768 1627 5828 triginta
1650 5768 1761 5816 anni
1784 5769 2028 5817 numerari

449 5831 671 5882 lauerant
687 5822 751 5869 ab
775 5824 961 5874 excidio
985 5822 1067 5875 illo
1092 5822 1510 5887 Jerosolymorum.

1121 368 1175 426 S.
1216 364 1495 425 JOANNIS
1529 357 2009 419 CHRYSOSTOMI
2047 354 2364 413 ARCIIIEP.
2404 352 2941 411 CONSTANTINOP.

3591 338 3695 410 its

2106 469 2346 541 gessistis
2386 486 2400 524 :
2428 470 2541 534 vel,
2569 469 2615 524 si
2637 468 2812 540 justus
2831 477 2915 525 est
2937 467 3101 537 Deus,
3131 479 3188 525 ut
3216 480 3363 527 certe
3386 479 3470 526 est
3494 470 3695 542 justus,

2048 593 2067 609 η
2103 562 2372 617 honorare
2422 576 2520 617 vos
2553 560 2858 631 oportebat,
2899 575 3008 617 non
3061 562 3328 632 castigare
3363 580 3379 617 :
3417 563 3464 618 si
3513 572 3698 620 autem

2103 656 2345 725 castigat,
2374 654 2574 709 clarum
2596 662 2679 709 est
2699 663 2876 709 vestra
2900 668 3041 709 nunc
3057 669 3178 710 esse
3194 655 3434 725 graviora
3456 664 3695 726 peccata.

2106 748 2162 804 Si
2190 764 2317 804 vero
2339 762 2480 802 nunc
2507 762 2609 803 nec
2634 747 2777 817 impii
2800 747 2934 802 estis
2956 789 2972 816 ,
3004 762 3102 802 nec
3128 747 3285 812 ﬁlios,
3319 756 3378 801 ut
3422 758 3563 814 ante,
3614 762 3697 803 sa-

2106 841 2377 908 criﬁcatis,
2408 828 2673 909 quodnam
2700 848 2782 895 est
2803 839 2947 894 aliud
2977 849 3250 910 peccatum
3271 880 3288 906 ,
3318 850 3535 910 propter
3554 840 3702 910 quod

2105 935 2347 1004 graviora
2372 934 2513 1003 passi
2542 933 2708 987 estis?
2737 934 2929 987 Annon
2965 943 3049 988 est
3099 932 3343 1000 evidens,
3380 934 3558 989 crucis
3581 948 3706 988 ere-

2109 1037 2214 1082 ctae
2241 1026 2414 1080 scelus
2460 1038 2583 1079 esse
2623 1024 2788 1079 veluti
2826 1022 3112 1094 quemdam
3150 1022 3504 1093 colapinoncm
3542 1024 3710 1079 malo-

2108 1117 2268 1171 rum?
2313 1116 2424 1172 Hoc
2452 1117 2621 1187 magis
2652 1132 2748 1172 vos
2773 1117 3009 1187 perdidit
3051 1131 3211 1187 quam
3240 1117 3504 1172 idolorum
3531 1130 3588 1174 et
3627 1119 3708 1172 vi-

2112 1208 2205 1263 tuli
2237 1209 2413 1263 cultus
2438 1219 2494 1264 et
2541 1210 2766 1264 ﬁliorum
2792 1211 3013 1267 occisio.
3061 1211 3179 1266 Non
3210 1212 3355 1266 enim
3401 1211 3551 1282 paria
3579 1221 3711 1267 sunt

2112 1300 2246 1366 hmc,
2278 1300 2441 1355 ﬁlium
2463 1317 2619 1356 suum
2647 1302 2970 1371 interﬁcere,
2998 1312 3055 1360 et
3089 1304 3372 1359 Dominum
3401 1320 3558 1360 suum
3583 1320 3713 1361 cru-

2096 1394 2346 1465 ‘ciﬁgere.
2384 1394 2677 1466 Propterea
2698 1396 2911 1466 quando
2939 1396 3075 1451 ﬁlios
3091 1397 3394 1463 occidebas,
3414 1399 3626 1453 veniam
3650 1413 3712 1453 es

2112 1496 2472 1559 consequutus
2501 1507 2513 1543 :
2544 1488 2638 1544 sed
2664 1488 2877 1559 quando
2913 1490 3005 1545 Dei
3034 1489 3228 1545 Filium
3254 1499 3310 1545 et
3340 1500 3487 1545 tuum
3512 1491 3703 1546 Domi-

2114 1597 2239 1637 num
2268 1581 2532 1648 occidisti,
2563 1584 2840 1655 castigaris
2868 1582 3124 1654 deinceps
3151 1583 3354 1652 absque
3386 1584 3495 1639 ulla
3519 1587 3697 1638 venia.

2189 1673 2323 1741 Quot
2348 1675 2469 1728 anni
2488 1673 2549 1728 ab
2574 1674 2709 1729 exitu
2734 1690 2795 1729 ea:
2814 1673 3046 1746 1E9pr
3071 1677 3139 1730 ad
3156 1674 3431 1731 Clu-istum.
3463 1707 3537 1718 —-
3561 1677 3712 1744 Quot

2116 1773 2245 1819 sunt
2294 1765 2418 1819 anni
2460 1764 2528 1821 ab
2560 1767 2704 1822 exitu
2739 1781 2803 1821 ex
2834 1766 3068 1839 Egypto
3114 1783 3281 1839 usque
3324 1768 3392 1826 ad
3420 1769 3715 1825 adventum

2117 1857 2312 1914 Christi
2334 1858 2360 1912 ἲ
2385 1858 2527 1915 Mille
2558 1869 2611 1915 et
2637 1860 2907 1932 quingenti
2935 1871 3084 1932 puto,
3110 1871 3165 1918 et
3186 1862 3388 1932 plures.
3417 1856 3717 1931 'Quomodo

2118 1965 2245 2022 ergo
2268 1952 2320 2007 iu
2348 1952 2431 2005 his
2459 1952 2707 2008 omnibus
2722 1968 2818 2008 VOS
2847 1965 3133 2023 peccantes
3166 1969 3357 2024 passus
3397 1965 3481 2011 est
3515 1974 3529 2011 :
3572 1972 3715 2013 nunc

2119 2054 2297 2097 autem
2324 2057 2419 2098 vos
2444 2044 2657 2113 abjecit.
2690 2043 2901 2115 quando
2922 2045 3153 2100 maxime
3169 2060 3429 2102 coronare
3452 2049 3729 2116 oportuit,

2120 2138 2220 2191 etsi
2245 2137 2409 2191 multa
2437 2136 2792 2207 peccassetis?
2815 2137 3135 2193 Prmclarum
3153 2140 3293 2194 enim
3312 2148 3455 2195 esset
3472 2148 3717 2195 vestrmn

2122 2229 2350 2297 facinus,
2377 2230 2421 2285 si
2448 2229 2790 2301 deceptorem
2820 2230 3172 2287 occidissetis.
3202 2230 3335 2303 Cum
3388 2231 3491 2288 hoc
3537 2242 3718 2287 autem

2122 2338 2265 2378 nunc
2318 2322 2536 2378 sabbata
2582 2323 2870 2378 observare
2909 2322 3181 2387 videmini,
3208 2331 3263 2379 et
3312 2322 3452 2378 idola
3495 2324 3720 2379 minime

2123 2416 2376 2482 adoratis,
2406 2415 2616 2487 aliaque
2655 2430 2872 2471 servare
2915 2430 3107 2485 magno
3150 2414 3324 2470 studio
3369 2414 3716 2470 contenditis.

2125 2508 2352 2577 Quando
2380 2524 2508 2582 ergo
2537 2518 2592 2564 et
2617 2509 2723 2564 vita
2761 2520 2939 2564 vestra
2966 2518 3050 2564 est
3079 2507 3270 2564 melior
3292 2551 3306 2574 ,
3336 2517 3389 2564 et
3426 2517 3535 2563 tam
3578 2523 3717 2578 pra:-

2126 2604 2352 2670 clarum,
2378 2613 2435 2658 ut
2458 2602 2656 2667 dicitis,
2683 2601 2886 2656 facinus
2906 2600 3126 2667 fecistis,
3149 2608 3277 2655 tunc
3300 2600 3485 2655 ultima
3510 2600 3724 2668 patimi-

2128 2696 2201 2750 ni.
2230 2694 2365 2765 Qnid
2407 2694 2507 2751 hac
2554 2694 2757 2749 insania
2801 2693 2960 2749 fuerit
3007 2692 3279 2749 deterius?
3310 2691 3438 2762 quid
3484 2691 3587 2746 hac
3626 2690 3719 2745 de-

2129 2788 2347 2854 mentia,
2390 2786 2530 2858 quod
2560 2802 2680 2843 cum
2715 2800 2811 2842 vos
2861 2784 3151 2840 defendere
3203 2783 3396 2848 velitis,
3424 2780 3729 2837 maledictis

2131 2881 2299 2937 Deum
2338 2879 2710 2936 inscctamini?
2739 2879 2796 2935 Si
2824 2879 2967 2934 enim
2992 2876 3135 2949 quod
3165 2876 3422 2931 adversus
3451 2874 3729 2930 Christum

2131 2974 2428 3045 peccastis,
2470 2988 2576 3028 non
2615 2981 2700 3028 est
2745 2972 2847 3027 illis
2878 2970 3128 3026 omnibus
3158 2968 3414 3032 deterius,
3444 2966 3542 3022 sed
3592 2966 3645 3021 id
3695 2982 3724 3020 a

2130 3068 2302 3136 vobis,
2326 3076 2387 3123 ut
2422 3067 2619 3131 dicitis,
2659 3066 2803 3137 juste
2839 3063 3036 3120 factum
3080 3073 3160 3119 est
3193 3080 3208 3118 :
3237 3078 3333 3119 cur
3379 3078 3479 3119 vos
3506 3062 3727 3133 quidcnt

2133 3163 2319 3233 punit,
2351 3160 2429 3215 sic
2453 3169 2599 3216 recte
2623 3174 2718 3214 vos
2746 3168 2993 3228 gerentes
3013 3198 3028 3225 ,
3060 3157 3406 3228 peccantibus
3429 3166 3611 3211 autem
3638 3171 3727 3225 pe-

2134 3254 2474 3326 percit?lloc
2526 3269 2633 3308 non
2684 3252 2857 3308 solum
2908 3252 3067 3318 Deus,
3102 3249 3197 3305 sed
3238 3264 3338 3304 nec
3376 3249 3514 3306 ullus
3565 3248 3729 3303 homo

2133 3349 2329 3405 mentis
2357 3363 2579 3419 compos
2613 3344 2787 3402 facere
2808 3345 2860 3399 in
2882 3344 3116 3398 animum
3148 3341 3436 3398 induxerit.
3460 3339 3569 3397 Sed
3599 3340 3733 3412 quid.

2134 3439 2200 3495 ad
2231 3440 2346 3495 hmc
2368 3438 2587 3493 dicunt?
2616 3435 2830 3506 Disjecti
2858 3450 3062 3501 sumus,
3091 3441 3150 3488 ut
3174 3447 3417 3488 essemus
3444 3431 3595 3487 orbis
3624 3443 3726 3487 ter-

2135 3547 2210 3587 rae
2240 3531 2508 3586 doctores.
2541 3528 2704 3599 Nugae
2731 3534 2856 3582 sunt
2891 3527 3025 3591 hanc,
3054 3533 3110 3579 et
3149 3524 3381 3594 ineptiae.
3437 3522 3547 3578 Eos
3584 3523 3729 3579 enim

2135 3623 2225 3694 qui
2254 3621 2417 3677 futuri
2439 3627 2564 3674 sunt
2586 3618 2857 3683 doctores,
2885 3632 2944 3672 se
2974 3616 3121 3686 prius
3144 3624 3292 3670 recte
3315 3615 3549 3686 gessisse
3567 3630 3726 3685 opor—

2136 3713 2256 3781 tuit,
2291 3721 2344 3768 et
2365 3721 2492 3766 tunc
2514 3708 2583 3764 ad
2605 3709 2657 3764 id
2684 3709 2820 3763 mitti
2846 3725 2859 3760 :
2889 3707 3189 3777 cujusmodi
3216 3705 3433 3762 fuerunt
3452 3707 3729 3777 prepbetre

2137 3815 2192 3863 et
2217 3804 2465 3878 apostoli.
2518 3803 2651 3859 Cum
2693 3812 2870 3857 autem
2913 3802 3011 3872 ipsi
3055 3802 3164 3856 sint
3192 3800 3468 3871 perversi,
3496 3808 3551 3856 et
3581 3800 3727 3854 omni

2135 3898 2265 3953 vitio
2287 3894 2504 3962 referti,
2533 3893 2805 3966 quomodo
2831 3892 2899 3949 ad
2933 3891 3232 3949 docendum
3260 3891 3410 3948 missi
3436 3903 3559 3947 sunt
3577 3892 3603 3946 2
3636 3891 3728 3946 Vi-
3758 3892 3761 3893 ⁷

2138 3988 2360 4044 dcamns
2387 4002 2516 4058 ergo
2544 3986 2714 4056 qualis
2749 4000 2936 4041 eorum
2967 3985 3127 4040 fuerit
3153 3986 3259 4040 vita
3285 4000 3405 4055 quae
3432 3986 3725 4056 praecessit.

2082 4135 2087 4140 .
2137 4082 2473 4138 Inveniemus
2498 4080 2640 4136 enim
2671 4093 2765 4134 eos
2794 4077 2988 4135 belluis
3010 4076 3172 4133 fuisse
3198 4077 3565 4133 immaniores.
3591 4078 3725 4132 Nam

2136 4180 2193 4229 et
2220 4172 2529 4245 parricidas,
2547 4179 2601 4225 et
2630 4169 2920 4226 liberorum
2937 4167 3329 4234 interfectores,
3358 4169 3727 4239 idolorumque

2138 4264 2390 4330 cultores,
2425 4273 2479 4318 ct
2507 4262 2803 4318 alienorum
2837 4260 3101 4315 bonorum
3142 4269 3494 4330 occupatores
3538 4261 3725 4327 fuere;

2137 4371 2322 4412 eorum
2351 4364 2529 4410 autem
2559 4363 2683 4409 sunt
2704 4352 2878 4423 plena:
2909 4352 3221 4423 prophetia.
3244 4355 3322 4407 Ac
3351 4361 3585 4408 vestram
3612 4352 3728 4422 qui-

2137 4448 2260 4505 dem
2287 4448 2560 4503 libidinem
2590 4444 2895 4516 signiﬁcans
2921 4444 3204 4509 Jeremias,
3231 4443 3442 4499 dicebat
3472 4461 3486 4498 :
3518 4443 3652 4513 Equi
3676 4444 3725 4497 in

2138 4556 2291 4610 equas
2320 4540 2625 4593 insanientes
2649 4536 2776 4604 facti
2814 4529 2932 4590 s‘unt
2962 4552 2981 4589 :
3010 4535 3354 4604 unusquisque
3381 4534 3639 4588 hinniebat
3663 4534 3729 4586 ad

2138 4650 2348 4688 uxorem
2399 4630 2616 4703 proximi
2668 4628 2801 4697 (λεν.
2834 4629 2888 4685 5.
2914 4629 2995 4698 8).
3052 4628 3190 4695 Quid
3237 4628 3340 4683 hac
3374 4628 3534 4684 fuerit
3579 4630 3729 4700 prjtts

2140 4724 2519 4782 immunditia?
2559 4724 2672 4779 Non
2702 4723 2845 4778 enim
2867 4732 2927 4776 ut
2954 4723 3197 4777 homines
3222 4738 3343 4777 cum
3367 4725 3479 4779 suis
3504 4725 3747 4780 invicem.

2141 4820 2396 4875 nitoribus
2425 4818 2674 4873 coibant:
2707 4824 2762 4871 ct
2798 4815 2918 4870 ideo
2947 4830 3131 4870 eorum
3182 4814 3416 4871 furorem
3446 4816 3728 4886 appellavit

2141 4913 2425 4967 hinnitum.
2444 4910 2553 4965 Nec
2582 4924 2676 4964 eos
2705 4908 2878 4962 solum
2903 4908 3077 4978 arguit
3107 4906 3490 4972 fornicationis,
3517 4909 3610 4964 sed
3640 4922 3728 4963 eos

2139 5005 2299 5060 etiam
2326 5013 2538 5056 accusat
2558 5000 2826 5065 adulterii,
2858 4999 3000 5069 quod
3023 5001 3181 5054 etiam
3204 5000 3271 5054 ab
3292 5002 3371 5055 eis
3393 5001 3726 5072 impudenter

2139 5095 2522 5152 admittebatur
2550 5134 2565 5160 ,
2594 5091 3040 5163 quemadmodum
3063 5092 3116 5146 in
3149 5092 3341 5147 brutis.
3376 5092 3525 5149 Alius
3553 5103 3723 5148 autem
3750 5132 3753 5135 -

2140 5188 2399 5261 propheta
2422 5187 2550 5241 dicit
2582 5204 2595 5241 :
2626 5183 2993 5261 lngresst'lsunt
3010 5184 3078 5236 ad
3099 5182 3365 5238 mulierem.
3379 5185 3617 5256 facientes
3634 5201 3724 5236 au-

2140 5282 2255 5345 ln’a,
2287 5280 2423 5348 ﬁlius
2445 5288 2490 5331 et
2522 5287 2663 5347 pater
2687 5275 2756 5329 ad
2776 5274 3002 5329 eamdem
3031 5274 3256 5339 puellam
3280 5274 3558 5345 (a)(Amos.
3577 5277 3630 5329 2.
3647 5276 3720 5343 7).

2139 5372 2428 5441 Propterea
2482 5384 2631 5439 ergo,
2662 5367 2769 5433 die,
2794 5382 2998 5435 quaeso,
3031 5381 3128 5419 vos
3175 5362 3322 5420 misit
3374 5365 3639 5432 doctores,
3671 5375 3722 5421 ut

2138 5462 2517 5518 fornicationes
2542 5468 2597 5515 et
2637 5457 2900 5513 adulteria
2933 5456 3284 5523 disceremus,
3316 5467 3371 5512 et
3398 5457 3539 5527 quod
3573 5473 3720 5527 opor~

2137 5564 2247 5609 teat
2276 5563 2481 5624 patrem
2513 5560 2569 5606 et
2605 5551 2770 5604 ﬁlium
2808 5549 2947 5604 idem
2973 5549 3110 5604 inire
3140 5549 3362 5603 cubile?
3416 5548 3549 5616 Quid
3602 5564 3721 5603 vero

2136 5646 2430 5701 Ezechiel?
2470 5642 2554 5698 Ne
2584 5641 2862 5697 secundum
2889 5642 3114 5713 gentium
3162 5642 3362 5709 quidem
3399 5643 3621 5712 legitima
3646 5643 3714 5708 [c-

2200 5761 2273 5822 (a)
2308 5766 2420 5808 Haec
2459 5759 2655 5822 omnino
2680 5754 2877 5804 diverse
2918 5752 3197 5822 referuntur
3223 5767 3269 5803 ιιι
3295 5762 3432 5805 textu
3457 5763 3595 5805 Amos
3618 5768 3712 5818 [ro-

2138 5814 2318 5889 pltetlc,
2341 5829 2394 5871 ttt
2418 5821 2583 5870 videas
2600 5819 2646 5867 in
2672 5824 2873 5866 ltoxnaua
2897 5814 3135 5864 tidilioue.
