  <div class='ocr_page' id='page_1' title='image "/cluster/home/n/w/nwhite01/storage/ocr_20150623/55:no.5/coo.31924054869551/104.png"; bbox 0 0 4030 6458; ppageno 0'>
   <div class='ocr_carea' id='block_1_1' title="bbox 276 362 2485 435">
    <p class='ocr_par' dir='ltr' id='par_1_1' title="bbox 276 362 2485 435">
     <span class='ocr_line' id='line_1_1' title="bbox 276 362 2485 435; baseline -0.002 -8"><span class='ocrx_word' id='word_1_1' title='bbox 276 362 359 417; x_wconf 61' lang='grc' dir='ltr'>ἳεὶ</span> <span class='ocrx_word' id='word_1_2' title='bbox 1467 374 1831 435; x_wconf 75' lang='lat' dir='ltr'>EXPOSITIO</span> <span class='ocrx_word' id='word_1_3' title='bbox 1866 371 1935 429; x_wconf 77' lang='lat' dir='ltr'>IN</span> <span class='ocrx_word' id='word_1_4' title='bbox 1975 369 2307 426; x_wconf 77' lang='lat' dir='ltr'>PSALMUM</span> <span class='ocrx_word' id='word_1_5' title='bbox 2351 368 2485 424; x_wconf 69' lang='lat' dir='ltr'>VIII.</span> 
     </span>
    </p>
   </div>
   <div class='ocr_carea' id='block_1_2' title="bbox 287 479 1940 590">
    <p class='ocr_par' dir='ltr' id='par_1_2' title="bbox 287 479 1940 590">
     <span class='ocr_line' id='line_1_2' title="bbox 287 479 1940 590; baseline -0.002 -47"><span class='ocrx_word' id='word_1_6' title='bbox 287 479 342 590; x_wconf 52' lang='grc' dir='ltr'>τέ</span> <span class='ocrx_word' id='word_1_7' title='bbox 382 496 507 590; x_wconf 44' lang='grc' dir='ltr'>ναξ</span> <span class='ocrx_word' id='word_1_8' title='bbox 697 488 834 590; x_wconf 48' lang='grc' dir='ltr'>γάρ</span> <span class='ocrx_word' id='word_1_9' title='bbox 867 490 976 546; x_wconf 87' lang='grc' dir='ltr'>νῦν</span> <span class='ocrx_word' id='word_1_10' title='bbox 1020 490 1234 562; x_wconf 85' lang='grc' dir='ltr'>πρῶτον</span> <span class='ocrx_word' id='word_1_11' title='bbox 1257 491 1646 562; x_wconf 76' lang='grc' dir='ltr'>ήμαρτήκατες</span> <span class='ocrx_word' id='word_1_12' title='bbox 1679 490 1794 543; x_wconf 83' lang='grc' dir='ltr'>Νῦν</span> <span class='ocrx_word' id='word_1_13' title='bbox 1842 487 1940 557; x_wconf 76' lang='grc' dir='ltr'>μὲν</span> 
     </span>
    </p>
   </div>
   <div class='ocr_carea' id='block_1_3' title="bbox 298 575 1940 653">
    <p class='ocr_par' dir='ltr' id='par_1_3' title="bbox 298 575 1940 653">
     <span class='ocr_line' id='line_1_3' title="bbox 298 575 1940 653; baseline 0.003 -26"><span class='ocrx_word' id='word_1_14' title='bbox 298 575 378 628; x_wconf 73' lang='grc' dir='ltr'>οὖν</span> <span class='ocrx_word' id='word_1_15' title='bbox 414 575 521 629; x_wconf 64' lang='grc' dir='ltr'>καὶ</span> <span class='ocrx_word' id='word_1_16' title='bbox 555 577 1014 652; x_wconf 80' lang='grc' dir='ltr'>ἐπιεικέστεροι</span> <span class='ocrx_word' id='word_1_17' title='bbox 1056 584 1331 652; x_wconf 83' lang='grc' dir='ltr'>γεγόνατε.</span> <span class='ocrx_word' id='word_1_18' title='bbox 1370 582 1530 637; x_wconf 84' lang='grc' dir='ltr'>Ἀλλά</span> <span class='ocrx_word' id='word_1_19' title='bbox 1572 582 1737 653; x_wconf 79' lang='grc' dir='ltr'>μήπω</span> <span class='ocrx_word' id='word_1_20' title='bbox 1764 577 1940 634; x_wconf 87' lang='grc' dir='ltr'>τοῦτο·</span> 
     </span>
    </p>
   </div>
   <div class='ocr_carea' id='block_1_4' title="bbox 308 667 1944 747">
    <p class='ocr_par' dir='ltr' id='par_1_4' title="bbox 308 667 1944 747">
     <span class='ocr_line' id='line_1_4' title="bbox 308 667 1944 747; baseline 0.003 -27"><span class='ocrx_word' id='word_1_21' title='bbox 308 667 411 721; x_wconf 70' lang='grc' dir='ltr'>ἀλλ’</span> <span class='ocrx_word' id='word_1_22' title='bbox 453 670 648 724; x_wconf 74' lang='grc' dir='ltr'>ἐκεῖνο</span> <span class='ocrx_word' id='word_1_23' title='bbox 684 670 761 724; x_wconf 73' lang='grc' dir='ltr'>ἂν</span> <span class='ocrx_word' id='word_1_24' title='bbox 789 673 953 745; x_wconf 77' lang='grc' dir='ltr'>ὑμᾶς</span> <span class='ocrx_word' id='word_1_25' title='bbox 993 674 1238 747; x_wconf 90' lang='grc' dir='ltr'>ἐροίμην·</span> <span class='ocrx_word' id='word_1_26' title='bbox 1260 675 1415 738; x_wconf 82' lang='grc' dir='ltr'>Τίνος</span> <span class='ocrx_word' id='word_1_27' title='bbox 1437 674 1623 728; x_wconf 73' lang='grc' dir='ltr'>ἕνεκεν</span> <span class='ocrx_word' id='word_1_28' title='bbox 1656 673 1743 727; x_wconf 75' lang='grc' dir='ltr'>ἀεὶ</span> <span class='ocrx_word' id='word_1_29' title='bbox 1766 674 1944 743; x_wconf 87' lang='grc' dir='ltr'>ἀμαρ-</span> 
     </span>
    </p>
   </div>
   <div class='ocr_carea' id='block_1_5' title="bbox 320 762 1946 837">
    <p class='ocr_par' dir='ltr' id='par_1_5' title="bbox 320 762 1946 837">
     <span class='ocr_line' id='line_1_5' title="bbox 320 762 1946 837; baseline 0.001 -21"><span class='ocrx_word' id='word_1_30' title='bbox 320 762 570 826; x_wconf 67' lang='grc' dir='ltr'>τᾶνοντες</span> <span class='ocrx_word' id='word_1_31' title='bbox 614 764 915 835; x_wconf 81' lang='grc' dir='ltr'>πρότερον</span> <span class='ocrx_word' id='word_1_32' title='bbox 957 768 1281 837; x_wconf 81' lang='grc' dir='ltr'>ἐτυγχάνετε</span> <span class='ocrx_word' id='word_1_33' title='bbox 1335 765 1747 836; x_wconf 88' lang='grc' dir='ltr'>φιλανθρωπίας</span> <span class='ocrx_word' id='word_1_34' title='bbox 1790 763 1946 835; x_wconf 69' lang='grc' dir='ltr'>παρὰ</span> 
     </span>
    </p>
   </div>
   <div class='ocr_carea' id='block_1_6' title="bbox 332 852 1948 927">
    <p class='ocr_par' dir='ltr' id='par_1_6' title="bbox 332 852 1948 927">
     <span class='ocr_line' id='line_1_6' title="bbox 332 852 1948 927; baseline -0.001 -21"><span class='ocrx_word' id='word_1_35' title='bbox 332 852 461 907; x_wconf 69' lang='grc' dir='ltr'>θεοῦ</span> <span class='ocrx_word' id='word_1_36' title='bbox 487 865 539 917; x_wconf 70' lang='grc'>³,</span> <span class='ocrx_word' id='word_1_37' title='bbox 569 853 674 908; x_wconf 82' lang='grc' dir='ltr'>νῦν</span> <span class='ocrx_word' id='word_1_38' title='bbox 706 854 771 908; x_wconf 77' lang='grc' dir='ltr'>δὲ</span> <span class='ocrx_word' id='word_1_39' title='bbox 809 856 1025 921; x_wconf 86' lang='grc' dir='ltr'>ούκέτι,</span> <span class='ocrx_word' id='word_1_40' title='bbox 1056 857 1148 909; x_wconf 77' lang='grc' dir='ltr'>καὶ</span> <span class='ocrx_word' id='word_1_41' title='bbox 1178 856 1237 909; x_wconf 86' lang='grc' dir='ltr'>τὸ</span> <span class='ocrx_word' id='word_1_42' title='bbox 1273 854 1335 927; x_wconf 83' lang='grc' dir='ltr'>δὴ</span> <span class='ocrx_word' id='word_1_43' title='bbox 1366 854 1814 925; x_wconf 77' lang='grc' dir='ltr'>παραδοξότερον,</span> <span class='ocrx_word' id='word_1_44' title='bbox 1864 853 1948 905; x_wconf 85' lang='grc' dir='ltr'>ὅτι</span> 
     </span>
    </p>
   </div>
   <div class='ocr_carea' id='block_1_7' title="bbox 3510 363 3620 420">
    <p class='ocr_par' dir='ltr' id='par_1_7' title="bbox 3510 363 3620 420">
     <span class='ocr_line' id='line_1_7' title="bbox 3510 363 3620 420; baseline -0.009 0"><span class='ocrx_word' id='word_1_45' title='bbox 3510 363 3620 420; x_wconf 74' lang='lat'>“2</span> 
     </span>
    </p>
   </div>
   <div class='ocr_carea' id='block_1_8' title="bbox 2049 476 3626 555">
    <p class='ocr_par' dir='ltr' id='par_1_8' title="bbox 2049 476 3626 555">
     <span class='ocr_line' id='line_1_8' title="bbox 2049 476 3626 555; baseline -0.003 -16"><span class='ocrx_word' id='word_1_46' title='bbox 2049 484 2201 555; x_wconf 88' lang='grc' dir='ltr'>τημά</span> <span class='ocrx_word' id='word_1_47' title='bbox 2235 485 2351 538; x_wconf 79' lang='grc' dir='ltr'>ἐστι</span> <span class='ocrx_word' id='word_1_48' title='bbox 2385 481 2452 536; x_wconf 85' lang='grc' dir='ltr'>δι’</span> <span class='ocrx_word' id='word_1_49' title='bbox 2495 480 2523 535; x_wconf 82' lang='grc' dir='ltr'><strong>ὃ</strong></span> <span class='ocrx_word' id='word_1_50' title='bbox 2562 479 2917 552; x_wconf 84' lang='grc' dir='ltr'>χαλεπώτερα</span> <span class='ocrx_word' id='word_1_51' title='bbox 2947 477 3213 545; x_wconf 76' lang='grc' dir='ltr'>ὲπάθετε;</span> <span class='ocrx_word' id='word_1_52' title='bbox 3267 480 3337 531; x_wconf 86' lang='grc' dir='ltr'><em>Ἢ</em></span> <span class='ocrx_word' id='word_1_53' title='bbox 3379 476 3626 549; x_wconf 67' lang='grc' dir='ltr'>εὔδηλον,</span> 
     </span>
    </p>
   </div>
   <div class='ocr_carea' id='block_1_9' title="bbox 2048 573 3625 647">
    <p class='ocr_par' dir='ltr' id='par_1_9' title="bbox 2048 573 3625 647">
     <span class='ocr_line' id='line_1_9' title="bbox 2048 573 3625 647; baseline -0.005 -12"><span class='ocrx_word' id='word_1_54' title='bbox 2048 582 2130 635; x_wconf 82' lang='grc' dir='ltr'>ὅτι</span> <span class='ocrx_word' id='word_1_55' title='bbox 2159 580 2220 634; x_wconf 87' lang='grc' dir='ltr'>τὸ</span> <span class='ocrx_word' id='word_1_56' title='bbox 2250 578 2345 632; x_wconf 91' lang='grc' dir='ltr'>τοῦ</span> <span class='ocrx_word' id='word_1_57' title='bbox 2383 576 2616 647; x_wconf 84' lang='grc' dir='ltr'>σταυροῦ</span> <span class='ocrx_word' id='word_1_58' title='bbox 2655 575 2910 646; x_wconf 82' lang='grc' dir='ltr'>τόλμημα</span> <span class='ocrx_word' id='word_1_59' title='bbox 2933 577 2962 628; x_wconf 84' lang='grc' dir='ltr'>ὁ</span> <span class='ocrx_word' id='word_1_60' title='bbox 2993 573 3234 644; x_wconf 83' lang='grc' dir='ltr'>κολοφὼν</span> <span class='ocrx_word' id='word_1_61' title='bbox 3263 573 3371 627; x_wconf 86' lang='grc' dir='ltr'>τῶν</span> <span class='ocrx_word' id='word_1_62' title='bbox 3403 574 3625 644; x_wconf 82' lang='grc' dir='ltr'>κακῶν;</span> 
     </span>
    </p>
   </div>
   <div class='ocr_carea' id='block_1_10' title="bbox 2050 668 3629 742">
    <p class='ocr_par' dir='ltr' id='par_1_10' title="bbox 2050 668 3629 742">
     <span class='ocr_line' id='line_1_10' title="bbox 2050 668 3629 742; baseline -0.003 -12"><span class='ocrx_word' id='word_1_63' title='bbox 2050 676 2221 730; x_wconf 86' lang='grc' dir='ltr'>Τοῦτο</span> <span class='ocrx_word' id='word_1_64' title='bbox 2249 675 2343 729; x_wconf 73' lang='grc' dir='ltr'>καὶ</span> <span class='ocrx_word' id='word_1_65' title='bbox 2370 671 2825 742; x_wconf 85' lang='grc' dir='ltr'>είδωλολατρείας,</span> <span class='ocrx_word' id='word_1_66' title='bbox 2860 668 2974 741; x_wconf 71' lang='grc'><strong>[85]</strong></span> <span class='ocrx_word' id='word_1_67' title='bbox 3007 670 3102 723; x_wconf 76' lang='grc' dir='ltr'>καὶ</span> <span class='ocrx_word' id='word_1_68' title='bbox 3134 670 3507 741; x_wconf 87' lang='grc' dir='ltr'>μοσχοποιίας,</span> <span class='ocrx_word' id='word_1_69' title='bbox 3534 671 3629 725; x_wconf 76' lang='grc' dir='ltr'>καὶ</span> 
     </span>
    </p>
   </div>
   <div class='ocr_carea' id='block_1_11' title="bbox 2051 767 3634 841">
    <p class='ocr_par' dir='ltr' id='par_1_11' title="bbox 2051 767 3634 841">
     <span class='ocr_line' id='line_1_11' title="bbox 2051 767 3634 841; baseline -0.003 -14"><span class='ocrx_word' id='word_1_70' title='bbox 2051 772 2430 833; x_wconf 86' lang='grc' dir='ltr'>παιδοκτονίας</span> <span class='ocrx_word' id='word_1_71' title='bbox 2466 769 2663 841; x_wconf 82' lang='grc' dir='ltr'>μᾶλλον</span> <span class='ocrx_word' id='word_1_72' title='bbox 2697 770 2841 839; x_wconf 75' lang='grc' dir='ltr'>ὑμᾶς</span> <span class='ocrx_word' id='word_1_73' title='bbox 2886 767 3183 821; x_wconf 87' lang='grc' dir='ltr'>ἀπώλεσεν.</span> <span class='ocrx_word' id='word_1_74' title='bbox 3234 769 3310 821; x_wconf 83' lang='grc' dir='ltr'>Οὐ</span> <span class='ocrx_word' id='word_1_75' title='bbox 3352 768 3461 839; x_wconf 92' lang='grc' dir='ltr'>γάρ</span> <span class='ocrx_word' id='word_1_76' title='bbox 3486 770 3634 823; x_wconf 82' lang='grc' dir='ltr'>ἐστιν</span> 
     </span>
    </p>
   </div>
   <div class='ocr_carea' id='block_1_12' title="bbox 348 942 1952 1020">
    <p class='ocr_par' dir='ltr' id='par_1_12' title="bbox 348 942 1952 1020">
     <span class='ocr_line' id='line_1_12' title="bbox 348 942 1952 1020; baseline -0.002 -20"><span class='ocrx_word' id='word_1_77' title='bbox 348 948 603 1002; x_wconf 72' lang='grc' dir='ltr'>ἐλάττονα.</span> <span class='ocrx_word' id='word_1_78' title='bbox 638 947 744 1001; x_wconf 83' lang='grc' dir='ltr'>νῦν</span> <span class='ocrx_word' id='word_1_79' title='bbox 792 947 1238 1020; x_wconf 78' lang='grc' dir='ltr'>ἁμαρτάνοντεςς</span> <span class='ocrx_word' id='word_1_80' title='bbox 1280 947 1415 1000; x_wconf 86' lang='grc' dir='ltr'>Τότε</span> <span class='ocrx_word' id='word_1_81' title='bbox 1447 946 1549 1018; x_wconf 83' lang='grc' dir='ltr'>μὲν</span> <span class='ocrx_word' id='word_1_82' title='bbox 1584 944 1694 1017; x_wconf 84' lang='grc' dir='ltr'>γὰρ</span> <span class='ocrx_word' id='word_1_83' title='bbox 1732 945 1825 998; x_wconf 71' lang='grc' dir='ltr'>καὶ</span> <span class='ocrx_word' id='word_1_84' title='bbox 1873 942 1952 1014; x_wconf 84' lang='grc' dir='ltr'>τῷ</span> 
     </span>
    </p>
   </div>
   <div class='ocr_carea' id='block_1_13' title="bbox 357 1035 1951 1110">
    <p class='ocr_par' dir='ltr' id='par_1_13' title="bbox 357 1035 1951 1110">
     <span class='ocr_line' id='line_1_13' title="bbox 357 1035 1951 1110; baseline -0.004 -18"><span class='ocrx_word' id='word_1_85' title='bbox 357 1037 673 1110; x_wconf 74' lang='grc' dir='ltr'>Βεελφεγὼρ</span> <span class='ocrx_word' id='word_1_86' title='bbox 731 1037 1035 1104; x_wconf 87' lang='grc' dir='ltr'>ἐτελείσθε,</span> <span class='ocrx_word' id='word_1_87' title='bbox 1092 1038 1185 1091; x_wconf 73' lang='grc' dir='ltr'>καὶ</span> <span class='ocrx_word' id='word_1_88' title='bbox 1243 1037 1441 1108; x_wconf 86' lang='grc' dir='ltr'>μόσχον</span> <span class='ocrx_word' id='word_1_89' title='bbox 1484 1035 1951 1108; x_wconf 78' lang='grc' dir='ltr'>προσεκυνήσατε,</span> 
     </span>
    </p>
   </div>
   <div class='ocr_carea' id='block_1_14' title="bbox 361 1126 1954 1200">
    <p class='ocr_par' dir='ltr' id='par_1_14' title="bbox 361 1126 1954 1200">
     <span class='ocr_line' id='line_1_14' title="bbox 361 1126 1954 1200; baseline -0.003 -16"><span class='ocrx_word' id='word_1_90' title='bbox 361 1133 453 1185; x_wconf 70' lang='grc' dir='ltr'>καὶ</span> <span class='ocrx_word' id='word_1_91' title='bbox 502 1132 630 1194; x_wconf 72' lang='grc' dir='ltr'>τοὺς</span> <span class='ocrx_word' id='word_1_92' title='bbox 674 1131 835 1193; x_wconf 76' lang='grc' dir='ltr'>υἱοὺς</span> <span class='ocrx_word' id='word_1_93' title='bbox 881 1129 1170 1198; x_wconf 81' lang='grc' dir='ltr'>ἐσφάξατε,</span> <span class='ocrx_word' id='word_1_94' title='bbox 1216 1127 1334 1200; x_wconf 75' lang='grc'>[82]</span> <span class='ocrx_word' id='word_1_95' title='bbox 1371 1128 1463 1181; x_wconf 75' lang='grc' dir='ltr'>καὶ</span> <span class='ocrx_word' id='word_1_96' title='bbox 1503 1127 1603 1191; x_wconf 88' lang='grc' dir='ltr'>τάς</span> <span class='ocrx_word' id='word_1_97' title='bbox 1648 1126 1954 1198; x_wconf 77' lang='grc' dir='ltr'>θυγατέρας</span> 
     </span>
    </p>
   </div>
   <div class='ocr_carea' id='block_1_15' title="bbox 367 1218 1956 1297">
    <p class='ocr_par' dir='ltr' id='par_1_15' title="bbox 367 1218 1956 1297">
     <span class='ocr_line' id='line_1_15' title="bbox 367 1218 1956 1297; baseline -0.004 -18"><span class='ocrx_word' id='word_1_98' title='bbox 367 1224 516 1297; x_wconf 82' lang='grc' dir='ltr'>ὑμῶν</span> <span class='ocrx_word' id='word_1_99' title='bbox 553 1223 823 1282; x_wconf 86' lang='grc' dir='ltr'>ἀνείλετε.</span> <span class='ocrx_word' id='word_1_100' title='bbox 860 1224 953 1275; x_wconf 72' lang='grc' dir='ltr'>καὶ</span> <span class='ocrx_word' id='word_1_101' title='bbox 975 1221 1144 1275; x_wconf 87' lang='grc' dir='ltr'>ταῦτα</span> <span class='ocrx_word' id='word_1_102' title='bbox 1166 1221 1414 1292; x_wconf 83' lang='grc' dir='ltr'>’σημείων</span> <span class='ocrx_word' id='word_1_103' title='bbox 1446 1220 1829 1283; x_wconf 83' lang='grc' dir='ltr'>ἀπολαύοντες·</span> <span class='ocrx_word' id='word_1_104' title='bbox 1860 1218 1956 1273; x_wconf 89' lang='grc' dir='ltr'>νῦν</span> 
     </span>
    </p>
   </div>
   <div class='ocr_carea' id='block_1_16' title="bbox 369 1311 1961 1384">
    <p class='ocr_par' dir='ltr' id='par_1_16' title="bbox 369 1311 1961 1384">
     <span class='ocr_line' id='line_1_16' title="bbox 369 1311 1961 1384; baseline -0.005 -14"><span class='ocrx_word' id='word_1_105' title='bbox 369 1317 425 1370; x_wconf 77' lang='grc' dir='ltr'>δὲ</span> <span class='ocrx_word' id='word_1_106' title='bbox 446 1317 505 1369; x_wconf 78' lang='grc' dir='ltr'>οῦ</span> <span class='ocrx_word' id='word_1_107' title='bbox 527 1315 804 1368; x_wconf 85' lang='grc' dir='ltr'>θάλατταν</span> <span class='ocrx_word' id='word_1_108' title='bbox 826 1313 1060 1384; x_wconf 85' lang='grc' dir='ltr'>ὁρῶντες</span> <span class='ocrx_word' id='word_1_109' title='bbox 1084 1311 1424 1383; x_wconf 74' lang='grc' dir='ltr'>σχιζομένην,</span> <span class='ocrx_word' id='word_1_110' title='bbox 1448 1313 1506 1365; x_wconf 86' lang='grc' dir='ltr'>ού</span> <span class='ocrx_word' id='word_1_111' title='bbox 1534 1311 1738 1384; x_wconf 88' lang='grc' dir='ltr'>πέτραν</span> <span class='ocrx_word' id='word_1_112' title='bbox 1762 1313 1961 1382; x_wconf 80' lang='grc' dir='ltr'>ρηγνυ-</span> 
     </span>
    </p>
   </div>
   <div class='ocr_carea' id='block_1_17' title="bbox 378 1403 1962 1479">
    <p class='ocr_par' dir='ltr' id='par_1_17' title="bbox 378 1403 1962 1479">
     <span class='ocr_line' id='line_1_17' title="bbox 378 1403 1962 1479; baseline -0.005 -17"><span class='ocrx_word' id='word_1_113' title='bbox 378 1410 567 1479; x_wconf 81' lang='grc' dir='ltr'>μένην,</span> <span class='ocrx_word' id='word_1_114' title='bbox 612 1409 674 1460; x_wconf 79' lang='grc' dir='ltr'>οὐ</span> <span class='ocrx_word' id='word_1_115' title='bbox 722 1408 1012 1477; x_wconf 86' lang='grc' dir='ltr'>προφήτας</span> <span class='ocrx_word' id='word_1_116' title='bbox 1062 1406 1549 1477; x_wconf 81' lang='grc' dir='ltr'>παραγινομένους,</span> <span class='ocrx_word' id='word_1_117' title='bbox 1586 1404 1647 1458; x_wconf 83' lang='grc' dir='ltr'>οὐ</span> <span class='ocrx_word' id='word_1_118' title='bbox 1692 1403 1790 1473; x_wconf 84' lang='grc' dir='ltr'>τῆς</span> <span class='ocrx_word' id='word_1_119' title='bbox 1837 1419 1962 1455; x_wconf 82' lang='grc' dir='ltr'>συν-</span> 
     </span>
    </p>
   </div>
   <div class='ocr_carea' id='block_1_18' title="bbox 376 1493 1964 1571">
    <p class='ocr_par' dir='ltr' id='par_1_18' title="bbox 376 1493 1964 1571">
     <span class='ocr_line' id='line_1_18' title="bbox 376 1493 1964 1571; baseline -0.004 -18"><span class='ocrx_word' id='word_1_120' title='bbox 376 1500 541 1571; x_wconf 85' lang='grc' dir='ltr'>ήθους</span> <span class='ocrx_word' id='word_1_121' title='bbox 582 1498 948 1563; x_wconf 78' lang='grc' dir='ltr'>ἀπολαύοντες</span> <span class='ocrx_word' id='word_1_122' title='bbox 999 1498 1275 1569; x_wconf 71' lang='grc' dir='ltr'>προνοίας,</span> <span class='ocrx_word' id='word_1_123' title='bbox 1318 1498 1468 1567; x_wconf 80' lang='grc' dir='ltr'>ὅμως</span> <span class='ocrx_word' id='word_1_124' title='bbox 1510 1495 1732 1566; x_wconf 78' lang='grc' dir='ltr'>μείζονα</span> <span class='ocrx_word' id='word_1_125' title='bbox 1763 1493 1964 1547; x_wconf 83' lang='grc' dir='ltr'>ἐπιδεί-</span> 
     </span>
    </p>
   </div>
   <div class='ocr_carea' id='block_1_19' title="bbox 381 1584 1968 1664">
    <p class='ocr_par' dir='ltr' id='par_1_19' title="bbox 381 1584 1968 1664">
     <span class='ocr_line' id='line_1_19' title="bbox 381 1584 1968 1664; baseline -0.006 -17"><span class='ocrx_word' id='word_1_126' title='bbox 381 1595 582 1647; x_wconf 83' lang='grc' dir='ltr'>κνυσθε</span> <span class='ocrx_word' id='word_1_127' title='bbox 635 1592 737 1664; x_wconf 83' lang='grc' dir='ltr'>τὴν</span> <span class='ocrx_word' id='word_1_128' title='bbox 773 1592 1091 1645; x_wconf 61' lang='grc' dir='ltr'>ἐπιείκειαν</span> <span class='ocrx_word' id='word_1_129' title='bbox 1125 1589 1176 1644; x_wconf 90' lang='grc' dir='ltr'>τί</span> <span class='ocrx_word' id='word_1_130' title='bbox 1220 1590 1420 1661; x_wconf 82' lang='grc' dir='ltr'>δήποτε</span> <span class='ocrx_word' id='word_1_131' title='bbox 1479 1585 1589 1653; x_wconf 81' lang='grc' dir='ltr'>οὖν,</span> <span class='ocrx_word' id='word_1_132' title='bbox 1638 1588 1729 1642; x_wconf 75' lang='grc' dir='ltr'>ὅτε</span> <span class='ocrx_word' id='word_1_133' title='bbox 1764 1589 1858 1641; x_wconf 77' lang='grc' dir='ltr'>καὶ</span> <span class='ocrx_word' id='word_1_134' title='bbox 1896 1584 1968 1639; x_wconf 75' lang='grc' dir='ltr'>τά</span> 
     </span>
    </p>
   </div>
   <div class='ocr_carea' id='block_1_20' title="bbox 384 1676 1962 1756">
    <p class='ocr_par' dir='ltr' id='par_1_20' title="bbox 384 1676 1962 1756">
     <span class='ocr_line' id='line_1_20' title="bbox 384 1676 1962 1756; baseline -0.006 -17"><span class='ocrx_word' id='word_1_135' title='bbox 384 1686 759 1756; x_wconf 77' lang='grc' dir='ltr'>ἁμαρτήματα</span> <span class='ocrx_word' id='word_1_136' title='bbox 792 1682 1089 1755; x_wconf 25' lang='grc' dir='ltr'>κέλάττονα,</span> <span class='ocrx_word' id='word_1_137' title='bbox 1132 1683 1224 1735; x_wconf 75' lang='grc' dir='ltr'>καὶ</span> <span class='ocrx_word' id='word_1_138' title='bbox 1277 1683 1310 1753; x_wconf 85' lang='grc' dir='ltr'>ή</span> <span class='ocrx_word' id='word_1_139' title='bbox 1371 1680 1691 1751; x_wconf 81' lang='grc' dir='ltr'>σωφροσύνη</span> <span class='ocrx_word' id='word_1_140' title='bbox 1738 1676 1962 1740; x_wconf 88' lang='grc' dir='ltr'>πλείων,</span> 
     </span>
    </p>
   </div>
   <div class='ocr_carea' id='block_1_21' title="bbox 389 1762 1968 1849">
    <p class='ocr_par' dir='ltr' id='par_1_21' title="bbox 389 1762 1968 1849">
     <span class='ocr_line' id='line_1_21' title="bbox 389 1762 1968 1849; baseline -0.006 -18"><span class='ocrx_word' id='word_1_141' title='bbox 389 1780 594 1849; x_wconf 76' lang='grc' dir='ltr'>μείζων</span> <span class='ocrx_word' id='word_1_142' title='bbox 627 1778 659 1847; x_wconf 77' lang='grc' dir='ltr'><strong>ἡ</strong></span> <span class='ocrx_word' id='word_1_143' title='bbox 694 1762 913 1838; x_wconf 84' lang='grc' dir='ltr'>κόλασις</span> <span class='ocrx_word' id='word_1_144' title='bbox 946 1775 1039 1827; x_wconf 81' lang='grc' dir='ltr'>καὶ</span> <span class='ocrx_word' id='word_1_145' title='bbox 1086 1776 1119 1845; x_wconf 87' lang='grc' dir='ltr'>ή</span> <span class='ocrx_word' id='word_1_146' title='bbox 1160 1773 1431 1844; x_wconf 85' lang='grc' dir='ltr'>τιμωρία;</span> <span class='ocrx_word' id='word_1_147' title='bbox 1466 1774 1581 1826; x_wconf 63' lang='lat' dir='ltr'>Uine</span> <span class='ocrx_word' id='word_1_148' title='bbox 1608 1770 1829 1841; x_wconf 74' lang='grc' dir='ltr'>εὔδηλον</span> <span class='ocrx_word' id='word_1_149' title='bbox 1874 1769 1968 1822; x_wconf 78' lang='grc' dir='ltr'>καὶ</span> 
     </span>
    </p>
   </div>
   <div class='ocr_carea' id='block_1_22' title="bbox 386 1862 1969 1940">
    <p class='ocr_par' dir='ltr' id='par_1_22' title="bbox 386 1862 1969 1940">
     <span class='ocr_line' id='line_1_22' title="bbox 386 1862 1969 1940; baseline -0.006 -16"><span class='ocrx_word' id='word_1_150' title='bbox 386 1875 498 1933; x_wconf 66' lang='lat' dir='ltr'>eoi;</span> <span class='ocrx_word' id='word_1_151' title='bbox 534 1870 740 1940; x_wconf 71' lang='grc' dir='ltr'>σφόδρα</span> <span class='ocrx_word' id='word_1_152' title='bbox 772 1869 1036 1938; x_wconf 88' lang='grc' dir='ltr'>ἀνοήτοις,</span> <span class='ocrx_word' id='word_1_153' title='bbox 1059 1867 1142 1919; x_wconf 85' lang='grc' dir='ltr'>ὃτι</span> <span class='ocrx_word' id='word_1_154' title='bbox 1167 1865 1352 1936; x_wconf 81' lang='grc' dir='ltr'>ἐπειδὴ</span> <span class='ocrx_word' id='word_1_155' title='bbox 1375 1864 1557 1935; x_wconf 79' lang='grc' dir='ltr'>μεῖξον</span> <span class='ocrx_word' id='word_1_156' title='bbox 1587 1864 1647 1917; x_wconf 88' lang='grc' dir='ltr'>τὸ</span> <span class='ocrx_word' id='word_1_157' title='bbox 1672 1862 1767 1917; x_wconf 86' lang='grc' dir='ltr'>νῦν</span> <span class='ocrx_word' id='word_1_158' title='bbox 1788 1862 1969 1933; x_wconf 86' lang='grc' dir='ltr'>ἀμάρ-</span> 
     </span>
    </p>
   </div>
   <div class='ocr_carea' id='block_1_23' title="bbox 388 1954 1968 2033">
    <p class='ocr_par' dir='ltr' id='par_1_23' title="bbox 388 1954 1968 2033">
     <span class='ocr_line' id='line_1_23' title="bbox 388 1954 1968 2033; baseline -0.007 -17"><span class='ocrx_word' id='word_1_159' title='bbox 388 1980 585 2033; x_wconf 73' lang='grc' dir='ltr'>τημας</span> <span class='ocrx_word' id='word_1_160' title='bbox 620 1962 765 2025; x_wconf 82' lang='grc' dir='ltr'>Ἕως</span> <span class='ocrx_word' id='word_1_161' title='bbox 809 1961 910 2031; x_wconf 86' lang='grc' dir='ltr'>μὲν</span> <span class='ocrx_word' id='word_1_162' title='bbox 947 1958 1058 2031; x_wconf 84' lang='grc' dir='ltr'>γὰρ</span> <span class='ocrx_word' id='word_1_163' title='bbox 1083 1961 1161 2022; x_wconf 76' lang='grc' dir='ltr'>είς</span> <span class='ocrx_word' id='word_1_164' title='bbox 1195 1960 1320 2022; x_wconf 85' lang='grc' dir='ltr'>τοὺς</span> <span class='ocrx_word' id='word_1_165' title='bbox 1346 1957 1562 2020; x_wconf 85' lang='grc' dir='ltr'>δούλους</span> <span class='ocrx_word' id='word_1_166' title='bbox 1604 1954 1968 2027; x_wconf 85' lang='grc' dir='ltr'>ήμαρτάνετε,</span> 
     </span>
    </p>
   </div>
   <div class='ocr_carea' id='block_1_24' title="bbox 392 2045 1974 2125">
    <p class='ocr_par' dir='ltr' id='par_1_24' title="bbox 392 2045 1974 2125">
     <span class='ocr_line' id='line_1_24' title="bbox 392 2045 1974 2125; baseline -0.006 -17"><span class='ocrx_word' id='word_1_167' title='bbox 392 2057 717 2125; x_wconf 74' lang='grc' dir='ltr'>ἐτυγχάνετε</span> <span class='ocrx_word' id='word_1_168' title='bbox 761 2051 1105 2123; x_wconf 80' lang='grc' dir='ltr'>συγγνώμης,</span> <span class='ocrx_word' id='word_1_169' title='bbox 1162 2052 1447 2121; x_wconf 84' lang='grc' dir='ltr'>προφήτας</span> <span class='ocrx_word' id='word_1_170' title='bbox 1482 2046 1833 2119; x_wconf 78' lang='grc' dir='ltr'>ἀναιροῦντες</span> <span class='ocrx_word' id='word_1_171' title='bbox 1878 2045 1974 2099; x_wconf 76' lang='grc' dir='ltr'>καὶ</span> 
     </span>
    </p>
   </div>
   <div class='ocr_carea' id='block_1_25' title="bbox 394 2140 1976 2219">
    <p class='ocr_par' dir='ltr' id='par_1_25' title="bbox 394 2140 1976 2219">
     <span class='ocr_line' id='line_1_25' title="bbox 394 2140 1976 2219; baseline -0.008 -16"><span class='ocrx_word' id='word_1_172' title='bbox 394 2150 724 2212; x_wconf 74' lang='grc' dir='ltr'>λιθάξοντες·</span> <span class='ocrx_word' id='word_1_173' title='bbox 752 2147 938 2219; x_wconf 86' lang='grc' dir='ltr'>ἐπειδὴ</span> <span class='ocrx_word' id='word_1_174' title='bbox 982 2146 1041 2200; x_wconf 85' lang='grc' dir='ltr'>δὲ</span> <span class='ocrx_word' id='word_1_175' title='bbox 1077 2147 1158 2210; x_wconf 88' lang='grc' dir='ltr'>είς</span> <span class='ocrx_word' id='word_1_176' title='bbox 1196 2145 1287 2198; x_wconf 87' lang='grc' dir='ltr'>τὸν</span> <span class='ocrx_word' id='word_1_177' title='bbox 1332 2142 1610 2211; x_wconf 86' lang='grc' dir='ltr'>Δεσπότην</span> <span class='ocrx_word' id='word_1_178' title='bbox 1647 2140 1744 2204; x_wconf 76' lang='grc' dir='ltr'>τὰς</span> <span class='ocrx_word' id='word_1_179' title='bbox 1789 2140 1976 2210; x_wconf 87' lang='grc' dir='ltr'>χεῖρας</span> 
     </span>
    </p>
   </div>
   <div class='ocr_carea' id='block_1_26' title="bbox 396 2233 1974 2308">
    <p class='ocr_par' dir='ltr' id='par_1_26' title="bbox 396 2233 1974 2308">
     <span class='ocr_line' id='line_1_26' title="bbox 396 2233 1974 2308; baseline -0.005 -12"><span class='ocrx_word' id='word_1_180' title='bbox 396 2243 722 2308; x_wconf 75' lang='grc' dir='ltr'>ἐξετείνατε,</span> <span class='ocrx_word' id='word_1_181' title='bbox 776 2241 992 2294; x_wconf 85' lang='grc' dir='ltr'>ἀνίατον</span> <span class='ocrx_word' id='word_1_182' title='bbox 1039 2238 1259 2308; x_wconf 87' lang='grc' dir='ltr'>γέγονεν</span> <span class='ocrx_word' id='word_1_183' title='bbox 1300 2238 1428 2308; x_wconf 84' lang='grc' dir='ltr'>ὑμῖν</span> <span class='ocrx_word' id='word_1_184' title='bbox 1474 2235 1534 2289; x_wconf 87' lang='grc' dir='ltr'>τὸ</span> <span class='ocrx_word' id='word_1_185' title='bbox 1566 2234 1722 2297; x_wconf 76' lang='grc' dir='ltr'>ἕλκος</span> <span class='ocrx_word' id='word_1_186' title='bbox 1767 2233 1974 2288; x_wconf 81' lang='grc' dir='ltr'>λοιπόν.</span> 
     </span>
    </p>
   </div>
   <div class='ocr_carea' id='block_1_27' title="bbox 398 2315 1978 2405">
    <p class='ocr_par' dir='ltr' id='par_1_27' title="bbox 398 2315 1978 2405">
     <span class='ocr_line' id='line_1_27' title="bbox 398 2315 1978 2405; baseline -0.008 -18"><span class='ocrx_word' id='word_1_187' title='bbox 398 2336 491 2388; x_wconf 77' lang='grc' dir='ltr'>Διὸ</span> <span class='ocrx_word' id='word_1_188' title='bbox 531 2335 852 2405; x_wconf 83' lang='grc' dir='ltr'>τετρακόσια</span> <span class='ocrx_word' id='word_1_189' title='bbox 891 2329 1075 2384; x_wconf 89' lang='grc' dir='ltr'>λοιπὸν</span> <span class='ocrx_word' id='word_1_190' title='bbox 1135 2328 1229 2400; x_wconf 80' lang='grc' dir='ltr'>ἐτη</span> <span class='ocrx_word' id='word_1_191' title='bbox 1281 2327 1582 2399; x_wconf 80' lang='grc' dir='ltr'>παρῆλθον,</span> <span class='ocrx_word' id='word_1_192' title='bbox 1630 2326 1722 2395; x_wconf 89' lang='grc' dir='ltr'>ἀφ’</span> <span class='ocrx_word' id='word_1_193' title='bbox 1782 2315 1843 2377; x_wconf 78' lang='grc' dir='ltr'>οὗ</span> <span class='ocrx_word' id='word_1_194' title='bbox 1885 2322 1978 2376; x_wconf 78' lang='grc' dir='ltr'>καὶ</span> 
     </span>
    </p>
   </div>
   <div class='ocr_carea' id='block_1_28' title="bbox 400 2411 1980 2493">
    <p class='ocr_par' dir='ltr' id='par_1_28' title="bbox 400 2411 1980 2493">
     <span class='ocr_line' id='line_1_28' title="bbox 400 2411 1980 2493; baseline -0.009 -14"><span class='ocrx_word' id='word_1_195' title='bbox 400 2427 535 2479; x_wconf 71' lang='grc' dir='ltr'>αὐτὸ</span> <span class='ocrx_word' id='word_1_196' title='bbox 568 2424 667 2493; x_wconf 81' lang='grc' dir='ltr'>τῆς</span> <span class='ocrx_word' id='word_1_197' title='bbox 698 2421 905 2485; x_wconf 86' lang='grc' dir='ltr'>πόλεως</span> <span class='ocrx_word' id='word_1_198' title='bbox 931 2421 993 2474; x_wconf 83' lang='grc' dir='ltr'>τὸ</span> <span class='ocrx_word' id='word_1_199' title='bbox 1033 2420 1226 2487; x_wconf 80' lang='grc' dir='ltr'>ἔδαφος</span> <span class='ocrx_word' id='word_1_200' title='bbox 1258 2418 1575 2488; x_wconf 74' lang='grc' dir='ltr'>ἠφάνισται,</span> <span class='ocrx_word' id='word_1_201' title='bbox 1623 2417 1657 2487; x_wconf 84' lang='grc' dir='ltr'>ἡ</span> <span class='ocrx_word' id='word_1_202' title='bbox 1711 2411 1980 2485; x_wconf 80' lang='grc' dir='ltr'>ἱερωσύνη</span> 
     </span>
    </p>
   </div>
   <div class='ocr_carea' id='block_1_29' title="bbox 402 2508 1983 2591">
    <p class='ocr_par' dir='ltr' id='par_1_29' title="bbox 402 2508 1983 2591">
     <span class='ocr_line' id='line_1_29' title="bbox 402 2508 1983 2591; baseline -0.009 -18"><span class='ocrx_word' id='word_1_203' title='bbox 402 2520 691 2591; x_wconf 73' lang='grc' dir='ltr'>ἀνῄρηται,</span> <span class='ocrx_word' id='word_1_204' title='bbox 737 2518 771 2587; x_wconf 82' lang='grc' dir='ltr'>ή</span> <span class='ocrx_word' id='word_1_205' title='bbox 821 2514 1067 2586; x_wconf 85' lang='grc' dir='ltr'>βασιλεία</span> <span class='ocrx_word' id='word_1_206' title='bbox 1103 2512 1340 2575; x_wconf 77' lang='grc' dir='ltr'>λέλυται,</span> <span class='ocrx_word' id='word_1_207' title='bbox 1386 2510 1457 2565; x_wconf 87' lang='grc' dir='ltr'>τά</span> <span class='ocrx_word' id='word_1_208' title='bbox 1494 2510 1602 2563; x_wconf 85' lang='grc' dir='ltr'>τῶν</span> <span class='ocrx_word' id='word_1_209' title='bbox 1630 2508 1810 2578; x_wconf 84' lang='grc' dir='ltr'>φυλῶν</span> <span class='ocrx_word' id='word_1_210' title='bbox 1850 2523 1983 2574; x_wconf 91' lang='grc' dir='ltr'>συγ-</span> 
     </span>
    </p>
   </div>
   <div class='ocr_carea' id='block_1_30' title="bbox 404 2600 1987 2683">
    <p class='ocr_par' dir='ltr' id='par_1_30' title="bbox 404 2600 1987 2683">
     <span class='ocr_line' id='line_1_30' title="bbox 404 2600 1987 2683; baseline -0.009 -17"><span class='ocrx_word' id='word_1_211' title='bbox 404 2614 652 2683; x_wconf 78' lang='grc' dir='ltr'>κέχυται,</span> <span class='ocrx_word' id='word_1_212' title='bbox 688 2610 863 2664; x_wconf 88' lang='grc' dir='ltr'>πάντα</span> <span class='ocrx_word' id='word_1_213' title='bbox 891 2606 962 2662; x_wconf 91' lang='grc' dir='ltr'>τά</span> <span class='ocrx_word' id='word_1_214' title='bbox 988 2606 1160 2679; x_wconf 83' lang='grc' dir='ltr'>σεμνά</span> <span class='ocrx_word' id='word_1_215' title='bbox 1192 2607 1373 2660; x_wconf 80' lang='grc' dir='ltr'>ἐκεῖνα</span> <span class='ocrx_word' id='word_1_216' title='bbox 1413 2604 1507 2657; x_wconf 80' lang='grc' dir='ltr'>καὶ</span> <span class='ocrx_word' id='word_1_217' title='bbox 1536 2601 1766 2673; x_wconf 84' lang='grc' dir='ltr'>λαμπρά</span> <span class='ocrx_word' id='word_1_218' title='bbox 1794 2600 1987 2671; x_wconf 69' lang='grc' dir='ltr'>ήφάνιυ</span> 
     </span>
    </p>
   </div>
   <div class='ocr_carea' id='block_1_31' title="bbox 409 2691 1987 2772">
    <p class='ocr_par' dir='ltr' id='par_1_31' title="bbox 409 2691 1987 2772">
     <span class='ocr_line' id='line_1_31' title="bbox 409 2691 1987 2772; baseline -0.009 -15"><span class='ocrx_word' id='word_1_219' title='bbox 409 2723 553 2761; x_wconf 84' lang='grc' dir='ltr'>σται,</span> <span class='ocrx_word' id='word_1_220' title='bbox 582 2704 677 2756; x_wconf 72' lang='grc' dir='ltr'>καὶ</span> <span class='ocrx_word' id='word_1_221' title='bbox 705 2702 824 2755; x_wconf 81' lang='grc' dir='ltr'>οὐδὲ</span> <span class='ocrx_word' id='word_1_222' title='bbox 854 2701 998 2772; x_wconf 84' lang='grc' dir='ltr'>ῖχνος</span> <span class='ocrx_word' id='word_1_223' title='bbox 1036 2700 1163 2772; x_wconf 84' lang='grc' dir='ltr'>παρ’</span> <span class='ocrx_word' id='word_1_224' title='bbox 1191 2699 1337 2770; x_wconf 60' lang='grc' dir='ltr'>ὑμῖν</span> <span class='ocrx_word' id='word_1_225' title='bbox 1368 2697 1505 2767; x_wconf 82' lang='grc' dir='ltr'>ὅπερ</span> <span class='ocrx_word' id='word_1_226' title='bbox 1531 2694 1789 2748; x_wconf 79' lang='grc' dir='ltr'>οὐδέποτε</span> <span class='ocrx_word' id='word_1_227' title='bbox 1827 2691 1987 2760; x_wconf 87' lang='grc' dir='ltr'>γέγο-</span> 
     </span>
    </p>
   </div>
   <div class='ocr_carea' id='block_1_32' title="bbox 406 2784 1987 2865">
    <p class='ocr_par' dir='ltr' id='par_1_32' title="bbox 406 2784 1987 2865">
     <span class='ocr_line' id='line_1_32' title="bbox 406 2784 1987 2865; baseline -0.009 -14"><span class='ocrx_word' id='word_1_228' title='bbox 406 2815 518 2852; x_wconf 84' lang='grc' dir='ltr'>νεν.</span> <span class='ocrx_word' id='word_1_229' title='bbox 557 2796 697 2849; x_wconf 82' lang='grc' dir='ltr'>Ἀλλ’</span> <span class='ocrx_word' id='word_1_230' title='bbox 728 2795 787 2848; x_wconf 90' lang='grc' dir='ltr'>ἐν</span> <span class='ocrx_word' id='word_1_231' title='bbox 816 2796 958 2865; x_wconf 85' lang='grc' dir='ltr'>ἀρχῇ</span> <span class='ocrx_word' id='word_1_232' title='bbox 993 2792 1112 2865; x_wconf 85' lang='grc' dir='ltr'>μὲν,</span> <span class='ocrx_word' id='word_1_233' title='bbox 1143 2793 1237 2846; x_wconf 73' lang='grc' dir='ltr'>καὶ</span> <span class='ocrx_word' id='word_1_234' title='bbox 1279 2790 1373 2845; x_wconf 91' lang='grc' dir='ltr'>τοῦ</span> <span class='ocrx_word' id='word_1_235' title='bbox 1407 2789 1537 2843; x_wconf 86' lang='grc' dir='ltr'>ναοῦ</span> <span class='ocrx_word' id='word_1_236' title='bbox 1577 2784 1987 2860; x_wconf 83' lang='grc' dir='ltr'>καθῃρημένου,</span> 
     </span>
    </p>
   </div>
   <div class='ocr_carea' id='block_1_33' title="bbox 408 2875 1986 2957">
    <p class='ocr_par' dir='ltr' id='par_1_33' title="bbox 408 2875 1986 2957">
     <span class='ocr_line' id='line_1_33' title="bbox 408 2875 1986 2957; baseline -0.009 -16"><span class='ocrx_word' id='word_1_237' title='bbox 408 2889 460 2941; x_wconf 74' lang='grc' dir='ltr'>οἱ</span> <span class='ocrx_word' id='word_1_238' title='bbox 494 2888 767 2957; x_wconf 77' lang='grc' dir='ltr'>προφῆται</span> <span class='ocrx_word' id='word_1_239' title='bbox 811 2884 1140 2956; x_wconf 84' lang='grc' dir='ltr'>παρέμενον,</span> <span class='ocrx_word' id='word_1_240' title='bbox 1200 2882 1293 2935; x_wconf 80' lang='grc' dir='ltr'>καὶ</span> <span class='ocrx_word' id='word_1_241' title='bbox 1340 2878 1658 2950; x_wconf 91' lang='grc' dir='ltr'>Πνεύματος</span> <span class='ocrx_word' id='word_1_242' title='bbox 1712 2875 1986 2948; x_wconf 76' lang='grc' dir='ltr'>χορηγίαι,</span> 
     </span>
    </p>
   </div>
   <div class='ocr_carea' id='block_1_34' title="bbox 412 2966 1992 3046">
    <p class='ocr_par' dir='ltr' id='par_1_34' title="bbox 412 2966 1992 3046">
     <span class='ocr_line' id='line_1_34' title="bbox 412 2966 1992 3046; baseline -0.006 -16"><span class='ocrx_word' id='word_1_243' title='bbox 412 2980 507 3031; x_wconf 61' lang='grc' dir='ltr'>καὶ.</span> <span class='ocrx_word' id='word_1_244' title='bbox 537 2975 810 3046; x_wconf 84' lang='grc' dir='ltr'>θαύματα·</span> <span class='ocrx_word' id='word_1_245' title='bbox 839 2974 956 3027; x_wconf 77' lang='grc' dir='ltr'>νυνὶ</span> <span class='ocrx_word' id='word_1_246' title='bbox 988 2973 1066 3038; x_wconf 87' lang='grc' dir='ltr'>δέ,</span> <span class='ocrx_word' id='word_1_247' title='bbox 1103 2972 1189 3025; x_wconf 73' lang='grc' dir='ltr'>ἵνα</span> <span class='ocrx_word' id='word_1_248' title='bbox 1225 2971 1408 3041; x_wconf 83' lang='grc' dir='ltr'>σαφῶς</span> <span class='ocrx_word' id='word_1_249' title='bbox 1447 2968 1655 3041; x_wconf 83' lang='grc' dir='ltr'>μάθητε</span> <span class='ocrx_word' id='word_1_250' title='bbox 1684 2969 1766 3022; x_wconf 84' lang='grc' dir='ltr'>ὅτι</span> <span class='ocrx_word' id='word_1_251' title='bbox 1802 2970 1830 3020; x_wconf 82' lang='grc' dir='ltr'><strong>ὁ</strong></span> <span class='ocrx_word' id='word_1_252' title='bbox 1860 2966 1992 3030; x_wconf 85' lang='grc' dir='ltr'>Θεὸς</span> 
     </span>
    </p>
   </div>
   <div class='ocr_carea' id='block_1_35' title="bbox 420 3058 1990 3140">
    <p class='ocr_par' dir='ltr' id='par_1_35' title="bbox 420 3058 1990 3140">
     <span class='ocr_line' id='line_1_35' title="bbox 420 3058 1990 3140; baseline -0.006 -19"><span class='ocrx_word' id='word_1_253' title='bbox 420 3071 566 3140; x_wconf 79' lang='grc' dir='ltr'>ὑμᾶς</span> <span class='ocrx_word' id='word_1_254' title='bbox 599 3068 976 3138; x_wconf 81' lang='grc' dir='ltr'>ἀπέστραπται</span> <span class='ocrx_word' id='word_1_255' title='bbox 1029 3062 1310 3134; x_wconf 86' lang='grc' dir='ltr'>διηνεκῶς,</span> <span class='ocrx_word' id='word_1_256' title='bbox 1354 3062 1447 3116; x_wconf 74' lang='grc' dir='ltr'>καὶ</span> <span class='ocrx_word' id='word_1_257' title='bbox 1482 3059 1654 3115; x_wconf 88' lang='grc' dir='ltr'>ταῦτα</span> <span class='ocrx_word' id='word_1_258' title='bbox 1701 3058 1990 3131; x_wconf 70' lang='grc' dir='ltr'>ἀνῄρηται*</span> 
     </span>
    </p>
   </div>
   <div class='ocr_carea' id='block_1_36' title="bbox 419 3153 1997 3227">
    <p class='ocr_par' dir='ltr' id='par_1_36' title="bbox 419 3153 1997 3227">
     <span class='ocr_line' id='line_1_36' title="bbox 419 3153 1997 3227; baseline -0.008 -12"><span class='ocrx_word' id='word_1_259' title='bbox 419 3164 515 3215; x_wconf 75' lang='grc' dir='ltr'>καὶ</span> <span class='ocrx_word' id='word_1_260' title='bbox 546 3160 782 3223; x_wconf 80' lang='grc' dir='ltr'>δουλεία,</span> <span class='ocrx_word' id='word_1_261' title='bbox 824 3158 918 3213; x_wconf 79' lang='grc' dir='ltr'>καὶ</span> <span class='ocrx_word' id='word_1_262' title='bbox 947 3155 1316 3227; x_wconf 87' lang='grc' dir='ltr'>αίχμαλωσία,</span> <span class='ocrx_word' id='word_1_263' title='bbox 1346 3155 1440 3209; x_wconf 75' lang='grc' dir='ltr'>καὶ</span> <span class='ocrx_word' id='word_1_264' title='bbox 1470 3156 1685 3208; x_wconf 87' lang='grc' dir='ltr'>πάντων</span> <span class='ocrx_word' id='word_1_265' title='bbox 1727 3153 1997 3214; x_wconf 73' lang='grc' dir='ltr'>ἔκπτωσις</span> 
     </span>
    </p>
   </div>
   <div class='ocr_carea' id='block_1_37' title="bbox 422 3243 2000 3319">
    <p class='ocr_par' dir='ltr' id='par_1_37' title="bbox 422 3243 2000 3319">
     <span class='ocr_line' id='line_1_37' title="bbox 422 3243 2000 3319; baseline -0.007 -10"><span class='ocrx_word' id='word_1_266' title='bbox 422 3252 713 3319; x_wconf 80' lang='grc' dir='ltr'>κατέλαύε,</span> <span class='ocrx_word' id='word_1_267' title='bbox 737 3250 830 3305; x_wconf 73' lang='grc' dir='ltr'>καὶ</span> <span class='ocrx_word' id='word_1_268' title='bbox 858 3250 918 3304; x_wconf 86' lang='grc' dir='ltr'>τὸ</span> <span class='ocrx_word' id='word_1_269' title='bbox 941 3249 1154 3304; x_wconf 87' lang='grc' dir='ltr'>πάντων</span> <span class='ocrx_word' id='word_1_270' title='bbox 1178 3246 1577 3319; x_wconf 82' lang='grc' dir='ltr'>χαλεπώτερον,</span> <span class='ocrx_word' id='word_1_271' title='bbox 1601 3244 1738 3300; x_wconf 90' lang='grc' dir='ltr'>Θεοῦ</span> <span class='ocrx_word' id='word_1_272' title='bbox 1764 3243 2000 3315; x_wconf 81' lang='grc' dir='ltr'>ἐγκατά-</span> 
     </span>
    </p>
   </div>
   <div class='ocr_carea' id='block_1_38' title="bbox 422 3346 621 3417">
    <p class='ocr_par' dir='ltr' id='par_1_38' title="bbox 422 3346 621 3417">
     <span class='ocr_line' id='line_1_38' title="bbox 422 3346 621 3417; baseline 0.005 -18"><span class='ocrx_word' id='word_1_273' title='bbox 422 3346 621 3417; x_wconf 69' lang='grc' dir='ltr'>λειψις.</span> 
     </span>
    </p>
   </div>
   <div class='ocr_carea' id='block_1_39' title="bbox 493 3444 2007 3526">
    <p class='ocr_par' dir='ltr' id='par_1_39' title="bbox 493 3444 2007 3526">
     <span class='ocr_line' id='line_1_39' title="bbox 493 3444 2007 3526; baseline -0.009 -14"><span class='ocrx_word' id='word_1_274' title='bbox 493 3459 558 3512; x_wconf 84' lang='grc' dir='ltr'>δ’.</span> <span class='ocrx_word' id='word_1_275' title='bbox 596 3457 707 3511; x_wconf 78' lang='grc' dir='ltr'>Καὶ</span> <span class='ocrx_word' id='word_1_276' title='bbox 728 3453 923 3511; x_wconf 79' lang='grc' dir='ltr'>ταύτὸν</span> <span class='ocrx_word' id='word_1_277' title='bbox 954 3452 1250 3526; x_wconf 81' lang='grc' dir='ltr'>πεποίηκεν</span> <span class='ocrx_word' id='word_1_278' title='bbox 1273 3454 1301 3507; x_wconf 83' lang='grc' dir='ltr'>ὁ</span> <span class='ocrx_word' id='word_1_279' title='bbox 1318 3452 1450 3516; x_wconf 85' lang='grc' dir='ltr'>Θεὸς</span> <span class='ocrx_word' id='word_1_280' title='bbox 1467 3493 1481 3519; x_wconf 92' lang='grc'>,</span> <span class='ocrx_word' id='word_1_281' title='bbox 1506 3445 1618 3504; x_wconf 76' lang='grc' dir='ltr'>οἷον</span> <span class='ocrx_word' id='word_1_282' title='bbox 1634 3448 1704 3526; x_wconf 78' lang='grc' dir='ltr'>ἀν</span> <span class='ocrx_word' id='word_1_283' title='bbox 1723 3447 1870 3511; x_wconf 86' lang='grc' dir='ltr'>είτις</span> <span class='ocrx_word' id='word_1_284' title='bbox 1887 3444 2007 3499; x_wconf 89' lang='grc' dir='ltr'>δοῦ-</span> 
     </span>
    </p>
   </div>
   <div class='ocr_carea' id='block_1_40' title="bbox 428 3524 2008 3621">
    <p class='ocr_par' dir='ltr' id='par_1_40' title="bbox 428 3524 2008 3621">
     <span class='ocr_line' id='line_1_40' title="bbox 428 3524 2008 3621; baseline -0.009 -16"><span class='ocrx_word' id='word_1_285' title='bbox 428 3553 520 3605; x_wconf 90' lang='grc' dir='ltr'>λον</span> <span class='ocrx_word' id='word_1_286' title='bbox 549 3549 839 3621; x_wconf 79' lang='grc' dir='ltr'>ἀγνώμονα</span> <span class='ocrx_word' id='word_1_287' title='bbox 862 3546 1119 3610; x_wconf 83' lang='grc' dir='ltr'>πολλάκις</span> <span class='ocrx_word' id='word_1_288' title='bbox 1141 3524 1524 3617; x_wconf 13' lang='grc' dir='ltr'>ἠμαστιχθέντα</span> <span class='ocrx_word' id='word_1_289' title='bbox 1549 3524 1649 3595; x_wconf 62' lang='grc' dir='ltr'>καῖ</span> <span class='ocrx_word' id='word_1_290' title='bbox 1680 3541 1755 3612; x_wconf 82' lang='grc' dir='ltr'>μὴ</span> <span class='ocrx_word' id='word_1_291' title='bbox 1783 3538 2008 3610; x_wconf 88' lang='grc' dir='ltr'>διορθω-</span> 
     </span>
    </p>
   </div>
   <div class='ocr_carea' id='block_1_41' title="bbox 434 3629 2010 3711">
    <p class='ocr_par' dir='ltr' id='par_1_41' title="bbox 434 3629 2010 3711">
     <span class='ocr_line' id='line_1_41' title="bbox 434 3629 2010 3711; baseline -0.011 -11"><span class='ocrx_word' id='word_1_292' title='bbox 434 3648 599 3700; x_wconf 85' lang='grc' dir='ltr'>θέντα</span> <span class='ocrx_word' id='word_1_293' title='bbox 626 3643 897 3705; x_wconf 80' lang='grc' dir='ltr'>ἀποδύσας</span> <span class='ocrx_word' id='word_1_294' title='bbox 926 3641 1033 3695; x_wconf 85' lang='grc' dir='ltr'>τῶν</span> <span class='ocrx_word' id='word_1_295' title='bbox 1073 3639 1324 3711; x_wconf 80' lang='grc' dir='ltr'>ἱματίων,</span> <span class='ocrx_word' id='word_1_296' title='bbox 1355 3635 1581 3708; x_wconf 71' lang='grc' dir='ltr'>γυμνὸν,</span> <span class='ocrx_word' id='word_1_297' title='bbox 1620 3635 1847 3704; x_wconf 78' lang='grc' dir='ltr'>ἔρημον,</span> <span class='ocrx_word' id='word_1_298' title='bbox 1882 3629 2010 3701; x_wconf 85' lang='grc' dir='ltr'>ἀλή-</span> 
     </span>
    </p>
   </div>
   <div class='ocr_carea' id='block_1_42' title="bbox 436 3724 2011 3810">
    <p class='ocr_par' dir='ltr' id='par_1_42' title="bbox 436 3724 2011 3810">
     <span class='ocr_line' id='line_1_42' title="bbox 436 3724 2011 3810; baseline -0.013 -16"><span class='ocrx_word' id='word_1_299' title='bbox 436 3757 537 3810; x_wconf 84' lang='grc' dir='ltr'>την</span> <span class='ocrx_word' id='word_1_300' title='bbox 564 3740 676 3809; x_wconf 78' lang='grc' dir='ltr'>ἀφῇ</span> <span class='ocrx_word' id='word_1_301' title='bbox 715 3733 1045 3797; x_wconf 82' lang='grc' dir='ltr'>πλανᾶσθαι,</span> <span class='ocrx_word' id='word_1_302' title='bbox 1091 3729 1487 3804; x_wconf 87' lang='grc' dir='ltr'>προσαιτοῦντα</span> <span class='ocrx_word' id='word_1_303' title='bbox 1522 3727 1617 3781; x_wconf 58' lang='grc' dir='ltr'>καί¹</span> <span class='ocrx_word' id='word_1_304' title='bbox 1655 3724 2011 3795; x_wconf 75' lang='grc' dir='ltr'>ἐλαυνόμενον</span> 
     </span>
    </p>
   </div>
   <div class='ocr_carea' id='block_1_43' title="bbox 439 3812 2011 3899">
    <p class='ocr_par' dir='ltr' id='par_1_43' title="bbox 439 3812 2011 3899">
     <span class='ocr_line' id='line_1_43' title="bbox 439 3812 2011 3899; baseline -0.011 -16"><span class='ocrx_word' id='word_1_305' title='bbox 439 3827 741 3899; x_wconf 83' lang='grc' dir='ltr'>πανταχοῦ.</span> <span class='ocrx_word' id='word_1_306' title='bbox 773 3826 1043 3898; x_wconf 80' lang='grc' dir='ltr'>Πρότερον</span> <span class='ocrx_word' id='word_1_307' title='bbox 1070 3823 1127 3876; x_wconf 79' lang='grc' dir='ltr'>δὲ</span> <span class='ocrx_word' id='word_1_308' title='bbox 1154 3823 1215 3877; x_wconf 87' lang='grc' dir='ltr'>ού</span> <span class='ocrx_word' id='word_1_309' title='bbox 1239 3820 1461 3876; x_wconf 90' lang='grc' dir='ltr'>τοιαῦτα</span> <span class='ocrx_word' id='word_1_310' title='bbox 1487 3820 1554 3873; x_wconf 77' lang='grc' dir='ltr'>τά</span> <span class='ocrx_word' id='word_1_311' title='bbox 1587 3817 1848 3888; x_wconf 80' lang='grc' dir='ltr'>ὑμέτερα,</span> <span class='ocrx_word' id='word_1_312' title='bbox 1874 3812 2011 3868; x_wconf 86' lang='grc' dir='ltr'>ἀλλά</span> 
     </span>
    </p>
   </div>
   <div class='ocr_carea' id='block_1_44' title="bbox 438 3907 2016 3992">
    <p class='ocr_par' dir='ltr' id='par_1_44' title="bbox 438 3907 2016 3992">
     <span class='ocr_line' id='line_1_44' title="bbox 438 3907 2016 3992; baseline -0.013 -15"><span class='ocrx_word' id='word_1_313' title='bbox 438 3923 536 3977; x_wconf 78' lang='grc' dir='ltr'>καὶ</span> <span class='ocrx_word' id='word_1_314' title='bbox 571 3919 844 3992; x_wconf 79' lang='grc' dir='ltr'>προφῆται</span> <span class='ocrx_word' id='word_1_315' title='bbox 890 3918 1020 3988; x_wconf 88' lang='grc' dir='ltr'>παρ’</span> <span class='ocrx_word' id='word_1_316' title='bbox 1066 3916 1226 3986; x_wconf 82' lang='grc' dir='ltr'>ὑμῖν,</span> <span class='ocrx_word' id='word_1_317' title='bbox 1266 3913 1360 3966; x_wconf 76' lang='grc' dir='ltr'>καὶ</span> <span class='ocrx_word' id='word_1_318' title='bbox 1402 3914 1459 3967; x_wconf 91' lang='grc' dir='ltr'>ἐν</span> <span class='ocrx_word' id='word_1_319' title='bbox 1494 3909 1787 3980; x_wconf 77' lang='grc' dir='ltr'>Αἰγύπτῳ,</span> <span class='ocrx_word' id='word_1_320' title='bbox 1823 3907 1916 3961; x_wconf 66' lang='grc' dir='ltr'>καλ⁸</span> <span class='ocrx_word' id='word_1_321' title='bbox 1958 3907 2016 3958; x_wconf 84' lang='grc' dir='ltr'>ἐν</span> 
     </span>
    </p>
   </div>
   <div class='ocr_carea' id='block_1_45' title="bbox 441 3998 2015 4079">
    <p class='ocr_par' dir='ltr' id='par_1_45' title="bbox 441 3998 2015 4079">
     <span class='ocr_line' id='line_1_45' title="bbox 441 3998 2015 4079; baseline -0.011 -13"><span class='ocrx_word' id='word_1_322' title='bbox 441 4011 723 4066; x_wconf 72' lang='grc' dir='ltr'>Βαϐυλῶνι</span> <span class='ocrx_word' id='word_1_323' title='bbox 741 4051 757 4077; x_wconf 91' lang='grc'>,</span> <span class='ocrx_word' id='word_1_324' title='bbox 789 4010 883 4063; x_wconf 74' lang='grc' dir='ltr'>καὶ</span> <span class='ocrx_word' id='word_1_325' title='bbox 923 4010 982 4061; x_wconf 84' lang='grc' dir='ltr'>ἐν</span> <span class='ocrx_word' id='word_1_326' title='bbox 1011 4007 1201 4079; x_wconf 88' lang='grc' dir='ltr'>ἐρήμῳ</span> <span class='ocrx_word' id='word_1_327' title='bbox 1221 4019 1237 4036; x_wconf 80' lang='grc'><em>’</em></span> <span class='ocrx_word' id='word_1_328' title='bbox 1274 4004 1514 4073; x_wconf 82' lang='grc' dir='ltr'>Μωῦσῆς</span> <span class='ocrx_word' id='word_1_329' title='bbox 1544 4003 1602 4054; x_wconf 83' lang='grc' dir='ltr'>ἐν</span> <span class='ocrx_word' id='word_1_330' title='bbox 1628 3999 1887 4068; x_wconf 80' lang='grc' dir='ltr'>Αἰγύπτῳ</span> <span class='ocrx_word' id='word_1_331' title='bbox 1909 4036 1923 4060; x_wconf 96' lang='grc'>,</span> <span class='ocrx_word' id='word_1_332' title='bbox 1954 3998 2015 4049; x_wconf 87' lang='grc' dir='ltr'>ἐν</span> 
     </span>
    </p>
   </div>
   <div class='ocr_carea' id='block_1_46' title="bbox 443 4088 2020 4171">
    <p class='ocr_par' dir='ltr' id='par_1_46' title="bbox 443 4088 2020 4171">
     <span class='ocr_line' id='line_1_46' title="bbox 443 4088 2020 4171; baseline -0.011 -12"><span class='ocrx_word' id='word_1_333' title='bbox 443 4103 721 4159; x_wconf 73' lang='grc' dir='ltr'>Βαϐυλῶνι</span> <span class='ocrx_word' id='word_1_334' title='bbox 765 4099 960 4171; x_wconf 79' lang='grc' dir='ltr'>Δανιὴλ</span> <span class='ocrx_word' id='word_1_335' title='bbox 1008 4099 1102 4152; x_wconf 78' lang='grc' dir='ltr'>καὶ</span> <span class='ocrx_word' id='word_1_336' title='bbox 1148 4097 1440 4167; x_wconf 81' lang='grc' dir='ltr'>Ἰεζεκιὴλ,</span> <span class='ocrx_word' id='word_1_337' title='bbox 1480 4097 1537 4148; x_wconf 83' lang='grc' dir='ltr'>ἐν</span> <span class='ocrx_word' id='word_1_338' title='bbox 1569 4091 1829 4161; x_wconf 76' lang='grc' dir='ltr'>Αἰγύπτῳ</span> <span class='ocrx_word' id='word_1_339' title='bbox 1859 4088 2020 4143; x_wconf 87' lang='grc' dir='ltr'>πάλιν</span> 
     </span>
    </p>
   </div>
   <div class='ocr_carea' id='block_1_47' title="bbox 457 4180 2022 4267">
    <p class='ocr_par' dir='ltr' id='par_1_47' title="bbox 457 4180 2022 4267">
     <span class='ocr_line' id='line_1_47' title="bbox 457 4180 2022 4267; baseline -0.011 -18"><span class='ocrx_word' id='word_1_340' title='bbox 457 4197 753 4267; x_wconf 76' lang='grc' dir='ltr'>Ἰερεμίαςο</span> <span class='ocrx_word' id='word_1_341' title='bbox 781 4197 874 4247; x_wconf 80' lang='grc' dir='ltr'>καὶ</span> <span class='ocrx_word' id='word_1_342' title='bbox 908 4190 1160 4263; x_wconf 88' lang='grc' dir='ltr'>θαύματα</span> <span class='ocrx_word' id='word_1_343' title='bbox 1201 4189 1292 4241; x_wconf 74' lang='grc' dir='ltr'>ἐπὶ</span> <span class='ocrx_word' id='word_1_344' title='bbox 1336 4186 1608 4258; x_wconf 86' lang='grc' dir='ltr'>θαύμασι,</span> <span class='ocrx_word' id='word_1_345' title='bbox 1638 4185 1734 4239; x_wconf 78' lang='grc' dir='ltr'>καὶ</span> <span class='ocrx_word' id='word_1_346' title='bbox 1770 4180 2022 4253; x_wconf 83' lang='grc' dir='ltr'>λαμπρό-</span> 
     </span>
    </p>
   </div>
   <div class='ocr_carea' id='block_1_48' title="bbox 449 4273 2022 4358">
    <p class='ocr_par' dir='ltr' id='par_1_48' title="bbox 449 4273 2022 4358">
     <span class='ocr_line' id='line_1_48' title="bbox 449 4273 2022 4358; baseline -0.01 -17"><span class='ocrx_word' id='word_1_347' title='bbox 449 4306 610 4358; x_wconf 73' lang='grc' dir='ltr'>τερον</span> <span class='ocrx_word' id='word_1_348' title='bbox 639 4287 701 4339; x_wconf 84' lang='grc' dir='ltr'>τὸ</span> <span class='ocrx_word' id='word_1_349' title='bbox 738 4287 885 4348; x_wconf 78' lang='grc' dir='ltr'>ἔθνος</span> <span class='ocrx_word' id='word_1_350' title='bbox 922 4285 1133 4354; x_wconf 83' lang='grc' dir='ltr'>ἐγίνετο</span> <span class='ocrx_word' id='word_1_351' title='bbox 1153 4322 1167 4347; x_wconf 91' lang='grc'>,</span> <span class='ocrx_word' id='word_1_352' title='bbox 1207 4280 1317 4334; x_wconf 85' lang='grc' dir='ltr'>τῶν</span> <span class='ocrx_word' id='word_1_353' title='bbox 1356 4279 1484 4349; x_wconf 84' lang='grc' dir='ltr'>παρ’</span> <span class='ocrx_word' id='word_1_354' title='bbox 1510 4280 1637 4348; x_wconf 82' lang='grc' dir='ltr'>ύμῖν</span> <span class='ocrx_word' id='word_1_355' title='bbox 1661 4273 2022 4346; x_wconf 77' lang='grc' dir='ltr'>αἰχμαλώτων</span> 
     </span>
    </p>
   </div>
   <div class='ocr_carea' id='block_1_49' title="bbox 453 4367 2024 4451">
    <p class='ocr_par' dir='ltr' id='par_1_49' title="bbox 453 4367 2024 4451">
     <span class='ocr_line' id='line_1_49' title="bbox 453 4367 2024 4451; baseline -0.01 -17"><span class='ocrx_word' id='word_1_356' title='bbox 453 4381 717 4451; x_wconf 71' lang='grc' dir='ltr'>βασιλέων</span> <span class='ocrx_word' id='word_1_357' title='bbox 757 4378 1103 4450; x_wconf 77' lang='grc' dir='ltr'>ὑψηλοτέρων</span> <span class='ocrx_word' id='word_1_358' title='bbox 1140 4373 1465 4445; x_wconf 81' lang='grc' dir='ltr'>γενομένων.</span> <span class='ocrx_word' id='word_1_359' title='bbox 1510 4370 1671 4424; x_wconf 85' lang='grc' dir='ltr'>Ἀλλά</span> <span class='ocrx_word' id='word_1_360' title='bbox 1714 4368 1807 4422; x_wconf 89' lang='grc' dir='ltr'>νῦν</span> <span class='ocrx_word' id='word_1_361' title='bbox 1846 4367 2024 4420; x_wconf 88' lang='grc' dir='ltr'>πάντα</span> 
     </span>
    </p>
   </div>
   <div class='ocr_carea' id='block_1_50' title="bbox 454 4457 2029 4544">
    <p class='ocr_par' dir='ltr' id='par_1_50' title="bbox 454 4457 2029 4544">
     <span class='ocr_line' id='line_1_50' title="bbox 454 4457 2029 4544; baseline -0.013 -15"><span class='ocrx_word' id='word_1_362' title='bbox 454 4477 642 4529; x_wconf 72' lang='grc' dir='ltr'>ἐκεῖνα</span> <span class='ocrx_word' id='word_1_363' title='bbox 704 4473 938 4544; x_wconf 75' lang='grc' dir='ltr'>οἴχεται,</span> <span class='ocrx_word' id='word_1_364' title='bbox 997 4469 1092 4523; x_wconf 74' lang='grc' dir='ltr'>καὶ</span> <span class='ocrx_word' id='word_1_365' title='bbox 1135 4469 1169 4539; x_wconf 86' lang='grc' dir='ltr'>ή</span> <span class='ocrx_word' id='word_1_366' title='bbox 1221 4464 1460 4536; x_wconf 79' lang='grc' dir='ltr'>τιμωρία</span> <span class='ocrx_word' id='word_1_367' title='bbox 1510 4459 1866 4533; x_wconf 85' lang='grc' dir='ltr'>χαλεπωτέρα</span> <span class='ocrx_word' id='word_1_368' title='bbox 1919 4457 2029 4510; x_wconf 85' lang='grc' dir='ltr'>τῶν</span> 
     </span>
    </p>
   </div>
   <div class='ocr_carea' id='block_1_51' title="bbox 462 4549 2032 4638">
    <p class='ocr_par' dir='ltr' id='par_1_51' title="bbox 462 4549 2032 4638">
     <span class='ocr_line' id='line_1_51' title="bbox 462 4549 2032 4638; baseline -0.012 -17"><span class='ocrx_word' id='word_1_369' title='bbox 462 4567 763 4638; x_wconf 76' lang='grc' dir='ltr'>προτέρων,</span> <span class='ocrx_word' id='word_1_370' title='bbox 788 4566 847 4616; x_wconf 87' lang='grc' dir='ltr'>ού</span> <span class='ocrx_word' id='word_1_371' title='bbox 887 4562 1044 4633; x_wconf 88' lang='grc' dir='ltr'>μόνον</span> <span class='ocrx_word' id='word_1_372' title='bbox 1077 4558 1156 4630; x_wconf 82' lang='grc' dir='ltr'>τῷ</span> <span class='ocrx_word' id='word_1_373' title='bbox 1183 4559 1345 4630; x_wconf 86' lang='grc' dir='ltr'>μήκει</span> <span class='ocrx_word' id='word_1_374' title='bbox 1372 4556 1463 4610; x_wconf 88' lang='grc' dir='ltr'>τοῦ</span> <span class='ocrx_word' id='word_1_375' title='bbox 1504 4554 1697 4626; x_wconf 83' lang='grc' dir='ltr'>χρόνου</span> <span class='ocrx_word' id='word_1_376' title='bbox 1717 4594 1732 4620; x_wconf 77' lang='lat'><strong>,</strong></span> <span class='ocrx_word' id='word_1_377' title='bbox 1757 4551 1894 4607; x_wconf 83' lang='grc' dir='ltr'>ἀλλά</span> <span class='ocrx_word' id='word_1_378' title='bbox 1935 4549 2032 4603; x_wconf 69' lang='grc' dir='ltr'>καὶ</span> 
     </span>
    </p>
   </div>
   <div class='ocr_carea' id='block_1_52' title="bbox 462 4641 2031 4731">
    <p class='ocr_par' dir='ltr' id='par_1_52' title="bbox 462 4641 2031 4731">
     <span class='ocr_line' id='line_1_52' title="bbox 462 4641 2031 4731; baseline -0.013 -19"><span class='ocrx_word' id='word_1_379' title='bbox 462 4663 527 4731; x_wconf 75' lang='grc' dir='ltr'>τῇ</span> <span class='ocrx_word' id='word_1_380' title='bbox 561 4657 728 4728; x_wconf 74' lang='grc' dir='ltr'>πολλῇ</span> <span class='ocrx_word' id='word_1_381' title='bbox 766 4652 1170 4724; x_wconf 71' lang='grc' dir='ltr'>ἐγκαταλείψει.</span> <span class='ocrx_word' id='word_1_382' title='bbox 1209 4650 1366 4713; x_wconf 89' lang='grc' dir='ltr'>Τίνος</span> <span class='ocrx_word' id='word_1_383' title='bbox 1399 4644 1491 4702; x_wconf 81' lang='grc' dir='ltr'>οὖν</span> <span class='ocrx_word' id='word_1_384' title='bbox 1519 4646 1727 4708; x_wconf 75' lang='grc' dir='ltr'>ἕνεκεν,</span> <span class='ocrx_word' id='word_1_385' title='bbox 1768 4641 1888 4695; x_wconf 79' lang='grc' dir='ltr'>εἰπέ</span> <span class='ocrx_word' id='word_1_386' title='bbox 1921 4657 2031 4712; x_wconf 90' lang='grc' dir='ltr'>μοι,</span> 
     </span>
    </p>
   </div>
   <div class='ocr_carea' id='block_1_53' title="bbox 461 4733 2033 4818">
    <p class='ocr_par' dir='ltr' id='par_1_53' title="bbox 461 4733 2033 4818">
     <span class='ocr_line' id='line_1_53' title="bbox 461 4733 2033 4818; baseline -0.011 -17"><span class='ocrx_word' id='word_1_387' title='bbox 461 4750 548 4803; x_wconf 76' lang='grc' dir='ltr'>ὅτε</span> <span class='ocrx_word' id='word_1_388' title='bbox 588 4748 804 4818; x_wconf 77' lang='grc' dir='ltr'>μείζονα</span> <span class='ocrx_word' id='word_1_389' title='bbox 844 4744 1185 4816; x_wconf 84' lang='grc' dir='ltr'>ήμαρτάνετε</span> <span class='ocrx_word' id='word_1_390' title='bbox 1209 4780 1225 4805; x_wconf 92' lang='grc'>,</span> <span class='ocrx_word' id='word_1_391' title='bbox 1262 4737 1526 4809; x_wconf 83' lang='grc' dir='ltr'>τοσαύτης</span> <span class='ocrx_word' id='word_1_392' title='bbox 1563 4733 1866 4791; x_wconf 86' lang='grc' dir='ltr'>ἀπελαύετε</span> <span class='ocrx_word' id='word_1_393' title='bbox 1897 4749 2033 4803; x_wconf 74' lang='grc' dir='ltr'>προ-</span> 
     </span>
    </p>
   </div>
   <div class='ocr_carea' id='block_1_54' title="bbox 462 4821 2035 4901">
    <p class='ocr_par' dir='ltr' id='par_1_54' title="bbox 462 4821 2035 4901">
     <span class='ocr_line' id='line_1_54' title="bbox 462 4821 2035 4901; baseline -0.011 -9"><span class='ocrx_word' id='word_1_394' title='bbox 462 4838 645 4901; x_wconf 82' lang='grc' dir='ltr'>νοίας’</span> <span class='ocrx_word' id='word_1_395' title='bbox 684 4836 769 4889; x_wconf 70' lang='grc' dir='ltr'>ὅτε</span> <span class='ocrx_word' id='word_1_396' title='bbox 811 4834 901 4900; x_wconf 81' lang='grc' dir='ltr'>δὲ,</span> <span class='ocrx_word' id='word_1_397' title='bbox 935 4833 1010 4897; x_wconf 83' lang='grc' dir='ltr'>ὥς</span> <span class='ocrx_word' id='word_1_398' title='bbox 1043 4849 1213 4901; x_wconf 85' lang='grc' dir='ltr'>φατε,</span> <span class='ocrx_word' id='word_1_399' title='bbox 1270 4831 1366 4884; x_wconf 76' lang='grc' dir='ltr'>καὶ</span> <span class='ocrx_word' id='word_1_400' title='bbox 1409 4826 1719 4899; x_wconf 78' lang='grc' dir='ltr'>ἐζηλώσατε</span> <span class='ocrx_word' id='word_1_401' title='bbox 1753 4824 1894 4895; x_wconf 80' lang='grc' dir='ltr'>ὑπὲρ</span> <span class='ocrx_word' id='word_1_402' title='bbox 1940 4821 2035 4875; x_wconf 92' lang='grc' dir='ltr'>τοῦ</span> 
     </span>
    </p>
   </div>
   <div class='ocr_carea' id='block_1_55' title="bbox 463 4914 2038 5001">
    <p class='ocr_par' dir='ltr' id='par_1_55' title="bbox 463 4914 2038 5001">
     <span class='ocr_line' id='line_1_55' title="bbox 463 4914 2038 5001; baseline -0.011 -15"><span class='ocrx_word' id='word_1_403' title='bbox 463 4932 668 5001; x_wconf 77' lang='grc' dir='ltr'>νόμου,</span> <span class='ocrx_word' id='word_1_404' title='bbox 716 4927 933 4999; x_wconf 84' lang='grc' dir='ltr'>χείρονα</span> <span class='ocrx_word' id='word_1_405' title='bbox 969 4925 1232 4990; x_wconf 84' lang='grc' dir='ltr'>ἐπάθετε;</span> <span class='ocrx_word' id='word_1_406' title='bbox 1297 4921 1430 4976; x_wconf 84' lang='grc' dir='ltr'>Ἀπὸ</span> <span class='ocrx_word' id='word_1_407' title='bbox 1461 4920 1569 4993; x_wconf 87' lang='grc' dir='ltr'>γὰρ</span> <span class='ocrx_word' id='word_1_408' title='bbox 1604 4917 1796 4972; x_wconf 92' lang='grc' dir='ltr'>τούτου</span> <span class='ocrx_word' id='word_1_409' title='bbox 1826 4914 2038 4971; x_wconf 84' lang='grc' dir='ltr'>ἀδικίαν</span> 
     </span>
    </p>
   </div>
   <div class='ocr_carea' id='block_1_56' title="bbox 466 5005 2040 5091">
    <p class='ocr_par' dir='ltr' id='par_1_56' title="bbox 466 5005 2040 5091">
     <span class='ocr_line' id='line_1_56' title="bbox 466 5005 2040 5091; baseline -0.011 -16"><span class='ocrx_word' id='word_1_410' title='bbox 466 5019 904 5091; x_wconf 79' lang='grc' dir='ltr'>καταγινώσκετε</span> <span class='ocrx_word' id='word_1_411' title='bbox 950 5016 1044 5070; x_wconf 90' lang='grc' dir='ltr'>τοῦ</span> <span class='ocrx_word' id='word_1_412' title='bbox 1102 5014 1239 5069; x_wconf 71' lang='grc' dir='ltr'>θεοῦ</span> <span class='ocrx_word' id='word_1_413' title='bbox 1260 5054 1276 5079; x_wconf 91' lang='grc'>,</span> <span class='ocrx_word' id='word_1_414' title='bbox 1328 5013 1412 5067; x_wconf 81' lang='grc' dir='ltr'>ὅτι</span> <span class='ocrx_word' id='word_1_415' title='bbox 1466 5009 1878 5082; x_wconf 82' lang='grc' dir='ltr'>ἁμαρτάνοντας</span> <span class='ocrx_word' id='word_1_416' title='bbox 1943 5005 2040 5077; x_wconf 78' lang='grc' dir='ltr'>μὲν</span> 
     </span>
    </p>
   </div>
   <div class='ocr_carea' id='block_1_57' title="bbox 468 5098 2041 5186">
    <p class='ocr_par' dir='ltr' id='par_1_57' title="bbox 468 5098 2041 5186">
     <span class='ocr_line' id='line_1_57' title="bbox 468 5098 2041 5186; baseline -0.013 -16"><span class='ocrx_word' id='word_1_417' title='bbox 468 5115 665 5186; x_wconf 77' lang='grc' dir='ltr'>ἐτίμα,</span> <span class='ocrx_word' id='word_1_418' title='bbox 708 5109 1102 5183; x_wconf 83' lang='grc' dir='ltr'>κατορθοῦντας</span> <span class='ocrx_word' id='word_1_419' title='bbox 1143 5109 1201 5163; x_wconf 81' lang='grc' dir='ltr'>δὲ</span> <span class='ocrx_word' id='word_1_420' title='bbox 1232 5106 1518 5178; x_wconf 84' lang='grc' dir='ltr'>ήτίμασεν.</span> <span class='ocrx_word' id='word_1_421' title='bbox 1565 5103 1631 5157; x_wconf 67' lang='lat' dir='ltr'>Et</span> <span class='ocrx_word' id='word_1_422' title='bbox 1680 5101 1790 5171; x_wconf 80' lang='grc' dir='ltr'>γὰρ</span> <span class='ocrx_word' id='word_1_423' title='bbox 1838 5098 2041 5152; x_wconf 83' lang='grc' dir='ltr'>πλάνον</span> 
     </span>
    </p>
   </div>
   <div class='ocr_carea' id='block_1_58' title="bbox 470 5191 2045 5272">
    <p class='ocr_par' dir='ltr' id='par_1_58' title="bbox 470 5191 2045 5272">
     <span class='ocr_line' id='line_1_58' title="bbox 470 5191 2045 5272; baseline -0.011 -12"><span class='ocrx_word' id='word_1_424' title='bbox 470 5206 730 5268; x_wconf 79' lang='grc' dir='ltr'>ἀνείλετε,</span> <span class='ocrx_word' id='word_1_425' title='bbox 754 5203 826 5267; x_wconf 86' lang='grc' dir='ltr'>ὥς</span> <span class='ocrx_word' id='word_1_426' title='bbox 853 5218 1010 5272; x_wconf 87' lang='grc' dir='ltr'>φατε,</span> <span class='ocrx_word' id='word_1_427' title='bbox 1035 5201 1129 5255; x_wconf 80' lang='grc' dir='ltr'>καὶ</span> <span class='ocrx_word' id='word_1_428' title='bbox 1157 5196 1556 5270; x_wconf 83' lang='grc' dir='ltr'>κατωρθώσατε</span> <span class='ocrx_word' id='word_1_429' title='bbox 1573 5210 1588 5226; x_wconf 72' lang='grc'><strong><em>⁸</em></strong></span> <span class='ocrx_word' id='word_1_430' title='bbox 1619 5194 1676 5266; x_wconf 81' lang='grc' dir='ltr'>ἦ,</span> <span class='ocrx_word' id='word_1_431' title='bbox 1707 5193 1755 5246; x_wconf 87' lang='grc' dir='ltr'>εί</span> <span class='ocrx_word' id='word_1_432' title='bbox 1784 5191 1994 5255; x_wconf 86' lang='grc' dir='ltr'>δίκαιος</span> <span class='ocrx_word' id='word_1_433' title='bbox 2015 5192 2045 5243; x_wconf 81' lang='grc' dir='ltr'>ὁ</span> 
     </span>
    </p>
   </div>
   <div class='ocr_carea' id='block_1_59' title="bbox 472 5283 2047 5368">
    <p class='ocr_par' dir='ltr' id='par_1_59' title="bbox 472 5283 2047 5368">
     <span class='ocr_line' id='line_1_59' title="bbox 472 5283 2047 5368; baseline -0.011 -15"><span class='ocrx_word' id='word_1_434' title='bbox 472 5300 624 5364; x_wconf 78' lang='grc' dir='ltr'>Θεὸς,</span> <span class='ocrx_word' id='word_1_435' title='bbox 658 5296 844 5368; x_wconf 80' lang='grc' dir='ltr'>ὥσπερ</span> <span class='ocrx_word' id='word_1_436' title='bbox 868 5290 960 5349; x_wconf 84' lang='grc' dir='ltr'>οῦν</span> <span class='ocrx_word' id='word_1_437' title='bbox 991 5293 1084 5347; x_wconf 78' lang='grc' dir='ltr'>καὶ</span> <span class='ocrx_word' id='word_1_438' title='bbox 1120 5292 1347 5356; x_wconf 89' lang='grc' dir='ltr'>δίκαιος,</span> <span class='ocrx_word' id='word_1_439' title='bbox 1380 5289 1543 5359; x_wconf 85' lang='grc' dir='ltr'>τιμᾷν</span> <span class='ocrx_word' id='word_1_440' title='bbox 1572 5286 1717 5357; x_wconf 81' lang='grc' dir='ltr'>ὑμᾶς</span> <span class='ocrx_word' id='word_1_441' title='bbox 1748 5284 1855 5338; x_wconf 72' lang='grc' dir='ltr'>ἔδει</span> <span class='ocrx_word' id='word_1_442' title='bbox 1875 5326 1891 5350; x_wconf 91' lang='grc'>,</span> <span class='ocrx_word' id='word_1_443' title='bbox 1926 5283 2047 5353; x_wconf 81' lang='grc' dir='ltr'>οὐχὶ</span> 
     </span>
    </p>
   </div>
   <div class='ocr_carea' id='block_1_60' title="bbox 476 5375 2051 5455">
    <p class='ocr_par' dir='ltr' id='par_1_60' title="bbox 476 5375 2051 5455">
     <span class='ocr_line' id='line_1_60' title="bbox 476 5375 2051 5455; baseline -0.011 -11"><span class='ocrx_word' id='word_1_444' title='bbox 476 5388 727 5455; x_wconf 78' lang='grc' dir='ltr'>κολάζειν</span> <span class='ocrx_word' id='word_1_445' title='bbox 747 5407 759 5420; x_wconf 90' lang='grc'><strong>·</strong></span> <span class='ocrx_word' id='word_1_446' title='bbox 795 5389 842 5441; x_wconf 86' lang='grc' dir='ltr'>εί</span> <span class='ocrx_word' id='word_1_447' title='bbox 864 5386 922 5440; x_wconf 79' lang='grc' dir='ltr'>δὲ</span> <span class='ocrx_word' id='word_1_448' title='bbox 973 5383 1210 5448; x_wconf 72' lang='grc' dir='ltr'>κολάζει,</span> <span class='ocrx_word' id='word_1_449' title='bbox 1233 5381 1456 5451; x_wconf 71' lang='grc' dir='ltr'>εὔδηλον</span> <span class='ocrx_word' id='word_1_450' title='bbox 1478 5380 1561 5433; x_wconf 80' lang='grc' dir='ltr'>ὅτι</span> <span class='ocrx_word' id='word_1_451' title='bbox 1586 5377 1658 5431; x_wconf 85' lang='grc' dir='ltr'>τά</span> <span class='ocrx_word' id='word_1_452' title='bbox 1682 5376 1776 5431; x_wconf 93' lang='grc' dir='ltr'>νῦν</span> <span class='ocrx_word' id='word_1_453' title='bbox 1801 5375 2051 5447; x_wconf 84' lang='grc' dir='ltr'>ἁμαρτή-</span> 
     </span>
    </p>
   </div>
   <div class='ocr_carea' id='block_1_61' title="bbox 481 5466 2049 5554">
    <p class='ocr_par' dir='ltr' id='par_1_61' title="bbox 481 5466 2049 5554">
     <span class='ocr_line' id='line_1_61' title="bbox 481 5466 2049 5554; baseline -0.011 -18"><span class='ocrx_word' id='word_1_454' title='bbox 481 5499 626 5554; x_wconf 81' lang='grc' dir='ltr'>ματα</span> <span class='ocrx_word' id='word_1_455' title='bbox 659 5478 812 5551; x_wconf 83' lang='grc' dir='ltr'>ὑμῶν</span> <span class='ocrx_word' id='word_1_456' title='bbox 847 5474 1220 5550; x_wconf 85' lang='grc' dir='ltr'>χαλεπώτερα.</span> <span class='ocrx_word' id='word_1_457' title='bbox 1276 5474 1339 5527; x_wconf 90' lang='grc' dir='ltr'>Εί</span> <span class='ocrx_word' id='word_1_458' title='bbox 1368 5471 1426 5526; x_wconf 84' lang='grc' dir='ltr'>δὲ</span> <span class='ocrx_word' id='word_1_459' title='bbox 1473 5470 1597 5524; x_wconf 78' lang='grc' dir='ltr'>οὕτε</span> <span class='ocrx_word' id='word_1_460' title='bbox 1644 5468 1890 5523; x_wconf 79' lang='grc' dir='ltr'>ἀσεϐεῖτε</span> <span class='ocrx_word' id='word_1_461' title='bbox 1933 5466 2049 5531; x_wconf 90' lang='grc' dir='ltr'>νῦν,</span> 
     </span>
    </p>
   </div>
   <div class='ocr_carea' id='block_1_62' title="bbox 478 5558 2049 5639">
    <p class='ocr_par' dir='ltr' id='par_1_62' title="bbox 478 5558 2049 5639">
     <span class='ocr_line' id='line_1_62' title="bbox 478 5558 2049 5639; baseline -0.012 -9"><span class='ocrx_word' id='word_1_462' title='bbox 478 5573 606 5631; x_wconf 78' lang='grc' dir='ltr'>οὔτε</span> <span class='ocrx_word' id='word_1_463' title='bbox 637 5572 802 5626; x_wconf 84' lang='grc' dir='ltr'>τέκνα</span> <span class='ocrx_word' id='word_1_464' title='bbox 831 5570 1009 5636; x_wconf 80' lang='grc' dir='ltr'>θύετε,</span> <span class='ocrx_word' id='word_1_465' title='bbox 1057 5568 1132 5632; x_wconf 87' lang='grc' dir='ltr'>ώς</span> <span class='ocrx_word' id='word_1_466' title='bbox 1164 5566 1270 5639; x_wconf 85' lang='grc' dir='ltr'>πρὸ</span> <span class='ocrx_word' id='word_1_467' title='bbox 1291 5563 1502 5627; x_wconf 86' lang='grc' dir='ltr'>τούτου,</span> <span class='ocrx_word' id='word_1_468' title='bbox 1534 5563 1684 5615; x_wconf 81' lang='grc' dir='ltr'>ποῖον</span> <span class='ocrx_word' id='word_1_469' title='bbox 1704 5559 1831 5616; x_wconf 80' lang='grc' dir='ltr'>ἄλλο</span> <span class='ocrx_word' id='word_1_470' title='bbox 1863 5558 2049 5631; x_wconf 88' lang='grc' dir='ltr'>ἀμάρ-</span> 
     </span>
    </p>
   </div>
   <div class='ocr_carea' id='block_1_63' title="bbox 485 5741 2059 5867">
    <p class='ocr_par' dir='ltr' id='par_1_63' title="bbox 485 5741 2059 5867">
     <span class='ocr_line' id='line_1_63' title="bbox 485 5741 2059 5867; baseline -0.009 -64"><span class='ocrx_word' id='word_1_471' title='bbox 485 5753 575 5867; x_wconf 36' lang='grc' dir='ltr'>ιιξ</span> <span class='ocrx_word' id='word_1_472' title='bbox 599 5750 912 5802; x_wconf 72' lang='grc' dir='ltr'>Βοοιεοιίοιιι</span> <span class='ocrx_word' id='word_1_473' title='bbox 944 5750 993 5797; x_wconf 87' lang='lat' dir='ltr'><strong>in</strong></span> <span class='ocrx_word' id='word_1_474' title='bbox 1016 5748 1161 5797; x_wconf 76' lang='lat' dir='ltr'>editis</span> <span class='ocrx_word' id='word_1_475' title='bbox 1180 5757 1399 5794; x_wconf 81' lang='lat' dir='ltr'>mancam</span> <span class='ocrx_word' id='word_1_476' title='bbox 1425 5743 1492 5792; x_wconf 66' lang='grc' dir='ltr'>εἱσι</span> <span class='ocrx_word' id='word_1_477' title='bbox 1512 5754 1574 5794; x_wconf 75' lang='lat' dir='ltr'>ex</span> <span class='ocrx_word' id='word_1_478' title='bbox 1597 5754 1695 5790; x_wconf 87' lang='lat' dir='ltr'>uno</span> <span class='ocrx_word' id='word_1_479' title='bbox 1720 5741 1886 5791; x_wconf 80' lang='lat' dir='ltr'>codice</span> <span class='ocrx_word' id='word_1_480' title='bbox 1908 5742 2059 5792; x_wconf 77' lang='lat' dir='ltr'>resli-</span> 
     </span>
     <span class='ocr_line' id='line_1_64' title="bbox 507 5828 683 5865; baseline 0.006 -1"><span class='ocrx_word' id='word_1_481' title='bbox 507 5828 683 5865; x_wconf 77' lang='lat' dir='ltr'>ulmus.</span> 
     </span>
    </p>
   </div>
   <div class='ocr_carea' id='block_1_64' title="bbox 507 5828 683 5865">
    <p class='ocr_par' dir='ltr' id='par_1_64' title="bbox 507 5828 683 5865">
     <span class='ocr_line' id='line_1_65' title="bbox 507 5828 683 5865; baseline 0.006 -1"><span class='ocrx_word' id='word_1_482' title='bbox 507 5828 683 5865; x_wconf 79' lang='lat' dir='ltr'>ulmus.</span> 
     </span>
    </p>
   </div>
   <div class='ocr_carea' id='block_1_65' title="bbox 2055 863 3635 937">
    <p class='ocr_par' dir='ltr' id='par_1_65' title="bbox 2055 863 3635 937">
     <span class='ocr_line' id='line_1_66' title="bbox 2055 863 3635 937; baseline -0.003 -14"><span class='ocrx_word' id='word_1_483' title='bbox 2055 870 2191 931; x_wconf 80' lang='grc' dir='ltr'>ἴσον,</span> <span class='ocrx_word' id='word_1_484' title='bbox 2243 869 2357 922; x_wconf 84' lang='grc' dir='ltr'>υἱὸν</span> <span class='ocrx_word' id='word_1_485' title='bbox 2413 867 2613 937; x_wconf 80' lang='grc' dir='ltr'>σφάξαι</span> <span class='ocrx_word' id='word_1_486' title='bbox 2647 865 2736 918; x_wconf 80' lang='grc' dir='ltr'>τὸν</span> <span class='ocrx_word' id='word_1_487' title='bbox 2780 863 3012 927; x_wconf 85' lang='grc' dir='ltr'>ἐαυτοῦ,</span> <span class='ocrx_word' id='word_1_488' title='bbox 3064 864 3158 918; x_wconf 81' lang='grc' dir='ltr'>καὶ</span> <span class='ocrx_word' id='word_1_489' title='bbox 3205 865 3482 936; x_wconf 87' lang='grc' dir='ltr'>Δεσπότην</span> <span class='ocrx_word' id='word_1_490' title='bbox 3544 866 3635 919; x_wconf 89' lang='grc' dir='ltr'>τὸν</span> 
     </span>
    </p>
   </div>
   <div class='ocr_carea' id='block_1_66' title="bbox 2062 954 3637 1030">
    <p class='ocr_par' dir='ltr' id='par_1_66' title="bbox 2062 954 3637 1030">
     <span class='ocr_line' id='line_1_67' title="bbox 2062 954 3637 1030; baseline -0.003 -14"><span class='ocrx_word' id='word_1_491' title='bbox 2062 961 2255 1016; x_wconf 86' lang='grc' dir='ltr'>ἐαυτοῦ</span> <span class='ocrx_word' id='word_1_492' title='bbox 2308 958 2636 1030; x_wconf 86' lang='grc' dir='ltr'>σταυρῶσαι.</span> <span class='ocrx_word' id='word_1_493' title='bbox 2687 957 2786 1011; x_wconf 87' lang='grc' dir='ltr'>Διά</span> <span class='ocrx_word' id='word_1_494' title='bbox 2813 954 2988 1018; x_wconf 87' lang='grc' dir='ltr'>τοῦτο,</span> <span class='ocrx_word' id='word_1_495' title='bbox 3034 957 3123 1008; x_wconf 78' lang='grc' dir='ltr'>ὅτε</span> <span class='ocrx_word' id='word_1_496' title='bbox 3174 956 3272 1027; x_wconf 79' lang='grc' dir='ltr'>μὲν</span> <span class='ocrx_word' id='word_1_497' title='bbox 3316 958 3440 1019; x_wconf 75' lang='grc' dir='ltr'>τοὺς</span> <span class='ocrx_word' id='word_1_498' title='bbox 3486 958 3637 1021; x_wconf 83' lang='grc' dir='ltr'>υίοὺς</span> 
     </span>
    </p>
   </div>
   <div class='ocr_carea' id='block_1_67' title="bbox 2056 1051 3638 1129">
    <p class='ocr_par' dir='ltr' id='par_1_67' title="bbox 2056 1051 3638 1129">
     <span class='ocr_line' id='line_1_68' title="bbox 2056 1051 3638 1129; baseline -0.006 -15"><span class='ocrx_word' id='word_1_499' title='bbox 2056 1060 2336 1129; x_wconf 79' lang='grc' dir='ltr'>ἔσφαττες,</span> <span class='ocrx_word' id='word_1_500' title='bbox 2372 1052 2778 1125; x_wconf 80' lang='grc' dir='ltr'>φιλανθρωπίας</span> <span class='ocrx_word' id='word_1_501' title='bbox 2812 1051 3115 1114; x_wconf 84' lang='grc' dir='ltr'>ἀπέλαυες’</span> <span class='ocrx_word' id='word_1_502' title='bbox 3151 1052 3239 1105; x_wconf 86' lang='grc' dir='ltr'>ὅτε</span> <span class='ocrx_word' id='word_1_503' title='bbox 3285 1051 3342 1104; x_wconf 83' lang='grc' dir='ltr'>δὲ</span> <span class='ocrx_word' id='word_1_504' title='bbox 3377 1051 3470 1104; x_wconf 91' lang='grc' dir='ltr'>τοῦ</span> <span class='ocrx_word' id='word_1_505' title='bbox 3501 1052 3638 1106; x_wconf 86' lang='grc' dir='ltr'>Θεοῦ</span> 
     </span>
    </p>
   </div>
   <div class='ocr_carea' id='block_1_68' title="bbox 2054 1145 3640 1217">
    <p class='ocr_par' dir='ltr' id='par_1_68' title="bbox 2054 1145 3640 1217">
     <span class='ocr_line' id='line_1_69' title="bbox 2054 1145 3640 1217; baseline -0.006 -8"><span class='ocrx_word' id='word_1_506' title='bbox 2054 1155 2147 1208; x_wconf 90' lang='grc' dir='ltr'>τὸν</span> <span class='ocrx_word' id='word_1_507' title='bbox 2179 1153 2307 1208; x_wconf 87' lang='grc' dir='ltr'>Υίὸν</span> <span class='ocrx_word' id='word_1_508' title='bbox 2338 1153 2432 1205; x_wconf 73' lang='grc' dir='ltr'>καὶ</span> <span class='ocrx_word' id='word_1_509' title='bbox 2466 1151 2556 1203; x_wconf 87' lang='grc' dir='ltr'>σὸν</span> <span class='ocrx_word' id='word_1_510' title='bbox 2586 1149 2896 1217; x_wconf 86' lang='grc' dir='ltr'>Δεσπότην,</span> <span class='ocrx_word' id='word_1_511' title='bbox 2938 1145 3300 1216; x_wconf 89' lang='grc' dir='ltr'>ἀσύγγνωστα</span> <span class='ocrx_word' id='word_1_512' title='bbox 3332 1147 3516 1203; x_wconf 81' lang='grc' dir='ltr'>λοιπὸν</span> <span class='ocrx_word' id='word_1_513' title='bbox 3542 1165 3640 1202; x_wconf 80' lang='grc' dir='ltr'>κο⁶</span> 
     </span>
    </p>
   </div>
   <div class='ocr_carea' id='block_1_69' title="bbox 2060 1240 2215 1323">
    <p class='ocr_par' dir='ltr' id='par_1_69' title="bbox 2060 1240 2215 1323">
     <span class='ocr_line' id='line_1_70' title="bbox 2060 1240 2215 1323; baseline -0.013 -18"><span class='ocrx_word' id='word_1_514' title='bbox 2060 1240 2215 1323; x_wconf 75' lang='grc' dir='ltr'>λάζῃ.</span> 
     </span>
    </p>
   </div>
   <div class='ocr_carea' id='block_1_70' title="bbox 2131 1352 3643 1426">
    <p class='ocr_par' dir='ltr' id='par_1_70' title="bbox 2131 1352 3643 1426">
     <span class='ocr_line' id='line_1_71' title="bbox 2131 1352 3643 1426; baseline -0.002 -16"><span class='ocrx_word' id='word_1_515' title='bbox 2131 1358 2281 1414; x_wconf 90' lang='grc' dir='ltr'>Πόσα</span> <span class='ocrx_word' id='word_1_516' title='bbox 2309 1355 2402 1426; x_wconf 79' lang='grc' dir='ltr'>ἔτη</span> <span class='ocrx_word' id='word_1_517' title='bbox 2443 1353 2551 1408; x_wconf 84' lang='grc' dir='ltr'>ἀπὸ</span> <span class='ocrx_word' id='word_1_518' title='bbox 2588 1354 2685 1424; x_wconf 84' lang='grc' dir='ltr'>τῆς</span> <span class='ocrx_word' id='word_1_519' title='bbox 2718 1352 2899 1416; x_wconf 79' lang='grc' dir='ltr'>ἐξόδου</span> <span class='ocrx_word' id='word_1_520' title='bbox 2931 1352 3031 1420; x_wconf 83' lang='grc' dir='ltr'>τῆς</span> <span class='ocrx_word' id='word_1_521' title='bbox 3062 1352 3182 1407; x_wconf 88' lang='grc' dir='ltr'>κατ’</span> <span class='ocrx_word' id='word_1_522' title='bbox 3230 1354 3506 1422; x_wconf 75' lang='grc' dir='ltr'>Αἴγυπτον</span> <span class='ocrx_word' id='word_1_523' title='bbox 3535 1353 3643 1418; x_wconf 79' lang='grc' dir='ltr'>ἓως</span> 
     </span>
    </p>
   </div>
   <div class='ocr_carea' id='block_1_71' title="bbox 2061 1445 3645 1523">
    <p class='ocr_par' dir='ltr' id='par_1_71' title="bbox 2061 1445 3645 1523">
     <span class='ocr_line' id='line_1_72' title="bbox 2061 1445 3645 1523; baseline -0.004 -15"><span class='ocrx_word' id='word_1_524' title='bbox 2061 1456 2160 1523; x_wconf 83' lang='grc' dir='ltr'>τῆς</span> <span class='ocrx_word' id='word_1_525' title='bbox 2188 1452 2281 1507; x_wconf 90' lang='grc' dir='ltr'>τοῦ</span> <span class='ocrx_word' id='word_1_526' title='bbox 2311 1450 2548 1522; x_wconf 81' lang='grc' dir='ltr'>Χριστοῦ</span> <span class='ocrx_word' id='word_1_527' title='bbox 2577 1450 2907 1521; x_wconf 81' lang='grc' dir='ltr'>παρουσίας;</span> <span class='ocrx_word' id='word_1_528' title='bbox 2934 1445 3100 1519; x_wconf 75' lang='grc' dir='ltr'>Οἶμαι</span> <span class='ocrx_word' id='word_1_529' title='bbox 3130 1449 3277 1519; x_wconf 91' lang='grc' dir='ltr'>χίλια</span> <span class='ocrx_word' id='word_1_530' title='bbox 3309 1449 3645 1503; x_wconf 83' lang='grc' dir='ltr'>πεντακόσια</span> 
     </span>
    </p>
   </div>
   <div class='ocr_carea' id='block_1_72' title="bbox 2064 1541 3650 1616">
    <p class='ocr_par' dir='ltr' id='par_1_72' title="bbox 2064 1541 3650 1616">
     <span class='ocr_line' id='line_1_73' title="bbox 2064 1541 3650 1616; baseline -0.004 -13"><span class='ocrx_word' id='word_1_531' title='bbox 2064 1545 2205 1603; x_wconf 80' lang='grc' dir='ltr'>εἶναι</span> <span class='ocrx_word' id='word_1_532' title='bbox 2237 1550 2332 1602; x_wconf 74' lang='grc' dir='ltr'>καὶ</span> <span class='ocrx_word' id='word_1_533' title='bbox 2359 1546 2600 1601; x_wconf 82' lang='grc' dir='ltr'>πλείονα.</span> <span class='ocrx_word' id='word_1_534' title='bbox 2628 1544 2755 1608; x_wconf 86' lang='grc' dir='ltr'>Πῶς</span> <span class='ocrx_word' id='word_1_535' title='bbox 2792 1541 2884 1598; x_wconf 82' lang='grc' dir='ltr'>οῦν</span> <span class='ocrx_word' id='word_1_536' title='bbox 2914 1546 2971 1598; x_wconf 89' lang='grc' dir='ltr'>ἐν</span> <span class='ocrx_word' id='word_1_537' title='bbox 3000 1544 3207 1609; x_wconf 84' lang='grc' dir='ltr'>τούτοις</span> <span class='ocrx_word' id='word_1_538' title='bbox 3239 1546 3442 1599; x_wconf 77' lang='grc' dir='ltr'>ἅπασιν</span> <span class='ocrx_word' id='word_1_539' title='bbox 3465 1546 3650 1616; x_wconf 79' lang='grc' dir='ltr'>ἀμαρ-</span> 
     </span>
    </p>
   </div>
   <div class='ocr_carea' id='block_1_73' title="bbox 2064 1639 3651 1712">
    <p class='ocr_par' dir='ltr' id='par_1_73' title="bbox 2064 1639 3651 1712">
     <span class='ocr_line' id='line_1_74' title="bbox 2064 1639 3651 1712; baseline -0.003 -14"><span class='ocrx_word' id='word_1_540' title='bbox 2064 1644 2325 1705; x_wconf 89' lang='grc' dir='ltr'>τάνοντας</span> <span class='ocrx_word' id='word_1_541' title='bbox 2367 1643 2511 1712; x_wconf 81' lang='grc' dir='ltr'>ὑμᾶς</span> <span class='ocrx_word' id='word_1_542' title='bbox 2537 1640 2719 1712; x_wconf 78' lang='grc' dir='ltr'>ἔφερε,</span> <span class='ocrx_word' id='word_1_543' title='bbox 2751 1642 2845 1695; x_wconf 88' lang='grc' dir='ltr'>νῦν</span> <span class='ocrx_word' id='word_1_544' title='bbox 2872 1640 2930 1693; x_wconf 83' lang='grc' dir='ltr'>δὲ</span> <span class='ocrx_word' id='word_1_545' title='bbox 2970 1641 3114 1711; x_wconf 81' lang='grc' dir='ltr'>ὑμᾶς</span> <span class='ocrx_word' id='word_1_546' title='bbox 3141 1640 3387 1711; x_wconf 79' lang='grc' dir='ltr'>ἔρριψεν,</span> <span class='ocrx_word' id='word_1_547' title='bbox 3419 1642 3507 1694; x_wconf 84' lang='grc' dir='ltr'>ὅτε</span> <span class='ocrx_word' id='word_1_548' title='bbox 3542 1639 3651 1710; x_wconf 73' lang='grc' dir='ltr'>μά⁴</span> 
     </span>
    </p>
   </div>
   <div class='ocr_carea' id='block_1_74' title="bbox 2067 1735 3652 1809">
    <p class='ocr_par' dir='ltr' id='par_1_74' title="bbox 2067 1735 3652 1809">
     <span class='ocr_line' id='line_1_75' title="bbox 2067 1735 3652 1809; baseline -0.004 -15"><span class='ocrx_word' id='word_1_549' title='bbox 2067 1740 2221 1794; x_wconf 83' lang='grc' dir='ltr'>λιστα</span> <span class='ocrx_word' id='word_1_550' title='bbox 2283 1737 2622 1808; x_wconf 84' lang='grc' dir='ltr'>στεφανῶσαι</span> <span class='ocrx_word' id='word_1_551' title='bbox 2683 1738 2819 1806; x_wconf 78' lang='grc' dir='ltr'>ἔδει,</span> <span class='ocrx_word' id='word_1_552' title='bbox 2875 1737 2976 1791; x_wconf 85' lang='grc' dir='ltr'>κᾶν</span> <span class='ocrx_word' id='word_1_553' title='bbox 3028 1737 3199 1790; x_wconf 88' lang='grc' dir='ltr'>πολλά</span> <span class='ocrx_word' id='word_1_554' title='bbox 3263 1735 3652 1809; x_wconf 81' lang='grc' dir='ltr'>ἡμαρτηκότες</span> 
     </span>
    </p>
   </div>
   <div class='ocr_carea' id='block_1_75' title="bbox 2065 1824 3650 1910">
    <p class='ocr_par' dir='ltr' id='par_1_75' title="bbox 2065 1824 3650 1910">
     <span class='ocr_line' id='line_1_76' title="bbox 2065 1824 3650 1910; baseline -0.007 -19"><span class='ocrx_word' id='word_1_555' title='bbox 2065 1834 2202 1910; x_wconf 51' lang='lat' dir='ltr'>ﬁte;</span> <span class='ocrx_word' id='word_1_556' title='bbox 2248 1835 2322 1889; x_wconf 90' lang='grc' dir='ltr'>Τὸ</span> <span class='ocrx_word' id='word_1_557' title='bbox 2366 1834 2476 1904; x_wconf 86' lang='grc' dir='ltr'>γὰρ</span> <span class='ocrx_word' id='word_1_558' title='bbox 2518 1833 2850 1904; x_wconf 89' lang='grc' dir='ltr'>κατόρθωμα</span> <span class='ocrx_word' id='word_1_559' title='bbox 2898 1833 3050 1904; x_wconf 82' lang='grc' dir='ltr'>ὑμῶν</span> <span class='ocrx_word' id='word_1_560' title='bbox 3094 1832 3229 1886; x_wconf 81' lang='grc' dir='ltr'>πολὺ</span> <span class='ocrx_word' id='word_1_561' title='bbox 3274 1833 3528 1901; x_wconf 86' lang='grc' dir='ltr'>μέγιστον</span> <span class='ocrx_word' id='word_1_562' title='bbox 3559 1824 3650 1901; x_wconf 81' lang='grc' dir='ltr'>ἦν,</span> 
     </span>
    </p>
   </div>
   <div class='ocr_carea' id='block_1_76' title="bbox 2073 1927 3657 2005">
    <p class='ocr_par' dir='ltr' id='par_1_76' title="bbox 2073 1927 3657 2005">
     <span class='ocr_line' id='line_1_77' title="bbox 2073 1927 3657 2005; baseline -0.006 -16"><span class='ocrx_word' id='word_1_563' title='bbox 2073 1937 2189 2005; x_wconf 62' lang='grc' dir='ltr'>εἴγε</span> <span class='ocrx_word' id='word_1_564' title='bbox 2218 1933 2416 1988; x_wconf 84' lang='grc' dir='ltr'>πλάνον</span> <span class='ocrx_word' id='word_1_565' title='bbox 2455 1930 2755 2002; x_wconf 79' lang='grc' dir='ltr'>ἐσφάξατε.</span> <span class='ocrx_word' id='word_1_566' title='bbox 2786 1930 2941 1983; x_wconf 83' lang='grc' dir='ltr'>Μετά</span> <span class='ocrx_word' id='word_1_567' title='bbox 2967 1930 3022 1983; x_wconf 82' lang='grc' dir='ltr'>δὲ</span> <span class='ocrx_word' id='word_1_568' title='bbox 3061 1928 3253 1983; x_wconf 89' lang='grc' dir='ltr'>τούτου</span> <span class='ocrx_word' id='word_1_569' title='bbox 3284 1929 3376 1982; x_wconf 81' lang='grc' dir='ltr'>καὶ</span> <span class='ocrx_word' id='word_1_570' title='bbox 3409 1927 3657 1982; x_wconf 73' lang='grc' dir='ltr'>σάϐϐατα</span> 
     </span>
    </p>
   </div>
   <div class='ocr_carea' id='block_1_77' title="bbox 2073 2024 3655 2100">
    <p class='ocr_par' dir='ltr' id='par_1_77' title="bbox 2073 2024 3655 2100">
     <span class='ocr_line' id='line_1_78' title="bbox 2073 2024 3655 2100; baseline -0.009 -13"><span class='ocrx_word' id='word_1_571' title='bbox 2073 2033 2278 2086; x_wconf 84' lang='grc' dir='ltr'>δοκεῖτε</span> <span class='ocrx_word' id='word_1_572' title='bbox 2317 2030 2607 2100; x_wconf 85' lang='grc' dir='ltr'>φυλάττειν</span> <span class='ocrx_word' id='word_1_573' title='bbox 2635 2026 2751 2090; x_wconf 92' lang='grc' dir='ltr'>νῦν,</span> <span class='ocrx_word' id='word_1_574' title='bbox 2784 2028 2878 2079; x_wconf 75' lang='grc' dir='ltr'>καὶ</span> <span class='ocrx_word' id='word_1_575' title='bbox 2915 2024 3111 2078; x_wconf 75' lang='grc' dir='ltr'>εἴδωλα</span> <span class='ocrx_word' id='word_1_576' title='bbox 3154 2026 3218 2079; x_wconf 87' lang='grc' dir='ltr'>οὐ</span> <span class='ocrx_word' id='word_1_577' title='bbox 3262 2025 3655 2095; x_wconf 85' lang='grc' dir='ltr'>προσκυνεῖτε,</span> 
     </span>
    </p>
   </div>
   <div class='ocr_carea' id='block_1_78' title="bbox 2076 2118 3661 2195">
    <p class='ocr_par' dir='ltr' id='par_1_78' title="bbox 2076 2118 3661 2195">
     <span class='ocr_line' id='line_1_79' title="bbox 2076 2118 3661 2195; baseline -0.01 -12"><span class='ocrx_word' id='word_1_578' title='bbox 2076 2129 2171 2183; x_wconf 72' lang='grc' dir='ltr'>καὶ</span> <span class='ocrx_word' id='word_1_579' title='bbox 2202 2127 2272 2181; x_wconf 77' lang='grc' dir='ltr'>τά</span> <span class='ocrx_word' id='word_1_580' title='bbox 2306 2126 2441 2182; x_wconf 87' lang='grc' dir='ltr'>ἀλλα</span> <span class='ocrx_word' id='word_1_581' title='bbox 2480 2124 2831 2195; x_wconf 85' lang='grc' dir='ltr'>φιλονεικεῖτε</span> <span class='ocrx_word' id='word_1_582' title='bbox 2858 2121 3153 2191; x_wconf 86' lang='grc' dir='ltr'>διατηρεῖν.</span> <span class='ocrx_word' id='word_1_583' title='bbox 3193 2120 3320 2173; x_wconf 84' lang='grc' dir='ltr'>Ὅτε</span> <span class='ocrx_word' id='word_1_584' title='bbox 3349 2118 3530 2172; x_wconf 87' lang='grc' dir='ltr'>τοίνυν</span> <span class='ocrx_word' id='word_1_585' title='bbox 3564 2118 3661 2170; x_wconf 73' lang='grc' dir='ltr'>καὶ</span> 
     </span>
    </p>
   </div>
   <div class='ocr_carea' id='block_1_79' title="bbox 2077 2214 3659 2297">
    <p class='ocr_par' dir='ltr' id='par_1_79' title="bbox 2077 2214 3659 2297">
     <span class='ocr_line' id='line_1_80' title="bbox 2077 2214 3659 2297; baseline -0.009 -18"><span class='ocrx_word' id='word_1_586' title='bbox 2077 2227 2106 2279; x_wconf 85' lang='grc' dir='ltr'>ὁ</span> <span class='ocrx_word' id='word_1_587' title='bbox 2135 2224 2248 2297; x_wconf 84' lang='grc' dir='ltr'>βίος</span> <span class='ocrx_word' id='word_1_588' title='bbox 2283 2222 2436 2295; x_wconf 79' lang='grc' dir='ltr'>ὑμῶν</span> <span class='ocrx_word' id='word_1_589' title='bbox 2480 2220 2730 2293; x_wconf 83' lang='grc' dir='ltr'>βελτίων,</span> <span class='ocrx_word' id='word_1_590' title='bbox 2762 2220 2857 2272; x_wconf 70' lang='grc' dir='ltr'>καὶ</span> <span class='ocrx_word' id='word_1_591' title='bbox 2891 2218 2952 2270; x_wconf 78' lang='grc' dir='ltr'>τὸ</span> <span class='ocrx_word' id='word_1_592' title='bbox 2981 2216 3313 2288; x_wconf 85' lang='grc' dir='ltr'>κατόρθωμα</span> <span class='ocrx_word' id='word_1_593' title='bbox 3336 2255 3351 2281; x_wconf 89' lang='grc'>,</span> <span class='ocrx_word' id='word_1_594' title='bbox 3382 2214 3457 2278; x_wconf 81' lang='grc' dir='ltr'>ὥς</span> <span class='ocrx_word' id='word_1_595' title='bbox 3488 2229 3623 2285; x_wconf 84' lang='grc' dir='ltr'>φατε</span> <span class='ocrx_word' id='word_1_596' title='bbox 3643 2254 3659 2279; x_wconf 92' lang='grc'>,</span> 
     </span>
    </p>
   </div>
   <div class='ocr_carea' id='block_1_80' title="bbox 2079 2312 3664 2387">
    <p class='ocr_par' dir='ltr' id='par_1_80' title="bbox 2079 2312 3664 2387">
     <span class='ocr_line' id='line_1_81' title="bbox 2079 2312 3664 2387; baseline -0.009 -9"><span class='ocrx_word' id='word_1_597' title='bbox 2079 2323 2365 2387; x_wconf 85' lang='grc' dir='ltr'>τοσοῦτον,</span> <span class='ocrx_word' id='word_1_598' title='bbox 2396 2321 2516 2375; x_wconf 89' lang='grc' dir='ltr'>τότε</span> <span class='ocrx_word' id='word_1_599' title='bbox 2555 2317 2625 2371; x_wconf 89' lang='grc' dir='ltr'>τά</span> <span class='ocrx_word' id='word_1_600' title='bbox 2669 2317 2873 2386; x_wconf 74' lang='grc' dir='ltr'>ἔσχατα</span> <span class='ocrx_word' id='word_1_601' title='bbox 2916 2314 3172 2384; x_wconf 83' lang='grc' dir='ltr'>πάσχετε.</span> <span class='ocrx_word' id='word_1_602' title='bbox 3211 2313 3276 2365; x_wconf 90' lang='grc' dir='ltr'>Τί</span> <span class='ocrx_word' id='word_1_603' title='bbox 3321 2312 3523 2383; x_wconf 83' lang='grc' dir='ltr'>ταύτης</span> <span class='ocrx_word' id='word_1_604' title='bbox 3564 2312 3664 2380; x_wconf 79' lang='grc' dir='ltr'>τῆς</span> 
     </span>
    </p>
   </div>
   <div class='ocr_carea' id='block_1_81' title="bbox 2086 2406 3665 2492">
    <p class='ocr_par' dir='ltr' id='par_1_81' title="bbox 2086 2406 3665 2492">
     <span class='ocr_line' id='line_1_82' title="bbox 2086 2406 3665 2492; baseline -0.008 -18"><span class='ocrx_word' id='word_1_605' title='bbox 2086 2421 2282 2492; x_wconf 86' lang='grc' dir='ltr'>μανίας</span> <span class='ocrx_word' id='word_1_606' title='bbox 2300 2417 2490 2488; x_wconf 84' lang='grc' dir='ltr'>γένοιτ’</span> <span class='ocrx_word' id='word_1_607' title='bbox 2519 2416 2582 2469; x_wconf 84' lang='grc' dir='ltr'>ἂν</span> <span class='ocrx_word' id='word_1_608' title='bbox 2598 2418 2808 2486; x_wconf 84' lang='grc' dir='ltr'>χεῖρον;</span> <span class='ocrx_word' id='word_1_609' title='bbox 2833 2413 2884 2465; x_wconf 89' lang='grc' dir='ltr'>τί</span> <span class='ocrx_word' id='word_1_610' title='bbox 2905 2412 3003 2483; x_wconf 83' lang='grc' dir='ltr'>τῆς</span> <span class='ocrx_word' id='word_1_611' title='bbox 3022 2410 3230 2474; x_wconf 70' lang='grc' dir='ltr'>ἀνοίας,</span> <span class='ocrx_word' id='word_1_612' title='bbox 3248 2411 3330 2463; x_wconf 85' lang='grc' dir='ltr'>ὅτι</span> <span class='ocrx_word' id='word_1_613' title='bbox 3350 2410 3489 2478; x_wconf 82' lang='grc' dir='ltr'>ὑπὲρ</span> <span class='ocrx_word' id='word_1_614' title='bbox 3512 2406 3665 2478; x_wconf 77' lang='grc' dir='ltr'>ὑμῶν</span> 
     </span>
    </p>
   </div>
   <div class='ocr_carea' id='block_1_82' title="bbox 2084 2504 3669 2584">
    <p class='ocr_par' dir='ltr' id='par_1_82' title="bbox 2084 2504 3669 2584">
     <span class='ocr_line' id='line_1_83' title="bbox 2084 2504 3669 2584; baseline -0.013 -10"><span class='ocrx_word' id='word_1_615' title='bbox 2084 2518 2263 2574; x_wconf 77' lang='grc' dir='ltr'>αὐτῶν</span> <span class='ocrx_word' id='word_1_616' title='bbox 2295 2510 2737 2584; x_wconf 79' lang='grc' dir='ltr'>ἀπολογήσασθαι</span> <span class='ocrx_word' id='word_1_617' title='bbox 2779 2510 3110 2582; x_wconf 83' lang='grc' dir='ltr'>βουλόμενοι,</span> <span class='ocrx_word' id='word_1_618' title='bbox 3156 2510 3235 2572; x_wconf 89' lang='grc' dir='ltr'>είς</span> <span class='ocrx_word' id='word_1_619' title='bbox 3262 2508 3352 2561; x_wconf 89' lang='grc' dir='ltr'>τὸν</span> <span class='ocrx_word' id='word_1_620' title='bbox 3382 2505 3512 2558; x_wconf 84' lang='grc' dir='ltr'>Θεὸν</span> <span class='ocrx_word' id='word_1_621' title='bbox 3543 2504 3669 2576; x_wconf 80' lang='grc' dir='ltr'>βλα-</span> 
     </span>
    </p>
   </div>
   <div class='ocr_carea' id='block_1_83' title="bbox 2089 2599 3671 2689">
    <p class='ocr_par' dir='ltr' id='par_1_83' title="bbox 2089 2599 3671 2689">
     <span class='ocr_line' id='line_1_84' title="bbox 2089 2599 3671 2689; baseline -0.011 -19"><span class='ocrx_word' id='word_1_622' title='bbox 2089 2616 2390 2689; x_wconf 82' lang='grc' dir='ltr'>σφημεῖτε;</span> <span class='ocrx_word' id='word_1_623' title='bbox 2426 2611 2489 2665; x_wconf 82' lang='grc' dir='ltr'><strong>Εἰ</strong></span> <span class='ocrx_word' id='word_1_624' title='bbox 2523 2612 2631 2682; x_wconf 87' lang='grc' dir='ltr'>γάρ</span> <span class='ocrx_word' id='word_1_625' title='bbox 2668 2610 2728 2662; x_wconf 83' lang='grc' dir='ltr'>ού</span> <span class='ocrx_word' id='word_1_626' title='bbox 2780 2606 2960 2679; x_wconf 75' lang='grc' dir='ltr'>μεῖζον</span> <span class='ocrx_word' id='word_1_627' title='bbox 3000 2606 3062 2659; x_wconf 84' lang='grc' dir='ltr'>τὸ</span> <span class='ocrx_word' id='word_1_628' title='bbox 3102 2604 3409 2676; x_wconf 82' lang='grc' dir='ltr'>ἁμάρτημα</span> <span class='ocrx_word' id='word_1_629' title='bbox 3438 2602 3498 2654; x_wconf 89' lang='grc' dir='ltr'>τὸ</span> <span class='ocrx_word' id='word_1_630' title='bbox 3531 2599 3671 2654; x_wconf 87' lang='grc' dir='ltr'>κατά</span> 
     </span>
    </p>
   </div>
   <div class='ocr_carea' id='block_1_84' title="bbox 2088 2695 3672 2785">
    <p class='ocr_par' dir='ltr' id='par_1_84' title="bbox 2088 2695 3672 2785">
     <span class='ocr_line' id='line_1_85' title="bbox 2088 2695 3672 2785; baseline -0.013 -17"><span class='ocrx_word' id='word_1_631' title='bbox 2088 2710 2327 2785; x_wconf 83' lang='grc' dir='ltr'>Χριστοῦ</span> <span class='ocrx_word' id='word_1_632' title='bbox 2374 2710 2593 2764; x_wconf 86' lang='grc' dir='ltr'>πάντων</span> <span class='ocrx_word' id='word_1_633' title='bbox 2636 2706 2858 2759; x_wconf 77' lang='grc' dir='ltr'>ἐκείνων</span> <span class='ocrx_word' id='word_1_634' title='bbox 2882 2745 2895 2769; x_wconf 93' lang='grc'>,</span> <span class='ocrx_word' id='word_1_635' title='bbox 2938 2701 3075 2757; x_wconf 88' lang='grc' dir='ltr'>ἀλλά</span> <span class='ocrx_word' id='word_1_636' title='bbox 3124 2705 3219 2756; x_wconf 80' lang='grc' dir='ltr'>καὶ</span> <span class='ocrx_word' id='word_1_637' title='bbox 3255 2701 3559 2769; x_wconf 80' lang='grc' dir='ltr'>δικαίωμα,</span> <span class='ocrx_word' id='word_1_638' title='bbox 3596 2695 3672 2758; x_wconf 76' lang='grc' dir='ltr'>ὥς</span> 
     </span>
    </p>
   </div>
   <div class='ocr_carea' id='block_1_85' title="bbox 2093 2794 3674 2882">
    <p class='ocr_par' dir='ltr' id='par_1_85' title="bbox 2093 2794 3674 2882">
     <span class='ocr_line' id='line_1_86' title="bbox 2093 2794 3674 2882; baseline -0.012 -18"><span class='ocrx_word' id='word_1_639' title='bbox 2093 2827 2229 2882; x_wconf 86' lang='grc' dir='ltr'>φατε</span> <span class='ocrx_word' id='word_1_640' title='bbox 2250 2850 2265 2874; x_wconf 89' lang='grc'>,</span> <span class='ocrx_word' id='word_1_641' title='bbox 2308 2810 2404 2862; x_wconf 70' lang='grc' dir='ltr'>καὶ</span> <span class='ocrx_word' id='word_1_642' title='bbox 2437 2804 2800 2876; x_wconf 85' lang='grc' dir='ltr'>κατόρθωμα,</span> <span class='ocrx_word' id='word_1_643' title='bbox 2826 2802 2877 2855; x_wconf 89' lang='grc' dir='ltr'>τί</span> <span class='ocrx_word' id='word_1_644' title='bbox 2911 2802 3110 2872; x_wconf 77' lang='grc' dir='ltr'>δήποτε</span> <span class='ocrx_word' id='word_1_645' title='bbox 3145 2795 3540 2868; x_wconf 75' lang='grc' dir='ltr'>κατορθοῦντας</span> <span class='ocrx_word' id='word_1_646' title='bbox 3577 2794 3674 2865; x_wconf 81' lang='grc' dir='ltr'>μὲν</span> 
     </span>
    </p>
   </div>
   <div class='ocr_carea' id='block_1_86' title="bbox 2094 2890 3676 2977">
    <p class='ocr_par' dir='ltr' id='par_1_86' title="bbox 2094 2890 3676 2977">
     <span class='ocr_line' id='line_1_87' title="bbox 2094 2890 3676 2977; baseline -0.013 -15"><span class='ocrx_word' id='word_1_647' title='bbox 2094 2906 2349 2971; x_wconf 76' lang='grc' dir='ltr'>κολάζει,</span> <span class='ocrx_word' id='word_1_648' title='bbox 2381 2902 2801 2977; x_wconf 81' lang='grc' dir='ltr'>ἁμαρτανόντων</span> <span class='ocrx_word' id='word_1_649' title='bbox 2833 2899 2889 2951; x_wconf 83' lang='grc' dir='ltr'>δὲ</span> <span class='ocrx_word' id='word_1_650' title='bbox 2921 2897 3192 2966; x_wconf 80' lang='grc' dir='ltr'>ἐφείδετο;</span> <span class='ocrx_word' id='word_1_651' title='bbox 3222 2892 3392 2947; x_wconf 86' lang='grc' dir='ltr'>Τοῦτο</span> <span class='ocrx_word' id='word_1_652' title='bbox 3426 2892 3533 2962; x_wconf 80' lang='grc' dir='ltr'>γάρ</span> <span class='ocrx_word' id='word_1_653' title='bbox 3579 2890 3676 2959; x_wconf 73' lang='grc' dir='ltr'>οὐχ</span> 
     </span>
    </p>
   </div>
   <div class='ocr_carea' id='block_1_87' title="bbox 2095 2987 3679 3068">
    <p class='ocr_par' dir='ltr' id='par_1_87' title="bbox 2095 2987 3679 3068">
     <span class='ocr_line' id='line_1_88' title="bbox 2095 2987 3679 3068; baseline -0.015 -8"><span class='ocrx_word' id='word_1_654' title='bbox 2095 3008 2124 3060; x_wconf 84' lang='grc' dir='ltr'>ὁ</span> <span class='ocrx_word' id='word_1_655' title='bbox 2155 3004 2324 3068; x_wconf 82' lang='grc' dir='ltr'>Θεὸς,</span> <span class='ocrx_word' id='word_1_656' title='bbox 2355 3000 2470 3055; x_wconf 84' lang='grc' dir='ltr'>ἀλλ’</span> <span class='ocrx_word' id='word_1_657' title='bbox 2498 2998 2619 3053; x_wconf 80' lang='grc' dir='ltr'>οὐδὲ</span> <span class='ocrx_word' id='word_1_658' title='bbox 2652 2996 2939 3067; x_wconf 81' lang='grc' dir='ltr'>ἄνθρωπος</span> <span class='ocrx_word' id='word_1_659' title='bbox 2967 2994 3116 3056; x_wconf 83' lang='grc' dir='ltr'>ὅστις</span> <span class='ocrx_word' id='word_1_660' title='bbox 3154 2992 3355 3062; x_wconf 86' lang='grc' dir='ltr'>δήποτε</span> <span class='ocrx_word' id='word_1_661' title='bbox 3384 2988 3507 3043; x_wconf 84' lang='grc' dir='ltr'>νοῦν</span> <span class='ocrx_word' id='word_1_662' title='bbox 3541 2987 3679 3055; x_wconf 73' lang='grc' dir='ltr'>ἔχων</span> 
     </span>
    </p>
   </div>
   <div class='ocr_carea' id='block_1_88' title="bbox 2098 3080 3676 3171">
    <p class='ocr_par' dir='ltr' id='par_1_88' title="bbox 2098 3080 3676 3171">
     <span class='ocr_line' id='line_1_89' title="bbox 2098 3080 3676 3171; baseline -0.016 -15"><span class='ocrx_word' id='word_1_663' title='bbox 2098 3101 2385 3171; x_wconf 80' lang='grc' dir='ltr'>ἀνάσχοιτο</span> <span class='ocrx_word' id='word_1_664' title='bbox 2415 3095 2481 3151; x_wconf 84' lang='grc' dir='ltr'>ἂν</span> <span class='ocrx_word' id='word_1_665' title='bbox 2529 3094 2770 3164; x_wconf 79' lang='grc' dir='ltr'>ποιῆσαι.</span> <span class='ocrx_word' id='word_1_666' title='bbox 2820 3090 2978 3143; x_wconf 83' lang='grc' dir='ltr'>Ἀλλὰ</span> <span class='ocrx_word' id='word_1_667' title='bbox 3015 3088 3068 3141; x_wconf 88' lang='grc' dir='ltr'>τί</span> <span class='ocrx_word' id='word_1_668' title='bbox 3126 3102 3258 3157; x_wconf 89' lang='grc' dir='ltr'>φασι</span> <span class='ocrx_word' id='word_1_669' title='bbox 3301 3083 3434 3155; x_wconf 77' lang='grc' dir='ltr'>πρὸς</span> <span class='ocrx_word' id='word_1_670' title='bbox 3472 3080 3676 3143; x_wconf 74' lang='grc' dir='ltr'>ταύτας</span> 
     </span>
    </p>
   </div>
   <div class='ocr_carea' id='block_1_89' title="bbox 2113 3178 3683 3269">
    <p class='ocr_par' dir='ltr' id='par_1_89' title="bbox 2113 3178 3683 3269">
     <span class='ocr_line' id='line_1_90' title="bbox 2113 3178 3683 3269; baseline -0.017 -15"><span class='ocrx_word' id='word_1_671' title='bbox 2113 3198 2473 3269; x_wconf 71' lang='grc' dir='ltr'>Ἐῤῥίφημεν,</span> <span class='ocrx_word' id='word_1_672' title='bbox 2524 3194 2607 3248; x_wconf 81' lang='grc' dir='ltr'>ἵνα</span> <span class='ocrx_word' id='word_1_673' title='bbox 2654 3191 2749 3244; x_wconf 68' lang='grc' dir='ltr'>καὶ</span> <span class='ocrx_word' id='word_1_674' title='bbox 2791 3186 3100 3243; x_wconf 87' lang='grc' dir='ltr'>διδάσκαλοι</span> <span class='ocrx_word' id='word_1_675' title='bbox 3144 3181 3431 3253; x_wconf 86' lang='grc' dir='ltr'>γενώμεθα</span> <span class='ocrx_word' id='word_1_676' title='bbox 3474 3179 3573 3249; x_wconf 76' lang='grc' dir='ltr'>τῆς</span> <span class='ocrx_word' id='word_1_677' title='bbox 3606 3178 3683 3228; x_wconf 82' lang='grc' dir='ltr'>οἰ-</span> 
     </span>
    </p>
   </div>
   <div class='ocr_carea' id='block_1_90' title="bbox 2105 3274 3686 3365">
    <p class='ocr_par' dir='ltr' id='par_1_90' title="bbox 2105 3274 3686 3365">
     <span class='ocr_line' id='line_1_91' title="bbox 2105 3274 3686 3365; baseline -0.016 -15"><span class='ocrx_word' id='word_1_678' title='bbox 2105 3295 2396 3365; x_wconf 85' lang='grc' dir='ltr'>κουμένης.</span> <span class='ocrx_word' id='word_1_679' title='bbox 2446 3291 2626 3362; x_wconf 82' lang='grc' dir='ltr'>Λῆρος</span> <span class='ocrx_word' id='word_1_680' title='bbox 2664 3287 2863 3353; x_wconf 83' lang='grc' dir='ltr'>ταῦτα,</span> <span class='ocrx_word' id='word_1_681' title='bbox 2909 3285 3004 3337; x_wconf 76' lang='grc' dir='ltr'>καὶ</span> <span class='ocrx_word' id='word_1_682' title='bbox 3050 3279 3329 3353; x_wconf 89' lang='grc' dir='ltr'>φλυαρίαι.</span> <span class='ocrx_word' id='word_1_683' title='bbox 3388 3277 3528 3339; x_wconf 81' lang='grc' dir='ltr'>Τοὺς</span> <span class='ocrx_word' id='word_1_684' title='bbox 3580 3274 3686 3343; x_wconf 90' lang='grc' dir='ltr'>γὰρ</span> 
     </span>
    </p>
   </div>
   <div class='ocr_carea' id='block_1_91' title="bbox 2109 3376 3690 3465">
    <p class='ocr_par' dir='ltr' id='par_1_91' title="bbox 2109 3376 3690 3465">
     <span class='ocr_line' id='line_1_92' title="bbox 2109 3376 3690 3465; baseline -0.016 -19"><span class='ocrx_word' id='word_1_685' title='bbox 2109 3392 2402 3465; x_wconf 73' lang='grc' dir='ltr'>μέλλοντας</span> <span class='ocrx_word' id='word_1_686' title='bbox 2433 3383 2573 3440; x_wconf 78' lang='grc' dir='ltr'>εἶναι</span> <span class='ocrx_word' id='word_1_687' title='bbox 2593 3384 2945 3446; x_wconf 84' lang='grc' dir='ltr'>διδασκάλους</span> <span class='ocrx_word' id='word_1_688' title='bbox 2969 3380 3232 3452; x_wconf 85' lang='grc' dir='ltr'>πρότερον</span> <span class='ocrx_word' id='word_1_689' title='bbox 3259 3376 3455 3437; x_wconf 80' lang='grc' dir='ltr'>αὐτοὺς</span> <span class='ocrx_word' id='word_1_690' title='bbox 3476 3388 3690 3440; x_wconf 78' lang='grc' dir='ltr'>κατωρ-</span> 
     </span>
    </p>
   </div>
   <div class='ocr_carea' id='block_1_92' title="bbox 2109 3463 3690 3553">
    <p class='ocr_par' dir='ltr' id='par_1_92' title="bbox 2109 3463 3690 3553">
     <span class='ocr_line' id='line_1_93' title="bbox 2109 3463 3690 3553; baseline -0.017 -7"><span class='ocrx_word' id='word_1_691' title='bbox 2109 3490 2345 3546; x_wconf 88' lang='grc' dir='ltr'>θωκέναι</span> <span class='ocrx_word' id='word_1_692' title='bbox 2389 3487 2501 3553; x_wconf 84' lang='grc' dir='ltr'>δεῖ,</span> <span class='ocrx_word' id='word_1_693' title='bbox 2556 3485 2651 3539; x_wconf 75' lang='grc' dir='ltr'>καὶ</span> <span class='ocrx_word' id='word_1_694' title='bbox 2699 3482 2820 3537; x_wconf 88' lang='grc' dir='ltr'>τότε</span> <span class='ocrx_word' id='word_1_695' title='bbox 2866 3477 3181 3550; x_wconf 84' lang='grc' dir='ltr'>πέμπεσθαι</span> <span class='ocrx_word' id='word_1_696' title='bbox 3231 3475 3311 3537; x_wconf 86' lang='grc' dir='ltr'>είς</span> <span class='ocrx_word' id='word_1_697' title='bbox 3362 3470 3552 3524; x_wconf 80' lang='grc' dir='ltr'>τοῦτο·</span> <span class='ocrx_word' id='word_1_698' title='bbox 3590 3463 3690 3521; x_wconf 73' lang='grc' dir='ltr'>οἶοι</span> 
     </span>
    </p>
   </div>
   <div class='ocr_carea' id='block_1_93' title="bbox 2110 3562 3708 3661">
    <p class='ocr_par' dir='ltr' id='par_1_93' title="bbox 2110 3562 3708 3661">
     <span class='ocr_line' id='line_1_94' title="bbox 2110 3562 3708 3661; baseline -0.018 -17"><span class='ocrx_word' id='word_1_699' title='bbox 2110 3586 2250 3661; x_wconf 81' lang='grc' dir='ltr'>ἦσαν</span> <span class='ocrx_word' id='word_1_700' title='bbox 2278 3589 2329 3641; x_wconf 80' lang='grc' dir='ltr'>οἱ</span> <span class='ocrx_word' id='word_1_701' title='bbox 2367 3583 2675 3657; x_wconf 78' lang='grc' dir='ltr'>προφῆται,</span> <span class='ocrx_word' id='word_1_702' title='bbox 2705 3582 2756 3634; x_wconf 79' lang='grc' dir='ltr'>οἱ</span> <span class='ocrx_word' id='word_1_703' title='bbox 2808 3577 3113 3632; x_wconf 85' lang='grc' dir='ltr'>ἀπόστολοι.</span> <span class='ocrx_word' id='word_1_704' title='bbox 3149 3573 3317 3626; x_wconf 87' lang='grc' dir='ltr'>Ὅταν</span> <span class='ocrx_word' id='word_1_705' title='bbox 3347 3570 3403 3623; x_wconf 83' lang='grc' dir='ltr'>δὲ</span> <span class='ocrx_word' id='word_1_706' title='bbox 3434 3569 3584 3621; x_wconf 72' lang='grc' dir='ltr'>αὐτοὶ</span> <span class='ocrx_word' id='word_1_707' title='bbox 3612 3562 3708 3617; x_wconf 82' lang='grc' dir='ltr'>δι-’</span> 
     </span>
    </p>
   </div>
   <div class='ocr_carea' id='block_1_94' title="bbox 2114 3662 3696 3759">
    <p class='ocr_par' dir='ltr' id='par_1_94' title="bbox 2114 3662 3696 3759">
     <span class='ocr_line' id='line_1_95' title="bbox 2114 3662 3696 3759; baseline -0.016 -18"><span class='ocrx_word' id='word_1_708' title='bbox 2114 3685 2479 3759; x_wconf 86' lang='grc' dir='ltr'>εστραμμένοι</span> <span class='ocrx_word' id='word_1_709' title='bbox 2507 3676 2630 3744; x_wconf 81' lang='grc' dir='ltr'>ὦσι,</span> <span class='ocrx_word' id='word_1_710' title='bbox 2672 3679 2766 3732; x_wconf 75' lang='grc' dir='ltr'>καὶ</span> <span class='ocrx_word' id='word_1_711' title='bbox 2809 3676 2989 3746; x_wconf 82' lang='grc' dir='ltr'>πάσης</span> <span class='ocrx_word' id='word_1_712' title='bbox 3009 3675 3269 3745; x_wconf 81' lang='grc' dir='ltr'>γέμοντες</span> <span class='ocrx_word' id='word_1_713' title='bbox 3314 3666 3545 3729; x_wconf 81' lang='grc' dir='ltr'>κακίας,</span> <span class='ocrx_word' id='word_1_714' title='bbox 3579 3662 3696 3726; x_wconf 77' lang='grc' dir='ltr'>πῶς</span> 
     </span>
    </p>
   </div>
   <div class='ocr_carea' id='block_1_95' title="bbox 2118 3757 3698 3845">
    <p class='ocr_par' dir='ltr' id='par_1_95' title="bbox 2118 3757 3698 3845">
     <span class='ocr_line' id='line_1_96' title="bbox 2118 3757 3698 3845; baseline -0.018 -5"><span class='ocrx_word' id='word_1_715' title='bbox 2118 3786 2184 3840; x_wconf 81' lang='grc' dir='ltr'>ἂν</span> <span class='ocrx_word' id='word_1_716' title='bbox 2211 3784 2289 3845; x_wconf 89' lang='grc' dir='ltr'>είς</span> <span class='ocrx_word' id='word_1_717' title='bbox 2313 3781 2373 3834; x_wconf 87' lang='grc' dir='ltr'>τὸ</span> <span class='ocrx_word' id='word_1_718' title='bbox 2402 3778 2670 3833; x_wconf 86' lang='grc' dir='ltr'>διδάσκειν</span> <span class='ocrx_word' id='word_1_719' title='bbox 2693 3773 3056 3844; x_wconf 76' lang='grc' dir='ltr'>ὲξηνέχθησαν</span> <span class='ocrx_word' id='word_1_720' title='bbox 3078 3788 3092 3837; x_wconf 88' lang='grc'><strong>;</strong></span> <span class='ocrx_word' id='word_1_721' title='bbox 3121 3768 3350 3838; x_wconf 85' lang='grc' dir='ltr'>Ἵδωμεν</span> <span class='ocrx_word' id='word_1_722' title='bbox 3387 3764 3565 3817; x_wconf 87' lang='grc' dir='ltr'>τοίνυν</span> <span class='ocrx_word' id='word_1_723' title='bbox 3586 3757 3698 3823; x_wconf 82' lang='grc' dir='ltr'>οἷος</span> 
     </span>
    </p>
   </div>
   <div class='ocr_carea' id='block_1_96' title="bbox 2117 3860 3700 3947">
    <p class='ocr_par' dir='ltr' id='par_1_96' title="bbox 2117 3860 3700 3947">
     <span class='ocr_line' id='line_1_97' title="bbox 2117 3860 3700 3947; baseline -0.014 -12"><span class='ocrx_word' id='word_1_724' title='bbox 2117 3880 2299 3935; x_wconf 75' lang='grc' dir='ltr'>αὐτῶν</span> <span class='ocrx_word' id='word_1_725' title='bbox 2326 3878 2419 3932; x_wconf 78' lang='grc' dir='ltr'>καὶ</span> <span class='ocrx_word' id='word_1_726' title='bbox 2445 3877 2474 3928; x_wconf 87' lang='grc' dir='ltr'>ὁ</span> <span class='ocrx_word' id='word_1_727' title='bbox 2499 3874 2606 3947; x_wconf 84' lang='grc' dir='ltr'>πρὸ</span> <span class='ocrx_word' id='word_1_728' title='bbox 2633 3873 2823 3926; x_wconf 84' lang='grc' dir='ltr'>τούτου</span> <span class='ocrx_word' id='word_1_729' title='bbox 2851 3870 2984 3940; x_wconf 82' lang='grc' dir='ltr'>βίος.</span> <span class='ocrx_word' id='word_1_730' title='bbox 3003 3867 3338 3937; x_wconf 38' lang='grc' dir='ltr'>,Εὑρήσομεν</span> <span class='ocrx_word' id='word_1_731' title='bbox 3363 3861 3471 3932; x_wconf 83' lang='grc' dir='ltr'>γὰρ</span> <span class='ocrx_word' id='word_1_732' title='bbox 3495 3860 3700 3933; x_wconf 80' lang='grc' dir='ltr'>θηρίων</span> 
     </span>
    </p>
   </div>
   <div class='ocr_carea' id='block_1_97' title="bbox 2119 3957 3704 4047">
    <p class='ocr_par' dir='ltr' id='par_1_97' title="bbox 2119 3957 3704 4047">
     <span class='ocr_line' id='line_1_98' title="bbox 2119 3957 3704 4047; baseline -0.016 -16"><span class='ocrx_word' id='word_1_733' title='bbox 2119 3979 2277 4040; x_wconf 76' lang='grc' dir='ltr'>ὄντας</span> <span class='ocrx_word' id='word_1_734' title='bbox 2319 3972 2752 4047; x_wconf 77' lang='grc' dir='ltr'>χαλεπωτέρους.</span> <span class='ocrx_word' id='word_1_735' title='bbox 2786 3967 2897 4021; x_wconf 76' lang='grc' dir='ltr'>Καὶ</span> <span class='ocrx_word' id='word_1_736' title='bbox 2924 3965 3035 4035; x_wconf 82' lang='grc' dir='ltr'>γάρ</span> <span class='ocrx_word' id='word_1_737' title='bbox 3074 3960 3420 4033; x_wconf 86' lang='grc' dir='ltr'>πατραλοίαι,</span> <span class='ocrx_word' id='word_1_738' title='bbox 3449 3957 3542 4011; x_wconf 75' lang='grc' dir='ltr'>καὶ</span> <span class='ocrx_word' id='word_1_739' title='bbox 3576 3971 3704 4009; x_wconf 77' lang='grc' dir='ltr'>παι-</span> 
     </span>
    </p>
   </div>
   <div class='ocr_carea' id='block_1_98' title="bbox 2121 4054 3703 4143">
    <p class='ocr_par' dir='ltr' id='par_1_98' title="bbox 2121 4054 3703 4135">
     <span class='ocr_line' id='line_1_99' title="bbox 2121 4054 3703 4135; baseline -0.017 -6"><span class='ocrx_word' id='word_1_740' title='bbox 2121 4073 2379 4132; x_wconf 90' lang='grc' dir='ltr'>δοκτόνοι,</span> <span class='ocrx_word' id='word_1_741' title='bbox 2407 4070 2499 4124; x_wconf 78' lang='grc' dir='ltr'>καὶ</span> <span class='ocrx_word' id='word_1_742' title='bbox 2522 4065 2926 4135; x_wconf 77' lang='grc' dir='ltr'>εἰδωλολάτραι,</span> <span class='ocrx_word' id='word_1_743' title='bbox 2952 4063 3047 4115; x_wconf 75' lang='grc' dir='ltr'>καὶ</span> <span class='ocrx_word' id='word_1_744' title='bbox 3072 4060 3388 4114; x_wconf 72' lang='grc' dir='ltr'>πλεονέκται</span> <span class='ocrx_word' id='word_1_745' title='bbox 3414 4054 3671 4124; x_wconf 80' lang='grc' dir='ltr'>γεγόνασι</span> <span class='ocrx_word' id='word_1_746' title='bbox 3687 4066 3703 4082; x_wconf 75' lang='grc' dir='ltr'><strong>ο</strong></span> 
     </span>
    </p>
   </div>
   <div class='ocr_carea' id='block_1_99' title="bbox 2127 4147 3706 4233">
    <p class='ocr_par' dir='ltr' id='par_1_99' title="bbox 2127 4147 3706 4233">
     <span class='ocr_line' id='line_1_100' title="bbox 2127 4147 3706 4233; baseline -0.018 -6"><span class='ocrx_word' id='word_1_747' title='bbox 2127 4170 2444 4227; x_wconf 80' lang='grc' dir='ltr'>καὶτούτων</span> <span class='ocrx_word' id='word_1_748' title='bbox 2475 4167 2611 4220; x_wconf 73' lang='grc' dir='ltr'>εἰσὶν</span> <span class='ocrx_word' id='word_1_749' title='bbox 2652 4165 2709 4216; x_wconf 83' lang='grc' dir='ltr'>αἱ</span> <span class='ocrx_word' id='word_1_750' title='bbox 2746 4161 3072 4233; x_wconf 81' lang='grc' dir='ltr'>προφητεῖαι</span> <span class='ocrx_word' id='word_1_751' title='bbox 3099 4156 3346 4227; x_wconf 82' lang='grc' dir='ltr'>πλήρεις.</span> <span class='ocrx_word' id='word_1_752' title='bbox 3378 4152 3487 4205; x_wconf 67' lang='grc' dir='ltr'>Καὶ</span> <span class='ocrx_word' id='word_1_753' title='bbox 3518 4150 3579 4202; x_wconf 87' lang='grc' dir='ltr'>τὸ</span> <span class='ocrx_word' id='word_1_754' title='bbox 3608 4147 3706 4219; x_wconf 78' lang='grc' dir='ltr'>μὲν</span> 
     </span>
    </p>
   </div>
   <div class='ocr_carea' id='block_1_100' title="bbox 2127 4251 3710 4340">
    <p class='ocr_par' dir='ltr' id='par_1_100' title="bbox 2127 4251 3710 4340">
     <span class='ocr_line' id='line_1_101' title="bbox 2127 4251 3710 4340; baseline -0.016 -15"><span class='ocrx_word' id='word_1_755' title='bbox 2127 4272 2321 4340; x_wconf 89' lang='grc' dir='ltr'>λάγνον</span> <span class='ocrx_word' id='word_1_756' title='bbox 2351 4265 2504 4338; x_wconf 80' lang='grc' dir='ltr'>ὑμῶν</span> <span class='ocrx_word' id='word_1_757' title='bbox 2546 4262 2815 4334; x_wconf 85' lang='grc' dir='ltr'>Ἱερεμίας</span> <span class='ocrx_word' id='word_1_758' title='bbox 2840 4256 3037 4328; x_wconf 78' lang='grc' dir='ltr'>δηλῶν,</span> <span class='ocrx_word' id='word_1_759' title='bbox 3071 4255 3273 4324; x_wconf 69' lang='grc' dir='ltr'>ἔλεγεν·</span> <span class='ocrx_word' id='word_1_760' title='bbox 3299 4252 3494 4306; x_wconf 64' lang='lat' dir='ltr'>&quot;hmo:</span> <span class='ocrx_word' id='word_1_761' title='bbox 3527 4251 3710 4314; x_wconf 72' lang='grc' dir='ltr'>θηλυ-</span> 
     </span>
    </p>
   </div>
   <div class='ocr_carea' id='block_1_101' title="bbox 2124 4346 3713 4440">
    <p class='ocr_par' dir='ltr' id='par_1_101' title="bbox 2124 4346 3713 4440">
     <span class='ocr_line' id='line_1_102' title="bbox 2124 4346 3713 4440; baseline -0.016 -18"><span class='ocrx_word' id='word_1_762' title='bbox 2124 4367 2337 4440; x_wconf 79' lang='grc' dir='ltr'>μανεῖς</span> <span class='ocrx_word' id='word_1_763' title='bbox 2379 4363 2783 4435; x_wconf 73' lang='grc' dir='ltr'>ἐγενήθησαν·</span> <span class='ocrx_word' id='word_1_764' title='bbox 2842 4357 3102 4421; x_wconf 77' lang='grc' dir='ltr'>ἕκαστος</span> <span class='ocrx_word' id='word_1_765' title='bbox 3139 4352 3238 4406; x_wconf 79' lang='grc' dir='ltr'>ἐπὶ</span> <span class='ocrx_word' id='word_1_766' title='bbox 3301 4349 3416 4417; x_wconf 77' lang='grc' dir='ltr'>τὴν</span> <span class='ocrx_word' id='word_1_767' title='bbox 3455 4346 3713 4413; x_wconf 76' lang='grc' dir='ltr'>γυναῖκα</span> 
     </span>
    </p>
   </div>
   <div class='ocr_carea' id='block_1_102' title="bbox 2129 4443 3713 4531">
    <p class='ocr_par' dir='ltr' id='par_1_102' title="bbox 2129 4443 3713 4531">
     <span class='ocr_line' id='line_1_103' title="bbox 2129 4443 3713 4531; baseline -0.018 -10"><span class='ocrx_word' id='word_1_768' title='bbox 2129 4466 2236 4520; x_wconf 85' lang='grc' dir='ltr'>τοῦ</span> <span class='ocrx_word' id='word_1_769' title='bbox 2270 4464 2540 4531; x_wconf 78' lang='grc' dir='ltr'>πλησίον</span> <span class='ocrx_word' id='word_1_770' title='bbox 2580 4454 2931 4527; x_wconf 76' lang='grc' dir='ltr'>ἐχρεμέτιζε.</span> <span class='ocrx_word' id='word_1_771' title='bbox 2966 4453 3033 4505; x_wconf 88' lang='grc' dir='ltr'>Τί</span> <span class='ocrx_word' id='word_1_772' title='bbox 3078 4449 3282 4517; x_wconf 88' lang='grc' dir='ltr'>ταύτης</span> <span class='ocrx_word' id='word_1_773' title='bbox 3341 4446 3437 4514; x_wconf 77' lang='grc' dir='ltr'>τῆς</span> <span class='ocrx_word' id='word_1_774' title='bbox 3466 4443 3713 4514; x_wconf 82' lang='grc' dir='ltr'>ἀκαθαρ-</span> 
     </span>
    </p>
   </div>
   <div class='ocr_carea' id='block_1_103' title="bbox 2135 4542 3714 4632">
    <p class='ocr_par' dir='ltr' id='par_1_103' title="bbox 2135 4542 3714 4632">
     <span class='ocr_line' id='line_1_104' title="bbox 2135 4542 3714 4632; baseline -0.017 -15"><span class='ocrx_word' id='word_1_775' title='bbox 2135 4563 2256 4628; x_wconf 87' lang='grc' dir='ltr'>σίας</span> <span class='ocrx_word' id='word_1_776' title='bbox 2286 4564 2498 4632; x_wconf 77' lang='grc' dir='ltr'>χεῖρονς</span> <span class='ocrx_word' id='word_1_777' title='bbox 2538 4560 2612 4611; x_wconf 83' lang='grc' dir='ltr'>Οὐ</span> <span class='ocrx_word' id='word_1_778' title='bbox 2645 4558 2754 4625; x_wconf 78' lang='grc' dir='ltr'>γὰρ</span> <span class='ocrx_word' id='word_1_779' title='bbox 2797 4554 2872 4615; x_wconf 85' lang='grc' dir='ltr'>ὡς</span> <span class='ocrx_word' id='word_1_780' title='bbox 2904 4551 3180 4621; x_wconf 77' lang='grc' dir='ltr'>ἄνθρωποι</span> <span class='ocrx_word' id='word_1_781' title='bbox 3226 4543 3565 4612; x_wconf 80' lang='grc' dir='ltr'>συνεγίνοντο</span> <span class='ocrx_word' id='word_1_782' title='bbox 3594 4542 3714 4603; x_wconf 80' lang='grc' dir='ltr'>ταῖς</span> 
     </span>
    </p>
   </div>
   <div class='ocr_carea' id='block_1_104' title="bbox 2136 4640 3711 4731">
    <p class='ocr_par' dir='ltr' id='par_1_104' title="bbox 2136 4640 3711 4731">
     <span class='ocr_line' id='line_1_105' title="bbox 2136 4640 3711 4731; baseline -0.016 -17"><span class='ocrx_word' id='word_1_783' title='bbox 2136 4659 2380 4731; x_wconf 87' lang='grc' dir='ltr'>ἀλλήλων</span> <span class='ocrx_word' id='word_1_784' title='bbox 2425 4650 2665 4723; x_wconf 79' lang='grc' dir='ltr'>γυναιξί·</span> <span class='ocrx_word' id='word_1_785' title='bbox 2700 4651 2780 4703; x_wconf 85' lang='grc' dir='ltr'>διὸ</span> <span class='ocrx_word' id='word_1_786' title='bbox 2819 4650 2910 4702; x_wconf 75' lang='grc' dir='ltr'>καὶ</span> <span class='ocrx_word' id='word_1_787' title='bbox 2936 4649 3034 4718; x_wconf 73' lang='grc' dir='ltr'>τὴν</span> <span class='ocrx_word' id='word_1_788' title='bbox 3070 4644 3265 4717; x_wconf 85' lang='grc' dir='ltr'>μανία-ν</span> <span class='ocrx_word' id='word_1_789' title='bbox 3298 4640 3476 4695; x_wconf 80' lang='grc' dir='ltr'>αὐτῶν</span> <span class='ocrx_word' id='word_1_790' title='bbox 3506 4654 3711 4711; x_wconf 70' lang='grc' dir='ltr'>χρεμεο</span> 
     </span>
    </p>
   </div>
   <div class='ocr_carea' id='block_1_105' title="bbox 2136 4731 3720 4822">
    <p class='ocr_par' dir='ltr' id='par_1_105' title="bbox 2136 4731 3720 4822">
     <span class='ocr_line' id='line_1_106' title="bbox 2136 4731 3720 4822; baseline -0.015 -15"><span class='ocrx_word' id='word_1_791' title='bbox 2136 4752 2329 4822; x_wconf 85' lang='grc' dir='ltr'>τισμὸν</span> <span class='ocrx_word' id='word_1_792' title='bbox 2360 4750 2604 4804; x_wconf 83' lang='grc' dir='ltr'>ἐκάλεσε.</span> <span class='ocrx_word' id='word_1_793' title='bbox 2639 4747 2748 4798; x_wconf 71' lang='grc' dir='ltr'>Καὶ</span> <span class='ocrx_word' id='word_1_794' title='bbox 2790 4744 2912 4813; x_wconf 71' lang='grc' dir='ltr'>οὐχὶ</span> <span class='ocrx_word' id='word_1_795' title='bbox 2954 4739 3211 4812; x_wconf 88' lang='grc' dir='ltr'>πορνείαν</span> <span class='ocrx_word' id='word_1_796' title='bbox 3241 4736 3421 4809; x_wconf 89' lang='grc' dir='ltr'>μόνον,</span> <span class='ocrx_word' id='word_1_797' title='bbox 3454 4733 3590 4787; x_wconf 83' lang='grc' dir='ltr'>ἀλλά</span> <span class='ocrx_word' id='word_1_798' title='bbox 3622 4731 3720 4785; x_wconf 77' lang='grc' dir='ltr'>καὶ</span> 
     </span>
    </p>
   </div>
   <div class='ocr_carea' id='block_1_106' title="bbox 2142 4828 3721 4923">
    <p class='ocr_par' dir='ltr' id='par_1_106' title="bbox 2142 4828 3721 4923">
     <span class='ocr_line' id='line_1_107' title="bbox 2142 4828 3721 4923; baseline -0.015 -18"><span class='ocrx_word' id='word_1_799' title='bbox 2142 4849 2390 4923; x_wconf 83' lang='grc' dir='ltr'>μοιχείαν</span> <span class='ocrx_word' id='word_1_800' title='bbox 2427 4847 2606 4908; x_wconf 81' lang='grc' dir='ltr'>αὐτοῖς</span> <span class='ocrx_word' id='word_1_801' title='bbox 2645 4841 2886 4913; x_wconf 82' lang='grc' dir='ltr'>ἐγκαλεῖ,</span> <span class='ocrx_word' id='word_1_802' title='bbox 2927 4839 3020 4891; x_wconf 69' lang='grc' dir='ltr'>καὶ</span> <span class='ocrx_word' id='word_1_803' title='bbox 3049 4837 3254 4907; x_wconf 89' lang='grc' dir='ltr'>ταύτην</span> <span class='ocrx_word' id='word_1_804' title='bbox 3283 4833 3474 4904; x_wconf 79' lang='grc' dir='ltr'>ἀνέδην</span> <span class='ocrx_word' id='word_1_805' title='bbox 3501 4828 3721 4900; x_wconf 80' lang='grc' dir='ltr'>γινομέ-</span> 
     </span>
    </p>
   </div>
   <div class='ocr_carea' id='block_1_107' title="bbox 2141 4929 3723 5022">
    <p class='ocr_par' dir='ltr' id='par_1_107' title="bbox 2141 4929 3723 5022">
     <span class='ocr_line' id='line_1_108' title="bbox 2141 4929 3723 5022; baseline -0.017 -18"><span class='ocrx_word' id='word_1_806' title='bbox 2141 4968 2262 5022; x_wconf 83' lang='grc' dir='ltr'>νην,</span> <span class='ocrx_word' id='word_1_807' title='bbox 2292 4945 2544 5015; x_wconf 87' lang='grc' dir='ltr'>καθάπερ</span> <span class='ocrx_word' id='word_1_808' title='bbox 2571 4939 2794 4994; x_wconf 78' lang='grc' dir='ltr'>ἐπὶτῶν</span> <span class='ocrx_word' id='word_1_809' title='bbox 2824 4938 3056 5005; x_wconf 82' lang='grc' dir='ltr'>ἀλόγων.</span> <span class='ocrx_word' id='word_1_810' title='bbox 3091 4934 3317 5004; x_wconf 87' lang='grc' dir='ltr'>Ἕτερος</span> <span class='ocrx_word' id='word_1_811' title='bbox 3337 4932 3392 4985; x_wconf 84' lang='grc' dir='ltr'>δὲ</span> <span class='ocrx_word' id='word_1_812' title='bbox 3435 4929 3723 5001; x_wconf 85' lang='grc' dir='ltr'>προφήτης</span> 
     </span>
    </p>
   </div>
   <div class='ocr_carea' id='block_1_108' title="bbox 2146 5024 3724 5122">
    <p class='ocr_par' dir='ltr' id='par_1_108' title="bbox 2146 5024 3724 5122">
     <span class='ocr_line' id='line_1_109' title="bbox 2146 5024 3724 5122; baseline -0.018 -17"><span class='ocrx_word' id='word_1_813' title='bbox 2146 5057 2343 5122; x_wconf 82' lang='grc' dir='ltr'>φησιν’</span> <span class='ocrx_word' id='word_1_814' title='bbox 2386 5043 2696 5114; x_wconf 74' lang='grc' dir='ltr'>Εἰσῆλθον</span> <span class='ocrx_word' id='word_1_815' title='bbox 2743 5038 2894 5108; x_wconf 79' lang='grc' dir='ltr'>πρὸς</span> <span class='ocrx_word' id='word_1_816' title='bbox 2943 5036 3060 5104; x_wconf 77' lang='grc' dir='ltr'>τὴν</span> <span class='ocrx_word' id='word_1_817' title='bbox 3112 5031 3367 5103; x_wconf 75' lang='grc' dir='ltr'>γυναῖκα</span> <span class='ocrx_word' id='word_1_818' title='bbox 3410 5024 3724 5089; x_wconf 80' lang='grc' dir='ltr'>ποιοῦντες</span> 
     </span>
    </p>
   </div>
   <div class='ocr_carea' id='block_1_109' title="bbox 2147 5120 3724 5220">
    <p class='ocr_par' dir='ltr' id='par_1_109' title="bbox 2147 5120 3724 5220">
     <span class='ocr_line' id='line_1_110' title="bbox 2147 5120 3724 5220; baseline -0.022 -14"><span class='ocrx_word' id='word_1_819' title='bbox 2147 5120 2677 5220; x_wconf 74' lang='grc' dir='ltr'>παραπετάσματα,</span> <span class='ocrx_word' id='word_1_820' title='bbox 2708 5142 2791 5195; x_wconf 63' lang='lat' dir='ltr'>vi:</span> <span class='ocrx_word' id='word_1_821' title='bbox 2806 5159 2838 5205; x_wconf 89' lang='grc' dir='ltr'>ς</span> <span class='ocrx_word' id='word_1_822' title='bbox 2864 5137 2963 5191; x_wconf 82' lang='grc' dir='ltr'>καὶ</span> <span class='ocrx_word' id='word_1_823' title='bbox 2995 5131 3191 5199; x_wconf 84' lang='grc' dir='ltr'>πατὴρ</span> <span class='ocrx_word' id='word_1_824' title='bbox 3214 5129 3363 5198; x_wconf 78' lang='grc' dir='ltr'>πρὸς</span> <span class='ocrx_word' id='word_1_825' title='bbox 3386 5124 3503 5192; x_wconf 72' lang='grc' dir='ltr'>τὴν</span> <span class='ocrx_word' id='word_1_826' title='bbox 3531 5120 3724 5188; x_wconf 76' lang='grc' dir='ltr'>αὐτὴν</span> 
     </span>
    </p>
   </div>
   <div class='ocr_carea' id='block_1_110' title="bbox 2149 5219 3723 5314">
    <p class='ocr_par' dir='ltr' id='par_1_110' title="bbox 2149 5219 3723 5314">
     <span class='ocr_line' id='line_1_111' title="bbox 2149 5219 3723 5314; baseline -0.024 -10"><span class='ocrx_word' id='word_1_827' title='bbox 2149 5219 2501 5314; x_wconf 70' lang='grc' dir='ltr'>παιδίσκην.</span> <span class='ocrx_word' id='word_1_828' title='bbox 2547 5242 2645 5296; x_wconf 82' lang='grc' dir='ltr'>Διά</span> <span class='ocrx_word' id='word_1_829' title='bbox 2687 5239 2844 5295; x_wconf 90' lang='grc' dir='ltr'>τοῦτο</span> <span class='ocrx_word' id='word_1_830' title='bbox 2886 5231 2978 5288; x_wconf 78' lang='grc' dir='ltr'>οὖν</span> <span class='ocrx_word' id='word_1_831' title='bbox 3023 5226 3396 5287; x_wconf 87' lang='grc' dir='ltr'>διδασκάλους,</span> <span class='ocrx_word' id='word_1_832' title='bbox 3436 5219 3561 5273; x_wconf 79' lang='grc' dir='ltr'>εἰπέ</span> <span class='ocrx_word' id='word_1_833' title='bbox 3604 5234 3723 5290; x_wconf 89' lang='grc' dir='ltr'>μοι,</span> 
     </span>
    </p>
   </div>
   <div class='ocr_carea' id='block_1_111' title="bbox 2152 5317 3725 5419">
    <p class='ocr_par' dir='ltr' id='par_1_111' title="bbox 2152 5317 3725 5419">
     <span class='ocr_line' id='line_1_112' title="bbox 2152 5317 3725 5419; baseline -0.024 -16"><span class='ocrx_word' id='word_1_834' title='bbox 2152 5347 2398 5419; x_wconf 77' lang='grc' dir='ltr'>ἐπεμψεν</span> <span class='ocrx_word' id='word_1_835' title='bbox 2419 5342 2585 5413; x_wconf 78' lang='grc' dir='ltr'>ὑμᾶς,</span> <span class='ocrx_word' id='word_1_836' title='bbox 2613 5339 2702 5392; x_wconf 88' lang='grc' dir='ltr'>ἴνα</span> <span class='ocrx_word' id='word_1_837' title='bbox 2733 5333 2994 5407; x_wconf 86' lang='grc' dir='ltr'>μάθωμεν</span> <span class='ocrx_word' id='word_1_838' title='bbox 3024 5324 3297 5397; x_wconf 86' lang='grc' dir='ltr'>πορνείας,</span> <span class='ocrx_word' id='word_1_839' title='bbox 3329 5318 3424 5373; x_wconf 72' lang='grc' dir='ltr'>καὶ</span> <span class='ocrx_word' id='word_1_840' title='bbox 3453 5317 3694 5388; x_wconf 81' lang='grc' dir='ltr'>μοιχείας</span> <span class='ocrx_word' id='word_1_841' title='bbox 3712 5355 3725 5378; x_wconf 83' lang='grc'>,</span> 
     </span>
    </p>
   </div>
   <div class='ocr_carea' id='block_1_112' title="bbox 2154 5410 3732 5511">
    <p class='ocr_par' dir='ltr' id='par_1_112' title="bbox 2154 5410 3732 5511">
     <span class='ocr_line' id='line_1_113' title="bbox 2154 5410 3732 5511; baseline -0.024 -9"><span class='ocrx_word' id='word_1_842' title='bbox 2154 5410 2350 5502; x_wconf 31' lang='grc' dir='ltr'>καὶυότι</span> <span class='ocrx_word' id='word_1_843' title='bbox 2371 5410 2578 5511; x_wconf 30' lang='grc' dir='ltr'>δεῖ-τὴν</span> <span class='ocrx_word' id='word_1_844' title='bbox 2604 5434 2773 5505; x_wconf 79' lang='grc' dir='ltr'>αὐτὴν</span> <span class='ocrx_word' id='word_1_845' title='bbox 2794 5430 2951 5500; x_wconf 80' lang='grc' dir='ltr'>εὐνὴν</span> <span class='ocrx_word' id='word_1_846' title='bbox 2976 5427 3117 5499; x_wconf 78' lang='grc' dir='ltr'>ἔχειν</span> <span class='ocrx_word' id='word_1_847' title='bbox 3146 5420 3361 5492; x_wconf 86' lang='grc' dir='ltr'>πατέρα</span> <span class='ocrx_word' id='word_1_848' title='bbox 3384 5416 3479 5471; x_wconf 77' lang='grc' dir='ltr'>καὶ</span> <span class='ocrx_word' id='word_1_849' title='bbox 3498 5413 3613 5467; x_wconf 85' lang='grc' dir='ltr'>υἱόν</span> <span class='ocrx_word' id='word_1_850' title='bbox 3630 5431 3645 5481; x_wconf 89' lang='grc'><strong>;</strong></span> <span class='ocrx_word' id='word_1_851' title='bbox 3663 5410 3732 5467; x_wconf 88' lang='grc' dir='ltr'>Τί</span> 
     </span>
    </p>
   </div>
   <div class='ocr_carea' id='block_1_113' title="bbox 2157 5507 3736 5609">
    <p class='ocr_par' dir='ltr' id='par_1_113' title="bbox 2157 5507 3736 5609">
     <span class='ocr_line' id='line_1_114' title="bbox 2157 5507 3736 5609; baseline -0.025 -7"><span class='ocrx_word' id='word_1_852' title='bbox 2157 5548 2213 5601; x_wconf 86' lang='grc' dir='ltr'>δέ</span> <span class='ocrx_word' id='word_1_853' title='bbox 2250 5549 2277 5601; x_wconf 87' lang='grc' dir='ltr'>ὁ</span> <span class='ocrx_word' id='word_1_854' title='bbox 2322 5507 2615 5609; x_wconf 74' lang='grc' dir='ltr'>Ἱεζεκιήλ;</span> <span class='ocrx_word' id='word_1_855' title='bbox 2654 5533 2808 5588; x_wconf 77' lang='grc' dir='ltr'>Οὐδὲ</span> <span class='ocrx_word' id='word_1_856' title='bbox 2838 5527 2989 5583; x_wconf 82' lang='grc' dir='ltr'>κατὰ</span> <span class='ocrx_word' id='word_1_857' title='bbox 3014 5524 3086 5580; x_wconf 86' lang='grc' dir='ltr'>τὰ</span> <span class='ocrx_word' id='word_1_858' title='bbox 3106 5521 3326 5590; x_wconf 72' lang='grc' dir='ltr'>νόμιμα</span> <span class='ocrx_word' id='word_1_859' title='bbox 3354 5514 3472 5569; x_wconf 82' lang='grc' dir='ltr'>τῶν</span> <span class='ocrx_word' id='word_1_860' title='bbox 3501 5507 3736 5567; x_wconf 66' lang='grc' dir='ltr'>ἑθνῶνδ</span> 
     </span>
    </p>
   </div>
   <div class='ocr_carea' id='block_1_114' title="bbox 2221 5684 3742 5772">
    <p class='ocr_par' dir='ltr' id='par_1_114' title="bbox 2221 5684 3742 5772">
     <span class='ocr_line' id='line_1_115' title="bbox 2221 5684 3742 5772; baseline -0.028 2"><span class='ocrx_word' id='word_1_861' title='bbox 2221 5724 2252 5765; x_wconf 71' lang='lat' dir='ltr'><strong>b</strong></span> <span class='ocrx_word' id='word_1_862' title='bbox 2278 5724 2331 5772; x_wconf 84' lang='lat' dir='ltr'>In</span> <span class='ocrx_word' id='word_1_863' title='bbox 2372 5713 2636 5770; x_wconf 80' lang='lat' dir='ltr'>Ezechiele</span> <span class='ocrx_word' id='word_1_864' title='bbox 2679 5708 2867 5772; x_wconf 69' lang='lat' dir='ltr'>legimr</span> <span class='ocrx_word' id='word_1_865' title='bbox 2895 5704 3004 5754; x_wconf 79' lang='grc' dir='ltr'>οὐδὲ</span> <span class='ocrx_word' id='word_1_866' title='bbox 3046 5699 3171 5750; x_wconf 81' lang='grc' dir='ltr'>κατά</span> <span class='ocrx_word' id='word_1_867' title='bbox 3208 5696 3268 5744; x_wconf 83' lang='grc' dir='ltr'>τὰ</span> <span class='ocrx_word' id='word_1_868' title='bbox 3310 5691 3608 5746; x_wconf 60' lang='grc' dir='ltr'>δικαιώματα</span> <span class='ocrx_word' id='word_1_869' title='bbox 3649 5684 3742 5733; x_wconf 73' lang='grc' dir='ltr'>τῶν</span> 
     </span>
    </p>
   </div>
   <div class='ocr_carea' id='block_1_115' title="bbox 2167 5789 2373 5837">
    <p class='ocr_par' dir='ltr' id='par_1_115' title="bbox 2167 5789 2373 5837">
     <span class='ocr_line' id='line_1_116' title="bbox 2167 5789 2373 5837; baseline -0.019 -1"><span class='ocrx_word' id='word_1_870' title='bbox 2167 5789 2330 5837; x_wconf 72' lang='grc' dir='ltr'>ἐθνῶν.</span> <span class='ocrx_word' id='word_1_871' title='bbox 2364 5806 2373 5812; x_wconf 78' lang='lat'><strong>&#39;</strong></span> 
     </span>
    </p>
   </div>
  </div>
