4030 6444
266 313 345 375 “3

283 432 402 491 cistis
424 429 664 508 (Bacch.
697 436 764 495 5.
795 436 897 513 '1),
928 438 1123 512 inquit.
1151 437 1260 497 Eos
1285 449 1414 511 ergo
1453 437 1545 509 qui
1584 447 1737 494 erant
1760 434 1914 497 dete-

293 527 450 588 riores
466 529 767 602 gentibus,
802 532 901 591 dic
924 533 1082 602 mibi,
1106 533 1355 591 doctores
1382 531 1570 588 misit?
1598 531 1789 589 Factas
1825 543 1921 585 au-

307 637 405 685 tem
426 626 496 683 ab
523 626 608 683 eis
645 626 844 685 caedes
874 628 998 701 quis
1016 627 1160 686 ferre
1182 626 1397 700 possit?
1446 624 1616 685 Filios
1665 625 1812 682 enim
1863 630 1920 679 et

319 724 444 780 ltiias
467 731 785 779 mactarunt
814 722 1119 791 daemoniis,
1148 731 1206 779 et
1228 736 1322 779 eos
1341 720 1774 778 combusserunt.
1804 717 1919 777 Hoc

322 826 489 872 autem
518 813 690 871 David
718 829 943 887 quoque
974 812 1230 880 ostendit,
1270 812 1456 869 dicens
1487 809 1596 866 :Et
1624 816 1914 869 mactarunt

323 910 455 976 ﬁlios
470 924 588 963 suos
611 916 659 962 et
680 907 822 977 ﬁlias
840 922 967 965 suas
994 904 1254 961 daemoniis
1281 901 1453 975 (Psal.
1486 902 1611 958 105.
1644 901 1756 973 57).
1780 900 1917 957 Pro-

324 1012 504 1075 pterea
528 1016 660 1072 ergo
703 999 874 1063 misit,
909 1007 969 1056 ut
993 998 1094 1053 hoc
1117 997 1353 1054 disceret
1381 1005 1572 1051 natura
1615 993 1916 1062 hominum,

321 1094 464 1168 quod
490 1103 739 1163 Oporteat
766 1092 903 1149 ﬁlios
931 1100 984 1147 et
1007 1092 1143 1147 tilias
1168 1100 1405 1145 mactare
1433 1086 1761 1145 dmmoniis?
1797 1086 1916 1144 Non

322 1185 662 1253 erubescitis,
685 1199 785 1239 nec
810 1182 1012 1254 pudore
1039 1181 1222 1237 sull‘usi
1244 1196 1339 1237 vos
1360 1180 1555 1252 tegitis,
1588 1195 1710 1236 cum
1733 1177 1918 1250 hujus-

323 1276 470 1335 modi
528 1289 702 1346 nugas
755 1272 1271 1330 comminiscimini?
1313 1273 1462 1329 Alius
1515 1272 1659 1329 enim
1703 1270 1834 1331 dicit
1894 1286 1910 1326 :

324 1368 645 1441 Sanguinem
667 1368 878 1422 miscent
909 1367 1145 1438 sanguini
1174 1381 1194 1420 :
1219 1377 1262 1420 et
1287 1367 1563 1421 exsecratio
1583 1408 1600 1432 ,
1633 1374 1682 1419 et
1710 1365 1918 1422 menda-

320 1462 484 1524 cium,
504 1470 553 1513 et
575 1463 767 1519 furtum
786 1499 801 1525 ,
828 1467 876 1513 et
906 1456 1212 1513 adulterium
1241 1460 1412 1531 fusum
1437 1467 1512 1513 est
1540 1475 1694 1528 super
1724 1467 1913 1514 terram

324 1554 500 1624 (Osee.
531 1553 589 1608 4.
614 1553 672 1624 2)
690 1551 949 1624 (a).Alius
969 1560 1144 1609 autem
1174 1569 1189 1607 :
1224 1551 1273 1607 F
1273 1553 1468 1609 actaest
1490 1553 1578 1606 tibi
1590 1553 1743 1624 facies
1758 1569 1918 1608 mere-

323 1645 485 1711 tricis,
521 1661 645 1714 erga
668 1659 840 1699 omnes
870 1643 1012 1715 fuisti
1035 1643 1300 1714 impudens
1353 1643 1484 1715 (Jer.
1530 1644 1583 1699 5.
1628 1642 1709 1714 5).
1763 1643 1918 1709 Alius

322 1751 512 1792 rursus
565 1752 582 1788 :
633 1734 900 1807 Principes
951 1736 1101 1797 vestri
1157 1744 1414 1806 tamquam
1441 1736 1551 1807 lupi
1592 1735 1793 1792 Arabiae
1836 1736 1912 1809 (b)

325 1827 541 1898 (Eucti.
560 1825 651 1882 22.
681 1825 798 1898 27).
822 1826 974 1882 Alius
996 1841 1215 1893 rursus:
1245 1826 1368 1882 Non
1395 1837 1466 1889 est
1486 1827 1794 1902 intelligens,
1814 1844 1917 1885 non

323 1929 398 1975 est
451 1920 709 1988 requirens
756 1918 920 1975 Deum
962 1918 1152 1991 (Soph.
1197 1921 1251 1979 5.
1292 1921 1374 1993 5).
1424 1919 1612 1977 Omnes
1631 1920 1918 1989 declinave-

322 2020 471 2078 runt,
490 2011 645 2066 simul
668 2011 869 2065 inutiles
894 2011 1019 2084 [acti
1044 2021 1161 2066 sunt
1182 2010 1353 2086 (Psal.
1384 2014 1472 2070 15.
1495 2014 1552 2070 2.
1580 2014 1662 2086 5).

395 2104 454 2163 5.
494 2104 710 2176 Egressi
748 2119 876 2178 ergo
916 2105 1048 2161 estis
1077 2114 1135 2161 ut
1162 2106 1278 2171 haec
1306 2105 1607 2179 doceretis,
1634 2107 1920 2181 impuden-

326 2193 481 2261 tiam,
535 2196 823 2251 amentiam
848 2235 864 2261 ,
915 2196 1327 2264 fornicationes,
1356 2197 1647 2266 adulteria,
1701 2199 1915 2273 caedes,

323 2300 547 2349 omnem
569 2286 710 2355 viam
735 2285 1090 2357 improbitatis
1106 2288 1131 2344 1
1145 2288 1262 2344 Non
1285 2291 1509 2349 cessatis
1533 2306 1633 2351 nos
1650 2306 1843 2363 cogere
1864 2302 1922 2356 ut

323 2386 508 2432 vestra
534 2376 675 2432 mala
703 2378 1077 2436 traducamus?
1130 2381 1239 2438 Vos
1259 2382 1389 2438 estis
1416 2382 1517 2450 Qui
1538 2385 1815 2456 portamini
1858 2402 1921 2441 ea:

326 2478 499 2534 utero,
532 2478 583 2523 et
609 2468 855 2525 docemini
896 2487 1055 2543 usque
1094 2472 1164 2527 ad
1202 2483 1502 2530 senectutem
1524 2474 1677 2548 (lsai.
1708 2477 1800 2533 46.
1824 2476 1915 2549 5);

326 2574 424 2615 vos
451 2562 587 2617 estis
635 2562 761 2619 οωρὶ
784 2603 800 2631 ,
835 2564 928 2635 qui
974 2578 1073 2620 vos
1098 2564 1328 2621 invicem
1368 2566 1424 2622 in
1466 2567 1676 2623 foveam
1726 2569 1921 2640 prmci-

327 2652 532 2722 pitatis.
571 2652 745 2708 Ctecus
780 2655 921 2709 enim
945 2694 965 2727 ,
994 2655 1198 2728 inquit,
1218 2658 1265 2712 si
1291 2674 1480 2713 meum
1500 2658 1671 2726 ducat,
1703 2660 1923 2716 amboin

328 2743 526 2814 foueam
558 2747 737 2801 cadent
776 2744 989 2820 (Matth.
1035 2749 1123 2807 15.
1149 2749 1396 2816 14;[.ιιε.
1432 2753 1485 2808 6.
1514 2753 1634 2826 59).
1665 2754 1766 2822 Qui
1799 2770 1923 2825 pro-

330 2837 520 2908 phetas
547 2853 761 2911 semper
782 2839 1042 2900 habuistis
1058 2883 1075 2909 ,
1106 2851 1160 2900 et
1184 2860 1473 2916 numquam
1499 2846 1622 2904 facti
1647 2850 1777 2905 estis
1805 2865 1922 2907 me-

330 2929 514 2993 liores.
549 2930 716 2991 futuri
760 2933 889 2990 estis
928 2935 1153 2992 aliorum
1192 2937 1488 2995 doctores?
1537 2939 1657 2996 Non
1699 2944 1923 3002 cessatis

333 3022 451 3079 haec
500 3024 712 3095 nugari,
745 3040 845 3083 nec
895 3035 1130 3083 vestram
1168 3031 1459 3101 agnoscitis
1509 3034 1762 3104 culpam?
1807 3034 1923 3092 Hoc

330 3115 478 3169 enim
506 3131 723 3186 semper
746 3131 840 3175 vos
868 3118 1120 3191 perdidit,
1152 3120 1293 3191 quod
1318 3134 1617 3189 vestrorum
1656 3128 1919 3187 malorum

331 3207 515 3279 nolitis
542 3206 949 3267 fundamentum
975 3226 1315 3287 cognoscere.
1344 3214 1656 3289 Propterea,
1684 3219 1828 3290 quod
1848 3221 1927 3276 la-

333 3300 484 3355 ciunt
503 3300 736 3375 iudices,
766 3304 854 3374 qui
879 3302 1071 3375 jubent
1098 3316 1220 3375 post
1243 3322 1359 3379 eos,
1382 3310 1472 3380 qui
1497 3309 1679 3382 ﬂagris
1705 3313 1925 3381 caedun-

336 3400 443 3455 tur,
471 3394 622 3464 sequi
649 3394 783 3465 aiios
809 3397 899 3467 qui
928 3397 1161 3461 clament
1180 3409 1234 3456 et
1258 3401 1460 3471 dicant,
1496 3418 1593 3465 cur
1612 3407 1923 3479 cmdautur,

335 3499 465 3557 num
515 3483 686 3557 fures,
714 3504 839 3553 num
870 3499 1112 3558 raptores
1134 3491 1283 3559 sint;
1313 3493 1384 3553 ita
1427 3496 1588 3565 etiam
1641 3498 1781 3563 Deus
1829 3515 1927 3562 vos

335 3592 744 3649 quoquoversus
802 3581 1113 3645 traducens.
1134 3585 1295 3661 jussit
1317 3589 1468 3659 sequi
1491 3589 1802 3660 prophetas,
1830 3594 1926 3663 qui

336 3683 554 3739 causam
580 3669 823 3737 dicerent
847 3674 1112 3743 supplicii.
1138 3673 1344 3745 Ubique
1367 3679 1512 3734 enim
1531 3689 1793 3745 terrarum
1823 3699 1926 3741 una

337 3761 616 3831 vobiscum
645 3762 810 3825 vincti
856 3774 1016 3834 sunt,
1049 3767 1139 3837 qui
1176 3768 1338 3831 etiam
1378 3786 1521 3831 noue
1556 3772 1734 3833 adhuc
1775 3775 1929 3837 vobis

336 3854 645 3929 inclamant.
674 3855 742 3927 Et
767 3856 815 3912 si
848 3857 902 3913 in
927 3874 1225 3937 synagogas
1250 3862 1568 3939 ingrediaris
1588 3907 1603 3933 ,
1630 3866 1817 3928 audies
1840 3882 1929 3929 as-

336 3946 492 4019 sidue
512 3960 610 4007 eos
632 3946 749 4017 inec
772 3948 933 4022 verba
958 3951 1160 4007 dicere.
1182 3953 1253 4023 Et
1283 3953 1449 4019 David
1478 3956 1694 4026 quidem
1720 3958 1930 4023 descri-

337 4038 472 4105 hens
498 4039 651 4111 iliud,
676 4040 816 4110 quod
850 4042 1116 4113 latrocinii
1146 4046 1315 4113 instar
1336 4046 1569 4113 habebat
1595 4049 1814 4120 Caiphae
1834 4053 1927 4123 ju-

338 4129 563 4203 dicium,
590 4131 717 4187 dicit
739 4148 833 4193 vos
858 4146 1137 4206 propterea
1161 4139 1404 4209 periisse.
1431 4141 1567 4205 Cum
1598 4145 1742 4205 enim
1760 4146 1932 4205 .dixis-

338 4233 442 4287 set,
469 4223 841 4297 pit-amponius
866 4229 1068 4297 piacula
1084 4247 1266 4295 eorum
1291 4275 1305 4300 ,
1327 4244 1379 4294 et
1402 4234 1708 4307 abjiciamus
1724 4257 1759 4295 a
1782 4242 1932 4297 nobis

341 4316 519 4386 iugum
556 4317 786 4385 ipsorum
824 4318 994 4392 (Psal.
1024 4322 1080 4377 2.
1111 4324 1191 4395 5),
1222 4326 1537 4396 subjunxit:
1572 4328 1715 4388 Tunc
1754 4332 1931 4404 loque-

343 4415 428 4467 tur
450 4406 521 4460 ad
547 4424 632 4468 eos
651 4409 703 4473 in
737 4409 821 4465 ira
841 4428 935 4477 sua
955 4453 968 4477 ,
995 4422 1045 4468 et
1072 4414 1126 4469 in
1153 4417 1329 4487 furore
1366 4435 1463 4477 suo
1492 4421 1811 4479 conturbabit
1846 4441 1932 4480 cos

349 4495 521 4567 (Ibid.
550 4498 711 4569 v.5).
770 4502 931 4559 Isaias
971 4514 1149 4574 autem
1198 4523 1319 4569 cum
1349 4509 1604 4577 dixisset,
1628 4530 1750 4571 eum
1796 4517 1935 4573 sicut

345 4603 501 4659 ovem
528 4589 746 4659 ductum
771 4608 892 4665 esse
916 4597 987 4663 ad
1014 4597 1336 4665 occisionem
1354 4642 1370 4668 ,
1397 4603 1670 4674 subiunxit
1696 4621 1711 4660 :
1742 4605 1810 4672 Et
1836 4608 1934 4664 da-

347 4679 412 4735 bo
429 4682 692 4753 improbos
730 4702 823 4754 pro
866 4690 1134 4759 sepultura
1173 4693 1304 4763 ejus,
1336 4706 1385 4752 et
1428 4697 1608 4753 divites
1641 4716 1735 4770 pro
1777 4712 1938 4756 morte

347 4776 462 4863 ejus
499 4773 656 4845 (Isai.
685 4777 774 4845 55-
798 4779 889 4852 9);
919 4790 975 4841 et
1010 4799 1197 4845 rursus
1226 4787 1351 4847 alibi
1379 4787 1447 4844 de
1477 4790 1634 4845 vinea
1664 4792 1889 4863 loquens
1918 4810 1933 4848 :

349 4862 660 4937 Easpectaui
678 4910 694 4936 ,
726 4879 782 4923 ut
800 4870 987 4941 faceret
1016 4873 1274 4945 justitiam
1301 4895 1320 4933 :
1352 4880 1473 4950 fecit
1506 4892 1677 4935 autem
1705 4884 1941 4953 iniquitao

350 4967 473 5025 tem,
498 4968 549 5014 et
569 4975 669 5023 non
683 4960 958 5032 justitiam,
998 4967 1088 5028 sed
1117 4968 1392 5029 clamorem
1424 4970 1538 5041 (Id.
1566 4973 1618 5029 5.
1641 4974 1720 5035 7).
1742 4975 1942 5043 Quem-

222 5098 239 5107 -
348 5063 477 5117 nam
505 5060 687 5106 autem
715 5054 1047 5112 clamorem?
1070 5057 1324 5132 Cruciﬁge
1346 5102 1361 5127 ,
1389 5065 1629 5135 cruci/ipe
1658 5064 1812 5137 (Luc.
1845 5067 1939 5124 23.

350 5140 469 5215 2i).
498 5144 569 5207 Et
606 5144 919 5218 subiungit:
948 5148 1227 5222 Propterea
1265 5153 1469 5210 diruunt
1508 5173 1677 5227 sepem
1717 5161 1866 5231 ejus,
1896 5169 1944 5216 et

352 5237 451 5295 erit
495 5236 551 5300 in
599 5240 1029 5299 conculcationem
1059 5260 1079 5298 :
1099 5255 1147 5301 et
1192 5247 1446 5305 mandabo
1484 5251 1730 5317 nubibus,
1759 5263 1814 5309 ut
1842 5271 1945 5310 non

356 5328 540 5399 pluerat
582 5332 922 5402 supprimam
946 5334 1184 5407 pluuium
1207 5335 1360 5411 (Isai.
1391 5341 1445 5398 5.
1473 5343 1527 5398 5.
1550 5342 1629 5415 6).
1660 5344 1778 5403 Non
1823 5346 1945 5404 ideo

1395 322 1757 387 EXPOSITIO
1794 321 1862 380 IN
1900 321 2228 381 PSALMUM
2266 323 2405 388 Vili.

3525 335 3625 393 114

2028 435 2196 503 estis;
2229 434 2388 506 idque
2415 434 2760 493 manifestum
2776 445 2874 493 .est
2898 451 2965 494 ex
2990 438 3288 510 prophetis.
3314 438 3392 497 Et
3413 453 3468 498 ut
3487 445 3628 500 scias

2024 525 2224 591 Christi
2246 529 2523 595 virtutem.
2548 539 2709 601 atque
2731 539 2788 586 ut
2806 545 2877 587 ex
2897 531 3049 591 vobis
3074 532 3204 604 ipsis
3237 533 3479 602 discetis,
3506 551 3625 607 qua:

2023 634 2133 676 non
2157 619 2419 676 didicistis
2444 637 2474 676 a
2496 623 2794 693 prophetis,
2836 621 2959 687 vide
2999 638 3088 689 res
3129 639 3344 701 quoque
3381 627 3528 698 ipsas
3572 628 3626 685 id

2024 720 2302 770 testantes.
2329 713 2649 783 Quodenim
2672 728 2767 770 vos
2795 714 2877 770 lex
2902 730 3009 771 non
3039 715 3241 783 docuit,
3271 717 3373 774 hoc
3393 735 3458 773 ex
3496 717 3625 775 red-

2026 803 2248 860 undanti
2286 802 2412 861 fecit
2450 803 2654 861 Christi
2697 805 2955 876 potentia.
2987 806 3251 876 Quamdiu
3272 809 3414 864 enim
3443 810 3621 882 legem

2025 894 2310 965 habuistis,
2336 897 2698 964 occidebatis,
2728 898 2865 954 lilios
2895 900 3209 959 mactabatis
3228 943 3244 968 ,
3274 911 3329 958 et
3353 902 3620 959 adultera-

2023 986 2162 1043 batis
2190 1003 2204 1040 :
2228 995 2509 1059 postquam
2536 998 2712 1045 autem
2744 988 2918 1053 illuxit
2944 991 3026 1046 sol
3049 989 3269 1061 iustitiae
3289 1032 3305 1057 ,
3339 993 3407 1048 de
3426 994 3619 1058 vestri!

2022 1080 2181 1138 malis
2197 1081 2421 1136 multum
2438 1082 2686 1147 decessit,
2703 1090 2760 1137 ct
2774 1081 3100 1147 moderatius
3111 1087 3273 1139 vitam
3291 1085 3621 1159 instituistis,

2024 1174 2250 1233 correcti
2272 1188 2372 1245 per
2396 1185 2630 1231 vestram
2656 1175 2712 1241 in
2735 1190 2841 1231 nos
2865 1177 3287 1235 mntulationem.

2086 1267 2267 1325 λιιάωὶ
2305 1285 2397 1331 cur
2439 1269 2675 1340 dispersi.
2697 1269 3075 1340 —Propterea
3112 1286 3208 1326 vos
3248 1270 3522 1338 dispersit,
3565 1280 3627 1331 ut

2022 1364 2232 1421 sciretis
2266 1365 2604 1436 quantamin
2650 1365 2806 1423 terris
2831 1364 3536 1437 plantaritrcmpublicam;
3566 1373 3621 1425 et

2023 1461 2278 1532 templum
2315 1462 2509 1528 solvit,
2541 1476 2637 1517 vos
2678 1460 2762 1516 vel
2784 1460 2986 1519 invitos
3010 1475 3041 1521 a
3069 1460 3201 1519 vitio
3224 1459 3520 1517 abducens.
3555 1460 3621 1519 Et

2023 1553 2112 1613 ubi
2153 1553 2410 1623 templum
2441 1551 2549 1609 fuit
2588 1552 2821 1611 solutum
2840 1593 2865 1623 η,
2908 1552 3017 1613 illic
3053 1552 3213 1607 etiam
3238 1551 3494 1614 Christus
3535 1565 3623 1609 sc-

2023 1644 2202 1716 pultus
2240 1652 2358 1708 est,
2387 1655 2444 1699 ut
2480 1652 2708 1714 propter
2745 1644 2888 1700 illius
2925 1643 3237 1716 sepulcrum
3281 1642 3619 1708 recedentes,

2024 1736 2268 1801 viderent
2312 1736 2474 1792 etiam
2511 1746 2771 1807 tropmum
2805 1737 2956 1797 illius
2990 1736 3268 1810 potentizn,
3299 1746 3355 1792 et
3394 1736 3618 1793 verbum

2023 1834 2168 1883 stare
2186 1825 2328 1897 quod
2354 1826 2481 1893 dicit
2507 1845 2521 1882 :
2552 1825 2677 1881 Non
2703 1826 2922 1888 manebit
2950 1826 3033 1882 hic
3061 1826 3193 1901 lapis
3206 1842 3367 1899 (super
3396 1824 3621 1899 lapidein

2026 1916 2240 1991 (Matth.
2261 1919 2375 1992 24).
2404 1919 2613 1991 Ubique
2648 1919 2794 1985 enim
2829 1928 2962 1976 sunt
2985 1919 3104 1992 ejus
3120 1928 3330 1991 tropaaa
3354 1928 3413 1982 et
3438 1918 3623 1981 moni-

2023 2021 2202 2071 menta
2224 2013 2496 2084 potentiae.
2523 2013 2618 2072 Sin
2646 2023 2824 2077 autem
2852 2022 2986 2076 erat.
3006 2023 3073 2073 .ut
3097 2011 3297 2084 dicitis,
3328 2011 3544 2083 impius,
3564 2019 3624 2071 et

2025 2104 2118 2173 Dei
2145 2104 2507 2174 adversarius,
2532 2106 2632 2165 etsi
2654 2103 3062 2171 innumerabilia
3088 2112 3305 2177 peccata
3324 2102 3617 2170 Jecissetis,

2024 2210 2093 2251 ne
2112 2195 2191 2251 sic
2209 2195 2423 2267 quidem
2451 2195 2621 2266 puniri
2644 2195 2957 2273 oportebat:
2985 2195 3086 2257 etsi
3111 2194 3411 2267 oportebat,
3434 2202 3485 2251 at
3504 2207 3620 2251 non

2026 2296 2186 2344 tunc:
2227 2304 2294 2351 ne
2322 2289 2442 2359 quis
2478 2287 2808 2345 existimaret
2839 2301 2936 2342 vos
2960 2300 3063 2357 pro
3106 2286 3196 2347 illo
3217 2299 3406 2357 paruas
3445 2285 3617 2340 luere.

2024 2379 2217 2436 Annon
2253 2378 2478 2445 audistis
2522 2379 2691 2435 Deum
2733 2379 3038 2445 dicentem,
3080 2378 3301 2449 quando
3350 2376 3513 2433 eratis
3557 2375 3618 2435 in

2024 2472 2367 2542 captivitate:
2402 2471 2523 2535 Non
2553 2478 2759 2542 propter
2783 2484 2870 2526 vos
2890 2470 3053 2542 facio,
3078 2469 3169 2527 sed
3194 2479 3405 2540 propter
3428 2484 3532 2537 me,
3556 2481 3623 2522 ne

2025 2582 2192 2621 meum
2217 2581 2398 2619 nomen
2421 2566 2722 2637 profanetur
2761 2562 2972 2636 (Ezech.
3003 2561 3092 2619 56.
3123 2561 3261 2633 22)?
3289 2560 3451 2632 Atqui
3494 2568 3621 2619 tunc

2025 2667 2141 2714 erat
2160 2657 2337 2728 major
2360 2665 2539 2713 vestra
2564 2656 2896 2727 improbitas.
2920 2654 3031 2717 .Sed
3063 2667 3237 2713 tamen
3258 2696 3278 2723 ,
3308 2653 3479 2724 inquit
3504 2694 3520 2720 ,
3546 2669 3622 2711 nc

2026 2749 2333 2815 existiment
2356 2748 2566 2807 barbari
2589 2764 2674 2804 me
2692 2763 2816 2809 esse
2832 2747 3185 2815 nubecilium,
3200 2745 3419 2805 .ditnitto
3440 2753 3620 2807 vestra

2026 2850 2264 2912 peccata,
2289 2851 2343 2895 et
2369 2854 2630 2896 cmservo
2655 2854 2773 2895 vos.
2798 2838 2946 2901 itane
2967 2848 3094 2897 tunc
3119 2838 3332 2909 quidem
3362 2851 3481 2903 vos,
3511 2834 3620 2890 ini-

2027 2948 2133 3004 que
2160 2946 2258 2988 vos
2281 2938 2549 3002 gerentes,
2572 2931 2827 2997 servavit,
2856 2946 2924 2986 ne
2946 2931 3066 3000 ejus
3092 2946 3285 2984 neuneu
3307 2928 3623 3000 profanare.

2026 3035 2151 3095 tur:
2199 3039 2341 3082 nunc
2378 3036 2556 3082 autem
2601 3023 2703 3078 hoc
2748 3039 2858 3085 (non
2909 3022 3161 3089 iecisset?
3194 3022 3312 3085 Etsi
3351 3021 3493 3074 enim
3535 3016 3649 3075 vel.

2027 3119 2305 3183 innumera
2326 3126 2544 3188 peccata
2573 3115 2940 3182 admisissetis,
2972 3131 3066 3169 vos
3093 3114 3220 3179 nihil
3247 3113 3485 3184 oportuit
3508 3111 3619 3181 pati

2026 3210 2324 3282 ejusmodi,
2353 3210 2397 3267 si
2425 3209 2616 3269 inisset
2643 3209 2904 3279 impostor
2929 3208 3174 3271 Cluistus
3199 3248 3215 3275 ,
3244 3222 3313 3271 ne
3352 3204 3472 3276 quis
3500 3202 3617 3269 exi-

2028 3303 2273 3368 stimaret
2290 3316 2386 3359 vos
2410 3301 2499 3359 illa
2520 3312 2741 3373 propter
2760 3305 2935 3371 ipsum
2957 3314 3081 3366 esse
3102 3312 3314 3370 passos,
3343 3297 3436 3354 sed
3458 3297 3622 3357 etiam

2029 3404 2375 3458 consorvatos
2396 3409 2491 3453 vos
2513 3408 2633 3455 esse
2658 3394 2919 3464 oportuit;
2948 3402 3007 3451 et
3031 3393 3075 3446 si
3096 3432 3114 3460 ,
3146 3402 3201 3453 ut
3221 3391 3331 3460 iam
3356 3389 3494 3455 dixi,
3523 3402 3621 3449 vos

2031 3486 2142 3559 pati
2182 3485 2451 3557 Oportuit,
2487 3495 2544 3539 at
2572 3500 2678 3540 non
2706 3495 2855 3547 tunc.
2895 3483 3047 3541 Nune
3083 3492 3264 3547 autem
3302 3480 3418 3545 haec
3459 3478 3624 3535 simul

2031 3581 2171 3637 facta
2191 3587 2336 3643 sunt.
2379 3576 2606 3646 Quando
2640 3577 2783 3637 enim
2814 3591 2942 3639 crux
2968 3575 3271 3654 processit,
3312 3573 3472 3643 {tanta
3496 3580 3623 3645 post

2030 3673 2277 3731 exierunt
2305 3671 2565 3742 apostoli.
2596 3678 2652 3727 et
2693 3668 2909 3731 dit‘licile
2945 3669 3143 3725 bellum
3176 3669 3435 3731 adversus
3479 3663 3625 3721 illaut

2031 3764 2302 3825 civitatem
2332 3763 2644 3827 suscitatam
2669 3772 2789 3825 est;
2816 3774 2871 3819 et
2896 3762 3037 3830 qttod
3070 3770 3152 3822 est
3188 3762 3241 3819 in
3271 3759 3577 3830 Evangeliis
3609 3778 3624 3814 :

2041 3854 2130 3923 Vn:
2154 3854 2453 3919 lactantibus
2473 3862 2518 3908 et
2537 3852 2915 3923 prlegntmtibtts
2930 3850 3139 3924 (Manli.
3167 3850 3257 3913 2i.
3286 3850 3397 3922 19),
3421 3849 3629 3905 omnia»

2033 3961 2138 4017 que
2164 3945 2253 4013 illa
2288 3946 2491 4009 exitum
2519 3943 2708 4001 sortita
2738 3952 2900 4005 sunt;
2927 3952 2982 4007 et
3006 3941 3157 4011 illud,
3187 3940 3330 4001 Tunc
3355 3941 3444 4000 erit
3466 3938 3626 3999 tribu-

2036 4038 2157 4107 latio
2179 4080 2193 4103 ,
2218 4035 2384 4108 qualis
2409 4052 2683 4107 numquam
2710 4045 2827 4101 ante
2849 4036 2946 4106 {uit
2977 4036 3130 4108 (Luc.
3162 4035 3254 4097 2|,
3282 4034 3381 4103 25)
3402 4073 3418 4100 ,
3440 4032 3631 4104 imple-

2037 4141 2147 4186 tum
2173 4138 2282 4187 est-
2312 4128 2444 4193 Nam
2478 4139 2533 4197 et
2576 4129 2827 4193 mulieres
2866 4128 3005 4194 lilios
3032 4129 3413 4194 comederunt.
3447 4127 3629 4190 hostes

2037 4223 2406 4296 perfregerunt
2430 4231 2647 4281 ventres
2677 4231 3010 4285 mortuorum
3029 4264 3046 4288 ,
3076 4229 3133 4287 et
3158 4221 3295 4292 ignis
3321 4219 3629 4281 barbaricus

2035 4325 2119 4377 est
2161 4315 2340 4377 omnia
2387 4314 2758 4386 depoiiulatus,
2789 4314 3075 4384 omniaque
3114 4322 3263 4375 erant
3310 4311 3461 4381 plena
3505 4326 3633 4371 san.

2036 4409 2215 4480 guine,
2238 4417 2293 4463 et
2318 4423 2469 4469 novae
2493 4406 2785 4476 tragoedia},
2812 4417 2866 4469 et
2888 4406 3173 4467 universus
3200 4402 3343 4465 urbis
3370 4412 3633 4467 terrarum

2038 4503 2269 4559 refertus
2280 4508 2396 4563 erat
2407 4498 2808 4563 maliandaicis
2828 4498 3063 4570 (Ioseph.
3081 4497 3144 4555 de
3158 4496 3289 4553 Bell.
3312 4493 3488 4560 Iud).
3510 4494 3587 4557 lia
3600 4508 3637 4555 c

2039 4609 2168 4665 ergo
2210 4592 2351 4663 apud
2382 4606 2476 4650 vos
2504 4592 2802 4661 cogitantes
2824 4631 2841 4656 ,
2871 4598 3108 4652 restruit;
3142 4588 3423 4653 potttinum
3460 4600 3631 4658 agno-

2040 4689 2194 4749 scite.
2238 4688 2430 4749 Annon
2476 4685 2765 4755 propbetas
2811 4681 3125 4743 occidistis?
3173 4696 3299 4741 num
3354 4680 3462 4741 tale
3507 4677 3637 4750 quid

2042 4779 2188 4852 passi
2228 4777 2396 4841 estis?
2422 4776 2610 4837 Nonne
2655 4774 2841 4837 altaria
2889 4774 3173 4839 diruistis?
3218 4771 3476 4842 numquid
3517 4771 3641 4834 talis

2041 4873 2195 4930 vobis
2238 4871 2462 4941 contigit
2515 4869 2830 4927 calamitas?
2872 4867 3060 4929 Nonne
3107 4865 3332 4925 vitulum
3376 4864 3642 4925 adorastis

2044 4964 2241 5035 (Exod.
2269 4961 2384 5032 52),
2412 4971 2468 5021 et
2490 4960 2821 5030 Beelpbegnr
2843 4961 2974 5019 estis
3001 4960 3190 5017 initiati
3210 4957 3403 5027 (Num.
3434 4957 3526 5018 35.
3556 4954 3640 5023 ὅ).

2043 5065 2398 5126 naturamque
2420 5054 2703 5126 ignorastis
2727 5054 2752 5119 7
2780 5052 3034 5124 numquid
3066 5054 3198 5113 tales
3227 5051 3408 5113 hostes
3433 5047 3645 5117 experti

2046 5148 2219 5209 estis?
2244 5149 2435 5206 Annon
2475 5147 2558 5209 rei
2601 5147 2655 5206 in
2698 5146 2890 5207 mediis
2917 5146 3187 5207 beneﬁciis
3214 5145 3558 5206 immemores
3591 5152 3644 5198 et

2047 5241 2240 5313 ingrati
2264 5239 2460 5299 servati
2481 5239 2652 5300 estis?
2678 5238 2829 5298 Unde
2854 5253 2984 5310 ergo
3007 5238 3283 5301 innumera
3304 5235 3358 5296 in
3383 5248 3481 5290 vos
3506 5233 3646 5288 maia

2050 5331 2284 5404 profecta
2304 5330 2472 5386 sunt?
2496 5330 2682 5393 Nonne
2700 5330 2902 5386 clartnn
2924 5336 3008 5393 est
3025 5344 3090 5385 es
3114 5342 3197 5390 eo,
3221 5325 3362 5397 quod
3391 5327 3442 5381 in
3468 5325 3649 5380 Domi-

358 5433 491 5493 ergp
517 5420 744 5494 dispersi
765 5426 923 5499 estis,
962 5427 1058 5484 sed
1080 5440 1300 5502 propter
1322 5448 1387 5489 ea
1418 5450 1539 5506 qua
1562 5437 1617 5492 in
1640 5453 1801 5496 cruce
1830 5441 1948 5501 ausi
2053 5442 2178 5491 num
2203 5424 2319 5483 ausi
2346 5422 2475 5479 estis
2506 5437 2746 5494 peciare,
2780 5436 2886 5477 non
2918 5421 2971 5479 in
3000 5418 3227 5481 servos?
3255 5416 3410 5475 Unde
3439 5432 3540 5474 nec
3566 5423 3652 5473 est

2052 5518 2205 5574 vobis
2235 5533 2266 5572 a
2293 5516 2468 5583 malis,
2497 5531 2617 5587 qua:
2645 5530 2742 5571 vos
2781 5515 3056 5578 invasere,
3088 5511 3332 5569 liberatio
3355 5552 3374 5580 ,
3401 5527 3503 5593 nec
3526 5511 3652 5569 erit.

423 5603 512 5685 ἐς).
530 5611 640 5658 ηπ
660 5608 778 5673 Mn
800 5608 1002 5670 ίηνβπεο
1021 5610 1166 5670 modo
1201 5611 1499 5671 refenmtur.
1524 5617 1644 5669 Vide
1664 5618 1795 5671 hunc
1813 5626 1954 5672 mea
2056 5613 2114 5672 Si
2144 5614 2287 5675 enim
2313 5618 2479 5677 esset,
2511 5624 2631 5669 eam
2656 5607 3034 5681 prmdisissent
3054 5606 3350 5685 prophetas.
3378 5604 3530 5661 Nunc
3552 5618 3653 5658 au-

357 5666 636 5806 ἱρῗῗνῗῗηεεο
656 5736 830 5806 verba,
856 5739 1106 5806 tanquam
1138 5734 1242 5806 lupi
1255 5736 1465 5806 __.4rabitc
1479 5778 1492 5796 ,
1517 5750 1632 5806 sunt
1667 5742 1717 5806 in
1740 5744 1947 5806 sornbon.

363 5789 413 5844 ὅ.
422 5789 485 5860 5,
498 5796 561 5859 ita
578 5805 628 5865 ut
648 5801 803 5866 prima
821 5789 944 5863 om
968 5789 1032 5859 iit
1053 5789 1330 5862 ειοβιέίβιίε.
1354 5789 1568 5861 seruitia
1584 5789 1854 5868 sinuin“.

2059 5715 2167 5761 tem
2194 5703 2443 5759 dixerunt
2463 5701 2678 5773 quidem
2706 5700 3088 5772 captivitatem,
3120 5700 3215 5757 sed
3243 5715 3352 5756 nou
3380 5698 3613 5756 reditum
3633 5711 3655 5755 :

2063 5798 2189 5853 licet
2217 5795 2353 5853 bona
2384 5792 2657 5873 suppliciis
2700 5791 2912 5857 assidue
2937 5790 3297 5859 admisceant,
3325 5797 3382 5853 et
3410 5803 3653 5861 tempora
