4030 6394
489 330 588 382 liii

474 443 746 499 deliniant.
781 441 983 496 Etenim
1022 435 1277 493 Jercutias
1318 432 1553 488 definivit
1582 432 1911 503 septuaginta
1952 446 2048 480 an-

475 552 575 592 nos
601 536 737 608 (Jer.
767 534 857 589 ‘29.
887 530 1009 603 10),
1041 539 1094 585 ει
1134 526 1317 583 Daniel
1356 518 2059 593 similitertresanno$(a)et

476 627 757 684 dimidium
834 627 1008 699 (Dan.
1065 627 1121 683 9.
1183 620 1273 675 25.
1304 618 1479 690 sqq.);
1521 617 1646 686 quin
1675 615 1832 670 etiam
1867 613 2060 684 pra-di-

476 730 620 777 ctum
675 729 756 773 est
802 732 895 772 eos
942 712 1343 786 quadringentis
1408 720 1462 765 et
1517 709 1730 778 triginta
1800 706 1953 760 annis
2008 705 2059 759 in

474 808 705 881 Αἴθῃ)ιο
733 808 1022 863 servituros
1052 802 1204 879 (Gen.
1235 803 1321 858 i5.
1358 799 1467 872 15).
1499 799 1665 864 Hujus
1691 808 1863 851 autem
1891 796 2061 864 capti-

475 902 650 957 vitatis
668 915 925 969 nusquam
947 897 1107 953 situm
1133 904 1216 950 est
1239 904 1468 963 tempus,
1493 906 1588 945 nec
1607 888 1746 955 linis,
1774 888 1865 942 sed
1883 888 2061 941 relicta

473 1002 558 1048 εει
588 1002 759 1046 vestra
795 990 986 1045 domus
1028 987 1260 1051 deserta,
1293 983 1602 1053 etquotidie
1643 995 1730 1035 res
1771 989 1961 1033 vestra:
2010 979 2060 1032 in

475 1084 712 1140 deterius
741 1081 1041 1153 procedunt
1070 1077 1282 1149 (Matth.
1314 1075 1405 1132 23.
1435 1074 1547 1145 38).

547 1174 601 1230 6.
642 1174 767 1229 lianc
805 1172 983 1227 omnia
1013 1177 1215 1225 attente
1256 1166 1396 1236 apud
1423 1181 1516 1220 vos
1545 1164 1944 1219 considerantes
1964 1205 1977 1226 ,
2011 1172 2065 1216 et

475 1281 597 1337 qua;
638 1264 871 1319 breviter
910 1262 1048 1317 dicta
1091 1269 1217 1316 sunt
1255 1258 1421 1313 fusius
1464 1264 1751 1311 tractantes
1780 1254 1885 1327 (Da
1922 1254 2065 1307 enim

474 1358 691 1430 sapienti
723 1356 1063 1420 occasionem,
1100 1362 1147 1406 et
1190 1352 1283 1406 erit
1327 1350 1602 1419 sapientior
1627 1347 1808 1420 [Prov.
1846 1346 1899 1401 9.
1928 1343 2058 1417 9]),

478 1449 688 1503 illorum
730 1444 1109 1516 impudentiam
1138 1443 1506 1511 ingratumque
1547 1439 1779 1492 aninuun
1828 1436 2065 1505 poteritis

478 1538 744 1593 refellere.
771 1537 824 1591 4.
852 1534 1102 1602 Quoniam
1122 1531 1293 1587 videbo
1315 1530 1462 1584 cazlos
1484 1540 1594 1583 tuos
1622 1544 1773 1598 Opera
1795 1527 2066 1596 digitorum

477 1640 697 1684 tuorum.
722 1627 890 1693 Alius,
926 1625 1081 1680 Video
1107 1624 1238 1677 enim
1259 1622 1427 1676 ctelos.
1456 1620 1653 1673 Lunam
1676 1626 1718 1672 et
1748 1618 1936 1681 stellas,
1956 1631 2067 1685 qum

478 1730 532 1774 tu
558 1720 800 1791 fundasti.
827 1718 972 1773 Alius
993 1758 1008 1783 ,
1044 1713 1267 1769 Parasti.
1298 1714 1444 1768 Alius
1464 1754 1477 1778 ,
1511 1710 1780 1767 Stabiliisti
1811 1708 1905 1779 (ὑ).
1935 1708 2063 1762 Cum

479 1810 717 1874 dixisset,
737 1806 1051 1863 Destruxisti
1073 1805 1334 1871 inimicos,
1350 1801 1638 1872 splendida:
1658 1800 1813 1868 hujus
1833 1799 2066 1853 victoria:

477 1900 631 1956 affert
649 1898 1035 1970 probationem.
1061 1896 1139 1951 Tu
1161 1896 1325 1960 enim,
1354 1895 1540 1964 inquit,
1563 1893 1652 1961 qui
1675 1889 1963 1947 crucifixus
1984 1906 2062 1954 es,

476 1991 566 2061 qui
596 1989 664 2045 de
698 1988 876 2044 medio
915 1987 1155 2043 sublatus
1178 2000 1235 2040 es
1255 2027 1269 2052 ,
1302 1984 1589 2053 apparuisti
1617 1982 1762 2036 orbis
1808 1994 2065 2035 tet-rarum

475 2082 696 2138 Creator
716 2088 770 2135 et
792 2079 998 2150 Opifex.
1023 2079 1311 2149 Propterea
1335 2077 1463 2132 dicit
1485 2094 1499 2130 :
1543 2074 1725 2129 Videbo
1745 2073 1896 2128 cwlos
1915 2084 2026 2127 tuos
2046 2089 2066 2127 :

476 2174 782 2244 signiﬁcans
809 2172 1002 2227 multos
1032 2186 1136 2226 non
1178 2181 1333 2226 antea
1359 2170 1672 2237 cognovisse
1692 2211 1705 2232 ,
1741 2177 1920 2238 postea
1951 2169 2069 2238 qui—

475 2263 600 2319 dem
625 2271 772 2319 certe
809 2278 997 2318 omnes
1026 2262 1217 2316 scient.
1248 2261 1312 2316 Et
1340 2276 1435 2315 cur
1474 2276 1577 2314 non
1618 2260 1892 2314 universas
1921 2261 2065 2314 orbis

477 2364 635 2410 terra:
664 2365 840 2425 partes
865 2363 1219 2425 persequutus
1240 2352 1357 2406 est?
1379 2352 1529 2420 Quod
1559 2368 1743 2407 eorum
1774 2368 1891 2421 qua:
1922 2353 2066 2407 vide-

478 2447 675 2502 bantur
697 2448 1075 2517 Opportuniora
1108 2454 1478 2516 persequutus,
1505 2444 1573 2499 de
1605 2445 1723 2498 aliis
1747 2445 1938 2500 docere
1963 2446 2065 2500 tui-

479 2538 624 2592 nime
647 2552 783 2609 opus
805 2536 1066 2592 habuerit.
1096 2536 1245 2591 Adeo
1266 2552 1393 2607 ergo
1415 2536 1670 2592 destructi
1697 2545 1821 2589 sunt
1843 2536 2062 2599 inimici,

479 2637 538 2683 ut
560 2629 648 2700 qui
674 2628 742 2683 ab
762 2629 841 2683 eis
863 2628 1246 2697 expellebatur,
1271 2629 1411 2683 etab
1439 2632 1517 2683 eis
1539 2628 1607 2683 de
1633 2627 1807 2683 medio
1828 2627 2067 2682 sublatus

478 2729 578 2784 cst,
623 2718 860 2773 omnium
884 2734 1004 2789 quae
1038 2717 1352 2773 videbantur
1393 2719 1698 2788 apparuerit
1736 2715 1946 2787 Opifcx.
2000 2716 2068 2771 Et

477 2827 643 2882 quare
672 2827 776 2865 non
824 2811 984 2878 dicit,
1031 2810 1277 2865 Mannum
1324 2821 1565 2877 tuarum,
1603 2811 1735 2877 sed,
1772 2811 2065 2883 Digitorum

474 2903 718 2956 tuorum?
743 2902 969 2956 Minima:
1007 2902 1329 2971 operationis
1372 2918 1503 2972 opus
1532 2903 1818 2958 ostendens
1854 2919 1914 2958 ca
1946 2920 2064 2975 quae

476 2995 755 3059 videntur,
810 3003 863 3048 et
912 2992 1223 3047 admirabile
1266 2992 1556 3063 opificium,
1598 2995 1741 3064 quod
1791 3008 2065 3064 suspensa:

475 3085 642 3141 stellm
665 3102 769 3140 non
789 3085 982 3140 cadant
1004 3103 1020 3142 :
1047 3085 1147 3140 etsi
1173 3093 1359 3140 natura
1382 3084 1846 3141 fundamentorum
1864 3086 2060 3155 exigat,

477 3185 535 3231 ut
561 3175 787 3242 inferne,
820 3189 925 3230 non
951 3189 1185 3244 superne
1204 3175 1469 3244 jaciantur
1493 3193 1505 3229 :
1537 3174 1630 3229 scd
1658 3175 1893 3244 optimus
1920 3177 2064 3230 Arti-

476 3268 584 3332 fex,
617 3268 705 3337 qui
730 3267 854 3321 facit
881 3266 1213 3321 admirabilia
1233 3307 1248 3333 ,
1280 3267 1334 3320 in
1362 3266 1443 3320 his
1471 3282 1591 3335 qua:
1629 3276 1886 3335 apparent
1912 3268 2061 3337 plura

478 3359 600 3413 fecit
625 3374 787 3428 supra
814 3367 1017 3412 uatum
1041 3357 1502 3427 consequentiam.
1541 3358 1604 3411 Et
1629 3373 1792 3428 quare
1824 3359 1950 3412 nilnl
1977 3358 2061 3411 di-

474 3451 547 3504 cit
571 3449 639 3505 de
667 3450 1016 3519 potestatibus
1039 3450 1382 3518 incorporeis,
1418 3458 1473 3503 ut
1499 3450 1622 3504 inde
1644 3466 1855 3521 quoque
1882 3461 2063 3506 osten-

474 3541 563 3594 dat
599 3540 715 3610 ejus
745 3540 1112 3595 creationem?
1138 3539 1290 3607 Quod
1339 3539 1588 3594 nimirum
1631 3545 1732 3596 hoc
1769 3542 1979 3596 interim
2011 3542 2060 3596 ei

476 3634 527 3687 in
556 3633 830 3702 preposito
859 3632 1034 3698 fuerit,
1062 3642 1121 3685 ut
1147 3632 1244 3701 ipsi
1274 3631 1544 3686 discerent
1573 3633 1640 3687 de
1668 3633 1730 3688 iis
1752 3649 1873 3703 quas
1900 3648 2063 3703 appa-

474 3726 684 3780 rebant.
712 3726 778 3780 Et
820 3735 1096 3796 propterea
1127 3725 1242 3795 ejus
1273 3738 1485 3796 quoque
1520 3725 1675 3780 Pater
1702 3742 1825 3781 cum
1866 3741 2063 3798 susque

472 3819 646 3886 deque
684 3832 806 3873 cum
851 3816 1049 3873 iudicis
1088 3817 1414 3888 loqueretur,
1454 3834 1558 3873 non
1588 3818 1754 3873 dicit:
1801 3820 1910 3887 ligo
1959 3819 2061 3874 feci

470 3908 692 3979 angelos
719 3918 774 3964 et
802 3908 1091 3963 Cberubim
1116 3924 1131 3974 ;
1163 3887 1281 3975 sed,
1330 3907 1445 3979 Ego
1471 3909 1648 3962 calum
1678 3910 1875 3963 extendi
1902 3926 1922 3965 :
1946 3927 2059 3963 ma-

472 4016 568 4053 nus
592 4016 701 4052 mea
724 4010 909 4054 tetram
934 4001 1186 4068 fundavit,
1212 4000 1389 4055 deat.‘ra
1411 4017 1519 4056 mea
1548 4003 1767 4071 ﬁnuauit
1789 4002 1839 4073 (1
1845 4004 1943 4058 sai.
1966 4004 2055 4058 48.

474 4095 563 4164 15)
593 4112 606 4148 ;
636 4104 691 4148 ει
710 4108 923 4148 omnem
945 4108 1159 4162 semper
1176 4094 1470 4148 orationem
1491 4096 1755 4149 consumit
1776 4097 1826 4150 in
1859 4096 1921 4149 iis
1939 4111 2059 4166 qua:

473 4196 751 4255 apparent,
784 4185 960 4239 omnia
999 4198 1163 4255 agens
1190 4184 1259 4238 ad
1305 4184 1529 4239 salutem
1575 4185 1895 4240 auditorum.
1926 4187 2057 4242 Cum

473 4276 616 4329 enim
649 4282 830 4329 essent
857 4275 1181 4339 crassiores,
1213 4273 1381 4344 magis
1412 4273 1744 4330 ducebantur
1764 4275 1832 4330 ab
1855 4277 1919 4330 iis
1940 4293 2059 4347 qua:

470 4368 740 4436 videntur,
782 4382 942 4438 quam
986 4367 1055 4422 ab
1096 4367 1160 4422 iis
1186 4382 1306 4438 qua:
1347 4367 1446 4422 sub
1473 4368 1644 4422 visum
1692 4383 1797 4423 non
1838 4371 2053 4424 cadunt.

471 4460 761 4531 Propterea
802 4461 997 4516 Paulus
1017 4476 1231 4532 quoque
1271 4476 1484 4530 semper
1518 4461 1820 4531 ingrediens
1846 4473 1902 4517 et
1928 4477 2059 4517 con-

470 4553 689 4608 cionans
713 4595 727 4620 ,
757 4553 903 4607 ducit
931 4553 1208 4608 exordium
1253 4568 1283 4607 a
1309 4564 1553 4607 creatura
1596 4568 1715 4623 qure
1744 4553 1952 4609 videtur
1978 4553 2061 4607 di-

472 4658 637 4699 cens:
668 4644 801 4698 Deus
825 4645 910 4713 qui
932 4645 1045 4715 fecit
1071 4645 1251 4698 calum
1276 4653 1323 4698 et
1348 4654 1534 4699 terram
1560 4655 1607 4699 et
1637 4660 1795 4711 mare,
1814 4656 1860 4698 et
1888 4646 2059 4699 omnia

471 4752 586 4808 qua?
599 4737 650 4790 in
675 4738 745 4791 eis
770 4745 889 4789 sunt
916 4736 1048 4806 (Act.
1075 4737 1161 4791 i7.
1187 4735 1279 4805 24)
1303 4752 1317 4802 ;
1346 4746 1401 4791 et
1419 4752 1448 4791 a
1477 4737 1664 4806 pluviis
1690 4738 1879 4791 annuis
1899 4749 2060 4808 atque

470 4842 500 4881 a
522 4843 717 4897 genere
748 4828 1022 4882 hominum
1050 4842 1268 4897 semper
1295 4828 1442 4884 ducit
1470 4829 1748 4884 exordium
1780 4830 2055 4885 orationis.

472 4920 526 4974 Si
558 4920 701 4973 enim
723 4918 911 4973 dixero
929 4932 1053 4973 eum
1076 4917 1267 4975 fecisse
1289 4918 1600 4978 Cherubin).
1622 4920 1730 4974 duo
1753 4930 1908 4975 erunt
1929 4921 2058 4975 mihi

470 5011 764 5079 probanda,
796 5009 935 5081 quod
960 5009 1067 5065 sint
1089 5009 1376 5065 Cberubim
1395 5051 1411 5076 ,
1441 5019 1499 5066 et
1522 5009 1664 5079 quod
1688 5024 1751 5065 ea
1775 5012 1887 5080 ipse
1913 5010 2062 5066 fece-

470 5105 570 5155 rit:
605 5102 657 5156 in
682 5102 746 5156 iis
773 5108 953 5156 autem
983 5116 1101 5171 qua:
1121 5101 1369 5157 videntur
1391 5115 1554 5171 cogor
1577 5100 1752 5158 solum
1776 5087 2082 5158 ostendere.

470 5208 591 5247 eum
632 5194 722 5249 illa
761 5192 972 5249 fecisse.
1005 5192 1264 5262 Quocirca
1291 5199 1376 5248 est
1409 5195 1574 5249 etiam
1612 5193 1785 5248 oratio
1811 5192 2056 5259 facilior;

544 5292 616 5353 ta)
641 5290 725 5339 Sic
753 5304 884 5353 unus
910 5292 958 5347 (ὁ
978 5290 1031 5353 δὲ
1054 5288 1226 5353 Δανήλ-
1253 5286 1362 5353 cpia
1389 5286 1550 5353 Ern);
1572 5281 1660 5353 alii
1683 5297 1857 5333 omnes
1881 5289 1933 5331 et
1976 5284 2068 5332 Sa-

478 5346 715 5411 v:l.,'tres
744 5346 1086 5414 hebdomadagi
1104 5346 1248 5414 (τρεῖς
1271 5346 1578 5414 sescentum).
1608 5346 1860 5414 Neutrum
1876 5358 2067 5414 sequu-

484 5405 682 5463 tns'est
727 5405 1315 5471 GentiannsHer'vetus,
1358 5405 1447 5459 sed
1507 5405 1699 5471 posuit,
1757 5405 2068 5471 septuaginta

481 5475 808 5524 hebdomadas
832 5479 876 5521 et
898 5470 1175 5522 dimidium.
1208 5467 1401 5531 Omnia,
1428 5477 1485 5521 ut
1505 5467 1737 5528 diximus,
1759 5467 2068 5532 exemplaria

482 5536 815 5590 Chrysostomi
852 5534 1020 5583 Graeca
1055 5535 1240 5582 habent
1284 5534 1407 5596 τρεῖς
1452 5535 1642 5593 ﬁdem,
1674 5545 1791 5596 _uuo
1826 5539 2062 5596 excepto,

482 5597 532 5643 in
572 5609 688 5662 quo_
712 5597 910 5662 tegitur.
952 5600 1051 5662 tres
1077 5606 1268 5662 annos:
1297 5593 1463 5645 utrum
1498 5608 1616 5644 vero
1645 5593 1711 5642 sit
1752 5605 1892 5642 error
1914 5594 2069 5654 Chry-

486 5654 692 5715 sostomi
714 5669 774 5702 au
811 5654 1018 5711 librarii,
1042 5654 1298 5715 quaeritur.

551 5714 620 5777 (ὁ)
642 5713 775 5783 Υυῆ
786 5715 997 5783 parasti,
1018 5713 1103 5783 est
1116 5716 1255 5783 juxta
1275 5715 2067 5783 interpretatignemﬁymmachi;

490 5775 602 5834 vox,
636 5775 895 5838 stabiliisti,
919 5780 1065 5840 juxta
1092 5775 1553 5838 interpretationem
1579 5775 1955 5829 Theodotiouis.

1190 321 1246 373 Ξ.
1291 316 1567 374 ΙΟᾹΝΝΙΕ
1598 312 2062 371 (ιιιιιγευετυλιι

2167 309 2427 367 RCIIIEP.
2468 280 3006 369 coztsritvrtsop.

3646 317 3736 371 H6

2171 428 2329 483 habet
2365 428 2559 498 quippe
2601 428 2802 493 visum,
2852 437 3041 483 testem
3090 440 3277 483 eorum
3322 442 3439 500 qua!
3486 428 3737 485 dicuntur.

2166 519 2324 575 Videt
2370 526 2510 574 enim
2545 520 2756 575 auditor
2792 518 3233 590 magnitudinem,
3279 520 3736 590 pulchritudinem,

2165 628 2319 668 usum
2349 621 2403 668 et
2434 614 2746 681 positionem
2774 655 2788 677 ,
2829 624 3272 681 constantemquc
3307 628 3371 667 ac
3412 629 3740 671 numerosum

2166 719 2403 758 cursum.
2435 704 2489 758 ln
2522 705 2623 758 hoc
2649 705 2825 774 itaque
2853 720 2959 760 uno
2998 687 3246 759 estmihi
3282 705 3513 759 studium
3551 721 3744 775 ponen-

2167 796 2316 862 dum,
2349 807 2406 851 ut
2430 798 2708 852 ostendam
2735 798 2785 851 id
2815 799 2977 851 Deum
3008 798 3199 852 fecisse
3245 799 3311 851 Et
3331 813 3496 867 quare
3519 813 3619 853 non
3642 815 3745 855 me-

2169 888 2320 942 minit
2345 890 2474 943 εοιίε
2495 931 2510 954 ,
2554 889 2647 942 sed
2678 890 2837 954 lunze,
2862 898 2916 942 et
2948 889 3261 943 stellarum?
3289 889 3399 943 lloc
3433 905 3550 942 cum
3578 888 3746 957 dixit,

2170 980 2295 1034 illud
2338 996 2549 1050 quoque
2583 980 2919 1051 signiﬁcavit.
2965 980 3228 1046 Quoniam
3260 980 3402 1033 enim
3447 980 3683 1034 nonnulli
3719 995 3748 1033 a

2170 1072 2264 1126 Dei
2293 1072 2504 1141 epillcio
2530 1084 2738 1126 noctem
2769 1077 3052 1140 separant,
3097 1085 3191 1139 per
3219 1071 3396 1124 lunam
3425 1086 3542 1125 eam
3576 1081 3748 1125 osten-

2169 1161 2279 1227 dit,
2311 1162 2497 1216 diceus
2523 1177 2646 1216 emn
2686 1162 2844 1216 etiam
2879 1161 3037 1229 hujus
3076 1174 3197 1215 esse
3230 1159 3504 1229 ()pilicem.
3538 1160 3650 1215 Non
3672 1169 3751 1214 est

2169 1266 2345 1308 autem
2370 1268 2528 1321 parva
2551 1255 2823 1308 stellarum
2858 1254 3105 1318 varietas,
3140 1263 3194 1307 et
3216 1253 3479 1306 lunarium
3503 1266 3747 1306 cursuum

2169 1344 2573 1402 demonstratio.
2602 1347 2653 1401 5.
2687 1345 2826 1413 Quid
2854 1356 2925 1399 est
2964 1345 3113 1398 homo
3154 1344 3289 1415 quod
3315 1360 3507 1398 menter
3533 1360 3583 1398 es
3613 1345 3748 1412 ejus,

2169 1447 2256 1491 aut
2282 1438 2420 1504 ﬁlius
2463 1437 2679 1492 hominis
2715 1438 2850 1507 quod
2882 1437 3053 1489 uisitus
3095 1452 3208 1489 eum
3230 1435 3256 1489 ?
3300 1434 3483 1499 Alius,
3526 1434 3661 1500 Quid
3686 1444 3753 1487 est

2170 1529 2506 1597 unusquisque
2549 1527 2719 1593 homo,
2765 1526 2899 1598 quod
2943 1527 3051 1596 ejus
3090 1524 3414 1578 recordaris?
3455 1524 3605 1578 Alius
3636 1539 3749 1594 pro,

2183 1618 2365 1673 Visitas
2390 1635 2504 1672 eum
2526 1661 2541 1684 ,
2574 1619 2733 1683 dicit,
2777 1617 3031 1671 Visitabis.
3066 1616 3349 1685 Postquam
3389 1615 3524 1670 dixit
3554 1614 3621 1669 de
3644 1616 3753 1684 opi-

2171 1710 2310 1777 licio,
2344 1719 2399 1766 et
2426 1713 2732 1765 universum
2761 1727 2825 1766 ex
2856 1719 3003 1781 parte
3033 1710 3366 1780 signiﬁcavit,
3400 1710 3587 1764 inserit
3611 1709 3753 1764 dein-

2170 1817 2296 1872 ceps
2343 1818 2645 1859 sermonem
2694 1803 2762 1858 de
2803 1801 3129 1871 providentia
3179 1800 3472 1855 hominum.
3502 1800 3633 1855 Nam
3672 1801 3752 1854 illa

2169 1898 2330 1953 etiam
2354 1938 2370 1962 ,
2398 1912 2517 1967 qua:
2545 1895 2684 1950 dicta
2718 1903 2880 1969 sunt,
2903 1904 3035 1949 sunt.
3049 1903 3263 1962 prepter
3299 1906 3467 1962 genus
3495 1902 3751 1957 nostrum,

2170 1991 2458 2061 quinetiam
2501 2003 2583 2053 ea,
2614 2002 2733 2057 quae
2767 1986 2833 2041 ad
2876 1984 3257 2055 providentiam
3296 1984 3413 2051 ejus
3455 1984 3750 2052 pertinent:

2171 2083 2416 2136 universa
2463 2080 2604 2134 enim
2651 2086 2895 2134 creatura
2942 2086 3161 2147 propter
3204 2076 3493 2130 hominem.
3560 2075 3751 2129 Verum

2169 2175 2311 2228 aliud
2338 2188 2547 2244 quoque
2569 2186 2738 2242 genus
2761 2178 3048 2239 pertractat
3075 2167 3441 2238 providentia,
3473 2177 3525 2221 et
3553 2182 3658 2220 non
3684 2175 3753 2220 te-

2171 2281 2317 2321 mere
2341 2266 2407 2321 de
2430 2266 2511 2319 his
2536 2264 2713 2318 dicere
2739 2262 3067 2333 aggreditur,
3099 2262 3193 2315 sed
3214 2259 3367 2315 valde
3398 2260 3683 2327 prudenter
3704 2265 3753 2312 et

2172 2361 2356 2429 probe,
2386 2374 2479 2428 pro
2505 2366 2615 2411 toto
2638 2357 2767 2410 orbe
2797 2366 3056 2409 terrarum
3095 2368 3258 2423 agens
3290 2351 3512 2422 gratias,
3541 2354 3753 2405 univer-

2170 2464 2286 2504 sum
2333 2463 2637 2503 memorans
2669 2445 2979 2500 beneficium
3001 2485 3017 2510 ,
3047 2452 3097 2499 et
3127 2442 3415 2497 ostendens
3442 2440 3751 2511 magnitudi-

2170 2556 2291 2596 nem
2328 2543 2442 2610 ejus
2475 2540 2889 2608 dispensationis
2916 2538 2968 2591 in
3015 2537 3308 2590 hominem.
3348 2534 3402 2590 Si
3444 2536 3589 2589 enim
3630 2533 3752 2588 nihil

2169 2642 2286 2689 erat
2312 2643 2487 2697 antea,
2512 2633 2679 2686 multo
2701 2631 2868 2700 magis
2889 2627 3101 2700 quando
3126 2627 3372 2682 Christus
3392 2628 3621 2683 accessit
3644 2635 3753 2697 post

2171 2734 2247 2780 ιοι
2269 2734 2325 2779 ει
2346 2733 2486 2779 tanta
2511 2731 2742 2793 peccata.
2776 2721 2840 2775 Et
2862 2719 3095 2774 ostendit
3118 2718 3316 2774 Christi
3343 2718 3631 2773 adventum
3654 2733 3753 2772 non

2168 2832 2199 2871 a
2228 2816 2382 2871 venia
2407 2816 2637 2870 alienum
2678 2812 2860 2879 fuisse,
2892 2813 2998 2866 imo
3026 2827 3054 2864 a
3084 2825 3290 2864 summa
3315 2809 3615 2880 profectum
3642 2823 3754 2865 esse

2166 2906 2472 2965 clementia.
2510 2903 2642 2959 Nam
2676 2913 2943 2973 tamquam
2976 2902 3208 2971 optimus
3251 2902 3442 2970 aliquis
3479 2900 3753 2967 medicus,

2166 3002 2312 3056 sanis
2340 2998 2560 3062 relictis,
2591 2999 2735 3050 venit
2755 2995 2819 3048 ad
2850 3008 2979 3060 nos,
3008 2994 3099 3065 qui
3125 2993 3315 3048 morbo
3342 2993 3714 3048 laborabamus
3736 3034 3752 3058 ,

2166 3094 2254 3164 qui
2282 3093 2411 3147 nihil
2437 3102 2674 3147 eramus.
2708 3087 2819 3142 Hoc
2845 3102 2974 3157 ergo
3002 3086 3312 3150 ostendens,
3342 3085 3589 3141 dicebat:
3627 3085 3756 3154 Quid

2166 3194 2236 3240 est
2254 3186 2402 3238 homo
2421 3184 2448 3238 1
2478 3198 2573 3253 pro
2601 3195 2669 3239 eo
2687 3178 2829 3249 quod
2850 3190 2952 3245 est,
2977 3176 3114 3231 Nihil
3139 3187 3241 3245 est,
3269 3176 3501 3247 estquid
3528 3178 3655 3232 vile.
3679 3175 3755 3231 Ad

2168 3287 2367 3332 tantam
2392 3276 2534 3338 enim
2572 3272 2865 3345 respiciens
2900 3270 2993 3324 Dei
3023 3284 3203 3324 curam
3243 3278 3298 3323 et
3322 3268 3715 3339 providentiam
3738 3310 3752 3331 ,

2165 3377 2221 3423 et
2247 3368 2314 3423 ad
2347 3383 2408 3422 ea
2435 3383 2554 3437 quae
2590 3366 2712 3421 fecit
2741 3380 2838 3434 pro
2865 3361 3037 3420 salute
3064 3360 3368 3425 hominum,
3400 3359 3554 3413 valde.
3582 3367 3756 3429 stupet

2164 3470 2220 3515 et
2270 3459 2582 3521 admiratur,
2622 3471 2716 3511 cur
2750 3472 2871 3511 cum
2925 3462 3068 3511 tanta
3101 3452 3170 3505 sit
3212 3450 3541 3521 providentia
3572 3451 3757 3520 digna-

2168 3561 2270 3605 tus.
2294 3549 2477 3619 Cogita
2504 3549 2645 3603 enim
2667 3589 2680 3613 ,
2711 3556 2928 3619 propter
2962 3547 3138 3617 ipsum
3168 3556 3288 3596 esse
3316 3533 3494 3596 omnia
3530 3556 3655 3611 qua:
3681 3540 3756 3594 vi-

2164 3641 2374 3696 dentur.
2405 3641 2630 3709 Propter
2657 3641 2860 3708 ipsum,
2891 3654 3009 3708 qu.e
3037 3638 3105 3692 ab
3134 3634 3305 3691 Adam
3338 3647 3507 3703 usque
3544 3632 3615 3687 ad
3639 3631 3755 3702 ejus

2163 3732 2445 3787 adventum
2484 3732 2787 3799 dispensata
2834 3739 2888 3785 et
2928 3729 3296 3783 administrata
3342 3733 3503 3791 sunt;
3536 3732 3755 3794 propter

2165 3825 2361 3895 ipsum,
2391 3824 2666 3894 paradisus
2703 3832 2760 3878 ει
2803 3832 3091 3892 praecepta,
3139 3835 3313 3890 paenae
3360 3830 3415 3874 ct
3453 3816 3711 3873 miracula
3734 3835 3771 3883 ,'

2164 3917 2528 3988 suppliciaque
2556 3925 2611 3972 et
2640 3915 2896 3973 beneficia
2942 3925 3062 3985 post
3099 3914 3306 3984 legem;
3338 3922 3554 3982 propter
3581 3910 3753 3981 ipsum

2166 4009 2259 4064 Dei
2288 4009 2452 4062 Filius
2490 4007 2652 4062 homo
2678 4006 2849 4061 factus
2888 4013 2990 4061 est.
3030 4004 3160 4059 Nam
3198 4004 3323 4075 quid
3352 4004 3542 4058 attinet
3570 4002 3752 4057 dicere

2165 4098 2385 4154 futura?
2421 4098 2547 4153 Haec
2578 4112 2708 4168 ergo
2744 4098 2922 4152 omnia
2952 4104 3220 4167 reputans,
3262 4095 3429 4150 dicit:
3462 4093 3602 4160 Quid
3645 4080 3753 4147 tam

2163 4205 2413 4259 magnum
2443 4198 2526 4244 est
2566 4188 2765 4257 homo,
2797 4188 2939 4261 quod
2982 4197 3059 4243 tot
3087 4197 3141 4243 et
3167 4188 3328 4242 tantis
3361 4185 3516 4241 bonis
3558 4186 3750 4257 dignus

2161 4278 2321 4336 fuerit
2349 4279 2598 4335 habitus?

2233 4375 2286 4428 7.
2302 4372 2357 4429 Si
2379 4373 2497 4444 quis
2521 4373 2661 4429 enim
2677 4373 3094 4430 cnnsideraverit
3113 4381 3240 4443 quot
3253 4381 3307 4428 et
3323 4381 3515 4443 quanta
3534 4379 3752 4443 propter

2163 4465 2336 4537 ipsum
2365 4464 2499 4520 facta
2527 4474 2649 4519 sunt
2674 4476 2728 4520 ει
2763 4466 2920 4529 ﬁant,
2948 4475 3002 4520 et
3029 4474 3223 4534 quanta
3254 4464 3323 4518 sit
3350 4474 3530 4532 postea
3558 4476 3751 4531 perce-

2160 4566 2368 4626 pturus,
2398 4557 2565 4611 multo
2585 4556 2804 4611 horrore
2831 4556 3150 4626 implebitur,
3176 4566 3230 4610 et
3247 4564 3371 4609 tunc
3386 4556 3528 4610 clare
3549 4552 3751 4608 videbit

2161 4656 2373 4718 quantae
2386 4662 2530 4701 cura:
2554 4646 2660 4701 Deo
2686 4646 2751 4701 sit
2776 4646 2877 4701 hoc
2901 4646 3114 4701 animal.
3136 4645 3189 4700 6.
3207 4644 3435 4699 Minuisti
3456 4660 3569 4697 eum
3594 4643 3749 4715 paulo

2163 4741 2326 4794 minus
2368 4741 2431 4793 ab
2477 4740 2690 4810 angelis.
2738 4738 2911 4802 Alius,
2950 4737 3118 4792 Paulo
3156 4738 3322 4791 minus
3346 4754 3379 4791 α
3404 4735 3531 4790 Deo.
3575 4735 3746 4799 Alius,

2167 4830 2445 4885 Paululum
2465 4831 2705 4902 quiddam
2725 4847 2757 4883 a
2779 4829 2904 4885 Deo.
2935 4830 3189 4884 Hebrteus
3211 4836 3411 4893 autem,
3434 4818 3751 4882 Outliast‘eou

2163 4931 2267 4976 mat
2292 4938 2369 4976 me
2397 4922 2565 4976 claim.
2593 4920 2690 4976 Hic
2717 4920 2958 4976 meminit
2976 4919 3453 4984 condemnationis,
3476 4925 3533 4973 et
3554 4917 3751 4973 veteris

2164 5012 2388 5082 peccati,
2413 5022 2638 5067 mortem
2665 5012 2717 5066 in
2747 5013 2978 5067 medium
3000 5011 3286 5065 adducens.
3314 5011 3378 5064 At
3400 5025 3517 5064 eam
3539 5023 3753 5080 quoque

2162 5101 2318 5157 solvit
2343 5143 2357 5168 ,
2385 5118 2505 5158 cum
2535 5102 2763 5158 venisset
2797 5102 3127 5173 Unigenitus.
3176 5100 3353 5156 Gloria
3373 5110 3419 5154 et
3448 5102 3639 5154 honore
3667 5115 3749 5153 cm

2160 5195 2352 5248 ronusti
2375 5211 2507 5249 eum.
2540 5194 2712 5258 Alius,
2740 5193 2917 5248 Gloria
2936 5205 2982 5247 et
3004 5194 3251 5265 dignitate
3278 5192 3539 5247 coronabis
3562 5192 3747 5263 ipsum.

2152 5265 2313 5341 Licet
2341 5284 2554 5355 quidem
2582 5284 2698 5339 lucc
2720 5294 2774 5340 ct
2805 5284 3084 5350 historice,
3120 5285 3240 5339 licet
3267 5293 3323 5338 et
3349 5283 3637 5354 anagogice
3664 5296 3743 5336 ao-

2163 5378 2362 5447 cipcre.
2393 5377 2529 5431 Dicit
2554 5376 2695 5431 enim
2725 5384 2780 5431 et
2807 5376 2922 5447 ejns
2952 5376 3254 5445 imperium,
3279 5375 3422 5446 quod
3450 5376 3499 5431 ei
3524 5389 3647 5429 cum
3675 5372 3752 5431 fa—

2162 5481 2283 5526 ctus
2317 5477 2428 5535 est,
2464 5469 2715 5524 traditum
2747 5478 2861 5534 est;
2903 5469 3033 5523 dicit
3056 5469 3218 5523 etiam
3246 5484 3367 5539 quae
3394 5468 3531 5522 bona
3558 5480 3752 5522 consc-

2162 5570 2357 5632 quutus
2384 5560 2455 5614 sit
2481 5569 2601 5630 post
2622 5559 2912 5616 adventum
2949 5560 3164 5615 Christi.
3214 5560 3271 5614 In
3313 5559 3571 5630 principio
3604 5556 3750 5613 enim

2161 5652 2364 5708 audivit
2422 5651 2628 5707 Tremor
2645 5662 2694 5707 et
2723 5663 2882 5707 metus
2903 5653 3051 5707 vestri
3069 5652 3163 5706 erit
3191 5668 3345 5721 super
3372 5667 3541 5706 omnes
3570 5648 3753 5703 bestias

2166 5758 2312 5805 terra:
2337 5743 2489 5819 (Ceu.
2518 5745 2570 5802 9.
2598 5745 2688 5816 9.);
2718 5754 2788 5813 et,
2815 5746 3071 5817 Imperant
3096 5744 3313 5817 piscibus
3339 5744 3493 5800 maris
3520 5739 3671 5816 (Gen.
3695 5740 3750 5796 1.
