4030 6390
552 347 650 404 ΗἹ

546 467 761 535 τρόπος
790 464 952 534 ὑμῶν
984 465 1082 519 καί
1113 468 1144 518 o’
1173 466 1355 533 φόϐος
1392 464 1557 535 ὑμῶν
1577 466 1676 520 ἐπὶ
1705 465 1901 520 πάντα
1926 463 1998 517 τὰ
2019 464 2126 527 θη-

543 552 643 618 pla
687 547 799 615 τῆς
840 547 974 618 γῆς.
1014 550 1144 610 Καὶ,
1188 548 1553 617 Ἀρχέτωσαν
1583 550 1704 605 τῶν
1754 551 1973 618 ἰχθύων
2019 544 2128 612 τῆς

550 633 886 702 θαλάσσης.
919 632 1073 687 Μετά
1098 632 1155 686 δὲ
1179 632 1383 686 ταῦτα’
1423 634 1669 688 [largita
1701 633 1901 687 ἐπάνω
1932 630 2127 699 ὄφεων

548 716 644 769 καί
677 717 1002 784 σκορπίων.
1039 716 1200 770 Ἀλλά
1232 716 1404 771 ταῦτα
1432 719 1610 786 ἀφεὶς,
1641 719 1750 771 ἀπὸ
1788 717 1898 771 τῶν
1934 732 2126 771 ταπει-

551 799 782 871 νοτέρων
808 800 1023 869 ὑφαίνει
1056 801 1148 854 τὸν
1181 800 1359 869 λόγον,
1391 803 1574 854 ἐκεῖνα
1611 801 1836 854 συνιδεῖν
1865 798 2128 867 καταλιμ-

551 883 734 936 πάνων
760 886 871 948 τοῖς
900 883 1155 956 ὀξύτερον
1180 884 1500 956 δυναμένοις
1520 887 1677 958 δρᾷν.
1708 887 1771 939 Ἦ
1813 886 1918 957 γάρ
1940 884 2065 949 δόξα
2089 886 2123 952 ἡ

550 966 750 1037 μείζων
777 970 870 1021 καὶ
902 969 936 1038 ἡ
965 969 1123 1039 τιμὴ,
1146 968 1216 1022 τὰ
1240 970 1333 1022 ἐπὶ
1362 970 1462 1040 τῆς
1495 969 1705 1037 Καινῆς
1727 969 2004 1038 Διαθήκης
2029 982 2125 1032 γεο

546 1050 771 1120 νόμενα,
805 1052 934 1104 ὅταν
970 1053 1212 1121 κεφαλὴν
1246 1052 1345 1125 ἔχῃ
1370 1054 1459 1106 τὸν
1498 1053 1752 1125 Χριστὸν,
1791 1054 1919 1105 ὅταν
1952 1053 2033 1114 εἰς
2065 1049 2127 1102 τὸ

547 1131 708 1204 σῶμα
737 1133 903 1188 αὐτοῦ
940 1134 1101 1207 τελῇ,
1130 1136 1256 1189 ὅταν
1299 1137 1524 1205 ἀδελφὸς
1559 1139 1653 1191 καὶ
1686 1136 2127 1207 συγκληρονόμος

544 1215 772 1286 γένηται
812 1218 905 1270 καὶ
950 1216 1274 1289 σύμμορφος
1314 1220 1405 1272 τοῦ
1460 1220 1711 1290 σώματος
1759 1218 1949 1279 αὐτοῦ,
1999 1218 2127 1270 ὅταν

549 1297 772 1367 μείζονα
802 1300 1082 1364 Μωῡσέως
1125 1302 1375 1373 λαμϐάνῃ
1405 1302 1584 1367 δόξαν,
1628 1303 1818 1372 ὥσπερ
1856 1304 1885 1355 ό
1918 1299 2129 1361 Παῦλος

547 1380 806 1451 ἐδήλωσε,
828 1381 1041 1447 δεικνὺς
1074 1385 1155 1438 ὅτι
1202 1385 1263 1438 οὐ
1296 1385 1547 1457 καθάπερ
1577 1386 1815 1453 Μωὺσῆς
1845 1384 2008 1438 ἐτίθει
2038 1382 2131 1436 κάη

547 1463 757 1535 λυμμα,
790 1465 925 1520 ἀλλά
955 1469 1155 1533 πάντες
1188 1470 1697 1541 ἀνακεκαλυμμένῳ
1726 1468 2005 1540 προσώπῳ
2029 1466 2129 1536 τὴν

545 1547 705 1614 δόξαν
742 1549 837 1603 τοῦ
870 1550 1004 1606 Θεοῦ
1039 1552 1537 1625 κατοπτριζόμεθα.
1571 1555 1663 1607 Διὸ
1692 1554 1783 1607 καὶ
1820 1552 2000 1620 λέγει·
2045 1551 2128 1604 Οὐ

547 1630 658 1700 γὰρ
681 1632 1039 1698 δεδόξασται
1060 1637 1126 1689 τὸ
1152 1636 1600 1706 δεδοξασμένον
1621 1637 1691 1690 ἐν
1715 1638 1905 1703 τούτῳ
1929 1633 2007 1700 τῷ
2025 1632 2131 1703 μέν

542 1730 655 1783 ρει,
684 1714 892 1770 ἕνεκεν
920 1716 1029 1786 τῆς
1052 1719 1558 1789 ὑπερϐαλλούσης
1583 1720 1787 1786 δόξης.
1802 1718 2019 1788 Ταύτην
2037 1711 2130 1772 οὖν

549 1813 713 1866 φησιν
744 1799 1080 1872 ὖΠροφήτης
1106 1801 1203 1873 τὴν
1230 1802 1389 1867 δόξαν
1417 1803 1559 1856 κατά
1588 1804 1903 1873 ἀναγωγήν.
1928 1802 1993 1854 Τί
2021 1800 2130 1870 γὰρ

547 1880 754 1954 ταύτης
785 1883 918 1947 ἴσον,
962 1885 1089 1938 ὅταν
1125 1886 1542 1958 συγχορεύωμεν
1585 1887 1859 1956 ἀγγέλοις,
1893 1887 2023 1939 ὅταν
2049 1887 2130 1950 εἰς

551 1965 826 2019 υἱοθεσίαν
850 1966 1137 2039 ἀγώμεθα,
1175 1971 1304 2029 ὅταν
1339 1973 1475 2043 μηδὲ
1507 1971 1604 2025 τοῦ
1630 1970 1965 2041 Μονογενοῦς
1990 1969 2130 2041 ὑπὲρ

550 2049 707 2119 ημῶν
731 2051 1014 2124 φείδηται;
1045 2053 1213 2116 Ποίας
1243 2055 1581 2126 ἀλουργίδος,
1614 2056 1771 2110 ποίου
1800 2055 2131 2126 διαδήματος

548 2131 721 2187 ταῦτα
764 2135 827 2188 οὐ
861 2135 1238 2210 λαμπρότερα,
1277 2139 1407 2193 ὅταν
1448 2139 1678 2194 θανάτου
1717 2138 2131 2207 καταγελῶμεν,

547 2218 676 2272 ὅταν
718 2219 856 2290 πρὸς
897 2222 998 2291 τὴν
1044 2220 1154 2276 τῶν
1205 2223 1517 2294 ἀσωμάτων
1548 2223 1830 2295 δυνάμεων
1863 2222 2133 2283 ἀπάθειαν

550 2300 1032 2373 μεθορμιζώμεθα,
1060 2306 1112 2358 οἰ
1140 2307 1480 2379 ἠτιμωμένοι
1511 2307 1620 2378 πρὸ
1649 2307 1861 2373 τούτου,
1892 2307 1987 2365 καὶ
2014 2306 2133 2360 ἀδο-

550 2383 652 2449 ξοι,
676 2386 773 2441 καὶ
793 2384 1074 2457 βδελυροί;
1112 2388 1171 2441 '0
1199 2389 1371 2460 Ἀδάμ
1398 2388 1523 2443 οὔτε
1554 2391 1724 2445 κακόν
1745 2408 1820 2455 τι,
1847 2389 1971 2445 οὔτε
1995 2390 2134 2459 ἀγα-

549 2467 641 2521 θὸν
684 2468 1083 2541 ἐργασάμενος,
1117 2472 1354 2543 ἐτιμήθη
1401 2474 1606 2538 εὐθέως
1652 2475 1961 2545 γενόμενος.
2009 2474 2134 2536 Πῶς

549 2551 659 2622 γὰρ
685 2551 753 2605 ἀν
788 2554 1083 2624 εἰργάσατο
1109 2559 1140 2609 ό
1176 2556 1251 2627 μὴ
1283 2556 1392 2622 ὡν;
1436 2559 1629 2629 Ἡμεῖς
1655 2560 1713 2612 δέ
1761 2560 1931 2631 μυρία
1967 2560 2135 2633 ἐργα-

551 2635 775 2706 σάμενοι
805 2636 986 2705 δεινά,
1018 2638 1198 2710 πολλῷ
1233 2640 1474 2704 πλείονος
1511 2641 1899 2712 ἀπελαύσαμεν
1941 2641 2130 2713 τιμῆς.

553 2718 781 2785 Οὐκέτι,
820 2722 978 2793 φησὶ,
1013 2722 1169 2793 λέγω
1192 2723 1349 2795 ὑμᾶς
1373 2726 1665 2795 Mli/1004"
1696 2728 1865 2797 ὑμεῖς
1901 2726 2013 2797 γὰρ
2040 2728 2136 2797 $0“

548 2804 645 2856 λοι
672 2820 792 2872 μου
835 2804 998 2861 ἐστέ.
1026 2807 1223 2863 Οὐκέτι
1265 2809 1411 2879 ἡμᾶς
1445 2810 1863 2881 ἐπαισχύνονται
1890 2810 2131 2880 ἄγγελοι,

548 2885 686 2940 ἀλλὰ
730 2888 825 2942 καὶ
852 2888 1158 2945 διακονοῦσι
1206 2891 1343 2965 πρὸς
1377 2892 1474 2964 τὴν
1502 2894 1778 2965 ἡμετέραν
1836 2895 2130 2967 σωτηρίαν.

553 2970 663 3023 Καὶ
693 2970 801 3043 γάρ
830 2973 967 3045 πρὸς
993 2974 1261 3028 Φίλιππον
1282 2971 1444 3047 ἦλθεν
1466 2977 1716 3046 ἄγγελος,
1740 2978 1993 3050 καὶπρὸς
2026 2979 2136 3032 ἑτέ·

526 3060 682 3126 ’ρους
706 3056 965 3122 πολλοῦς·
992 3060 1086 3113 καὶ
1111 3060 1529 3132 εὐηγγελίζοντο
1557 3061 1886 3134 ἀνθρώποις.
1907 3064 2020 3117 Οὐκ
2043 3063 2136 3116 ἐπὶ

550 3140 654 3211 γῆς
673 3139 733 3195 δέ
752 3141 1101 3213 κληρονόμοι,
1127 3143 1265 3197 άλλά
1296 3146 1545 3199 κοινωνοί¹
1577 3145 1685 3200 τῶν
1713 3147 1980 3217 οὐρανίων
1999 3147 2137 3216 ἀγα⁹

555 3223 665 3277 θῶν
699 3225 889 3295 ἐσμεν,
918 3227 1013 3281 καὶ
1053 3228 1271 3299 μέτοχοι
1300 3228 1396 3283 τοῦ
1418 3230 1678 3301 Χριστοῦ,
1711 3233 1806 3286 καὶ
1832 3232 1914 3293 εἰς
1945 3248 2136 3289 κοινω-

556 3305 677 3360 νίαν
709 3306 1024 3379 καλούμεθα
1055 3310 1151 3364 τοῦ
1207 3312 1566 3380 Μονογενοῦς.
1600 3311 1789 3367 Ταῦτα
1835 3310 2007 3368 πάντα
2048 3314 2136 3367 διά

555 3388 655 3459 τῆς
692 3388 853 3461 δόξης
883 3392 979 3445 καὶ¹
1016 3394 1116 3464 τῆς
1150 3394 1317 3465 τιμῆς
1348 3397 1665 3451 αἰνίττεται.
1703 3396 1794 3450 Διὸ
1821 3402 1916 3449 καὶ
1958 3396 2135 3465 ἔλεγε,

555 3471 713 3543 Δόξῃ
742 3473 839 3529 καί
878 3473 1016 3545 τιμῇ
1055 3475 1302 3546 στέψεις
1331 3479 1541 3542 αὑτὸν,
1584 3480 1644 3533 τὸ
1685 3480 1873 3550 μέλλον
1899 3497 2137 3551 προανα-

557 3556 770 3623 φωνῶν.
786 3556 898 3612 Καὶ
922 3558 1304 3629 κατέστησας
1324 3562 1511 3617 αὐτὸν
1521 3563 1619 3621 ἐπὶ
1634 3562 1707 3616 τὰ
1719 3563 1865 3632 ἔργα
1881 3563 1998 3616 τῶν
2015 3580 2137 3633 χει-

548 3638 680 3708 ρῶν
699 3642 1060 3707 σου.Ἀλλος,
1079 3644 1475 3711 Ὲξουσιάζειν
1489 3648 1785 3715 ἐποίησας
1810 3648 1998 3703 αὐτὸν
2021 3649 2139 3705 τῶν

555 3723 746 3794 ἔργων
786 3725 906 3780 τῶν
957 3727 1175 3797 χειρῶν
1215 3743 1354 3786 σου.
1398 3729 1604 3787 Πάντα
1639 3731 1945 3798 ὑπέταξας
1987 3735 2137 3787 ὑπο-

558 3805 717 3863 κάτω
746 3808 865 3863 τῶν
894 3810 1096 3866 ποδῶν
1121 3813 1331 3868 αὐτοῦ.
1364 3816 1634 3884 Πρόϐατα
1669 3814 1766 3875 καί
1801 3816 1959 3881 ,βόας
1984 3815 2139 3873 ἀπά-

556 3905 695 3957 σας,
720 3892 807 3946 ἔτι
836 3891 905 3946 δὲ
929 3894 1030 3948 καί
1064 3895 1138 3949 τὰ
1168 3896 1357 3965 κτήνη
1394 3897 1502 3952 τοῦ
1534 3899 1767 3953 πεδίου.
1801 3900 2013 3963 Ἄλλος,
2063 3899 2141 3955 Τὰ

556 3971 732 4041 ἄγρια
748 3986 797 4027 ι.
837 3974 913 4030 Τὰ
941 3980 1184 4032 πετεινὰ
1207 3979 1317 4034 τοῦ
1336 3982 1617 4049 οὐρανοῦ,
1642 3983 1741 4037 καὶ
1763 3983 1907 4049 τοὺς
1930 3985 2139 4053 ίχθύας

559 4054 669 4124 τῆς
694 4057 1033 4128 θαλάσσης,
1057 4060 1130 4121 τὰ
1150 4061 1619 4133 διαπορευόμενα
1647 4067 1886 4134 τρίϐους
1912 4069 2141 4122 θαλασ-

560 4137 707 4193 σῶν.
728 4141 907 4209 Κύριε
933 4146 968 4196 ό
994 4145 1209 4213 Κύριος
1233 4146 1422 4215 ἡμῶν,
1444 4147 1524 4213 ὡς
1547 4148 1893 4217 θαυμαστὸν
1911 4149 1979 4207 τὸ
2009 4150 2141 4203 ὄνοι-

553 4221 642 4305 μά
677 4240 795 4278 σου
837 4225 908 4279 ἐν
935 4228 1105 4298 πάσῃ
1133 4228 1209 4298 τῇ
1235 4228 1334 4298 τῇ.
1381 4230 1590 4303 Ὠσπερ
1624 4233 1752 4303 περὶ
1782 4232 2140 4305 δημιουργίας

562 4304 677 4379 [89]
705 4307 1115 4381 διαλεγόμενος,
1162 4314 1221 4365 οὐ
1257 4313 1367 4367 τῶν
1411 4314 1523 4369 ἀνω
1574 4314 1854 4385 δυνάμεων
1908 4304 2139 4371 ἅπτεται

564 4392 745 4460 μόνον,
774 4394 909 4449 ἀλλά
945 4397 1040 4455 καὶ
1077 4398 1169 4451 ἐπὶ
1193 4398 1264 4457 τά
1296 4396 1532 4470 αἰσθητά
1569 4401 1797 4468 κατάγει
1829 4401 1920 4455 τὸν
1946 4401 2103 4470 λόγον
2122 4418 2136 4433 ·

560 4475 702 4531 οὕτω
722 4479 817 4533 καὶ
848 4480 977 4551 περὶ
1005 4480 1173 4552 τιμῆς
1195 4484 1295 4551 τῆς
1319 4484 1400 4546 εἰς
1424 4483 1744 4555 ἀνθρώπους
1766 4486 2141 4557 γεγενημένης

561 4561 849 4627 διδάσκων,
877 4564 1223 4637 αἰνιξάμενος
1253 4568 1439 4620 ἐκεῖνα
1457 4566 1526 4620 τά
1552 4568 1841 4640 ἀπόρρητα
1874 4572 1968 4624 καὶ
1995 4570 2140 4623 ἀσώ-

567 4662 733 4715 ματα,
771 4648 915 4718 ἀπιρ
941 4650 1319 4721 ἀπηρίθμησε,
1363 4650 1460 4705 νῦν
1500 4656 1612 4717 τοῖς
1650 4653 1932 4724 αἰσθητοῖς
1960 4655 2140 4709 ἐνδια-

563 4729 739 4801 τρίϐει
783 4730 964 4795 πλέον,
1004 4732 1149 4804 άπερ
1188 4734 1497 4805 σαφέστερα
1529 4734 1750 4788 ἐκείνων
1782 4732 1849 4807 ἦν
1884 4740 1998 4801 τοῖς
2037 4755 2142 4793 πα-

564 4813 831 4885 χυτέροις.
867 4814 1001 4867 Τίνα
1030 4815 1087 4869 δὲ
1114 4815 1289 4871 ταῦτα
1308 4813 1378 4888 ἦν
1402 4834 1417 4881 ;
1454 4818 1521 4869 Ἦ
1544 4818 1688 4889 ἀρχὴ
1717 4821 1750 4891 ἠ
1774 4821 2012 4889 ἐπίγειος
2042 4824 2139 4876 αὐ-

564 4897 642 4968 τῷ
673 4897 910 4955 δοθεῖσα.
2071 4937 2076 4942 ε

633 4982 745 5039 Καὶ
777 4981 840 5035 τὸ
864 4980 927 5052 δὴ
968 4981 1299 5054 θαυμαστὸν,
1330 4984 1424 5038 καὶ
1452 4984 1482 5037 δ
1521 4984 1755 5055 μάλιστα
1780 4986 2020 5058 ᾐνίξατο,
2058 4988 2140 5041 δτι

562 5064 862 5137 τιμηθέντα
910 5065 1075 5127 αὐτὸν
1118 5068 1223 5139 πρὸ
1268 5068 1366 5137 τῆς
1404 5068 1803 5137 παραϐάσεως,
1849 5070 1970 5124 οὐδέ
2004 5073 2142 5141 μετά

560 5149 660 5229 τὴν
695 5150 969 5222 ἁμαρτίαν
994 5149 1216 5219 ἐξέϐαλε
1250 5151 1351 5227 τῆς
1380 5153 1567 5225 τιμῆς.
1603 5152 1973 5221 Ἠλάττωσιις
2009 5155 2139 5227 γὰρ.

504 5240 509 5253 ’
563 5234 750 5302 φησὶν,
779 5235 1176 5306 αὺτὸν-,βραχύ
1193 5254 1247 5292 τι
1262 5239 1398 5306 παρ’
1423 5235 1736 5307 ἀγγέλους,
1761 5237 2029 5303 τουτέστι,
2046 5243 2149 5297 Θα-

564 5315 710 5385 νάτῳ
734 5318 1099 5389 κατεδίκασας
1120 5320 1438 5394 ἁμαρτόντα
1459 5336 1472 5350 ·
1497 5321 1560 5373 οὐ
1584 5319 1692 5392 μὴν
1717 5320 1905 5389 ἐπειδὴ
1926 5319 2143 5391 θανάτῳ

524 5408 537 5421 ⁶
566 5399 952 5467 κατεδίκασας,
982 5403 1308 5474 ἐγύμνωσας
1344 5401 1507 5457 αὐτὸν
1536 5404 1635 5473 τῆς
1660 5403 1887 5475 δωρεᾶς.
1925 5404 2028 5461 Διά
2059 5421 2143 5458 τοι

630 5580 659 5609 ³
683 5581 740 5629 ιιι
778 5579 1015 5644 ῌοιιιριὶε
1054 5583 1234 5644 nostris
1270 5581 1428 5639 ἄλλος,
1454 5582 1526 5631 Τὰ
1560 5582 1711 5638 κτήνη
1734 5581 1795 5630 τὰ
1833 5582 1987 5644 ἄγρια.
2013 5579 2141 5631 Illud

568 5638 739 5706 ἱμσυβ
750 5640 810 5693 τὰ
830 5638 971 5706 ἀγρία
997 5649 1079 5691 est
1116 5638 1581 5706 adjectivumgquqd
1606 5655 1717 5691 cum
1742 5655 1840 5691 non
1855 5638 2145 5706 adverteret

569 5700 839 5764 Gemisan
864 5700 1130 5760 Henetus,
1158 5700 1287 5764 feras
1322 5700 1489 5751 vet-tif.
1534 5704 1672 5753 llanc
1705 5717 1850 5764 porro
1875 5705 2139 5754 lectionem

570 5761 843 5821 Symmachi
886 5776 998 5817 esse
1020 5764 1073 5817 in
1088 5761 1307 5825 ma'rgine
1328 5770 1521 5813 notatur
1541 5767 1587 5813 in
1611 5761 1773 5813 editis.

1190 348 1247 403 S.
1286 346 1570 404 JOANNIS
1603 343 2096 405 CHRYSOSTOMI
2133 341 2447 398 ARCIIIEP.
2492 344 3043 401 ϋυινδίΑΝΤιΝΟΡ.
3696 353 3783 410 HR

2232 459 2409 524 τοῦτο,
2442 463 2617 514 ἐκεῖνο
2644 461 2834 526 εἰπὼν,
2860 462 2983 514 τότε
3013 460 3174 516 τοῦτο
3195 461 3399 535 τίθησι,
3426 465 3635 530 δεικνὺς
3660 467 3795 538 ἀφα-

2228 565 2320 601 τον
2342 547 2434 603 τοῦ
2460 549 2593 601 Θεοῦ
2625 550 2722 619 τὴν
2753 547 3181 622 φιλανθρωπίαν,
3201 551 3283 607 ὅτι
3321 553 3416 606 καὶ
3438 552 3796 610 ἐλαττωθέντι

2229 641 2392 693 αὐτὸν
2416 641 2503 694 διὰ
2538 642 2638 712 τὴν
2673 643 2880 696 οἰκείαν
2916 644 3227 715 παράϐασιν
3260 644 3475 715 ἀφῆκεν
3497 648 3794 715 ἐστεφανῶ-

2232 735 2356 788 σθαι
2379 738 2447 807 τῇ
2477 739 2606 807 τιμῇ
2629 737 2729 806 τῆς
2750 736 2928 807 δόξης,
2953 740 3046 791 καὶ
3072 739 3172 808 τῆς
3192 739 3365 810 ἀρχῆς
3388 740 3450 793 οὐ
3480 740 3794 811 παρέλυσεν.

2232 828 2294 882 Εἰ
2328 827 2383 880 δὲ
2419 828 2613 898 μικρόν
2650 845 2704 881 τι
2748 828 2929 896 ὑφεῖλε
2952 869 2966 893 ,
2996 829 3092 882 καὶ
3135 829 3294 882 τοῦτο
3336 830 3439 899 τῆς
3483 831 3798 901 κηδεμονίας

2229 918 2411 971 αὐτοῦ.
2433 918 2546 989 Πρὸ
2574 918 2671 989 μὲν
2698 918 2807 988 γὰρ
2830 921 2928 990 τῆς
2958 920 3265 990 παρακοῆς,
3293 925 3386 972 καὶ
3412 919 3619 990 θηρίων
3638 922 3797 992 ἐκρά-

2229 1025 2337 1060 τει·
2375 1002 2513 1077 μετά
2551 1009 2608 1061 δὲ
2637 1008 2735 1080 τὴν
2780 1010 3061 1081 παρακοήν
3098 1009 3276 1078 ὀλίγον
3320 1010 3384 1081 δὴ
3429 1010 3527 1078 τῆς
3561 1008 3798 1075 ἐξουσίας

2229 1099 2431 1170 ταύτης
2463 1100 2816 1171 ὑπετέμνετο.
2860 1102 3067 1173 Κρατεῖ
3098 1101 3198 1171 μὲν
3226 1102 3336 1173 γάρ
3368 1102 3546 1155 αὐτῶν
3580 1104 3673 1155 καὶ
3708 1102 3797 1156 νῦν

2229 1191 2448 1261 τέχναις
2482 1192 2612 1254 τισὶ,
2648 1194 2785 1263 μετά
2826 1192 2991 1261 φόϐου
3038 1192 3093 1245 δὲ
3131 1193 3226 1246 καὶ
3266 1194 3491 1264 τρόμου.
3521 1193 3659 1247 Οὔτε
3698 1195 3798 1267 γὰρ

2233 1285 2411 1339 πᾶσαν
2443 1283 2695 1353 ἀφείλετο
2730 1284 2829 1355 τὴν
2872 1283 3066 1354 ἀρχὴν,
3090 1282 3212 1337 οὐτε
3245 1287 3425 1343 πᾶσαν
3456 1285 3659 1349 εἴασεν,
3690 1285 3799 1339 ἀλλ’

2230 1375 2329 1428 ὃσα
2357 1375 2454 1444 μὲν
2488 1375 2638 1446 αὐτῷ
2668 1377 2804 1446 πρὸς
2844 1377 3047 1449 τροφὴν
3082 1377 3174 1431 καὶ
3216 1378 3481 1449 ἐργασίαν
3510 1373 3578 1449 ἦν
3614 1379 3794 1451 ἐπιτή-

2229 1468 2367 1530 δεια,
2395 1468 2574 1521 εἴασεν
2600 1468 2920 1521 ὑποκεῖσθαι
2944 1485 2954 1497 ’
2978 1470 3046 1523 τὰ
3072 1469 3130 1523 δὲ
3159 1469 3564 1541 θηριωδέστερα
3599 1470 3798 1534 οὐκέτι,

2231 1561 2318 1617 ἵνα
2345 1561 2830 1632 ὐπομιμνήσκηται
2864 1565 2928 1615 ἐκ
2948 1562 3045 1633 τῆς
3076 1561 3280 1616 τούτων
3308 1561 3545 1630 ἀγωνίας
3573 1561 3673 1633 τῆς
3705 1579 3799 1617 πα·-

2229 1656 2387 1718 λαιᾶς
2431 1655 2706 1727 ἁμαρτίας
2763 1655 2862 1725 τῆς
2899 1652 2996 1707 τοῦ
3036 1650 3377 1725 προπάτορος
3419 1653 3609 1724 Ἀδάμ.
3644 1653 3799 1706 Ὥστε

2230 1746 2325 1799 καὶ
2370 1746 2478 1799 ἀπὸ
2527 1744 2621 1799 τοῦ
2676 1745 2750 1815 μὴ
2799 1745 3002 1818 σφόδρα
3052 1748 3182 1816 ἡμῖν
3222 1745 3618 1801 ὑποτάττεσθαι
3664 1744 3799 1817 μέγα

2230 1837 2419 1909 κέρδος
2468 1837 2692 1907 ἐγίνετο.
2726 1835 2791 1890 Τί
2826 1837 2933 1910 γὰρ
2964 1837 3154 1908 ὄφελος
3200 1839 3263 1891 ἐκ
3300 1837 3394 1892 τοῦ
3435 1837 3626 1892 λέοντα
3668 1837 3802 1909 ἔχειν

2231 1930 2543 2002 ὑποχείριον
2578 1930 2673 1984 καὶ
2707 1931 3001 2003 χειροήθη;
3036 1931 3089 1983 τί
3117 1930 3175 1984 δὲ
3203 1929 3367 2007 πλέον
3402 1930 3511 1984 ἀπὸ
3534 1928 3628 1985 τοῦ
3668 1931 3803 2001 πάρ-

2230 2023 2378 2079 δαλιν
2407 2024 2550 2096 ἔχειν
2577 2023 2864 2089 τιθασσόν;
2891 2024 3076 2091 Οὐδὲν,
3121 2023 3235 2077 ἀλλ’
3264 2023 3298 2094 ἢ
3329 2021 3618 2087 ἀλαζονεία
3650 2020 3803 2092 μόνον

2233 2118 2329 2171 καὶ
2357 2117 2603 2171 ἀπόνοια.
2631 2116 2727 2171 Διὰ
2750 2117 2814 2193 δὴ
2845 2115 3004 2171 τοῦτο
3033 2116 3207 2171 ταῦτα
3242 2116 3342 2191 μὲν
3370 2116 3552 2172 εἴασεν
3580 2113 3685 2182 ἔξω
3714 2115 3801 2185 μέ-

2232 2225 2343 2263 νειν
2374 2209 2474 2281 τῆς
2516 2209 2714 2280 ἀρχῆς,
2751 2207 2820 2260 τὰ
2848 2207 2905 2261 δέ
2952 2208 3197 2278 χρήσιμα
3235 2208 3369 2278 ἡμῖν
3404 2205 3666 2279 χειροήθη
3708 2220 3801 2259 u-

2232 2301 2451 2375 ποίηκε,
2481 2302 2609 2372 βοῦν
2638 2300 2895 2372 ἀροῦντα,
2931 2300 3027 2357 καὶ
3052 2300 3325 2371 πρόϐατον
3355 2298 3682 2370 περιϐάλλων
3712 2297 3803 2368 τὴν

2231 2394 2326 2448 τοῦ
2367 2394 2617 2465 σώματος
2662 2393 2974 2464 γύμνωσιν,
3025 2393 3119 2447 καὶ
3164 2394 3338 2463 κτήνη
3394 2391 3533 2462 πρὸς
3574 2392 3672 2462 τὴν
3702 2390 3803 2446 τῶν

2233 2486 2529 2557 ἀγωγίμων
2551 2485 2915 2557 μετακομιδὴν
2932 2485 3230 2561 ἐπιτήδεια,
3247 2482 3467 2557 θρνιθας
3483 2484 3580 2537 καὶ
3602 2482 3802 2555 ἰχθύας,

2234 2581 2376 2635 ὥστε
2407 2581 2503 2634 καὶ
2528 2581 2808 2652 τράπεζαν
2834 2582 2964 2651 ἡμῖν
2993 2574 3133 2633 εἶναι
3163 2577 3582 2649 δαψιλεστέραν.

2302 2747 2371 2812 η’.
2394 2740 2660 2809 Καθάπερ
2684 2738 2792 2809 γάρ
2814 2754 2899 2802 τις
2926 2736 3045 2792 υἰδν
3063 2734 3511 2807 ἀποκληρονόμον
3531 2734 3722 2797 ποιῶν,
3746 2733 3803 2787 οὐ

2234 2833 2453 2888 πάντων
2482 2831 2753 2895 ἐκϐάλλει,
2783 2830 2919 2883 άλλά
2946 2830 3145 2902 μέρους
3170 2829 3334 2892 τινὸς,
3363 2827 3453 2883 ῐνα
3478 2828 3802 2901 σωφρονίσῃ,

2233 2924 2376 2979 οὕτω
2405 2924 2470 2996 δὴ
2493 2923 2588 2977 καὶ
2624 2925 2653 2977 ὁ
2677 2923 2836 2987 Θεός·
2872 2923 3072 2994 μᾶλλον
3105 2922 3159 2975 δὲ
3194 2922 3293 2993 οὐχ
3326 2919 3520 2985 οὕτως,
3545 2922 3665 2976 ἀλλ’
3710 2923 3803 2975 ἀπ-

2234 3017 2503 3081 εναντίας.
2520 3016 2578 3073 ’0
2602 3016 2698 3087 μὲν
2714 3014 2823 3086 γὰρ
2851 3015 2947 3069 ἀνθ
2954 3032 3136 3089 ρωπος
3156 3013 3605 3089 ἀποκληρονόμον
3625 3012 3803 3076 ποιῶν,

2232 3108 2326 3163 τοῦ
2356 3108 2598 3173 πλείονος
2622 3108 2870 3161 ἐκϐάλλει
2906 3108 3125 3179 μέρους,
3147 3106 3209 3160 τὸ
3235 3105 3291 3164 δὲ
3312 3105 3536 3160 ἔλαττον
3557 3105 3774 3176 ἀφίησιν
3790 3120 3802 3131 ·

2232 3200 2261 3253 ὁ
2292 3200 2348 3255 δὲ
2387 3199 2519 3265 Θεὸς
2550 3200 2611 3253 τὸ
2638 3199 2798 3255 πλέον
2836 3200 3016 3269 ἀφεὶς,
3041 3197 3221 3267 ὀλίγου
3258 3197 3405 3261 τινὸς
3445 3196 3690 3264 ἐξέϐαλε,
3721 3194 3805 3250 καὶ

2232 3293 2392 3347 τοῦτο
2418 3294 2555 3366 πρὸς
2593 3292 2884 3366 ὠφέλειαν,
2912 3292 3000 3347 ἵνα
3031 3291 3107 3363 μὴ
3140 3291 3358 3345 πάντων
3389 3290 3633 3357 εὐκόλως
3663 3306 3806 3362 περιη

2235 3386 2490 3457 γίγνηται
2525 3385 2633 3438 τῶν
2673 3385 2868 3441 ἀλλων.
2900 3383 3061 3441 Ἀλλά
3104 3385 3193 3441 καὶ
3223 3382 3384 3443 τοῦτο
3411 3383 3510 3452 τῆς
3549 3382 3649 3439 τοῦ
3681 3380 3807 3437 Θεοῦ

2236 3475 2561 3546 κηδεμονίας
2586 3492 2599 3505 ’
2634 3478 2734 3546 τὴν
2772 3474 2882 3547 γὰρ
2926 3475 3117 3545 σοφίαν
3162 3473 3328 3531 αὑτοῦ
3373 3473 3580 3544 θήγων,
3626 3473 3719 3531 καὶ
3751 3474 3807 3528 τὸ

2237 3572 2491 3641 φρόνημα
2510 3568 2805 3640 καθαιρῶν,
2826 3569 2920 3622 καὶ
2937 3568 3036 3639 τὴν
3057 3568 3283 3639 ἄκαιρον
3313 3567 3510 3638 σχολὴν
3531 3567 3807 3623 ἐκκόπτων

2238 3661 2459 3735 (ἐπειδὴ
2489 3661 2668 3715 πάντα
2711 3662 2828 3731 μετ’
2873 3659 3122 3722 εὐκολίας
3157 3658 3297 3729 ἔχων
3330 3658 3805 3730 ἐξετραχηλίσθη),

2236 3752 2461 3826 ἀνέμιξέ
2497 3769 2620 3805 τινα
2656 3754 2748 3805 καὶ
2785 3750 3070 3805 δυσκολίαν
3102 3752 3167 3822 τῇ
3206 3751 3401 3821 χρήσει
3432 3749 3526 3804 τοῦ
3553 3750 3694 3821 βίου,
3724 3749 3808 3803 καὶ

2235 3843 2360 3898 οὐτε
2389 3845 2566 3898 πάντα
2596 3842 2733 3912 μετά
2761 3842 3030 3914 καμάτου,
3056 3839 3179 3895 οὔτε
3211 3841 3386 3896 πάντα
3413 3841 3540 3895 ἄνευ
3566 3842 3808 3913 καμάτου

2237 3936 2583 4010 καρποῦσθαι
2626 3934 2789 3989 αὐτὸν
2833 3936 3050 3988 εἴασεν·
3087 3932 3198 4006 [90]
3239 3933 3374 3990 ἀλλά
3407 3933 3475 3989 τὰ
3533 3933 3638 4005 μὲν
3682 3931 3809 4004 πρὸς

2238 4030 2427 4103 χρείαν
2468 4029 2496 4069 '9
2546 4029 2709 4083 πόνου
2757 4029 2927 4102 χωρὶς
2965 4029 3058 4082 καὶ
3102 4027 3339 4099 ἱδρώτων
3390 4028 3608 4099 ἀφῆκεν
3660 4027 3808 4081 αὐτὸν

2238 4121 2413 4192 ἔχειν,
2447 4118 2517 4178 τὰ
2543 4120 2599 4176 δὲ
2648 4120 2784 4193 πρὸς
2818 4121 3024 4195 τρυφὴν
3060 4121 3196 4193 μετά
3234 4120 3397 4176 πόνου
3440 4122 3533 4175 καὶ
3569 4120 3809 4195 ἱδρῶτος.

2239 4213 2560 4286 βουλόμενος
2581 4213 2674 4267 καὶ
2697 4212 2901 4286 ταύτην
2927 4215 3059 4285 ἡμῖν
3075 4213 3472 4285 ὑποτέμνεσθαι
3492 4213 3596 4284 τὴν
3620 4210 3809 4283 πολλὴν

2238 4304 2443 4360 ἄδειαν.

2308 4399 2373 4452 Εί
2416 4396 2476 4451 δὲ
2516 4397 2663 4465 λέγοι
2694 4412 2812 4459 τις·
2840 4396 2906 4449 Τί
2942 4395 3001 4449 δὲ
3029 4394 3136 4449 τῶν
3173 4394 3382 4465 ἀγρίων
3407 4393 3602 4464 δφελος
3629 4393 3810 4459 ζὼωνς

2239 4488 2494 4561 ἐροῦμεν⁹
2528 4488 2750 4560 Πρῶτον
2782 4489 2881 4560 μὲν
2916 4489 3095 4559 ψυχῆς
3126 4487 3633 4559 ταπεινοφροσύνην
3655 4486 3811 4560 ἐργά-

2239 4582 2424 4652 ζεται,
2471 4584 2564 4636 καὶ
2613 4581 2902 4651 ἐναγώνιον
2940 4584 3081 4635 ποιεῖ
3123 4581 3215 4634 τὸν
3261 4581 3567 4653 ἄνθρωπον,
3604 4580 3811 4636 καὶτὸν

2242 4675 2448 4747 σφόδρα
2491 4673 2730 4739 ἀλαζόνα
2776 4672 2875 4742 τῆς
2905 4672 3111 4735 οἰκείας
3136 4673 3543 4743 ἀναμιμνήσκει
3579 4670 3805 4741 φύσεως,

2238 4770 2364 4821 ὅταν
2396 4767 2458 4819 τὸ
2489 4766 2681 4834 ἄλογον
2723 4764 2873 4836 αὐτῷ
2916 4763 3144 4836 φοϐερὸν
3268 4764 3445 4818 Πολλὰ
3474 4764 3531 4818 δὲ
3570 4763 3665 4817 καὶ
3710 4760 3808 4817 σώ-

2243 4877 2376 4932 μασι
2419 4859 2718 4930 κάμνουσιν
2747 4861 2811 4911 ἐκ
2852 4857 3059 4911 τούτων
3089 4857 3358 4929 φάρμακα
3395 4857 3626 4927 γίνεται.
3660 4856 3716 4908 '0
3756 4853 3808 4906 δὲ

2237 4954 2414 5007 ταῦτα
2456 4951 2695 5024 ἐρωτῶν,
2726 4950 2777 5003 τί
2826 4948 3026 5022 δήποτε
3067 4951 3258 5019 γέγονε
3304 4950 3374 5003 τὰ
3419 4949 3588 5022 ἄγρια
3628 4946 3804 5021 θηρία.

2240 5046 2507 5117 ἐρωτήσει
2541 5046 2633 5098 κα)⁵
2655 5044 2708 5097 τί
2738 5061 2868 5098 ποτε
2900 5044 3115 5116 φλέγμα
3140 5047 3235 5099 καὶ
3266 5047 3397 5116 χολὴ
3424 5047 3482 5100 ἐν
3509 5048 3677 5117 ήμῖν;
3708 5047 3809 5102 Kal.

2240 5140 2349 5212 γὰρ
2384 5144 2478 5199 καὶ
2515 5140 2713 5206 ταῦτα,
2746 5142 2813 5196 ἂν
2855 5140 3191 5213 παροξυνθῇ.
3221 5140 3412 5212 θηρίου
3440 5139 3810 5211 χαλεπώτερον

2241 5233 2430 5301 ἔξεισι,
2459 5236 2555 5288 καὶ
2589 5233 2667 5305 τῷ
2697 5233 2909 5304 σώματι
2946 5234 3109 5286 παντὶ
3143 5232 3481 5304 λυμαίνεται.
3511 5232 3624 5287 Καὶ
3649 5231 3808 5302 θυμὸς

2238 5327 2297 5380 δὲ
2340 5329 2472 5399 ἡμῖν
2512 5327 2791 5396 ἔγκειται,
2836 5325 2930 5380 καὶ¹
2968 5324 3232 5395 ἐπιθυμία
3262 5323 3458 5379 πάλιν·
3504 5325 3598 5379 καὶ
3645 5321 3811 5376 ταῦτα

2242 5420 2447 5490 θηρίων
2489 5418 2866 5491 χαλεπώτερον
2907 5417 3276 5489 λυμαινόμενα
3314 5416 3389 5488 μὴ
3431 5416 3809 5486 κατείργοντας

2241 5513 2378 5566 αὐτὰ
2406 5514 2499 5565 καὶ
2526 5511 2895 5582 χαλινοῦντας.
2917 5512 3025 5564 Καὶ
3051 5510 3103 5562 τί
3132 5509 3273 5579 λέγω
3299 5508 3468 5579 θυμὸν
3501 5508 3594 5565 καὶ
3623 5507 3806 5578 ὀργὴν,

2304 5701 2334 5741 h
2367 5700 2500 5750 Unus
2545 5700 2661 5763 πρὸς
2703 5699 2903 5763 τροφήνί
2920 5710 3033 5763 (ιιιῳ
3051 5702 3191 5763 cerle
3212 5696 3367 5747 lectio
3402 5709 3500 5763 pou
3518 5690 3807 5763 sperqen‘iz,

2248 5766 2362 5824 quia
2383 5756 2638 5823 quamda'm
2663 5756 2867 5810 exlxiliet
2885 5756 3114 5808 ἀντίθεσιν
3134 5761 3266 5809 inter
3282 5760 3456 5823 τροφὴν
3465 5766 3517 5807 et
