4030 6452
3515 391 3618 446 illi

2026 509 2259 564 Minuiin
2284 511 2451 575 enim,
2477 512 2670 582 inquit,
2691 528 2809 567 curn
2838 514 2991 579 paulo
3012 512 3178 566 ruinas
3199 511 3260 565 ab
3282 512 3494 582 angelis,
3514 510 3617 566 hoc

2024 614 2127 670 est,
2156 614 2330 661 morte
2371 606 2739 660 condcmuasti
2787 620 2907 659 cum
2954 614 3254 676 peccasset;
3292 610 3402 659 non
3433 610 3615 658 tamen

255 398 326 452 “7
1338 406 1343 411 ’
1456 398 1816 459 EXPOSITIO
1854 395 1921 453 IN
1960 393 2283 450 PSALMUM
2328 394 2462 450 Vill.

262 514 354 586 2lli.
382 517 530 573 i‘ost
551 517 698 577 haec
729 534 945 581 autem
978 538 992 578 :
1024 523 1230 579 Crdcate
1252 536 1404 590 super
1426 526 1680 587 serpentes
1696 521 1746 567 et
1772 528 1914 566 scon-

279 613 433 687 νὶθηεῑ
451 611 624 686 (Luc.
654 615 761 674 HL
786 616 923 689 19).
967 616 1075 672 Sed
1105 614 1192 669 his
1224 612 1459 667 dimissis
1479 649 1493 673 ,
1520 607 1761 663 contexit
1791 619 1915 658 oras

295 711 477 767 thum
504 724 581 764 ex
604 707 1054 775 humilioribus,
1088 707 1394 776 relinquens
1420 702 1504 755 illa
1531 695 1918 756 consideranda

311 808 365 863 iis
382 807 471 877 qui
496 813 729 875 possunt
758 804 985 858 acutius
1009 813 1252 856 cernere.
1284 796 1467 851 Gloria
1497 794 1640 849 enim
1666 791 1839 861 major
1862 799 1921 844 et

319 906 475 955 honor
495 912 557 953 es
582 907 736 961 sunt,
763 908 895 967 quae
917 896 1052 949 ﬁunt
1076 893 1133 946 in
1154 890 1303 945 Novo
1323 888 1686 951 Testamento,
1705 882 1919 953 quando

327 996 470 1049 habet
506 990 789 1045 Christum
828 994 1030 1057 caput,
1069 982 1280 1054 qunttdo
1305 981 1420 1050 ejus
1442 988 1640 1047 corpus
1668 975 1915 1040 eﬂicitur,

322 1084 529 1157 quando
572 1082 635 1136 lit
680 1083 851 1135 frater
893 1088 950 1133 et
988 1075 1231 1140 coheres,
1264 1082 1317 1127 et
1344 1069 1633 1125 conformis
1656 1068 1773 1136 ejus
1796 1074 1919 1121 cor-

328 1180 461 1250 pori,
484 1175 704 1248 quando
735 1173 997 1241 uiajorem
1032 1181 1188 1239 quam
1232 1166 1404 1220 Moses
1440 1161 1634 1230 accipit
1668 1159 1917 1230 gloriam,

323 1276 460 1327 sicin
483 1267 802 1340 signiﬁcavit
837 1264 1029 1319 Paulus
1052 1296 1066 1325 ι
1092 1261 1409 1323 ostendens,
1451 1271 1550 1311 nos
1580 1266 1687 1308 non
1726 1261 1919 1322 quemA

324 1364 615 1420 admodum
658 1360 834 1415 Moses
862 1355 1176 1426 imponebat
1211 1353 1472 1414 velamen,
1503 1347 1598 1402 sed
1626 1360 1813 1402 omnes
1839 1359 1924 1399 res

323 1459 498 1513 relata
542 1455 679 1509 facie
721 1451 927 1506 Dmrtiui
958 1450 1179 1520 gloriam
1210 1444 1665 1513 cmitempluturos
1690 1454 1810 1495 esse
1841 1438 1917 1507 (2.

320 1548 445 1604 Cor.
470 1550 524 1604 ὅ.
560 1548 649 1603 15.
681 1546 769 1612 18)
800 1558 812 1596 :
838 1550 896 1598 et
917 1542 1041 1597 ideo
1064 1541 1191 1595 dicit
1221 1558 1234 1593 :
1266 1538 1387 1592 Non
1421 1537 1553 1590 enim
1582 1535 1923 1607 gloriﬁcamus

321 1652 413 1703 est,
441 1638 583 1710 quod
610 1637 946 1708 gloriﬁcatur»
976 1638 1047 1687 est
1067 1634 1118 1686 in
1136 1633 1235 1685 hac
1261 1638 1422 1699 parte,
1449 1636 1656 1697 propter
1682 1625 1922 1679 excellena

321 1742 422 1784 teut
453 1730 670 1800 gloriam
699 1725 859 1792 (Ibid.
883 1741 929 1778 υ.
952 1722 1061 1790 10).
1097 1723 1242 1776 lianc
1258 1732 1385 1791 ergo
1406 1719 1628 1791 gloriam
1650 1718 1778 1771 dicit
1800 1722 1921 1785 pro“-

324 1822 488 1893 phcta
514 1832 615 1891 per
637 1830 929 1889 mangogon.
961 1816 1097 1883 Quid
1120 1815 1263 1870 enim
1294 1824 1376 1868 est
1404 1825 1524 1866 cum
1553 1822 1616 1865 ea
1643 1813 1923 1865 conteren-

329 1918 477 1979 ium,
524 1913 737 1984 quando
773 1913 930 1967 simul
976 1925 1098 1965 cunt
1146 1907 1351 1978 angelis
1401 1906 1596 1961 choros
1643 1904 1918 1965 ducimus,

320 2006 547 2080 Quando
593 2008 646 2061 in
695 2004 828 2059 lilios
871 2004 1203 2073 adoptamul',
1238 1999 1452 2067 quando
1491 2010 1591 2052 nec
1635 1995 1922 2066 Unigehito

320 2103 546 2174 quidem
589 2107 685 2171 pro
716 2099 873 2153 nobis
921 2092 1191 2167 parcitur?
1234 2096 1350 2162 Qua
1388 2098 1497 2147 non
1538 2092 1925 2161 purpura,quo

325 2210 438 2248 non
482 2192 784 2247 diademate
808 2197 933 2244 sunt
959 2189 1073 2243 haec
1099 2189 1254 2258 longe
1284 2184 1646 2254 splendidiora
1667 2224 1681 2246 ,
1708 2181 1923 2252 quando

321 2293 559 2338 ator-tem
590 2282 905 2346 irridemus,
932 2279 1148 2351 quando
1189 2278 1254 2332 ad
1298 2280 1622 2348 potestatum
1669 2275 1922 2342 incorpo-

322 2386 546 2430 rearum
568 2372 1013 2443 intputibilitatem
1037 2369 1258 2425 t'radttcti
1287 2380 1491 2433 sumus,
1509 2365 1606 2434 qui
1639 2365 1786 2435 prius
1812 2370 1923 2417 era-

322 2484 449 2524 mus
476 2468 805 2537 contempti,
837 2466 1044 2536 inglorii
1070 2507 1085 2532 ,
1118 2476 1167 2518 et
1198 2460 1551 2517 exsecrandi?
1591 2458 1759 2512 Adam
1798 2462 1920 2510 eum

325 2574 427 2616 nec
456 2559 586 2615 boni
614 2574 713 2613 nec
734 2558 857 2611 mall
886 2555 1013 2627 quid
1037 2555 1248 2611 lia-cisset
1266 2597 1281 2619 ,
1313 2554 1490 2607 statim
1520 2550 1813 2605 honoratus
1841 2556 1924 2601 est

325 2669 451 2707 cum
480 2652 711 2721 primum
745 2649 912 2704 lactus
937 2656 1040 2703 est.
1072 2644 1350 2715 Quomodo
1381 2644 1523 2699 enim
1552 2641 1763 2696 fecisset
1789 2683 1804 2705 ,
1832 2639 1922 2707 Qui

327 2754 434 2799 non
475 2741 626 2798 erat?
668 2741 776 2796 Nos
814 2746 991 2793 autem
1039 2739 1128 2808 qui
1173 2732 1312 2791 mala
1356 2736 1581 2790 fecimus
1620 2737 1918 2795 innumera,

324 2838 487 2906 longe
525 2850 713 2889 sumus
752 2834 1007 2904 majorem
1053 2832 1309 2886 honorem
1340 2829 1630 2899 assequuti.
1661 2826 1781 2880 Non
1806 2838 1922 2877 unt-'-

323 2933 463 2999 plius
479 2974 492 2994 ,
523 2929 696 2999 inquit
712 2970 725 2992 ,
754 2928 866 2981 dico
892 2934 978 2980 vos
1004 2934 1171 2979 seruos
1200 2941 1217 2978 :
1245 2940 1331 2977 vos
1351 2923 1483 2975 enim
1510 2920 1661 2973 amici
1683 2919 1780 2972 mei
1803 2919 1922 2971 estis

325 3021 507 3093 (Ισαη.
534 3021 624 3075 15.
659 3014 744 3075 13.
776 3010 891 3089 l4):
934 3017 1049 3072 Non
1079 3016 1307 3085 amplius
1332 3012 1498 3067 nostri
1527 3024 1688 3066 causa
1720 3009 1922 3079 pudore

323 3115 709 3170 suti'untltlntur
736 3113 946 3183 angeli,
986 3112 1080 3166 sed
1115 3111 1278 3166 etiam
1320 3110 1517 3162 nostra:
1547 3105 1701 3161 saluti
1732 3104 1920 3159 desere

326 3209 497 3261 riunt.
527 3206 658 3261 Nam
683 3216 736 3261 et
762 3205 828 3259 ad
854 3202 1154 3274 Philippum
1177 3201 1319 3257 venit
1360 3199 1598 3270 angelus,
1621 3204 1674 3252 et
1696 3196 1759 3250 ad
1785 3195 1923 3249 mul-

330 3312 411 3356 los
441 3300 578 3354 alios
610 3294 745 3369 (Act.
779 3298 833 3354 8.
860 3295 954 3368 25)
974 3340 986 3362 ,
1016 3304 1072 3351 et
1096 3292 1439 3365 Fvangelium
1471 3292 1784 3347 nbntiabant
1821 3290 1920 3343 ho-

326 3392 562 3446 minibus
587 3389 737 3462 (Luc.
759 3390 813 3444 2.
838 3386 951 3461 10).
980 3387 1096 3442 Non
1118 3398 1171 3440 tu
1194 3396 1334 3442 terra
1357 3397 1534 3440 autent
1560 3384 1803 3447 iteredrs,
1828 3382 1920 3436 sed

326 3484 591 3538 bonorum
622 3478 912 3535 cmlestium
953 3484 1137 3534 sumus
1161 3520 1176 3544 ,
1207 3488 1261 3532 et
1288 3475 1486 3531 Christi
1516 3474 1799 3545 participes
1825 3516 1837 3537 ,
1870 3480 1924 3527 et

326 3584 583 3629 vocamur
605 3573 673 3629 ad
697 3570 1126 3629 communionem
1167 3570 1437 3641 Unigeniti
1468 3568 1558 3642 (t.
1586 3567 1702 3623 Cor.
1738 3566 1788 3622 ιε
1818 3560 1852 3622 9
1876 3564 1917 3638 ).

328 3669 455 3724 Haec
475 3668 654 3723 omnia
678 3681 781 3739 per
802 3658 1025 3738 gloriam
1048 3666 1101 3719 et
1122 3664 1380 3719 honorem
1409 3661 1692 3733 signitiCat.
1725 3660 1923 3726 Quatu-

325 3761 514 3815 obrem
539 3760 670 3814 dicit
696 3759 854 3813 etiam
881 3757 1018 3811 alius
1048 3756 1146 3828 (a),
1174 3754 1353 3809 Gloria
1378 3763 1423 3807 et
1447 3754 1635 3807 honore
1660 3750 1923 3804 coronabis

323 3866 460 3915 eum,
492 3852 788 3922 praedicens
823 3848 968 3921 quod
1009 3849 1241 3904 futurum
1272 3853 1406 3904 erat.
1440 3848 1492 3900 7.
1526 3843 1593 3898 Et
1622 3842 1922 3897 constituisti

324 3956 441 4000 eum
469 3954 625 4015 super
644 3952 797 4015 opera
821 3950 1063 3997 Mannum
1092 3946 1314 3994 tuarum.
1346 3932 1494 3993 Alius
1525 3937 1619 4006 (τι),
1657 3933 1844 3988 Fecisti
1870 3940 1924 3985 ut

326 4038 529 4090 habere!
560 4040 852 4105 potestatem
886 4040 1092 4105 operum
1128 4038 1371 4085 manuum
1397 4039 1619 4083 tuarum.
1650 4028 1705 4081 8.
1739 4024 1925 4079 Omnia

326 4129 588 4199 subjeciin
608 4127 699 4181 s‘ub
715 4127 923 4198 pedibus
943 4128 1084 4196 ejus;
1114 4134 1226 4178 om
1251 4134 1298 4177 et
1319 4123 1463 4177 boves
1483 4121 1758 4179 universas.
1778 4118 1923 4171 insit-

329 4236 422 4292 per
463 4228 510 4278 et
555 4235 735 4291 pecora
771 4221 958 4291 campi.
1002 4219 1155 4274 Alius
1185 4216 1280 4289 (ε),
1310 4214 1562 4286 Agnalia.
1586 4213 1640 4267 9.
1680 4209 1925 4265 Volucres

328 4316 462 4378 ccli,
494 4322 541 4368 et
578 4315 735 4384 pisces
772 4314 946 4377 utaris,
986 4312 1072 4381 qui
1118 4310 1467 4379 perambulam
1508 4308 1711 4361 semitas
1747 4305 1921 4358 maris.

330 4408 421 4461 10.
454 4398 944 4461 Démhwﬂmninas
980 4410 1149 4458 auster
1170 4446 1184 4467 ,
1219 4414 1373 4472 quam
1411 4399 1709 4454 admirabile
1732 4408 1801 4451 est
1827 4412 1923 4449 no-

329 4512 448 4554 men
485 4506 627 4553 luunt
669 4498 721 4552 in
751 4498 981 4551 universa
1019 4492 1190 4550 terra!
1223 4494 1682 4564 Qttettladtitotlum
1710 4506 1831 4546 cum
1860 4489 1928 4543 de

329 4593 607 4647 creatione
639 4591 889 4660 loquitor,
916 4600 1025 4644 non
1046 4588 1219 4643 solum
1240 4592 1498 4656 supernas
1526 4583 1735 4653 attingit
1775 4591 1927 4652 pote-

330 4690 519 4746 states,
547 4680 641 4735 sed
669 4681 826 4734 etiam
849 4680 1144 4734 orationem
1175 4677 1388 4732 deducit
1419 4676 1483 4729 ad
1510 4673 1780 4728 smsibiiia
1812 4689 1824 4724 :
1857 4671 1926 4724 ita

331 4776 495 4828 etiam
529 4788 654 4827 cum
684 4772 837 4827 docet
866 4771 931 4827 de
960 4771 1164 4826 honore
1199 4770 1505 4824 hominibus
1540 4767 1767 4830 collato,
1807 4776 1927 4820 cum

336 4877 545 4922 tantum
597 4863 1093 4919 subindicassetilla
1122 4877 1314 4917 arcana
1358 4869 1412 4916 et
1461 4862 1771 4927 incorporea
1810 4870 1931 4925 qus

334 4959 703 5022 cltmncratit,
736 4966 874 5013 nullo
898 4958 1124 5026 amplius
1146 4958 1457 5010 immoratur
1490 4955 1539 5007 in
1566 4951 1926 5014 sensibilibus,

333 5064 456 5122 qua:
484 5049 787 5106 radioribus
808 5046 1033 5104 clariora
1053 5052 1202 5103 sunt.
1218 5048 1473 5117 Quantam
1495 5056 1671 5100 autem
1689 5055 1750 5099 ea
1768 5044 1930 5098 sunt?

334 5147 638 5200 Terrenum
670 5143 742 5196 illi
770 5143 949 5197 datum
977 5143 1279 5212 imperium.

410 5233 539 5291 Post
566 5246 822 5306 precatum
861 5230 1000 5290 Datis
1040 5232 1213 5289 damni
1248 5234 1440 5288 {taurini
1474 5234 1737 5304 ltltperium
1759 5231 1932 5284 immi-

338 5331 470 5392 mu't,
494 5342 598 5382 nan
623 5327 869 5398 abrogat;
895 5334 986 5380 cur
1012 5327 1227 5379 ltominis
1250 5327 1519 5396 imperiam
1542 5326 1595 5376 in
1625 5324 1806 5376 bestias
1830 5324 1931 5375 im-

339 5422 596 5475 minutum
624 5421 707 5474 sil.
729 5417 973 5487 ——Quod
1015 5429 1190 5473 autem
1233 5430 1317 5473 est
1354 5416 1685 5479 admirabile,
1717 5416 1933 5485 etquod

337 5514 575 5569 maxime
599 5511 973 5576 subiudicarit,
1002 5518 1125 5564 eum
1154 5510 1468 5564 honoratum
1494 5514 1616 5562 ante
1637 5514 1936 5576 tranSgrcs-

338 5608 571 5668 sionem,
604 5616 670 5660 tte
706 5606 827 5676 post
872 5605 1151 5675 peccatum
1191 5602 1403 5674 quidem
1448 5601 1669 5671 privavit
1709 5600 1931 5654 honore.

402 5764 477 5821 (α)
514 5761 689 5823 Aquila.

404 5826 475 5882 (υ)
509 5832 531 5870 'l
542 5823 780 5876 hemiolio.

405 5874 479 5947 (εδ
512 5874 824 5949 symumehus.

2023 706 2301 768 postquam
2341 713 2462 753 eum
2507 706 2683 753 morte
2728 698 3129 761 condemnasti,
3172 697 3313 751 dono
3339 710 3462 751 eum
3488 705 3616 765 Spu-

2024 792 2164 847 liasti
2201 812 2215 847 :
2243 802 2298 847 et
2323 802 2606 861 propterea
2632 801 2911 862 postquam
2942 790 3069 845 illud
3099 790 3254 856 dixit,
3288 790 3396 844 hoc
3426 790 3573 856 ponit
3598 825 3616 853 ,

2025 884 2312 939 ostendens
2354 883 2768 939 vinenurmbil'em
2821 883 2915 938 Dei
2958 883 3318 948 clementiam,
3346 881 3490 952 quod
3534 880 3617 934 wl

2026 980 2345 1034 diminutum
2393 988 2609 1049 propter
2650 992 2804 1032 suam
2852 978 3326 1047 transgresmonem
3375 975 3621 1044 permisit

2027 1088 2146 1130 esse
2184 1074 2368 1144 glorias
2394 1072 2599 1127 honore
2629 1081 2940 1126 coronatmu
2960 1104 2976 1132 ,
3008 1084 3104 1123 net:
3128 1070 3177 1127 ei
3206 1068 3480 1138 abrogavit
3514 1067 3618 1120 itu-

2028 1168 2253 1237 perium.
2283 1165 2340 1219 Si
2370 1166 2546 1220 autem
2572 1178 2753 1234 parum
2778 1162 2905 1233 quid
2935 1160 3194 1227 detraxit,
3221 1160 3325 1214 hoc
3349 1170 3429 1213 est
3456 1161 3617 1214 etiam

2027 1259 2145 1329 ejus
2168 1258 2537 1329 providentia.
2565 1256 2696 1310 Nam
2720 1265 2844 1311 ante
2869 1253 3282 1309 inohedieutiam
3309 1251 3592 1306 dominaba
3608 1280 3621 1291 -

2028 1362 2114 1407 tur
2143 1353 2328 1407 bestiis
2353 1369 2366 1406 :
2392 1362 2513 1423 post
2538 1350 2954 1407 innh‘cdietttiam
2995 1359 3174 1403 autem
3219 1347 3287 1401 tle
3330 1346 3430 1401 hac
3472 1354 3620 1415 pole-

2027 1448 2165 1493 state
2212 1438 2539 1508 aliquantum
2588 1436 2884 1490 delractmu
2939 1443 3039 1488 est.
3090 1432 3222 1487 Nam
3269 1435 3414 1486 nunc
3460 1433 3618 1485 etiam

2026 1530 2330 1584 dominatur
2373 1530 2451 1584 eis
2489 1528 2752 1599 aliquibus
2797 1526 3020 1592 artibus,
3048 1525 3141 1581 sed
3176 1528 3301 1579 eum
3342 1525 3535 1578 timore
3558 1537 3621 1577 ac

2029 1632 2281 1677 tremore.
2329 1621 2509 1691 Neque
2547 1621 2689 1676 enim
2727 1630 2894 1674 totum
2932 1618 3217 1688 imperium
3245 1616 3490 1683 suslufit,
3518 1629 3621 1669 nec

2030 1724 2195 1771 tutum
2224 1715 2457 1784 reliquit,
2484 1714 2577 1770 sed
2606 1726 2960 1783 quotcumque
2996 1721 3152 1766 erant
3196 1710 3244 1764 ei
3289 1707 3505 1779 quidem
3550 1709 3617 1761 ad

2027 1809 2338 1864 alimentum
2385 1817 2437 1862 et
2480 1806 2545 1861 ad
2598 1820 2736 1875 opus
2779 1803 3133 1869 necessarias,
3181 1801 3449 1871 subjectus
3500 1812 3622 1854 esse

2031 1903 2270 1973 permisit
2300 1920 2312 1954 :
2338 1914 2458 1971 quae
2500 1909 2677 1955 autent
2718 1908 2846 1954 sunt
2884 1896 3236 1962 ell’eratiores,
3267 1908 3371 1948 non
3412 1892 3619 1954 itidem,

2031 2004 2086 2052 ut
2131 2007 2195 2053 ex
2238 2010 2331 2051 sua
2369 2008 2491 2049 cum
2534 1994 2636 2048 illis
2667 1992 3013 2047 contentione
3040 1989 3195 2059 primi
3228 1986 3461 2057 parentis
3490 1983 3622 2038 Atia:

2028 2092 2227 2150 veteris
2256 2091 2458 2161 peccati
2488 2088 2889 2142 admoneretur.
2923 2082 3075 2139 Unde
3101 2081 3261 2135 etiam
3282 2090 3348 2133 ex
3371 2092 3456 2141 eo,
3479 2075 3621 2146 quod

2028 2200 2133 2246 non
2165 2186 2317 2244 valde
2347 2186 2500 2241 nobis
2526 2184 2879 2254 subjiciuntur
2902 2222 2917 2246 ,
2956 2182 3207 2249 magnqu
3234 2176 3441 2230 lucrum
3467 2174 3624 2227 acoe-

2028 2282 2125 2341 dil.
2172 2282 2309 2353 Quid
2349 2281 2492 2336 enim
2522 2284 2622 2334 hos
2643 2278 2857 2348 ju‘varet
2882 2317 2896 2340 ,
2927 2274 2970 2328 si
3002 2274 3212 2327 leonem
3238 2260 3438 2324 nostra:
3469 2272 3623 2336 pote-

2028 2380 2149 2433 stati
2197 2376 2484 2432 obnoxium
2530 2378 2584 2428 et
2626 2366 3048 2427 mansuefactum
3095 2363 3452 2420 haberemus?
3491 2359 3621 2430 quid

2026 2472 2182 2526 nobis
2236 2467 2549 2538 prodesset,
2598 2466 2643 2519 si
2695 2463 2921 2535 pardum
2972 2460 3293 2514 haberemus
3342 2453 3625 2510 cientem?

2026 2565 2167 2621 Nihil
2199 2564 2299 2619 nisi
2326 2556 2393 2616 ad
2425 2559 2780 2630 arrogantiam
2811 2556 3012 2609 tantum
3040 2561 3097 2608 et
3121 2546 3448 2620 superbiam.
3481 2544 3615 2601 Pro-

2030 2664 2209 2727 pterea
2242 2656 2336 2709 has
2366 2653 2579 2724 quidem
2613 2650 2856 2722 permisit
2882 2662 3002 2703 esse
3029 2654 3306 2714 exemptus
3345 2641 3412 2695 ab
3451 2632 3636 2708 impea'

2029 2753 2107 2805 rio
2141 2767 2152 2802 :
2183 2760 2303 2820 quae
2329 2746 2454 2802 sunt
2478 2750 2654 2800 autem
2681 2742 2839 2797 nobis
2862 2740 3014 2794 utiles
3034 2782 3048 2804 ,
3080 2735 3254 2792 elicuit
3279 2736 3583 2789 mansuetas
3604 2773 3619 2796 ,

2027 2818 2215 2898 boretu
2247 2848 2484 2895 arautcm
2507 2881 2521 2905 ,
2559 2846 2615 2892 et
2652 2848 2806 2890 ovem
2846 2833 3181 2888 amicieutem
3211 2826 3380 2883 nostri
3409 2818 3621 2879 nuditzté

2029 2945 2134 2991 tem
2177 2935 2436 3004 corporis,
2478 2940 2531 2986 ct
2565 2932 2801 3001 jumenla
2845 2936 2964 2997 apta
3009 2920 3074 2979 ad
3122 2938 3184 2979 ea
3216 2916 3456 2978 tollenda
3502 2924 3622 2990 quas

2027 3027 2303 3097 importari
2351 3034 2441 3079 aut
2484 3022 2753 3093 exportari
2800 3020 3044 3091 possunt,
3072 3018 3198 3071 ares
3236 3016 3294 3071 et
3335 3015 3532 3083 pistres,
3564 3012 3622 3067 ut

2026 3124 2169 3177 eSSet
2199 3120 2354 3175 nobis
2379 3124 2563 3174 mensa
2592 3116 2804 3171 lautior.

2097 3216 2149 3271 8.
2179 3202 2639 3285 Quemadmodum
2661 3209 2801 3264 enim
2827 3218 2947 3262 cum
2968 3204 3086 3275 quis
3106 3194 3401 3258 exheredat
3425 3194 3614 3263 tilium,

2029 3320 2130 3364 non
2163 3310 2332 3379 prirat
2358 3311 2480 3360 eum
2511 3298 2780 3365 omnibus,
2804 3298 2897 3356 sed
2922 3302 3071 3368 parte
3093 3296 3292 3366 aliqua,
3320 3302 3379 3349 ιιι
3408 3294 3468 3347 se
3492 3290 3617 3345 cor-

2028 3405 2182 3472 rigat,
2214 3401 2281 3453 ita
2310 3398 2469 3453 etiam
2497 3394 2637 3450 Dens
2662 3400 2676 3448 ξ
2700 3394 2806 3446 imo
2831 3405 2937 3445 non
2965 3388 3061 3455 sic,
3086 3382 3179 3441 sed
3204 3387 3388 3441 contra
3420 3381 3615 3453 potius.

2026 3494 2198 3549 Homo
2218 3493 2380 3555 enim,
2412 3488 2500 3559 qui
2528 3485 2817 3543 exheredat
2836 3524 2851 3547 ,
2884 3481 3071 3551 maiori
3100 3486 3248 3550 parte
3274 3475 3445 3548 priVat
3468 3515 3482 3539 ,
3512 3474 3619 3529 mi-

2027 3592 2216 3639 norem
2258 3592 2388 3637 vero
2435 3579 2686 3649 relinquit
2720 3594 2734 3629 :
2768 3572 2906 3630 Deus
2943 3580 3119 3629 autem
3162 3569 3353 3640 majori
3393 3566 3577 3623 relicta
3602 3606 3618 3627 .

2026 3680 2214 3749 exigua
2248 3675 2466 3747 privavit
2500 3669 2856 3743 portiuncula.
2887 3668 3045 3737 idque
3074 3665 3140 3719 ad
3167 3666 3285 3735 ejus
3314 3658 3617 3723 utilitatem,

2027 3794 2095 3834 ne
2133 3779 2235 3833 alia
2274 3774 2451 3831 omnia
2499 3758 2655 3828 facile
2688 3768 2985 3839 superaret.
3031 3764 3137 3819 Sed
3184 3763 3284 3815 hoc
3323 3761 3495 3829 ipsum
3538 3765 3622 3810 est

2026 3873 2185 3927 etiam
2212 3869 2305 3925 Dei
2335 3863 2680 3937 providentiae
2699 3903 2713 3926 ,
2747 3859 2837 3931 qui
2880 3855 3109 3912 hominis
3134 3852 3449 3924 sapientiam
3474 3847 3623 3902 eicio

2029 3975 2167 4030 tans,
2189 3959 2548 4032 arrogantiam
2576 3950 2903 4026 deprimens,
2927 3958 2982 4006 et
3002 3942 3432 4016 intempestivum
3454 3941 3619 3994 otium

2030 4060 2425 4124 interrumpens
2454 4051 2525 4121 (si
2554 4049 2695 4103 enim
2716 4046 2766 4102 ei
2796 4041 2975 4101 omnia
3000 4048 3122 4098 eum
3155 4036 3409 4093 lacililale
3437 4035 3611 4090 succe-

2027 4151 2236 4213 derent,
2272 4123 2495 4216 supinus
2523 4151 2574 4197 et
2600 4139 2892 4195 dissolutus
2918 4130 3231 4201 evasisset),
3260 4123 3622 4197 comparando

2028 4258 2211 4301 rerum
2240 4241 2358 4296 usui
2383 4235 2666 4293 admiscuit
2693 4228 2978 4305 quamdam
3007 4222 3372 4283 difﬁcultatem
3393 4263 3408 4289 ,
3442 4229 3497 4273 et
3525 4230 3624 4271 nec

2029 4336 2279 4393 omnibus
2308 4348 2431 4388 cum
2459 4330 2673 4393 labore,
2720 4342 2821 4381 nec
2858 4318 3108 4379 omnibus
3142 4318 3259 4374 sine
3295 4310 3478 4369 labore
3519 4310 3649 4365 l‘rui'

2030 4428 2274 4502 permisit
2317 4426 2392 4482 illi
2422 4442 2436 4480 :
2469 4425 2563 4480 sed
2603 4433 2722 4493 qua:
2748 4418 2815 4475 ad
2845 4426 2999 4472 usum
3035 4410 3250 4484 quidem
3291 4405 3477 4469 ευηιί,
3506 4402 3623 4502 sine

2031 4492 2216 4581 labore
2241 4530 2294 4577 et
2319 4520 2517 4577 sudore
2547 4492 2745 4570 habere
2773 4510 3015 4582 permisit
3048 4523 3059 4559 :
3089 4516 3209 4576 qua:
3237 4515 3367 4556 vero
3396 4503 3521 4551 sunt
3555 4492 3621 4547 ad

2034 4713 2187 4769 nobis
2211 4710 2427 4766 nimiam
2459 4702 2675 4775 praecidi
2697 4698 3061 4755 securitatem.

2108 4806 2357 4860 Ferarum
2382 4774 2505 4854 usus
2531 4798 2664 4868 quis.
2683 4824 2756 4835 —
2777 4792 2832 4848 Si
2859 4790 2978 4860 quis
3001 4796 3177 4842 autem
3205 4778 3346 4838 dicat
3374 4797 3388 4834 :
3416 4774 3484 4833 Et
3510 4775 3628 4868 quis

2033 4914 2113 4957 est
2157 4896 2312 4953 nobis
2352 4907 2480 4949 usus
2526 4886 2794 4946 ferarum?
2824 4885 3062 4940 dicemus
3094 4899 3108 4935 :
3144 4878 3379 4933 Primum
3412 4864 3625 4943 quidem

2034 4993 2225 5046 ultima:
2259 4986 2607 5042 humilitatem
2632 4980 2890 5041 el‘liciuul,
2923 4984 2977 5030 et
3004 4983 3061 5028 ut
3087 4971 3249 5026 homo
3272 4983 3331 5022 se
3355 4966 3626 5023 exerceat,

2035 5095 2089 5140 et
2119 5083 2183 5138 ad
2214 5090 2485 5135 certamen
2515 5079 2810 5143 comparet,
2840 5068 2892 5122 in
2921 5080 3076 5121 causa
3101 5070 3246 5125 sunt,
3279 5065 3341 5113 ac
3366 5057 3517 5109 valde
3545 5056 3630 5104 nr-

2037 5180 2311 5245 rogantem
2338 5168 2565 5241 propriae
2593 5168 2793 5219 matura:
2818 5159 3107 5214 admouent
3129 5196 3144 5220 ,
3176 5146 3389 5222 quando
3416 5147 3630 5199 brutum

2037 5236 2128 5326 est
2173 5270 2221 5325 ei
2270 5236 2525 5322 terribile.
2579 5258 2697 5316 iam
2737 5270 2864 5311 vero
2908 5248 3272 5307 laborantibus
3315 5236 3630 5311 corporibus

2040 5357 2205 5418 multa
2242 5377 2308 5415 ex
2343 5358 2424 5411 his
2464 5355 2596 5408 ﬁunt
2635 5350 3040 5405 medicamenta.
3074 5340 3176 5407 Qui
3205 5340 3318 5391 haec
3346 5342 3523 5389 autem
3552 5333 3627 5386 in-

2042 5462 2273 5525 terrogat
2293 5495 2307 5517 ,
2339 5466 2433 5505 cur
2460 5450 2586 5501 forte
2609 5447 2758 5497 facta:
2789 5441 2913 5501 sint,
2946 5430 3293 5504 interregabit
3320 5428 3503 5492 etiam,
3535 5430 3625 5479 cui

2042 5549 2093 5601 in
2126 5518 2278 5601 nobis
2309 5544 2375 5598 sit
2405 5540 2526 5594 bilis
2555 5550 2603 5591 et
2640 5531 2862 5604 pituita?
2904 5529 3036 5583 Nam
3063 5536 3126 5582 ea
3153 5530 3391 5611 quoque,
3412 5522 3455 5575 si
3476 5518 3623 5575 ext-i-

2044 5650 2147 5694 lata
2173 5636 2388 5699 literint,
2412 5641 2610 5687 exeunt
2641 5629 2752 5683 fera
2780 5619 3169 5686 vehementius,
3195 5618 3397 5687 totique
3424 5611 3634 5683 corpori

2042 5731 2262 5787 exilium
2291 5726 2536 5780 alfct'uut.
2570 5723 2736 5776 l'orro
2768 5717 2920 5771 nobis
2945 5726 3154 5784 quoque
3184 5713 3317 5767 iucst
3356 5711 3433 5763 ira
3461 5712 3513 5761 et
3546 5721 3639 5760 cu-

2109 5873 2125 5903 ι
2164 5876 2306 5922 Unus,
2332 5861 2419 5913 sed
2441 5872 2552 5927 qum
2572 5858 2635 5907 ad
2656 5854 2831 5905 victum
2851 5848 3108 5919 perlitum.
