4030 6392
533 364 636 420 H9

528 479 754 548 piditas,
783 493 903 548 quae
940 475 1070 548 ipsis
1102 488 1313 546 quoque
1339 475 1466 530 feris
1497 474 1710 545 gravius
1735 471 1888 527 nobis
1915 470 2118 525 incom-

529 571 748 624 modum
782 570 1042 632 afferunt,
1071 567 1170 622 nisi
1197 581 1291 630 eas
1313 579 1658 622 coerceamus
1685 575 1740 619 et
1763 563 2114 618 refrenemus.

529 663 668 730 Quid
713 672 891 717 autem
929 662 1050 716 dico
1085 659 1320 714 animum
1354 667 1410 714 et
1453 659 1608 724 iram,
1641 671 1762 712 cum
1809 655 1923 724 ipse
1955 653 2114 707 etiam

528 763 709 808 noster
735 751 921 808 oculus
963 751 1014 805 in
1058 750 1290 820 pejores,
1320 765 1477 819 quam
1504 746 1652 813 ferte,
1679 745 1988 801 affectiones
2018 758 2115 798 nos

526 845 840 915 praecipitet,
870 853 929 898 ut
955 843 1044 914 qui
1073 857 1174 897 nos
1199 843 1252 896 in
1279 856 1516 896 amorem
1539 840 1789 895 acerbum
1819 845 1958 891 totos
1980 851 2115 890 con-

526 937 686 1006 ligat?
712 936 816 992 Sed
844 951 951 991 non
982 935 1102 990 ideo
1126 935 1387 998 dicemus,
1415 933 1524 987 Cur
1545 933 1657 986 hare
1678 931 1811 985 facta
1828 928 1992 984 sunt?
2019 927 2111 982 sed

521 1029 683 1084 etiam
731 1043 829 1100 pro
867 1029 1116 1084 omnibus
1166 1026 1390 1082 Domino
1434 1026 1632 1096 gratias
1675 1038 1913 1095 agemus.
1960 1021 2110 1089 Quod

523 1121 667 1175 enim
692 1131 775 1176 est
803 1135 970 1192 puero
994 1120 1229 1185 scutica,
1263 1118 1364 1174 hoc
1409 1128 1492 1173 est
1531 1117 1641 1171 fera
1686 1115 2008 1170 hominibus.
2055 1113 2110 1168 Si

521 1213 665 1267 enim
695 1227 818 1268 cum
843 1213 927 1267 vel
953 1221 1031 1268 tot
1057 1211 1216 1267 rebus
1237 1211 1440 1281 asperis
1459 1211 1853 1275 contineantur,
1876 1206 2112 1278 plerique

522 1311 703 1359 tamen
749 1305 805 1359 in
854 1313 1052 1359 tantam
1098 1302 1425 1358 extolluntur
1467 1303 1824 1373 arrogantiam
1864 1317 1878 1354 :
1920 1299 1964 1354 si
2009 1297 2112 1352 hoc

520 1395 680 1452 etiam
724 1396 935 1452 frenum
981 1395 1268 1461 ademeris,
1309 1394 1591 1450 considera
1631 1409 1742 1464 quo
1787 1393 1858 1446 sit
1896 1390 2110 1445 tandem

525 1501 838 1556 processura
881 1487 1212 1557 improbitas.
1256 1485 1329 1541 Ea
1358 1485 1426 1540 de
1454 1499 1612 1540 causa
1640 1484 1820 1538 datum
1846 1491 1928 1537 est
1958 1481 2111 1536 nobis

521 1591 714 1647 corpus
740 1577 875 1633 adeo
905 1577 1107 1632 morbis
1131 1576 1440 1641 obnoxium,
1473 1573 1708 1645 patibile,
1736 1571 1876 1643 quod
1898 1571 2110 1626 obside-

523 1676 608 1722 tur
629 1684 659 1722 a
691 1669 844 1724 malis
875 1668 1350 1724 innumerabilibus
1379 1676 1470 1722 :et
1501 1676 1660 1732 terra,
1693 1680 1812 1736 qua:
1838 1679 1933 1718 sua
1959 1673 2106 1731 sunt,

521 1758 767 1826 producit
803 1774 930 1814 cum
974 1758 1283 1814 laboribus:
1312 1766 1366 1813 et
1408 1759 1652 1812 universa
1688 1758 1793 1810 vita
1836 1755 1988 1826 plena
2027 1762 2111 1810 est

518 1851 826 1905 sudoribus.
863 1851 1123 1918 Quoniam
1146 1863 1384 1920 przesens
1413 1849 1516 1902 vita
1537 1860 1624 1904 est
1648 1847 1810 1902 veluti
1837 1846 2107 1918 quodnam

517 1943 876 2013 gymnasium,
921 1943 1196 2012 otiumque
1229 1949 1285 1995 et
1326 1940 1570 1995 remissio
1618 1939 1897 2009 plerosque
1935 1936 2110 2007 perdit

518 2033 796 2098 homines,
835 2043 1113 2104 propterea
1143 2032 1410 2102 negotium
1441 2041 1496 2085 et
1524 2029 1758 2086 laborem
1783 2028 2105 2092 admiscuit,

517 2133 574 2178 ut
611 2133 877 2195 tamquam
904 2139 936 2178 a
962 2124 1277 2195 quibusdam
1304 2121 1466 2178 frenis
1491 2123 1780 2192 castigetur
1813 2120 2105 2176 acrimonia

514 2215 730 2268 utentis.
777 2214 855 2270 Tu
899 2225 1076 2270 autem
1107 2213 1385 2270 considera
1411 2213 1684 2284 quomodo
1708 2227 1770 2268 ea
1799 2212 1959 2268 etiam
1987 2227 2107 2281 qua:

515 2315 700 2361 natant
722 2323 816 2377 per
835 2306 1248 2378 profunditatem
1274 2321 1552 2377 aquarum,
1575 2315 1631 2362 et
1649 2321 1768 2377 qua:
1792 2306 1847 2360 in
1878 2306 2106 2361 sublime

515 2395 804 2462 tolluntur,
850 2413 944 2467 per
980 2406 1152 2452 artem
1183 2397 1275 2452 tibi
1307 2399 1560 2453 Dominus
1583 2398 1890 2467 subjecerit.
1917 2398 1984 2453 Et
2008 2412 2106 2453 cur

515 2499 622 2540 non
635 2487 812 2541 omnia
828 2503 948 2559 qua:
975 2487 1244 2554 videntur,
1261 2498 1609 2559 persequutus
1635 2497 1738 2558 est,
1759 2489 1985 2560 plantas,
2011 2505 2103 2545 ar-

513 2577 694 2645 bores,
712 2589 767 2634 et
793 2579 1036 2636 semina?
1074 2581 1152 2636 Ex
1182 2591 1330 2651 parte
1351 2590 1518 2637 totum
1545 2583 1881 2653 significavit,
1913 2590 1967 2638 et
1992 2594 2099 2638 stu-

514 2668 679 2723 diosis
705 2677 896 2726 cratera
923 2671 1148 2726 dicenda
1179 2671 1415 2743 reliquit.
1457 2673 1528 2729 Et
1563 2689 1749 2730 rursus
1774 2675 1826 2729 in
1853 2674 2102 2730 eumdem

511 2758 708 2816 desinit
733 2761 914 2829 linem,
945 2778 1010 2818 ex
1040 2780 1147 2835 quo
1171 2776 1409 2836 cmpcrat
1435 2784 1448 2820 :
1483 2765 1697 2822 Domine
1735 2767 1984 2822 Dominus
2005 2785 2101 2822 no-

509 2859 614 2905 ster
635 2867 655 2906 :
669 2861 724 2908 et
743 2863 868 2910 ante
888 2855 1274 2925 probationem,
1297 2869 1352 2912 ct
1380 2868 1496 2928 post
1517 2859 1888 2930 probationem
1910 2861 2100 2916 eadem

509 2945 672 3001 verba
698 2962 925 3017 ponens.
957 2950 1372 3010 Perseveremus
1400 2969 1528 3025 ergo
1555 2970 1653 3009 nos
1671 2971 1884 3027 quoque
1911 2957 2099 3012 eadem

507 3038 722 3095 assidue
747 3041 946 3109 dicere,
969 3043 1296 3102 admirantes
1321 3045 1438 3117 ejus
1467 3047 1900 3114 sollicitudinem,
1925 3051 2102 3121 suspi-

507 3131 709 3187 cientes
755 3135 1109 3205 sapientiam,
1155 3137 1533 3208 clementiam,
1578 3149 1632 3197 et
1677 3142 1793 3212 ejus
1836 3157 1960 3213 erga
2001 3159 2100 3199 nos

509 3222 915 3290 providentiam.
971 3227 1041 3281 Et
1086 3227 1201 3283 haec
1237 3229 1452 3300 quidem
1480 3245 1510 3284 a
1539 3232 1692 3286 nobis
1716 3231 1854 3287 dicta
1879 3245 2004 3288 sunt
2030 3236 2098 3289 ad

509 3314 1019 3386 interpretationem.
1049 3319 1106 3376 Si
1135 3330 1315 3377 autem
1336 3323 1514 3390 vultis,
1540 3339 1654 3379 rem
1676 3325 1864 3396 majori
1886 3343 2102 3402 quoque

507 3408 852 3464 contentione
875 3425 1116 3480 agamus,
1139 3421 1194 3468 et
1217 3412 1433 3468 Judmos
1464 3430 1728 3486 rogemus,
1761 3418 1978 3478 ubinam
2007 3440 2102 3478 vo-

508 3510 628 3553 cem
651 3499 812 3569 puelli
832 3501 1146 3558 emiserint?
1172 3502 1257 3560 ubi
1282 3505 1556 3564 inimicum
1579 3508 1698 3567 talis
1714 3530 1816 3568 vox
1832 3515 2103 3572 destruxe-

509 3593 619 3648 rit?
646 3595 861 3664 quando
887 3597 1005 3669 ejus
1030 3612 1225 3657 nomen
1256 3603 1414 3659 fuerit
1439 3603 1790 3663 admirabile?
1824 3605 1931 3664 Sed
1956 3609 2100 3667 aliud

508 3694 757 3758 tempus,
797 3705 958 3762 quam
992 3693 1093 3748 hoc
1114 3735 1132 3758 ,
1165 3711 1270 3749 non
1310 3704 1560 3765 poterunt
1587 3697 1788 3767 dicere,
1819 3701 1960 3769 quod
1987 3703 2102 3758 sole

507 3778 699 3835 clarius
725 3785 957 3840 OStendit
979 3787 1084 3840 vim
1104 3787 1360 3843 veritatis.
1387 3788 1455 3843 Et
1476 3787 1597 3845 ideo
1619 3790 1767 3859 dicit,
1782 3790 1973 3849 Videbo
1996 3810 2093 3848 ae-

509 3874 586 3930 los
609 3892 766 3946 Opera
786 3879 1060 3950 digitorum
1089 3891 1290 3936 tuorum
1317 3899 1335 3936 :
1365 3892 1419 3938 et
1441 3893 1616 3939 tamen
1637 3884 1750 3954 jam
1770 3885 1977 3942 dixerat
1994 3887 2104 3942 Mo-

508 3983 594 4022 ses
619 3968 714 4023 :In
729 3972 978 4042 principio
991 3974 1108 4044 fecit
1139 3973 1274 4030 Dens
1299 3977 1480 4030 calum
1508 3986 1554 4030 et
1584 3987 1769 4032 terram
1803 3978 2098 4054 (Gen.l.l).

582 4059 805 4115 Paulum
831 4061 1216 4120 Samosalenum
1236 4068 1486 4123 adoritur.
1598 4071 1703 4126 Sed
1724 4071 1982 4129 adversus
2037 4093 2100 4130 -

510 4150 659 4206 dmos
687 4153 902 4223 quidem
926 4157 1195 4212 sufficiunt
1223 4159 1368 4224 hate,
1397 4169 1452 4216 et
1471 4176 1590 4231 qua:
1610 4172 1734 4218 ante
1761 4164 1902 4219 dicta
1932 4178 2054 4222 sunt
2085 4187 2099 4224 :

509 4243 605 4299 sed
649 4247 900 4315 quoniam
943 4249 1032 4319 qui
1079 4249 1290 4305 illorum
1333 4252 1612 4323 dogmata,
1645 4255 1689 4308 si
1727 4254 1973 4312 dematur
1992 4260 2102 4313 cir-

510 4338 800 4402 cumcisio,
843 4342 1194 4410 aemulantur,
1229 4342 1374 4398 Pauli
1405 4344 1738 4401 Samosateui
1773 4351 1994 4404 asseclae
2023 4350 2106 4404 di-

509 4441 636 4485 cunt
661 4431 932 4488 Christum
954 4433 1117 4491 fuisse
1136 4435 1204 4490 ab
1229 4451 1295 4492 eo
1321 4445 1561 4506 tempore
1577 4479 1591 4502 ,
1625 4454 1686 4492 ex
1719 4454 1826 4509 quo
1851 4455 1914 4495 ex
1941 4441 2102 4496 Maria

513 4523 774 4588 processit
807 4523 1029 4595 (d),i"l|S
1054 4526 1214 4581 etiam
1248 4542 1496 4596 rogemus
1522 4546 1535 4583 :
1562 4528 1840 4596 Quomodo
1869 4531 1913 4585 si
1943 4533 2011 4586 ab
2039 4549 2105 4588 eo

515 4624 756 4683 tempore
781 4626 897 4671 erat
915 4617 1184 4684 Christus,
1207 4621 1370 4676 caelos
1387 4620 1676 4676 fabricatus
1702 4631 1784 4676 est
1803 4622 1826 4676 ?
1845 4623 2102 4680 Eumdem

517 4705 656 4760 enim
706 4706 791 4761 hic
829 4723 948 4763 esse
985 4709 1145 4776 dicit,
1177 4711 1264 4781 qui
1295 4727 1364 4766 ex
1397 4728 1492 4766 ore
1518 4712 1794 4768 infantium
1821 4725 1874 4770 et
1899 4715 2106 4772 lacten

516 4799 645 4851 tiqu
677 4797 887 4854 laudem
921 4799 1182 4868 perfecit,
1214 4811 1269 4857 et
1296 4802 1385 4872 qui
1413 4803 1574 4858 eteius
1602 4803 1891 4860 fabricatus
1916 4816 2016 4862 est.
2049 4807 2104 4863 Si

514 4899 691 4944 autem
731 4897 814 4944 est
851 4891 1104 4945 caelorum
1147 4893 1352 4961 opifex.
1393 4902 1559 4948 restat
1585 4903 1640 4948 ut
1668 4893 1828 4950 fuerit
1855 4905 1979 4952 ante
2004 4913 2107 4953 cas-

514 4985 632 5039 los:
678 5000 778 5040 nec
814 4983 963 5040 duxit
1001 4984 1205 5040 initium
1243 5002 1306 5040 ex
1334 4986 1528 5052 Maria,
1572 4987 1679 5042 imo
1708 5001 1823 5044 erat
1852 5001 1976 5046 ante
2000 4990 2112 5045 Ma-

513 5080 668 5134 riam.
714 5078 1006 5136 Considera
1059 5089 1235 5136 autem
1286 5081 1558 5150 [tmpwa
1608 5083 1943 5153 sapientiam.
1992 5085 2105 5140 Non

514 5175 656 5230 enim
703 5190 825 5230 eum
868 5173 1205 5230 solummodo
1246 5173 1445 5228 inducit
1487 5175 1772 5243 opificem,
1815 5175 1910 5232 Std
1947 5178 2106 5233 etiam

516 5266 865 5322 fahricautem
896 5282 1018 5323 cum
1050 5282 1238 5337 magna
1264 5265 1535 5320 facilitate.
1565 5267 1630 5320 Et
1655 5266 1778 5321 ideo
1805 5267 1934 5322 dicit
1961 5285 1974 5321 :
2019 5269 2108 5322 Vi-

515 5356 640 5412 debo
679 5358 828 5412 ctelos
866 5374 1021 5428 opera
1049 5359 1318 5429 digitorum
1349 5366 1582 5423 tuorum,
1615 5373 1718 5412 non
1747 5358 1886 5428 quod
1920 5359 2110 5415 habeat

519 5450 657 5504 Deus
679 5448 874 5521 digitos
898 5492 913 5515 ,
941 5451 1036 5505 sed
1064 5452 1298 5505 minima:
1321 5464 1442 5506 esse
1470 5451 1797 5520 operationis
1824 5452 2112 5509 ostendens

583 5578 659 5643 ()
887 5587 1227 5644 Samosatcnus
1245 5580 1444 5644 dicebat
1471 5581 1728 5641 Christum,
1768 5582 1918 5631 etiam
1935 5588 2113 5644 quate-

519 5653 612 5690 nus
638 5641 795 5704 Filius
817 5649 924 5704 erat
941 5643 1043 5700 Dei,
1066 5649 1185 5704 tunc
1208 5643 1455 5704 exsistere
1480 5645 1689 5704 coepisse
1735 5657 1848 5693 cum
1884 5641 2113 5693 exuaria

521 5703 775 5766 processit,
802 5708 863 5766 et
878 5703 944 5752 ita
974 5703 1432 5763 consubstantialem,
1480 5703 1662 5766 graece,
1710 5716 1920 5766 ,
1963 5705 2115 5755 fuisse

521 5764 664 5822 Patri,
688 5769 745 5812 ut
767 5762 897 5830 nulla
917 5773 1050 5814 esset
1074 5777 1386 5830 personarum
1411 5762 1684 5830 distinctio;
1709 5762 1807 5830 quo
1828 5781 1975 5817 sensu
1999 5781 2113 5830 vox,

522 5834 730 5884 ,
757 5823 977 5874 damnata
1003 5823 1085 5875 est
1097 5826 1145 5873 in
1167 5827 1350 5887 synodo
1367 5823 1678 5876 Antiochensi

1276 360 1334 415 S.
1360 356 1640 416 JOANNIS
1667 353 2141 413 CHRYSOSTOMI
2179 354 2500 413 ARCIIIEP.
2527 355 3063 416 CONSTANTI'NOP.

2230 483 2349 538 qua:
2374 470 2647 536 videntur,
2692 473 3040 528 familiaribus
3068 471 3222 528 nobis
3251 473 3550 529 nominibus
3576 477 3762 533 docens
3781 522 3796 545 ,

2225 573 2344 628 qua:
2357 569 2653 630 suntsupra
2681 577 2798 618 nos.
2817 562 2949 617 Nam
2967 563 3126 618 etiam
3151 564 3364 634 quando
3387 565 3514 620 dicit
3544 583 3557 619 :
3580 567 3676 634 Qui
3703 587 3799 624 mc-

2225 648 2348 702 titur
2389 651 2570 704 caelum
2606 653 2805 722 palmo,
2840 661 2892 706 et
2931 663 3118 708 terram
3144 655 3340 725 pugillo
3367 655 3516 726 (Isai.
3548 658 3638 711 40.
3668 659 3780 731 12)

2224 753 2329 793 non
2371 742 2624 812 pugillnm
2655 753 2708 797 et
2739 743 2973 813 palmum
3003 745 3310 814 significans
3329 787 3346 813 ,
3517 747 3679 814 dicit,
3709 751 3793 808 sed

2222 829 2410 884 volens
2461 833 2557 887 Dei
2604 832 2862 888 infinitam
2893 835 3182 889 ostendere
3206 837 3795 905 potentiaanuomodo

2222 934 2350 989 ergo
2398 921 2598 978 audent
2648 925 2887 979 nonnulli
2934 925 3126 981 Filium
3171 926 3354 982 dicere
3399 930 3796 990 administrant?

2221 1010 2320 1078 Qui
2351 1013 2492 1067 enim
2525 1030 2591 1068 ne
2620 1016 2920 1072 universam
2949 1018 3164 1088 quidem
3187 1034 3335 1074 suam
3360 1023 3522 1076 movit
3541 1025 3795 1092 operatio-

2221 1117 2344 1156 nem
2365 1142 2380 1168 ,
2422 1105 2636 1174 quando
2679 1108 2867 1162 caelum
2910 1107 3088 1164 facere
3113 1111 3349 1179 oportuit
3381 1129 3396 1165 :
3425 1113 3550 1182 quid
3578 1115 3696 1170 dico
3718 1126 3795 1171 to-

2222 1202 2327 1248 tam
2353 1195 2490 1250 ?sed
2511 1197 2600 1266 qui
2634 1213 2700 1252 ne
2725 1199 2997 1254 minimam
3022 1201 3235 1270 quidem
3262 1244 3278 1270 ,
3306 1203 3399 1258 sed
3425 1206 3564 1276 quod
3589 1213 3794 1265 eratvel

2219 1288 2451 1342 maxime
2497 1289 2743 1358 pusillum
2781 1308 2796 1346 :
2835 1292 3104 1361 quomodo
3130 1293 3798 1370 fueritadminister?quo-

2217 1379 2378 1434 modo
2405 1381 2719 1438 administer
2737 1424 2752 1448 ,
2778 1384 2824 1438 si
2853 1384 2982 1451 Quae
3010 1387 3134 1456 facit
3163 1384 3350 1453 Pater,
3377 1404 3437 1441 ea
3464 1406 3660 1458 quoque
3679 1395 3794 1462 facit

2218 1471 2388 1528 Filius
2428 1475 2660 1530 similiter
2700 1477 2878 1548 (Joan.
2919 1479 2976 1533 5.
3004 1478 3136 1549 19)2
3166 1477 3264 1534 Ubi
3296 1490 3379 1534 est
3400 1481 3542 1536 enim
3571 1483 3697 1538 illud
3718 1484 3798 1538 Si-

2215 1565 2430 1630 militer,
2475 1567 2521 1621 si
2567 1566 2654 1621 hic
2691 1568 2904 1637 quidem
2931 1577 3012 1622 est
3040 1568 3381 1635 administer,
3417 1572 3503 1627 ille
3533 1588 3658 1627 vero
3685 1576 3794 1643 opi-

2216 1655 2301 1711 fex
2323 1656 2345 1710 ?
2369 1657 2650 1723 Quomodo
2678 1668 2856 1714 autem
2887 1659 3017 1714 dicit
3044 1659 3160 1730 ejus
3179 1676 3298 1715 esse
3317 1677 3502 1731 Opera,
3524 1664 3797 1735 aliquando

2214 1747 2427 1818 quidem
2454 1749 2640 1804 dicens
2662 1791 2678 1814 ,
2711 1751 2959 1818 Domine,
2992 1763 3047 1806 tu
3075 1753 3137 1806 ab
3158 1754 3300 1808 initio
3327 1763 3515 1809 terram
3545 1758 3792 1827 fundasti.

2213 1847 2261 1892 et
2297 1855 2452 1910 opera
2482 1857 2722 1894 manuum
2745 1852 2947 1896 tuarum
2972 1854 3092 1897 sunt
3117 1845 3228 1898 caeli
3255 1861 3276 1899 :
3307 1845 3393 1900 hic
3421 1862 3548 1901 vero
3566 1888 3582 1910 ,
3620 1847 3794 1904 Videbo

2213 1934 2365 1984 aetas
2409 1947 2564 2000 apera
2605 1931 2880 2004 digitorum
2925 1943 3128 1988 tuorum
3161 1934 3333 2006 (Psal.
3379 1937 3499 1993 lOI.
3528 1937 3793 2010 26)?Nou

2212 2022 2358 2076 enim
2399 2021 2832 2078 administrorum
2853 2032 2980 2079 sunt
3001 2039 3162 2093 Opera
3184 2067 3200 2090 ,
3230 2026 3322 2081 sed
3348 2026 3598 2098 opificum
3632 2046 3646 2082 :
3675 2040 3728 2085 et
3753 2032 3794 2086 si

2212 2116 2332 2187 quis
2375 2117 2441 2171 sit
2483 2117 2828 2182 administer,
2860 2134 2964 2172 non
2995 2119 3068 2174 illi
3098 2119 3406 2174 attribuitur
3429 2135 3568 2189 opus
3590 2163 3606 2187 ,
3633 2122 3720 2176 sed
3747 2124 3793 2178 ci

2209 2208 2303 2280 qui
2347 2207 2654 2264 fabricatur.
2682 2209 2821 2279 Ergo
2849 2223 2912 2264 ea
2943 2210 3105 2264 etiam
3136 2225 3254 2280 qua:
3279 2219 3402 2264 ante
3431 2226 3460 2264 a
3491 2211 3636 2267 blose
3662 2213 3792 2267 dicta

2212 2309 2336 2355 sunt
2367 2299 2434 2355 de
2471 2300 2642 2368 Filio,
2689 2315 2880 2370 nempe
2919 2299 3089 2356 illud:
3122 2299 3187 2355 In
3226 2301 3476 2372 principio
3523 2304 3640 2371 fecit
3665 2302 3793 2358 Dens

2210 2391 2392 2445 celum
2426 2401 2473 2446 et
2517 2402 2731 2456 terram,
2761 2403 2816 2446 et
2843 2391 2972 2446 illud
3001 2413 3014 2445 :
3047 2390 3384 2446 Dominentur
3409 2393 3628 2462 piscibus
3650 2397 3793 2452 maris

2212 2480 2366 2553 (Gen.
2412 2482 2466 2537 1.
2513 2482 2561 2537 1.
2597 2491 2646 2535 et
2685 2481 2801 2552 26).
2845 2480 2895 2536 ls
2922 2481 3100 2546 enim,
3136 2482 3225 2551 qui
3257 2482 3476 2550 perfecit
3499 2483 3707 2542 laudem
3731 2505 3790 2542 ex

2209 2585 2305 2627 ore
2321 2571 2600 2627 infantium
2625 2580 2680 2626 et
2701 2571 3009 2627 lactentium
3026 2612 3040 2635 ,
3075 2573 3119 2627 is
3145 2571 3375 2628 visitavit
3402 2573 3692 2632 hominem.

2280 2664 2336 2719 9.
2361 2663 2612 2735 quuoles
2633 2674 2814 2718 natura
2840 2662 2992 2716 Pater
3012 2673 3058 2716 et
3073 2661 3260 2721 Filius.
3284 2662 3451 2722 Filius
3472 2685 3504 2721 a
3526 2669 3679 2723 Putre
3692 2669 3790 2723 dis-

2209 2757 2454 2830 tinguitur
2478 2756 2964 2829 hypostasiaQum
2985 2772 3111 2831 ergo
3126 2759 3193 2815 de
3221 2761 3377 2816 Patre
3391 2761 3718 2825 dicitMoses,
3733 2777 3791 2816 ea

2209 2851 2406 2906 Paulus
2430 2851 2500 2907 de
2529 2851 2666 2908 Filio
2694 2854 2921 2924 accipit,
2951 2869 3197 2924 magnam
3224 2855 3588 2924 :equalitateut
3617 2867 3791 2910 osten-

2207 2941 2362 2998 dens.
2408 2942 2546 3000 Cum
2575 2962 2704 3017 ergo
2729 2947 2886 3001 liceat
2923 2947 3120 3000 sanctis
3139 2987 3156 3012 ,
3186 2961 3306 3016 qua:
3333 2946 3401 3001 de
3428 2947 3591 3003 l'atre
3615 2947 3789 3002 dicun-

2205 3045 2326 3102 tur,
2351 3036 2812 3095 iudiscrimiuatim
2845 3038 2982 3094 Filio
3009 3039 3240 3094 tribuere
3263 3079 3278 3104 ,
3311 3049 3363 3093 et
3391 3055 3512 3109 quae
3541 3041 3610 3095 de
3635 3039 3787 3101 Filio,

2205 3127 2351 3186 Patri
2383 3130 2594 3201 (Omnia
2623 3132 2765 3185 enim
2793 3146 2882 3200 per
2905 3130 3072 3200 ipsum
3101 3134 3238 3200 facta
3263 3141 3379 3183 sunt
3409 3128 3594 3201 [Joan.
3627 3133 3678 3186 1.
3696 3130 3788 3201 3]).

2209 3223 2299 3278 ubi
2343 3222 2646 3278 administri
2691 3237 2888 3276 nomen
2931 3221 3150 3275 omnino
3179 3221 3338 3275 situm
3377 3222 3502 3276 est?
3537 3221 3648 3276 lloc
3672 3238 3791 3276 nus-

2207 3330 2366 3386 quam
2392 3315 2586 3370 viderit
2609 3314 2893 3386 quispiam.
2927 3313 3072 3380 imo,
3096 3313 3296 3383 inquit,
3325 3312 3525 3368 dictum
3555 3323 3666 3379 est,
3697 3312 3793 3367 Per

2205 3408 2390 3478 ipsum.
2421 3406 2559 3474 Quid
2580 3448 2596 3472 ,
2626 3405 2770 3477 quod
2795 3406 2898 3460 hoc
2924 3405 3095 3474 ipsum
3121 3404 3283 3459 etiam
3313 3404 3381 3459 de
3407 3404 3568 3460 Patre
3596 3405 3786 3460 dictum

2205 3499 2334 3553 est?
2373 3498 2509 3552 Audi
2550 3507 2730 3552 autem
2765 3495 3056 3564 quomodo.
3101 3494 3297 3550 Fidelis
3333 3495 3470 3550 Deus
3501 3512 3521 3548 :
3551 3514 3639 3566 per
3660 3513 3794 3567 quem

2206 3593 2369 3646 vocati
2383 3591 2504 3646 estis
2517 3591 2571 3644 in
2589 3591 2874 3645 societatem
2891 3587 3016 3642 Filii
3029 3589 3108 3643 sui
3125 3589 3200 3653 (1.
3215 3587 3364 3643 Cor.l
3379 3629 3392 3643 .
3411 3588 3486 3658 9).
3502 3589 3574 3643 Et
3592 3603 3790 3643 rursus:

2206 3683 2407 3739 Paulus
2434 3683 2695 3754 apostolus
2728 3680 2854 3736 J'esu
2895 3680 3081 3736 Christi
3124 3698 3213 3750 per
3252 3681 3563 3736 voluntatem
3593 3682 3685 3737 Dei
3709 3681 3790 3754 (2.

2211 3777 2343 3833 Tim.
2372 3779 2423 3832 1.
2455 3775 2530 3849 1).
2563 3776 2629 3831 Et
2655 3790 2878 3832 rursus:
2906 3775 3160 3843 Quoniam
3196 3793 3284 3846 per
3303 3777 3559 3846 ipsum,et
3587 3778 3786 3848 exipso,

2207 3882 2254 3926 et
2295 3873 2349 3926 in
2388 3871 2498 3942 ipso
2535 3871 2706 3926 omnia
2750 3869 2936 3942 (Rom.
2974 3870 3062 3925 11.
3093 3868 3220 3938 '56).
3290 3869 3532 3938 Quanam
3570 3885 3696 3940 ergo
3732 3869 3793 3924 de

2207 3977 2367 4016 causa
2395 3976 2518 4017 eum
2556 3961 2734 4016 dicitis
2759 3959 3175 4014 administrum?
3213 3958 3283 4016 Ut
3329 3961 3544 4015 Patrem
3579 3962 3794 4014 honore-

2209 4069 2362 4120 mus,
2401 4054 2668 4124 inquiunt.
2698 4053 2855 4124 Atqui
2877 4052 3005 4107 dicit
3029 4051 3197 4107 Filius
3227 4071 3240 4106 :
3272 4051 3340 4107 Ut
3366 4070 3540 4107 omnes
3562 4055 3791 4108 honorent

2210 4147 2424 4214 Filium,
2448 4148 2576 4201 sicut
2604 4149 2855 4200 honorant
2883 4143 3090 4200 Patrem
3119 4144 3295 4218 (Joan.
3323 4145 3377 4201 5.
3420 4145 3542 4217 25).
3576 4147 3673 4214 Qui
3700 4161 3791 4199 au-

2211 4251 2317 4298 tem
2345 4255 2450 4294 non
2474 4239 2705 4293 honorat
2728 4237 3159 4302 Filium,clarum
3175 4246 3258 4291 est
3275 4236 3417 4307 quod
3449 4253 3550 4292 nec
3571 4237 3790 4292 Patrem.

2209 4333 2346 4401 Quid
2387 4347 2549 4402 ergo,
2609 4331 2811 4402 inquit,
2855 4329 3068 4384 Patrem
3115 4328 3292 4384 dicam
3334 4327 3794 4398 Filium?Nequa-

2209 4441 2390 4498 quam.
2433 4425 2546 4479 Non
2585 4423 2728 4478 enim
2769 4421 2943 4476 dicit:
2976 4419 3048 4477 Ut
3090 4436 3176 4476 me
3199 4419 3388 4474 dicatis
3419 4420 3631 4476 Patrem
3667 4417 3792 4476 :st-d

2208 4517 2376 4590 quid?
2400 4509 2467 4572 Ut
2490 4515 2681 4570 Filium
2704 4524 3006 4568 manentem
3032 4511 3304 4566 bonoretis
3323 4521 3382 4565 ut
3401 4511 3632 4566 Patrem.
3651 4510 3792 4576 Quod

2210 4611 2256 4665 si
2279 4611 2491 4664 Patrem
2521 4607 2726 4661 dixeris
2751 4604 2968 4667 Filium,
2997 4603 3176 4658 omnia
3199 4600 3528 4658 confoderis.
3557 4603 3793 4657 Maneute

2211 4720 2339 4774 ergo
2368 4703 2467 4757 hac
2494 4700 2821 4770 proprietate
2837 4739 2852 4764 ,
2873 4706 2956 4752 est
2979 4696 3154 4750 honor
3175 4696 3493 4750 communis.
3517 4695 3793 4766 Propterea

2210 4799 2351 4853 enim
2382 4795 2514 4849 dixit
2541 4791 2731 4846 Filium
2755 4798 2809 4844 et
2837 4789 3050 4843 Patrem
3075 4827 3091 4851 ,
3123 4803 3190 4842 ne
3215 4785 3613 4841 confunderetis
3635 4786 3794 4857 hypo-

2211 4899 2402 4943 stases.
2454 4884 2510 4940 Si
2555 4891 2734 4937 autem
2779 4896 2884 4935 non
2928 4886 3072 4933 esset
3106 4877 3290 4932 eadem
3318 4878 3644 4942 substantia,
3675 4891 3797 4945 quo-

2213 4979 2374 5035 modo
2403 4979 2661 5047 azqualem
2692 4973 2948 5027 honorem
2977 4969 3286 5040 exegisset?
3315 4968 3555 5036 Quanam
3585 4984 3712 5038 ergo
3737 4966 3797 5020 de

2213 5086 2374 5128 causa
2423 5070 2551 5124 dicit
2596 5066 2843 5121 Christus
2884 5061 3050 5118 multa
3099 5059 3308 5128 abjecta
3338 5070 3390 5114 et
3418 5057 3797 5114 humiliatNos

2214 5164 2418 5219 docens
2449 5159 2803 5214 humilitatem
2829 5197 2846 5222 ,
2873 5163 2929 5210 et
2957 5161 3176 5224 propter
3202 5152 3570 5206 indumentum
3591 5151 3762 5205 carnis
3780 5189 3796 5214 ,

2214 5273 2278 5312 ac
2329 5266 2544 5326 promer
2587 5261 2859 5320 stuporem
2907 5245 3254 5309 iud-morum,
3286 5255 3341 5299 et
3381 5244 3525 5315 quod
3564 5250 3794 5315 oporteat

2216 5361 2383 5419 genus
2424 5343 2701 5399 hominum
2739 5339 3003 5394 deducere
3035 5335 3285 5406 paulatim
3322 5334 3389 5390 ad
3417 5336 3796 5404 cognitionem,

2217 5454 2271 5498 et
2309 5439 2450 5511 quod
2480 5445 2665 5493 essent
2702 5431 2998 5502 imperfecti
3027 5429 3299 5484 auditores
3319 5468 3334 5494 ,
3367 5437 3420 5482 et
3444 5428 3640 5494 alioqui
3666 5442 3800 5494 saepe

2218 5536 2454 5606 loquitur
2493 5531 2559 5586 ad
2602 5527 2905 5584 auditorum
2946 5522 3275 5594 opinionem.
3325 5521 3641 5576 Sublimiora
3668 5521 3800 5575 enim

2221 5635 2346 5685 sunt
2373 5641 2438 5681 ea
2478 5638 2598 5695 qute
2642 5628 2769 5676 sunt
2793 5618 2960 5673 solius
2985 5614 3296 5686 dignitatis;
3329 5613 3412 5669 vel
3445 5614 3618 5684 potius
3644 5611 3802 5683 quod-

2222 5734 2452 5791 cumque
2470 5717 2538 5774 de
2564 5717 2673 5771 Deo
2693 5712 2891 5768 dixeris
2912 5751 2927 5777 ,
2949 5719 3032 5764 est
3060 5708 3216 5778 longe
3240 5707 3326 5762 illa
3353 5707 3643 5761 substantia
3674 5703 3801 5760 infe-

2225 5817 2337 5874 rius
2359 5856 2374 5884 ,
2405 5819 2460 5867 et
2489 5809 2556 5865 ad
2582 5805 2883 5863 auditorum
2914 5809 3127 5874 Cupiunt
3153 5799 3370 5857 dicitur.
3402 5797 3536 5868 Quid
3564 5798 3642 5852 vis
3666 5811 3800 5853 enim

3704 364 3796 422 120
