4030 6446
269 378 362 442 ινδ

289 503 416 558 7mm
438 519 508 576 γε
528 506 635 563 καὶ
655 507 970 583 δφθαλμδς
994 511 1025 565 ὁ
1047 509 1308 582 ἡμέτερος
1329 507 1537 580 θηρίων
1560 510 1740 580 χεῖρον
1762 523 1913 580 περι·

316 597 461 653 ὲθαλε
493 598 762 667 πάθεσιν,
794 603 884 666 είς
916 602 1101 673 ἐρωτα
1140 599 1334 670 πικρὸν
1365 599 1732 670 περιπείραςς
1772 597 1913 651 Ἀλλ’

321 695 377 748 οὑ
397 694 484 748 διά
505 693 670 747 τοῦτο
693 693 967 764 ἐροῦμενο
1001 691 1102 746 Διά
1127 691 1182 744 τί
1224 688 1394 744 ταῦτα
1442 691 1667 758 γέγονεν
1691 707 1705 755 ;
1751 688 1916 744 Ἀλλά

331 788 417 839 καὶ
437 785 594 857 χάριν
616 783 891 856 εἰσόμεθα
913 783 1138 837 πάντων
1148 782 1332 836 ἕνεκεν
1357 778 1432 852 τῷ
1454 780 1719 852 Δεσπότη.
1740 781 1917 853 Ὅπερ

330 879 437 949 γάρ
470 880 617 931 ἐστιν
659 876 796 948 ίμάς
835 876 916 947 τῷ
950 874 1133 939 παιδὶ,
1162 873 1319 927 τοῦτο
1361 872 1548 944 θηρίον
1584 872 1915 945 ἀνθρώποις.

335 971 397 1025 Εἰ
434 972 545 1043 γὰρ
574 969 859 1033 τοσούτοις
890 967 1237 1038 συνεχόμενοι
1290 966 1482 1031 δεινοῖς
1524 967 1606 1030 είς
1650 964 1919 1037 τοσαύτην

334 1065 593 1118 ἀπόνοιαν
619 1063 672 1116 οί
695 1060 918 1125 πλείους
945 1060 1210 1130 αἴρονται,
1233 1056 1297 1111 ἀν
1324 1058 1420 1111 καὶ
1445 1056 1634 1110 τοῦτον
1663 1054 1920 1127 περιέλῃς

334 1161 426 1210 τὸν
449 1154 689 1226 χαλινὸν,
711 1152 965 1224 ἐννόησον
985 1150 1097 1203 ποῦ
1118 1148 1187 1203 τὰ
1208 1149 1307 1220 τῆς
1334 1148 1535 1212 κακίας
1560 1146 1918 1219 προϐήσεται.

334 1249 440 1303 Διὰ
475 1247 637 1303 τοῦτο
680 1247 776 1301 καὶ
806 1246 870 1299 τὸ
911 1244 1070 1316 σῶμα
1112 1245 1242 1315 ἡμῖν
1278 1240 1421 1296 οὑτω
1462 1239 1917 1304 κατεσκεύασται,

335 1342 610 1403 ἐπίνοσον,
646 1338 906 1410 παθητὸν,
944 1337 1048 1391 ὑπὸ
1078 1337 1287 1407 μυρίων
1323 1332 1779 1405 πολιορκούμενον
1819 1348 1923 1385 κα-

336 1435 487 1487 κῶν·
519 1432 618 1486 καὶ
645 1434 683 1504 ὴ
717 1432 791 1501 γῆ
826 1430 969 1502 μετά
1000 1429 1176 1484 πόνων
1215 1427 1285 1481 τά
1329 1426 1501 1496 αὑτῆς
1532 1424 1745 1479 δίδωσι·
1769 1423 1866 1477 καὶ
1891 1423 1922 1476 ό

336 1527 456 1596 βίος
497 1526 649 1589 ἄπας
706 1521 951 1596 ἱδρώτων
982 1521 1163 1593 γέμει.
1204 1519 1425 1590 Ἐπειδὴ
1470 1516 1852 1586 παιδευτήριον
1891 1515 1922 1568 ό

335 1616 532 1687 παρὼν
564 1616 683 1687 βίος
709 1614 846 1678 ἐστὶ,
868 1614 964 1667 καὶ
988 1613 1170 1676 ἄνεσις
1197 1612 1291 1666 καὶ
1320 1610 1484 1682 σχολὴ
1505 1610 1634 1673 τοὺς
1669 1606 1921 1671 πλείονας

332 1710 448 1763 τῶν
468 1708 774 1779 ἀνθρώπων
801 1706 1085 1771 ἀπόλλυσι,
1111 1704 1200 1758 διὰ
1225 1702 1383 1757 τοῦτο
1411 1701 1505 1756 καὶ
1543 1700 1799 1772 ἀσχολίαν
1826 1698 1923 1753 καὶ

335 1802 504 1854 ⁴ιτόνον
538 1801 674 1870 ἡμῖν
711 1797 983 1866 ἀνέμιξεν,
1013 1797 1100 1851 ἵνα
1125 1795 1312 1866 ῶσπερ
1342 1794 1447 1848 ὑπό
1483 1810 1644 1847 τινων
1687 1790 1922 1864 χαλινῶν

331 1895 397 1947 τὸ
428 1892 801 1964 ἐγηγερμένον
828 1892 926 1961 τῆς
950 1889 1187 1953 διανοίας
1206 1889 1521 1959 κολάζηται.
1550 1888 1623 1941 Σὺ
1646 1885 1705 1940 δέ
1728 1885 1922 1940 σκόπει

333 1984 436 2035 καὶ
458 1984 529 2035 τά
559 1982 833 2053 νηχόμενα
862 1979 953 2034 διά
982 1977 1079 2033 τοῦ
1116 1977 1312 2050 βάθους
1331 1976 1440 2031 τῶν
1463 1975 1696 2043 ὑδάτων,
1723 1976 1820 2031 καὶ
1850 1974 1923 2030 τά

332 2075 419 2136 είς
443 2073 579 2143 ῦῷος
612 2073 875 2144 αίρόμενα
905 2069 1140 2136 ὑπέταξέ
1163 2087 1247 2124 σοι
1288 2068 1380 2123 διὰ
1414 2069 1514 2140 τῆς
1538 2068 1736 2140 τέχνης
1766 2069 1795 2122 ό
1820 2068 1920 2122 Δε-

334 2166 570 2236 σπότης.
600 2164 712 2218 Kal
737 2162 790 2217 τί
819 2163 1020 2234 δήποτε
1045 2162 1105 2215 οὑ
1129 2161 1304 2215 πάντα
1328 2159 1529 2230 ἐπῆλθε
1552 2159 1621 2213 τά
1641 2159 1918 2231 ὁρώμενα,

332 2258 435 2309 καὶ
459 2254 608 2325 φυτά
636 2254 732 2307 καὶ
758 2254 1052 2325 σπέρματα
1077 2253 1171 2307 καὶ
1195 2252 1388 2324 δένδρα
1410 2268 1425 2316 ;
1462 2251 1596 2305 Ἀπὸ
1630 2251 1829 2324 μέρους
1860 2251 1921 2306 τὸ

334 2349 451 2400 πᾶν
493 2346 737 2418 ᾐνίξατο,
772 2346 868 2401 καὶ
903 2347 1017 2409 τοῖς
1051 2342 1372 2416 φιλομαθέσι
1407 2343 1500 2398 τὸν
1540 2345 1669 2416 περὶ
1715 2343 1920 2399 τούτων

333 2439 523 2510 ἀφῆκε
552 2438 730 2508 λόγον.
770 2439 881 2492 Kal
906 2438 1069 2492 πάλιν
1098 2439 1177 2502 είς
1204 2438 1265 2491 τὸ
1293 2437 1426 2492 αὑτὸ
1457 2437 1717 2492 καταλύει
1745 2438 1917 2505 τέλος,

334 2532 464 2586 ὅθεν
504 2532 605 2584 καὶ
632 2529 870 2602 ἤρξατοο
925 2530 1103 2599 Κύριε
1130 2534 1163 2585 d
1194 2533 1413 2600 Κύριος
1452 2530 1652 2601 ἡμῶν
1686 2532 1782 2587 καὶ
1812 2532 1921 2603 πρὸ

336 2625 440 2692 τῆς
486 2621 847 2689 ἀποδείξεως,
891 2622 987 2676 xal
1027 2621 1165 2693 μετά
1207 2623 1307 2694 τὴν
1352 2622 1626 2690 ἀπόδειξιν
1676 2622 1748 2678 τά
1780 2622 1921 2679 αὑτά

339 2714 510 2777 τιθεὶς
549 2715 791 2785 ῥήματα.
821 2714 1092 2784 Μένωμεν
1128 2715 1307 2767 τοίνυν
1341 2714 1603 2786 διηνεκῶς
1629 2714 1726 2768 καὶ
1758 2716 1919 2787 ἡμεῖς

335 2806 409 2859 ei
451 2804 596 2859 αὑτά
640 2804 911 2874 λέγοντες,
951 2803 1321 2874 θαυμάζοντες
1359 2802 1526 2858 αὑτοῦ
1557 2805 1656 2877 τὴν
1688 2806 1921 2877 κηδεμο-

336 2900 479 2964 νίαν,
508 2897 935 2969 ἐκπληττόμενοι
971 2896 1070 2967 τὴν
1106 2896 1319 2966 σοφίαν,
1345 2896 1444 2968 τὴν
1483 2896 1917 2970 φιλανθρωπίαν,

335 2992 438 3063 τὴν
467 2991 611 3059 ὑπὲρ
658 2989 816 3062 ἡμῶν
860 2988 1134 3060 πρόνοιαν.
1174 2990 1285 3043 Kal
1321 2987 1493 3043 ταῦτα
1517 2989 1619 3060 μὲν
1662 2989 1796 3061 ἡμῖν
1838 2990 1919 3054 είς

338 3080 641 3153 ἑρμηνείαν
670 3082 905 3152 εἴρηται.
931 3080 995 3134 EI
1019 3078 1078 3135 δέ
1111 3078 1389 3150 βούλεσθε,
1424 3080 1520 3134 καὶ
1547 3079 1920 3150 ἀγωνιστικῶ-

337 3190 498 3245 τερον
526 3173 620 3226 τὸν
646 3170 806 3240 λόγον
836 3170 1327 3242 μεταχειρίσωμεν,
1367 3171 1463 3224 καὶ
1499 3169 1755 3243 ἐρώμεθα
1790 3172 1921 3227 Ἰου-

337 3267 544 3332 δαίους,
585 3263 684 3318 ποῦ
724 3263 915 3318 παιδία
958 3262 1139 3335 φωνὴν
1172 3259 1273 3338 ᾖσε
1294 3275 1322 3304 ι
1347 3280 1362 3326 ;
1390 3264 1494 3319 ποῦ
1531 3265 1589 3319 δέ
1622 3267 1918 3322 κατέλυσεν

338 3355 535 3427 ἐχθρὸν
562 3357 598 3426 ἡ
628 3352 847 3424 τοιαύτη
878 3354 1028 3423 φωνή
1051 3369 1066 3418 ;
1091 3352 1223 3407 πότε
1260 3353 1318 3407 δέ
1351 3352 1664 3425 θαυμαστὸν
1696 3356 1919 3426 γέγονεν

339 3446 507 3502 αὑτοῦ
530 3446 596 3499 τδ
627 3445 833 3515 ὄνομας
891 3442 1031 3496 Ἀλλ’
1056 3443 1156 3496 οὐκ
1183 3443 1250 3497 ἂν
1281 3442 1454 3514 ἔχοιεν
1499 3443 1685 3517 ἕτερον
1725 3445 1918 3518 καιρὸν

340 3540 539 3599 εἰπεῖν.
580 3537 615 3607 ἢ
660 3536 870 3600 τοῦτον,
899 3533 961 3598 δς
999 3534 1151 3606 ἡλίου
1195 3535 1491 3608 φανότερον
1541 3535 1779 3590 δείκνυσι
1818 3537 1920 3609 τῆς

338 3629 600 3702 ἀληθείας
625 3629 729 3701 τὴν
768 3627 1016 3700 δύναμιν.
1074 3627 1172 3681 Διά
1210 3626 1369 3682 τοῦτό
1418 3645 1618 3700 φησιν*
1655 3631 1919 3699 Ὄψομαι

338 3725 484 3791 τοὺς
504 3723 802 3792 οὐρανοὺς
831 3722 976 3792 ἔργα
995 3720 1113 3775 τῶν
1132 3720 1445 3776 δακτύλων
1467 3736 1584 3777 σου
1602 3739 1616 3754 ο
1650 3723 1825 3779 καίτοι
1852 3741 1918 3793 γε

338 3814 589 3885 Μωῦσῆς
623 3815 724 3886 ἤδη
752 3810 924 3879 εἶπεν,
956 3813 1039 3867 ὅτι
1080 3814 1176 3866 Ἐν
1200 3811 1358 3883 ἀρχῇ
1395 3812 1685 3885 ἐποίησεν
1713 3818 1746 3871 ὀ
1772 3814 1918 3883 Θεὸς

339 3908 452 3963 τὸν
474 3908 738 3974 οὐρανόν
756 3906 854 3961 καί
875 3906 992 3974 τὴν
1023 3903 1157 3978 γῆν.

410 4062 527 4137 [91]
547 4063 708 4119 Ἀλλά
730 4062 866 4135 πρὸς
885 4062 985 4135 μὲν
999 4062 1288 4127 Ἰουδαίους
1306 4064 1469 4135 ἀρκεῖ
1494 4062 1802 4129 καὶταῦτα,
1820 4066 1917 4120 καὶ

336 4158 406 4211 τὰ
428 4155 739 4228 ἔμπροσθεν
771 4155 1067 4226 είρημέναι
1097 4154 1284 4228 ἐπειδὴ
1320 4155 1378 4209 δέ
1407 4158 1463 4211 οἱ
1501 4159 1667 4233 χωρὶς
1700 4175 1917 4229 περιτον-

340 4250 453 4319 μῆς
470 4247 545 4302 τὰ
565 4247 790 4301 ἐκείνων
818 4247 1151 4319 μιμούμενοι
1171 4248 1265 4301 καὶ
1288 4247 1601 4319 ζηλοῦντες,
1624 4250 1679 4302 οίν
1703 4249 1915 4304 Παύλου

335 4340 435 4394 τοῦ
472 4339 849 4411 Σαμοσατέως.
884 4340 949 4392 ἐκ
978 4339 1101 4392 τότε
1152 4339 1316 4408 φασὶν
1356 4334 1497 4394 εἶναι
1531 4341 1624 4396 τὸν
1654 4342 1914 4412 Χριστὸν,

337 4433 398 4499 ἐξ
439 4427 502 4488 οὗ
549 4432 659 4485 ἀπὸ
706 4429 923 4504 Μαρίας
969 4432 1269 4503 προῆλθεν,
1303 4430 1559 4503 ἐρώμεθα
1589 4434 1913 4500 κάκείνους,

337 4525 482 4588 πῶς,
510 4525 562 4577 εί
595 4526 659 4577 ἐκ
699 4524 819 4577 τότε
850 4519 919 4595 ἦν
956 4526 986 4578 ὁ
1028 4524 1280 4596 Χριστὸς,
1323 4526 1448 4589 τοὺς
1488 4526 1751 4597 οὐρανοὺς
1793 4525 1917 4597 ἐδη-

339 4616 678 4688 μιούργησες
701 4617 802 4669 Τὸν
820 4615 928 4688 γὰρ
969 4617 1132 4670 αὑτόν
1163 4633 1326 4689 φησιν
1359 4612 1498 4671 εἶναι
1524 4617 1777 4689 ἐνταῦθα,
1822 4618 1915 4673 τὸν

248 4752 265 4767 .
334 4711 402 4763 ἐκ
432 4708 700 4780 στόματος
736 4707 941 4778 νηπίων
983 4710 1077 4763 καὶ
1122 4708 1460 4778 θηλαζόντων
1510 4712 1917 4782 καταρτίσαντα

335 4800 508 4865 αἶνον,
558 4800 652 4853 καὶ
690 4799 781 4853 τὸν
821 4800 1194 4871 ἐργασάμενον
1236 4802 1363 4867 τοὺς
1413 4803 1693 4874 οὐρανούς.
1739 4805 1801 4859 El
1857 4804 1915 4859 δὲ

334 4891 670 4963 δημιουργὸς
712 4892 820 4946 τῶν
860 4892 1135 4963 οὐρανῶν,
1170 4893 1434 4965 πρότερος
1469 4895 1536 4947 ἂν
1566 4896 1650 4967 εἴη
1682 4894 1791 4950 τῶν
1819 4897 1913 4950 οὑ-

340 4982 520 5053 ρανῶν
579 4981 799 5035 λοιπόν·
874 4984 969 5036 καὶ
1018 4984 1120 5036 οὑκ
1180 4983 1290 5038 ἀπὸ
1346 4984 1564 5057 Μαρίας
1638 4986 1763 5058 έσχε
1811 4989 1913 5059 τὴν

335 5074 514 5147 ἀρχὴν
544 5076 599 5138 ι,
632 5073 767 5128 ἀλλά
792 5074 888 5128 καὶ
929 5074 1035 5146 πρὸ
1073 5075 1172 5145 τῆς
1202 5075 1418 5147 Μαρίας
1456 5073 1545 5149 ἦν.
1578 5079 1688 5132 Καὶ
1721 5081 1915 5135 σκόπει

333 5164 430 5217 τοῦ
460 5162 744 5233 Προφήτω
767 5164 863 5235 τὴν
896 5165 1109 5234 σοφίαν.
1135 5166 1212 5219 Οὑ
1235 5166 1343 5238 γὰρ
1371 5166 1560 5232 ἁπλῶς
1581 5169 1915 5243 δημιουργὸν

333 5256 500 5310 αύτδν
546 5256 776 5324 είσάγει,
817 5256 954 5311 ἀλλά
983 5257 1079 5311 καὶ
1116 5259 1259 5330 μετά
1295 5259 1496 5331 πολλῆς
1525 5264 1625 5333 τῆς
1663 5264 1913 5328 εὐκολίας

331 5348 786 5421 δημιουργοῦντα.
817 5348 907 5403 Διό
943 5366 1107 5422 φησιν
1126 5366 1139 5381 ’
1176 5353 1427 5422 Ὄψομαι
1450 5353 1593 5420 τοὺς
1612 5357 1912 5425 οὐρανοὺς

333 5440 480 5510 ἔργα
519 5440 638 5495 τῶν
678 5442 997 5497 δακτύλων
1025 5456 1172 5497 σοιν
1218 5445 1318 5516 οὑχ
1348 5445 1432 5499 ὅτι
1465 5446 1762 5514 δακτύλους
1797 5450 1911 5522 ἔχει

332 5532 366 5584 ὁ
407 5529 561 5596 Θεδς,
594 5531 730 5587 ἀλλά
758 5531 863 5603 τῆς
904 5531 1193 5605 ἐλαχίστης
1236 5530 1601 5607 ἐνεργείαςτὰ
1616 5541 1907 5614 δρώμεναο

394 5705 419 5769 _’
447 5703 576 5769 pnus
592 5702 947 5769 Mvaﬁnm
962 5716 979 5769 ζ
994 5702 1102 5753 Non
1122 5702 1271 5754 maIe.

389 5765 418 5802 ει
443 5767 558 5832 nee.
582 5765 696 5832 εσχι

389 5832 412 5860 °
432 5826 548 5896 Ηυξ.
574 5826 815 5897 ἐνεργείας
833 5828 893 5877 τὸ
912 5826 1196 5890 αζικρότατον
1218 5826 1413 5885 δεικνύς.

1506 393 1877 452 Εχιιοδιτιο
1915 392 1983 449 ΙΝ
2021 391 2353 450 PSALMUM
2394 391 2528 450 VIII.

3489 392 3591 450 I20

2012 503 2257 572 δεικνὺς,
2362 508 2476 571 τοῖς
2514 505 2831 578 συντρόφοις
2881 508 3015 579 ἡμῖν
3064 505 3292 579 ὀνόμασι
3339 506 3405 561 τὰ
3448 505 3593 580 ὑπὲρ

2012 597 2164 668 ἡμᾶς
2204 595 2490 652 διδάσκων.
2525 598 2680 651 Ἐπεὶ
2738 598 2836 653 καὶ
2876 598 3007 653 ὃταν
3056 598 3213 672 λέγῃ,
3268 598 3324 654 '0
3357 597 3593 670 μετρῶν

2012 690 2123 744 τὸν
2160 690 2421 760 οὐρανὸν
2460 689 2753 761 σπιθαμῇ,
2801 691 2899 746 καί
2944 690 3059 760 τὴν
3104 691 3222 762 γῆν
3269 691 3477 760 δίακίο
3528 692 3590 746 οὑ

2012 782 2191 856 δράκα
2236 782 2331 837 καὶ
2380 782 2657 854 σπιθαμὴν
2711 783 2887 853 δηλῶν
2928 786 3104 839 ταῦτα
3149 784 3318 855 λέγει,
3345 785 3482 839 ἀλλά
3529 784 3593 839 τὸ

2016 875 2320 947 ἀπέραντον
2354 875 2455 946 τῆς
2484 874 2578 929 τοῦ
2603 876 2738 930 Θεοῦ
2775 875 3058 947 δυνάμεως
3087 878 3434 951 παραστῆσαι
3464 876 3589 949 βου-

2015 967 2262 1040 λόμενος.
2293 967 2419 1032 Πῶς
2465 963 2558 1023 οὖν
2608 968 2848 1040 τολμῶσί
2897 987 3042 1035 τινες
3094 971 3366 1042 ὑπουργὸν
3409 970 3591 1040 λέγειν

2014 1062 2109 1115 τὸν
2154 1060 2321 1127 Υίόν;
2358 1061 2417 1114 '0
2458 1060 2568 1132 γὰρ
2615 1060 2749 1132 μηδὲ
2795 1062 2924 1132 ὃλην
2956 1061 3121 1115 αὑτοῦ
3168 1061 3266 1133 τὴν
3308 1062 3592 1134 ἐνέργειαν

2016 1150 2266 1222 κινήσας,
2290 1151 2380 1205 ὅτε
2406 1148 2499 1203 τὸν
2525 1149 2754 1223 οὐρανὸν
2778 1149 2885 1204 ἔδει
2908 1150 3158 1220 ποιῆσαι*
3184 1150 3238 1203 τί
3264 1149 3408 1219 λέγω
3434 1151 3592 1222 ὅλην;

2017 1242 2133 1297 ἀλλ’
2174 1241 2297 1296 οὑδέ
2322 1239 2419 1312 τὴν
2460 1241 2771 1313 ἐλαχίστην,
2804 1240 2940 1295 ἀλλά
2963 1241 3027 1295 τὸ
3075 1240 3435 1312 μικρότατον·
3476 1240 3595 1304 πῶς

2016 1334 2085 1389 ἂν
2117 1334 2202 1406 εἴη
2233 1332 2507 1405 ὑπουργὸς
2552 1327 2740 1402 οῦτοςς
2786 1331 2905 1397 πῶς
2954 1332 3243 1404 ὑπουργὸς.
3280 1335 3329 1386 εί
3358 1332 3534 1400 Ἀπερ
3562 1334 3595 1384 ό

2018 1425 2222 1494 Πατὴρ
2251 1424 2427 1490 ποιεῖ,
2460 1424 2650 1480 ταῦτα
2679 1424 2777 1479 καί
2802 1426 2835 1479 ὁ
2870 1424 3002 1491 me
3029 1425 3245 1494 ὁμοίως
3271 1426 3457 1488 ποιεῖ;
3482 1421 3594 1478 Ποῦ

2017 1516 2129 1590 γὰρ
2151 1516 2579 1587 τδ,⁹ομοίως,εί
2603 1516 2632 1569 δ
2663 1514 2762 1587 μὲν
2792 1514 3134 1587 ὑπουρτδςιὸ
3152 1515 3207 1568 δὲ
3230 1514 3592 1587 δημιουργόςς

2019 1610 2139 1675 πῶς
2168 1610 2225 1664 δὲ
2253 1607 2420 1664 αὐτοῦ
2463 1608 2532 1663 τά
2558 1608 2697 1680 ἔργα
2729 1604 2869 1663 εἷναί
2907 1625 3061 1679 φησι,
3091 1608 3222 1661 ποτέ
3265 1607 3365 1679 μὲν
3398 1606 3595 1676 λέγων,

2019 1704 2159 1759 Κατ’
2180 1702 2372 1773 ἀρχὰς
2391 1702 2496 1765 σὺ,
2521 1703 2718 1772 Κύριε,
2751 1700 2868 1771 τὴν
2892 1699 3011 1772 γῆν
3033 1700 3456 1771 ἐθεμελίωσας.
3495 1701 3596 1754 καί

2017 1794 2162 1865 ἔργα
2181 1790 2303 1848 τῶν
2328 1792 2543 1864 χειρῶν
2558 1808 2674 1848 σου
2697 1791 2857 1847 εισίν
2876 1793 2932 1846 al
2958 1790 3205 1862 οὐρανοί
3220 1808 3235 1823 ο
3258 1790 3491 1844 ἐνταῦθα
3516 1789 3595 1853 δέ,

2017 1887 2100 1941 δτι
2135 1888 2388 1957 Ὄψομαι
2422 1884 2566 1952 τοὺς
2610 1883 2907 1954 οὐρανοὺς
2955 1882 3100 1953 ἔργα
3136 1879 3256 1936 τῶν
3280 1880 3598 1936 δακτύλων

2018 1993 2172 2041 σονς
2206 1978 2282 2032 Οὐ
2313 1976 2423 2051 γὰρ
2453 1978 2564 2031 τῶν
2596 1976 2906 2049 ὑπουργῶν,
2945 1974 3083 2030 ἀλλὰ
3113 1975 3222 2028 τῶν
3249 1972 3597 2046 δημιουργῶν

2016 2071 2086 2125 τά
2120 2070 2290 2143 ἔργαο
2346 2069 2451 2125 κάν
2480 2064 2810 2142 ὑπουργδςῇ
2847 2085 2949 2131 τις,
2973 2068 3075 2121 οὑκ
3100 2067 3294 2138 ἐκείνῳ
3323 2065 3597 2133 λογίζεται

2016 2161 2080 2216 τὸ
2107 2161 2288 2234 ἔργον,
2323 2161 2461 2216 ἀλλά
2497 2160 2578 2233 τῷ
2617 2158 3059 2232 δημιουργοῦντι.
3082 2158 3227 2229 Ἀρα
3268 2156 3364 2211 καὶ
3393 2155 3463 2209 τὰ
3494 2156 3596 2227 εμ-

2017 2254 2257 2326 προσθεν
2300 2253 2567 2327 εἰρημένα
2598 2252 2677 2325 τῷ
2716 2253 2961 2316 Μωῦσετ,
2995 2249 3245 2324 περὶτοῦ
3273 2250 3406 2304 Υἱοῦ
3446 2248 3600 2322 εἴρη-

2017 2365 2129 2412 ται,
2175 2346 2255 2412 τὸ,
2297 2347 2395 2399 Ἑν
2421 2345 2581 2416 ἀρχῇ
2619 2345 2911 2414 ἐποίησεν
2944 2347 2978 2399 ό
3012 2344 3156 2411 Θεὸς
3197 2342 3307 2397 τὸν
3337 2343 3600 2411 οὐρανὸν

2018 2440 2119 2496 καί
2175 2438 2293 2509 τὴν
2324 2438 2476 2509 τῆν’
2516 2438 2613 2495 καὶ
2662 2438 2744 2505 τὸ,
2785 2437 3154 2509 Ἀρχέτωσαν
3203 2437 3324 2491 τῶν
3380 2436 3599 2504 ιχθύων

2018 2533 2128 2604 τῆς
2165 2532 2502 2601 θαλάσσης.
2540 2526 2707 2596 Οῦτος
2752 2530 2879 2604 γὰρ,
2928 2533 2958 2585 ό
3002 2529 3335 2604 καταρτίσας
3380 2530 3445 2583 ἐκ
3479 2528 3600 2582 στό-

2022 2641 2191 2694 ματος
2236 2624 2446 2695 νηπίων
2488 2624 2582 2678 καὶ
2621 2622 2963 2695 θηλαζόντων
2990 2618 3159 2687 αῐνον,
3186 2621 3349 2685 αὑτὸς
3370 2620 3464 2675 τὸν
3501 2620 3599 2675 ἆν-

2020 2716 2238 2788 θρωπον
2271 2716 2635 2787 ἐπεσκέψατο.

2087 2808 2154 2865 θ’.
2196 2809 2263 2861 ’Δ
2293 2808 2390 2880 μὲν
2414 2803 2510 2862 οὖν
2562 2807 2692 2880 περὶ
2729 2807 2824 2864 τοῦ
2858 2806 3072 2879 Πατρδς
3098 2807 3127 2860 ὁ
3152 2805 3392 2877 Μωῦσῆς
3424 2803 3596 2874 λέγει,

2016 2900 2231 2965 Παῦλος
2258 2902 2339 2965 είς
2367 2900 2461 2955 τὸν
2486 2900 2613 2955 Υἱδν
2639 2899 2990 2972 ἐκλαμϐάνει,
3024 2899 3224 2971 πολλὴν
3248 2898 3346 2970 τὴν
3379 2896 3598 2969 ἰσότητα

2015 2992 2247 3057 δεικνύς.
2280 2993 2451 3048 Ὅταν
2484 2987 2580 3047 οῦν
2615 2988 2965 3065 ἀδιάφορονῇ
3008 2994 3121 3055 τοῖς
3157 2991 3333 3061 ἁγίοις
3368 2990 3438 3044 τὰ
3468 2989 3598 3060 περὶ

2015 3086 2111 3140 τοῦ
2153 3086 2368 3159 Πατρδς
2414 3086 2682 3156 λεγόμενα
2712 3084 2790 3157 τῷ
2837 3085 2953 3156 Υίῷ
2995 3084 3322 3153 λογίζεσθαι,
3377 3082 3474 3138 καὶ
3527 3082 3599 3136 τὰ

2017 3178 2147 3251 περὶ
2174 3177 2269 3232 τοῦ
2296 3178 2428 3233 Υίοῦ
2452 3177 2532 3251 τῷ
2555 3177 2730 3250 Πατρὶ
2753 3176 2978 3250 (Πάντα
3017 3176 3130 3247 γὰρ
3161 3176 3236 3229 δι’
3257 3172 3445 3230 αὑτοῦ
3472 3172 3586 3246 ἐγέ-

2014 3272 2197 3341 νετο),
2241 3269 2347 3325 ποῦ
2393 3270 2531 3336 ὅλως
2582 3271 2643 3325 τὸ
2682 3270 2852 3342 ὄνομα
2908 3269 3001 3325 τοῦ
3052 3268 3325 3341 ὑπουργοῦ
3385 3270 3593 3334 κεῖταις

2017 3361 2270 3433 Οὑδαμοῦ
2309 3361 2468 3416 τοῦτο
2506 3361 2605 3416 ἴδοι
2632 3379 2716 3428 τις
2742 3361 2829 3417 ἄν.
2867 3360 2996 3423 Nal,
3032 3360 3216 3432 φησὶν,
3250 3358 3485 3433 εἴρηται,
3517 3360 3581 3413 Δι

2016 3456 2225 3512 αὑτοῦ.
2274 3456 2340 3509 Τί
2395 3450 2512 3522 οὖν,
2541 3457 2622 3510 ὅτι
2656 3457 2750 3511 καὶ
2797 3456 2925 3529 περὶ
2974 3453 3068 3510 τοῦ
3116 3454 3330 3528 Πατρδς
3368 3453 3429 3508 τδ
3465 3452 3598 3507 αὑτὸ

2015 3552 2265 3624 simul;
2298 3550 2409 3606 Kal
2448 3550 2680 3606 ἄκουσον
2712 3548 2849 3611 πῶς.
2884 3546 3108 3612 Πιστὸς
3141 3548 3175 3600 ὁ
3219 3544 3384 3611 Θεὸς,
3421 3543 3497 3597 δι’
3520 3538 3594 3598 οὗ

2015 3643 2310 3712 ἐκλήθητε
2336 3644 2424 3710 είς
2462 3640 2781 3697 κοινωνίαν
2805 3638 2914 3693 τοῦ
2948 3637 3089 3693 Υιοῦ
3112 3635 3319 3691 αὐτοῦ.
3350 3634 3463 3690 Kal
3489 3635 3596 3689 πά-

2013 3733 2129 3786 λινο
2174 3731 2419 3797 Παῦλος
2470 3731 2815 3796 ἀπόστολος
2856 3727 3056 3795 Ἰησοῦ
3092 3724 3351 3795 Χριστοῦ
3376 3722 3475 3778 διὰ
3501 3726 3597 3778 θε-

2014 3824 2287 3894 λήματος
2316 3823 2485 3879 Θεοῦ.
2522 3823 2632 3876 Kal
2664 3821 2827 3875 πάλιν
2846 3837 2860 3850 ·
2905 3821 3027 3874 Ὅτι
3055 3818 3131 3873 δι’
3162 3816 3371 3880 αὐτοῦ.
3405 3815 3505 3871 καὶ
3526 3815 3597 3880 ἐξ

2015 3916 2229 3981 αὐτοῦ,
2267 3915 2369 3970 καί
2407 3916 2497 3981 εὶς
2528 3912 2717 3968 αὐτὸν
2758 3909 2833 3965 τὰ
2866 3910 3082 3966 πάντα.
3117 3908 3276 3973 Τίνος
3311 3908 3370 3962 δὲ
3412 3908 3598 3963 ἕνεκεν

2015 4005 2180 4062 αὑτὸν
2206 4003 2480 4076 ὑπουργὸν
2525 4020 2695 4073 φατε;
2728 4002 2847 4058 Ἵνα
2881 4004 3204 4075 τιμήσωμεν
3238 4001 3334 4056 τὸν
3358 4001 3594 4072 Πατέρα.

2015 4094 2134 4170 [92]
2157 4095 2270 4151 Kal
2303 4094 2410 4167 μὴν
2433 4095 2463 4148 ό
2492 4094 2622 4159 Υίός
2652 4111 2844 4167 φησιν*
2863 4092 3237 4162 "haudch
3255 4093 3467 4165 τιμῶσι
3492 4094 3599 4150 τὸν

2024 4188 2185 4255 Υίὸν,
2217 4186 2413 4253 καθὼς
2449 4184 2660 4256 τιμῶσι
2687 4185 2794 4242 τὸν
2818 4185 3071 4255 Πατέρα.
3111 4186 3170 4240 '0
3208 4185 3267 4240 δὲ
3309 4183 3386 4258 μὴ
3421 4185 3599 4257 τιμῶν

2011 4281 2105 4335 τὸν
2141 4279 2292 4343 Υίὺν,
2327 4278 2550 4350 εὔδηλον
2578 4278 2660 4333 ὅτι
2684 4262 2807 4332 οὐδὲ
2828 4277 2923 4332 τὸν
2946 4276 3189 4349 Πατέρα.
3213 4277 3281 4331 Τί
3304 4273 3418 4340 οῦν,
3440 4278 3595 4347 φησὶ,

2013 4371 2235 4444 Πατέρα
2289 4369 2381 4425 τὸν
2424 4369 2553 4423 Υίδν
2594 4367 2739 4441 ἐρῶ;
2796 4368 2950 4439 υὺχί.
2992 4369 3067 4422 Οὑ
3118 4366 3230 4438 γάρ
3279 4364 3455 4421 εῐπεψ
3480 4362 3596 4419 Ἵνα

2016 4463 2238 4533 Πατέρα
2268 4479 2338 4534 με
2378 4459 2574 4533 λέγητε
2595 4477 2611 4493 ·
2642 4459 2780 4515 ἀλλά
2806 4460 2891 4526 τίς
2916 4461 3037 4515 ’Ἰνα
3078 4460 3206 4514 Υίὸν
3255 4460 3483 4529 μένοντα
3519 4457 3596 4523 ὡς

2012 4558 2105 4611 τὸν
2138 4557 2357 4629 Πατέρα
2403 4557 2624 4628 τιμᾶτε.
2649 4557 2746 4609 Ἂν
2773 4554 2831 4608 δέ
2865 4554 3086 4626 Πατέρα
3120 4555 3280 4625 εἴπῃς
3315 4554 3407 4607 τὸν
3442 4552 3593 4617 Υίδν,

2016 4650 2193 4703 πάντα
2225 4646 2503 4718 συνέχεας.
2535 4644 2820 4716 Μενούσης
2862 4644 3052 4700 τοίνυν.
3080 4644 3285 4716 ταύτης
3320 4646 3421 4715 τῆς
3464 4644 3594 4699 ἰδιό-

2013 4757 2195 4811 τητος,
2233 4738 2302 4793 τὰ
2330 4738 2430 4809 τῆς
2452 4737 2622 4809 τιμῆς
2659 4738 2815 4792 κοινά
2853 4739 2990 4794 ἐστι.
3024 4738 3123 4792 Διά
3146 4737 3256 4809 γάρ
3284 4737 3443 4792 τοῦτο
3464 4738 3594 4792 Υίδν

2013 4826 2134 4884 εἷπε
2175 4830 2269 4884 καὶ
2314 4829 2553 4901 Πατέρα,
2595 4828 2682 4882 ἵνα
2739 4829 2814 4901 μὴ
2866 4830 3135 4902 συγχέητε
3195 4829 3293 4893 τὰς
3356 4830 3596 4884 ὑποστά-

2016 4938 2145 4986 σεις.
2177 4920 2239 4974 EI
2276 4921 2352 4974 .δέ
2395 4920 2470 4992 μὴ
2508 4916 2576 4991 ἦν
2604 4921 2638 4991 ἡ
2672 4920 2811 4991 αὑτὴ
2838 4920 3015 4985 οὐσία,
3070 4920 3186 4984 πῶς
3236 4921 3302 4974 ἂν
3337 4922 3459 4992 ἴτην
3496 4923 3596 4992 τὴν

2011 5011 2176 5083 τιμὴν
2202 5011 2481 5083 dmin-1105;
2531 5010 2688 5074 Τίνος
2730 5007 2823 5064 οῦν
2858 5012 3065 5075 ἕνεκεν,
3108 5013 3262 5082 φησὶ,
3293 5013 3464 5066 πολλά
3501 5031 3597 5066 τα-

2012 5104 2174 5159 πεινά
2224 5104 2521 5175 φθέγγεται
2564 5105 2593 5158 ό
2633 5102 2899 5174 Χριστόςς
2941 5105 3051 5158 Kal
3099 5104 3596 5176 ταπεινοφροσύνην

2013 5196 2306 5260 παιδεύων,
2330 5197 2426 5250 καὶ
2445 5195 2536 5249 διὰ
2558 5196 2657 5267 τὴν
2687 5196 2787 5265 τῆς
2817 5196 3023 5266 σαρκὸς
3049 5196 3364 5267 περιϐολὴν,
3388 5195 3483 5248 καὶ
3507 5196 3595 5250 διὰ

2009 5289 2111 5359 τὴν
2136 5288 2243 5342 τῶν
2271 5288 2543 5343 Ἰουδαίων
2574 5285 2952 5357 ἀναισθησίαν,
2979 5288 3076 5340 καὶ
3091 5286 3180 5341 διά
3217 5286 3278 5339 τὸ
3302 5286 3415 5340 δεῖν
3451 5289 3595 5341 κατὰ

2015 5379 2210 5449 μικρὸν
2238 5378 2452 5447 ἐνάγειν
2484 5379 2564 5442 είς
2609 5375 2810 5445 γνῶσιν
2838 5376 2899 5428 τὸ
2931 5375 3042 5428 τῶν
3076 5374 3380 5447 ἀνθρώπων
3412 5377 3588 5446 γένος,

2011 5470 2107 5523 καὶ
2133 5468 2221 5521 διὰ
2243 5467 2305 5521 τὸ
2326 5466 2514 5529 ἀτελὲς
2540 5465 2651 5519 τῶν
2673 5465 2978 5519 ἀκουόντων
2997 5480 3009 5494 °
3039 5464 3215 5530 ἄλλως
3248 5483 3308 5520 τε
3335 5468 3427 5521 καὶ
3456 5470 3594 5539 πρὸς

2008 5561 2108 5631 τὴν
2142 5558 2398 5612 ὑπόνοιαν
2425 5554 2683 5617 πολλάκις
2723 5552 2833 5608 τῶν
2877 5553 3244 5627 ἀκροωμένων
3273 5556 3590 5627 φθέγγεται.

2009 5650 2092 5703 Τά
2135 5649 2246 5720 γάρ
2293 5646 2624 5719 ὑψηλότερα,
2664 5646 2762 5717 τῆς
2795 5643 2951 5712 ἀξίας
2999 5645 3167 5717 μόνης
3192 5647 3342 5701 ἐστί·
3390 5648 3607 5719 μάλλον.

2005 5741 2084 5804 δὲ,
2123 5741 2259 5809 ὅπερ
2290 5739 2357 5794 ἂν
2392 5737 2558 5811 λέγῃς
2588 5739 2717 5810 περὶ
2750 5737 2913 5804 Θεοῦ,
2952 5738 3129 5812 πολλῴ
3167 5740 3387 5812 σφόδρα.
3418 5761 3590 5800 mra.-

2007 5832 2288 5902 δεέστερον
2331 5830 2433 5902 τῆς
2469 5829 2656 5896 οὐσίας
2700 5830 2940 5902 ἐκείνης,
2987 5832 3081 5886 καὶ
3126 5831 3595 5905 συγκαταόάσεὼς
