4030 6404
282 332 368 390 ὶῖῒ

296 450 505 514 Αἰαίη,
547 444 787 517 uagatis
831 444 1023 511 Deira?
1063 440 1349 513 Atqniboc
1375 447 1731 508 estparvnm,
1759 435 1802 490 si
1832 433 1901 489 de

310 547 419 602 Deo
459 542 705 603 dicam:
754 548 1017 608 magnum
1059 537 1241 599 enim,
1292 531 1631 603 quantumvis
1678 529 1747 583 sit
1793 538 1910 581 ma-

312 648 499 707 gnum,
543 643 625 688 est
667 631 882 686 ﬁnitum
922 647 937 683 :
981 631 1079 685 sed
1116 628 1262 683 Deus
1297 632 1380 680 est
1418 622 1674 677 inﬁnitus.
1710 619 1775 674 Et
1802 616 1904 686 hoc

314 729 479 784 etiam
510 736 731 799 parvum
761 728 883 790 est,
909 722 955 777 si
999 720 1067 776 de
1096 720 1205 774 Deo
1228 717 1454 773 dicatur.
1487 710 1641 783 Quod
1665 713 1805 766 enim
1837 711 1900 764 li—

316 836 441 876 nem
463 832 573 873 non
596 816 789 871 habeat
808 857 824 880 ,
856 814 968 869 scio
997 829 1013 865 :
1044 808 1291 881 sedquid
1313 808 1420 875 sit,
1444 816 1535 861 aut
1565 801 1650 860 ubi
1679 804 1776 866 sit,
1812 816 1905 856 ne-

314 916 449 969 scio.
496 912 567 966 Et
602 910 651 965 si
690 909 984 979 sapientem
1007 948 1022 973 ,
1053 913 1107 960 et
1135 904 1178 960 ei
1211 902 1406 957 bonum
1446 899 1678 963 dixeris,
1713 906 1766 951 et
1792 897 1906 951 lucc

316 1007 526 1061 inﬁnita
548 1045 562 1069 ,
592 1001 729 1059 nihil
753 1001 820 1056 de
846 1000 934 1055 illa
960 997 1256 1055 Sulrstant'ia
1285 993 1466 1048 dixiin
1495 1006 1595 1061 pro
1617 990 1902 1061 dignitate,

314 1102 417 1156 sed
441 1102 612 1156 verbo
637 1100 823 1154 adesse
851 1102 1063 1165 oportet
1091 1107 1303 1148 sensum
1330 1087 1438 1144 nec
1458 1082 1690 1157 dignum.
1712 1084 1775 1141 Si
1792 1084 1906 1138 haec

312 1210 453 1266 ergo
488 1195 631 1249 adeo
665 1202 854 1262 magna
900 1188 1206 1260 dignitatem
1246 1200 1351 1239 non
1389 1181 1677 1237 ostendunt
1718 1197 1730 1232 :
1776 1192 1907 1249 quo-

316 1288 483 1342 modo
521 1287 671 1341 venia
717 1283 865 1353 digni
907 1280 1135 1345 fuerint,
1167 1277 1255 1349 qui
1281 1277 1397 1331 haec
1420 1286 1632 1346 quoque
1657 1271 1906 1326 mntilare

315 1378 631 1434 emuntur?
671 1376 957 1446 Fugiamus
996 1382 1125 1441 ergo
1165 1382 1349 1425 eorum
1378 1360 1745 1423 conventicula
1768 1364 1787 1394 ί
1810 1404 1825 1428 ,
1854 1371 1909 1416 et

315 1486 441 1526 cum
490 1468 833 1523 didicerimus
878 1461 1144 1533 Unigeniti
1183 1469 1307 1515 ante
1351 1457 1547 1514 saecula
1578 1455 1862 1509 essentiam
1889 1495 1903 1517 ,

316 1563 537 1618 creandi
563 1561 862 1615 [tcuitatem
883 1600 899 1625 ,
930 1556 1244 1613 auctoritate
1269 1551 1544 1623 przcditam
1569 1555 1905 1618 potestatem,

318 1667 423 1709 nec
464 1653 632 1707 ullam
646 1651 763 1721 ejus
787 1662 908 1705 esse
931 1664 961 1702 a
988 1647 1143 1702 Patre
1167 1642 1526 1699 diversitatem
1547 1682 1561 1705 ,
1595 1637 1909 1695 teconomizc

316 1744 723 1806 dentissiouem,
754 1738 1101 1809 multiplicem
1124 1736 1239 1805 ejus
1263 1734 1317 1788 in
1337 1746 1434 1787 nos
1455 1745 1598 1786 cura:
1619 1728 1911 1800 providen-

318 1838 448 1888 tiam
494 1833 634 1901 (hinc
680 1831 826 1887 enim
852 1828 1032 1884 omnia
1062 1835 1116 1883 et
1141 1826 1225 1881 his
1251 1825 1434 1895 plura,
1472 1821 1784 1885 thesaurus,
1816 1819 1905 1889 qui

318 1928 379 1981 in
424 1926 638 1980 Psahno
684 1923 817 1976 situs
845 1928 928 1976 est
949 1960 964 1986 ,
1001 1933 1096 1974 eos
1122 1918 1279 1972 docet
1303 1915 1392 1986 qui
1422 1913 1706 1982 diligenter
1732 1918 1907 1965 atten-

315 2017 512 2087 dunt),
555 2014 800 2085 dogmata
830 2020 1017 2067 exacte
1040 2008 1436 2072 custodiamus,
1466 2012 1525 2059 et
1550 2002 1911 2058 conversatio-

239 2167 255 2178 ,
318 2124 457 2164 nent
473 2109 545 2162 iis
564 2108 779 2177 dignam
801 2103 1146 2159 ostendamus
1164 2141 1178 2167 ,
1212 2110 1269 2154 ut
1288 2099 1426 2154 bona
1449 2097 1627 2151 futura
1652 2108 1911 2164 assequa-

319 2216 445 2256 mur
494 2218 507 2252 :
556 2201 750 2270 quibus
790 2210 888 2252 nos
915 2196 1104 2266 dignos
1133 2206 1260 2248 esse
1279 2191 1603 2246 concedatur
1626 2229 1639 2253 ,
1667 2187 1835 2258 gratia
1859 2194 1913 2240 et

320 2293 648 2363 benignitate
676 2290 882 2345 Domini
912 2284 1087 2343 nostri
1110 2285 1239 2341 Iesu
1262 2282 1496 2347 Christi,
1524 2291 1647 2335 cum
1674 2290 1780 2350 quo
1806 2278 1909 2332 Pa-

319 2388 399 2440 tri
420 2398 533 2441 una
549 2396 670 2439 eam
698 2380 1103 2451 sanctoSpiritu
1123 2421 1138 2448 ,
1171 2376 1341 2432 honor
1359 2383 1413 2430 et
1436 2373 1603 2445 gloria
1636 2373 1697 2427 in‘
1716 2371 1911 2427 smcu'la

318 2478 664 2533 mulorum.
693 2477 887 2529 Amen.

602 2630 964 2689 exrcsmo
994 2629 1063 2689 1N
1090 2628 1411 2686 PSALMUM
1439 2626 1511 2681 ιχ
1539 2625 1633 2696 (ια).

325 2772 377 2828 Ιί.
422 2767 486 2826 ιη
526 2768 679 2840 ﬁnem
721 2780 813 2839 pro
846 2765 1176 2835 occultis/itii
1196 2808 1210 2831 ,
1246 2758 1482 2817 P'safmus
1511 2762 1690 2815 David.
1726 2760 1911 2825 Alius,

399 2861 727 2930 Triumphale
763 2872 855 2931 pro
895 2868 1054 2913 morte
1089 2853 1187 2926 ﬁlii
1225 2852 1476 2910 canticum
1511 2852 1694 2906 David.
1728 2848 1910 2917 Alius,

394 2954 687 3010 J'mntatis’
699 2953 814 3021 ﬁlii.

324 3068 379 3126 2.
414 3064 704 3137 Conﬁtebor
733 3066 852 3126 tibi,
880 3062 1124 3126 Domine,
1156 3062 1208 3115 in
1235 3070 1336 3115 toto
1358 3058 1508 3113 corde
1526 3072 1665 3122 meo,
1698 3054 1914 3109 narrabo

396 3163 566 3216 omnia
594 3158 845 3213 mirabilia
870 3167 976 3210 tua.

400 3300 450 3352 ι.
473 3296 736 3368 Corﬁnio
755 3292 964 3362 duplex;
987 3290 1188 3357 Quanta
1209 3288 1374 3342 res-air
1386 3287 1587 3357 gratias?
1598 3300 1748 3356 agere
1765 3287 1915 3340 etiam

327 3408 419 3459 pro
436 3387 1075 3454 adhersis.-Longus-est
1101 3382 1187 3437 hic
1206 3382 1467 3436 Psalmus.
1492 3380 1613 3433 Hoc.
1628 3387 1806 3433 autem
1833 3384 1918 3433 est

326 3485 484 3539 etiam
513 3480 786 3550 sapientia:
805 3477 1051 3547 Spiritus.
1068 3476 1249 3545 Neque
1275 3474 1415 3528 enim
1441 3472 1571 3527 fecit;
1588 3481 1775 3525 omnes
1789 3470 1915 3525 bre-

328 3591 443 3641 vest,
471 3586 645 3643 neque
665 3585 859 3624 omnes-
881 3568 1008 3623 t‘ceit
1036 3568 1286 3637 prolixos,
1316 3564 1413 3620 sed
1444 3563 1717 3634 multiplici
1758 3570 1915 3616 mena

328 3680 450 3721 sura
474 3666 617 3719 hunc
638 3664 827 3717 librum
855 3660 1115 3725 variavit,
1139 3658 1462 3728 longitudine
1489 3656 1699 3726 quidem
1729 3669 1917 3711 socor-

330 3758 470 3811 diam
487 3758 767 3818 excitans,
782 3754 1039 3808 brevitate
1060 3760 1235 3806 autem
1265 3751 1445 3803 levans
1475 3748 1921 3816 laborem.€ouﬂ-

328 3851 467 3904 labor
495 3849 620 3912 tibi,
646 3846 895 3913 Domine,
940 3846 1004 3898 iw
1025 3854 1127 3899 toto
1154 3844 1306 3898 corde
1329 3858 1440 3897 meo
1459 3885 1473 3907 ,
1502 3841 1720 3896 narrabo
1750 3841 1921 3896 onmia

330 3941 593 3995 "ambitio
630 3949 743 3992 tua»
775 3938 987 4008 Duplex.
1005 3944 1090 3992 est
1120 3951 1296 4009 genus
1313 3932 1689 3991 confessionis.
1714 3933 1822 3990 Vel.
1836 3942 1920 3990 est

331 4034 475 4087 enim
522 4031 857 4102 propriormu
900 4038 1245 4101 peccatorum
1277 4028 1688 4097 condemnatio,
1731 4030 1815 4085 vel
1865 4029 1918 4081 in

339 4125 504 4179 Deum
541 4124 827 4193 gratiarum
865 4122 1035 4176 actio...
1068 4121 1168 4176 llic
1198 4120 1703 4192 quidemsiguillcat
1728 4122 1925 4191 gratiae

335 4233 452 4271 rom
503 4217 790 4271 actionem.
830 4214 967 4282 Quid
1007 4224 1098 4270 est
1129 4225 1306 4271 autem
1326 4254 1344 4281 ,
1372 4213 1443 4268 In
1465 4224 1567 4268 toto
1590 4214 1743 4268 corde
1763 4226 1872 4268 ntro
1900 4214 1924 4268 ?

336 4310 470 4363 tium
501 4309 647 4362 omni
676 4307 950 4363 alacritate
977 4307 1176 4374 animi,
1206 4306 1557 4371 cum-studio;
1585 4308 1775 4376 inquit:
1804 4304 1923 4361 Non

340 4417 449 4470 ιιι-ο·
461 4415 644 4456 rerum
668 4412 1199 4469 prospercisuceessu
1221 4441 1236 4467 ,
1259 4400 1352 4455 sed
1380 4401 1540 4456 etiam
1564 4409 1781 4471 propter
1798 4408 1924 4456 con.

339 4492 528 4545 traria.
577 4490 691 4544 Hoc
730 4491 868 4545 enim
900 4499 986 4545 est;
1018 4491 1261 4545 maxime?
1291 4490 1429 4560 grati
1470 4493 1675 4557 animi,
1708 4491 1808 4546 hoc
1835 4507 1924 4546 sae

340 4584 561 4653 pictai:
590 4581 813 4637 studiosi
836 4623 851 4647 ,
897 4581 956 4636 in
995 4582 1156 4637 rebus
1187 4583 1346 4637 etiam
1375 4587 1591 4653 asperis1
1607 4593 1665 4638 et
1686 4584 1924 4640 adversis

338 4676 553 4746 gntias»
593 4689 795 4745 agere,
829 4688 929 4745 pro
970 4675 1227 4730 omnibus
1267 4676 1648 4753 glmiaikum
1676 4676 1923 4743 afﬁcere,

343 4784 453 4822 non
492 4766 667 4821 solum
711 4780 819 4836 pro:
847 4767 1121 4822 beneﬁciis
1148 4808 1163 4832 ,
1204 4766 1297 4821 sed
1322 4768 1481 4822 etiam
1505 4769 1924 4839 pro-suppliciis;

344 4859 460 4914 lloc
490 4857 929 4928 leniuimajorem
966 4858 1269 4915 mercedem
1296 4859 1577 4914 conciliat.-
1596 4860 1806 4915 Nam-in
1835 4860 1929 4915 bos

344 4950 669 5020 nis'quidem
686 4950 891 5021 gratias
907 4962 1091 5020 agens,
1118 4950 1394 5007 reddidisti
1423 4952 1661 5009 debitum
1697 4974 1711 5008 :
1738 4956 1789 5009 in
1812 4970 1928 5011 ma-

406 5045 425 5075 ι
451 5040 796 5118 ,Βρῲᾳιξξῃρεη
818 5043 963 5118 apud.
990 5042 1228 5118 Statilium
1254 5082 1268 5104 ,
1314 5047 1637 5118 syllogismos
1671 5050 1933 5118 (dolium-

340 5104 536 5165 σμούς).
564 5104 735 5175 Lectio
763 5104 1018 5175 Barberini
1043 5113 1281 5175 praastare
1319 5104 1490 5175 statim
1533 5104 1752 5175 videtur.
1788 5104 1933 5165 Att'tb

340 5178 482 5230 mend
503 5171 762 5215 conventus
803 5170 1018 5226 retinui,
1046 5170 1164 5230 quia
1198 5173 1247 5218 in
1264 5171 1471 5230 caeteris
1495 5171 1724 5223 omnibus
1746 5175 1929 5225 exem-

344 5227 565 5301 ptaribug
593 5235 699 5301 est,
737 5229 941 5301 et‘quia
980 5227 1155 5292 aptius
1179 5228 1395 5294 dicitur,
1435 5234 1606 5301 fugere
1649 5243 1928 5297 conventus,

341 5287 512 5351 quam,
533 5287 701 5351 fugere
722 5287 1048 5345 sutloaismos.

362 5341 377 5351 ³
408 5349 485 5413 (α)
500 5341 567 5400 ’ἰὴ
587 5341 729 5400 hunc
752 5341 988 5421 t’salmum
1009 5353 1114 5402 solo
1137 5355 1212 5402 usi
1251 5367 1422 5404 sumus
1460 5356 1632 5407 Codice
1654 5358 1933 5410 Colbertino

348 5411 426 5461 10.
453 5420 567 5461 Post.
600 5412 863 5461 lectionem
891 5419 1020 5461 LXX.
1053 5424 1165 5461 (tum
1194 5428 1310 5461 mox
1348 5418 1570 5461 senuitnr
1606 5426 1685 5461 pst
1725 5429 1933 5461 smnia.

413 5412 426 5460 .
453 5420 567 5463 Post.
600 5412 863 5463 lectionem
891 5416 1020 5473 LXX,
1053 5424 1165 5476 quae
1194 5428 1310 5465 mox
1348 5418 1570 5481 sequitur
1606 5426 1685 5484 est
1725 5429 1934 5484 symma~

346 5494 453 5554 chi;
486 5493 641 5544 altera
685 5494 881 5583 Aquilae.
928 5496 1160 5548 Hebraica
1190 5498 1263 5548 sic
1299 5479 1529 5563 leguntur
1677 5479 1930 5572 ἰτὼ-δν,

344 5596 456 5661 sua
464 5583 568 5661 Elii»
581 5585 651 5661 ds
664 5591 823 5661 macte
840 5582 1386 5661 αῐίίινερρεσυιτίε
1401 5586 1521 5652 ﬁlia
1542 5582 1638 5661 an.
1663 5595 1936 5658 prorem-

346 5645 443 5718 t'ate
452 5646 564 5718 ﬁlii,
574 5648 671 5707 alii,
685 5648 748 5698 de
758 5645 1094 5718 ﬂaridqtztate
1113 5648 1222 5718 lilii,
1243 5645 1455 5718 vertunt.
1468 5645 1810 5712 Hebraizantés
1817 5645 1936 5714 uou-

348 5708 463 5781 uulli
484 5721 627 5773 supra
671 5711 958 5781 memoratis
995 5708 1246 5762 Hebraicis
1268 5717 1432 5781 verbis
1454 5725 1537 5767 aut
1559 5708 1933 5777 instrumentum

345 5771 575 5822 uulsictun
599 5780 684 5822 aut
708 5771 972 5824 cantilena
994 5784 1154 5835 genus
1173 5776 1434 5840 suguilicari
1463 5789 1649 5845 putant.

1472 316 1831 381 EXPOSH'IO
1869 319 1933 374 lN
1974 320 2297 379 PSALMUM
2337 320 2426 377 IX.

3498 331 3599 387 i232

1998 433 2082 523 .lis
2108 445 2308 499 autem.
2331 438 2493 493 Deum
2523 438 2840 495 conatituisti
2867 440 3184 498 debitorum.
3217 442 3314 513 Qui
3342 446 3483 499 enim
3506 446 3602 502 be.

2014 526 2207 584 ncﬂcio
2245 525 2465 584 affectus
2489 540 2571 586 est
2589 572 2604 598 ,
2633 540 2689 586 et
2712 536 2822 602 agit
2848 535 3045 602 gratias
3068 578 3083 600 ,
3112 528 3288 591 reddit
3316 530 3551 592 debitum
3583 558 3596 593 :

2013 618 2107 690 qui
2145 628 2323 674 autem
2361 621 2501 676 male
2524 622 2745 679 affectus
2774 626 2857 680 est
2876 667 2892 692 ,
2924 632 2979 680 et
3007 616 3171 696 gloria
3202 627 3368 683 afﬁcit
3392 672 3406 693 ,
3442 631 3485 684 is
3507 630 3602 686 dc-

2014 714 2180 767 bitum
2222 715 2468 784 aequirit.
2499 712 2604 769 Pro
2634 716 2718 769 illa
2748 717 3037 786 gratiarum
3067 719 3277 774 actione
3308 721 3469 775 multa
3498 722 3602 776 alia

2015 806 2153 862 bona
2193 802 2333 862 Dens
2375 817 2427 863 et
2461 816 2584 861 tunc
2611 816 2667 862 et
2693 815 2835 863 nunc
2865 809 3037 864 reddit
3069 827 3082 876 ;
3111 825 3275 880 quare
3305 827 3403 867 nec
3431 813 3603 867 malo-

2014 910 2135 954 rum
2157 893 2374 972 quidem
2401 908 2591 956 s‘ensu‘s
2618 900 2685 956 ad
2715 914 2814 956 nos
2840 904 3137 971 perveniet.
3167 896 3335 960 Nemo
3364 907 3505 960 enim
3534 902 3602 961 de

2016 993 2081 1048 iis
2106 994 2293 1049 dolore
2318 995 2578 1060 afficitur,
2610 996 2922 1066 proquibus
2949 994 3056 1051 Deo
3078 998 3185 1068 agit
3211 1000 3408 1068 gratias
3434 1018 3446 1053 :
3471 1015 3604 1070 quo-

2014 1088 2153 1142 circa
2186 1084 2327 1141 aliud
2354 1098 2564 1158 quoque
2606 1086 2732 1143 hinc
2760 1084 3148 1143 lucrifaciemus
3175 1132 3190 1157 ,
3226 1106 3419 1160 nempe
3443 1093 3601 1162 argri-

2016 1182 2250 1236 tudinem
2297 1182 2457 1235 animi
2500 1176 2864 1236 discutiemus.
2915 1174 3135 1250 Quando
3182 1183 3324 1236 enim
3370 1176 3605 1252 privatus

2015 1274 2178 1330 lueris
2228 1275 2510 1344 peetiniis,
2555 1284 2610 1328 et
2653 1275 2852 1343 gratias
2896 1274 3103 1345 egeris,
3151 1291 3258 1329 non
3304 1274 3507 1332 tantum
3555 1288 3607 1332 to

2016 1366 2262 1430 mordere
2290 1376 2463 1436 potest
2491 1367 2740 1422 damnum
2766 1409 2781 1432 ,
2808 1378 3062 1437 quantum
3093 1364 3271 1423 laetitia
3301 1368 3606 1440 afﬁcitgra-

2014 1459 2204 1512 tiarum
2246 1460 2406 1514 actio.
2451 1452 2563 1516 Hoc
2605 1460 2817 1516 diabolo
2846 1458 3003 1517 letale
3025 1462 3216 1517 vulnus
3245 1462 3433 1536 inﬂigit
3459 1481 3475 1519 :
3507 1464 3608 1521 hoc

2016 1550 2188 1605 reddit
2232 1552 2462 1607 animam
2508 1553 2684 1608 studio
2720 1554 2994 1623 sapientiae
3031 1550 3307 1626 praeditam
3352 1574 3365 1609 :
3401 1556 3502 1610 hoc
3541 1558 3609 1613 de

2016 1642 2178 1698 rebus
2228 1643 2578 1712 praesentibus
2615 1660 2798 1699 verum
2841 1646 3421 1717 comparatjudicium.
3451 1647 3605 1703 Multi

2015 1737 2156 1790 enim
2186 1736 2430 1791 homines
2456 1753 2561 1792 non
2592 1737 2791 1793 habent
2817 1754 2996 1793 veram
3025 1738 3093 1794 dc
3121 1732 3202 1795 bis
3229 1756 3349 1810 qutc
3377 1738 3463 1795 hic
3481 1750 3609 1796 sunt

2017 1831 2334 1886 sententiam
2360 1873 2375 1896 ,
2421 1841 2476 1886 et
2523 1830 2651 1887 ideo
2686 1843 2971 1905 anguntur.
3004 1835 3073 1889 lla
3102 1838 3261 1890 etiam
3283 1836 3371 1905 qui
3408 1836 3609 1890 insani-

2019 1933 2141 1988 unt,
2174 1939 2234 1978 ea
2263 1938 2406 1994 saepe
2432 1925 2817 1995 pertimescunt
2835 1968 2849 1993 ,
2880 1943 3000 1997 quae
3032 1943 3138 1981 non
3167 1938 3290 1981 sunt
3319 1916 3568 1982 terribilia
3591 1969 3607 1993 ,

2016 2024 2070 2068 et
2099 2031 2241 2084 sarpe
2272 2016 2556 2071 formidant
2583 2032 2644 2072 ea
2674 2033 2794 2088 quae
2822 2036 2926 2072 non
2956 2012 3285 2086 subsistunt,
3314 2029 3365 2073 et
3392 2020 3610 2074 umbras

2019 2109 2238 2179 fugiunt.
2276 2108 2368 2165 llis
2391 2120 2514 2165 sunt
2536 2108 2739 2166 similes
2771 2111 2803 2165 ii
2834 2110 2923 2181 qui
2946 2111 3197 2165 dammuu
3230 2106 3467 2182 pecunia:
3489 2126 3606 2166 me-

2019 2211 2197 2256 tuum.

2091 2293 2257 2348 Metus
2296 2308 2396 2347 non
2440 2303 2635 2348 natura:
2678 2304 2785 2359 est,
2831 2295 2920 2348 sed
2958 2288 3249 2348 voluntatis.
3274 2324 3343 2333 —
3373 2291 3489 2348 Non
3525 2303 3610 2347 est

2016 2388 2160 2441 enim
2206 2400 2408 2441 naturas
2442 2400 2652 2455 metus,
2698 2382 2801 2443 sed
2825 2381 3011 2442 libera:
3037 2387 3347 2442 Voluntatis.
3380 2386 3437 2442 Si
3466 2387 3609 2443 enim

2017 2484 2163 2533 eSset'
2204 2494 2291 2534 res
2314 2477 2563 2538 molesta,
2581 2480 2851 2549 oporteret
2875 2494 3063 2534 omnes
3086 2470 3272 2534 dolere
3298 2478 3386 2548 qui
3417 2477 3604 2548 privati

2018 2580 2145 2627 Sunt‘
2162 2578 2212 2640 ³;
2241 2572 2283 2627 si
2307 2582 2481 2628 autem
2503 2588 2608 2627 non
2631 2587 2818 2629 omnes
2833 2572 2921 2645 qui
2945 2571 3008 2627 iis
3036 2572 3324 2644 privamur,
3339 2562 3605 2634 dolemus,

2019 2684 2125 2722 non
2154 2678 2237 2721 est
2265 2666 2367 2722 hoc.
2395 2668 2575 2738 utique
2603 2667 2678 2721 rei
2710 2675 2913 2721 naturae
2932 2707 2956 2732 ,.
2980 2655 3081 2720 sed
3104 2658 3397 2734 imperfecti
3422 2662 3606 2717 animi.

2019 2756 2477 2828 Quemadmodum
2505 2759 2647 2814 enim
2668 2757 2721 2813 in
2749 2758 2984 2813 tenebris
3008 2770 3152 2825 smpe
3178 2756 3296 2826 quis
3320 2748 3405 2809 vel
3427 2753 3607 2809 funem

2021 2855 2207 2923 timet,
2253 2866 2555 2923 serpentem
2586 2867 2708 2909 esse
2736 2852 2914 2919 ratus,
2949 2860 3001 2906 et
3029 2846 3207 2905 omnia
3237 2844 3396 2904 liabet
3424 2864 3611 2917 suspe-

2019 2954 2102 3000 cta
2124 2986 2138 3010 ,
2178 2954 2233 2999 et
2271 2945 2475 2999 amicos
2497 2944 2677 2999 hostes
2707 2958 2827 2998 esse
2855 2942 3121 2997 existimat
3153 2960 3165 2995 :
3194 2941 3266 2995 ita
3294 2942 3452 2994 etiam
3478 2955 3612 3009 qun-

2018 3053 2137 3092 rum
2163 3038 2298 3091 ratio
2319 3035 2521 3103 deﬁcit,
2544 3043 2813 3105 tamquam
2835 3024 3108 3103 profundis
3132 3031 3445 3102 quibusdam
3468 3031 3608 3100 capti

2020 3130 2254 3185 tenebris
2279 3170 2294 3195 ,
2340 3143 2518 3182 rerum
2561 3136 2801 3180 naturam
2846 3142 2950 3180 non
2982 3132 3346 3194 cognoscunt,
3374 3114 3475 3178 sed
3500 3122 3614 3175 vol-

2020 3233 2217 3276 vuntur
2256 3223 2310 3276 in
2336 3222 2449 3276 luto
2470 3262 2484 3287 ,
2518 3236 2615 3274 nec
2642 3218 2845 3275 faenum
2875 3218 3184 3273 existimant
3208 3231 3328 3272 esse
3358 3213 3557 3271 fanum
3594 3232 3608 3271 ι

2020 3325 2075 3371 et
2104 3310 2244 3386 pleni
2272 3315 2493 3369 avaritia
2515 3357 2528 3380 ,
2565 3322 2757 3367 tetrum
2784 3311 3005 3366 odorem
3035 3326 3138 3364 non
3163 3310 3401 3364 sentiunt
3429 3326 3440 3360 :
3465 3307 3607 3378 quod

2020 3414 2064 3466 si
2112 3405 2248 3464 forte
2286 3407 2644 3473 recesserint,
2677 3415 2801 3460 tunc
2827 3405 3017 3462 scient.
3050 3402 3117 3457 Et
3143 3403 3280 3456 sicut
3309 3400 3397 3471 qui
3429 3394 3608 3453 defor-

2022 3494 2123 3556 mis
2161 3500 2401 3555 mulieris
2438 3514 2621 3554 amore
2663 3498 2800 3569 capti
2845 3504 3002 3562 sunt,
3050 3505 3330 3565 postquam
3365 3508 3395 3547 a
3424 3492 3612 3546 morbo

2022 3584 2426 3656 convaluerint,
2474 3600 2599 3645 tunc
2640 3586 2816 3671 sciuqt
2861 3584 3255 3642 deformitatem
3298 3602 3310 3635 :
3354 3584 3423 3638 ita
3451 3582 3610 3638 ctiam

2022 3685 2113 3756 qui
2158 3693 2407 3741 tenentur
2444 3698 2627 3737 amore
2663 3668 2923 3752 pecuniae.
2969 3674 3037 3732 Et
3061 3674 3329 3749 quomoth
3355 3718 3369 3744 ,
3403 3668 3609 3746 inquit,

2025 3788 2213 3850 potero
2251 3793 2464 3834 cessare
2507 3776 2573 3832 ab
2597 3772 2817 3830 amore?
2846 3768 2976 3830 Utar
3002 3787 3190 3827 rursus
3214 3771 3400 3827 eodem
3428 3786 3613 3825 exem-

2026 3868 2132 3944 plo.
2178 3863 2637 3941 Quemadmodum
2684 3862 2781 3939 qui
2798 3858 3092 3923 defermem
3123 3876 3268 3921 amat
3294 3856 3569 3920 mulierem
3596 3906 3613 3931 ,

2026 3971 2069 4025 si
2110 3967 2324 4022 assidue
2362 3981 2482 4021 cum
2526 3979 2586 4018 ea
2627 3963 2822 4019 habeat
2860 3960 3299 4017 consuetudinem
3322 4000 3338 4027 ,
3370 3959 3616 4014 accendit

2027 4063 2292 4118 fornacem
2327 4078 2340 4114 :
2368 4060 2448 4114 sin
2470 4070 2646 4113 autem
2674 4073 2856 4127 parum
2884 4055 3117 4126 seipsum
3146 4053 3461 4125 sejunxerit',
3488 4068 3618 4124 pau-

2028 4156 2176 4211 latim
2213 4152 2384 4209 eilluit
2419 4152 2631 4208 aﬂ‘ectio
2661 4170 2674 4206 :
2702 4152 2773 4206 ita
2800 4149 2958 4205 etiam
2990 4158 3043 4203 tu
3075 4164 3360 4219 parumper
3388 4147 3615 4213 secede,

2030 4240 2295 4318 paululum
2337 4245 2570 4301 concede
2594 4287 2609 4311 ,
2651 4254 2705 4299 et
2742 4259 2962 4314 parvum
2994 4242 3122 4297 illud
3151 4242 3252 4298 erit
3280 4238 3505 4296 multum
3533 4240 3618 4294 in-

2030 4341 2330 4396 tervallum.
2364 4338 2541 4408 Incipe
2571 4346 2783 4392 tantum
2798 4345 2943 4392 recte
2968 4336 3164 4392 facere.
3198 4334 3377 4391 Habes
3400 4333 3616 4389 domum

2028 4430 2398 4500 superﬂuam?
2426 4428 2609 4484 Vende
2633 4469 2648 4493 ,
2692 4438 2747 4482 et
2779 4426 2847 4481 da
2873 4426 2943 4480 iis
2958 4427 3049 4494 qui
3077 4424 3313 4495 indigent
3335 4440 3484 4491 ,-nou
3516 4423 3620 4479 hoc

2031 4534 2286 4595 reputans
2306 4566 2322 4589 ,
2365 4534 2415 4579 te
2456 4537 2574 4578 eam
2596 4522 2842 4577 amittere
2861 4562 2876 4585 ,
2906 4519 3002 4577 sed
3030 4519 3125 4576 tibi
3154 4519 3327 4590 magis
3351 4519 3619 4590 propriam

2032 4620 2267 4677 efﬁcere.
2314 4617 2430 4672 Non
2470 4626 2742 4686 sumptum
2787 4615 3067 4670 considera
3092 4655 3119 4681 ,.
3150 4612 3247 4669 sed
3289 4612 3624 4669 emolumen~

2034 4722 2145 4768 tum
2168 4752 2184 4776 ,
2231 4726 2341 4764 non
2368 4704 2520 4780 quod
2555 4723 2616 4765 ea
2659 4707 2747 4762 hic
2782 4707 3008 4779 privaris
3030 4742 3057 4774 ,ι
3075 4706 3171 4762 sed
3200 4706 3343 4778 quod
3370 4706 3487 4776 ejus
3516 4705 3625 4761 illic

2033 4804 2281 4859 dominus
2318 4801 2569 4858 efltceris.
2603 4799 2677 4857 lta
2706 4801 2871 4857 etiam
2894 4807 3150 4871 perpetuo
3180 4799 3379 4870 poteris
3405 4811 3624 4853 narrare

2037 4900 2127 4954 Dei
2156 4897 2429 4953 miracula.
2462 4896 2576 4952 Hoc
2603 4898 2745 4952 enim
2775 4894 2909 4952 dicit
2930 4886 3174 4951 PSalmus
3196 4895 3265 4950 ab
3292 4893 3464 4950 Initio.
3489 4891 3622 4948 Nam

2035 4994 2123 5065 qui
2153 5000 2362 5048 tenetur
2386 5006 2571 5047 amore
2593 4993 2833 5062 pecuniae
2852 5032 2868 5059 ,
2895 4982 3001 5047 non
3033 4990 3184 5046 value
3206 4999 3382 5061 potest
3405 4988 3459 5043 in
3483 5002 3549 5044 ea
3569 5004 3627 5043 re

2035 5086 2237 5142 versari
2265 5104 2277 5140 :
2305 5066 2427 5140 riam
2455 5094 2711 5157 perpetuo
2729 5086 3024 5141 meditatur
3046 5098 3253 5148 usuras,
3280 5088 3588 5138 contractus
3609 5119 3628 5145 ,

2036 5181 2368 5253 syngraphas
2401 5221 2417 5245 ,
2457 5179 2663 5235 venalia
2685 5216 2711 5247 ,ι
2747 5187 3113 5244 testamenta,
3148 5190 3412 5247 agrorum
3442 5172 3632 5229 domo-

2038 5290 2266 5345 rumque
2294 5275 2463 5345 pretia
2487 5316 2502 5340 ,
2531 5275 2713 5339 lucra»,
2746 5286 3054 5341 cauponas,
3080 5278 3149 5326 et
3164 5278 3469 5324 nari-areae
3484 5267 3630 5338 cogi-

2041 5379 2157 5425 tare
2196 5385 2304 5425 non
2345 5377 2542 5425 cessat.
2590 5368 2693 5426 Ubi
2729 5377 2813 5423 est
2841 5375 3022 5422 autem
3052 5364 3345 5420 thesaurus.
3359 5363 3627 5433 hominis,

2042 5463 2152 5517 itlie
2169 5471 2259 5517 est
2275 5462 2447 5517 etiam!
2463 5476 2559 5516 cor
2584 5461 2700 5529 ejus
2730 5459 2943 5531 (Matth.
2966 5458 3022 5514 6t
3048 5457 3165 5528 θυι
3197 5456 3325 5513 Haec
3353 5457 3589 5527 loquitur
3616 5496 3631 5523 ,

2043 5555 2173 5611 haec
2192 5554 2511 5622 meditatur,
2552 5563 2613 5610 et
2631 5552 3085 5624 quemadmodum
3102 5552 3244 5608 servi
3271 5567 3482 5625 eaque:
3509 5560 3637 5608 sunt

2109 5732 2124 5763 ι
2162 5726 2382 5792 tumin,
2407 5730 2492 5792 qui
2532 5729 2711 5792 privati
2740 5737 2865 5792 sum,
2897 5729 3059 5782 deest.
3095 5725 3189 5778 sed
3210 5727 3336 5779 tunc
3375 5729 3637 5781 let-tionem

2054 5793 2182 5843 bene
2207 5791 2394 5843 habere
2418 5791 2551 5856 puto.
