4030 6418
488 297 590 352 1⁸23

480 412 822 466 dominorum
861 406 1214 469 meditantur,
1249 405 1319 458 ita
1349 403 1434 458 hic
1461 403 1620 458 etiam
1650 418 1712 457 ea
1740 401 2030 458 meditatur
2051 441 2068 464 ,

482 519 604 572 qua:
641 511 766 555 sunt
808 497 1015 554 Domini
1047 509 1062 553 :
1095 494 1231 562 Quid
1256 495 1459 564 jussit?
1485 493 1609 564 quid
1638 493 1927 563 perfectum
1953 492 2074 547 est?

485 593 612 660 quid
661 591 894 646 nondum
936 587 1224 658 perfectum
1263 596 1382 647 est,
1421 585 1514 641 sed
1545 595 1630 642 est
1654 584 2075 655 perliciendum?

486 685 745 752 Quocirca
775 692 825 737 te
853 679 1140 744 adhortor,
1165 689 1220 732 ut
1245 677 1312 733 ab
1341 678 1425 732 illa
1456 677 1768 733 obsessione
1796 677 2072 739 libet-atus,

486 773 720 830 verseris
746 754 799 827 in
831 772 911 826 his
943 771 1338 824 narrationibus
1363 812 1378 835 ,
1421 785 1646 824 narrans
1689 769 1780 824 Dei
1820 769 2074 824 miracula

483 884 603 936 qua:
633 866 767 920 ﬁunt
788 864 1026 936 quotidie
1051 906 1066 930 ,
1099 878 1218 934 qua:
1240 863 1521 933 privatim,
1552 878 1670 933 quze
1701 863 2073 928 communiter,

481 975 601 1028 quae
632 958 684 1012 in
711 971 917 1024 omnes,
946 972 1066 1027 qua:
1097 956 1147 1010 in
1172 969 1623 1026 unumquemque.
1648 955 1810 1010 Plena
1831 964 1911 1010 est
1934 955 2076 1010 enim

483 1051 588 1104 vita
612 1050 695 1105 his
727 1048 1160 1114 narrationibus;
1191 1058 1247 1103 et
1272 1047 1642 1117 undecumque
1669 1047 1932 1116 inceperis
1953 1087 1967 1113 ,
2000 1047 2079 1101 vi-

480 1142 635 1196 debis
681 1141 1009 1196 luculentum
1054 1153 1304 1194 emanare
1330 1138 1645 1208 prooemium
1667 1180 1682 1203 ,
1715 1137 1827 1192 sive
1850 1153 1881 1191 a
1909 1138 2073 1203 caelo,

482 1237 597 1291 sive
615 1251 645 1290 a
674 1244 814 1291 terra
840 1275 855 1298 ,
886 1235 999 1289 sive
1027 1233 1094 1288 ab
1115 1248 1239 1288 aere
1258 1273 1272 1297 ,
1304 1233 1417 1286 sive
1437 1248 1466 1285 a
1497 1231 1666 1286 brutis
1685 1273 1701 1297 ,
1730 1231 1842 1286 sive
1863 1247 1891 1284 a
1919 1231 2081 1285 semi-

484 1329 643 1383 nibus
662 1370 677 1395 ,
721 1329 834 1383 sive
875 1344 905 1382 a
934 1327 1130 1398 plantis
1155 1337 1210 1381 et
1238 1325 1553 1398 arboribus;
1587 1329 1628 1380 si
1664 1325 1793 1379 velis
1819 1325 1955 1380 dona
1982 1340 2079 1379 an-

451 1417 631 1492 ‘tiqua
710 1436 1029 1484 recensere,
1077 1421 1122 1474 si
1166 1435 1286 1490 qua:
1331 1419 1501 1489 legem
1543 1427 1981 1479 antecesserunt,
2033 1417 2078 1471 si

484 1530 606 1584 qua:
649 1515 861 1568 fuerunt
900 1514 953 1568 in
993 1514 1110 1583 lege
1131 1553 1147 1577 ,
1197 1512 1242 1566 si
1271 1526 1390 1581 qua:
1419 1519 1542 1565 sunt
1572 1510 1624 1563 in
1653 1509 1816 1578 gratia
1843 1551 1858 1573 ,
1892 1509 1934 1562 si
1962 1525 2078 1577 qua:

487 1613 607 1673 post
643 1619 927 1659 excessum
970 1619 1034 1658 ex
1069 1603 1176 1657 vita
1203 1644 1217 1666 ,
1250 1603 1293 1656 si
1324 1618 1442 1672 quae
1471 1601 1520 1655 in
1552 1601 1662 1670 ipsa
1693 1609 1896 1664 morte,
1928 1599 2077 1652 inve-

487 1698 603 1752 nies
655 1697 973 1751 innnensum
1029 1695 1243 1766 pelagus
1295 1693 1679 1748 narrationum.
1730 1691 1951 1757 Quantze
1995 1700 2078 1743 cst

484 1805 614 1859 ergo
638 1789 880 1844 stultitia:
899 1831 914 1854 ,
948 1803 1068 1843 cum
1098 1796 1176 1841 tot
1202 1786 1401 1841 narrari
1434 1785 1640 1854 possint
1669 1800 1763 1854 per
1788 1800 1904 1854 quae
1933 1783 2054 1837 vuln

489 1895 608 1952 ptas
627 1924 641 1945 ,
671 1883 875 1936 lucrum
904 1888 959 1936 et
986 1880 1188 1934 utilitas
1217 1879 1421 1949 possint
1448 1877 1640 1931 anima:
1667 1875 1944 1941 accedere,
1971 1875 2081 1928 luto

488 1975 748 2028 rationem
785 1972 1061 2043 inquinare
1080 2012 1096 2038 ,
1126 1970 1191 2025 de
1213 1969 1433 2024 avaritia
1456 1977 1508 2022 et
1530 1969 1712 2038 rapina
1737 1975 2038 2021 narrantem
2065 1965 2076 2018 !

562 2068 617 2122 ‘2.
671 2066 860 2121 Rerum
889 2065 1199 2119 naturalium
1226 2063 1516 2128 descriptio.
1550 2091 1618 2101 —
1643 2059 1794 2128 Quod
1824 2060 1868 2114 si
1899 2058 2029 2113 velis
2059 2099 2075 2124 ,

485 2159 731 2228 supernis
755 2157 974 2223 relictis,
1007 2156 1075 2211 de
1106 2166 1242 2210 terra
1265 2155 1614 2216 disseramus,
1645 2152 1713 2208 de
1733 2152 1850 2222 ejus
1879 2151 2084 2219 magni-

488 2251 695 2316 tudine,
726 2250 1012 2320 positione,
1043 2264 1164 2313 nsu,
1193 2256 1402 2313 natura,
1451 2245 1667 2298 assiduo
1707 2252 1857 2313 partu
1879 2284 1892 2306 ,
1925 2241 2084 2297 rebus

487 2342 651 2397 variis
675 2351 729 2396 et
756 2341 984 2396 diversis
1015 2356 1133 2410 quze
1176 2355 1242 2394 ex
1291 2354 1352 2394 ea
1401 2339 1710 2408 gignuntur,
1744 2335 2039 2390 seminibus
2063 2376 2080 2400 ,

491 2436 690 2501 herbis,
724 2436 940 2504 plantis,
973 2433 1217 2499 ﬂoribus,
1255 2432 1437 2502 pratis,
1471 2431 1662 2485 hortis.
1695 2427 1882 2485 Abhis
1898 2443 2083 2484 rursus

489 2531 697 2586 arboris
718 2529 1136 2598 uniuscujusque
1162 2526 1383 2598 ﬁguram
1415 2525 1620 2579 ratione
1646 2523 1962 2586 dividamus,
1990 2537 2086 2592 p0-

490 2623 761 2686 sitionem,
790 2620 1147 2685 altitudinem,
1173 2618 1367 2673 bonmn
1393 2617 1634 2682 odorem,
1663 2614 1910 2678 fructum,
1947 2624 2083 2668 tem-

492 2729 624 2783 pus,
675 2713 1062 2778 ministerium,
1107 2711 1210 2765 alia
1259 2709 1436 2764 omnia
1477 2717 1656 2762 tuente
1705 2707 2082 2772 revolventes,

495 2807 766 2876 ipsamque
791 2815 985 2858 terram
1038 2818 1132 2856 seu
1178 2800 1447 2865 feracem,
1500 2814 1595 2854 seu
1642 2797 1925 2853 sterilem:
1969 2800 2084 2866 ejus

490 2899 633 2953 enim
677 2897 808 2951 nihil
851 2906 932 2951 est
963 2897 1167 2951 inutile.
1215 2895 1423 2950 Etenim
1456 2900 1570 2947 haec
1605 2892 1820 2963 quidem
1851 2891 2081 2957 ferrum,

495 2990 582 3044 illa
611 3005 740 3045 vero
770 3004 880 3052 ars;
913 2987 1026 3042 haec
1065 3002 1285 3051 aurum,
1332 2986 1420 3040 illa
1466 2985 1584 3039 tulit
1629 2993 1941 3054 argenturm;
1973 2982 2086 3037 lucc

493 3090 752 3144 aromata,
783 3079 873 3134 illa
905 3095 1032 3133 vero
1060 3078 1445 3134 medicamenta
1476 3076 1620 3130 varia
1650 3085 1703 3129 et
1724 3074 1898 3130 omnis
1924 3089 2086 3144 gene-

497 3174 588 3229 ris.
608 3173 745 3242 Quid
762 3173 951 3227 attinet
965 3172 1144 3226 dicere
1158 3171 1437 3224 utilitatem
1453 3183 1730 3238 aquarum,
1748 3166 2083 3237 potabilium,

496 3265 780 3326 salsarum,
835 3279 988 3318 usum
1037 3263 1318 3329 montium,
1361 3261 1572 3316 metalla
1620 3261 1890 3314 variorum
1943 3274 2087 3312 mar-

498 3373 729 3422 lllOl‘lllll,
764 3357 940 3410 fontes
984 3356 1075 3426 qui
1106 3364 1230 3409 sunt
1257 3356 1307 3408 in
1334 3354 1484 3423 ipsis,
1531 3355 1752 3408 arbores
1797 3369 1916 3422 qua:
1965 3359 2090 3406 sunt

497 3460 635 3518 apta:
661 3449 727 3502 ad
761 3456 896 3501 tecta
920 3457 975 3501 et
1013 3445 1277 3501 aediﬁcia?
1321 3445 1445 3500 Haec
1487 3444 1668 3498 omnia
1713 3452 1840 3498 sunt
1887 3445 2088 3497 fructus

496 3541 827 3606 solitudinis;
858 3540 974 3595 hare
1000 3550 1054 3595 et
1080 3539 1329 3594 animalia
1355 3547 1409 3592 et
1432 3552 1619 3592 omnes
1648 3537 1786 3592 feras
1809 3537 1920 3591 alit.
1959 3534 2090 3590 Nam

498 3634 625 3705 quid
655 3636 844 3688 attinet
864 3633 1046 3688 dicere
1073 3633 1240 3696 lacus,
1269 3630 1463 3696 fontes,
1491 3629 1712 3684 fluvios?
1735 3627 2090 3696 Quemadmo-

495 3727 621 3780 dum
649 3726 792 3781 enim
814 3725 1067 3780 mulieres
1086 3739 1204 3795 qme
1226 3731 1567 3794 pepererunt,
1587 3721 1782 3777 fontem
1807 3720 1958 3775 lactis
1980 3736 2092 3790 pro-

496 3815 801 3884 fundentes,
826 3815 964 3871 natis
993 3815 1232 3885 praebent
1255 3814 1569 3868 alimentum
1599 3829 1612 3867 :
1642 3813 1712 3866 ita
1745 3812 1906 3867 etiam
1941 3821 2082 3865 terra

500 3907 670 3963 hortis
709 3916 762 3963 et
791 3907 1054 3962 viridariis
1097 3906 1285 3960 ﬂuvios
1313 3914 1367 3961 et
1394 3905 1568 3960 fontes
1609 3913 1875 3974 tamquam
1918 3917 2092 3956 mam-

503 4014 620 4054 mas
664 3999 962 4068 porrigens,
995 4012 1057 4051 ea
1083 3995 1283 4051 affatim
1333 3996 1533 4066 irrigat.
1564 3994 1670 4050 Sed
1697 3995 1750 4049 in
1781 3993 2093 4048 mulieribus

499 4090 714 4159 quidem
746 4098 958 4156 Oportet
986 4086 1240 4141 infantem
1261 4085 1327 4140 ad
1351 4101 1633 4140 mammam
1651 4087 1944 4143 accedere:
1977 4083 2092 4139 hme

501 4190 679 4236 autem
703 4180 814 4250 ipsa
841 4177 1079 4234 extendit
1113 4178 1297 4245 ubera,
1331 4180 1564 4249 undique
1590 4193 1652 4233 ea
1677 4192 1741 4233 ex
1770 4179 1878 4233 alto
1902 4177 2095 4233 demit-

503 4282 642 4328 tcns.
1107 4257 1112 4262 ’

577 4361 883 4418 Solitudinis
909 4377 1209 4416 encomtum.
1232 4391 1302 4400 --
1336 4360 1431 4415 Est
1458 4362 1617 4416 etiam
1648 4361 1782 4415 alius
1807 4375 1934 4415 usus
1963 4361 2094 4416 soli-

507 4454 726 4510 tudinis.
757 4455 855 4510 Est
880 4457 1040 4509 etiam
1086 4455 1260 4524 aptior
1304 4455 1370 4508 ad
1414 4454 1695 4508 sanitatem
1741 4453 2002 4523 corporis,
2035 4463 2093 4508 nt

505 4563 625 4618 qua:
669 4547 868 4615 praebet
914 4546 1180 4615 puriorem
1224 4546 1594 4616 respirandum
1638 4561 1840 4613 aerem,
1886 4558 1939 4601 et
1978 4546 2096 4600 uni-

504 4654 716 4693 versum
745 4640 928 4694 orbem
953 4648 1107 4694 terra:
1134 4655 1200 4693 ex
1227 4641 1332 4693 alto
1372 4638 1930 4709 circumspiciendum,
1961 4648 2016 4695 et
2043 4642 2094 4694 in

507 4731 795 4786 solitudine
823 4731 1170 4800 philosophia:
1191 4731 1529 4797 exercitium,
1552 4740 1650 4784 eta
1667 4732 1788 4784 vita:
1809 4732 1951 4785 curis
1984 4741 2098 4785 tan-

510 4825 675 4878 tillam
693 4824 1117 4892 respirationem.
1137 4821 1273 4888 Quid
1287 4839 1419 4894 opus
1437 4832 1516 4877 est
1533 4837 1957 4878 commemorare
1973 4837 2100 4876 aves

504 4931 625 4986 qua:
651 4923 866 4976 canunt,
885 4923 940 4969 et
963 4915 1290 4980 animalium,
1313 4930 1432 4984 qum
1459 4922 1652 4969 venatu
1680 4915 1986 4985 capiuntur,
2014 4914 2097 4967 vi-

509 5007 653 5062 tam?
680 5005 847 5062 [labet
882 5006 1042 5060 etiam
1086 5007 1251 5059 alium
1297 5020 1449 5059 usum
1497 5004 1748 5060 solitudo.
1780 5005 1934 5076 Smpe
1955 5006 2098 5062 enim

511 5098 726 5167 prmdiis
752 5111 1024 5152 murorum
1072 5097 1244 5150 vicem
1275 5095 1533 5165 praebuit,
1560 5095 1760 5150 habens
1813 5105 2022 5149 montes
2048 5097 2098 5148 in

511 5191 676 5244 altum
719 5199 950 5252 erectos,
1001 5187 1301 5257 voragines,
1329 5197 1382 5240 et
1420 5186 1731 5256 praecipitia.
1774 5187 1911 5253 Quid
1957 5188 2100 5241 enim

511 5281 709 5335 dixeris
736 5281 804 5334 de
832 5279 1014 5334 herbis
1038 5293 1160 5349 qua:
1187 5279 1241 5332 in
1273 5278 1402 5348 ipsis
1448 5287 1758 5344 nascuntur,
1790 5294 1909 5346 qua:
1951 5279 2102 5333 labo-

511 5372 751 5428 rantibus
773 5371 1086 5441 corporibus
1111 5385 1356 5441 magnam
1384 5385 1538 5440 opem
1565 5369 1890 5425 aﬂerunt?Si
1925 5380 2102 5425 autem

515 5462 850 5517 desertorum
879 5472 933 5516 et
960 5465 1218 5517 montium
1267 5472 1444 5517 tantus
1465 5471 1548 5516 est
1576 5477 1727 5525 usus,
1762 5472 2013 5532 tantaque
2037 5478 2101 5517 ex

519 5555 598 5606 eis
629 5555 886 5608 honorum
913 5563 997 5608 est
1037 5556 1188 5623 copia
1224 5573 1238 5608 :
1269 5557 1313 5610 si
1344 5555 1409 5609 ad
1442 5565 1638 5610 terram
1680 5555 1891 5609 veneris
1929 5555 2104 5609 arabi-

519 5642 648 5707 lem,
675 5653 732 5697 et
758 5645 978 5711 supinos
1022 5660 1260 5712 campos,
1304 5647 1583 5702 considera
1629 5656 1855 5716 quantos
1901 5646 2105 5701 videbis

522 5729 696 5786 fontes
741 5735 1126 5790 narrationum.
1168 5737 1315 5793 Sicut
1357 5739 1500 5795 enim
1542 5740 1597 5794 in
1646 5746 1829 5794 nostro
1875 5752 2102 5809 corpore

1194 293 1250 348 S.
1291 289 1567 348 JOANNIS
1603 285 2077 344 CIIRYSOSTOMI
2119 286 2438 344 AllClllEP.
2478 290 3014 352 CONSTANTINOP.

3669 305 3767 362 124

2184 397 2299 454 ha:e
2328 400 2542 470 quidem
2569 411 2695 458 sunt
2717 419 2862 472 ossa,
2879 406 2969 461 illa
2994 421 3121 462 vero
3148 408 3432 468 tiervi.tlla
3455 425 3635 468 autem
3655 433 3770 472 car-

2182 505 2278 545 nes
2307 508 2319 545 :
2352 493 2422 546 ita
2452 494 2610 549 etiam
2639 496 2692 550 in
2715 499 2995 563 terra,alia
3020 500 3233 570 quidem
3261 512 3384 558 sunt
3409 517 3639 571 montes,
3671 509 3774 563 alia

2182 583 2484 653 voragines,
2513 586 2616 639 alia
2640 587 2850 658 pinguia
2889 590 3089 658 praedia
3117 609 3133 648 ;
3160 602 3284 648 sunt
3311 593 3425 650 haec
3450 606 3630 652 autem
3652 615 3771 653 om-

2183 671 2268 725 nia
2298 674 2462 728 utilia.
2496 674 2599 729 Sed
2629 677 2752 745 quid
2782 677 2901 732 dico
2926 689 3143 747 terram,
3165 698 3284 750 qua:
3314 693 3516 740 tantum
3543 696 3628 742 est
3659 689 3772 742 ele-

2184 777 2421 821 mentum
2439 769 2463 820 ?
2483 769 2537 823 Si
2555 770 2710 825 unius
2733 771 2941 827 arboris
2961 773 3092 828 velis
3119 774 3298 830 dicere
3325 775 3566 846 ﬁguram,
3594 795 3773 846 usuin,

2183 857 2438 927 fructum,
2470 861 2612 925 folia,
2652 873 2878 935 tempus,
2905 865 3005 920 alia
3052 869 3247 932 omnia,
3281 885 3524 940 magnam
3570 872 3776 928 videbis

2183 954 2434 1008 narrandi
2480 956 2797 1022 materiam;
2841 957 2968 1013 item
3004 959 3049 1012 si
3087 963 3346 1016 montium
3389 965 3570 1029 situm,
3601 965 3646 1019 si
3677 965 3776 1018 alia

2184 1045 2362 1100 omnia
2393 1063 2406 1100 :
2437 1047 2481 1100 si
2511 1057 2690 1102 autem
2721 1049 2861 1104 hunc
2888 1051 3062 1119 ipsum
3092 1051 3360 1108 hominem
3387 1057 3632 1111 oratione
3660 1073 3776 1127 per-

2185 1137 2447 1204 sequaris,
2475 1146 2528 1191 et
2552 1138 2719 1208 ipsius
2746 1143 2989 1210 corporis
3014 1141 3407 1210 formationem,
3437 1145 3563 1201 hinc
3591 1164 3779 1204 rursus

2185 1225 2427 1284 invenies
2457 1230 2774 1286 immensum
2804 1233 3022 1304 pelagus
3043 1238 3428 1293 narrationum.
3455 1239 3513 1294 In
3539 1240 3624 1296 his
3650 1257 3781 1312 ergo

2185 1335 2480 1386 versemur,
2503 1325 2626 1379 hinc
2666 1326 2769 1381 erit
2799 1327 2954 1382 nobis
2998 1329 3240 1400 voluptas
3270 1332 3522 1395 maxiem,
3549 1334 3678 1389 hinc
3701 1334 3781 1388 lu-

2185 1427 2369 1478 crum,
2417 1413 2542 1470 hinc
2593 1416 2874 1473 incﬂ‘abilis
2914 1420 3269 1490 philosophia.
3320 1422 3432 1488 Qua
3481 1423 3548 1478 de
3575 1441 3637 1478 re
3683 1425 3783 1480 hoc

2184 1503 2512 1573 significans,
2559 1508 2829 1579 sulijunxit
2859 1553 2875 1578 ,
2905 1512 2959 1566 3.
2996 1513 3230 1566 Lauabor
3251 1525 3298 1569 et
3337 1516 3600 1570 multabo
3635 1517 3777 1572 inte.

2187 1596 2336 1650 Alius
2369 1614 2382 1651 :
2414 1596 2479 1650 Et
2506 1601 2733 1669 gaudrbo
2758 1602 2858 1670 (a).
2886 1601 3117 1657 Psallam
3145 1605 3338 1658 nomini
3361 1617 3470 1673 (ao,
3500 1607 3779 1662 Altissime.

2187 1686 2357 1752 Alius,
2393 1687 2584 1744 Canam
2634 1709 2815 1746 nonum
2858 1704 3019 1748 tuum.
3046 1695 3160 1750 Non
3191 1707 3269 1752 est
3303 1697 3405 1752 hoc
3432 1713 3660 1768 parvum
3685 1714 3780 1770 ge-

2187 1793 2290 1832 nus
2333 1778 2706 1851 pliiloSOphia‘,
2739 1783 2907 1840 lactari
2937 1786 2988 1840 in
3018 1785 3146 1841 Deo.
3176 1787 3276 1856 Qui
3303 1788 3444 1844 enim
3482 1791 3536 1844 in
3571 1791 3704 1856 Deo,
3729 1801 3783 1846 ut

2189 1879 2423 1940 Oportet,
2454 1871 2681 1935 lmtatur,
2708 1890 2921 1930 omnem
2951 1879 3260 1933 saacularem
3288 1880 3512 1950 expellit
3533 1883 3786 1952 volnpta-s

2189 1970 2313 2016 tem.
2346 1962 2482 2029 Quid
2526 1974 2608 2019 est
2631 1976 2832 2033 autem,
2863 1966 3099 2023 Lwtabor
3124 1971 3174 2023 in
3209 1972 3292 2026 te?
3319 1973 3454 2027 Cum
3483 1973 3671 2039 talem,
3701 1977 3782 2028 in-

2187 2055 2320 2122 quit,
2351 2054 2577 2111 habeam
2622 2057 2925 2125 Dominum,
2959 2059 3061 2115 hoc
3089 2071 3172 2116 est
3212 2063 3342 2118 mihi
3384 2066 3656 2134 voluptas,
3685 2066 3786 2122 hoc

2187 2159 2269 2200 est
2298 2147 2604 2202 exsultatio.
2645 2148 2700 2205 Si
2722 2151 2842 2220 quis
2881 2151 3019 2208 hanc
3045 2155 3192 2208 novit
3221 2156 3290 2209 ita
3323 2166 3380 2209 ut
3411 2173 3574 2212 nosse
3622 2173 3781 2228 Opor-

2191 2247 2285 2304 tet,
2317 2255 2422 2294 non
2447 2241 2611 2296 sentit
2647 2241 2807 2297 aliam
2843 2244 3188 2314 voluptatem.
3220 2246 3333 2302 lloc
3362 2249 3506 2303 enim
3532 2258 3621 2304 est
3665 2265 3761 2318 pro

2190 2333 2305 2404 prie
2343 2334 2624 2405 voluptas:
2652 2336 2755 2391 alia
2798 2352 2927 2393 vero
2954 2340 3132 2394 omnia
3181 2339 3293 2394 sola
3321 2351 3447 2396 sunt
3489 2342 3781 2413 voluptatis

2189 2429 2427 2495 nomina,
2460 2445 2519 2484 re
2542 2429 2653 2498 ipsa
2695 2429 2946 2484 destituta
2967 2433 3005 2486 ².
3036 2432 3160 2487 Haec
3180 2434 3462 2490 sublimem
3507 2435 3782 2490 hominem

2189 2520 2386 2587 efﬁcit;
2426 2519 2542 2576 haec
2584 2521 2816 2575 animam
2863 2522 3108 2578 liberata
3139 2539 3396 2595 corpore;
3441 2527 3559 2581 luce
3598 2527 3778 2594 efﬁcit,

2190 2621 2249 2667 ut
2271 2612 2337 2666 ad
2358 2612 2546 2667 ca-lum
2584 2613 2816 2682 aspiret;
2848 2613 2964 2668 [nec
3011 2617 3258 2682 terrenis,
3290 2627 3344 2671 et
3369 2616 3434 2671 iis
3463 2633 3589 2688 quae
3617 2617 3683 2672 ad
3708 2620 3781 2672 vi-

2188 2711 2334 2758 ctum
2363 2704 2631 2773 pertinent
2659 2704 2903 2760 altiorem
2943 2706 3252 2773 constituit;
3283 2706 3398 2762 ha:c
3425 2723 3455 2760 a
3485 2709 3632 2764 vitiis
3649 2709 3780 2765 lihe-

2190 2805 2272 2851 rat
2304 2815 2318 2851 :
2341 2807 2394 2850 et
2423 2799 2635 2852 merito.
2651 2796 2707 2853 Si
2733 2799 2874 2853 enim
2893 2800 2981 2870 qui
3007 2799 3224 2855 oulchra
3243 2815 3306 2853 ac
3323 2803 3581 2872 prmclara
3606 2812 3784 2857 amant

2189 2889 2579 2958 corpora,nihil
2602 2905 2786 2945 eorum
2803 2892 3194 2962 sentiunt,qua:
3209 2892 3274 2946 ad
3305 2895 3464 2947 vitam
3494 2896 3778 2963 pertinent,

2190 2981 2284 3035 sed
2315 2983 2366 3036 in
2399 2998 2505 3036 uno
2532 2983 2649 3036 solo
2671 2984 2859 3038 amica:
2884 2998 3104 3054 aspectu
3143 2996 3426 3040 versantur
3458 3005 3472 3040 :
3501 2989 3596 3056 qui
3623 2988 3781 3042 Deum

2191 3085 2333 3128 amat
2363 3085 2420 3128 ut
2443 3083 2675 3144 oportet,
2702 3075 2953 3145 quidnam
2975 3075 3230 3148 deinceps
3265 3079 3345 3132 vel
3375 3077 3498 3132 boni
3530 3079 3621 3134 vel
3663 3079 3779 3132 mali

2191 3168 2391 3221 sentiet
2431 3182 2639 3231 eorum,
2671 3183 2789 3236 quae
2817 3175 2942 3221 sunt
2973 3169 3023 3221 in
3053 3169 3192 3222 vita?
3216 3169 3388 3234 Nihil;
3417 3169 3513 3224 sed
3540 3171 3646 3224 erit
3666 3185 3779 3224 om-

2195 3260 2351 3314 nibus
2381 3262 2643 3330 superior,
2675 3261 3058 3315 immortalium
3080 3262 3351 3332 volnptate
3377 3263 3648 3332 perfusus,
3665 3278 3780 3317 cum

2197 3352 2316 3406 talis
2340 3352 2410 3407 sit
2440 3353 2506 3418 is,
2535 3353 2622 3423 qui
2649 3353 2714 3407 ab
2731 3353 2808 3406 eis
2829 3362 3057 3408 amatur.
3075 3353 3175 3420 Qui
3197 3355 3340 3408 enim
3363 3367 3543 3410 amant
3563 3353 3780 3421 alia,vel

2195 3441 2345 3497 inviti
2387 3443 2494 3497 cito
2535 3443 2883 3498 traducuntur
2902 3444 2968 3497 ad
2998 3444 3342 3511 oblivionem,
3373 3462 3493 3500 cum
3523 3447 3781 3503 intereant

2195 3546 2247 3590 et
2272 3534 2587 3591 ﬁaccescant
2621 3550 2742 3605 qua:
2782 3547 3030 3590 amantur
3057 3554 3070 3590 :
3103 3536 3188 3590 hic
3232 3552 3387 3591 amor
3411 3547 3496 3592 est
3525 3539 3779 3604 inﬁnitus,

2196 3628 2286 3698 qui
2317 3644 2424 3682 non
2456 3635 2631 3697 potest
2657 3627 2927 3693 desinere,
2955 3629 3044 3696 qui
3075 3638 3130 3683 et
3156 3628 3412 3699 majorem
3437 3629 3599 3686 habet
3626 3631 3772 3682 volu—

2199 3730 2420 3790 ptatem,
2451 3729 2506 3775 et
2531 3720 2646 3790 plus
2671 3721 2804 3776 lucri
2836 3738 2847 3774 :
2877 3732 2929 3776 et
2957 3721 3060 3775 hoe
3097 3721 3216 3789 ipso
3240 3732 3509 3776 amantem
3556 3721 3780 3776 delectat

2197 3823 2252 3866 et
2276 3821 2501 3878 recreat,
2525 3812 2665 3883 quod
2687 3827 2975 3883 numquam
2997 3813 3327 3868 dissolvitur.
3345 3813 3577 3868 Psallam
3598 3814 3782 3869 nomini

2199 3918 2306 3969 tuo,
2335 3907 2607 3962 Διιίκεὶηιε.
2634 3906 2744 3960 lloe
2768 3907 2906 3961 solet
2928 3905 3158 3960 maxime
3189 3905 3306 3960 ﬁeri
3335 3906 3405 3958 ab
3433 3914 3667 3961 amante.
3687 3903 3781 3972 Qui

2198 4000 2342 4053 enim
2386 4008 2590 4064 amant,
2621 4008 2820 4052 canunt
2850 3999 2902 4052 in
2928 4013 3021 4052 eos
3047 4013 3183 4067 quos
3205 4008 3388 4052 amant
3413 3998 3654 4063 cantica;
3687 3997 3779 4052 etsi

2199 4090 2318 4144 illos
2341 4105 2446 4144 non
2475 4093 2706 4155 videant,
2732 4104 2825 4158 per
2867 4089 3132 4143 canticum
3174 4087 3382 4156 seipsos
3417 4089 3779 4144 consolantur.

2201 4182 2274 4237 lla
2298 4185 2458 4237 etiam
2498 4180 2625 4236 facit
2672 4178 2929 4250 prepheta
2960 4199 2972 4234 :
3001 4181 3251 4250 quoniam
3283 4180 3423 4236 Deus
3463 4181 3636 4235 videri
3680 4194 3780 4233 non

2200 4283 2395 4343 potest,
2424 4273 2550 4327 facit
2578 4272 2629 4326 in
2658 4273 2830 4341 ipsmn
2879 4272 3104 4335 cantica,
3139 4286 3233 4339 per
3274 4283 3465 4326 cautus
3503 4287 3628 4326 cum
3673 4270 3783 4339 ipso

2199 4365 2571 4436 congrediens,
2613 4361 2938 4418 desiderium
2981 4363 3304 4429 accendens,
3343 4373 3393 4416 et
3425 4363 3600 4433 ipsmn
3627 4377 3686 4416 se
3707 4359 3781 4413 vi-

2201 4459 2329 4513 dere
2353 4457 2706 4513 existimans:
2733 4455 2812 4510 vel
2859 4456 3034 4524 potius
3071 4465 3230 4509 cantu
3260 4465 3315 4509 et
3341 4455 3554 4524 hymnis
3601 4454 3783 4508 multo-

2201 4569 2320 4608 rum
2347 4551 2635 4606 inllammat
2675 4548 3022 4603 desiderium.
3049 4547 3503 4614 Quemadmodum
3534 4548 3676 4602 enim
3700 4544 3782 4614 qui

2202 4652 2404 4706 amant,
2423 4657 2609 4696 eorum
2635 4655 2768 4709 quos
2793 4646 2976 4692 amant
3000 4639 3272 4694 celebrant
3295 4637 3558 4700 encomia,
3579 4646 3632 4692 et
3651 4636 3783 4704 ipsa-

2203 4750 2323 4789 rum
2360 4735 2575 4788 nomina
2618 4731 3134 4787 circumferuntzita
3178 4731 3263 4784 hic
3308 4731 3492 4795 etiam,
3537 4727 3781 4789 Psallam,

2208 4830 2399 4898 inquit,
2431 4827 2621 4881 nomini
2651 4837 2760 4890 tuo,
2792 4825 3063 4878 Allissime.

2276 4922 2332 4977 '5.
2369 4919 2498 4974 Vide
2517 4919 2786 4988 quomodo
2828 4918 3110 4986 seipsume
3138 4926 3276 4970 terra
3302 4917 3621 4981 erexerit,et
3643 4928 3783 4968 suam

2209 5023 2372 5068 totam
2399 5012 2463 5066 ad
2492 5011 2636 5065 illam
2680 5008 2968 5063 essentiam
2999 5008 3276 5071 extulerit,
3303 5009 3537 5076 seipsum
3569 5009 3675 5060 Deo
3699 5003 3780 5057 de-

2206 5107 2413 5161 dicans.
2440 5106 2504 5158 Et
2531 5102 2651 5156 ideo
2669 5109 2847 5154 versat
2875 5101 2990 5168 ejus
3018 5115 3209 5153 nomen
3228 5101 3470 5155 assidue:
3494 5100 3539 5154 is
3556 5108 3634 5155 est
3653 5097 3784 5152 enim

2210 5212 2327 5252 mos
2373 5194 2622 5249 amantis.
2649 5193 2702 5247 4.
2732 5193 2858 5246 Cum
2895 5207 3161 5244 conversus
3205 5192 3356 5261 fuerit
3392 5193 3628 5244 inimicus
3657 5201 3782 5241 meus

2208 5297 2503 5351 retrorsum,
2532 5283 2944 5352 inﬁrmabuntur,
2965 5293 3011 5335 et
3028 5283 3260 5352 peribunt
3300 5299 3331 5334 a
3347 5283 3483 5350 [acie
3506 5279 3782 5338 tua.Alius,

2210 5378 2472 5436 Conversis
2494 5375 2708 5429 inimicis
2739 5374 2859 5428 meis
2886 5384 3039 5429 retro.
3069 5390 3127 5426 ac
3151 5374 3340 5428 collisis
3364 5384 3515 5444 atque
3536 5371 3733 5443 perditis
3757 5383 3782 5419 α

2277 5541 2293 5571 ί
2329 5547 2410 5589 Hae
2432 5547 2599 5591 voces.
2625 5549 2678 5586 re
2694 5535 2800 5599 ipsa
2823 5531 3069 5589 destituta,
3092 5529 3273 5580 desunt
3294 5529 3344 5578 in
3365 5526 3500 5577 Colb.

2274 5626 2352 5698 (α).
2388 5626 2506 5675 "ac
2550 5621 2720 5698 '90“?
2744 5623 2878 5698 ,ΦΕ
2919 5614 3781 5698 Ἄλης).’Ῑῆαέηἷίὲνρξᾲσῖθζὲἷξξῖξ

2207 5673 2547 5751 Aquilae—esse
2590 5688 2637 5734 in
2689 5673 2816 5751 fidit.
2849 5683 3023 5737 Savil.,
3057 5673 3167 5751 sed
3195 5673 3479 5751 Aquila;_‘et
3515 5673 3779 5741 Symmachi

2209 5748 2258 5801 in
2271 5743 2523 5812 'llexaplis
2549 5747 2731 5798 uestris
2753 5763 2762 5795 :
2791 5759 3011 5810 sequens
3033 5751 3114 5794 est
3137 5743 3434 5807 Symmachi.
