4030 6448
251 314 329 375 195
1319 335 1686 396 ΕΧΡΟΞΙΤῙΟ
1718 338 1783 395 ΙΝ
1822 339 2155 398 Ρδλιιιυδι
2193 341 2290 398 IX.

266 443 364 503 ’μεθ’
391 444 658 523 ὶκὰστην
689 452 953 529 ἡμέραν
1001 458 1268 532 γινόμενα
1317 458 1594 530 θαυμάσια
1631 459 1724 513 τοῦ
1770 457 1907 513 Θεοῦ

283 536 631 612 διηγούμενον
652 580 673 606 ,
706 542 792 597 τὰ
828 544 951 618 ἰδία
990 547 1091 601 καὶ
1145 546 1215 601 τά
1251 549 1401 619 κοινῇ
1422 588 1437 612 ,
1467 547 1537 601 τά
1569 549 1650 610 είς
1700 546 1909 612 πάντας

3476 348 3583 405 ίΞῦ

2012 474 2158 516 ιστιν
2190 463 2343 528 ὀστᾶ,
2378 460 2447 515 τά
2470 462 2529 516 δέ
2555 461 2742 535 νεῦρα,
2771 462 2842 517 τά
2868 462 2927 518 δέ
2956 463 3159 537 σάρκες
3181 481 3195 496 ·
3228 464 3371 520 οὕτω
3410 466 3503 519 καὶ⁵
3535 469 3592 520 ἐν

2007 555 2075 623 τῇ
2101 555 2171 622 γῇ
2196 592 2211 618 ,
2251 552 2320 607 τά
2357 553 2456 624 μὲν
2486 553 2619 626 ὅρη,
2649 554 2719 607 τά
2753 555 2811 608 δέ
2843 554 3158 626 φάραγγες,
3189 557 3257 611 τά
3292 557 3349 610 δέ
3383 555 3591 629 λιπαρά

296 628 375 685 καὶ
389 629 461 683 τὰ
492 629 578 693 εἰς
595 628 708 684 ’ένα
740 630 1020 688 ἕκαστον.
1050 634 1217 705 Γέμει
1248 633 1355 705 γάρ
1381 635 1449 688 τά
1479 635 1537 687 ἐν
1561 632 1641 704 τῷ
1667 633 1768 706 βίῳ
1787 633 1909 687 τού-

304 736 395 773 των
417 716 528 771 τῶν
561 717 953 791 διηγημάτων
973 739 986 751 ·
1019 723 1117 775 καὶ
1149 721 1269 776 ὅθεν
1301 721 1367 775 ἂν
1397 721 1571 795 ἄρξῃ,
1602 721 1911 795 λαμπρότε-

316 824 394 881 ρον
412 805 532 876 ὕψει
560 804 626 860 τὸ
656 808 966 880 προοίμιον
986 808 1254 881 ἀναϐρύον
1272 851 1287 875 ,
1313 809 1378 863 άν
1401 826 1462 861 τε
1494 809 1601 862 ἀπὸ
1628 810 1722 862 τοῦ
1747 810 1910 881 οὐρα-

318 896 424 959 νοῦ,
443 898 507 952 ἂν
531 913 597 948 τε
630 896 749 949 ἀπὸ
771 900 878 969 τῆς
902 897 1042 969 γῆς,
1074 897 1142 951 ἄν
1159 915 1219 951 τε
1250 897 1359 952 ἀπὸ
1386 897 1481 951 τοῦ
1519 898 1708 968 ἀέρος,
1752 897 1819 952 ἄν
1848 914 1909 951 τε

322 985 424 1039 ἀπὸ
449 983 558 1037 τῶν
585 982 833 1053 ἀλόγων,
867 983 934 1038 ἂν
961 985 1069 1038 ἀπὸ
1103 985 1453 1057 σπερμάτων,
1480 984 1546 1039 ἂν
1566 985 1674 1039 ἀπὸ
1703 985 1907 1055 φυτῶνο

322 1073 384 1126 ἀν
409 1073 507 1137 τὰς
537 1072 783 1135 παλαιάς
834 1072 998 1144 θέλῃς
1024 1070 1384 1142 διηγήσασθαι
1426 1071 1634 1144 δωρεὰς
1658 1112 1675 1137 ,
1715 1071 1784 1125 ἂν
1810 1072 1911 1136 τάς

324 1161 426 1232 πρὸ
447 1160 545 1215 τοῦ
578 1161 776 1230 νόμου,
809 1159 877 1214 ἀν
904 1159 1003 1223 τὰς
1033 1161 1090 1212 ἐν
1114 1158 1191 1230 τῷ
1216 1159 1386 1230 νόμῳ,
1413 1159 1480 1213 ἂν
1513 1159 1581 1213 τά
1608 1162 1667 1214 ἐν
1699 1162 1765 1230 τῇ
1807 1159 1907 1229 χάο

323 1266 431 1321 ριτι
453 1289 469 1311 ,
500 1248 569 1302 ἂν
594 1248 669 1301 τά
700 1246 842 1319 μετά
869 1247 968 1316 τὴν
1000 1246 1247 1300 ἐντεῦθεν
1282 1246 1592 1325 ἀποδημίαν
1617 1286 1632 1313 ,
1662 1247 1730 1301 ἂν
1754 1248 1824 1301 τά
1852 1248 1911 1301 ἐν

321 1341 472 1412 αὐτῷ
499 1340 585 1411 τῷ
608 1339 830 1411 θανάτῳ
853 1379 869 1404 ,
924 1339 1092 1410 μυρία
1125 1336 1291 1410 εὕρῃς
1354 1338 1567 1409 πελάγη
1613 1338 1787 1394 ταῦτα
1829 1339 1910 1393 δι-

318 1429 649 1500 ηγημάτων.
688 1428 872 1497 Πόσης
915 1423 1008 1480 οὖν
1048 1427 1147 1481 οὐκ
1191 1426 1256 1481 ἂν
1280 1427 1364 1498 εἴη
1418 1427 1627 1495 ἀνοίας,
1674 1427 1912 1481 τοσαῦτα

318 1518 546 1586 ἔχοντας
569 1515 910 1586 διηγεῖσθαι,
951 1515 1019 1568 δι’
1046 1508 1122 1568 ὧν
1152 1514 1246 1567 καὶ
1277 1514 1439 1586 ἡδονὴ
1465 1515 1561 1568 καὶ
1601 1515 1790 1588 κέρδος
1816 1516 1911 1570 καὶ

319 1605 565 1675 ὠφέλεια
592 1605 694 1676 τῆς
722 1603 902 1675 ψυχῆς
944 1604 1260 1673 ἐγγίνεται,
1304 1602 1383 1675 τῷ
1422 1603 1664 1675 βορϐόρῳ
1702 1604 1794 1657 τὸν
1825 1602 1912 1656 λο-

319 1694 525 1763 γισμὸν
558 1691 878 1767 ἀναφύρειν,
903 1692 1031 1764 περὶ
1071 1690 1379 1756 πλεονεξίας
1410 1691 1505 1745 καὶ
1553 1690 1811 1763 ἁρπαγῆς
1839 1693 1917 1746 δι-

318 1799 463 1854 ηγου
471 1798 636 1853 μενον
658 1796 674 1848 ;

394 1912 468 1983 β’.
486 1913 602 1966 Καὶ
619 1913 668 1964 εί
691 1908 891 1980 βούλει,
912 1910 983 1964 τά
996 1908 1109 1964 άνω
1134 1907 1384 1977 ἀφέντες,
1403 1924 1470 1960 πε
1480 1906 1534 1980 ρὶ
1553 1909 1654 1978 τῆς
1674 1907 1775 1978 γῆς
1789 1906 1902 1960 δια⁹

316 1999 634 2071 λεχθῶμεν,
654 1998 749 2052 τοῦ
777 1996 1039 2068 μεγέθους
1058 1996 1228 2067 αὐτῆς
1245 2034 1262 2060 ,
1287 1996 1386 2067 τῆς
1407 1994 1607 2057 θέσεως
1622 2035 1637 2058 9
1659 1994 1758 2065 τῆς
1783 1994 1913 2065 χρή-

319 2108 470 2154 σεως
494 2130 511 2152 ,
539 2089 644 2159 τῆς
674 2087 888 2157 φύσεως
910 2125 927 2150 ,
954 2086 1065 2139 τῶν
1093 2085 1297 2140 ὠδίνων
1334 2084 1442 2138 τῶν
1474 2082 1767 2155 διηνεκῶν,
1798 2081 1910 2136 τῶν

316 2177 689 2249 γεννημάτων
717 2175 826 2230 τῶν
856 2174 914 2241 ἐξ
948 2174 1117 2245 αὐτῆς
1142 2173 1252 2227 τῶν
1296 2172 1552 2226 ποικίλων
1601 2172 1695 2225 καὶ
1723 2170 1912 2240 διαφό-

320 2284 466 2338 ρων,
493 2264 605 2317 τῶν
635 2263 986 2334 σπερμάτων,
1010 2261 1121 2314 τῶν
1143 2260 1375 2331 βοτανῶν
1397 2299 1413 2320 ,
1444 2261 1550 2312 τῶν
1574 2257 1776 2328 φυτῶν,
1800 2256 1912 2312 τῶν

318 2350 563 2413 ἀνθέων,
578 2350 690 2403 τῶν
711 2347 1008 2419 λειμώνων,
1039 2346 1150 2402 τῶν
1177 2346 1535 2418 παραδείσων.
1554 2345 1686 2399 Ἀπὸ
1705 2344 1910 2399 τούτων

320 2438 495 2492 πάλιν
515 2436 774 2507 τέμωμεν
804 2432 882 2505 τῷ
908 2434 1051 2506 λόγῳ
1094 2433 1321 2487 ἑκάστου
1350 2433 1570 2505 δένδρου
1600 2432 1663 2486 τὸ
1702 2433 1908 2503 σχῆμα,

323 2524 448 2598 [95]
476 2525 581 2596 τὴν
608 2523 792 2587 θέσιν,
820 2522 882 2576 τὸ
915 2521 1078 2591 ὖψος,
1109 2520 1206 2592 τὴν
1245 2519 1472 2573 εὐωδίαν
1491 2559 1506 2583 ,
1545 2519 1636 2573 τὸν
1675 2520 1927 2592 καρπὸνν

323 2614 419 2667 τὸν
455 2613 669 2684 καιρὸν,
697 2611 797 2683 τὴν
817 2608 1111 2673 διακονίαν,
1140 2608 1208 2660 τὰ
1239 2607 1375 2662 ἄλλα
1403 2607 1580 2662 πάντα
1599 2604 1915 2677 ἀναλογιζό-

330 2718 487 2772 μενοι
516 2711 570 2763 ι,
594 2699 762 2767 αὐτῆς
781 2697 880 2768 τῆς
912 2696 1017 2768 γῆς
1038 2696 1138 2769 τὴν
1166 2695 1463 2767 κάρπιμον,
1489 2694 1588 2766 τὴν
1619 2695 1869 2766 ἄκαρπον
1893 2712 1909 2728 '

327 2788 483 2842 οὐδὲν
508 2788 620 2857 γάρ
644 2784 815 2856 αὐτῆς
844 2782 1135 2855 ἄχρηστον.
1170 2783 1279 2837 Καὶ
1316 2781 1425 2852 γάρ
1461 2784 1494 2854 ἡ
1541 2781 1639 2854 μέν
1671 2782 1910 2854 σίδηρον,

210 2948 217 2955 ν
328 2880 365 2949 ή
391 2877 453 2930 δὲ
480 2876 706 2948 χαλκὸν,
735 2877 769 2946 ή
806 2875 864 2927 δέ
895 2872 1138 2944 χρυσίον,
1162 2874 1196 2943 ἡ
1239 2871 1297 2924 δέ
1328 2870 1566 2944 άργυρον
1589 2873 1848 2943 ἦνεγκεν·
1876 2872 1912 2944 ἡ

325 2965 387 3018 δέ
413 2965 688 3036 ἀρώματα
707 3001 723 3028 ,
763 2964 796 3034 ή
821 2962 879 3016 δέ
921 2961 1188 3032 φάρμακα
1216 2959 1311 3012 καὶ
1335 2958 1553 3012 ποικίλα
1593 2959 1688 3013 καὶ
1716 2976 1916 3013 παντο-

328 3053 498 3108 δαπά.
528 3051 596 3104 Τί
623 3050 689 3105 ἄν
717 3067 800 3113 τις
840 3051 983 3103 εἴποι
1020 3048 1131 3100 τῶν
1163 3046 1371 3100 ὑδάτων
1405 3046 1506 3116 τὴν
1547 3046 1769 3117 χρείαν,
1802 3046 1914 3101 τῶν

331 3141 616 3211 ποτίμων,
653 3138 763 3192 τῶν
798 3135 1086 3207 ἁλμυρῶν,
1108 3133 1216 3187 τῶν
1241 3132 1384 3206 ὀρῶν
1414 3132 1513 3204 τὴν
1544 3132 1745 3203 χρῆσιν
1765 3173 1781 3197 ,
1803 3131 1914 3187 τῶν

334 3230 598 3284 ποικίλων
628 3226 934 3298 μαρμάρων
963 3224 1032 3278 τὰ
1066 3223 1296 3295 μέταλλα
1319 3261 1334 3285 .
1362 3222 1462 3287 τὰς
1501 3222 1685 3293 πηγάς
1728 3222 1829 3287 τὰς
1855 3223 1916 3276 ἐν

336 3318 519 3379 αὐτοῖς
537 3356 556 3379 ,
588 3315 653 3368 τά
681 3313 870 3384 δένδρα
901 3312 972 3367 τά
1000 3313 1137 3382 πρὸς
1156 3312 1385 3382 ὀρόφους
1413 3310 1694 3380 ἐπιτήδεια
1721 3310 1815 3363 καὶ
1840 3310 1917 3362 οἱ·

334 3405 605 3475 κοδομήη
643 3398 827 3456 Ταῦτα
878 3402 1054 3455 πάντα
1106 3399 1206 3469 τῆς
1245 3399 1453 3471 ἐρήμου
1487 3397 1699 3469 καρπός
1726 3414 1739 3427 ·
1772 3396 1914 3469 αῦτη

335 3498 431 3545 καὶ
453 3491 574 3558 ζῶα
602 3490 698 3544 καὶ
727 3487 889 3561 θηρία
908 3488 1089 3543 πάντα
1108 3486 1318 3558 τρέφει.
1349 3485 1415 3539 Τί
1446 3484 1512 3539 ἄν
1537 3502 1619 3549 τις
1649 3485 1791 3538 εῐποι
1816 3484 1915 3548 τάς

334 3580 569 3651 λίμνας,
613 3578 713 3641 τὰς
739 3575 955 3645 πηγάς,
987 3576 1112 3639 τούς
1150 3571 1461 3644 ποταμού;;
1490 3571 1759 3641 Καθάπερ
1805 3570 1915 3642 γὰρ

337 3669 393 3723 αἱ
425 3666 684 3720 τεκοῦσαι
716 3667 973 3732 γυναῖκες
995 3703 1009 3728 ,
1040 3660 1222 3734 πηγὴν
1251 3660 1521 3728 γάλακτος
1562 3659 1912 3730 προχέουσαι,

336 3758 452 3819 τοῖς
477 3749 1047 3823 ἐκγόνοιςεπαρέχουσι
1071 3748 1307 3819 τροφήνο
1358 3746 1500 3799 οὕτω
1531 3746 1595 3817 δὴ
1625 3746 1718 3799 καὶ
1752 3746 1786 3816 ὴ
1816 3744 1912 3814 γῆ,

336 3845 538 3915 κήποις
584 3842 676 3895 καὶ
711 3837 1058 3911 παραδείσοις
1086 3835 1276 3905 ὥσπερ
1325 3833 1563 3904 μαστοὺς
1599 3832 1918 3886 ἐκτείνουσα

335 3935 468 3997 τοὺς
507 3930 788 4001 ποταμούς
810 3929 905 3984 καὶ
935 3926 1036 3990 τάς
1069 3924 1284 3998 πηγάς,
1312 3922 1513 3995 πολλὴν
1551 3923 1782 3994 παρέχει
1818 3921 1917 3993 τὴν

338 4020 585 4091 άρδείαν.
625 4016 764 4070 Ἀλλ’
784 4017 876 4069 ἐπὶ
911 4015 1007 4086 μὲν
1037 4013 1149 4067 τῶν
1168 4011 1442 4082 γυναικῶν
1462 4048 1477 4078 ,
1502 4009 1564 4065 τὸ
1603 4009 1815 4065 παιδίον
1838 4008 1919 4063 δεῖ

342 4109 479 4180 πρὸς
499 4109 605 4179 τὴν
626 4105 791 4177 θηλὴν
814 4103 983 4158 ἐλθεῖν
1002 4120 1016 4135 ·
1043 4100 1273 4157 ἐνταῦθα
1291 4100 1348 4155 δέ
1370 4100 1508 4171 αὐτὴ
1527 4099 1651 4162 τούς
1678 4097 1918 4171 μαστοὺς

343 4196 577 4250 ἐκτείνει
602 4192 874 4264 πανταχοῦ
897 4191 1005 4248 άπὸ
1029 4187 1235 4262 ὑψηλοῦ
1268 4187 1665 4259 καταφέρουσα.

413 4283 575 4354 Ἐχει
609 4287 705 4335 καὶ
729 4281 917 4353 ἑτέραν
955 4278 1152 4350 χρῆσιν
1180 4279 1214 4349 ή
1243 4275 1468 4349 ἔρημος.
1502 4275 1612 4329 Καὶ
1644 4273 1754 4346 γάρ
1783 4272 1921 4346 πρὸς

342 4372 440 4444 τὴν
467 4369 567 4424 τοῦ
598 4368 845 4440 σώματος
881 4367 1091 4436 ὑγίειαν
1132 4362 1566 4434 ἐπιτηδειοτέρα,
1604 4361 1921 4433 καθαρώτε-

345 4474 438 4527 ρον
462 4453 784 4528 παρέχουσα
809 4455 1066 4507 ἀναπνεῖν
1096 4449 1188 4504 τὸν
1208 4451 1344 4521 ἀέρα
1362 4490 1377 4514 ,
1404 4449 1501 4502 καὶ
1536 4450 1635 4520 τὴν
1664 4447 1921 4518 οἰκουμέ-

345 4564 444 4617 νην
472 4545 570 4615 ἀφ’
594 4540 798 4613 ὑψηλοῦ
848 4542 1026 4595 πᾶσαν
1070 4541 1423 4610 περισκοπεῖν
1450 4576 1465 4601 ,
1492 4537 1585 4591 καὶ
1611 4538 1679 4609 τῇ
1715 4535 1921 4608 ἐρημίᾳ

346 4633 734 4703 ἐμφιλοσοφείν
754 4669 769 4694 ,
813 4630 907 4684 καὶ
945 4628 1053 4682 τῶν
1079 4627 1138 4680 ἐν
1161 4625 1240 4697 τῷ
1271 4624 1371 4696 βίῳ
1422 4623 1718 4696 φροντίδων
1742 4622 1920 4691 ὀλίγον

346 4722 629 4777 ἀναπνεῖν.
665 4720 731 4772 Τί
756 4720 820 4785 άν
841 4736 924 4781 τις
951 4719 1093 4772 εῖποι
1120 4717 1246 4780 τοὺς
1273 4714 1491 4788 ὄρνιθας
1519 4715 1644 4777 τοὺς
1673 4713 1918 4784 ᾠδικοὺς,

345 4811 456 4863 τῶν
479 4807 775 4879 ἁλωσίμων
803 4806 954 4871 ζώων
980 4805 1078 4877 τὴν
1100 4804 1407 4875 διαγωγὴν;
1439 4801 1590 4871 Ἔχει
1615 4802 1708 4853 καὶ
1729 4798 1921 4869 ἑτέραν

344 4899 539 4969 χρείαν
568 4897 604 4967 ἡ
633 4895 857 4967 ἔρημος.
889 4892 1156 4955 Πολλάκις
1175 4892 1283 4962 γάρ
1303 4888 1427 4943 ἀντ)⁵
1448 4886 1643 4958 τειχῶν
1669 4887 1790 4949 ταῖς
1817 4883 1922 4954 χώ-

351 5003 471 5057 ραις
515 4984 711 5052 γέγονε
734 5022 750 5047 ,
798 4979 933 5052 πρὸς
977 4980 1110 5049 ὕψος
1141 4977 1339 5049 ἐχουσα
1373 4972 1747 5044 ἀνατεταμένα
1796 4971 1918 5042 ὅρη,

349 5075 445 5128 καὶ
484 5074 803 5143 φάραγγας,
845 5069 940 5123 καὶ
989 5065 1287 5140 κρημνούς.
1321 5064 1387 5116 Τί
1421 5063 1486 5115 ἄν
1516 5078 1600 5125 τις
1631 5059 1778 5114 εἴποι
1823 5059 1922 5123 τὰς

351 5161 584 5231 βοτάνας
608 5160 708 5221 τὰς
736 5161 795 5210 ἐν
822 5156 1008 5217 αὑταῖς
1027 5153 1383 5222 τικτομένας,
1411 5147 1624 5219 σώμασι
1654 5147 1923 5219 κάμνουσι

352 5248 557 5319 πολλὴν
581 5243 938 5315 εἰσφερούσας
972 5240 1073 5313 τὴν
1112 5238 1490 5309 λειτουργίαν;
1522 5238 1584 5290 Ei
1612 5236 1670 5289 δέ
1698 5234 1924 5307 ἐρήμων

350 5334 443 5389 καὶ
474 5332 619 5405 ὀρῶν
664 5332 895 5402 τοσαύτη
927 5332 960 5401 ή
1001 5328 1158 5399 χρεία
1177 5366 1193 5390 ,
1223 5320 1456 5393 τοσαύτη
1504 5323 1612 5376 τῶν
1643 5322 1861 5391 ἀγαθῶν
1890 5324 1921 5392 ἡ

350 5424 587 5494 χορηγία
608 5439 621 5451 ·
653 5422 701 5474 εί
729 5419 865 5492 πρὸς
900 5418 1002 5489 τὴν
1024 5415 1284 5487 άρόσιμον
1311 5412 1483 5475 ἔλθοις
1504 5452 1518 5478 ,
1538 5410 1632 5464 καὶ
1663 5410 1733 5464 τά
1757 5410 1925 5463 ὕπτια

351 5511 531 5571 πεδία,
569 5508 817 5577 ἐννόησον
846 5506 1020 5566 πόσας
1039 5503 1158 5573 ὕψει
1181 5502 1278 5565 τὰς
1305 5502 1488 5571 πηγάς
1512 5498 1618 5552 τῶν
1650 5497 1924 5570 διηγημὰ-

352 5614 479 5651 των.
499 5595 767 5668 Καθάπερ
787 5593 897 5665 γάρ
921 5593 980 5645 ἐν
1003 5589 1081 5661 τῷ
1106 5589 1316 5661 σώματι
1342 5587 1420 5658 τῷ
1445 5587 1702 5660 ἡμετέρῳ
1733 5585 1800 5638 τά
1826 5585 1926 5654 μέν

413 5800 438 5833 ³
471 5797 880 5860 Ἀναλογιζόμενοι
901 5793 1046 5844 deest
1073 5790 1120 5840 in
1140 5784 1274 5851 Coib.

2008 646 2213 717 χωρίαο
2244 645 2421 699 πάντα
2456 645 2511 700 δέ
2540 646 2709 699 ταῦτα
2747 648 3014 719 χρήσιμα.
3046 648 3090 700 Τ
3097 648 3111 700 ί
3140 647 3284 717 λέγω
3327 648 3423 720 τὴν
3460 648 3589 720 γῆν,

2006 736 2261 791 τοσοῦτον
2310 741 2598 809 στοιχεῖον;
2638 738 2786 803 Ένὸς
2827 739 3044 811 δένδρου
3104 739 3265 812 μόνου
3299 743 3347 795 εί
3394 741 3593 813 βουλη-

2009 829 2160 900 θείης
2187 831 2360 884 είπεῐν
2398 829 2459 883 τὸ
2491 830 2696 901 σχῆμα,
2738 830 2836 902 τὴν
2868 832 3088 917 χρείαν,
3124 832 3216 886 τὸν
3248 833 3492 904 καρπὸν,
3522 832 3592 887 τὰ

2009 920 2202 990 φύλλα,
2232 922 2324 976 τὸν
2352 922 2563 993 καιρὸν,
2594 921 2664 976 τά
2692 922 2826 977 ἄλλα
2851 922 3051 988 πάντα,
3079 924 3210 978 πολὺ
3258 924 3379 994 ϐψει
3409 924 3469 978 τὸ
3512 925 3593 978 δι-

2009 1015 2203 1086 ήγημα
2222 1030 2236 1045 ⁸
2264 1016 2312 1068 εί
2335 1013 2443 1067 τῶν
2472 1012 2615 1085 ὀρῶν
2643 1014 2743 1084 τὴν
2783 1013 2931 1068 θέσιν
2951 1055 2968 1080 ,
2998 1016 3047 1067 εἰ
3087 1014 3156 1069 τὰ
3179 1015 3314 1069 ἄλλα
3352 1015 3587 1080 ἅπαντα,

2009 1109 2057 1162 εί
2086 1108 2178 1161 τὸν
2218 1107 2504 1179 ἄνθρωπον
2548 1107 2710 1162 αὐτὸν
2742 1106 2990 1171 ἐπέλθοις
3021 1106 3099 1177 τῷ
3140 1107 3317 1178 λόγῳ,
3358 1108 3454 1161 καὶ
3490 1108 3589 1179 τὴν

2007 1200 2295 1256 διάπλασιν
2326 1199 2489 1255 αὐτοῦ
2513 1199 2607 1254 τοῦ
2639 1198 2911 1270 σώματος,
2936 1198 3106 1270 μυρία
3126 1198 3287 1252 πάλιν
3315 1198 3589 1253 κάνταῦθα

2009 1292 2222 1364 πελάγη
2249 1290 2429 1363 εὕροις
2457 1292 2831 1363 διηγημάτων.
2864 1289 3087 1354 Τούτοις
3113 1290 3291 1344 τοίνυν
3319 1290 3586 1360 ἐνδιατρίο

2013 1384 2218 1457 ϐωμεν,
2250 1384 2499 1440 ἐντεῦθεν
2525 1386 2657 1455 ἡμῖν
2690 1383 2843 1437 ἐσται
2865 1383 3026 1454 ἡδονὴ
3058 1382 3310 1454 μεγίστη,
3342 1381 3592 1435 ἐντεῦθεν

2009 1477 2236 1548 κέρδος,
2267 1474 2517 1529 ἐντεῦθεν
2547 1474 2835 1544 φιλοσοφία
2878 1473 3104 1544 άφατος.
3149 1470 3242 1525 Διὸ
3289 1471 3386 1526 καὶ
3433 1470 3593 1524 τοῦτο

2008 1570 2183 1635 δηλῶν
2210 1570 2488 1639 ἐπήγαγεν
2507 1584 2519 1595 ’
2558 1565 3063 1637 Εὐφρανθήσομαι
3097 1564 3197 1619 καὶ
3220 1561 3589 1634 ἀγαλλιᾶσθ-

2002 1678 2110 1733 μαι
2152 1661 2223 1716 ἐν
2272 1662 2393 1719 σοι.
2460 1659 2650 1723 ’Ἄλλος
2674 1700 2690 1725 ,
2743 1658 2855 1714 Καὶ
2907 1656 3227 1728 ταυριάσω.
3284 1653 3465 1710 Ψαλῶ
3512 1653 3593 1720 τῷ

2010 1754 2257 1823 ὀνόματί
2279 1766 2417 1817 σου,
2433 1752 2703 1821 Ὗψιστε.
2731 1750 2944 1816 Ἀλλος,
2967 1751 3130 1820 ’ᾼσω
3152 1747 3217 1802 τὸ
3241 1744 3431 1815 ὄνομὰ
3451 1759 3590 1799 σου.

2009 1846 2085 1900 Οὐ
2122 1843 2317 1916 μικρὸν
2344 1842 2502 1898 τοῦτο
2544 1842 2863 1912 φιλοσοφίας
2897 1839 3070 1904 εἶδος,
3101 1838 3164 1893 τὸ
3204 1835 3591 1911 εὐφραίνεσθαι

2008 1939 2102 1992 ἐπί¹
2132 1936 2210 2009 τῷ
2236 1935 2376 2008 Θεῷ.
2415 1935 2473 1990 '0
2504 1934 2615 2006 γὰρ
2646 1935 2738 1988 ἐπὶ
2766 1932 2843 2004 τῷ
2881 1932 3001 2003 Θεῷ
3022 1929 3479 2002 εὐφραινόμενος,
3516 1927 3593 1991 ὡς

2009 2032 2146 2105 χρὴ,
2180 2033 2362 2086 πᾶσαν
2391 2028 2640 2083 ἐκϐάλλει
2682 2026 2936 2098 βιωτικὴν
2971 2025 3185 2097 ἡδονήν.
3220 2023 3285 2076 Τί
3326 2023 3383 2077 δέ
3421 2022 3591 2085 ἐστιν,

2009 2124 2128 2199 [96]
2156 2123 2659 2193 Εὐφρανθήσομαι
2680 2119 2751 2174 ἐν
2786 2119 2888 2173 σοί
2898 2134 2918 2182 ;
2947 2115 3219 2177 Τοιοῦτον,
3241 2114 3424 2185 φησιν,
3454 2112 3593 2183 έχων

1971 2240 1983 2250 -
2010 2218 2317 2287 Δεσπότην,
2350 2212 2510 2269 τοῦτό
2550 2230 2640 2285 μοι
2677 2209 2840 2283 ἡδονὴ
2867 2248 2884 2274 ,
2916 2207 3073 2263 τοῦτό
3121 2224 3212 2277 μοι
3250 2203 3589 2274 ἀγαλλίασις.

2009 2311 2079 2365 Et
2103 2326 2187 2373 τις
2223 2304 2329 2362 οἶδε
2358 2304 2561 2377 ταύτην
2608 2304 2707 2375 τὴν
2738 2302 2929 2374 ήδονὴν
2970 2300 3047 2363 ὼς
3077 2298 3274 2353 εἰδέναι
3307 2297 3446 2369 χρὴ,
3475 2295 3592 2348 ἐτέ-

2014 2419 2110 2475 ρας
2135 2400 2327 2472 ἡδονῆς
2351 2399 2453 2452 οὐκ
2484 2395 2816 2451 αἰσθάνεται.
2847 2391 3019 2447 Τοῦτο
3041 2392 3151 2462 γάρ
3172 2389 3333 2463 ἡδονὴ
3364 2388 3591 2460 κυρίως.

2010 2495 2086 2558 ὡς
2115 2494 2249 2561 τάγε
2281 2491 2415 2546 ἄλλα
2468 2488 2678 2551 πάντα,
2703 2484 2946 2556 ὀνόματα
2990 2483 3149 2555 μόνον
3188 2482 3336 2535 ἐστὶν
3375 2479 3590 2553 ἡδονῆς.

2010 2585 2336 2658 πράγματος
2362 2581 2562 2653 ἔρημα.
2586 2578 2736 2650 Α’ύτη
2764 2577 2856 2630 τὸν
2885 2575 3169 2647 ἄνθρωπον
3196 2573 3489 2645 μετάρσιον
3511 2573 3594 2643 ἐρο

2010 2674 2237 2747 γάζεται
2260 2691 2275 2705 ο
2313 2672 2452 2744 αὐτη
2478 2670 2571 2725 τοῦ
2605 2669 2855 2740 σώματος
2887 2666 3218 2720 ἀπαλλάττει
3247 2663 3347 2735 τὴν
3374 2662 3555 2735 ψυχήν
3576 2680 3592 2695 ο

2011 2765 2152 2837 αὕτη
2184 2766 2321 2836 πρὸς
2343 2760 2569 2832 οὐρανὸν
2603 2760 2791 2829 πτεροῖ
2810 2773 2826 2789 ο
2855 2756 2994 2828 αὕτη
3032 2755 3140 2810 τῶν
3167 2752 3434 2825 βιωτικῶν
3464 2751 3594 2823 ὕψη·

2009 2857 2229 2928 λότερον
2272 2855 2452 2907 ποιεῖ·
2484 2850 2625 2921 αὐτη
2664 2848 2863 2912 κακίας
2913 2844 3275 2901 ἀπαλλάττει·
3326 2843 3422 2898 καὶ
3451 2842 3598 2914 μάλα

2013 2948 2258 3010 εἰκότως.
2278 2944 2342 2999 EE
2369 2943 2479 3015 γὰρ
2507 2942 2557 2996 οἱ
2588 2940 2815 3011 σώματα
2843 2935 3073 3009 λαμπρά
3101 2934 3381 3005 φιλοῦντες
3403 2974 3418 3001 ,
3445 2933 3599 2988 οὐδὲν

2013 3034 2432 3089 ἐπαισθάνονται
2473 3033 2582 3086 τῶν
2632 3031 2689 3085 ἐν
2716 3021 2794 3099 τῷ
2827 3028 2949 3100 βίῳ,
2977 3026 3091 3081 ἀλλ’
3129 3026 3246 3089 ἐνὸς
3274 3026 3435 3095 μόνου
3466 3026 3595 3091 εἰσὶ,

2010 3130 2112 3200 τῆς
2160 3126 2444 3199 ἐρωμένης
2472 3123 2674 3193 ὂψεως·
2708 3122 2737 3174 ὁ
2770 3121 2901 3175 Θεὸν
2940 3118 3108 3189 φιλῶν
3133 3157 3150 3183 ,
3195 3117 3379 3181 καθὼς
3422 3118 3599 3187 φιλεῖν

2012 3220 2121 3282 δεῖ,
2157 3218 2301 3281 τίνος
2346 3215 2666 3288 αἰσθήσεται
2701 3212 2887 3267 λοιπὸν
2924 3211 2958 3283 ἢ
2996 3208 3241 3282 χρηστοῦ
3280 3209 3388 3263 τῶν
3431 3211 3490 3263 ἐν
3518 3209 3599 3281 τῷ

2016 3313 2115 3384 βίῳ
2142 3310 2348 3381 τούτῳ,
2380 3306 2723 3380 ἢλυπηροῦς
2757 3303 3016 3367 οὐδενός’
3052 3302 3167 3356 ἀλλ’
3203 3301 3355 3355 ἐσται
3381 3301 3600 3355 πάντων

2013 3402 2315 3474 ἀνώτερος,
2345 3399 2589 3454 ἀθάνατα
2617 3396 2869 3470 τρυφῶν,
2904 3394 3028 3449 ἐπεὶ
3064 3394 3160 3447 καὶ
3203 3394 3233 3447 ό
3277 3390 3601 3462 φιλούμενος

2011 3494 2270 3558 τοιοῦτος.
2303 3495 2368 3548 Ol
2391 3492 2492 3564 μέν
2523 3490 2632 3562 γάρ
2656 3488 2727 3543 τά
2758 3486 2895 3543 ἄλλα
2918 3484 3200 3557 φιλοῦντες
3218 3523 3233 3547 ,
3264 3483 3476 3555 ταχέως
3504 3482 3600 3535 καὶ

2012 3590 2237 3653 ἄκοντες
2263 3588 2344 3652 εἰς
2368 3585 2542 3658 λήθην
2578 3581 3003 3656 μεταϐάλλονται
3021 3620 3036 3645 ,
3075 3577 3464 3646 ἀπολλυμένων
3490 3574 3600 3630 τῶν

2014 3679 2169 3749 φιλου
2178 3678 2354 3750 μένων
2374 3676 2469 3730 καὶ
2503 3671 2916 3746 μαραινομένων
2935 3687 2950 3701 ·
2973 3662 3127 3733 οὗτος
3148 3666 3206 3722 δὲ
3227 3668 3256 3719 ό
3283 3665 3422 3737 ἔρως
3445 3665 3602 3720 ἀπει-

2016 3788 2108 3845 ρος
2127 3811 2141 3833 ,
2166 3768 2519 3839 ἀτελεύτητος
2537 3806 2553 3831 ,
2582 3766 2678 3820 καὶ
2700 3764 2799 3833 τὴν
2831 3760 3026 3833 ἡδονὴν
3062 3759 3285 3831 μείζονα
3316 3757 3475 3827 ἔχων,
3505 3755 3601 3810 καὶ

2013 3862 2076 3916 τὸ
2105 3861 2295 3933 κέρδος
2344 3858 2537 3912 πλέον·
2572 3855 2668 3908 καὶ
2721 3851 2898 3922 τούτῳ
2927 3850 3088 3905 πάλιν
3135 3846 3479 3919 ψυχαγωγῶν
3507 3845 3600 3900 τὸν

2016 3951 2298 4024 φιλοῦντα,
2329 3947 2408 4019 τῷ
2443 3946 2713 4018 μηδέποτε
2732 3940 3118 3997 καταλύεσθαι.
3144 3938 3327 3995 Ψαλῶ
3354 3937 3436 4002 τῷ
3463 3937 3599 3991 ὀνό-

2010 4045 2154 4117 ματί
2182 4060 2298 4099 σου
2323 4081 2340 4106 ,
2373 4042 2638 4108 Ὕψιστε.
2679 4036 2849 4090 Τοῦτο
2882 4033 3114 4107 μάλιστα
3150 4030 3428 4101 φιλοῦντος
3458 4028 3598 4093 έθος.

2018 4137 2129 4191 Καὶ⁵
2174 4134 2284 4205 γάρ
2320 4135 2368 4186 οἱ
2419 4130 2652 4203 ἐρῶντες
2682 4129 2764 4193 είς
2799 4128 2927 4191 τοὺς
2975 4123 3330 4197 φιλουμένους
3378 4121 3599 4193 ᾄσματα

2017 4229 2203 4301 ᾅδουσι
2227 4241 2241 4256 ο
2279 4224 2382 4279 κᾶν
2411 4223 2485 4295 μὴ
2518 4221 2715 4293 ὁρῶσιν
2741 4219 3011 4282 ἐκείνους,
3037 4216 3128 4271 διὰ
3167 4214 3268 4286 τῆς
3303 4214 3445 4285 ᾠδῆς
3475 4214 3601 4266 ἐαυ-

2016 4322 2145 4384 τούς
2172 4314 2644 4390 παραμυθοῦνται.
2674 4312 2831 4366 Οῦτω
2857 4312 2923 4383 δὴ
2946 4310 3040 4365 καὶ
3064 4312 3094 4363 ὁ
3115 4309 3403 4381 Προφήτης
3435 4307 3596 4359 ποιεῖ’

2019 4412 2142 4466 ἐπεὶ
2171 4412 2263 4464 τὸν
2296 4409 2429 4465 Θεὸν
2468 4407 2595 4461 ίδεῖν
2646 4406 2709 4459 οὐ
2745 4397 2985 4458 ’δυνατὸν
3013 4443 3029 4468 ,
3068 4402 3295 4473 ᾄσματα
3327 4401 3472 4452 ποιεῖ
3519 4400 3602 4461 είς

2019 4504 2210 4564 αὐτὸν,
2253 4502 2342 4556 διὰ
2377 4501 2486 4555 τῶν
2535 4497 2687 4570 ᾠδῶν
2733 4495 2883 4566 αὐτῷ
2929 4493 3344 4563 συγγινόμενος,
3373 4489 3469 4542 καὶ
3508 4488 3602 4541 τὸν

2019 4596 2180 4650 πόθον
2200 4594 2477 4654 ἀνάπτων,
2503 4590 2596 4644 καὶ
2625 4586 2786 4643 αὑτὸν
2822 4585 2993 4639 δοκῶν
3017 4584 3150 4654 ὁρᾷν
3171 4597 3187 4612 ο
3223 4579 3419 4653 μᾶλλον
3440 4577 3497 4632 δέ
3516 4577 3603 4632 διὰ

2017 4686 2112 4738 τοῦ
2157 4683 2302 4756 ᾄδειν
2352 4682 2447 4737 καὶ
2499 4681 2685 4751 ὑμνεῖν
2739 4679 2817 4739 εἰς
2862 4673 3026 4728 πόθον
3077 4671 3308 4725 ἀνάπτει
3351 4667 3601 4735 πολλούς.

2022 4776 2235 4846 Ὥσπερ
2268 4773 2377 4845 γάρ
2423 4773 2472 4824 οἱ
2513 4766 2792 4840 φιλοῦντες
2838 4763 3087 4837 ἐγκώμια
3116 4762 3224 4816 τῶν
3266 4760 3605 4832 φιλουμένων

2018 4864 2268 4933 λέγουσι,
2297 4863 2394 4916 καὶ
2428 4860 2496 4914 τά
2525 4858 2764 4929 ὀνόματα
2795 4855 2974 4910 αὐτῶν
3012 4852 3397 4926 περιφέρουσιν
3417 4866 3430 4881 ⁸
3462 4848 3605 4903 οὕτω

2020 4956 2086 5026 δὴ
2114 4953 2208 5009 καὶ
2235 4943 2390 5014 οὗτος
2409 4947 2640 5018 ,’Ψαλῶ
2671 4945 2753 5013 τῷ
2788 4946 3036 5014 ὀνόματί
3058 4960 3196 5006 σου,
3229 4942 3496 5009 Ὑψιστε.

2092 5097 2164 5160 γ’.
2180 5088 2320 5160 Ὅρα
2333 5085 2450 5148 πῶς
2467 5082 2657 5137 ἐαυτὸν
2670 5080 2770 5149 τῆς
2784 5079 2889 5149 γῆς
2904 5078 2989 5148 διή
2998 5091 3182 5149 ρτησε,
3202 5074 3297 5127 καὶ
3313 5071 3449 5143 πρὸς
3463 5069 3606 5160 ἐκείο

2022 5158 2121 5252 νην
2154 5158 2530 5249 ἀνεκρέμασεν
2569 5171 2696 5242 ὃλην
2724 5166 2918 5223 ἐαυτοῦ
2952 5167 2979 5207 δ
3013 5164 3111 5235 τὴν
3138 5163 3355 5224 οὐσίαν,
3385 5158 3603 5222 ἀναθεὶς

2023 5270 2214 5326 ἐαυτὸν
2255 5268 2336 5340 τῷ
2366 5265 2505 5337 Θεῷ.
2535 5262 2635 5316 Διὰ
2660 5259 2820 5314 τοῦτο
2869 5254 3108 5327 συνεχῶς
3149 5251 3315 5306 αὐτοῦ
3346 5250 3407 5304 τὸ
3436 5250 3606 5320 ὄνομα

2025 5359 2378 5433 περιστρέφει
2401 5371 2416 5387 ⁸
2444 5355 2541 5409 καὶ
2572 5353 2682 5424 γάρ
2725 5350 2819 5404 καὶ
2845 5346 3003 5402 τοῦτο
3031 5345 3125 5398 τοῦ
3157 5341 3436 5412 φιλοῦντος
3463 5339 3605 5402 ἐθος,

2036 5430 2135 5508 Ἵἰῶ
2178 5430 2259 5517 τῷ
2311 5443 2773 5516 ἀποστραφῆναι
2825 5439 2934 5493 τὸν
2988 5436 3206 5505 ἐχθρόν
3234 5449 3353 5503 μου
3402 5433 3490 5499 είς
3536 5430 3608 5485 τὰ

2089 5652 2119 5692 b
2144 5647 2302 5697 Barbe
2308 5646 2444 5693 riuus
2453 5641 2580 5704 apud
2592 5639 2721 5704 εδδ-ιι
2729 5635 3071 5704 ιᾴνεκρέμαεξεν
3081 5632 3194 5704 ὅλην
3204 5624 3606 5704 3001053930“???

2028 5689 2584 5771 υι-ριῖῑάξῐιτέιὲῐίέᾱίιε.
2623 5699 2707 5750 ubi
2728 5689 2957 5771 anxir-rb
2982 5695 3116 5771 ξληγς
3135 5689 3607 5771 1:39.191299t19929

2032 5751 2705 5832 ἓξῶἶιὶἇέῒιῖᾞὲῶοείρὶὲιιυω
2728 5766 2781 5809 ει
2797 5751 3048 5821 ἱιιιεετυω
3062 5751 3122 5806 ίὶη
3145 5751 3384 5813 Hexaplis
3406 5751 3601 5800 nostris.
