4030 6422
496 335 518 387 ίί
531 334 599 385 ‘27

495 444 800 515 cipiendnm
836 452 938 508 est,
983 452 1035 498 et
1077 440 1218 512 quod
1247 456 1312 494 ex
1335 454 1401 494 eo
1422 439 1751 508 significatur
1777 455 1791 502 ;
1826 447 1880 490 ut
1904 447 1982 489 est
2012 437 2075 492 il.

500 537 630 592 Ind:
668 537 812 590 Sicut
852 543 1132 588 sementem
1175 530 1410 585 exultavit
1463 529 1628 582 Moses
1660 528 1836 595 (Joan.
1881 527 1934 581 5.
1971 526 2080 587 H).

501 629 836 684 Credendum
867 636 948 682 est
968 626 1110 679 enim
1129 666 1143 688 ,
1175 624 1278 678 hoc
1309 625 1502 676 factum
1531 637 1648 675 esse
1676 620 1753 690 (ut
1780 635 1963 672 revera
2003 617 2084 672 fa-

502 732 646 776 ctum
678 720 780 790 ρει)
809 721 1070 788 simulque
1099 717 1240 788 quod
1287 732 1352 769 eo
1400 716 1747 786 significatur,
1785 713 1834 766 in
1867 712 2082 780 figuram

497 814 718 869 Chris‘ti.
749 813 818 867 Ita
851 813 934 867 hic
960 812 1119 866 etiam
1152 826 1256 864 non
1283 811 1545 863 aberrarit
1573 807 1859 876 quispiam,
1891 805 1935 858 si
1967 820 2086 874 qua:

500 908 637 960 dicta
680 915 824 970 sunt,
863 903 1128 972 acceperit
1167 903 1234 957 de
1274 903 1338 956 iis
1373 918 1492 970 qua:
1529 900 1728 954 Judaiis
1767 902 2084 960 cvi-nerunt,

503 996 618 1049 inec
661 1012 851 1063 nempe
882 1012 894 1045 :
925 994 1118 1049 Sedisti
1141 1009 1291 1060 super
1321 993 1558 1044 thronum
1586 991 1672 1059 qui
1693 988 1898 1060 judico:
1933 986 2091 1058 justi-

503 1087 646 1140 tiam.
688 1086 972 1156 Increpasti
999 1096 1206 1156 gentes;
1242 1093 1288 1138 et
1319 1083 1468 1152 periit
1495 1082 1678 1151 impius
1711 1099 1728 1145 ;
1761 1097 1942 1133 nomen
1977 1080 2090 1150 ejus

502 1179 680 1234 delecti
706 1180 758 1232 in
783 1178 1024 1231 saxulum
1045 1218 1060 1242 ,
1088 1185 1134 1228 rt
1161 1178 1211 1228 in
1242 1174 1484 1228 swculum
1506 1172 1698 1226 statuti.
1725 1171 1926 1223 Inimici
1953 1170 2093 1240 defe-

506 1282 681 1327 cerunt
720 1271 929 1340 framea
972 1270 1024 1322 in
1055 1269 1237 1334 ﬁnem,
1273 1276 1319 1319 et
1348 1266 1572 1319 civitates
1608 1280 1778 1318 eorum
1806 1260 2088 1315 detraxisti.

509 1361 668 1417 Periit
713 1360 955 1413 memoria
999 1375 1174 1412 eorum
1214 1374 1328 1410 cum
1383 1356 1571 1408 sonitu.
1619 1353 1906 1407 Calamitas
1949 1351 2091 1406 enim

507 1469 693 1507 eorum
723 1453 809 1521 qui
851 1450 1120 1504 Christum
1145 1448 1562 1508 erncilixeruut,
1591 1455 1672 1498 est
1697 1445 1945 1499 omnibus
1978 1459 2093 1495 ma-

509 1542 696 1597 nifesta
726 1559 740 1608 ;
793 1551 847 1597 et
891 1541 1133 1595 civitates
1178 1555 1363 1594 eorum
1391 1547 1514 1592 sunt
1543 1536 1734 1591 diruta:
1769 1578 1784 1601 ,
1815 1545 1867 1590 et
1897 1533 2094 1589 diaboli

512 1635 772 1690 machinae
814 1634 1128 1689 defecerunt
1152 1674 1166 1693 ,
1196 1648 1316 1686 cum
1348 1631 1542 1686 Christi
1569 1644 1694 1683 cura
1723 1644 1784 1680 ac
1813 1626 2097 1697 providen-

512 1729 582 1796 tia
607 1703 784 1782 omina
803 1726 1117 1796 susceperit.
1135 1724 1240 1780 Sed
1265 1725 1377 1777 haec
1407 1723 1772 1792 relinquentes
1798 1717 2095 1788 aitaptanda

510 1793 784 1885 studiosis,
833 1835 894 1873 ea
942 1793 1060 1886 quae
1105 1827 1228 1872 sunt
1279 1815 1549 1885 proposita
1591 1825 1992 1882 persequamur.
2039 1807 2094 1862 8.

513 1914 724 1966 Paravit
765 1913 815 1965 in
840 1911 1037 1983 judicio
1068 1911 1302 1963 thronum
1341 1925 1508 1961 suum.
1544 1907 1710 1970 Alius,
1736 1903 1990 1960 Stabilivit
2031 1901 2100 1956 ad

504 2005 775 2073 judicium.
812 2003 865 2056 9.
898 2000 964 2053 Et
996 2003 1103 2069 ipse
1123 1999 1376 2070 jndicabit
1403 2000 1570 2051 orbem
1600 2007 1748 2050 terra:
1783 1997 1835 2049 in
1881 1995 2097 2060 ius'itia,

503 2094 754 2167 judicabit
786 2094 1001 2162 populos
1031 2093 1081 2144 in
1109 2092 1362 2160 (equitate.
1397 2089 1585 2144 Vidisti
1612 2087 1882 2159 quomodo
1912 2085 2097 2156 paula-

515 2188 608 2241 tim
637 2187 828 2240 attollit
866 2185 1208 2239 orationem?
1249 2183 1510 2250 Quoniam
1538 2181 1678 2234 enim
1709 2179 1884 2233 throni
1909 2179 2097 2232 memi-

514 2279 614 2346 nit,
661 2277 892 2333 ostendit
930 2275 1106 2331 throni
1157 2284 1421 2338 naturam,
1453 2289 1555 2327 non
1596 2289 1662 2326 ex
1689 2271 1861 2340 lignis.
1894 2286 1991 2324 nec
2034 2285 2100 2323 ex

514 2370 686 2438 aliqua
714 2367 932 2422 materia
959 2367 1330 2436 compositam,
1355 2363 1448 2418 sed
1477 2381 1541 2419 ex
1567 2363 1790 2433 justitia.
1820 2362 1872 2416 In
1895 2361 2100 2431 justitia

516 2459 682 2522 enim,
713 2459 904 2527 inquit,
949 2458 1243 2510 collocatus
1266 2467 1367 2509 est.
1396 2453 1654 2508 Judicabit
1680 2452 1848 2506 orbem
1878 2462 2023 2506 terra:
2049 2451 2101 2504 in

514 2552 728 2622 iustitia.
774 2552 840 2606 Et
876 2551 1178 2619 prmsentia,
1207 2559 1260 2604 et
1285 2567 1402 2618 qua:
1443 2549 1614 2602 futura
1660 2559 1804 2612 sunt,
1839 2546 2098 2615 przedicit.

523 2643 785 2698 cherale
807 2643 949 2696 enim
972 2643 1227 2712 judicium
1262 2642 1365 2695 illic
1395 2652 1477 2696 est
1505 2649 1834 2696 reservatum
1873 2656 1886 2692 :
1919 2639 2102 2708 singu-

514 2734 628 2788 lare
657 2743 835 2789 autem
861 2735 1020 2788 etiam
1051 2733 1172 2797 hic;
1203 2734 1365 2787 nmlta
1389 2733 1583 2802 quippe
1604 2733 1763 2784 etiam
1793 2745 1936 2784 nunc
1955 2729 2100 2796 facit,

518 2841 586 2880 ne
612 2825 787 2880 stolidi
815 2825 1186 2880 existimarent
1210 2840 1271 2877 ea
1293 2841 1410 2893 qu:e
1438 2832 1562 2876 sunt
1583 2839 1688 2876 non
1719 2823 1829 2892 regi
1857 2821 1950 2876 Dei
1976 2836 2104 2888 pro-

513 2916 767 2971 videntia.
804 2916 953 2985 Quod
985 2916 1028 2968 si
1062 2931 1164 2968 non
1199 2914 1284 2970 hic
1327 2929 1514 2968 omnes
1555 2928 1785 2969 coronas
1811 2912 2104 2980 accipiunt,

515 3023 584 3062 ne
612 3008 842 3061 mireris.
888 3005 1098 3059 Paravit
1124 3007 1254 3058 enim
1287 3006 1421 3058 diem
1445 3047 1462 3072 ,
1487 3005 1536 3058 in
1559 3021 1662 3076 quo
1683 3015 1754 3059 est
1776 3005 2103 3076 judicaturns

516 3100 685 3154 orbem
723 3109 868 3153 terra
899 3097 1034 3168 (Act.
1068 3098 1151 3150 Π.
1181 3095 1296 3168 ’51);
1343 3097 1394 3151 in
1447 3097 1727 3165 praesentia
1776 3106 1952 3150 autem
1997 3107 2108 3149 sla;

513 3192 658 3246 (lium
684 3232 699 3255 ,
731 3191 922 3256 luctas,
949 3199 1004 3243 et
1026 3188 1337 3244 certamina.
1370 3191 1657 3258 Propterea
1689 3205 1796 3244 non
1841 3191 2106 3258 recipiunt

516 3283 604 3336 hic
631 3297 818 3336 omnes
863 3296 961 3350 pro
1007 3280 1234 3346 meritis,
1285 3281 1376 3334 sed
1405 3279 1490 3344 iis,
1524 3283 1610 3348 qui
1639 3295 1697 3334 se
1740 3290 1884 3335 recte
1915 3289 2106 3349 gerunt

518 3373 658 3425 dona
685 3379 812 3424 sunt
833 3371 940 3424 illic
969 3371 1201 3438 repOsita
1226 3412 1240 3433 ,
1275 3379 1329 3424 et
1351 3369 1437 3434 iis,
1471 3371 1557 3438 qui
1585 3385 1761 3433 secus,
1796 3371 2054 3439 supplicia
2087 3388 2101 3424 :

521 3462 608 3517 hic
653 3472 832 3516 autem
879 3471 961 3515 est
995 3461 1205 3526 lenitas,
1246 3470 1300 3516 et
1331 3460 1604 3530 patientia,
1635 3471 1691 3514 ut
1721 3477 1816 3530 per
1844 3462 2107 3531 pceuiten-

521 3555 648 3609 tiam
676 3554 1046 3623 ahstergamus
1073 3562 1284 3622 peccata
1319 3570 1331 3604 :
1362 3552 1455 3605 sed
1502 3552 1606 3606 illic
1649 3569 1753 3606 non
1787 3554 1877 3606 ita.
1925 3546 2106 3607 llomi;

519 3646 636 3700 cida
667 3646 808 3700 enim
830 3687 844 3710 ,
877 3645 1129 3714 quamdiu
1171 3654 1254 3698 est
1285 3645 1334 3697 iu
1373 3645 1478 3706 via,
1515 3652 1691 3714 potest
1716 3646 1928 3709 mutati,
1958 3657 2011 3699 et
2039 3647 2106 3698 li-

520 3737 692 3791 berari
721 3735 978 3807 supplicio
1003 3753 1017 3789 :
1057 3736 1150 3791 sed
1175 3746 1452 3806 postquam
1481 3736 1742 3791 deductus
1766 3746 1848 3792 est
1871 3738 1937 3791 ad
1966 3739 2108 3793 acci-

521 3829 764 3899 piendam
791 3829 986 3899 judicis
1022 3829 1364 3894 sententiam,
1393 3838 1559 3886 restat
1579 3831 1832 3902 deinceps
1854 3833 2020 3899 ensis,
2052 3842 2109 3888 et

521 3924 675 3976 lictor
701 3964 716 3987 ,
747 3932 803 3976 et
843 3921 1177 3976 barathrum.
1203 3921 1279 3976 Ita
1307 3924 1468 3977 etiam
1499 3923 1600 3977 hic.
1631 3924 1894 3992 Quamdiu
1941 3925 2107 3980 fueri-

521 4027 640 4066 mus
666 4011 880 4080 quidem
927 4012 978 4064 in
1018 4012 1126 4066 vita
1169 4013 1442 4081 praesenti,
1483 4029 1768 4083 possumus
1794 4018 1960 4070 vitare
1983 4032 2111 4087 sup-

521 4101 759 4171 plicium,
802 4101 846 4154 si
886 4110 1152 4155 mutemur
1181 4118 1196 4156 :
1227 4113 1504 4172 postquam
1531 4113 1709 4159 autem
1743 4107 1870 4161 illuc
1897 4108 2108 4162 disces-

520 4193 771 4258 serimus,
790 4191 980 4246 frustra
994 4192 1403 4264 lacrymabimur
1422 4212 1436 4249 :
1460 4194 1667 4248 Paravit
1687 4197 1827 4250 enim
1846 4199 1896 4250 in
1908 4199 2110 4268 judicio

527 4284 765 4338 thronum
800 4300 969 4337 suum.
1017 4284 1074 4339 Si
1120 4285 1240 4354 quis
1281 4293 1458 4340 autem
1499 4286 1658 4340 etiam
1691 4289 1839 4355 illud,
1877 4289 2106 4356 Paravit,

523 4375 789 4444 acceperit
833 4384 890 4429 ut
928 4374 1130 4430 dictum
1169 4382 1273 4442 est,
1308 4393 1412 4431 non
1445 4380 1728 4448 peccabit:
1759 4382 1936 4435 omnia
1962 4382 2106 4437 enim

523 4477 645 4521 sunt
693 4477 896 4537 parata,
933 4475 990 4522 et
1035 4468 1315 4538 supplicia,
1361 4481 1416 4524 et
1451 4484 1685 4534 corona}.
1724 4481 1777 4526 et
1821 4473 2106 4528 sententia.

521 4558 637 4613 Non
680 4568 762 4613 est
803 4560 1091 4624 cunctatio,
1139 4575 1240 4615 nec
1278 4569 1509 4631 tempus,
1559 4579 1659 4617 nec
1704 4565 1922 4620 tarditas
1967 4567 2110 4636 apud

524 4651 690 4704 Deum
720 4667 733 4702 :
761 4651 1188 4719 quandoquidem
1214 4653 1301 4722 qui
1325 4654 1506 4708 vivunt
1531 4671 1636 4709 non
1663 4659 1995 4726 prmvenieut
2017 4674 2112 4714 eos

523 4741 612 4810 qui
650 4741 1003 4805 dormierunt,
1051 4745 1500 4811 quemadmodum
1554 4747 1680 4802 dicit
1713 4727 1962 4804 Paulus':
1998 4750 2110 4806 Nos

523 4833 610 4904 qui
632 4833 867 4897 vivimus,
919 4834 1004 4917 qui
1041 4835 1221 4905 reliqui
1252 4853 1425 4890 sumus
1473 4839 1527 4892 in
1564 4839 1834 4894 adventum
1876 4841 2108 4910 Domini,

532 4941 633 4978 non
661 4925 1020 4994 prwveniemus
1041 4941 1125 4979 eos
1150 4927 1236 4994 qui
1256 4926 1586 4982 dormierunt.
1609 4927 1868 4985 Judicabit
1895 4936 2110 5005 papulas

521 5017 575 5071 in
601 5017 834 5086 azquitate
871 5017 948 5087 (l.
983 5016 1156 5072 Thess.
1201 5018 1256 5073 4.
1300 5017 1411 5092 16).
1444 5019 1580 5075 Vide
1617 5024 1936 5091 sapientiam
1987 5041 2110 5095 pro-

527 5108 720 5174 phetax,
765 5107 1036 5176 quomodo
1081 5108 1211 5162 dicit
1254 5111 1554 5179 prasentia,
1603 5114 1871 5180 quomodo
1911 5115 2107 5170 futura.

527 5201 809 5257 Pnesentia
841 5220 855 5256 :
884 5201 1171 5272 Increpain
1181 5214 1371 5273 gentes,
1404 5214 1449 5258 et
1475 5206 1622 5276 periit
1649 5207 1836 5276 impius
1859 5223 1880 5271 ,'
1911 5209 2105 5278 futura,

527 5291 737 5347 Paravit
765 5295 818 5347 in
839 5294 1037 5366 judicio
1058 5295 1296 5348 thronum
1323 5313 1493 5351 suum.
1525 5297 1590 5351 Et
1619 5298 1728 5368 ipse
1739 5301 1992 5370 judicabit
2018 5320 2108 5357 oro

528 5387 634 5438 L'em
655 5395 804 5440 teme
827 5388 880 5439 in
895 5389 1114 5454 justitia.
1135 5389 1248 5442 Hoc
1273 5399 1450 5443 autem
1475 5390 1597 5445 facit
1623 5432 1639 5457 ,
1668 5402 1726 5446 ut
1749 5395 1838 5463 qui
1870 5395 1972 5448 illis
2000 5411 2105 5451 non

525 5476 750 5530 credunt
781 5491 848 5531 ex
883 5479 1236 5546 praesentibus
1264 5492 1573 5550 argumenta
1609 5483 1890 5552 accipiant.
1923 5485 2010 5542 10.
2039 5486 2108 5541 Et

527 5569 690 5633 factus
731 5574 805 5618 est
843 5563 1094 5621 Dominus
1128 5570 1377 5639 refugium
1413 5574 1643 5641 pauperi.
1688 5573 1860 5638 Alius,
1897 5574 2104 5642 Attrita,

523 5657 699 5717 Alius.
752 5658 1025 5731 Confracta
1056 5662 1090 5718 ¹.
1139 5661 1309 5720 Vocat
1349 5666 1561 5722 assidue
1601 5669 1835 5738 seipsum
1880 5679 1936 5724 et
1986 5686 2108 5740 pau-

599 5781 614 5810 ι
660 5755 765 5849 πτῆ
802 5779 976 5840 Aquila
1002 5817 1016 5841 ,
1067 5781 1338 5846 ἐπιτρίιτῳ,
1387 5785 1747 5848 Symmachus,
1793 5787 2112 5850 τεθλασμένῳ.

1237 325 1295 383 S.
1333 322 1613 381 JOANNIS
1649 320 2100 378 CllltYSOSTOM

2211 319 2478 377 RCIIIEP.
2520 320 3053 380 CONSTANTINOP.
3674 331 3763 391 128

2192 451 2374 504 parem
2405 445 2458 489 et
2497 435 2822 500 mendicum,
2863 437 2990 493 licet
3029 438 3229 510 regiam
3255 449 3480 496 teneret.
3513 440 3584 496 Ita
3611 444 3764 502 etiam

2191 527 2350 581 alihi:
2379 526 2485 598 Ego
2501 537 2666 580 autem
2687 529 2946 582 mendicus
2966 547 3077 582 sunt
3099 539 3144 584 et
3165 531 3536 603 panper(Psul.
3558 534 3644 591 '59.
3666 536 3767 607 18).

2192 619 2406 672 Sciebat
2449 620 2590 673 enim
2617 662 2632 684 ,
2663 629 2717 675 et
2742 621 2886 676 clare
2927 623 3127 679 sciebat
3148 666 3161 688 ,
3189 626 3367 680 omnia
3398 627 3624 682 humana
3655 647 3767 686 esse

2194 710 2381 762 umbra
2409 711 2759 765 imbecilliora
2777 755 2792 779 ,
2826 723 2878 766 et
2905 714 3035 768 nihil
3067 730 3188 770 esse
3213 718 3369 774 nobis
3389 721 3584 775 virtute
3611 723 3770 792 magis

2194 804 2465 871 proprium
2497 843 2510 865 ,
2553 803 2757 871 reliqua
2795 814 2974 859 autem
3022 809 3200 862 omnia
3244 824 3365 864 esse
3405 811 3594 866 similia
3639 813 3770 867 loliis

2193 894 2527 948 extrinsecus
2577 895 2860 964 appositis.
2910 896 3064 964 Quod
3115 899 3258 954 enim
3308 901 3478 957 virtus
3517 903 3586 957 sit
3629 906 3772 960 nobis

2196 985 2428 1054 propria,
2474 999 2540 1038 ex
2590 985 2691 1041 hoc
2719 986 2923 1041 clarum
2966 997 3067 1043 est.
3101 989 3449 1062 Quocumque
3496 996 3767 1050 recesseri-

2196 1091 2334 1142 mus,
2357 1092 2472 1130 eam
2499 1076 2924 1133 circumferimus
2948 1097 2962 1133 :
2990 1079 3077 1134 illa
3104 1089 3284 1136 autem
3313 1098 3418 1137 non
3443 1085 3641 1140 itidem.
3670 1085 3776 1142 lloc

2197 1178 2280 1222 est
2305 1183 2434 1238 ergo
2476 1169 2632 1224 nobis
2668 1171 2837 1239 magis
2864 1173 3136 1241 proprium
3166 1215 3181 1238 ,
3208 1173 3312 1228 alia
3339 1184 3514 1231 autem
3542 1188 3664 1232 sunt
3694 1194 3774 1233 re-

2199 1261 2445 1314 motiora.
2472 1260 2928 1326 Quemadmodum
2956 1278 3085 1334 ergo
3112 1279 3234 1319 eum
3256 1265 3486 1321 dicimus
3509 1269 3770 1338 proprium

2199 1352 2289 1422 qui
2339 1361 2425 1407 est
2463 1353 2616 1408 nobis
2647 1354 2996 1426 propinquior
3027 1373 3040 1409 :
3084 1357 3152 1435 ita
3183 1358 3343 1412 etiam
3383 1358 3519 1414 hanc
3551 1361 3780 1430 pecuniis

2200 1445 2426 1499 dicimus
2455 1446 2622 1516 magis
2651 1448 2918 1519 propriam
2953 1489 2972 1516 ,
3002 1449 3256 1520 quoniam
3289 1453 3444 1508 nobis
3465 1466 3678 1522 semper
3704 1463 3779 1508 est

2202 1537 2566 1607 prepinquior.

2272 1628 2324 1682 5.
2356 1627 2648 1682 Considera
2677 1637 2856 1683 autem
2887 1629 3016 1684 mihi
3049 1631 3166 1700 ejus
3194 1642 3400 1702 gratum
3429 1642 3484 1689 et
3513 1634 3782 1704 sapientia:

2202 1717 2498 1771 studiosum
2543 1719 2802 1773 animum.
2843 1720 2978 1776 Cum
3021 1723 3163 1777 enim
3195 1724 3415 1779 haberet
3443 1733 3497 1780 et
3524 1735 3785 1795 equos,et

2203 1820 2394 1874 castra,
2425 1820 2479 1865 et
2507 1810 2611 1864 alia
2659 1812 2936 1868 innumera
2955 1855 2968 1878 ,
2997 1814 3104 1869 illis
3129 1817 3377 1871 omnibus
3406 1817 3584 1871 missis
3608 1833 3782 1886 super-

2205 1917 2328 1955 num
2372 1903 2600 1956 accersit
2643 1904 2922 1969 auxilium,
2956 1915 3009 1959 et
3056 1921 3210 1960 suam
3238 1906 3287 1962 ei
3314 1908 3541 1963 salutem
3577 1906 3683 1964 fert
3708 1923 3788 1962 ac-

2204 2003 2433 2063 ceptam.
2474 1993 2592 2048 Non
2622 1996 2764 2050 enim
2793 1997 2926 2050 dixit
2954 2013 2968 2053 :
3015 1997 3252 2052 Fuerunt
3281 1999 3408 2052 mihi
3449 2009 3625 2053 castra
3654 1999 3786 2053 refu-

2205 2085 2347 2152 gium
2377 2101 2575 2148 meum,
2606 2101 2705 2141 nec
2737 2087 2957 2156 pecunia
2987 2129 3001 2152 ,
3035 2103 3134 2142 nec
3159 2091 3294 2142 muri
3320 2106 3336 2144 :
3368 2089 3486 2156 sed,
3515 2088 3704 2143 Factus
3723 2099 3789 2144 est
3825 2084 3830 2088 ”

2205 2174 2456 2230 Dominus
2481 2178 2732 2248 refugium
2758 2180 2988 2247 pauperi.
3019 2178 3137 2248 Ipse
3161 2195 3246 2235 me
3273 2181 3323 2234 in
3355 2189 3469 2234 tuto
3489 2180 3788 2235 collocavit:

2207 2268 2338 2322 nihil
2363 2269 2506 2323 enim
2547 2269 2778 2324 conferri
2821 2280 2999 2341 potest
3025 2287 3145 2326 cum
3189 2272 3290 2327 hoc
3316 2271 3540 2342 refugio,
3571 2273 3709 2342 quod
3740 2283 3790 2328 et

2206 2358 2272 2413 ad
2297 2358 2562 2414 facilitatis
2583 2370 2636 2414 et
2658 2360 2959 2415 securitatis
2983 2363 3242 2416 rationem
3264 2363 3472 2417 attinet.
3497 2363 3634 2417 Aliis
3653 2364 3786 2417 enim

2207 2451 2427 2522 refugiis
2472 2461 2695 2521 possunt
2735 2451 2914 2508 alferri
2959 2455 3184 2519 insidiae,
3245 2470 3344 2510 nec
3387 2466 3610 2525 possunt
3637 2470 3698 2510 ea
3744 2456 3791 2509 in

2208 2554 2456 2614 promptu
2504 2544 2762 2611 inveniri,
2810 2545 2906 2599 sed
2931 2554 2987 2600 et
3015 2555 3276 2615 tempore,
3311 2557 3365 2601 et
3403 2548 3521 2603 loco
3546 2558 3602 2602 et
3639 2547 3789 2601 innu-

2209 2635 2551 2691 merabilibus
2577 2645 2828 2690 areentur
2853 2637 3268 2692 circumstantiis
3312 2655 3327 2694 :
3363 2639 3465 2694 hoc
3508 2649 3686 2694 autem
3713 2649 3788 2693 ut-

2211 2737 2333 2797 pote
2369 2728 2511 2797 quod
2561 2743 2724 2797 prope
2763 2729 2862 2795 sit,
2893 2729 3161 2795 invenies,
3189 2730 3236 2787 si
3267 2731 3316 2786 id
3355 2733 3643 2803 diligenter
3664 2749 3796 2804 qum-

2211 2819 2388 2873 sicris.
2430 2817 2503 2873 Te
2541 2820 2682 2874 enim
2711 2821 2882 2874 adhuc
2923 2822 3155 2893 loquente
3196 2823 3364 2876 dicam
3395 2839 3414 2877 :
3444 2824 3580 2878 Ecce
3621 2824 3791 2878 adsum

2211 2910 2364 2982 (Isai.
2388 2911 2478 2966 58.
2507 2911 2586 2982 9).
2621 2911 2706 2976 Et,
2738 2911 2876 2966 Dens
2897 2914 3310 2984 appmpinquans
3339 2930 3430 2986 ego
3453 2932 3590 2980 sum,
3619 2924 3663 2970 et
3700 2931 3793 2968 non

2210 3003 2346 3058 Deus
2367 3006 2545 3075 procul
2585 3003 2715 3077 (Jer.
2742 3004 2829 3060 25.
2857 3005 2971 3076 25).
3010 3006 3118 3062 Nec
3167 3023 3327 3062 cursu
3357 3024 3506 3078 ergo,
3537 3023 3639 3063 nec
3683 3023 3795 3077 pcr-

2210 3095 2544 3164 egrinationc
2573 3096 2728 3152 nobis
2753 3113 2888 3167 opus
2910 3109 3012 3166 est,
3032 3098 3124 3154 sed
3152 3101 3232 3155 vel
3261 3099 3408 3154 denti
3427 3100 3679 3156 sedentes
3704 3102 3795 3156 hoc

2213 3203 2493 3256 possumus
2521 3205 2752 3245 evocare
2777 3191 3054 3246 auxilium.
3088 3192 3158 3247 Et
3179 3193 3465 3264 aliquando
3491 3195 3706 3263 quidem
3734 3195 3794 3248 li-

2212 3278 2363 3334 herat
2394 3295 2424 3333 a
2470 3280 2718 3348 periculis
2751 3297 2764 3333 :
2793 3282 3079 3350 aliquando
3119 3293 3295 3337 autem
3333 3299 3431 3338 eos
3453 3285 3602 3354 ipsos
3629 3286 3795 3340 reddit

2213 3373 2520 3441 praeclaros,
2547 3385 2601 3428 et
2628 3375 2954 3443 potentiores
2978 3375 3330 3442 adversariis;
3360 3389 3414 3433 et
3441 3388 3724 3452 utrumque
3749 3381 3795 3432 iu

2213 3472 2452 3531 tempore
2467 3465 2824 3519 convenienti.
2841 3466 3066 3533 Quando
3093 3469 3236 3522 enim
3253 3471 3320 3524 'se
3349 3470 3593 3526 mode5te
3614 3481 3798 3542 gerunt

2212 3557 2298 3625 qui
2329 3555 2379 3609 id
2403 3565 2760 3626 assequuntur
2783 3599 2798 3623 ,
2831 3556 2924 3612 dat
2963 3567 3268 3630 utrumque.
3312 3560 3406 3615 Sin
3445 3571 3632 3616 autem
3661 3564 3798 3618 ineo

2213 3661 2318 3699 non
2345 3663 2404 3701 se
2435 3659 2579 3702 recte
2607 3649 2899 3717 gesserint,
2925 3649 3063 3703 intra
3089 3666 3251 3704 unum
3275 3650 3537 3718 subsistit,
3577 3669 3644 3707 ne
3669 3654 3798 3708 alto-

2213 3738 2326 3792 rius
2370 3737 2736 3794 additamento
2788 3741 2947 3796 nimis
2985 3741 3114 3795 ﬁant
3150 3755 3481 3813 arrogantes.
3508 3743 3584 3799 Ut
3625 3754 3797 3799 autem

2213 3828 2353 3884 scias
2381 3829 2432 3883 id
2459 3845 2602 3898 smpe
2629 3830 2682 3884 in
2713 3845 2874 3885 causa
2899 3846 3020 3887 esse
3046 3842 3102 3886 ut
3129 3832 3180 3886 in
3210 3833 3544 3890 insolentiam
3573 3836 3800 3891 efferan-

2215 3930 2300 3975 tur
2321 3919 2591 3983 homines,
2615 3920 2875 3977 Ezechias
2899 3937 2961 3977 ea
2987 3922 3057 3979 de
3080 3939 3241 3979 causa
3263 3925 3434 3980 elatus
3461 3937 3544 3979 est
3569 3943 3587 3992 ;
3618 3927 3710 3982 sed
3737 3941 3799 3980 ne

2213 4011 2291 4065 sic
2333 4010 2547 4080 quidem
2594 4027 2714 4065 eum
2759 4013 3103 4081 contempsit,
3141 4013 3259 4078 sed,
3287 4016 3536 4085 quoniam
3564 4017 3803 4073 victoria:

2213 4115 2497 4154 successus
2525 4111 2757 4155 mentem
2785 4103 2902 4170 ejus
2926 4104 3195 4159 extulerat
3223 4145 3238 4168 ,
3269 4105 3490 4160 immisit
3517 4107 3799 4161 inﬁrmita-

2216 4201 2322 4247 tem
2349 4233 2364 4257 ,
2395 4208 2512 4261 qua:
2542 4209 2663 4247 eum
2699 4195 2992 4264 corrigeret
3023 4193 3195 4265 (Isai.
3243 4196 3333 4252 '59.
3378 4198 3414 4251 Ξ
3436 4197 3479 4269 ).
3508 4198 3728 4271 Adjutor
3751 4199 3805 4251 in

2214 4284 2695 4355 opportunitatibus,
2724 4285 2776 4338 in
2803 4287 3144 4341 tribulatione.
3170 4289 3307 4356 Quid
3335 4298 3438 4355 est,
3463 4288 3532 4344 In
3550 4300 3798 4361 Opportu-

2215 4376 2453 4430 nitatibus
2477 4375 2503 4428 .9
2549 4374 2603 4430 lu
2645 4384 2884 4446 tempore
2903 4417 2919 4442 ,
2948 4377 3151 4446 inquit,
3180 4390 3501 4448 opportuno.
3531 4381 3801 4451 Duplicem

2215 4469 2346 4524 dicit
2374 4471 2851 4540 opportunitatem,
2877 4470 3018 4539 quod
3042 4480 3097 4525 et
3127 4471 3262 4526 ferat
3287 4473 3565 4540 auxilium,
3587 4483 3643 4528 et
3663 4472 3802 4543 quod

2217 4559 2271 4613 in
2303 4567 2564 4628 tempore.
2595 4558 3064 4629 Opportunitatem
3096 4561 3238 4615 enim
3283 4561 3372 4616 hic
3400 4563 3529 4617 dicit
3567 4563 3784 4618 afﬂictio

2216 4664 2361 4704 nem.
2401 4650 2514 4717 Qua
2567 4649 2636 4706 de
2663 4665 2721 4705 re
2745 4651 2768 4702 ‘l
2798 4650 2949 4718 Quod
2979 4655 3048 4706 sit
3077 4663 3251 4708 mater
3277 4653 3656 4724 philosophia,
3696 4665 3748 4710 et
3771 4670 3799 4708 a

2215 4750 2386 4796 morte
2415 4741 2658 4796 liberabit
2705 4741 2974 4796 hominem
3004 4744 3046 4812 ¹,
3075 4758 3140 4798 ac
3167 4744 3406 4799 divinum
3453 4748 3684 4801 maxime
3727 4757 3802 4800 at-

2219 4833 2392 4886 trahat
2420 4833 2694 4888 auxilium.
2723 4832 2873 4887 Tunc
2901 4835 3106 4889 sublata
3131 4845 3216 4890 est
3242 4836 3512 4903 socordia,
3543 4847 3601 4892 et
3628 4837 3805 4892 disso-

2216 4923 2378 4988 lutio;
2415 4933 2543 4977 tunc
2588 4925 3068 4994 supplicationibus
3097 4941 3349 4982 vacamus
3378 4928 3708 5000 diligentius.
3742 4931 3806 4984 lit

2215 5015 2353 5068 sicut
2381 5015 2570 5086 hyems
2605 5027 2686 5069 est
2717 5025 2926 5085 tempus
2967 5028 3326 5087 opportunum
3365 5020 3431 5074 ad
3477 5031 3636 5076 terra:
3676 5023 3804 5092 agri-

2215 5105 2477 5161 culturam
2523 5124 2537 5160 :
2569 5106 2639 5161 ita
2674 5108 2835 5162 etiam
2866 5108 3084 5164 afﬂicdo
3122 5111 3188 5165 ad
3217 5128 3399 5166 curam
3429 5116 3644 5169 auiuue.
3679 5115 3804 5184 Ejus

2215 5199 2358 5254 enim
2389 5214 2602 5270 semper
2627 5215 2762 5270 opus
2792 5200 3085 5257 habeamus
3130 5206 3353 5272 auxilio,
3385 5207 3484 5261 etsi
3517 5209 3623 5262 sint
3653 5209 3801 5262 nobis

2216 5306 2304 5346 res
2318 5291 2602 5346 secunda}:
2637 5302 2760 5348 tunc
2778 5304 2956 5349 autem
2987 5297 3218 5352 maxime
3243 5299 3504 5355 sentimus
3527 5301 3799 5363 auxilium,

2215 5385 2426 5454 quando
2445 5402 2721 5441 versamur
2746 5387 2798 5441 in
2824 5387 3225 5445 afﬂictionibus.
3253 5390 3496 5462 Adjutor.
3527 5392 3622 5448 Hic
3641 5394 3800 5448 etiam

2215 5475 2414 5547 aliquid
2452 5477 2596 5532 aliud
2636 5478 2989 5548 signiﬁcavit;
3016 5495 3210 5551 nempe
3249 5482 3394 5553 quod
3424 5493 3671 5555 oporteat
3697 5499 3793 5538 nos

2210 5598 2418 5671 gemina
2442 5604 2774 5671 interpretum
2799 5619 2863 5671 ex
2881 5621 2981 5656 uno
3000 5605 3182 5658 Codice
3202 5607 3360 5671 Regio
3375 5611 3582 5660 mutuati
3606 5621 3794 5658 sumtu.

2210 5661 2337 5710 Vide
2365 5661 2415 5711 in
2446 5661 2684 5727 llexa‘plis
2709 5667 2909 5717 nostris.

2280 5731 2295 5762 ι
2332 5731 2467 5798 Illud,
2487 5738 2539 5798 et
2560 5745 2592 5782 a
2613 5739 2763 5798 morte
2785 5732 3006 5798 liberabit
3029 5733 3285 5798 hominem,
3311 5738 3361 5789 in
3384 5750 3482 5789 uno
3522 5735 3657 5789 σου).
3684 5735 3802 5797 leg:-

2217 5799 2310 5842 tur.
2337 5792 2426 5842 sed
2451 5794 2527 5844 hic
2548 5795 2785 5858 quadrare
2808 5796 3018 5848 videtur.
