4030 6458
249 333 329 395 m

270 465 356 548 χοῦ
381 469 447 527 δέ
466 468 558 529 δεῖ
580 474 696 531 καὶ.
721 477 801 534 τὸ
841 482 1120 556 κείμενον
1154 482 1420 555 δέχεσθαι,
1454 484 1548 538 καὶ
1575 481 1637 536 τὺ
1660 479 1721 546 ἐξ
1749 475 1916 535 αὐτοῦ

288 559 646 636 δγριούμενον·
693 561 781 627 ὡς
817 564 948 638 ἔχει
979 568 1044 621 τὸ
1066 609 1082 633 ,
1128 568 1333 634 Καθὼς
1370 567 1480 621 τὸν
1523 567 1665 636 ὅφιν
1708 565 1922 634 ὕψωσε

306 650 575 721 Ηωῠσῆς.
599 652 726 707 Καὶ
757 656 881 726 γὰρ
931 655 1095 710 τοῦτο
1135 656 1217 709 δεῖ
1255 653 1531 709 πιστεύειν
1568 654 1651 709 ὅτι
1700 653 1921 723 ἐγένετο

316 739 543 813 κὶγένετο
569 738 708 809 γὰρ)
735 778 752 801 ,
790 741 896 793 καὶ
922 739 986 793 τὸ
1020 739 1080 805 ἐξ
1118 739 1306 803 αὐτοῦ,
1333 727 1413 802 εἰς
1449 737 1621 791 τύπον
1647 736 1742 791 τοῦ
1781 735 1915 808 Χρι-

318 823 460 878 στοῦ.
487 820 647 877 Οῦτω
677 823 780 878 καὶ
814 821 934 896 [99]
971 822 1206 878 ἐνταῦθα
1232 822 1331 875 οὐκ
1367 820 1433 876 ἀν
1461 838 1545 884 τις
1574 820 1810 892 ἁμάρτοι
1835 820 1916 883 εἰς

315 910 380 964 τὰ
430 907 701 962 Ἰουδαϊκὰ
740 906 1109 978 ἐκλαμϐάνων
1146 906 1214 960 τά
1256 905 1542 977 εἰρημένα.
1591 903 1916 970 Ἐκάθισας

314 995 411 1048 ἐπὶ
448 994 669 1062 θρόνου
711 994 746 1047 ό
795 992 1021 1060 κρίνων
1061 990 1474 1059 δικαιοσύνην.
1517 989 1915 1059 Ἐπετίμηο-ας

315 1078 520 1133 ἔθνεσι
539 1121 554 1140 ,
588 1076 693 1131 καί
720 1075 997 1131 ἀπώλετο
1026 1077 1064 1129 ὁ
1104 1073 1361 1141 ἁσεϐής’
1404 1074 1471 1129 τὸ
1505 1074 1695 1141 ὄνομα
1723 1071 1910 1128 αὐτοῦ

318 1161 653 1230 ἐξήλειψιας
674 1162 763 1225 εἰς
792 1158 904 1213 τὸν
929 1157 1150 1220 αἰῶνα,
1178 1158 1279 1212 καὶ
1308 1161 1396 1225 είς
1426 1157 1535 1212 τὸν
1571 1156 1760 1211 αἰῶνα
1801 1155 1911 1210 τοῦ

319 1246 553 1311 αἰῶνος.
592 1242 706 1298 Τοῦ
732 1241 949 1311 ἐχθροῦ
976 1241 1263 1306 ἐξέλιπον
1297 1245 1357 1296 αἰ
1383 1240 1675 1311 ρομφαῖαι
1707 1243 1796 1307 εἰς
1820 1239 1913 1294 τέ-

314 1334 428 1396 λος
448 1370 465 1392 ,
494 1329 599 1383 καί
623 1330 836 1394 πόλεις
857 1326 1146 1392 καθεῖλες.
1190 1325 1478 1382 Ἆπώλετο
1506 1326 1573 1381 τὸ
1594 1327 1912 1396 μνημόσυ-

315 1432 427 1470 νον
459 1413 651 1469 αὐτοῦ
690 1413 820 1482 μετ’
859 1411 1036 1482 ἤχου.
1080 1413 1155 1466 Ἦ
1204 1429 1263 1466 τε
1298 1411 1408 1485 γὰρ
1444 1411 1699 1484 συμφορά
1730 1410 1910 1465 αὐτῶν

317 1499 423 1552 τῶν
452 1499 550 1553 τὸν
584 1496 821 1568 Χριστὸν
846 1496 1272 1568 σταυρωσάντων
1300 1495 1580 1567 πανταχοῦ
1605 1496 1705 1568 τῆς
1729 1498 1908 1549 οἰκου-

321 1584 492 1655 μένης
516 1580 823 1652 κατάδηλος
846 1621 862 1645 ,
893 1580 953 1634 αἰ
981 1597 1042 1633 τε
1076 1579 1261 1645 πόλεις
1287 1581 1467 1634 αὐτῶν
1500 1579 1905 1654 καθῃρέθησαν,

314 1667 408 1721 τοῦ
446 1684 510 1720 τε
559 1665 809 1719 διαϐόλου
856 1664 1067 1731 ἐξέλιπε
1110 1664 1178 1718 τὰ
1227 1666 1636 1736 μηχανήματα,
1676 1667 1777 1737 τῆς
1812 1663 1907 1717 τοῦ

317 1749 560 1822 Χριστοῦ
592 1750 918 1822 κηδεμονίας
944 1747 1017 1802 τὰ
1062 1749 1238 1803 πάντα
1268 1748 1703 1819 καταλαϐούσης.
1746 1746 1910 1802 Ἀλλὰ

312 1834 491 1890 ταῦτα
537 1836 653 1897 τοῖς
701 1831 1020 1904 φιλομαθέσι
1054 1833 1445 1896 καταλιπόντες
1481 1832 1774 1906 ἁρμόζειν,
1796 1832 1908 1886 τῶν

315 1917 700 1992 προκειμένων
735 1915 1011 1989 ἐχώμεθα.
1049 1916 1412 1986 Ἦτοίμασεν
1457 1916 1528 1970 ἐν
1563 1917 1760 1985 κρίσει
1799 1916 1908 1971 τὸν

312 2005 534 2072 θρόνον
561 1999 775 2056 αὐτοῦ.
815 1998 1011 2059 Ἀλλος
1031 2038 1048 2063 ,
1077 1998 1375 2068 Ἥδρασεν
1408 2001 1497 2067 εἰς
1534 2002 1755 2069 κρίσιν.
1795 1999 1905 2056 Καὶ

309 2090 497 2153 αὐτὸς
527 2084 728 2155 κρινεῖ
743 2084 860 2153 τὴν
884 2082 1244 2153 οἰκουμένην
1265 2085 1336 2138 ἐν·
1362 2083 1720 2154 δικαιοσύνῃ
1735 2128 1749 2147 ,
1778 2103 1905 2154 κρι-

307 2173 407 2227 νεῖ
425 2172 626 2238 λαοὺς
650 2171 721 2225 ἐν
740 2170 1036 2237 εὐθύτητι.
1054 2164 1208 2232 Εἶδες
1237 2168 1355 2234 πῶς
1386 2170 1529 2224 κατὰ
1556 2170 1752 2243 μικρὸν
1781 2172 1906 2228 ἀνά-

304 2274 394 2326 γει
422 2258 519 2310 τὸν
549 2256 739 2323 λόγονς
774 2253 989 2326 Ἐπειδὴ
1017 2253 1128 2324 γὰρ
1151 2252 1340 2326 θρόνου
1369 2256 1766 2327 ἐμνημόνευσε,
1793 2257 1902 2311 δεί-

309 2359 468 2397 κνυσι
493 2340 596 2394 τοῦ
623 2339 813 2412 θρόνου
839 2340 940 2411 τὴν
973 2337 1154 2409 φύσιν.
1201 2341 1302 2393 οὐκ
1331 2341 1439 2394 ἀπὸ
1471 2339 1643 2406 ξύλων
1678 2359 1901 2412 συγκει-

312 2428 506 2499 μένην,
538 2424 668 2478 ούδὲ
715 2440 859 2487 τινος
888 2422 1021 2494 ὕλης
1045 2466 1061 2491 ,
1100 2424 1216 2479 ἀλλ’
1252 2425 1360 2479 ἀπὸ
1400 2425 1768 2499 δικαιοσύνης.
1812 2427 1901 2482 Ἐν

309 2514 417 2582 γὰρ
475 2513 545 2583 τῇ
600 2508 952 2584 δικαιοσύνῃ,
1006 2510 1206 2582 φησὶν,
1253 2511 1485 2582 ἵδρυται.
1535 2514 1746 2583 Κρινεῖ
1787 2521 1904 2582 τὴν

311 2595 767 2666 οἰκουμένηνὲν
791 2594 1167 2665 δικαιοσύνῃ.
1199 2597 1310 2651 Καὶ
1341 2596 1411 2650 τά
1436 2599 1683 2670 παρόντα
1713 2601 1808 2655 καὶ
1832 2599 1903 2655 τά

314 2680 583 2751 μέλλοντα
627 2681 1023 2750 προαναφωνεῖ.
1070 2679 1134 2733 Ἦ
1172 2680 1272 2751 μὲν
1301 2680 1410 2754 γὰρ
1449 2682 1679 2737 καθόλου
1719 2684 1901 2755 κρίσις

309 2766 423 2818 ἐκεῖ
451 2763 811 2835 τεταμίευται
834 2779 847 2791 ’
894 2766 926 2835 ή
978 2764 1035 2818 δὲ
1071 2764 1136 2817 ἐκ
1186 2764 1386 2836 μέρους
1423 2768 1519 2822 καὶ
1568 2768 1837 2823 ἐνταῦθα’
1870 2783 1897 2811 ι

308 2848 481 2903 πολλά
529 2849 645 2920 γὰρ
695 2848 787 2902 καὶ
814 2848 910 2903 νῦν
938 2848 1260 2919 ἐργάζεται,
1292 2850 1433 2905 ὥστε
1465 2851 1541 2925 μὴ
1574 2853 1702 2917 τοὺς
1739 2854 1898 2907 ἀναι-

306 2934 540 3000 σθήτους
580 2931 892 3005 ἀπρονόητα
922 2928 1063 2988 εἶναι
1095 2933 1337 3004 νομίζειν
1367 2935 1437 2989 τὰ
1462 2935 1610 2990 ὄντα.
1641 2937 1703 2992 Εἰ
1729 2938 1787 2992 δὲ
1821 2938 1897 3010 μὴ

304 3018 508 3080 πάντες
551 3015 785 3071 ἐνταῦθα
819 3016 945 3080 τοὺς
980 3017 1276 3087 στεφάνους
1302 3019 1750 3090 ἀπολαμϐάνουςι
1776 3063 1791 3085 ,
1821 3022 1896 3095 μὴ

304 3101 619 3174 θαυμάσῃς.
645 3100 954 3170 Ἡτοίμασε
974 3100 1085 3172 γὰρ
1109 3101 1357 3171 ἡμέραν,
1388 3104 1458 3158 ἐν
1481 3097 1522 3177 ᾖ
1545 3104 1759 3174 μέλλει
1780 3107 1900 3175 κρί-

302 3201 436 3239 νειν
464 3184 587 3253 τὴν
616 3184 981 3255 οἰκουμένην
1005 3202 1019 3217 ν
1057 3187 1120 3240 τὺ
1164 3186 1222 3240 δέ
1262 3187 1437 3259 παρὸν
1459 3227 1475 3249 ,
1527 3189 1772 3255 στάδιον,
1805 3191 1897 3245 καὶ

308 3267 493 3338 ἀγὼν,
526 3268 627 3322 καὶ
655 3267 1028 3339 παλαίσματα.
1067 3269 1169 3323 Διά
1214 3270 1278 3341 δὴ
1327 3270 1486 3326 τοῦτο
1507 3275 1568 3327 οὺ
1599 3275 1800 3339 πάντες
1827 3277 1898 3329 τὰ

307 3355 428 3409 κατ’
448 3353 608 3419 ἀξίαν
635 3354 1132 3426 ἀπολαμϐάνουσιν,
1158 3355 1295 3411 ἀλλά
1315 3361 1429 3422 τοῖς
1451 3376 1511 3413 τε
1537 3360 1896 3433 κατορθοῦσιν

302 3442 423 3495 ἐκεῖ
449 3438 804 3510 τεταμίευται
823 3439 893 3494 τὰ
919 3439 1071 3513 δῶρα
1088 3483 1104 3507 ,
1139 3445 1257 3528 τοῖς
1285 3460 1343 3497 τε
1367 3447 1806 3500 καταπίπτουσιν
1837 3449 1895 3502 αἰ

300 3532 561 3595 κολάσεις
579 3549 595 3562 ο
616 3531 849 3587 ἐνταῦθα
870 3531 928 3585 δὲ
953 3533 1119 3605 ἀνοχὴ
1144 3534 1240 3588 καὶ
1264 3535 1613 3607 μακροθυμία
1646 3538 1788 3593 ὥστε
1808 3540 1895 3595 διά

306 3617 603 3689 μετανοίας
621 3615 987 3685 ἀπονίψασθαι
1002 3616 1071 3671 τὰ
1092 3617 1461 3690 ἡμαρτημένα
1477 3636 1490 3650 ·
1517 3620 1635 3676 ἀλλ’
1655 3623 1757 3677 οὐκ
1779 3625 1896 3678 ἐκεῖ

300 3700 486 3756 τοῦτο.
535 3701 693 3755 Ἐπεὶ
740 3701 835 3755 καὶ
865 3700 1207 3773 ἀνδροφόνος,
1238 3703 1344 3768 ἕως
1375 3704 1474 3775 μὲν
1499 3704 1568 3760 ἀν
1671 3709 1728 3762 ἐν
1771 3711 1894 3772 ταῖς

298 3786 463 3849 ὁδοῖς.
522 3783 714 3856 κύριός
744 3786 857 3839 ἐστι
913 3785 1332 3856 μεταϐαλέσθαι.
1382 3790 1479 3844 καὶ
1512 3791 1892 3862 ἀπαλλαγῆναι

302 3866 610 3931 κολάσεως
639 3867 859 3921 ἐπειδὰν
885 3868 943 3922 δὲ
972 3869 1077 3923 ύπδ
1109 3871 1210 3942 τὴν
1242 3872 1425 3943 ψῆφον
1449 3873 1592 3929 ἔλθοι
1624 3875 1720 3931 τσῦ
1745 3876 1894 3931 δικα-

302 3952 454 4016 στοῦ,
491 3952 647 4022 ξίφος
683 3952 886 4019 λοιπὸν,
921 3955 1017 4009 καὶ
1059 3955 1271 4027 δήμιος,
1306 3958 1403 4012 καὶ
1432 3958 1703 4034 βάραθρα.
1734 3961 1893 4019 Οὕτω

301 4037 394 4091 καὶ
424 4035 684 4091 ἐνταῦθα.
716 4038 861 4101 Ἕως
888 4038 986 4109 μὲν
1008 4038 1075 4092 ἀν
1102 4041 1161 4093 ἐν
1185 4039 1264 4111 τῷ
1299 4040 1399 4113 βίῳ
1429 4043 1604 4118 τούτῳ
1633 4039 1784 4119 ὦμεν
1812 4047 1892 4120 τῷ

300 4122 552 4194 παρόντι,
581 4121 805 4176 δυνατὸν
834 4123 1116 4193 διαφυγεῖν
1156 4125 1256 4196 τὴν
1286 4129 1558 4201 τιμωρίαν
1592 4133 1892 4203 μεταϐαλο-

301 4205 499 4275 μένους
519 4223 537 4239 ·
584 4207 702 4259 ἐκεῖ
746 4205 804 4261 δὲ
849 4207 1194 4274 ἀπελθόντες,
1246 4211 1491 4285 ἀνήνυτα
1537 4216 1846 4289 οἰμώξομεν
1871 4235 1888 4253 ο

307 4291 632 4358 Ἠτοᾲιασε
655 4291 767 4358 τὰρ
794 4290 864 4344 ἐν
892 4292 1085 4361 κρίσει
1124 4293 1230 4347 τὸν
1251 4294 1467 4362 θρόνον
1492 4301 1700 4359 αὐτοῦ.
1738 4304 1800 4358 Εἰ
1831 4305 1890 4360 δέ

294 4391 381 4459 τις
410 4376 509 4459 καὶ
539 4372 1029 4459 τδ,ι⁹Ητοίμαο¹εν,
1064 4376 1237 4442 οὕτως
1265 4380 1508 4446 ἐκλάϐοι,
1542 4384 1618 4449 ὡς
1647 4389 1885 4459 εἴρηται,

292 4456 392 4526 οὐχ
428 4457 845 4540 ἀμαρτήσεται·
878 4459 1056 4514 πάντα
1083 4461 1195 4532 γὰρ
1226 4456 1766 4540 παρεσκευασμένα.-
1793 4474 1889 4527 καὶ⁵

292 4539 363 4628 ἢ
392 4539 507 4592 τῶν
537 4539 831 4628 κολάσεων,
860 4543 953 4628 ιιιιί⁵
987 4543 1057 4599 τά
1085 4545 1194 4598 τῶν
1227 4549 1529 4619 στεφάνων,
1558 4539 1655 4608 καὶ
1687 4555 1756 4611 τὰ
1786 4559 1889 4628 τῆς

292 4621 501 4693 ψήτου.
533 4623 805 4712 φύκ-έστι
826 4625 1106 4712 μέλλησις,
1135 4629 1264 4712 ρύδέ
1296 4632 1509 4704 χρόνος,
1540 4636 1661 4692 οὐδὲ
1689 4621 1889 4712 βραδύζ

292 4723 392 4777 της
415 4706 575 4790 παρά
601 4707 678 4778 τῷ
697 4706 836 4790 Θεῷ,
861 4709 989 4763 ὅταν
1010 4713 1057 4765 οί
1089 4711 1291 4778 ζῶντες
1315 4716 1374 4769 ού
1399 4717 1474 4790 μὴ
1495 4706 1740 4790 φθάνωσι
1757 4725 1887 4789 τοὺς

292 4788 687 4876 κοιμηθέντας,
718 4789 905 4864 ὥσπερ
929 4795 961 4848 ό
1009 4794 1223 4861 Παῦλος
1255 4798 1423 4869 λέγει,
1463 4788 1550 4857 ὅτι
1592 4805 1783 4876 Ἡμεῖς
1830 4788 1887 4864 οί

291 4872 531 4941 ζῶντες,
564 4877 621 4928 οι
643 4878 1113 4948 περιλειπόμενοι
1136 4883 1227 4947 εἰς
1258 4882 1374 4952 τὴν
1408 4872 1884 4956 παρουσίανγτοῦ

290 4957 649 5047 K091011101),
667 4957 753 5027 μὴ
788 4959 1111 5031 φθάσωμεν
1137 4965 1281 5032 τοὺς
1312 4973 1721 5040 κοιμηθέντας.
1748 4979 1885 5047 Κρι-

288 5043 390 5098 νεῖ
405 5044 607 5112 λαοὺς
626 5046 699 5098 ἐν
720 5048 1015 5116 εὐθύτητι.
1041 5050 1184 5124 Ὅρα
1213 5055 1408 5124 σοφίαν
1432 5058 1739 5134 Προφήτου,

285 5134 443 5205 λέγει
482 5135 553 5189 τά
587 5136 846 5207 παρόντα,
885 5139 1003 5204 πῶς
1038 5140 1108 5197 τά
1154 5144 1435 5215 μέλλοντα.
1470 5150 1549 5203 Τὰ
1590 5154 1839 5225 παρόντα
1861 5173 1878 5190 ο

298 5225 709 5296 Ἐπετίμησας
747 5226 971 5294 ἔθνεσι,
1010 5231 1108 5286 καί
1139 5234 1412 5293 ἀπώλετο
1448 5242 1483 5293 ό
1522 5241 1784 5313 ἀσεϐήςο
1812 5246 1881 5300 τὰ

289 5314 560 5384 μέλλοντα
578 5330 594 5344 ο
636 5315 996 5386 ’Πτοιμασεν
1031 5319 1103 5374 ἐν
1138 5324 1335 5391 κρίσει
1376 5325 1484 5381 τὸν
1516 5331 1734 5397 θρόνον
1769 5336 1881 5389 αὑ-

285 5405 418 5460 τοῦ.
448 5405 561 5460 Καὶ
591 5406 775 5475 αὐτὸς
804 5408 1000 5477 κρινεῖ
1020 5409 1136 5480 τὴν
1160 5415 1523 5486 οἰκουμένην
1549 5420 1621 5473 ἐν
1652 5420 1879 5480 δικαιο-

283 5494 470 5563 σύνῃ.
505 5494 676 5551 Τοῦτο
703 5496 763 5550 δὲ
799 5500 969 5561 ποιεῖ,
1019 5499 1107 5555 ῖνα
1149 5503 1199 5555 οἱ
1243 5504 1474 5571 ἐκείνοις
1520 5509 1880 5578 ἀπιστοῦντες

284 5583 394 5638 ἀπὺ
421 5586 531 5639 τῶν
559 5585 845 5660 παρόντων
890 5586 1098 5644 λάϐωσι
1126 5591 1226 5664 τὴν
1272 5594 1567 5663 ἀπόδειξιν.
1598 5600 1709 5654 Καὶ
1748 5601 1878 5673 ἐγέ-

287 5688 424 5729 νετο
439 5677 653 5747 Κύρνος
674 5677 1004 5747 καταφυγὴ
1027 5677 1107 5745 τῷ
1128 5681 1357 5752 πένητι.
1382 5682 1531 5759 [100]
1554 5687 1767 5757 Ἄλλος,
1793 5693 1878 5760 Τῷ

344 5807 465 5864 ιειο
498 5812 637 5867 Colb.
662 5819 718 5866 et
753 5809 921 5863 επεὶ.
949 5807 1003 5859 In
1026 5810 1196 5863 Morel.
1224 5820 1389 5865 autem
1418 5816 1522 5867 hac
1545 5821 1716 5871 mulila
1736 5831 1868 5874 sunt.

1473 353 1846 418 EXPOSITIO
1881 350 1950 407 ΙΝ
2001 351 2330 411 PSALMUM
2367 355 2457 417 ΙΧ.

3512 371 3614 428 123

2024 478 2365 554 ἐπιτρίπτῳ.
2405 487 2618 554 Ἀλλος,
2657 489 2748 556 Τῷ
2778 491 3182 562 τεθλασμένῳ.
3217 493 3465 565 Συνεχῶς
3495 498 3617 553 ἐαυ-

2019 572 2112 627 τὸν
2149 576 2246 628 καὶ
2273 576 2484 649 πένητα
2510 581 2604 634 καὶ
2632 580 2846 652 πτωχὸν
2877 581 3054 645 καλεῖ,
3084 582 3262 637 καίτοι
3287 601 3351 654 γε
3375 587 3433 638 ἐν
3465 586 3614 658 βασι-

2018 661 2185 729 λείοις
2216 663 2311 720 ὧν.
2346 664 2505 721 Οὕτω
2526 671 2621 724 καὶ
2649 670 2885 741 ἀλλαχοῦ
2910 687 2924 703 ο
2970 671 3112 743 Ἐγὼ
3139 672 3208 727 δὲ
3231 675 3469 742 πτωχός
3493 678 3612 746 εἰμι

2017 754 2115 808 καί
2146 754 2337 823 πένης
2360 772 2375 786 ⁸
2405 757 2521 829 ᾔδει
2549 758 2678 832 γὰρ,
2709 761 2826 832 ⁴ίξδει
2857 761 3064 831 σαφῶς,
3088 764 3170 817 ὅτι
3197 763 3267 816 τὰ
3293 764 3612 836 ἀνθρώπινα

2017 842 2196 905 πάντα
2220 846 2381 908 σκιᾶς
2412 846 2804 919 ἀδρανέστερα.
2838 850 2934 903 καὶ
2971 851 3052 905 ὅτι
3082 850 3235 905 οὐδὲν
3267 853 3403 923 ἡμῖν
3435 852 3611 917 οὔτως

2014 931 2214 985 οἰκεῖον
2242 932 2319 997 ὡς
2367 935 2559 1007 ἀρετὴ.
2593 935 2665 991 τὰ
2690 937 2748 990 δὲ
2788 937 2929 992 ἄλλα
2960 939 3141 993 πάντα
3182 938 3403 1008 φύλλοις
3434 941 3611 995 ἔοικεν

2015 1018 2216 1084 ἔξωθεν
2245 1025 2685 1095 προσκειμένοις.
2706 1026 2831 1080 Ὅτι
2864 1027 2974 1098 γὰρ
2993 1027 3160 1099 ἀρετὴ
3195 1029 3415 1093 οἰκεῖον,
3450 1028 3609 1099 δῆλον

2012 1109 2285 1165 ἐντεῦθεν.
2324 1113 2502 1166 Ὅπου
2534 1112 2631 1167 ἐὰν
2682 1114 3030 1186 ἀπέλθωμεν,
3064 1115 3269 1186 ταύτην
3312 1117 3610 1189 περιφέρο-

2015 1218 2146 1273 μεν’
2171 1204 2355 1257 ἐκεῖνα
2390 1203 2448 1257 δὲ
2473 1205 2573 1259 οὐκ
2609 1204 2711 1260 ἔτι.
2741 1205 2952 1259 Οὐκοῦν
2980 1205 3140 1260 τοῦτο
3187 1208 3318 1277 ἡμῖν
3347 1208 3607 1261 οἰκειότε-

2014 1306 2128 1362 ρον,
2156 1292 2224 1344 τὰ
2262 1292 2319 1345 δὲ
2359 1292 2495 1346 ἄλλα
2543 1293 2845 1366 πόρρωθεν.
2885 1296 3098 1367 ’Ὠσπερ
3137 1289 3231 1348 οῦν
3282 1296 3482 1349 οἰκεῖον
3518 1294 3610 1350 λέ-

2010 1395 2182 1449 γομεν
2209 1379 2300 1434 τὸν
2340 1381 2570 1453 πλησίον
2617 1384 2751 1453 ἡμῖν
2784 1383 2942 1437 ὅντα·
2979 1382 3122 1438 οὕτω
3148 1383 3214 1455 δὴ
3265 1384 3362 1437 καὶ
3395 1384 3606 1455 ,ταύτην

2006 1467 2118 1520 τῶν
2144 1486 2248 1539 χρη
2259 1470 2443 1540 μάτων
2464 1472 2798 1544 οἰκειοτέραν
2825 1472 3122 1545 καλοῦμεν,
3149 1472 3342 1545 ἐπειδὴ
3371 1472 3605 1546 πλησίον

2011 1557 2145 1629 ἡμῖν
2183 1558 2212 1598 b
2251 1558 2359 1615 ἀεί.

2078 1722 2137 1776 ε’,
2182 1717 2293 1771 Θέα
2310 1717 2369 1771 δέ
2395 1736 2483 1789 μοι
2499 1717 2663 1772 αὑτοῦ
2686 1718 2782 1773 καὶ
2805 1719 2902 1791 τὴν
2922 1718 3365 1789 εὐγνωμοσύνην,
3388 1717 3484 1774 καὶ
3502 1715 3602 1789 τὴν

2009 1808 2300 1881 φιλόσοφον
2325 1811 2526 1882 ψυχήν.
2574 1812 2685 1865 Καὶ
2722 1811 2830 1884 γὰρ
2865 1813 3065 1875 ἵππους
3101 1811 3262 1882 ἔχων,
3295 1811 3390 1865 καὶ
3418 1827 3600 1883 ,στραο

2007 1899 2229 1965 τόπεδα,
2277 1901 2371 1953 καὶ
2425 1901 2591 1973 μυρία
2629 1901 2751 1964 ὃσα,
2804 1901 2983 1955 πάντα
3032 1903 3216 1954 ἐκεῖνα
3270 1901 3454 1970 ἀφεὶς,
3499 1898 3600 1970 τὴν

2006 1987 2215 2043 ἀνωθεν
2269 1991 2567 2044 ἐπισπᾶται
2609 1990 2803 2061 ῥοπὴν,
2849 1990 2946 2043 καὶ
2983 1988 3132 2060 αὐτῷ
3179 1988 3279 2059 τὴν
3323 1987 3600 2059 σωτηρίαν

2006 2081 2339 2153 ἀνατίθησιν.
2389 2083 2465 2137 Ού
2503 2082 2613 2154 γὰρ
2643 2078 2818 2147 εἶπεν,
2866 2080 3114 2150 Ἐγένετό
3138 2098 3228 2151 μοι
3258 2078 3602 2152 στρατόπεδα

2008 2173 2302 2243 καταφυγή
2354 2189 2470 2236 σου,
2532 2170 2655 2225 οὐδὲ
2713 2172 2995 2243 χρήματα,
3050 2170 3170 2222 οὐδὲ
3220 2167 3410 2239 τείχη·
3458 2165 3598 2231 ἀλλ’,

2016 2261 2288 2331 Ἐγένετο
2327 2263 2542 2330 Κύριος
2570 2259 2886 2330 καταφυγὴ
2914 2258 2994 2325 τῷ
3037 2258 3269 2324 πένητι.
3295 2255 3466 2320 Αὐτός
3505 2273 3597 2326 με,

2003 2350 2191 2421 φησὶν,
2238 2351 2298 2404 ἐν
2347 2349 2620 2421 ἀσφαλείᾳ
2651 2349 2987 2420 κατέστησεν
3009 2364 3024 2379 ο
3068 2347 3221 2400 οὐδὲν
3250 2344 3359 2415 γὰρ
3389 2342 3597 2414 ταύτης

2004 2440 2119 2494 ἴσον
2150 2440 2250 2509 τῆς
2277 2440 2623 2510 καταφυγῆς,
2655 2440 2752 2493 καὶ
2786 2439 2868 2501 εἰς
2896 2435 3145 2499 εὐκολίας
3172 2434 3265 2488 καὶ
3293 2431 3598 2502 ἀσφαλείας

2001 2526 2180 2597 λόγον.
2216 2528 2329 2591 Τάς
2374 2528 2474 2599 μὲν
2521 2527 2630 2599 γὰρ
2673 2527 2839 2590 ἄλλας
2874 2524 3199 2595 καταφυγὰς
3230 2522 3326 2577 καὶ
3374 2521 3598 2576 ἐπιϐου-

2000 2613 2253 2670 λεύεσθαι
2285 2615 2384 2677 ἔνι,
2416 2616 2511 2669 καὶ⁹
2537 2615 2754 2687 ταχέως
2783 2617 2966 2686 εὑρεῖν
2996 2614 3100 2668 οὐκ
3126 2613 3207 2667 ἔνι
3243 2613 3339 2667 καὶ
3366 2612 3428 2675 ἐξ
3454 2610 3596 2665 ἑτοί-

2004 2722 2126 2777 μου,
2157 2706 2295 2759 ἀλλά
2317 2706 2411 2759 καὶ
2435 2706 2613 2779 χρόνῳ
2634 2706 2728 2760 καὶ
2749 2705 2899 2775 τόπῳ
2929 2705 3025 2759 καὶ
3050 2704 3272 2775 μυρίαις
3295 2701 3594 2757 κωλύονται

1999 2799 2357 2869 περιστάσεσι
2380 2815 2396 2831 ο
2418 2798 2623 2869 ταύτην
2643 2799 2701 2853 δὲ
2729 2798 2958 2868 πλησίον
2984 2792 3150 2851 οὖσαν
3177 2794 3474 2864 εὑρίσκεις,
3496 2791 3595 2863 μό-

1999 2905 2090 2940 νον
2119 2887 2215 2941 ἐάν
2252 2886 2392 2958 μετά
2432 2887 2723 2959 ἀκριϐείας
2755 2886 3112 2959 ἐπιζητήσῃς.
3154 2888 3286 2941 Ἔτι
3322 2885 3434 2955 γὰρ
3480 2886 3594 2937 λα-

1997 2977 2258 3044 λοῦντός
2289 2994 2407 3032 σου
2435 2976 2568 3047 ἐρῶ,
2607 2976 2763 3033 Ἰδοὺ
2785 2978 3042 3046 πάρειμι.
3088 2976 3220 3038 Καὶ,
3254 2976 3400 3040 Θεὸς
3437 2974 3590 3043 ἐγγί-

1998 3062 2250 3131 ζωνέτώ
2299 3066 2440 3133 εἰμι,
2486 3063 2584 3118 καί
2630 3065 2701 3118 οὐ
2742 3064 2887 3129 Θεὸς
2930 3064 3254 3132 πόρρωθεν.
3289 3062 3365 3115 Ού
3412 3061 3592 3114 τοίνυν

1997 3152 2081 3205 δεῖ
2116 3151 2320 3224 δρόμου
2371 3154 2526 3223 ἡμῖν,
2576 3153 2696 3206 οὐδὲ
2742 3152 3076 3222 ἀποδημίας,
3126 3150 3263 3205 ἀλλά
3310 3149 3404 3203 καὶ
3450 3149 3591 3203 οίκοι

1997 3241 2342 3314 καθημένους
2374 3242 2579 3314 ταύτην
2616 3241 2953 3297 ἐπισπᾶσθαι
2991 3240 3089 3312 τὴν
3118 3237 3440 3311 καταφυγὴν
3488 3239 3588 3292 ἔνι.

1995 3333 2107 3387 Καὶ
2138 3331 2268 3386 ποτέ
2302 3332 2399 3404 μὲν
2427 3332 2635 3404 ἐξαιρεῖ
2668 3332 2779 3386 τῶν
2803 3330 3095 3386 κινδύνων·
3126 3328 3338 3384 ποτέδέ
3380 3328 3472 3383 καὶ
3496 3328 3594 3381 αύ-

1993 3421 2122 3485 τοὺς
2150 3422 2297 3474 ποιεῖ
2326 3420 2763 3494 λαμπροτέρους.
2792 3422 2888 3474 καὶ
2917 3420 3026 3474 τῶν
3056 3418 3268 3491 ἐχθρῶν
3287 3416 3592 3472 δυνατωτέ-

1996 3527 2146 3582 ρους,
2177 3511 2272 3565 καὶ
2309 3493 2596 3582 ἀμφότερα
2618 3511 2676 3564 ἐν
2694 3493 2892 3581 ’καιρῷ
2924 3509 3004 3580 τῷ
3030 3509 3386 3580 προσήκοντι.
3412 3507 3589 3560 Ὅταν

1994 3596 2105 3671 γὰρ
2142 3596 2510 3670 μετριάζωσιν
2536 3600 2586 3652 οἰ
2613 3597 3001 3661 ἀπολαύοντες,
3035 3596 3325 3668 ἀμφότερα
3349 3594 3586 3649 δίδωσιν.

1994 3687 2057 3740 Εἰ
2084 3686 2141 3741 δὲ
2178 3687 2251 3758 μὴ
2285 3687 2488 3759 σφόδρα
2523 3686 2683 3741 τοῦτο
2720 3686 2892 3757 ἔχοιεν
2922 3685 2981 3740 τὸ
3020 3684 3369 3755 κατόρθωμα,
3424 3682 3590 3755 μέχρι

1996 3772 2092 3826 τοῦ
2120 3774 2241 3837 ἐνὸς
2265 3775 2498 3839 ἵσταται,
2521 3774 2658 3828 ὥστε
2695 3775 2768 3846 μὴ
2792 3777 2858 3845 τῇ
2890 3774 3180 3846 προσθήκῃ
3207 3770 3303 3825 τοῦ
3329 3770 3586 3841 δευτέρου

1994 3864 2074 3927 εἰς
2103 3862 2363 3917 ἀπόνοιαν
2391 3864 2588 3926 αὐτοὺς
2614 3862 2807 3916 ἐλθεῖν.
2835 3862 2955 3915 ’Ὶνα
2987 3862 3045 3914 δέ
3078 3859 3254 3931 μάθῃς
3279 3860 3360 3913 ὅτι
3395 3858 3588 3913 πολλάς

1993 3968 2082 4015 κις
2113 3949 2271 4005 τοῦτο
2326 3952 2407 4013 εἰς
2464 3951 2721 4005 ἀπόνοιαν
2760 3950 2923 4022 αἴρει,
2960 3950 2989 4002 ὁ
3029 3949 3279 4014 Ἐζεκίας
3331 3944 3585 3999 ἐντεῦθεν

1992 4039 2206 4113 ἐπήρθη
2228 4057 2243 4072 ·
2277 4040 2392 4094 ἀλλ’
2421 4041 2570 4112 ὅμως
2604 4039 2723 4094 οὐδὲ
2763 4038 2934 4102 οὕτως
2966 4036 3127 4092 αὐτὸν
3166 4035 3439 4108 παρεῖδεν,
3467 4033 3583 4088 ἀλλ’

1992 4129 2181 4202 ἐπειδὴ
2212 4131 2245 4202 ἡ
2281 4130 2377 4201 τῆς
2405 4130 2565 4202 νίκης
2607 4130 2879 4201 εὐημερία
2912 4130 3115 4201 ἐπῆρεν
3149 4126 3314 4183 αὐτοῦ
3340 4126 3438 4197 τὴν
3465 4124 3585 4179 διά-

1992 4240 2163 4290 νοιαν,
2196 4222 2296 4294 τὴν
2321 4223 2429 4278 ἀπὸ
2463 4222 2565 4293 τῆς
2591 4221 2904 4295 ἀρρωστίας
2951 4218 3100 4290 αύτῷ
3152 4217 3438 4290 διόρθωσιν
3487 4218 3585 4270 ἐπα

1991 4315 2186 4385 ήγαγε’
2211 4313 2434 4382 Βοηθὸς
2452 4314 2524 4368 ἐν
2550 4313 2895 4382 εὐκαιρίαις,
2928 4309 3000 4364 ὲν
3026 4311 3293 4378 θλίψεσι.
3322 4306 3388 4358 Τί
3414 4308 3582 4368 ἐστιν,

2006 4404 2103 4456 Ἐν
2152 4404 2522 4471 εὐκαιρίαις;
2575 4402 2668 4465 Εἰς
2722 4399 2936 4471 καιρὸν,
2997 4399 3196 4468 φησὶν,
3255 4394 3579 4464 ἐπικαίρως.

1990 4490 2196 4561 Διπλῆν
2221 4489 2373 4557 λέγει
2403 4489 2503 4560 τὴν
2529 4486 2838 4559 εὐκαιρίαν,
2877 4487 2959 4539 ὅτι
2990 4486 3084 4538 καὶ
3127 4482 3329 4551 βοηθεῖ,
3374 4482 3469 4536 καὶ
3499 4482 3581 4535 ὅτι

1990 4580 2072 4642 είς
2101 4578 2316 4651 καιρόν.
2344 4576 2644 4647 Εὐκαιρίαν
2673 4572 2782 4646 γᾶρ
2811 4573 3045 4627 ἐνταῦθα
3075 4573 3174 4643 τὴν
3202 4570 3380 4637 θλίψιν
3406 4569 3577 4637 λέγει.

1989 4667 2055 4720 Τί
2077 4667 2310 4738 δήποτε;
2347 4666 2472 4718 Ὀτι
2503 4663 2823 4732 φιλοσοφίας
2854 4662 3038 4733 μήτηρ
3061 4660 3201 4717 ἐστὶ.
3235 4660 3331 4714 καὶ
3358 4657 3451 4712 τοῦ
3479 4659 3580 4713 θα-

1987 4754 2148 4809 νάτου
2173 4753 2436 4818 ἐξελεῖται
2455 4751 2548 4805 τὸν
2571 4749 2877 4822 ἄνθρωπον,
2896 4750 2987 4804 καὶ
3011 4749 3105 4802 τοῦ
3124 4748 3259 4803 Θεοῦ
3287 4759 3310 4788 ο
3344 4748 3580 4820 μάλιστα

1987 4844 2289 4898 ἐπισπᾶται
2326 4840 2424 4910 τὴν
2470 4840 2663 4912 ῥοπήν.
2702 4839 2836 4893 Τότε
2878 4837 3122 4910 ῥᾳθυμία
3155 4837 3445 4909 ἀνῄρηται,
3483 4837 3581 4891 καὶ

1986 4933 2263 5004 διάχυσιςο
2290 4931 2413 4985 τότε
2444 4928 2855 5001 σπουδαιότεροι
2889 4927 3020 4999 περὶ
3053 4926 3153 4992 τὰς
3191 4926 3474 4999 ἱκετηρίας
3493 4943 3577 4989 γι-

1988 5022 2212 5093 νόμεθα.
2264 5021 2377 5075 Καὶ
2415 5020 2667 5091 καθάπερ
2713 5020 2742 5073 ό
2778 5017 2988 5089 χειμὼν
3034 5018 3341 5087 ἐπιτήδειος
3386 5015 3578 5086 καιρὸς

1988 5112 2125 5182 πρὸς
2153 5108 2427 5183 γεωργίαν
2459 5109 2577 5163 ἐστὶ
2617 5108 2716 5179 τῆς
2761 5108 2899 5178 γῆς·
2934 5104 3084 5177 μοι]
3117 5104 3291 5167 οὕτως
3322 5105 3356 5175 ἡ
3397 5101 3579 5171 θλίψις

1986 5200 2124 5270 πρὸς
2162 5199 2485 5270 ἐπιμέλειαν
2532 5197 2632 5269 τῆς
2657 5195 2859 5268 ψυχῆς.
2905 5195 3016 5247 Ἀεὶ
3064 5194 3163 5265 μὲν
3193 5196 3305 5265 γὰρ
3339 5188 3575 5260 δεόμεθα

1985 5286 2151 5341 αὐτοῦ
2181 5286 2279 5356 τῆς
2332 5284 2604 5357 βοηθείας,
2635 5285 2728 5337 καὶ
2773 5286 2831 5338 ἐν
2867 5283 3188 5354 εὐημερίαις
3221 5278 3402 5342 ὄντες·
3450 5278 3573 5333 τότε

1982 5376 2040 5431 δὲ
2064 5377 2320 5447 μάλιστα,
2347 5377 2475 5431 ὅταν
2494 5377 2552 5428 ἐν
2574 5374 2817 5446 θλίψεσιν
2833 5368 3005 5445 ὦμεν.
3027 5372 3276 5439 Βοηθός.
3306 5370 3573 5426 Ἐνταῦθα

1983 5469 2078 5523 καὶ
2118 5470 2304 5541 ἕτερόν
2346 5487 2400 5523 τι
2444 5467 2696 5540 ᾐνίξατοο
2737 5467 2817 5520 ὅτι
2865 5465 2947 5518 δεῖ
2997 5465 3091 5518 καὶ
3121 5464 3269 5535 ἡμᾶς
3313 5463 3574 5536 ἐνεργοὺς

2042 5651 2070 5680 ο
2095 5637 2180 5688 Sic
2200 5637 2336 5689 Colb.
2352 5636 2418 5687 At
2440 5635 2560 5685 editi
2577 5638 2733 5699 ἡμῶν.

2045 5704 2068 5773 ξ
2091 5700 2230 5773 (ἷρμξἶ
2257 5700 2427 5773 μῂτηρ.
2444 5699 2564 5773 ἐστὶ,
2588 5696 2668 5773 καὶ
2707 5697 2920 5773 Θανάτου,
2940 5696 3284 5773 ἐξελςξτφψτὸν
3306 5696 3570 5773 ἀνθροξςιτον,

1978 5760 2167 5811 καὶτοῦ
2193 5759 2337 5811 Θεοῦ.
2373 5759 2517 5810 “Iud.
2558 5762 2638 5811 καὶ
2677 5759 2764 5808 τοῦ
2809 5762 3009 5809 θανάτου
3047 5759 3269 5814 ἐξελεῖται
3290 5759 3373 5807 τὸν
3390 5759 3569 5823 ἄνθρω-

1979 5840 2088 5884 πον,
2112 5826 2255 5874 deest
2278 5824 2329 5872 in
2348 5825 2558 5874 exteris.
