4030 6418
259 313 345 371 li?)

276 433 496 506 operari.
526 432 636 502 Qui
659 436 822 490 enim
858 436 962 490 fert
982 437 1255 501 auxilium,
1287 436 1334 491 ei
1366 435 1466 490 fert
1494 438 1583 507 qui
1612 446 1885 506 operatur.

286 528 397 585 “on
419 536 634 598 oportet
661 543 799 598 ergo
816 530 1018 582 otiosos
1046 544 1183 595 esse,
1217 539 1269 581 et
1293 531 1470 582 animo
1499 528 1753 592 deiicere,
1785 529 1882 583 sed

295 631 343 677 ct
382 634 567 690 preces
604 618 808 673 afferre
838 661 854 683 ,
885 630 937 674 et
978 620 1365 690 eleemosynas.
1394 627 1452 674 et
1488 620 1664 673 omnia
1696 636 1815 689 qua:
1854 637 1882 671 a

295 715 444 768 nobis
479 712 615 782 ipsis
659 709 842 765 offerri
874 720 1113 780 possunt.
1160 710 1260 779 Qui
1293 712 1434 765 enim
1479 710 1532 766 in
1571 710 1709 765 bello
1755 711 1886 764 socii

292 818 435 872 sunt,
464 805 535 860 iis
564 805 652 875 qui
684 812 923 876 pugnant
946 819 1099 873 opem
1137 802 1331 867 ferunt,
1366 816 1469 856 non
1500 801 1562 856 iis
1591 802 1677 872 qui
1706 801 1885 855 animo

291 900 588 963 deﬁciunt,
614 906 673 951 et
712 911 772 950 se
809 894 1012 949 dedunt
1056 895 1185 948 otio.
1218 893 1273 948 Si
1310 894 1388 948 vis
1431 909 1558 963 ergo
1591 893 1681 948 Dei
1726 909 1881 963 opem

289 990 505 1061 assequi
539 1031 558 1056 ,
612 1002 897 1057 numquam
948 1002 1064 1056 quae
1112 994 1199 1039 tua
1261 994 1384 1039 sunt
1434 983 1747 1054 prodideris.
1808 983 1880 1037 lta

294 1084 391 1140 Iob
416 1083 588 1137 latum
623 1088 705 1137 est
725 1080 978 1133 auxilium
1001 1119 1016 1144 ,
1046 1078 1205 1133 stanti
1243 1088 1296 1132 et
1323 1077 1527 1130 fortiter
1567 1076 1832 1130 dimicanti
1865 1094 1878 1130 :

297 1177 366 1230 ita
422 1174 588 1230 etiam
636 1164 887 1241 apostolis
919 1213 935 1238 ,
992 1169 1213 1239 pulchre
1258 1169 1639 1223 laborantibus.
1688 1169 1774 1223 ll.
1813 1166 1881 1220 Et

290 1274 495 1336 sperent
543 1265 597 1318 in
656 1273 702 1318 te
753 1263 838 1333 qui
878 1271 1117 1315 noverunt
1158 1277 1338 1313 nomen
1380 1270 1537 1312 tuum.
1595 1259 1773 1320 Alius,
1812 1256 1880 1310 Et

288 1360 570 1428 conﬁdent.
618 1355 880 1425 Pmphcta
928 1353 1030 1409 hoc
1075 1353 1197 1407 facit
1243 1344 1478 1416 assidue,
1506 1366 1535 1404 a
1578 1351 1879 1420 precatione

285 1454 355 1508 sd
406 1451 832 1506 exhortationem
888 1456 1203 1503 convertens
1269 1459 1568 1500 sermonem
1611 1486 1628 1508 ,
1674 1452 1730 1496 ut
1789 1445 1875 1513 qui

286 1548 357 1601 sit
405 1543 706 1599 communis
755 1541 941 1598 doctor
991 1538 1133 1593 orbis
1188 1548 1484 1601 terrarum,
1538 1545 1592 1590 et
1638 1535 1874 1606 philoso-

286 1638 430 1705 phia:
470 1636 774 1690 thesaurum
808 1645 1108 1702 prapouens
1156 1632 1208 1685 in
1256 1629 1506 1687 medium.
1540 1628 1768 1682 Pulchre
1797 1627 1878 1681 di-

284 1731 364 1785 xit
412 1748 427 1784 :
456 1729 673 1797 Sperent
709 1727 761 1779 in
789 1735 835 1779 te
871 1726 957 1795 qui
994 1733 1234 1778 noverunt
1269 1738 1451 1775 nomen
1488 1733 1650 1775 tuum.
1688 1721 1786 1789 Qui
1825 1731 1876 1776 tc

282 1828 559 1875 novemnt
579 1860 595 1884 ,
638 1817 836 1887 inquit,
868 1824 922 1870 et
944 1815 1194 1868 auxilium
1223 1822 1277 1867 et
1305 1813 1665 1867 defensionem
1694 1821 1834 1865 tuam
1855 1852 1872 1880 ,

279 1914 519 1968 validam
563 1910 756 1964 habent
796 1923 1075 1972 ancoram.
1109 1922 1256 1976 spem
1286 1921 1443 1976 quam
1476 1905 1527 1959 in
1561 1915 1610 1959 te
1638 1905 1868 1969 habent,

280 2005 519 2059 validum
550 2003 807 2057 auxilium
835 2042 849 2063 ,
881 2009 934 2054 et
989 2001 1174 2052 turrim
1224 1997 1498 2052 infractam
1518 2039 1532 2063 ,
1582 2012 1702 2052 eum
1728 2039 1743 2062 ,
1782 1998 1871 2067 qui

279 2112 391 2150 non
434 2094 607 2149 solum
640 2093 916 2163 pollicetur
955 2090 1320 2144 liberationem
1363 2104 1393 2142 a
1439 2089 1628 2154 malis,
1671 2088 1764 2142 sed
1804 2104 1872 2142 ne

276 2188 639 2259 przesentibus
659 2184 868 2255 quidem
903 2181 1298 2238 difficultatibus
1334 2182 1626 2252 perturbari
1650 2182 1871 2251 permit-

276 2280 360 2333 tit.
386 2279 490 2345 Qui
518 2279 661 2331 enim
686 2286 767 2330 est
803 2275 1057 2329 liberatus
1084 2274 1149 2328 ab
1189 2272 1432 2326 humanis
1460 2314 1474 2338 ,
1505 2280 1559 2327 et
1583 2288 1613 2326 a
1638 2288 1868 2341 superna

275 2386 373 2438 spe
402 2368 697 2440 dependet,
732 2381 838 2421 non
868 2365 1038 2420 solum
1071 2363 1319 2419 adsciscit
1346 2364 1446 2418 sibi
1476 2364 1806 2419 celeri-imam
1837 2380 1866 2417 a

276 2461 435 2515 malis
456 2460 859 2521 liberationem;
887 2456 980 2511 sed
1003 2472 1069 2511 ne
1094 2457 1143 2509 in
1174 2456 1300 2526 ipsis
1322 2454 1533 2526 quidem
1552 2456 1701 2509 malis
1719 2471 1869 2509 vexa-

275 2563 363 2607 tur
390 2560 448 2607 et
485 2549 860 2620 perturbatur,
886 2557 946 2602 ut
977 2548 1063 2602 cui
1101 2546 1236 2601 ferat
1266 2562 1421 2615 opem
1447 2562 1569 2616 spes
1597 2546 1737 2600 illius
1772 2562 1869 2600 an-

275 2660 436 2700 cora.
457 2643 535 2698 Ita
555 2656 682 2712 ergo
702 2653 810 2697 tres
832 2640 979 2710 pueri
1005 2655 1108 2694 non
1137 2639 1307 2694 solum
1335 2638 1538 2694 liberati
1567 2649 1691 2694 sunt
1710 2656 1738 2694 a
1760 2640 1867 2694 fcr-

274 2734 592 2806 naoe(Dan.
615 2731 701 2805 5),
725 2732 818 2787 sed
847 2748 913 2786 ne
932 2731 1056 2786 dum
1085 2732 1137 2785 in
1181 2731 1393 2786 fornace
1419 2731 1633 2802 quidem
1680 2747 1863 2787 versa-

275 2838 488 2895 rentur,
536 2825 1005 2882 conturbabantur.
1042 2823 1245 2879 Norant
1279 2824 1420 2878 enim
1455 2825 1561 2892 sibi,
1595 2824 1783 2879 adesse
1810 2840 1841 2879 a

274 2921 388 2976 Deo
409 2920 693 2974 auxilium.
718 2919 784 2974 Et
801 2917 922 2973 ideo
941 2916 1074 2971 alius
1095 2917 1224 2971 dicit
1245 2934 1259 2971 :
1284 2915 1352 2969 Et
1372 2916 1624 2986 conﬁdent
1642 2960 1657 2983 ,
1685 2917 1735 2971 id
1758 2925 1859 2984 est,

272 3012 551 3068 habebunt
566 3010 833 3065 ﬁduciam.
855 3008 1083 3079 Imperio
1101 3008 1241 3063 enim
1272 3006 1413 3078 quod
1437 3008 1486 3062 in
1510 3008 1862 3077 perturbatio-

269 3118 367 3159 nes
390 3113 471 3157 est
497 3102 655 3172 longe
670 3100 839 3171 major
854 3108 936 3156 est
951 3100 1145 3164 cautio,
1168 3115 1282 3168 qua:
1300 3114 1365 3153 ex
1380 3112 1475 3167 spe
1493 3100 1544 3153 in
1566 3099 1733 3155 Deum
1756 3100 1864 3154 ori-

268 3205 375 3249 tur.
396 3192 503 3247 lllze
524 3192 667 3247 enim
687 3200 811 3246 sunt
832 3191 1095 3257 humanae,
1119 3189 1223 3245 hoc
1242 3204 1368 3244 vero
1390 3190 1625 3245 divinum
1647 3202 1700 3246 et
1721 3192 1863 3245 inex-

274 3285 578 3355 pugnabile.
603 3282 1040 3353 Quandoquidem
1063 3282 1195 3337 dixit
1216 3298 1336 3337 eum
1358 3281 1523 3337 fuisse
1541 3283 1857 3352 adjutorem,

268 3379 516 3434 etfuisse
541 3378 822 3447 refugium,
851 3376 977 3431 dicit
1005 3376 1161 3429 etiam
1183 3374 1449 3445 quomodo
1469 3377 1557 3430 sit.
1582 3374 1860 3443 Quomodo

266 3482 446 3525 autem
467 3480 551 3525 est
572 3470 599 3521 ?
634 3468 859 3537 Quando
889 3469 941 3522 in
962 3483 1083 3522 eum
1112 3466 1327 3521 assidue
1361 3482 1579 3535 sperare
1609 3482 1858 3535 perseve-

268 3578 472 3617 ramus.
503 3562 659 3629 Quod
699 3563 745 3615 si
788 3576 892 3616 non
922 3560 1100 3615 statim
1148 3560 1307 3615 solvit
1348 3559 1685 3614 difficultates
1709 3600 1723 3623 ,
1756 3558 1858 3614 hoc

267 3670 479 3725 quoque
506 3655 563 3707 fit
592 3668 689 3723 pro
716 3662 803 3708 tua
832 3652 1161 3723 probatione.
1205 3651 1659 3720 Quemadmodum
1688 3653 1853 3719 enim,

263 3763 387 3802 cum
416 3757 596 3818 posset
620 3761 726 3801 non
757 3745 1083 3816 permittere,
1114 3754 1175 3799 ut
1204 3753 1253 3798 te
1278 3744 1610 3809 invaderent,
1639 3746 1856 3813 permit-

265 3840 326 3894 tit
357 3848 539 3894 tamen
574 3847 636 3893 ut
665 3849 717 3892 te
746 3837 941 3892 faciant
986 3836 1341 3892 robustiorem
1372 3854 1385 3891 :
1417 3837 1488 3890 ita
1534 3836 1691 3890 etiam
1736 3850 1854 3888 cum

266 3942 449 4002 posset
476 3932 548 3986 ab
589 3932 741 3986 initio
768 3931 976 3986 solvere
998 3972 1014 3996 ,
1045 3944 1228 3984 rursus
1255 3939 1532 3983 cunctatur
1558 3936 1611 3983 et
1636 3926 1812 3982 differt
1835 3967 1852 3994 ,

265 4034 412 4077 tuam
438 4034 644 4092 augens
665 4023 1015 4077 constantiam
1033 4062 1050 4087 ,
1076 4031 1129 4076 et
1160 4031 1300 4075 tuam
1331 4034 1476 4089 Spcm
1500 4034 1776 4086 exercens,
1802 4031 1855 4073 Cl

264 4124 411 4168 tuam
436 4113 491 4168 in
525 4114 693 4182 ipsum
727 4112 1061 4167 affectionem
1087 4111 1317 4166 reddens
1357 4111 1810 4165 vehementiorem
1836 4153 1851 4175 ,

260 4216 313 4258 et
354 4219 534 4274 neque
574 4218 788 4273 semper
817 4203 1079 4274 permittit
1102 4202 1364 4272 opprimi,
1396 4218 1463 4256 ne
1504 4200 1849 4266 deficiamus;

261 4311 362 4349 nec
410 4308 629 4364 semper
674 4295 947 4364 quiescere
990 4302 1044 4347 et
1089 4293 1347 4358 relaxari,
1398 4307 1465 4345 ne
1505 4291 1850 4346 collabamur.

262 4386 524 4451 Quoniam
552 4400 651 4439 non
675 4384 979 4455 dereliquisti
1004 4394 1281 4455 quaerentes
1304 4394 1370 4449 te,
1400 4382 1633 4437 Domine.
1663 4384 1811 4438 Alius
1835 4401 1850 4438 :

260 4475 388 4532 Non
430 4477 567 4531 enim
608 4477 871 4546 reliquisti.
924 4476 996 4530 Ita
1022 4475 1182 4529 etiam
1227 4474 1356 4529 dicit
1392 4474 1527 4528 alius
1561 4492 1574 4527 :
1608 4472 1854 4544 Respicite

256 4569 497 4637 antiquas
515 4569 875 4637 generationes,
902 4578 947 4621 et
968 4568 1127 4620 videte
1149 4567 1259 4635 quis
1283 4567 1499 4636 speravit
1522 4566 1575 4619 in
1593 4564 1815 4620 Domino
1832 4607 1848 4630 ,

259 4672 305 4714 et
340 4661 542 4730 pudore
566 4658 775 4726 affectus
795 4671 867 4714 est
888 4660 914 4712 ?
940 4670 1027 4714 aut
1050 4661 1161 4730 quis
1187 4661 1430 4713 invocavit
1458 4658 1733 4714 Dominum
1757 4703 1772 4727 ,
1805 4668 1851 4715 et

256 4751 759 4824 dereliquit(Eccli.
786 4752 839 4805 2.
885 4754 972 4807 tt.
1017 4752 1153 4824 te)?
1198 4752 1265 4813 Et
1291 4751 1596 4820 quomodo,
1643 4752 1848 4822 inquit,

256 4845 524 4912 quaritur
564 4843 703 4898 Deus
728 4844 815 4913 qui
845 4853 927 4899 est
952 4843 1185 4912 ubique?
1229 4842 1416 4898 Studia
1454 4852 1507 4897 et
1552 4844 1765 4908 animo,
1797 4852 1852 4898 et

256 4938 301 4989 si
331 4935 407 4989 ab
435 4936 502 4989 iis
531 4935 776 4990 omnibus
802 4951 922 5005 quae
943 4935 1010 4989 ad
1036 4935 1291 4990 saeculum
1323 4935 1624 5005 pertinent,
1658 4935 1852 4990 libere-

256 5044 401 5081 mur.
427 5027 590 5080 Mults
613 5028 753 5081 enim
775 5042 895 5083 cum
917 5035 1041 5081 ante
1057 5028 1242 5083 oculos
1264 5026 1384 5079 etin
1407 5025 1651 5079 manibus
1664 5024 1851 5080 habea-

256 5134 379 5174 mus
407 5120 696 5185 nescimus,
744 5118 836 5173 sed
877 5119 1357 5173 circumcursamus
1385 5132 1527 5186 smpe
1551 5128 1849 5186 qua-rentes

254 5227 385 5282 qua:
411 5220 688 5276 tenemus,
714 5210 926 5279 quando
951 5224 1102 5265 mens
1138 5210 1247 5264 alio
1270 5223 1422 5264 versa
1451 5208 1633 5263 fuerit.

328 5303 387 5358 6.
440 5303 751 5367 Qumrendus
776 5301 919 5356 Deus
958 5312 1003 5356 et
1040 5301 1395 5371 exquirendas.
1448 5299 1711 5354 Habitatio
1760 5299 1851 5354 Dei

254 5413 373 5469 qua
425 5396 755 5470 intelligatur.
782 5426 855 5438 --
878 5395 1156 5463 Quomodo
1211 5410 1339 5465 ergo
1390 5395 1557 5448 Deum
1608 5407 1851 5464 qumrere

261 5505 539 5561 possumus
556 5490 583 5544 ἲ
600 5488 829 5559 Quando
855 5487 978 5542 illuc
1005 5488 1238 5541 animum
1267 5486 1611 5551 intendimus,
1636 5483 1852 5555 quando

262 5584 327 5638 ab
356 5583 416 5638 iis
441 5599 555 5655 qua:
581 5582 651 5639 ad
676 5583 822 5638 hanc
857 5580 1020 5635 vitam
1045 5580 1314 5650 pertinent
1342 5578 1598 5634 fuerimus
1621 5578 1847 5633 liberati.

262 5677 357 5742 Qui
383 5679 515 5734 enim
542 5677 741 5751 qua‘rit
765 5717 781 5741 ,
815 5675 992 5727 ornuia
1019 5689 1081 5726 ex
1113 5673 1291 5727 animo
1320 5672 1542 5737 eiiciens
1565 5713 1578 5736 ,
1608 5670 1753 5725 venit
1775 5671 1844 5725 ad

260 5770 381 5828 illud
416 5774 552 5849 quod
582 5770 808 5848 quaerit.
838 5766 949 5822 Nec
988 5774 1196 5836 oportet
1244 5764 1416 5819 solum
1458 5778 1721 5834 quaerere,
1750 5761 1846 5818 sed

1438 321 1796 378 EXPOSITIO
1834 321 1898 377 IN
1940 322 2262 382 PSALMUM
2301 329 2396 387 IX.

3482 355 3503 407 Ι
3515 356 3583 410 30

2000 439 2485 537 ctiam‘exquirere.
2510 444 2608 513 Qui
2635 451 2884 519 exquirit,
2904 468 3012 509 non
3031 456 3146 527 ipse
3167 461 3339 516 solum
3366 480 3469 532 qua
3485 481 3577 537 rat,

1996 530 2331 628 sed‘aliorum
2352 537 2512 628 etiam
2534 553 2636 608 Ope
2658 543 2840 611 utitur,
2863 538 2924 599 ut
2945 548 3179 606 inveniat
3203 555 3340 623 quod
3362 530 3576 628 quaerit;

1995 621 2098 677 Sed
2125 623 2177 677 in
2208 625 2272 680 iis
2300 627 2515 695 quidem
2535 646 2653 699 qua:
2680 633 2746 687 ad
2774 634 2909 691 hanc
2939 639 3099 694 vitam
3133 621 3418 713 pertinent,
3449 666 3570 707 cum

1994 726 2137 782 εαξρο
2165 716 2533 781 quzesierimus
2556 762 2571 787 ,
2604 738 2711 777 non
2753 725 3050 785 invenimus
3076 749 3093 784 :
3120 734 3172 787 in
3212 737 3577 806 Spiritualibus

1991 813 2166 860 autem
2196 806 2295 862 hoc
2339 826 2441 865 non
2483 812 2642 881 licet,
2688 816 2783 870 sed
2804 820 3021 875 omnino
3049 840 3267 883 necesse
3293 844 3374 885 est
3400 843 3460 887 ut
3480 837 3573 903 qui

1991 897 2181 965 quaerit
2244 898 2495 954 inveniat.
2556 903 2613 958 Si
2663 906 2802 960 cnim
2853 910 2919 963 ad
2972 918 3311 981 qua-rendam
3367 897 3572 979 tantum

1990 986 2188 1054 egressi
2215 985 2471 1045 fuerimus
2497 1036 2511 1057 ,
2541 1008 2645 1047 non
2678 997 2937 1065 permittit
2970 1001 3107 1058 Deus
3135 1016 3192 1059 ut
3214 1024 3314 1063 uos
3344 1014 3567 1069 multum

1989 1090 2243 1167 vexentur
2267 1117 2280 1142 ,
2324 1094 2379 1134 et
2419 1081 2539 1136 ideo
2585 1083 2758 1140 dicit:
2794 1086 2969 1143 Omnis
3015 1095 3099 1161 qui
3136 1100 3312 1166 φαεν-ξι
3335 1143 3350 1167 ,
3386 1104 3573 1159 invenit

1992 1164 2212 1234 (Matth.
2243 1170 2295 1222 τ.
2325 1170 2357 1224 8
2365 1172 2404 1240 ).
2426 1171 2513 1226 12.
2540 1172 2758 1231 Psallite
2782 1177 3003 1234 Domino
3025 1186 3108 1253 qui
3131 1164 3319 1242 habitat
3336 1164 3398 1245 ἐνι
3419 1193 3567 1250 Sion.

1987 1256 2135 1310 Alius
2154 1300 2169 1324 ,
2203 1259 2302 1326 Qui
2328 1263 2463 1315 sedet
2486 1265 2524 1317 ‘.
2558 1266 2864 1322 Annuntiate
2888 1271 3018 1325 inter
3042 1287 3213 1345 gentes
3237 1283 3404 1335 studia
3432 1286 3564 1355 ejus.

1986 1349 2135 1441 Alius
2161 1351 2324 1441 dicit,
2369 1352 2436 1407 In
2479 1360 2679 1427 pupulis
2722 1362 3115 1421 machinationes
3143 1371 3271 1440 ejus.
3318 1349 3567 1441 Quid'di-

1985 1440 2102 1492 cis?
2156 1439 2316 1510 Cujus
2362 1447 2550 1500 caelum
2610 1451 2765 1504 sedes
2819 1463 2941 1520 est,
2984 1466 3037 1511 et
3094 1439 3231 1514 terra
3277 1439 3567 1524 scabellum

1985 1532 2173 1598 pedum
2198 1533 2351 1603 (lsai.
2385 1536 2473 1592 66.
2508 1539 2587 1610 1),
2617 1543 2768 1611 cujus
2800 1544 2849 1598 in
2880 1563 3036 1602 manu
3066 1562 3188 1606 sunt
3231 1554 3361 1610 fines
3408 1569 3562 1616 terra:

1983 1620 2153 1691 (Psal.
2180 1624 2266 1678 94.
2286 1626 2366 1692 4),
2396 1628 2439 1681 is
2462 1629 2661 1685 habitat
2679 1634 2730 1687 in
2750 1635 2921 1691 Sion?
2946 1638 3104 1696 Certe
3137 1660 3148 1694 :
3182 1644 3562 1706 habitationem

1980 1714 2120 1808 enim
2169 1715 2254 1769 hic
2303 1717 2468 1783 dicit,
2517 1737 2620 1776 non
2680 1724 2796 1780 loco
2841 1729 3184 1789 circumcludi
3241 1738 3260 1808 (
3298 1749 3379 1794 est
3417 1745 3560 1799 enim

1980 1801 2183 1858 infinita
2210 1806 2323 1875 ejus
2353 1812 2720 1886 magnitudo),
2752 1818 2846 1872 sed
2874 1824 3194 1889 peculiarem
3226 1801 3559 1889 affectionem

1979 1893 2045 1988 ad
2067 1896 2249 1988 locum
2274 1941 2288 1964 ,
2335 1909 2388 1953 et
2425 1904 2743 1971 peculiarem
2769 1908 2823 1963 in
2868 1926 2988 1966 cum
3021 1902 3469 1988 propensionem,
3506 1937 3564 1979 ut

1979 1984 2190 2041 JudtL-os
2218 2006 2310 2058 per
2335 1991 2468 2046 hanc
2497 1996 2575 2048 sui
2607 1996 2981 2055 demissioncm
3025 2006 3090 2060 ad
3137 2023 3194 2062 se
3224 1984 3515 2070 attraheret
3544 2036 3560 2072 :

1981 2088 2257 2145 propIt-rt-a
2303 2083 2441 2134 enim
2490 2097 2668 2139 nostra
2699 2104 2908 2157 qutnpte
2938 2092 3127 2150 domus
3173 2116 3290 2154 esse
3330 2102 3557 2172 dicitur,

1977 2168 2115 2236 quod
2171 2172 2508 2239 peculiariter
2556 2178 2604 2228 in
2650 2193 2766 2232 eam
2823 2183 3136 2240 efficiamur.
3169 2189 3284 2244 .latu
3332 2210 3460 2250 vero
3504 2168 3558 2252 in

1977 2259 2363 2331 ttohisquoqtte
2405 2264 2643 2321 habitare
2688 2270 2914 2337 dicitur,
2969 2292 3074 2331 non
3129 2283 3267 2349 quod
3319 2300 3349 2338 a
3407 2288 3558 2343 nobis

1977 2353 2488 2420 comprehendatur,
2520 2360 2612 2411 sed
2641 2362 2778 2429 quod
2809 2366 3021 2434 proprie
3047 2384 3109 2422 ac
3139 2374 3472 2439 peculiariter
3504 2379 3554 2432 in

1974 2455 2071 2493 nos
2101 2441 2376 2498 afficiatur.
2411 2447 2535 2501 Sion
2564 2462 2741 2504 amem
2766 2452 3004 2507 Ecclesia
3032 2461 3317 2532 anagogice
3342 2442 3553 2522 dicitur.

1972 2531 2260 2588 Acressistis
2281 2539 2410 2589 enim
2436 2539 2504 2591 ad
2532 2551 2745 2594 montem
2770 2543 2895 2599 Sion
2923 2556 2967 2599 et
3001 2531 3275 2604 Ecclesium
3304 2556 3556 2627 primoge-

1971 2623 2189 2678 nitorum
2222 2626 2415 2698 (Hebr.
2444 2631 2533 2705 ΞΩ.
2552 2632 2665 2702 22).
2696 2634 2759 2687 Et
2784 2636 2974 2692 merito
3011 2657 3163 2694 mons
3184 2652 3266 2698 est
3293 2623 3550 2714 Ecclesia,

1969 2719 2109 2787 quod
2139 2720 2210 2773 sit
2238 2722 2388 2776 firma
2413 2765 2427 2790 ,
2475 2733 2531 2780 et
2572 2729 2804 2796 stabilis,
2831 2746 2931 2785 nec
2978 2735 3145 2800 possit
3188 2743 3551 2807 conquassari.

1968 2809 2421 2877 Quemadmodum
2443 2819 2585 2871 enim
2612 2834 2764 2873 mons
2787 2837 2888 2875 non
2920 2833 3088 2891 potest
3115 2825 3415 2883 labefactari
3441 2873 3455 2894 ,
3481 2834 3553 2886 ita

1969 2917 2069 2992 nec
2097 2904 2187 2958 Dei
2218 2904 2475 2961 Ecclesia.
2523 2909 2830 2965 Annuntiate
2852 2913 2982 2967 inter
3019 2926 3187 2986 gentes
3221 2921 3389 2974 studia
3417 2924 3550 2992 ejus.

1969 2991 2093 3047 Vult
2112 3009 2202 3049 eos
2221 3010 2342 3050 esse
2363 3011 2635 3066 praecones
2657 3000 2747 3055 Dei
2768 3002 3168 3072 beneficiorum,
3191 3017 3243 3062 et
3264 2991 3550 3080 numquam

1966 3083 2081 3153 ejus
2108 3087 2282 3141 celare
2314 3087 2590 3143 beneficia.
2640 3089 2705 3145 Et
2735 3090 2836 3146 hoc
2876 3094 3002 3148 dicit
3054 3106 3159 3149 tam
3206 3109 3423 3168 prOpter
3451 3118 3546 3156 eos

1965 3175 2053 3244 qui
2084 3175 2262 3230 dicunt
2289 3218 2303 3243 ,
2356 3193 2513 3248 quam
2564 3191 2781 3250 propter
2812 3199 2905 3237 eos
2946 3187 3032 3256 qui
3063 3188 3304 3245 andunt.
3337 3190 3467 3245 Nam
3496 3205 3552 3249 et

1966 3264 2058 3327 hi,
2092 3276 2146 3320 et
2194 3267 2265 3319 illi
2309 3262 2677 3335 lucrifaciunt,
2721 3272 2767 3326 si
2807 3278 3150 3332 attenderint.
3181 3280 3268 3334 15.
3301 3280 3552 3347 Quoniam

1964 3358 2220 3428 requirens
2239 3362 2534 3431 sanguinem
2555 3379 2728 3416 eorum
2747 3366 3040 3421 recordatus
3069 3379 3162 3425 est.
3190 3371 3376 3435 Vidisti
3405 3391 3551 3444 (ιυίθο

1964 3464 2086 3502 nam
2117 3451 2259 3505 dit-at
2293 3467 2480 3507 eorum
2511 3456 2727 3511 studia?
2776 3457 3066 3515 Beneficia.
3111 3463 3210 3518 llic
3233 3467 3403 3520 etiam
3440 3484 3552 3522 ma-

1960 3556 2123 3611 gnum
2173 3544 2438 3613 quoddam
2486 3546 2676 3615 dogma
2726 3549 2990 3618 significat
3036 3572 3049 3607 ε
3099 3569 3206 3608 non
3257 3562 3548 3627 perpetrari

1962 3634 2123 3688 ullam
2151 3639 2350 3690 caedem
2372 3677 2387 3703 ,
2421 3637 2487 3693 de
2516 3654 2618 3708 qua
2661 3656 2834 3709 ptume
2860 3657 2965 3697 non
2994 3659 3271 3701 sumantur
3294 3691 3308 3713 ,
3350 3662 3404 3705 et
3429 3668 3547 3719 qua:

1962 3741 2067 3780 non
2091 3728 2419 3782 vindicetur:
2440 3732 2580 3801 quod
2608 3735 2768 3786 etiam
2794 3734 2968 3790 Moses
2995 3739 3227 3794 ostendit
3252 3741 3304 3794 in
3333 3738 3545 3811 Genesi,

1959 3818 2145 3875 dicens
2175 3839 2187 3872 :
2217 3821 2531 3892 Sanguinem
2552 3832 2766 3877 vestrum
2792 3828 3044 3896 requiram
3062 3829 3080 3900 (
3100 3828 3225 3883 Gen.
3248 3832 3300 3886 9.
3323 3833 3400 3903 5).
3438 3837 3550 3891 Hoc

1961 3924 2042 3967 est
2071 3914 2318 3969 indicium
2351 3917 2565 3970 infinita:
2594 3917 2708 3986 ejus
2740 3919 3108 3989 providentia),
3138 3922 3468 3997 ingentisque
3492 3941 3549 3984 et

1961 4007 2177 4074 prolixae
2199 4022 2360 4060 curat.
2385 4008 2440 4062 Si
2467 4016 2643 4063 autem
2674 4025 2777 4064 non
2809 4012 2985 4066 statim
3016 4016 3257 4085 requirit,
3289 4035 3356 4072 ne
3377 4021 3546 4076 mire-

1961 4097 2035 4151 ris
2067 4116 2078 4149 :
2108 4098 2199 4152 dat
2235 4099 2374 4153 enim
2417 4102 2782 4168 peccatoribus
2831 4107 3165 4161 occasionem
3198 4111 3544 4177 pmnitentiat.

1961 4188 2082 4244 Non
2110 4199 2179 4244 est
2209 4191 2392 4245 oblitus
2418 4193 2687 4247 clamorem
2715 4212 2991 4265 pauperum
3018 4196 3192 4269 (Rom.
3230 4203 3283 4256 2.
3318 4204 3395 4275 ι).
3423 4204 3550 4262 Vide

1958 4298 2144 4336 rursus
2167 4298 2285 4338 esse
2311 4284 2361 4337 in
2391 4285 2593 4341 honore
2621 4301 2900 4357 pauperes.
2925 4288 3038 4345 Non
3061 4303 3234 4348 autem
3257 4295 3383 4349 dicit
3411 4297 3546 4351 sim-

1959 4374 2169 4444 pliciter
2196 4389 2477 4445 pauperes,
2511 4378 2603 4431 sed
2636 4379 2758 4432 illos
2783 4381 2871 4449 qui
2898 4389 3022 4435 sunt
3047 4398 3307 4452 pauperes
3332 4385 3544 4456 spiritu,

1958 4468 2094 4520 sicut
2137 4467 2266 4521 dicit
2304 4468 2544 4522 Christus
2578 4468 2784 4541 (Matth.
2832 4473 2884 4527 5.
2930 4473 3010 4541 5).
3054 4474 3092 4528 li
3137 4477 3276 4528 enim
3318 4480 3549 4534 maxime

1957 4558 2311 4612 exaudiuntur
2353 4557 2477 4612 dum
2522 4569 2709 4627 orant,
2762 4562 2848 4631 qui
2894 4573 3015 4616 sunt
3059 4563 3220 4619 corde
3263 4562 3446 4621 humili
3495 4580 3550 4624 et

1958 4649 2207 4703 contrito.
2238 4648 2336 4703 Hic
2370 4659 2546 4704 autem
2577 4650 2683 4704 duo
2711 4652 2889 4720 ponit,
2923 4663 2975 4707 et
3002 4656 3330 4722 orationem,
3365 4667 3418 4712 et
3443 4659 3548 4713 ltu-

1958 4739 2260 4793 militatem.
2287 4739 2367 4793 Ad
2390 4756 2537 4810 quem
2563 4741 2722 4806 enim,
2759 4746 2947 4812 inquit,
2977 4747 3241 4816 respiciam
3268 4750 3365 4802 nisi
3392 4767 3549 4822 super

1957 4832 2218 4898 humilem,
2248 4842 2293 4884 et
2323 4834 2561 4903 quietum,
2594 4844 2638 4887 et
2667 4836 2919 4890 timentem
2947 4836 3093 4892 verba
3124 4857 3232 4894 mea
3264 4839 3417 4911 (lsat‘.
3452 4846 3540 4901 66.

1955 4924 2053 4993 2)?
2085 4924 2289 4994 Ubique
2316 4934 2493 4980 autem
2539 4929 2795 4983 orationis
2824 4931 3118 4985 vehiculum
3151 4934 3418 4990 invenitur
3449 4938 3537 4991 hu-

1958 5019 2176 5074 militas.
2229 5018 2402 5090 Prope
2448 5024 2590 5076 enim
2635 5032 2717 5078 est
2767 5024 3023 5081 Dominus
3075 5031 3316 5084 contritis
3361 5032 3543 5086 corde.

1956 5111 2179 5182 Oportet
2204 5112 2383 5182 itaque
2404 5127 2524 5168 cum
2551 5119 2638 5183 qui
2665 5127 2777 5169 orat
2802 5118 3031 5171 maxime
3055 5118 3266 5189 liberari
3288 5135 3317 5172 a
3340 5127 3548 5175 tumore

1958 5220 2020 5259 ac
2046 5203 2204 5259 fastu.
2234 5205 2387 5273 Quod
2418 5206 2576 5261 etiam
2606 5207 2800 5261 Paulus
2831 5210 3019 5277 qumrit
3044 5249 3060 5274 ,
3108 5208 3289 5262 dicens
3314 5224 3327 5262 :
3351 5209 3549 5280 Absque

1956 5302 2036 5355 ira
2050 5307 2098 5352 et
2113 5299 2471 5371 disceptatione
2486 5300 2532 5371 (l
2547 5339 2560 5353 .
2580 5298 2715 5354 Tim.
2733 5299 2787 5353 2.
2805 5300 2882 5371 8).
2907 5298 3071 5355 Recte
3097 5300 3246 5365 dixit,
3265 5299 3548 5358 Clamorem

1958 5410 2266 5464 pauperum,
2317 5407 2511 5462 nempe
2555 5392 2748 5446 mentis
2793 5390 3161 5475 affectionem,
3210 5406 3318 5447 non
3368 5405 3544 5451 autem

2026 5552 2040 5582 ι
2067 5548 2576 5619 ῌξθεᾲῇηῐθτρηςωιὶο.
2595 5558 2673 5600 est
2700 5551 2910 5619 Aquilae.
2938 5554 3092 5619 Paulo
3115 5562 3245 5617 post,
3272 5552 3323 5606 in
3346 5556 3547 5619 populis

1958 5610 2512 5677 nuto/tinationes’ﬂejus,
2564 5612 2671 5677 haec
2712 5610 3068 5677 interpretatio
3112 5610 3191 5667 est
3231 5610 3547 5677 'Synim'achi.

1960 5674 2059 5721 Sed
2084 5672 2335 5735 Agellius,
2360 5672 2587 5736 Drusius,
2607 5672 2888 5738 Corderius,
2908 5684 2961 5727 et
2979 5680 3176 5740 quidam
3199 5672 3316 5730 Mss.
3342 5680 3550 5743 habent,

1961 5763 2092 5807 artes
2130 5756 2236 5818 eius
2265 5756 2368 5820 (τὰς
2405 5758 2619 5822 μηχανὰς
2644 5759 2831 5823 αὐτοῦ).
2862 5762 3161 5813 Hebraicum
3191 5773 3269 5814 est
3293 5742 3546 5823 νωθής.
