  <div class='ocr_page' id='page_1' title='image "/cluster/home/n/w/nwhite01/storage/ocr_20150623/55:no.5/coo.31924054869551/123.png"; bbox 0 0 4030 6388; ppageno 0'>
   <div class='ocr_carea' id='block_1_1' title="bbox 576 338 673 395">
    <p class='ocr_par' dir='ltr' id='par_1_1' title="bbox 576 338 673 395">
     <span class='ocr_line' id='line_1_1' title="bbox 576 338 673 395; baseline 0 -1"><span class='ocrx_word' id='word_1_1' title='bbox 576 338 673 395; x_wconf 79' lang='grc'><strong>151</strong></span> 
     </span>
    </p>
   </div>
   <div class='ocr_carea' id='block_1_2' title="bbox 578 443 2165 515">
    <p class='ocr_par' dir='ltr' id='par_1_2' title="bbox 578 443 2165 515">
     <span class='ocr_line' id='line_1_2' title="bbox 578 443 2165 515; baseline -0.007 -7"><span class='ocrx_word' id='word_1_2' title='bbox 578 453 724 508; x_wconf 89' lang='lat' dir='ltr'><strong>vocis</strong></span> <span class='ocrx_word' id='word_1_3' title='bbox 749 449 1133 515; x_wconf 89' lang='lat' dir='ltr'><strong>intensionem;</strong></span> <span class='ocrx_word' id='word_1_4' title='bbox 1163 461 1280 502; x_wconf 91' lang='lat' dir='ltr'><strong>cum</strong></span> <span class='ocrx_word' id='word_1_5' title='bbox 1307 456 1487 502; x_wconf 81' lang='lat' dir='ltr'><strong>autem</strong></span> <span class='ocrx_word' id='word_1_6' title='bbox 1517 446 1676 512; x_wconf 91' lang='lat' dir='ltr'><strong>dicit,</strong></span> <span class='ocrx_word' id='word_1_7' title='bbox 1713 443 1834 500; x_wconf 86' lang='lat' dir='ltr'><strong>Non</strong></span> <span class='ocrx_word' id='word_1_8' title='bbox 1858 454 1930 500; x_wconf 85' lang='lat' dir='ltr'><strong>est</strong></span> <span class='ocrx_word' id='word_1_9' title='bbox 1955 445 2165 508; x_wconf 90' lang='lat' dir='ltr'><strong>oblitus,</strong></span> 
     </span>
    </p>
   </div>
   <div class='ocr_carea' id='block_1_3' title="bbox 578 542 2168 617">
    <p class='ocr_par' dir='ltr' id='par_1_3' title="bbox 578 542 2168 617">
     <span class='ocr_line' id='line_1_3' title="bbox 578 542 2168 617; baseline -0.004 -17"><span class='ocrx_word' id='word_1_10' title='bbox 578 546 896 617; x_wconf 64' lang='lat' dir='ltr'><strong>significavit</strong></span> <span class='ocrx_word' id='word_1_11' title='bbox 940 559 1034 598; x_wconf 91' lang='lat' dir='ltr'><strong>cos</strong></span> <span class='ocrx_word' id='word_1_12' title='bbox 1077 544 1326 597; x_wconf 78' lang='lat' dir='ltr'><strong>invocare</strong></span> <span class='ocrx_word' id='word_1_13' title='bbox 1373 542 1623 608; x_wconf 88' lang='lat' dir='ltr'><strong>assidue,</strong></span> <span class='ocrx_word' id='word_1_14' title='bbox 1669 550 1725 596; x_wconf 92' lang='lat' dir='ltr'><strong>et</strong></span> <span class='ocrx_word' id='word_1_15' title='bbox 1765 550 1942 595; x_wconf 90' lang='lat' dir='ltr'><strong>tamen</strong></span> <span class='ocrx_word' id='word_1_16' title='bbox 1988 557 2095 596; x_wconf 93' lang='lat' dir='ltr'><strong>non</strong></span> <span class='ocrx_word' id='word_1_17' title='bbox 2137 555 2168 593; x_wconf 91' lang='lat' dir='ltr'><strong>a</strong></span> 
     </span>
    </p>
   </div>
   <div class='ocr_carea' id='block_1_4' title="bbox 579 632 2168 708">
    <p class='ocr_par' dir='ltr' id='par_1_4' title="bbox 579 632 2168 708">
     <span class='ocr_line' id='line_1_4' title="bbox 579 632 2168 708; baseline -0.003 -16"><span class='ocrx_word' id='word_1_18' title='bbox 579 639 839 708; x_wconf 82' lang='lat' dir='ltr'><strong>principio</strong></span> <span class='ocrx_word' id='word_1_19' title='bbox 859 636 1087 705; x_wconf 83' lang='lat' dir='ltr'><strong>assequi.</strong></span> <span class='ocrx_word' id='word_1_20' title='bbox 1111 633 1250 701; x_wconf 84' lang='lat' dir='ltr'><strong>Quid</strong></span> <span class='ocrx_word' id='word_1_21' title='bbox 1271 643 1352 688; x_wconf 86' lang='lat' dir='ltr'><strong>est</strong></span> <span class='ocrx_word' id='word_1_22' title='bbox 1376 649 1504 704; x_wconf 86' lang='lat' dir='ltr'><strong>ergo</strong></span> <span class='ocrx_word' id='word_1_23' title='bbox 1525 633 1666 704; x_wconf 90' lang='lat' dir='ltr'><strong>quod</strong></span> <span class='ocrx_word' id='word_1_24' title='bbox 1687 633 1847 688; x_wconf 84' lang='lat' dir='ltr'><strong>dicit?</strong></span> <span class='ocrx_word' id='word_1_25' title='bbox 1872 632 1948 688; x_wconf 86' lang='lat' dir='ltr'><strong>Ne</strong></span> <span class='ocrx_word' id='word_1_26' title='bbox 1971 632 2168 702; x_wconf 87' lang='lat' dir='ltr'><strong>putetis</strong></span> 
     </span>
    </p>
   </div>
   <div class='ocr_carea' id='block_1_5' title="bbox 581 724 2167 794">
    <p class='ocr_par' dir='ltr' id='par_1_5' title="bbox 581 724 2167 794">
     <span class='ocr_line' id='line_1_5' title="bbox 581 724 2167 794; baseline -0.004 -10"><span class='ocrx_word' id='word_1_27' title='bbox 581 733 743 785; x_wconf 87' lang='lat' dir='ltr'><strong>Deum</strong></span> <span class='ocrx_word' id='word_1_28' title='bbox 769 745 889 785; x_wconf 89' lang='lat' dir='ltr'><strong>esse</strong></span> <span class='ocrx_word' id='word_1_29' title='bbox 910 729 1154 793; x_wconf 90' lang='lat' dir='ltr'><strong>oblitum,</strong></span> <span class='ocrx_word' id='word_1_30' title='bbox 1175 738 1227 782; x_wconf 92' lang='lat' dir='ltr'><strong>et</strong></span> <span class='ocrx_word' id='word_1_31' title='bbox 1248 727 1369 781; x_wconf 91' lang='lat' dir='ltr'><strong>ideo</strong></span> <span class='ocrx_word' id='word_1_32' title='bbox 1391 741 1497 780; x_wconf 93' lang='lat' dir='ltr'><strong>non</strong></span> <span class='ocrx_word' id='word_1_33' title='bbox 1523 726 1690 779; x_wconf 90' lang='lat' dir='ltr'><strong>ultum</strong></span> <span class='ocrx_word' id='word_1_34' title='bbox 1715 740 1834 781; x_wconf 89' lang='lat' dir='ltr'><strong>esse</strong></span> <span class='ocrx_word' id='word_1_35' title='bbox 1854 743 1866 779; x_wconf 90' lang='lat'><strong>:</strong></span> <span class='ocrx_word' id='word_1_36' title='bbox 1886 724 2004 794; x_wconf 85' lang='lat' dir='ltr'><strong>ejus</strong></span> <span class='ocrx_word' id='word_1_37' title='bbox 2025 725 2167 778; x_wconf 87' lang='lat' dir='ltr'><strong>enim</strong></span> 
     </span>
    </p>
   </div>
   <div class='ocr_carea' id='block_1_6' title="bbox 578 818 2169 891">
    <p class='ocr_par' dir='ltr' id='par_1_6' title="bbox 578 818 2169 891">
     <span class='ocr_line' id='line_1_6' title="bbox 578 818 2169 891; baseline -0.003 -15"><span class='ocrx_word' id='word_1_38' title='bbox 578 833 659 876; x_wconf 89' lang='lat' dir='ltr'><strong>est</strong></span> <span class='ocrx_word' id='word_1_39' title='bbox 685 822 980 891; x_wconf 86' lang='lat' dir='ltr'><strong>pr0prium,</strong></span> <span class='ocrx_word' id='word_1_40' title='bbox 1005 835 1066 874; x_wconf 88' lang='lat' dir='ltr'><strong>ea</strong></span> <span class='ocrx_word' id='word_1_41' title='bbox 1094 834 1213 888; x_wconf 74' lang='lat' dir='ltr'><strong>qum</strong></span> <span class='ocrx_word' id='word_1_42' title='bbox 1239 827 1362 873; x_wconf 90' lang='lat' dir='ltr'><strong>sunt</strong></span> <span class='ocrx_word' id='word_1_43' title='bbox 1388 818 1649 888; x_wconf 84' lang='lat' dir='ltr'><strong>ejusmodi</strong></span> <span class='ocrx_word' id='word_1_44' title='bbox 1673 833 1933 888; x_wconf 72' lang='lat' dir='ltr'><strong>quazrere,</strong></span> <span class='ocrx_word' id='word_1_45' title='bbox 1959 818 2169 872; x_wconf 88' lang='lat' dir='ltr'><strong>etiamsi</strong></span> 
     </span>
    </p>
   </div>
   <div class='ocr_carea' id='block_1_7' title="bbox 581 912 2171 983">
    <p class='ocr_par' dir='ltr' id='par_1_7' title="bbox 581 912 2171 983">
     <span class='ocr_line' id='line_1_7' title="bbox 581 912 2171 983; baseline -0.001 -15"><span class='ocrx_word' id='word_1_46' title='bbox 581 931 737 970; x_wconf 87' lang='lat' dir='ltr'><strong>nemo</strong></span> <span class='ocrx_word' id='word_1_47' title='bbox 766 923 944 983; x_wconf 84' lang='lat' dir='ltr'><strong>roget;</strong></span> <span class='ocrx_word' id='word_1_48' title='bbox 973 912 1186 983; x_wconf 83' lang='lat' dir='ltr'><strong>quando</strong></span> <span class='ocrx_word' id='word_1_49' title='bbox 1215 921 1389 966; x_wconf 91' lang='lat' dir='ltr'><strong>autem</strong></span> <span class='ocrx_word' id='word_1_50' title='bbox 1420 921 1625 980; x_wconf 82' lang='lat' dir='ltr'><strong>rogant,</strong></span> <span class='ocrx_word' id='word_1_51' title='bbox 1651 920 1706 966; x_wconf 87' lang='lat' dir='ltr'><strong>et</strong></span> <span class='ocrx_word' id='word_1_52' title='bbox 1725 913 1816 981; x_wconf 87' lang='lat' dir='ltr'><strong>qui</strong></span> <span class='ocrx_word' id='word_1_53' title='bbox 1842 920 2171 981; x_wconf 89' lang='lat' dir='ltr'><strong>rogantsunt</strong></span> 
     </span>
    </p>
   </div>
   <div class='ocr_carea' id='block_1_8' title="bbox 579 1005 2166 1074">
    <p class='ocr_par' dir='ltr' id='par_1_8' title="bbox 579 1005 2166 1074">
     <span class='ocr_line' id='line_1_8' title="bbox 579 1005 2166 1074; baseline 0 -16"><span class='ocrx_word' id='word_1_54' title='bbox 579 1006 804 1061; x_wconf 86' lang='lat' dir='ltr'><strong>humiles</strong></span> <span class='ocrx_word' id='word_1_55' title='bbox 830 1048 843 1069; x_wconf 87' lang='lat'><strong>,</strong></span> <span class='ocrx_word' id='word_1_56' title='bbox 891 1005 1061 1059; x_wconf 88' lang='lat' dir='ltr'><strong>multo</strong></span> <span class='ocrx_word' id='word_1_57' title='bbox 1091 1006 1279 1074; x_wconf 85' lang='lat' dir='ltr'><strong>magis.</strong></span> <span class='ocrx_word' id='word_1_58' title='bbox 1326 1006 1412 1060; x_wconf 74' lang='grc'><strong>14.</strong></span> <span class='ocrx_word' id='word_1_59' title='bbox 1455 1005 1696 1059; x_wconf 78' lang='lat' dir='ltr'><strong>Miserere</strong></span> <span class='ocrx_word' id='word_1_60' title='bbox 1736 1006 1871 1071; x_wconf 89' lang='lat' dir='ltr'><strong>mei,</strong></span> <span class='ocrx_word' id='word_1_61' title='bbox 1920 1005 2166 1072; x_wconf 89' lang='lat' dir='ltr'><strong>Domine,</strong></span> 
     </span>
    </p>
   </div>
   <div class='ocr_carea' id='block_1_9' title="bbox 577 1099 2169 1167">
    <p class='ocr_par' dir='ltr' id='par_1_9' title="bbox 577 1099 2169 1167">
     <span class='ocr_line' id='line_1_9' title="bbox 577 1099 2169 1167; baseline 0.001 -15"><span class='ocrx_word' id='word_1_62' title='bbox 577 1101 688 1152; x_wconf 75' lang='lat' dir='ltr'><strong>ride</strong></span> <span class='ocrx_word' id='word_1_63' title='bbox 709 1100 1043 1152; x_wconf 69' lang='lat' dir='ltr'><strong>humilitatem</strong></span> <span class='ocrx_word' id='word_1_64' title='bbox 1069 1099 1315 1152; x_wconf 87' lang='lat' dir='ltr'><strong>meamde</strong></span> <span class='ocrx_word' id='word_1_65' title='bbox 1336 1099 1553 1152; x_wconf 86' lang='lat' dir='ltr'><strong>inimicis</strong></span> <span class='ocrx_word' id='word_1_66' title='bbox 1573 1101 1714 1152; x_wconf 90' lang='lat' dir='ltr'><strong>meis.</strong></span> <span class='ocrx_word' id='word_1_67' title='bbox 1739 1100 1826 1155; x_wconf 84' lang='grc'><strong>15.</strong></span> <span class='ocrx_word' id='word_1_68' title='bbox 1855 1099 1955 1167; x_wconf 79' lang='lat' dir='ltr'><strong>Qui</strong></span> <span class='ocrx_word' id='word_1_69' title='bbox 1975 1101 2169 1154; x_wconf 78' lang='lat' dir='ltr'><strong>exultas</strong></span> 
     </span>
    </p>
   </div>
   <div class='ocr_carea' id='block_1_10' title="bbox 577 1191 2170 1260">
    <p class='ocr_par' dir='ltr' id='par_1_10' title="bbox 577 1191 2170 1260">
     <span class='ocr_line' id='line_1_10' title="bbox 577 1191 2170 1260; baseline 0.001 -18"><span class='ocrx_word' id='word_1_70' title='bbox 577 1208 656 1244; x_wconf 87' lang='lat' dir='ltr'><strong>me</strong></span> <span class='ocrx_word' id='word_1_71' title='bbox 683 1193 747 1244; x_wconf 90' lang='lat' dir='ltr'><strong>de</strong></span> <span class='ocrx_word' id='word_1_72' title='bbox 782 1191 940 1260; x_wconf 89' lang='lat' dir='ltr'><strong>portis</strong></span> <span class='ocrx_word' id='word_1_73' title='bbox 972 1191 1142 1243; x_wconf 84' lang='lat' dir='ltr'><strong>mortis</strong></span> <span class='ocrx_word' id='word_1_74' title='bbox 1165 1231 1180 1255; x_wconf 92' lang='lat'><strong>,</strong></span> <span class='ocrx_word' id='word_1_75' title='bbox 1223 1198 1276 1243; x_wconf 90' lang='lat' dir='ltr'><strong>ut</strong></span> <span class='ocrx_word' id='word_1_76' title='bbox 1322 1191 1616 1243; x_wconf 87' lang='lat' dir='ltr'><strong>annnntiem</strong></span> <span class='ocrx_word' id='word_1_77' title='bbox 1645 1206 1816 1244; x_wconf 83' lang='lat' dir='ltr'><strong>omnes</strong></span> <span class='ocrx_word' id='word_1_78' title='bbox 1854 1191 2170 1244; x_wconf 87' lang='lat' dir='ltr'><strong>laudationes</strong></span> 
     </span>
    </p>
   </div>
   <div class='ocr_carea' id='block_1_11' title="bbox 580 1281 2171 1352">
    <p class='ocr_par' dir='ltr' id='par_1_11' title="bbox 580 1281 2171 1352">
     <span class='ocr_line' id='line_1_11' title="bbox 580 1281 2171 1352; baseline -0.001 -16"><span class='ocrx_word' id='word_1_79' title='bbox 580 1294 692 1337; x_wconf 87' lang='lat' dir='ltr'><strong>tuas</strong></span> <span class='ocrx_word' id='word_1_80' title='bbox 720 1284 771 1336; x_wconf 86' lang='lat' dir='ltr'><strong>in</strong></span> <span class='ocrx_word' id='word_1_81' title='bbox 802 1283 958 1352; x_wconf 82' lang='lat' dir='ltr'><strong>portis</strong></span> <span class='ocrx_word' id='word_1_82' title='bbox 986 1283 1108 1348; x_wconf 70' lang='lat' dir='ltr'><strong>ﬁlia:</strong></span> <span class='ocrx_word' id='word_1_83' title='bbox 1143 1281 1290 1336; x_wconf 83' lang='lat' dir='ltr'><strong>Sion.</strong></span> <span class='ocrx_word' id='word_1_84' title='bbox 1334 1282 1482 1335; x_wconf 82' lang='lat' dir='ltr'><strong>Alius</strong></span> <span class='ocrx_word' id='word_1_85' title='bbox 1505 1322 1519 1344; x_wconf 92' lang='lat'><strong>,</strong></span> <span class='ocrx_word' id='word_1_86' title='bbox 1565 1281 1887 1352; x_wconf 80' lang='lat' dir='ltr'><strong>[Iguinorum</strong></span> <span class='ocrx_word' id='word_1_87' title='bbox 1927 1282 2171 1335; x_wconf 85' lang='lat' dir='ltr'><strong>decanta-</strong></span> 
     </span>
    </p>
   </div>
   <div class='ocr_carea' id='block_1_12' title="bbox 581 1370 2172 1443">
    <p class='ocr_par' dir='ltr' id='par_1_12' title="bbox 581 1370 2172 1443">
     <span class='ocr_line' id='line_1_12' title="bbox 581 1370 2172 1443; baseline 0.001 -16"><span class='ocrx_word' id='word_1_88' title='bbox 581 1375 740 1427; x_wconf 85' lang='lat' dir='ltr'><strong>tiones</strong></span> <span class='ocrx_word' id='word_1_89' title='bbox 785 1383 917 1427; x_wconf 84' lang='lat' dir='ltr'><strong>tuas.</strong></span> <span class='ocrx_word' id='word_1_90' title='bbox 959 1374 1128 1439; x_wconf 85' lang='lat' dir='ltr'><strong>Alius,</strong></span> <span class='ocrx_word' id='word_1_91' title='bbox 1169 1370 1369 1426; x_wconf 83' lang='lat' dir='ltr'><strong>Laudes</strong></span> <span class='ocrx_word' id='word_1_92' title='bbox 1414 1383 1546 1426; x_wconf 84' lang='lat' dir='ltr'><strong>tuas.</strong></span> <span class='ocrx_word' id='word_1_93' title='bbox 1590 1373 1721 1427; x_wconf 91' lang='lat' dir='ltr'><strong>Vide</strong></span> <span class='ocrx_word' id='word_1_94' title='bbox 1767 1389 1886 1428; x_wconf 93' lang='lat' dir='ltr'><strong>eum</strong></span> <span class='ocrx_word' id='word_1_95' title='bbox 1915 1383 2172 1443; x_wconf 89' lang='lat' dir='ltr'><strong>perpetuo</strong></span> 
     </span>
    </p>
   </div>
   <div class='ocr_carea' id='block_1_13' title="bbox 582 1466 2172 1531">
    <p class='ocr_par' dir='ltr' id='par_1_13' title="bbox 582 1466 2172 1531">
     <span class='ocr_line' id='line_1_13' title="bbox 582 1466 2172 1531; baseline 0.002 -13"><span class='ocrx_word' id='word_1_96' title='bbox 582 1467 810 1521; x_wconf 74' lang='lat' dir='ltr'><strong>orationi</strong></span> <span class='ocrx_word' id='word_1_97' title='bbox 853 1466 1094 1520; x_wconf 86' lang='lat' dir='ltr'><strong>al&#39;fixum.</strong></span> <span class='ocrx_word' id='word_1_98' title='bbox 1124 1468 1165 1520; x_wconf 83' lang='lat' dir='ltr'><strong>A</strong></span> <span class='ocrx_word' id='word_1_99' title='bbox 1194 1466 1351 1520; x_wconf 89' lang='lat' dir='ltr'><strong>malis</strong></span> <span class='ocrx_word' id='word_1_100' title='bbox 1379 1466 1519 1520; x_wconf 90' lang='lat' dir='ltr'><strong>enim</strong></span> <span class='ocrx_word' id='word_1_101' title='bbox 1553 1466 1840 1531; x_wconf 89' lang='lat' dir='ltr'><strong>liberatus,</strong></span> <span class='ocrx_word' id='word_1_102' title='bbox 1883 1477 1938 1521; x_wconf 91' lang='lat' dir='ltr'><strong>et</strong></span> <span class='ocrx_word' id='word_1_103' title='bbox 1978 1467 2029 1521; x_wconf 89' lang='lat' dir='ltr'><strong>in</strong></span> <span class='ocrx_word' id='word_1_104' title='bbox 2059 1476 2172 1521; x_wconf 92' lang='lat' dir='ltr'><strong>tuto</strong></span> 
     </span>
    </p>
   </div>
   <div class='ocr_carea' id='block_1_14' title="bbox 584 1555 2174 1622">
    <p class='ocr_par' dir='ltr' id='par_1_14' title="bbox 584 1555 2174 1622">
     <span class='ocr_line' id='line_1_14' title="bbox 584 1555 2174 1622; baseline 0.001 -11"><span class='ocrx_word' id='word_1_105' title='bbox 584 1559 900 1620; x_wconf 84' lang='lat' dir='ltr'><strong>collocatus,</strong></span> <span class='ocrx_word' id='word_1_106' title='bbox 943 1573 1046 1612; x_wconf 91' lang='lat' dir='ltr'><strong>non</strong></span> <span class='ocrx_word' id='word_1_107' title='bbox 1074 1568 1254 1612; x_wconf 88' lang='lat' dir='ltr'><strong>cessat</strong></span> <span class='ocrx_word' id='word_1_108' title='bbox 1278 1572 1464 1610; x_wconf 84' lang='lat' dir='ltr'><strong>rursus</strong></span> <span class='ocrx_word' id='word_1_109' title='bbox 1485 1572 1640 1611; x_wconf 90' lang='lat' dir='ltr'><strong>orare</strong></span> <span class='ocrx_word' id='word_1_110' title='bbox 1660 1599 1673 1620; x_wconf 92' lang='lat'><strong>,</strong></span> <span class='ocrx_word' id='word_1_111' title='bbox 1697 1557 1902 1622; x_wconf 89' lang='lat' dir='ltr'><strong>dicens,</strong></span> <span class='ocrx_word' id='word_1_112' title='bbox 1935 1555 2174 1612; x_wconf 73' lang='lat' dir='ltr'><strong><em>Miserere</em></strong></span> 
     </span>
    </p>
   </div>
   <div class='ocr_carea' id='block_1_15' title="bbox 587 1647 2174 1719">
    <p class='ocr_par' dir='ltr' id='par_1_15' title="bbox 587 1647 2174 1719">
     <span class='ocr_line' id='line_1_15' title="bbox 587 1647 2174 1719; baseline 0.001 -17"><span class='ocrx_word' id='word_1_113' title='bbox 587 1651 704 1712; x_wconf 86' lang='lat' dir='ltr'><strong>mei,</strong></span> <span class='ocrx_word' id='word_1_114' title='bbox 734 1659 787 1703; x_wconf 88' lang='lat' dir='ltr'><strong>et</strong></span> <span class='ocrx_word' id='word_1_115' title='bbox 815 1665 1002 1719; x_wconf 86' lang='lat' dir='ltr'><strong>rogare</strong></span> <span class='ocrx_word' id='word_1_116' title='bbox 1027 1664 1147 1702; x_wconf 90' lang='lat' dir='ltr'><strong>eum</strong></span> <span class='ocrx_word' id='word_1_117' title='bbox 1177 1664 1273 1718; x_wconf 88' lang='lat' dir='ltr'><strong>pro</strong></span> <span class='ocrx_word' id='word_1_118' title='bbox 1299 1647 1506 1702; x_wconf 88' lang='lat' dir='ltr'><strong>futuris.</strong></span> <span class='ocrx_word' id='word_1_119' title='bbox 1534 1649 1758 1715; x_wconf 82' lang='lat' dir='ltr'><strong><em>Semper</em></strong></span> <span class='ocrx_word' id='word_1_120' title='bbox 1784 1648 1926 1703; x_wconf 89' lang='lat' dir='ltr'><strong>enim</strong></span> <span class='ocrx_word' id='word_1_121' title='bbox 1955 1665 2174 1718; x_wconf 86' lang='lat' dir='ltr'><strong>egemus</strong></span> 
     </span>
    </p>
   </div>
   <div class='ocr_carea' id='block_1_16' title="bbox 589 1739 2172 1809">
    <p class='ocr_par' dir='ltr' id='par_1_16' title="bbox 589 1739 2172 1809">
     <span class='ocr_line' id='line_1_16' title="bbox 589 1739 2172 1809; baseline 0.002 -16"><span class='ocrx_word' id='word_1_122' title='bbox 589 1739 679 1793; x_wconf 85' lang='lat' dir='ltr'><strong>Dei</strong></span> <span class='ocrx_word' id='word_1_123' title='bbox 729 1739 1094 1809; x_wconf 73' lang='lat' dir='ltr'><strong>providentia;</strong></span> <span class='ocrx_word' id='word_1_124' title='bbox 1145 1739 1375 1793; x_wconf 79' lang='lat' dir='ltr'><strong>maxime</strong></span> <span class='ocrx_word' id='word_1_125' title='bbox 1415 1749 1592 1793; x_wconf 89' lang='lat' dir='ltr'><strong>autem</strong></span> <span class='ocrx_word' id='word_1_126' title='bbox 1636 1739 1762 1793; x_wconf 93' lang='lat' dir='ltr'><strong>dum</strong></span> <span class='ocrx_word' id='word_1_127' title='bbox 1811 1739 2101 1796; x_wconf 81' lang='lat' dir='ltr'><strong>liberamur</strong></span> <span class='ocrx_word' id='word_1_128' title='bbox 2142 1758 2172 1796; x_wconf 91' lang='lat' dir='ltr'><strong>a</strong></span> 
     </span>
    </p>
   </div>
   <div class='ocr_carea' id='block_1_17' title="bbox 589 1831 2170 1904">
    <p class='ocr_par' dir='ltr' id='par_1_17' title="bbox 589 1831 2170 1904">
     <span class='ocr_line' id='line_1_17' title="bbox 589 1831 2170 1904; baseline 0.002 -19"><span class='ocrx_word' id='word_1_129' title='bbox 589 1833 760 1886; x_wconf 90' lang='lat' dir='ltr'><strong>malis.</strong></span> <span class='ocrx_word' id='word_1_130' title='bbox 796 1831 952 1885; x_wconf 82' lang='lat' dir='ltr'><strong>Aliud</strong></span> <span class='ocrx_word' id='word_1_131' title='bbox 992 1831 1133 1885; x_wconf 92' lang='lat' dir='ltr'><strong>enim</strong></span> <span class='ocrx_word' id='word_1_132' title='bbox 1181 1832 1374 1886; x_wconf 84' lang='lat' dir='ltr'><strong>bellum</strong></span> <span class='ocrx_word' id='word_1_133' title='bbox 1420 1833 1617 1901; x_wconf 89' lang='lat' dir='ltr'><strong>excipit</strong></span> <span class='ocrx_word' id='word_1_134' title='bbox 1665 1833 1829 1901; x_wconf 88' lang='lat' dir='ltr'><strong>priori</strong></span> <span class='ocrx_word' id='word_1_135' title='bbox 1869 1833 2170 1904; x_wconf 84' lang='lat' dir='ltr'><strong>difficilius,</strong></span> 
     </span>
    </p>
   </div>
   <div class='ocr_carea' id='block_1_18' title="bbox 587 1923 2174 1994">
    <p class='ocr_par' dir='ltr' id='par_1_18' title="bbox 587 1923 2174 1994">
     <span class='ocr_line' id='line_1_18' title="bbox 587 1923 2174 1994; baseline 0.004 -19"><span class='ocrx_word' id='word_1_136' title='bbox 587 1923 847 1976; x_wconf 81' lang='lat' dir='ltr'><strong>socordia:</strong></span> <span class='ocrx_word' id='word_1_137' title='bbox 875 1932 930 1977; x_wconf 91' lang='lat' dir='ltr'><strong>et</strong></span> <span class='ocrx_word' id='word_1_138' title='bbox 959 1923 1312 1991; x_wconf 66' lang='lat' dir='ltr'><strong>arrogantiar;</strong></span> <span class='ocrx_word' id='word_1_139' title='bbox 1351 1931 1477 1978; x_wconf 88' lang='lat' dir='ltr'><strong>tunc</strong></span> <span class='ocrx_word' id='word_1_140' title='bbox 1504 1926 1644 1978; x_wconf 91' lang='lat' dir='ltr'><strong>enim</strong></span> <span class='ocrx_word' id='word_1_141' title='bbox 1690 1927 1855 1994; x_wconf 78' lang='lat' dir='ltr'><strong>spirat</strong></span> <span class='ocrx_word' id='word_1_142' title='bbox 1883 1926 2174 1982; x_wconf 89' lang='lat' dir='ltr'><strong>vehemen-</strong></span> 
     </span>
    </p>
   </div>
   <div class='ocr_carea' id='block_1_19' title="bbox 589 2015 2176 2086">
    <p class='ocr_par' dir='ltr' id='par_1_19' title="bbox 589 2015 2176 2086">
     <span class='ocr_line' id='line_1_19' title="bbox 589 2015 2176 2086; baseline 0.004 -18"><span class='ocrx_word' id='word_1_143' title='bbox 589 2015 694 2069; x_wconf 91' lang='lat' dir='ltr'><strong>tius</strong></span> <span class='ocrx_word' id='word_1_144' title='bbox 720 2016 981 2070; x_wconf 78' lang='lat' dir='ltr'><strong>diabolus.</strong></span> <span class='ocrx_word' id='word_1_145' title='bbox 1007 2015 1182 2082; x_wconf 85' lang='lat' dir='ltr'><strong>Quare</strong></span> <span class='ocrx_word' id='word_1_146' title='bbox 1209 2016 1441 2070; x_wconf 79' lang='lat' dir='ltr'><strong><em>maxime</em></strong></span> <span class='ocrx_word' id='word_1_147' title='bbox 1462 2025 1738 2086; x_wconf 74' lang='lat' dir='ltr'><strong>postquam</strong></span> <span class='ocrx_word' id='word_1_148' title='bbox 1767 2018 1968 2072; x_wconf 85' lang='lat' dir='ltr'><strong>liberali</strong></span> <span class='ocrx_word' id='word_1_149' title='bbox 1990 2033 2176 2075; x_wconf 89' lang='lat' dir='ltr'><strong>sumus</strong></span> 
     </span>
    </p>
   </div>
   <div class='ocr_carea' id='block_1_20' title="bbox 587 2107 2176 2177">
    <p class='ocr_par' dir='ltr' id='par_1_20' title="bbox 587 2107 2176 2177">
     <span class='ocr_line' id='line_1_20' title="bbox 587 2107 2176 2177; baseline 0.004 -17"><span class='ocrx_word' id='word_1_150' title='bbox 587 2123 616 2160; x_wconf 89' lang='lat' dir='ltr'><strong>a</strong></span> <span class='ocrx_word' id='word_1_151' title='bbox 644 2107 796 2161; x_wconf 90' lang='lat' dir='ltr'><strong>malis</strong></span> <span class='ocrx_word' id='word_1_152' title='bbox 817 2149 830 2171; x_wconf 89' lang='lat'><strong>,</strong></span> <span class='ocrx_word' id='word_1_153' title='bbox 875 2109 964 2162; x_wconf 88' lang='lat' dir='ltr'><strong>illo</strong></span> <span class='ocrx_word' id='word_1_154' title='bbox 989 2122 1123 2177; x_wconf 87' lang='lat' dir='ltr'><strong>opus</strong></span> <span class='ocrx_word' id='word_1_155' title='bbox 1149 2107 1405 2162; x_wconf 87' lang='lat' dir='ltr'><strong>habemus</strong></span> <span class='ocrx_word' id='word_1_156' title='bbox 1431 2110 1626 2163; x_wconf 89' lang='lat' dir='ltr'><strong>auxilio</strong></span> <span class='ocrx_word' id='word_1_157' title='bbox 1647 2151 1662 2173; x_wconf 92' lang='lat'><strong>,</strong></span> <span class='ocrx_word' id='word_1_158' title='bbox 1704 2118 1762 2164; x_wconf 91' lang='lat' dir='ltr'><strong>ut</strong></span> <span class='ocrx_word' id='word_1_159' title='bbox 1791 2110 1943 2165; x_wconf 82' lang='lat' dir='ltr'><strong>facile</strong></span> <span class='ocrx_word' id='word_1_160' title='bbox 1970 2128 2054 2166; x_wconf 93' lang='lat' dir='ltr'><strong>res</strong></span> <span class='ocrx_word' id='word_1_161' title='bbox 2088 2127 2176 2166; x_wconf 91' lang='lat' dir='ltr'><strong>se-</strong></span> 
     </span>
    </p>
   </div>
   <div class='ocr_carea' id='block_1_21' title="bbox 585 2199 2177 2276">
    <p class='ocr_par' dir='ltr' id='par_1_21' title="bbox 585 2199 2177 2276">
     <span class='ocr_line' id='line_1_21' title="bbox 585 2199 2177 2276; baseline 0.005 -24"><span class='ocrx_word' id='word_1_162' title='bbox 585 2200 789 2255; x_wconf 89' lang='lat' dir='ltr'><strong>cundas</strong></span> <span class='ocrx_word' id='word_1_163' title='bbox 832 2200 1084 2255; x_wconf 87' lang='lat' dir='ltr'><strong>feramus.</strong></span> <span class='ocrx_word' id='word_1_164' title='bbox 1140 2200 1271 2255; x_wconf 86' lang='lat' dir='ltr'><strong>Nam</strong></span> <span class='ocrx_word' id='word_1_165' title='bbox 1318 2199 1489 2255; x_wconf 72' lang='lat' dir='ltr'><strong>Judmi</strong></span> <span class='ocrx_word' id='word_1_166' title='bbox 1537 2217 1750 2271; x_wconf 85' lang='lat' dir='ltr'><strong>quoque</strong></span> <span class='ocrx_word' id='word_1_167' title='bbox 1790 2204 1859 2256; x_wconf 87' lang='lat' dir='ltr'><strong>ab</strong></span> <span class='ocrx_word' id='word_1_168' title='bbox 1905 2203 2177 2276; x_wconf 64' lang='lat' dir='ltr'><strong>Egyptiis</strong></span> 
     </span>
    </p>
   </div>
   <div class='ocr_carea' id='block_1_22' title="bbox 585 2291 2176 2364">
    <p class='ocr_par' dir='ltr' id='par_1_22' title="bbox 585 2291 2176 2364">
     <span class='ocr_line' id='line_1_22' title="bbox 585 2291 2176 2364; baseline 0.004 -20"><span class='ocrx_word' id='word_1_169' title='bbox 585 2291 812 2356; x_wconf 90' lang='lat' dir='ltr'><strong>liberati,</strong></span> <span class='ocrx_word' id='word_1_170' title='bbox 841 2292 1070 2359; x_wconf 79' lang='lat' dir='ltr'><strong>graviori</strong></span> <span class='ocrx_word' id='word_1_171' title='bbox 1102 2291 1245 2346; x_wconf 89' lang='lat' dir='ltr'><strong>bello</strong></span> <span class='ocrx_word' id='word_1_172' title='bbox 1271 2292 1632 2359; x_wconf 74' lang='lat' dir='ltr'><strong>vexabantur,</strong></span> <span class='ocrx_word' id='word_1_173' title='bbox 1663 2297 1964 2364; x_wconf 81' lang='lat' dir='ltr'><strong>arrogantia</strong></span> <span class='ocrx_word' id='word_1_174' title='bbox 1997 2305 2049 2350; x_wconf 91' lang='lat' dir='ltr'><strong>et</strong></span> <span class='ocrx_word' id='word_1_175' title='bbox 2088 2311 2176 2351; x_wconf 92' lang='lat' dir='ltr'><strong>so-</strong></span> 
     </span>
    </p>
   </div>
   <div class='ocr_carea' id='block_1_23' title="bbox 585 2382 2176 2458">
    <p class='ocr_par' dir='ltr' id='par_1_23' title="bbox 585 2382 2176 2458">
     <span class='ocr_line' id='line_1_23' title="bbox 585 2382 2176 2458; baseline 0.003 -21"><span class='ocrx_word' id='word_1_176' title='bbox 585 2383 788 2437; x_wconf 89' lang='lat' dir='ltr'><strong>cordia.</strong></span> <span class='ocrx_word' id='word_1_177' title='bbox 818 2382 970 2437; x_wconf 91' lang='lat' dir='ltr'><strong>Tunc</strong></span> <span class='ocrx_word' id='word_1_178' title='bbox 996 2383 1172 2452; x_wconf 81' lang='lat' dir='ltr'><strong>itaque</strong></span> <span class='ocrx_word' id='word_1_179' title='bbox 1200 2382 1428 2438; x_wconf 81' lang='lat' dir='ltr'><strong>maxime</strong></span> <span class='ocrx_word' id='word_1_180' title='bbox 1455 2384 1837 2450; x_wconf 86' lang='lat' dir='ltr'><strong>moriebantur,</strong></span> <span class='ocrx_word' id='word_1_181' title='bbox 1870 2395 1928 2441; x_wconf 90' lang='lat' dir='ltr'><strong>ut</strong></span> <span class='ocrx_word' id='word_1_182' title='bbox 1954 2387 2044 2458; x_wconf 92' lang='lat' dir='ltr'><strong>qui</strong></span> <span class='ocrx_word' id='word_1_183' title='bbox 2071 2404 2176 2443; x_wconf 92' lang='lat' dir='ltr'><strong>non</strong></span> 
     </span>
    </p>
   </div>
   <div class='ocr_carea' id='block_1_24' title="bbox 585 2479 2172 2548">
    <p class='ocr_par' dir='ltr' id='par_1_24' title="bbox 585 2479 2172 2548">
     <span class='ocr_line' id='line_1_24' title="bbox 585 2479 2172 2548; baseline 0.005 -17"><span class='ocrx_word' id='word_1_184' title='bbox 585 2489 807 2547; x_wconf 87' lang='lat' dir='ltr'><strong>possent</strong></span> <span class='ocrx_word' id='word_1_185' title='bbox 837 2489 982 2533; x_wconf 90' lang='lat' dir='ltr'><strong>recte</strong></span> <span class='ocrx_word' id='word_1_186' title='bbox 1007 2479 1204 2534; x_wconf 89' lang='lat' dir='ltr'><strong>ducere</strong></span> <span class='ocrx_word' id='word_1_187' title='bbox 1241 2479 1557 2534; x_wconf 88' lang='lat' dir='ltr'><strong>exercitum.</strong></span> <span class='ocrx_word' id='word_1_188' title='bbox 1597 2479 1730 2548; x_wconf 87' lang='lat' dir='ltr'><strong>Quia</strong></span> <span class='ocrx_word' id='word_1_189' title='bbox 1773 2483 1915 2536; x_wconf 90' lang='lat' dir='ltr'><strong>enim</strong></span> <span class='ocrx_word' id='word_1_190' title='bbox 1947 2499 2046 2538; x_wconf 91' lang='lat' dir='ltr'><strong>nec</strong></span> <span class='ocrx_word' id='word_1_191' title='bbox 2073 2483 2172 2538; x_wconf 88' lang='lat' dir='ltr'><strong>ad-</strong></span> 
     </span>
    </p>
   </div>
   <div class='ocr_carea' id='block_1_25' title="bbox 588 2566 2176 2641">
    <p class='ocr_par' dir='ltr' id='par_1_25' title="bbox 588 2566 2176 2641">
     <span class='ocr_line' id='line_1_25' title="bbox 588 2566 2176 2641; baseline 0.006 -20"><span class='ocrx_word' id='word_1_192' title='bbox 588 2583 774 2622; x_wconf 89' lang='lat' dir='ltr'><strong>versus</strong></span> <span class='ocrx_word' id='word_1_193' title='bbox 805 2570 1124 2640; x_wconf 88' lang='lat' dir='ltr'><strong>ingluviem,</strong></span> <span class='ocrx_word' id='word_1_194' title='bbox 1158 2585 1258 2626; x_wconf 92' lang='lat' dir='ltr'><strong>nec</strong></span> <span class='ocrx_word' id='word_1_195' title='bbox 1295 2569 1552 2625; x_wconf 87' lang='lat' dir='ltr'><strong>adversus</strong></span> <span class='ocrx_word' id='word_1_196' title='bbox 1575 2572 1768 2641; x_wconf 89' lang='lat' dir='ltr'><strong>abjecti</strong></span> <span class='ocrx_word' id='word_1_197' title='bbox 1799 2566 1960 2627; x_wconf 82' lang='lat' dir='ltr'><strong>animi</strong></span> <span class='ocrx_word' id='word_1_198' title='bbox 1990 2576 2176 2630; x_wconf 86' lang='lat' dir='ltr'><strong>vilium</strong></span> 
     </span>
    </p>
   </div>
   <div class='ocr_carea' id='block_1_26' title="bbox 586 2659 2178 2738">
    <p class='ocr_par' dir='ltr' id='par_1_26' title="bbox 586 2659 2178 2738">
     <span class='ocr_line' id='line_1_26' title="bbox 586 2659 2178 2738; baseline 0.008 -27"><span class='ocrx_word' id='word_1_199' title='bbox 586 2659 663 2734; x_wconf 78' lang='grc' dir='ltr'><strong>(α)</strong></span> <span class='ocrx_word' id='word_1_200' title='bbox 695 2662 902 2717; x_wconf 81' lang='lat' dir='ltr'><strong>fortiter</strong></span> <span class='ocrx_word' id='word_1_201' title='bbox 945 2664 996 2717; x_wconf 94' lang='lat' dir='ltr'><strong>in</strong></span> <span class='ocrx_word' id='word_1_202' title='bbox 1025 2665 1143 2719; x_wconf 85' lang='lat' dir='ltr'><strong>acie</strong></span> <span class='ocrx_word' id='word_1_203' title='bbox 1173 2672 1469 2729; x_wconf 86' lang='lat' dir='ltr'><strong>steterunt,</strong></span> <span class='ocrx_word' id='word_1_204' title='bbox 1515 2664 1608 2719; x_wconf 91' lang='lat' dir='ltr'><strong>sed</strong></span> <span class='ocrx_word' id='word_1_205' title='bbox 1651 2663 2024 2738; x_wconf 56' lang='lat' dir='ltr'><strong>[Egyptiorum</strong></span> <span class='ocrx_word' id='word_1_206' title='bbox 2053 2669 2178 2724; x_wconf 91' lang='lat' dir='ltr'><strong>vitia</strong></span> 
     </span>
    </p>
   </div>
   <div class='ocr_carea' id='block_1_27' title="bbox 585 2755 2175 2830">
    <p class='ocr_par' dir='ltr' id='par_1_27' title="bbox 585 2755 2175 2830">
     <span class='ocr_line' id='line_1_27' title="bbox 585 2755 2175 2830; baseline 0.006 -24"><span class='ocrx_word' id='word_1_207' title='bbox 585 2764 708 2807; x_wconf 87' lang='lat' dir='ltr'><strong>sunt</strong></span> <span class='ocrx_word' id='word_1_208' title='bbox 727 2755 984 2819; x_wconf 73' lang='lat' dir='ltr'><strong>mmulati,</strong></span> <span class='ocrx_word' id='word_1_209' title='bbox 1008 2771 1068 2808; x_wconf 88' lang='lat' dir='ltr'><strong>ea</strong></span> <span class='ocrx_word' id='word_1_210' title='bbox 1100 2756 1220 2810; x_wconf 89' lang='lat' dir='ltr'><strong>illos</strong></span> <span class='ocrx_word' id='word_1_211' title='bbox 1247 2755 1614 2825; x_wconf 89' lang='lat' dir='ltr'><strong>perdiderunt.</strong></span> <span class='ocrx_word' id='word_1_212' title='bbox 1640 2757 1803 2812; x_wconf 85' lang='lat' dir='ltr'><strong>David</strong></span> <span class='ocrx_word' id='word_1_213' title='bbox 1825 2775 2035 2830; x_wconf 84' lang='lat' dir='ltr'><strong>quoque</strong></span> <span class='ocrx_word' id='word_1_214' title='bbox 2056 2778 2175 2816; x_wconf 87' lang='lat' dir='ltr'><strong>cum</strong></span> 
     </span>
    </p>
   </div>
   <div class='ocr_carea' id='block_1_28' title="bbox 583 2843 2174 2914">
    <p class='ocr_par' dir='ltr' id='par_1_28' title="bbox 583 2843 2174 2914">
     <span class='ocr_line' id='line_1_28' title="bbox 583 2843 2174 2914; baseline 0.006 -16"><span class='ocrx_word' id='word_1_215' title='bbox 583 2854 636 2898; x_wconf 86' lang='lat' dir='ltr'><strong>et</strong></span> <span class='ocrx_word' id='word_1_216' title='bbox 662 2860 688 2897; x_wconf 93' lang='lat' dir='ltr'><strong>a</strong></span> <span class='ocrx_word' id='word_1_217' title='bbox 718 2843 892 2901; x_wconf 76' lang='lat' dir='ltr'><strong>Saulis</strong></span> <span class='ocrx_word' id='word_1_218' title='bbox 918 2847 1322 2902; x_wconf 89' lang='lat' dir='ltr'><strong>difficultatibus</strong></span> <span class='ocrx_word' id='word_1_219' title='bbox 1346 2891 1362 2914; x_wconf 91' lang='lat'><strong>,</strong></span> <span class='ocrx_word' id='word_1_220' title='bbox 1395 2857 1451 2904; x_wconf 90' lang='lat' dir='ltr'><strong>et</strong></span> <span class='ocrx_word' id='word_1_221' title='bbox 1474 2849 1541 2904; x_wconf 91' lang='lat' dir='ltr'><strong>ab</strong></span> <span class='ocrx_word' id='word_1_222' title='bbox 1566 2850 1685 2904; x_wconf 89' lang='lat' dir='ltr'><strong>aliis</strong></span> <span class='ocrx_word' id='word_1_223' title='bbox 1711 2852 1964 2907; x_wconf 90' lang='lat' dir='ltr'><strong>omnibus</strong></span> <span class='ocrx_word' id='word_1_224' title='bbox 2001 2852 2174 2908; x_wconf 88' lang='lat' dir='ltr'><strong>hosti-</strong></span> 
     </span>
    </p>
   </div>
   <div class='ocr_carea' id='block_1_29' title="bbox 585 2937 2181 3012">
    <p class='ocr_par' dir='ltr' id='par_1_29' title="bbox 585 2937 2181 3012">
     <span class='ocr_line' id='line_1_29' title="bbox 585 2937 2181 3012; baseline 0.005 -21"><span class='ocrx_word' id='word_1_225' title='bbox 585 2937 683 2992; x_wconf 91' lang='lat' dir='ltr'><strong>bus</strong></span> <span class='ocrx_word' id='word_1_226' title='bbox 711 2939 898 2993; x_wconf 87' lang='lat' dir='ltr'><strong>fuisset</strong></span> <span class='ocrx_word' id='word_1_227' title='bbox 923 2939 1178 2994; x_wconf 91' lang='lat' dir='ltr'><strong>liberatus</strong></span> <span class='ocrx_word' id='word_1_228' title='bbox 1203 2945 1522 3012; x_wconf 70' lang='lat' dir='ltr'><strong>:&#39;postquam</strong></span> <span class='ocrx_word' id='word_1_229' title='bbox 1561 2943 1792 3012; x_wconf 87' lang='lat' dir='ltr'><strong>quietem</strong></span> <span class='ocrx_word' id='word_1_230' title='bbox 1824 2954 1878 2999; x_wconf 94' lang='lat' dir='ltr'><strong>et</strong></span> <span class='ocrx_word' id='word_1_231' title='bbox 1907 2945 2181 3000; x_wconf 82' lang='lat' dir='ltr'><strong>laxamen-</strong></span> 
     </span>
    </p>
   </div>
   <div class='ocr_carea' id='block_1_30' title="bbox 584 3032 2181 3106">
    <p class='ocr_par' dir='ltr' id='par_1_30' title="bbox 584 3032 2181 3106">
     <span class='ocr_line' id='line_1_30' title="bbox 584 3032 2181 3106; baseline 0.006 -23"><span class='ocrx_word' id='word_1_232' title='bbox 584 3037 696 3084; x_wconf 91' lang='lat' dir='ltr'><strong>tum</strong></span> <span class='ocrx_word' id='word_1_233' title='bbox 749 3042 1067 3101; x_wconf 87' lang='lat' dir='ltr'><strong>assequutus</strong></span> <span class='ocrx_word' id='word_1_234' title='bbox 1111 3040 1233 3097; x_wconf 89' lang='lat' dir='ltr'><strong>est,</strong></span> <span class='ocrx_word' id='word_1_235' title='bbox 1289 3032 1561 3089; x_wconf 74' lang='lat' dir='ltr'><strong>difficilius</strong></span> <span class='ocrx_word' id='word_1_236' title='bbox 1615 3035 1807 3090; x_wconf 91' lang='lat' dir='ltr'><strong>bellum</strong></span> <span class='ocrx_word' id='word_1_237' title='bbox 1861 3052 2048 3106; x_wconf 85' lang='lat' dir='ltr'><strong>passus</strong></span> <span class='ocrx_word' id='word_1_238' title='bbox 2099 3047 2181 3093; x_wconf 90' lang='lat' dir='ltr'><strong>est</strong></span> 
     </span>
    </p>
   </div>
   <div class='ocr_carea' id='block_1_31' title="bbox 585 3125 2181 3200">
    <p class='ocr_par' dir='ltr' id='par_1_31' title="bbox 585 3125 2181 3200">
     <span class='ocr_line' id='line_1_31' title="bbox 585 3125 2181 3200; baseline 0.004 -23"><span class='ocrx_word' id='word_1_239' title='bbox 585 3125 965 3180; x_wconf 87' lang='lat' dir='ltr'><strong>incontinentis</strong></span> <span class='ocrx_word' id='word_1_240' title='bbox 988 3127 1314 3194; x_wconf 86' lang='lat' dir='ltr'><strong>cupiditatis,</strong></span> <span class='ocrx_word' id='word_1_241' title='bbox 1345 3129 1486 3197; x_wconf 87' lang='lat' dir='ltr'><strong>quod</strong></span> <span class='ocrx_word' id='word_1_242' title='bbox 1515 3144 1635 3184; x_wconf 91' lang='lat' dir='ltr'><strong>eum</strong></span> <span class='ocrx_word' id='word_1_243' title='bbox 1656 3131 1817 3184; x_wconf 87' lang='lat' dir='ltr'><strong>etiam</strong></span> <span class='ocrx_word' id='word_1_244' title='bbox 1842 3131 2030 3200; x_wconf 87' lang='lat' dir='ltr'><strong>majori</strong></span> <span class='ocrx_word' id='word_1_245' title='bbox 2053 3147 2181 3200; x_wconf 82' lang='lat' dir='ltr'><strong>sup-</strong></span> 
     </span>
    </p>
   </div>
   <div class='ocr_carea' id='block_1_32' title="bbox 587 3215 2176 3288">
    <p class='ocr_par' dir='ltr' id='par_1_32' title="bbox 587 3215 2176 3288">
     <span class='ocr_line' id='line_1_32' title="bbox 587 3215 2176 3288; baseline 0.006 -20"><span class='ocrx_word' id='word_1_246' title='bbox 587 3215 746 3284; x_wconf 92' lang='lat' dir='ltr'><strong>plicio</strong></span> <span class='ocrx_word' id='word_1_247' title='bbox 772 3217 969 3270; x_wconf 71' lang='lat' dir='ltr'><strong>affecit.</strong></span> <span class='ocrx_word' id='word_1_248' title='bbox 1005 3218 1265 3284; x_wconf 80' lang='lat' dir='ltr'><strong>Quocirca</strong></span> <span class='ocrx_word' id='word_1_249' title='bbox 1311 3228 1435 3273; x_wconf 89' lang='lat' dir='ltr'><strong>tunc</strong></span> <span class='ocrx_word' id='word_1_250' title='bbox 1463 3221 1694 3275; x_wconf 84' lang='lat' dir='ltr'><strong>maxime</strong></span> <span class='ocrx_word' id='word_1_251' title='bbox 1737 3223 2028 3277; x_wconf 91' lang='lat' dir='ltr'><strong>timendum</strong></span> <span class='ocrx_word' id='word_1_252' title='bbox 2060 3233 2176 3288; x_wconf 90' lang='lat' dir='ltr'><strong>est,</strong></span> 
     </span>
    </p>
   </div>
   <div class='ocr_carea' id='block_1_33' title="bbox 588 3306 1723 3377">
    <p class='ocr_par' dir='ltr' id='par_1_33' title="bbox 588 3306 1723 3377">
     <span class='ocr_line' id='line_1_33' title="bbox 588 3306 1723 3377; baseline 0.007 -19"><span class='ocrx_word' id='word_1_253' title='bbox 588 3307 804 3377; x_wconf 88' lang='lat' dir='ltr'><strong>quando</strong></span> <span class='ocrx_word' id='word_1_254' title='bbox 836 3306 1090 3362; x_wconf 88' lang='lat' dir='ltr'><strong>fuerimus</strong></span> <span class='ocrx_word' id='word_1_255' title='bbox 1120 3309 1330 3364; x_wconf 89' lang='lat' dir='ltr'><strong>liberati</strong></span> <span class='ocrx_word' id='word_1_256' title='bbox 1359 3311 1426 3364; x_wconf 89' lang='lat' dir='ltr'><strong>ab</strong></span> <span class='ocrx_word' id='word_1_257' title='bbox 1451 3313 1723 3366; x_wconf 63' lang='lat' dir='ltr'><strong>azrumnis.</strong></span> 
     </span>
    </p>
   </div>
   <div class='ocr_carea' id='block_1_34' title="bbox 661 3397 2177 3472">
    <p class='ocr_par' dir='ltr' id='par_1_34' title="bbox 661 3397 2177 3472">
     <span class='ocr_line' id='line_1_34' title="bbox 661 3397 2177 3472; baseline 0.007 -22"><span class='ocrx_word' id='word_1_258' title='bbox 661 3397 714 3450; x_wconf 83' lang='lat'><strong>7.</strong></span> <span class='ocrx_word' id='word_1_259' title='bbox 745 3397 1206 3465; x_wconf 90' lang='lat' dir='ltr'><strong>Quemadmodum</strong></span> <span class='ocrx_word' id='word_1_260' title='bbox 1239 3401 1380 3454; x_wconf 90' lang='lat' dir='ltr'><strong>enim</strong></span> <span class='ocrx_word' id='word_1_261' title='bbox 1409 3401 1678 3472; x_wconf 85' lang='lat' dir='ltr'><strong>alligatam</strong></span> <span class='ocrx_word' id='word_1_262' title='bbox 1707 3404 1930 3460; x_wconf 91' lang='lat' dir='ltr'><strong>bestiam</strong></span> <span class='ocrx_word' id='word_1_263' title='bbox 1971 3421 2076 3460; x_wconf 89' lang='lat' dir='ltr'><strong>non</strong></span> <span class='ocrx_word' id='word_1_264' title='bbox 2109 3407 2177 3460; x_wconf 90' lang='lat' dir='ltr'><strong>ita</strong></span> 
     </span>
    </p>
   </div>
   <div class='ocr_carea' id='block_1_35' title="bbox 589 3487 2181 3554">
    <p class='ocr_par' dir='ltr' id='par_1_35' title="bbox 589 3487 2181 3554">
     <span class='ocr_line' id='line_1_35' title="bbox 589 3487 2181 3554; baseline 0.007 -13"><span class='ocrx_word' id='word_1_265' title='bbox 589 3487 877 3554; x_wconf 87' lang='lat' dir='ltr'><strong>timemus,</strong></span> <span class='ocrx_word' id='word_1_266' title='bbox 920 3498 981 3543; x_wconf 94' lang='lat' dir='ltr'><strong>ut</strong></span> <span class='ocrx_word' id='word_1_267' title='bbox 1018 3490 1267 3545; x_wconf 87' lang='lat' dir='ltr'><strong>emissam</strong></span> <span class='ocrx_word' id='word_1_268' title='bbox 1303 3509 1315 3545; x_wconf 94' lang='lat'>:</span> <span class='ocrx_word' id='word_1_269' title='bbox 1355 3491 1424 3546; x_wconf 91' lang='lat' dir='ltr'><strong>ita</strong></span> <span class='ocrx_word' id='word_1_270' title='bbox 1468 3494 1627 3546; x_wconf 86' lang='lat' dir='ltr'><strong>etiam</strong></span> <span class='ocrx_word' id='word_1_271' title='bbox 1649 3494 1834 3548; x_wconf 88' lang='lat' dir='ltr'><strong>vitium</strong></span> <span class='ocrx_word' id='word_1_272' title='bbox 1865 3511 1970 3550; x_wconf 89' lang='lat' dir='ltr'><strong>non</strong></span> <span class='ocrx_word' id='word_1_273' title='bbox 2001 3504 2083 3551; x_wconf 90' lang='lat' dir='ltr'><strong>est</strong></span> <span class='ocrx_word' id='word_1_274' title='bbox 2110 3499 2181 3553; x_wconf 87' lang='lat' dir='ltr'><strong>ita</strong></span> 
     </span>
    </p>
   </div>
   <div class='ocr_carea' id='block_1_36' title="bbox 591 3580 2183 3658">
    <p class='ocr_par' dir='ltr' id='par_1_36' title="bbox 591 3580 2183 3658">
     <span class='ocr_line' id='line_1_36' title="bbox 591 3580 2183 3658; baseline 0.006 -24"><span class='ocrx_word' id='word_1_275' title='bbox 591 3580 886 3636; x_wconf 88' lang='lat' dir='ltr'><strong>timendum</strong></span> <span class='ocrx_word' id='word_1_276' title='bbox 943 3582 996 3636; x_wconf 91' lang='lat' dir='ltr'><strong>in</strong></span> <span class='ocrx_word' id='word_1_277' title='bbox 1045 3581 1360 3647; x_wconf 85' lang='lat' dir='ltr'><strong>afﬂictione;</strong></span> <span class='ocrx_word' id='word_1_278' title='bbox 1413 3593 1541 3639; x_wconf 90' lang='lat' dir='ltr'><strong>tunc</strong></span> <span class='ocrx_word' id='word_1_279' title='bbox 1585 3585 1728 3640; x_wconf 91' lang='lat' dir='ltr'><strong>enim</strong></span> <span class='ocrx_word' id='word_1_280' title='bbox 1781 3587 2051 3658; x_wconf 89' lang='lat' dir='ltr'><strong>alligatum</strong></span> <span class='ocrx_word' id='word_1_281' title='bbox 2099 3599 2183 3645; x_wconf 90' lang='lat' dir='ltr'><strong>est</strong></span> 
     </span>
    </p>
   </div>
   <div class='ocr_carea' id='block_1_37' title="bbox 586 3675 2180 3751">
    <p class='ocr_par' dir='ltr' id='par_1_37' title="bbox 586 3675 2180 3751">
     <span class='ocr_line' id='line_1_37' title="bbox 586 3675 2180 3751; baseline 0.007 -24"><span class='ocrx_word' id='word_1_282' title='bbox 586 3675 781 3729; x_wconf 67' lang='lat' dir='ltr'><strong>anima:</strong></span> <span class='ocrx_word' id='word_1_283' title='bbox 807 3675 1144 3746; x_wconf 68' lang='lat' dir='ltr'><strong>aegritudine.</strong></span> <span class='ocrx_word' id='word_1_284' title='bbox 1171 3686 1227 3732; x_wconf 93' lang='lat' dir='ltr'><strong>et</strong></span> <span class='ocrx_word' id='word_1_285' title='bbox 1253 3677 1370 3732; x_wconf 92' lang='lat' dir='ltr'><strong>aliis</strong></span> <span class='ocrx_word' id='word_1_286' title='bbox 1399 3678 1624 3733; x_wconf 84' lang='lat' dir='ltr'><strong>vinculis</strong></span> <span class='ocrx_word' id='word_1_287' title='bbox 1651 3698 1664 3733; x_wconf 88' lang='lat'><strong>:</strong></span> <span class='ocrx_word' id='word_1_288' title='bbox 1687 3680 1779 3734; x_wconf 87' lang='lat' dir='ltr'><strong>sed</strong></span> <span class='ocrx_word' id='word_1_289' title='bbox 1805 3690 1924 3749; x_wconf 93' lang='lat' dir='ltr'><strong>post</strong></span> <span class='ocrx_word' id='word_1_290' title='bbox 1947 3684 2180 3751; x_wconf 90' lang='lat' dir='ltr'><strong>quietem</strong></span> 
     </span>
    </p>
   </div>
   <div class='ocr_carea' id='block_1_38' title="bbox 589 3766 2183 3843">
    <p class='ocr_par' dir='ltr' id='par_1_38' title="bbox 589 3766 2183 3843">
     <span class='ocr_line' id='line_1_38' title="bbox 589 3766 2183 3843; baseline 0.006 -24"><span class='ocrx_word' id='word_1_291' title='bbox 589 3775 645 3819; x_wconf 89' lang='lat' dir='ltr'><strong>et</strong></span> <span class='ocrx_word' id='word_1_292' title='bbox 671 3766 1041 3822; x_wconf 89' lang='lat' dir='ltr'><strong>remissionem</strong></span> <span class='ocrx_word' id='word_1_293' title='bbox 1073 3768 1302 3822; x_wconf 81' lang='lat' dir='ltr'><strong>maxime</strong></span> <span class='ocrx_word' id='word_1_294' title='bbox 1332 3768 1624 3823; x_wconf 88' lang='lat' dir='ltr'><strong>timendum</strong></span> <span class='ocrx_word' id='word_1_295' title='bbox 1654 3779 1754 3825; x_wconf 91' lang='lat' dir='ltr'><strong>est.</strong></span> <span class='ocrx_word' id='word_1_296' title='bbox 1791 3771 1859 3826; x_wconf 87' lang='lat' dir='ltr'><strong>Et</strong></span> <span class='ocrx_word' id='word_1_297' title='bbox 1889 3771 2010 3826; x_wconf 89' lang='lat' dir='ltr'><strong>ideo</strong></span> <span class='ocrx_word' id='word_1_298' title='bbox 2038 3787 2183 3843; x_wconf 63' lang='lat' dir='ltr'><strong>saepe</strong></span> 
     </span>
    </p>
   </div>
   <div class='ocr_carea' id='block_1_39' title="bbox 591 3855 2183 3935">
    <p class='ocr_par' dir='ltr' id='par_1_39' title="bbox 591 3855 2183 3935">
     <span class='ocr_line' id='line_1_39' title="bbox 591 3855 2183 3935; baseline 0.004 -25"><span class='ocrx_word' id='word_1_299' title='bbox 591 3855 797 3912; x_wconf 81' lang='lat' dir='ltr'><strong>videbis</strong></span> <span class='ocrx_word' id='word_1_300' title='bbox 838 3873 1122 3928; x_wconf 85' lang='lat' dir='ltr'><strong>prosperos</strong></span> <span class='ocrx_word' id='word_1_301' title='bbox 1160 3875 1339 3913; x_wconf 80' lang='lat' dir='ltr'><strong>rerum</strong></span> <span class='ocrx_word' id='word_1_302' title='bbox 1386 3875 1664 3915; x_wconf 86' lang='lat' dir='ltr'><strong>successus</strong></span> <span class='ocrx_word' id='word_1_303' title='bbox 1692 3863 1892 3930; x_wconf 88' lang='lat' dir='ltr'><strong>majora</strong></span> <span class='ocrx_word' id='word_1_304' title='bbox 1923 3863 2060 3916; x_wconf 90' lang='lat' dir='ltr'><strong>mala</strong></span> <span class='ocrx_word' id='word_1_305' title='bbox 2090 3879 2183 3935; x_wconf 81' lang='lat' dir='ltr'><strong>pa-</strong></span> 
     </span>
    </p>
   </div>
   <div class='ocr_carea' id='block_1_40' title="bbox 591 3951 2186 4024">
    <p class='ocr_par' dir='ltr' id='par_1_40' title="bbox 591 3951 2186 4024">
     <span class='ocr_line' id='line_1_40' title="bbox 591 3951 2186 4024; baseline 0.005 -22"><span class='ocrx_word' id='word_1_306' title='bbox 591 3964 750 4012; x_wconf 87' lang='lat' dir='ltr'><strong>rere,</strong></span> <span class='ocrx_word' id='word_1_307' title='bbox 796 3964 957 4018; x_wconf 90' lang='lat' dir='ltr'><strong>quam</strong></span> <span class='ocrx_word' id='word_1_308' title='bbox 1003 3966 1094 4004; x_wconf 90' lang='lat' dir='ltr'><strong>res</strong></span> <span class='ocrx_word' id='word_1_309' title='bbox 1130 3951 1402 4005; x_wconf 82' lang='lat' dir='ltr'><strong>adversas.</strong></span> <span class='ocrx_word' id='word_1_310' title='bbox 1449 3952 1524 4006; x_wconf 89' lang='lat' dir='ltr'><strong>Ita</strong></span> <span class='ocrx_word' id='word_1_311' title='bbox 1561 3953 1719 4006; x_wconf 92' lang='lat' dir='ltr'><strong>etiam</strong></span> <span class='ocrx_word' id='word_1_312' title='bbox 1765 3953 2024 4008; x_wconf 82' lang='lat' dir='ltr'><strong>Ezechias</strong></span> <span class='ocrx_word' id='word_1_313' title='bbox 2068 3965 2186 4024; x_wconf 87' lang='lat' dir='ltr'><strong>post</strong></span> 
     </span>
    </p>
   </div>
   <div class='ocr_carea' id='block_1_41' title="bbox 591 4041 2184 4115">
    <p class='ocr_par' dir='ltr' id='par_1_41' title="bbox 591 4041 2184 4115">
     <span class='ocr_line' id='line_1_41' title="bbox 591 4041 2184 4115; baseline 0.005 -22"><span class='ocrx_word' id='word_1_314' title='bbox 591 4050 853 4107; x_wconf 71' lang='lat' dir='ltr'><strong>tropaeum</strong></span> <span class='ocrx_word' id='word_1_315' title='bbox 881 4047 999 4094; x_wconf 91' lang='lat' dir='ltr'><strong>erat</strong></span> <span class='ocrx_word' id='word_1_316' title='bbox 1027 4042 1316 4108; x_wconf 88' lang='lat' dir='ltr'><strong>periturus.</strong></span> <span class='ocrx_word' id='word_1_317' title='bbox 1360 4041 1616 4109; x_wconf 88' lang='lat' dir='ltr'><strong>Quocirca</strong></span> <span class='ocrx_word' id='word_1_318' title='bbox 1660 4045 1773 4112; x_wconf 89' lang='lat' dir='ltr'><strong>ipse</strong></span> <span class='ocrx_word' id='word_1_319' title='bbox 1816 4060 2030 4115; x_wconf 90' lang='lat' dir='ltr'><strong>quoque</strong></span> <span class='ocrx_word' id='word_1_320' title='bbox 2059 4046 2184 4101; x_wconf 87' lang='lat' dir='ltr'><strong>alibi</strong></span> 
     </span>
    </p>
   </div>
   <div class='ocr_carea' id='block_1_42' title="bbox 591 4129 2180 4210">
    <p class='ocr_par' dir='ltr' id='par_1_42' title="bbox 591 4129 2180 4210">
     <span class='ocr_line' id='line_1_42' title="bbox 591 4129 2180 4210; baseline 0.006 -26"><span class='ocrx_word' id='word_1_321' title='bbox 591 4129 723 4185; x_wconf 88' lang='lat' dir='ltr'><strong>dicit</strong></span> <span class='ocrx_word' id='word_1_322' title='bbox 745 4147 758 4182; x_wconf 75' lang='grc' dir='ltr'><strong>ε</strong></span> <span class='ocrx_word' id='word_1_323' title='bbox 782 4129 983 4185; x_wconf 86' lang='lat' dir='ltr'><strong>Bonum</strong></span> <span class='ocrx_word' id='word_1_324' title='bbox 1004 4133 1146 4197; x_wconf 83' lang='lat' dir='ltr'><strong>mihi,</strong></span> <span class='ocrx_word' id='word_1_325' title='bbox 1174 4134 1310 4202; x_wconf 89' lang='lat' dir='ltr'><strong>quod</strong></span> <span class='ocrx_word' id='word_1_326' title='bbox 1336 4151 1411 4188; x_wconf 88' lang='lat' dir='ltr'><strong>me</strong></span> <span class='ocrx_word' id='word_1_327' title='bbox 1433 4136 1711 4190; x_wconf 82' lang='lat' dir='ltr'><strong>Itumiliasti</strong></span> <span class='ocrx_word' id='word_1_328' title='bbox 1733 4136 1902 4209; x_wconf 86' lang='lat' dir='ltr'><strong>(Psal.</strong></span> <span class='ocrx_word' id='word_1_329' title='bbox 1925 4139 2045 4194; x_wconf 87' lang='grc'><strong>113.</strong></span> <span class='ocrx_word' id='word_1_330' title='bbox 2070 4140 2180 4210; x_wconf 81' lang='grc'><strong>71).</strong></span> 
     </span>
    </p>
   </div>
   <div class='ocr_carea' id='block_1_43' title="bbox 594 4223 2182 4300">
    <p class='ocr_par' dir='ltr' id='par_1_43' title="bbox 594 4223 2182 4300">
     <span class='ocr_line' id='line_1_43' title="bbox 594 4223 2182 4300; baseline 0.009 -24"><span class='ocrx_word' id='word_1_331' title='bbox 594 4223 798 4290; x_wconf 63' lang='lat' dir='ltr'><strong>Quaerit</strong></span> <span class='ocrx_word' id='word_1_332' title='bbox 820 4235 996 4278; x_wconf 88' lang='lat' dir='ltr'><strong>autem</strong></span> <span class='ocrx_word' id='word_1_333' title='bbox 1023 4226 1444 4282; x_wconf 89' lang='lat' dir='ltr'><strong>misericordiam</strong></span> <span class='ocrx_word' id='word_1_334' title='bbox 1473 4230 1630 4283; x_wconf 88' lang='lat' dir='ltr'><strong>etiam</strong></span> <span class='ocrx_word' id='word_1_335' title='bbox 1655 4240 1773 4299; x_wconf 87' lang='lat' dir='ltr'><strong>post</strong></span> <span class='ocrx_word' id='word_1_336' title='bbox 1794 4233 2182 4300; x_wconf 88' lang='lat' dir='ltr'><strong>liberationem,</strong></span> 
     </span>
    </p>
   </div>
   <div class='ocr_carea' id='block_1_44' title="bbox 595 4314 2187 4394">
    <p class='ocr_par' dir='ltr' id='par_1_44' title="bbox 595 4314 2187 4394">
     <span class='ocr_line' id='line_1_44' title="bbox 595 4314 2187 4394; baseline 0.007 -25"><span class='ocrx_word' id='word_1_337' title='bbox 595 4324 652 4369; x_wconf 92' lang='lat' dir='ltr'><strong>et</strong></span> <span class='ocrx_word' id='word_1_338' title='bbox 681 4314 836 4370; x_wconf 86' lang='lat' dir='ltr'><strong>affert</strong></span> <span class='ocrx_word' id='word_1_339' title='bbox 862 4331 1077 4371; x_wconf 87' lang='lat' dir='ltr'><strong>causam</strong></span> <span class='ocrx_word' id='word_1_340' title='bbox 1107 4318 1378 4387; x_wconf 89' lang='lat' dir='ltr'><strong>petitionis</strong></span> <span class='ocrx_word' id='word_1_341' title='bbox 1404 4320 1819 4384; x_wconf 72' lang='lat' dir='ltr'><strong>misericordim,</strong></span> <span class='ocrx_word' id='word_1_342' title='bbox 1866 4326 2006 4394; x_wconf 87' lang='lat' dir='ltr'><strong>quod</strong></span> <span class='ocrx_word' id='word_1_343' title='bbox 2050 4328 2187 4382; x_wconf 88' lang='lat' dir='ltr'><strong>male</strong></span> 
     </span>
    </p>
   </div>
   <div class='ocr_carea' id='block_1_45' title="bbox 594 4406 2186 4472">
    <p class='ocr_par' dir='ltr' id='par_1_45' title="bbox 594 4406 2186 4472">
     <span class='ocr_line' id='line_1_45' title="bbox 594 4406 2186 4472; baseline 0.008 -12"><span class='ocrx_word' id='word_1_344' title='bbox 594 4408 664 4461; x_wconf 86' lang='lat' dir='ltr'><strong>sit</strong></span> <span class='ocrx_word' id='word_1_345' title='bbox 699 4407 937 4461; x_wconf 78' lang='lat' dir='ltr'><strong>affectus.</strong></span> <span class='ocrx_word' id='word_1_346' title='bbox 980 4406 1103 4462; x_wconf 82' lang='lat' dir='ltr'><strong>Vide</strong></span> <span class='ocrx_word' id='word_1_347' title='bbox 1127 4410 1269 4464; x_wconf 83' lang='lat' dir='ltr'><strong>enim</strong></span> <span class='ocrx_word' id='word_1_348' title='bbox 1301 4410 1634 4465; x_wconf 80' lang='lat' dir='ltr'><strong>humilitatem</strong></span> <span class='ocrx_word' id='word_1_349' title='bbox 1664 4431 1827 4467; x_wconf 89' lang='lat' dir='ltr'><strong>meam</strong></span> <span class='ocrx_word' id='word_1_350' title='bbox 1865 4416 1928 4469; x_wconf 91' lang='lat' dir='ltr'><strong>de</strong></span> <span class='ocrx_word' id='word_1_351' title='bbox 1964 4417 2186 4472; x_wconf 81' lang='lat' dir='ltr'><strong>inimicis</strong></span> 
     </span>
    </p>
   </div>
   <div class='ocr_carea' id='block_1_46' title="bbox 595 4492 2193 4569">
    <p class='ocr_par' dir='ltr' id='par_1_46' title="bbox 595 4492 2193 4569">
     <span class='ocr_line' id='line_1_46' title="bbox 595 4492 2193 4569; baseline 0.008 -25"><span class='ocrx_word' id='word_1_352' title='bbox 595 4492 739 4558; x_wconf 88' lang='lat' dir='ltr'><strong>meis,</strong></span> <span class='ocrx_word' id='word_1_353' title='bbox 767 4501 819 4546; x_wconf 91' lang='lat' dir='ltr'><strong>et</strong></span> <span class='ocrx_word' id='word_1_354' title='bbox 838 4492 994 4546; x_wconf 89' lang='lat' dir='ltr'><strong>aliam</strong></span> <span class='ocrx_word' id='word_1_355' title='bbox 1017 4509 1236 4548; x_wconf 88' lang='lat' dir='ltr'><strong>rursus:</strong></span> <span class='ocrx_word' id='word_1_356' title='bbox 1259 4493 1360 4562; x_wconf 84' lang='lat' dir='ltr'><strong>Qui</strong></span> <span class='ocrx_word' id='word_1_357' title='bbox 1387 4496 1580 4550; x_wconf 74' lang='lat' dir='ltr'><strong>exultas</strong></span> <span class='ocrx_word' id='word_1_358' title='bbox 1611 4515 1690 4551; x_wconf 91' lang='lat' dir='ltr'><strong>me</strong></span> <span class='ocrx_word' id='word_1_359' title='bbox 1711 4498 1775 4552; x_wconf 91' lang='lat' dir='ltr'><strong>de</strong></span> <span class='ocrx_word' id='word_1_360' title='bbox 1795 4501 1951 4569; x_wconf 89' lang='lat' dir='ltr'><strong>portis</strong></span> <span class='ocrx_word' id='word_1_361' title='bbox 1989 4503 2193 4556; x_wconf 86' lang='lat' dir='ltr'><strong>mortis.-</strong></span> 
     </span>
    </p>
   </div>
   <div class='ocr_carea' id='block_1_47' title="bbox 599 4579 2190 4662">
    <p class='ocr_par' dir='ltr' id='par_1_47' title="bbox 599 4579 2190 4662">
     <span class='ocr_line' id='line_1_47' title="bbox 599 4579 2190 4662; baseline 0.009 -29"><span class='ocrx_word' id='word_1_362' title='bbox 599 4579 680 4633; x_wconf 77' lang='lat' dir='ltr'><strong>Ad</strong></span> <span class='ocrx_word' id='word_1_363' title='bbox 710 4596 831 4634; x_wconf 91' lang='lat' dir='ltr'><strong>cum</strong></span> <span class='ocrx_word' id='word_1_364' title='bbox 860 4582 1002 4635; x_wconf 90' lang='lat' dir='ltr'><strong>enim</strong></span> <span class='ocrx_word' id='word_1_365' title='bbox 1034 4585 1120 4650; x_wconf 90' lang='lat' dir='ltr'><strong>qui</strong></span> <span class='ocrx_word' id='word_1_366' title='bbox 1153 4585 1458 4652; x_wconf 82' lang='lat' dir='ltr'><strong>auxiliatur,</strong></span> <span class='ocrx_word' id='word_1_367' title='bbox 1491 4588 1702 4657; x_wconf 89' lang='lat' dir='ltr'><strong>meique</strong></span> <span class='ocrx_word' id='word_1_368' title='bbox 1731 4605 1913 4644; x_wconf 88' lang='lat' dir='ltr'><strong>curam</strong></span> <span class='ocrx_word' id='word_1_369' title='bbox 1943 4592 2098 4662; x_wconf 78' lang='lat' dir='ltr'><strong>gerit,</strong></span> <span class='ocrx_word' id='word_1_370' title='bbox 2127 4608 2190 4648; x_wconf 90' lang='lat' dir='ltr'><strong>ac</strong></span> 
     </span>
    </p>
   </div>
   <div class='ocr_carea' id='block_1_48' title="bbox 602 4673 2187 4749">
    <p class='ocr_par' dir='ltr' id='par_1_48' title="bbox 602 4673 2187 4749">
     <span class='ocr_line' id='line_1_48' title="bbox 602 4673 2187 4749; baseline 0.01 -27"><span class='ocrx_word' id='word_1_371' title='bbox 602 4685 816 4740; x_wconf 66' lang='lat' dir='ltr'><strong>semper</strong></span> <span class='ocrx_word' id='word_1_372' title='bbox 840 4687 1026 4726; x_wconf 90' lang='lat' dir='ltr'><strong>manus</strong></span> <span class='ocrx_word' id='word_1_373' title='bbox 1059 4673 1187 4727; x_wconf 90' lang='lat' dir='ltr'><strong>mihi</strong></span> <span class='ocrx_word' id='word_1_374' title='bbox 1216 4677 1436 4744; x_wconf 75' lang='lat' dir='ltr'><strong>prtebet,</strong></span> <span class='ocrx_word' id='word_1_375' title='bbox 1469 4678 1735 4749; x_wconf 90' lang='lat' dir='ltr'><strong>confugio.</strong></span> <span class='ocrx_word' id='word_1_376' title='bbox 1767 4680 1954 4736; x_wconf 81' lang='lat' dir='ltr'><strong>Vidisti</strong></span> <span class='ocrx_word' id='word_1_377' title='bbox 1981 4699 2103 4738; x_wconf 91' lang='lat' dir='ltr'><strong>eum</strong></span> <span class='ocrx_word' id='word_1_378' title='bbox 2136 4685 2187 4738; x_wconf 90' lang='lat' dir='ltr'><strong>in</strong></span> 
     </span>
    </p>
   </div>
   <div class='ocr_carea' id='block_1_49' title="bbox 601 4761 2189 4849">
    <p class='ocr_par' dir='ltr' id='par_1_49' title="bbox 601 4761 2189 4849">
     <span class='ocr_line' id='line_1_49' title="bbox 601 4761 2189 4849; baseline 0.012 -34"><span class='ocrx_word' id='word_1_379' title='bbox 601 4761 896 4818; x_wconf 87' lang='lat' dir='ltr'><strong>futurorum</strong></span> <span class='ocrx_word' id='word_1_380' title='bbox 923 4767 1176 4834; x_wconf 85' lang='lat' dir='ltr'><strong>petitione</strong></span> <span class='ocrx_word' id='word_1_381' title='bbox 1199 4783 1295 4836; x_wconf 91' lang='lat' dir='ltr'><strong>pro</strong></span> <span class='ocrx_word' id='word_1_382' title='bbox 1315 4773 1598 4838; x_wconf 64' lang='lat' dir='ltr'><strong>praeteritis</strong></span> <span class='ocrx_word' id='word_1_383' title='bbox 1617 4775 1774 4828; x_wconf 89' lang='lat' dir='ltr'><strong>etiam</strong></span> <span class='ocrx_word' id='word_1_384' title='bbox 1793 4778 1990 4846; x_wconf 85' lang='lat' dir='ltr'><strong>gratias</strong></span> <span class='ocrx_word' id='word_1_385' title='bbox 2009 4793 2189 4849; x_wconf 86' lang='lat' dir='ltr'><strong>agere,</strong></span> 
     </span>
    </p>
   </div>
   <div class='ocr_carea' id='block_1_50' title="bbox 600 4854 2189 4936">
    <p class='ocr_par' dir='ltr' id='par_1_50' title="bbox 600 4854 2189 4936">
     <span class='ocr_line' id='line_1_50' title="bbox 600 4854 2189 4936; baseline 0.011 -29"><span class='ocrx_word' id='word_1_386' title='bbox 600 4863 655 4908; x_wconf 89' lang='lat' dir='ltr'><strong>et</strong></span> <span class='ocrx_word' id='word_1_387' title='bbox 699 4854 892 4923; x_wconf 82' lang='lat' dir='ltr'><strong>duplex</strong></span> <span class='ocrx_word' id='word_1_388' title='bbox 921 4856 1102 4913; x_wconf 89' lang='lat' dir='ltr'><strong>dicere</strong></span> <span class='ocrx_word' id='word_1_389' title='bbox 1143 4859 1500 4916; x_wconf 90' lang='lat' dir='ltr'><strong>beneficium?</strong></span> <span class='ocrx_word' id='word_1_390' title='bbox 1539 4864 1653 4918; x_wconf 87' lang='lat' dir='ltr'><strong>Non</strong></span> <span class='ocrx_word' id='word_1_391' title='bbox 1703 4867 1845 4921; x_wconf 88' lang='lat' dir='ltr'><strong>enim</strong></span> <span class='ocrx_word' id='word_1_392' title='bbox 1885 4868 2044 4936; x_wconf 83' lang='lat' dir='ltr'><strong>dixit,</strong></span> <span class='ocrx_word' id='word_1_393' title='bbox 2089 4872 2189 4936; x_wconf 89' lang='lat' dir='ltr'><strong>Qui</strong></span> 
     </span>
    </p>
   </div>
   <div class='ocr_carea' id='block_1_51' title="bbox 602 4946 2189 5020">
    <p class='ocr_par' dir='ltr' id='par_1_51' title="bbox 602 4946 2189 5020">
     <span class='ocr_line' id='line_1_51' title="bbox 602 4946 2189 5020; baseline 0.01 -20"><span class='ocrx_word' id='word_1_394' title='bbox 602 4946 796 5001; x_wconf 91' lang='lat' dir='ltr'><strong>liberas</strong></span> <span class='ocrx_word' id='word_1_395' title='bbox 826 4964 911 5002; x_wconf 92' lang='lat' dir='ltr'><strong>me</strong></span> <span class='ocrx_word' id='word_1_396' title='bbox 939 4948 1006 5002; x_wconf 94' lang='lat' dir='ltr'><strong>de</strong></span> <span class='ocrx_word' id='word_1_397' title='bbox 1035 4955 1200 5018; x_wconf 88' lang='lat' dir='ltr'><strong>portis</strong></span> <span class='ocrx_word' id='word_1_398' title='bbox 1219 4953 1426 5019; x_wconf 89' lang='lat' dir='ltr'><strong>mortis,</strong></span> <span class='ocrx_word' id='word_1_399' title='bbox 1459 4955 1573 5020; x_wconf 90' lang='lat' dir='ltr'><strong>sed,</strong></span> <span class='ocrx_word' id='word_1_400' title='bbox 1599 4955 1701 5020; x_wconf 81' lang='lat' dir='ltr'><strong>Qui</strong></span> <span class='ocrx_word' id='word_1_401' title='bbox 1726 4959 1923 5014; x_wconf 66' lang='lat' dir='ltr'><strong>exaltas</strong></span> <span class='ocrx_word' id='word_1_402' title='bbox 1951 4978 2048 5014; x_wconf 87' lang='lat' dir='ltr'><strong>me.</strong></span> <span class='ocrx_word' id='word_1_403' title='bbox 2073 4961 2189 5016; x_wconf 85' lang='lat' dir='ltr'><strong>Non</strong></span> 
     </span>
    </p>
   </div>
   <div class='ocr_carea' id='block_1_52' title="bbox 601 5036 2190 5107">
    <p class='ocr_par' dir='ltr' id='par_1_52' title="bbox 601 5036 2190 5107">
     <span class='ocr_line' id='line_1_52' title="bbox 601 5036 2190 5107; baseline 0.011 -17"><span class='ocrx_word' id='word_1_404' title='bbox 601 5036 744 5092; x_wconf 91' lang='lat' dir='ltr'><strong>enim</strong></span> <span class='ocrx_word' id='word_1_405' title='bbox 778 5038 827 5092; x_wconf 93' lang='lat' dir='ltr'><strong>in</strong></span> <span class='ocrx_word' id='word_1_406' title='bbox 857 5053 1044 5093; x_wconf 90' lang='lat' dir='ltr'><strong>eorum</strong></span> <span class='ocrx_word' id='word_1_407' title='bbox 1085 5041 1240 5094; x_wconf 89' lang='lat' dir='ltr'><strong>malis</strong></span> <span class='ocrx_word' id='word_1_408' title='bbox 1285 5050 1488 5096; x_wconf 91' lang='lat' dir='ltr'><strong>tantum</strong></span> <span class='ocrx_word' id='word_1_409' title='bbox 1529 5046 1799 5102; x_wconf 88' lang='lat' dir='ltr'><strong>solvendis</strong></span> <span class='ocrx_word' id='word_1_410' title='bbox 1841 5051 2074 5105; x_wconf 89' lang='lat' dir='ltr'><strong>substitit</strong></span> <span class='ocrx_word' id='word_1_411' title='bbox 2101 5053 2190 5107; x_wconf 90' lang='lat' dir='ltr'><strong>Dei</strong></span> 
     </span>
    </p>
   </div>
   <div class='ocr_carea' id='block_1_53' title="bbox 601 5128 2189 5213">
    <p class='ocr_par' dir='ltr' id='par_1_53' title="bbox 601 5128 2189 5213">
     <span class='ocr_line' id='line_1_53' title="bbox 601 5128 2189 5213; baseline 0.008 -28"><span class='ocrx_word' id='word_1_412' title='bbox 601 5128 914 5185; x_wconf 77' lang='lat' dir='ltr'><strong>beneficium</strong></span> <span class='ocrx_word' id='word_1_413' title='bbox 939 5131 1064 5186; x_wconf 87' lang='lat' dir='ltr'><strong>:sed</strong></span> <span class='ocrx_word' id='word_1_414' title='bbox 1092 5131 1215 5186; x_wconf 91' lang='lat' dir='ltr'><strong>fecit</strong></span> <span class='ocrx_word' id='word_1_415' title='bbox 1239 5148 1331 5187; x_wconf 91' lang='lat' dir='ltr'><strong>eos</strong></span> <span class='ocrx_word' id='word_1_416' title='bbox 1359 5135 1518 5190; x_wconf 89' lang='lat' dir='ltr'><strong>etiam</strong></span> <span class='ocrx_word' id='word_1_417' title='bbox 1544 5137 1906 5201; x_wconf 82' lang='lat' dir='ltr'><strong>admirabiles,</strong></span> <span class='ocrx_word' id='word_1_418' title='bbox 1935 5141 2189 5213; x_wconf 82' lang='lat' dir='ltr'><strong>insignes,</strong></span> 
     </span>
    </p>
   </div>
   <div class='ocr_carea' id='block_1_54' title="bbox 602 5225 2190 5307">
    <p class='ocr_par' dir='ltr' id='par_1_54' title="bbox 602 5225 2190 5307">
     <span class='ocr_line' id='line_1_54' title="bbox 602 5225 2190 5307; baseline 0.008 -28"><span class='ocrx_word' id='word_1_419' title='bbox 602 5233 656 5279; x_wconf 89' lang='lat' dir='ltr'><strong>et</strong></span> <span class='ocrx_word' id='word_1_420' title='bbox 677 5226 950 5280; x_wconf 89' lang='lat' dir='ltr'><strong>clariores.</strong></span> <span class='ocrx_word' id='word_1_421' title='bbox 973 5225 1087 5280; x_wconf 89' lang='lat' dir='ltr'><strong>Non</strong></span> <span class='ocrx_word' id='word_1_422' title='bbox 1110 5226 1240 5281; x_wconf 86' lang='lat' dir='ltr'><strong>dixit</strong></span> <span class='ocrx_word' id='word_1_423' title='bbox 1259 5237 1458 5294; x_wconf 86' lang='lat' dir='ltr'><strong>autem,</strong></span> <span class='ocrx_word' id='word_1_424' title='bbox 1481 5230 1559 5284; x_wconf 85' lang='lat' dir='ltr'><strong>Ex</strong></span> <span class='ocrx_word' id='word_1_425' title='bbox 1587 5242 1756 5301; x_wconf 89' lang='lat' dir='ltr'><strong>porta,</strong></span> <span class='ocrx_word' id='word_1_426' title='bbox 1775 5235 1889 5297; x_wconf 88' lang='lat' dir='ltr'><strong>sed,</strong></span> <span class='ocrx_word' id='word_1_427' title='bbox 1911 5234 1993 5290; x_wconf 82' lang='lat' dir='ltr'><strong>Ea:</strong></span> <span class='ocrx_word' id='word_1_428' title='bbox 2010 5238 2190 5307; x_wconf 81' lang='lat' dir='ltr'><strong>portis,</strong></span> 
     </span>
    </p>
   </div>
   <div class='ocr_carea' id='block_1_55' title="bbox 664 5425 2192 5496">
    <p class='ocr_par' dir='ltr' id='par_1_55' title="bbox 664 5425 2192 5496">
     <span class='ocr_line' id='line_1_55' title="bbox 664 5425 2192 5496; baseline 0.004 -10"><span class='ocrx_word' id='word_1_429' title='bbox 664 5425 737 5496; x_wconf 82' lang='grc' dir='ltr'><strong>(α)</strong></span> <span class='ocrx_word' id='word_1_430' title='bbox 753 5432 822 5496; x_wconf 34' lang='lat' dir='ltr'><strong>ﬂ&quot;!</strong></span> <span class='ocrx_word' id='word_1_431' title='bbox 844 5433 1034 5496; x_wconf 58' lang='grc' dir='ltr'><strong>οτωοον,</strong></span> <span class='ocrx_word' id='word_1_432' title='bbox 1057 5441 1145 5491; x_wconf 69' lang='grc' dir='ltr'><strong>πρὸς</strong></span> <span class='ocrx_word' id='word_1_433' title='bbox 1179 5442 1443 5496; x_wconf 50' lang='lat' dir='ltr'><strong>multum-</strong></span> <span class='ocrx_word' id='word_1_434' title='bbox 1461 5432 1612 5496; x_wconf 61' lang='grc' dir='ltr'><strong>Ρίὲπο.</strong></span> <span class='ocrx_word' id='word_1_435' title='bbox 1645 5440 1739 5476; x_wconf 64' lang='lat' dir='ltr'><strong>vox</strong></span> <span class='ocrx_word' id='word_1_436' title='bbox 1758 5435 1938 5496; x_wconf 49' lang='lat' dir='ltr'><strong>erasa.</strong></span> <span class='ocrx_word' id='word_1_437' title='bbox 1963 5445 2192 5496; x_wconf 54' lang='grc' dir='ltr'><strong>μαρνέψδκει,</strong></span> 
     </span>
    </p>
   </div>
   <div class='ocr_carea' id='block_1_56' title="bbox 605 5490 2194 5560">
    <p class='ocr_par' dir='ltr' id='par_1_56' title="bbox 605 5490 2194 5560">
     <span class='ocr_line' id='line_1_56' title="bbox 605 5490 2194 5560; baseline 0.009 -30"><span class='ocrx_word' id='word_1_438' title='bbox 605 5490 730 5560; x_wconf 57' lang='lat' dir='ltr'><strong>apud</strong></span> <span class='ocrx_word' id='word_1_439' title='bbox 753 5493 916 5560; x_wconf 80' lang='lat' dir='ltr'><strong>Patres</strong></span> <span class='ocrx_word' id='word_1_440' title='bbox 945 5490 1307 5560; x_wconf 63' lang='lat' dir='ltr'><strong>scriptores-que</strong></span> <span class='ocrx_word' id='word_1_441' title='bbox 1330 5490 1707 5560; x_wconf 37' lang='lat' dir='ltr'><strong>:ecclesiasticos.</strong></span> <span class='ocrx_word' id='word_1_442' title='bbox 1731 5490 1982 5560; x_wconf 29' lang='lat' dir='ltr'><strong>significat.</strong></span> <span class='ocrx_word' id='word_1_443' title='bbox 2025 5490 2194 5560; x_wconf 53' lang='lat' dir='ltr'><strong>simul;</strong></span> 
     </span>
    </p>
   </div>
   <div class='ocr_carea' id='block_1_57' title="bbox 603 5547 2196 5614">
    <p class='ocr_par' dir='ltr' id='par_1_57' title="bbox 603 5547 2196 5614">
     <span class='ocr_line' id='line_1_57' title="bbox 603 5547 2196 5614; baseline 0.008 -22"><span class='ocrx_word' id='word_1_444' title='bbox 603 5551 764 5614; x_wconf 71' lang='lat' dir='ltr'><strong>tatem,</strong></span> <span class='ocrx_word' id='word_1_445' title='bbox 784 5547 1152 5614; x_wconf 63' lang='lat' dir='ltr'><strong>contentionem,</strong></span> <span class='ocrx_word' id='word_1_446' title='bbox 1187 5547 1480 5614; x_wconf 77' lang='lat' dir='ltr'><strong>dissidium;</strong></span> <span class='ocrx_word' id='word_1_447' title='bbox 1521 5553 1613 5614; x_wconf 80' lang='lat' dir='ltr'><strong>etsi</strong></span> <span class='ocrx_word' id='word_1_448' title='bbox 1639 5547 1801 5612; x_wconf 57' lang='lat' dir='ltr'><strong>prima&#39;</strong></span> <span class='ocrx_word' id='word_1_449' title='bbox 1825 5552 1956 5603; x_wconf 89' lang='lat' dir='ltr'><strong>illius</strong></span> <span class='ocrx_word' id='word_1_450' title='bbox 1978 5553 2111 5604; x_wconf 79' lang='lat' dir='ltr'><strong>vocis</strong></span> <span class='ocrx_word' id='word_1_451' title='bbox 2132 5559 2196 5605; x_wconf 90' lang='lat' dir='ltr'><strong>si-</strong></span> 
     </span>
    </p>
   </div>
   <div class='ocr_carea' id='block_1_58' title="bbox 606 5605 2197 5678">
    <p class='ocr_par' dir='ltr' id='par_1_58' title="bbox 606 5605 2197 5678">
     <span class='ocr_line' id='line_1_58' title="bbox 606 5605 2197 5678; baseline 0.01 -27"><span class='ocrx_word' id='word_1_452' title='bbox 606 5605 849 5678; x_wconf 66' lang='lat' dir='ltr'><strong>gniﬁcatio</strong></span> <span class='ocrx_word' id='word_1_453' title='bbox 871 5610 949 5678; x_wconf 71' lang='lat' dir='ltr'><strong>sit.</strong></span> <span class='ocrx_word' id='word_1_454' title='bbox 975 5605 1188 5678; x_wconf 62' lang='lat' dir='ltr'><strong>dejectio</strong></span> <span class='ocrx_word' id='word_1_455' title='bbox 1210 5618 1254 5661; x_wconf 90' lang='lat' dir='ltr'><strong>et</strong></span> <span class='ocrx_word' id='word_1_456' title='bbox 1275 5605 1477 5674; x_wconf 71' lang='lat' dir='ltr'><strong>prwillns</strong></span> <span class='ocrx_word' id='word_1_457' title='bbox 1496 5605 1701 5678; x_wconf 77' lang='lat' dir='ltr'><strong>animus.</strong></span> <span class='ocrx_word' id='word_1_458' title='bbox 1730 5616 1845 5678; x_wconf 49' lang='lat' dir='ltr'><strong>vide</strong></span> <span class='ocrx_word' id='word_1_459' title='bbox 1868 5630 1978 5678; x_wconf 54' lang='lat' dir='ltr'><strong>quae</strong></span> <span class='ocrx_word' id='word_1_460' title='bbox 2003 5618 2048 5665; x_wconf 92' lang='lat' dir='ltr'><strong>in</strong></span> <span class='ocrx_word' id='word_1_461' title='bbox 2073 5617 2197 5667; x_wconf 84' lang='lat' dir='ltr'><strong>hanc</strong></span> 
     </span>
    </p>
   </div>
   <div class='ocr_carea' id='block_1_59' title="bbox 607 5667 2195 5739">
    <p class='ocr_par' dir='ltr' id='par_1_59' title="bbox 607 5667 2195 5739">
     <span class='ocr_line' id='line_1_59' title="bbox 607 5667 2195 5739; baseline 0.009 -26"><span class='ocrx_word' id='word_1_462' title='bbox 607 5679 780 5739; x_wconf 67' lang='lat' dir='ltr'><strong>vocem</strong></span> <span class='ocrx_word' id='word_1_463' title='bbox 802 5667 1013 5739; x_wconf 77' lang='lat' dir='ltr'><strong>diximus</strong></span> <span class='ocrx_word' id='word_1_464' title='bbox 1028 5667 1086 5717; x_wconf 79' lang='lat' dir='ltr'><strong>in</strong></span> <span class='ocrx_word' id='word_1_465' title='bbox 1125 5667 1425 5739; x_wconf 74' lang='lat' dir='ltr'><strong>Quomasticu</strong></span> <span class='ocrx_word' id='word_1_466' title='bbox 1447 5677 1504 5724; x_wconf 92' lang='lat' dir='ltr'><strong>ad</strong></span> <span class='ocrx_word' id='word_1_467' title='bbox 1531 5675 1768 5739; x_wconf 75' lang='lat' dir='ltr'><strong>Athanasii</strong></span> <span class='ocrx_word' id='word_1_468' title='bbox 1791 5667 1964 5739; x_wconf 66' lang='lat' dir='ltr'><strong>Opera.</strong></span> <span class='ocrx_word' id='word_1_469' title='bbox 1990 5685 2085 5727; x_wconf 86' lang='lat' dir='ltr'><strong>Hoc</strong></span> <span class='ocrx_word' id='word_1_470' title='bbox 2108 5692 2195 5728; x_wconf 89' lang='lat' dir='ltr'><strong>au-</strong></span> 
     </span>
    </p>
   </div>
   <div class='ocr_carea' id='block_1_60' title="bbox 608 5725 2192 5802">
    <p class='ocr_par' dir='ltr' id='par_1_60' title="bbox 608 5725 2192 5802">
     <span class='ocr_line' id='line_1_60' title="bbox 608 5725 2192 5802; baseline 0.011 -28"><span class='ocrx_word' id='word_1_471' title='bbox 608 5725 1114 5802; x_wconf 38' lang='lat' dir='ltr'><strong>teJmuloco&#39;utrumque</strong></span> <span class='ocrx_word' id='word_1_472' title='bbox 1140 5733 1503 5802; x_wconf 81' lang='lat' dir='ltr'><strong>intelligiposse</strong></span> <span class='ocrx_word' id='word_1_473' title='bbox 1529 5737 1735 5795; x_wconf 84' lang='lat' dir='ltr'><strong>videtur,</strong></span> <span class='ocrx_word' id='word_1_474' title='bbox 1752 5725 2097 5802; x_wconf 54' lang='lat' dir='ltr'><strong>et,&#39;ttlijet‘tttm,</strong></span> <span class='ocrx_word' id='word_1_475' title='bbox 2112 5725 2192 5802; x_wconf 58' lang='lat' dir='ltr'><strong>Et,</strong></span> 
     </span>
    </p>
   </div>
   <div class='ocr_carea' id='block_1_61' title="bbox 611 5783 1503 5854">
    <p class='ocr_par' dir='ltr' id='par_1_61' title="bbox 611 5783 1503 5854">
     <span class='ocr_line' id='line_1_61' title="bbox 611 5783 1503 5854; baseline 0.015 -22"><span class='ocrx_word' id='word_1_476' title='bbox 611 5785 676 5832; x_wconf 75' lang='lat' dir='ltr'><strong>ad</strong></span> <span class='ocrx_word' id='word_1_477' title='bbox 703 5783 1252 5854; x_wconf 64' lang='lat' dir='ltr'><strong>rebellantium&#39;pronum</strong></span> <span class='ocrx_word' id='word_1_478' title='bbox 1276 5783 1503 5847; x_wconf 48' lang='lat' dir='ltr'><strong>{Bitiam};</strong></span> 
     </span>
    </p>
   </div>
   <div class='ocr_carea' id='block_1_62' title="bbox 1282 329 3852 397">
    <p class='ocr_par' dir='ltr' id='par_1_62' title="bbox 1282 329 3852 397">
     <span class='ocr_line' id='line_1_62' title="bbox 1282 329 3852 397; baseline -0.003 -6"><span class='ocrx_word' id='word_1_479' title='bbox 1282 333 1338 391; x_wconf 90' lang='lat' dir='ltr'><strong>S.</strong></span> <span class='ocrx_word' id='word_1_480' title='bbox 1377 331 1654 390; x_wconf 79' lang='lat' dir='ltr'><strong>JOANNIS</strong></span> <span class='ocrx_word' id='word_1_481' title='bbox 1689 329 2170 389; x_wconf 77' lang='lat' dir='ltr'><strong>CllRYSOSTOMl</strong></span> <span class='ocrx_word' id='word_1_482' title='bbox 2209 329 2528 388; x_wconf 76' lang='lat' dir='ltr'><strong>ARCIIIEP.</strong></span> <span class='ocrx_word' id='word_1_483' title='bbox 2567 329 3100 390; x_wconf 78' lang='lat' dir='ltr'><strong>CONSTANTINOP.</strong></span> <span class='ocrx_word' id='word_1_484' title='bbox 3760 342 3852 397; x_wconf 56' lang='grc' dir='ltr'><strong>ιω</strong></span> 
     </span>
    </p>
   </div>
   <div class='ocr_carea' id='block_1_63' title="bbox 2277 443 3849 517">
    <p class='ocr_par' dir='ltr' id='par_1_63' title="bbox 2277 443 3849 517">
     <span class='ocr_line' id='line_1_63' title="bbox 2277 443 3849 517; baseline 0.015 -22"><span class='ocrx_word' id='word_1_485' title='bbox 2277 443 2440 496; x_wconf 90' lang='lat' dir='ltr'><strong>multa</strong></span> <span class='ocrx_word' id='word_1_486' title='bbox 2486 445 2720 514; x_wconf 88' lang='lat' dir='ltr'><strong>pericula</strong></span> <span class='ocrx_word' id='word_1_487' title='bbox 2763 446 3090 516; x_wconf 82' lang='lat' dir='ltr'><strong>signiﬁcans.</strong></span> <span class='ocrx_word' id='word_1_488' title='bbox 3127 449 3196 506; x_wconf 88' lang='lat' dir='ltr'><strong>Ut</strong></span> <span class='ocrx_word' id='word_1_489' title='bbox 3232 455 3526 510; x_wconf 80' lang='lat' dir='ltr'><strong>aununtiem</strong></span> <span class='ocrx_word' id='word_1_490' title='bbox 3549 472 3718 516; x_wconf 85' lang='lat' dir='ltr'><strong>omnes</strong></span> <span class='ocrx_word' id='word_1_491' title='bbox 3745 465 3849 517; x_wconf 82' lang='lat' dir='ltr'><strong>lau-</strong></span> 
     </span>
    </p>
   </div>
   <div class='ocr_carea' id='block_1_64' title="bbox 2277 538 3854 622">
    <p class='ocr_par' dir='ltr' id='par_1_64' title="bbox 2277 538 3854 622">
     <span class='ocr_line' id='line_1_64' title="bbox 2277 538 3854 622; baseline 0.018 -31"><span class='ocrx_word' id='word_1_492' title='bbox 2277 538 2504 593; x_wconf 86' lang='lat' dir='ltr'><strong>dationes</strong></span> <span class='ocrx_word' id='word_1_493' title='bbox 2545 549 2656 595; x_wconf 88' lang='lat' dir='ltr'><strong>tuas</strong></span> <span class='ocrx_word' id='word_1_494' title='bbox 2698 543 2749 596; x_wconf 86' lang='lat' dir='ltr'><strong>in</strong></span> <span class='ocrx_word' id='word_1_495' title='bbox 2779 545 2939 613; x_wconf 86' lang='lat' dir='ltr'><strong>portis</strong></span> <span class='ocrx_word' id='word_1_496' title='bbox 2979 547 3106 614; x_wconf 70' lang='lat' dir='ltr'><strong>ﬁliae</strong></span> <span class='ocrx_word' id='word_1_497' title='bbox 3151 549 3299 604; x_wconf 87' lang='lat' dir='ltr'><strong>Sion.</strong></span> <span class='ocrx_word' id='word_1_498' title='bbox 3346 552 3498 622; x_wconf 92' lang='lat' dir='ltr'><strong>Quod</strong></span> <span class='ocrx_word' id='word_1_499' title='bbox 3541 559 3710 615; x_wconf 86' lang='lat' dir='ltr'><strong>suasit</strong></span> <span class='ocrx_word' id='word_1_500' title='bbox 3743 564 3854 619; x_wconf 88' lang='lat' dir='ltr'><strong>aliis</strong></span> 
     </span>
    </p>
   </div>
   <div class='ocr_carea' id='block_1_65' title="bbox 2278 630 3854 728">
    <p class='ocr_par' dir='ltr' id='par_1_65' title="bbox 2278 630 3854 728">
     <span class='ocr_line' id='line_1_65' title="bbox 2278 630 3854 728; baseline 0.02 -47"><span class='ocrx_word' id='word_1_501' title='bbox 2278 630 2473 696; x_wconf 88' lang='lat' dir='ltr'><strong>facere,</strong></span> <span class='ocrx_word' id='word_1_502' title='bbox 2500 632 2613 701; x_wconf 92' lang='lat' dir='ltr'><strong>ipse</strong></span> <span class='ocrx_word' id='word_1_503' title='bbox 2631 632 2756 689; x_wconf 89' lang='lat' dir='ltr'><strong>facit</strong></span> <span class='ocrx_word' id='word_1_504' title='bbox 2777 653 2792 691; x_wconf 76' lang='grc' dir='ltr'>ε</span> <span class='ocrx_word' id='word_1_505' title='bbox 2817 637 3130 695; x_wconf 78' lang='lat' dir='ltr'><strong>Annuutiate</strong></span> <span class='ocrx_word' id='word_1_506' title='bbox 3148 643 3310 708; x_wconf 91' lang='lat' dir='ltr'><strong>enim,</strong></span> <span class='ocrx_word' id='word_1_507' title='bbox 3336 646 3522 718; x_wconf 90' lang='lat' dir='ltr'><strong>inquit,</strong></span> <span class='ocrx_word' id='word_1_508' title='bbox 3545 651 3676 707; x_wconf 84' lang='lat' dir='ltr'><strong>inter</strong></span> <span class='ocrx_word' id='word_1_509' title='bbox 3696 669 3854 728; x_wconf 80' lang='lat' dir='ltr'><strong>gentes</strong></span> 
     </span>
    </p>
   </div>
   <div class='ocr_carea' id='block_1_66' title="bbox 2277 722 3856 808">
    <p class='ocr_par' dir='ltr' id='par_1_66' title="bbox 2277 722 3856 808">
     <span class='ocr_line' id='line_1_66' title="bbox 2277 722 3856 808; baseline 0.018 -33"><span class='ocrx_word' id='word_1_510' title='bbox 2277 722 2446 775; x_wconf 87' lang='lat' dir='ltr'><strong>studia</strong></span> <span class='ocrx_word' id='word_1_511' title='bbox 2473 725 2600 793; x_wconf 90' lang='lat' dir='ltr'><strong>ejus.</strong></span> <span class='ocrx_word' id='word_1_512' title='bbox 2631 724 2745 780; x_wconf 89' lang='lat' dir='ltr'><strong>Hoc</strong></span> <span class='ocrx_word' id='word_1_513' title='bbox 2772 742 2872 797; x_wconf 89' lang='lat' dir='ltr'><strong>ego</strong></span> <span class='ocrx_word' id='word_1_514' title='bbox 2897 745 3109 801; x_wconf 90' lang='lat' dir='ltr'><strong>quoque</strong></span> <span class='ocrx_word' id='word_1_515' title='bbox 3139 751 3278 791; x_wconf 92' lang='lat' dir='ltr'><strong>nunc</strong></span> <span class='ocrx_word' id='word_1_516' title='bbox 3305 737 3493 794; x_wconf 83' lang='lat' dir='ltr'><strong>faciam</strong></span> <span class='ocrx_word' id='word_1_517' title='bbox 3514 783 3529 808; x_wconf 93' lang='lat'><strong>,</strong></span> <span class='ocrx_word' id='word_1_518' title='bbox 3557 752 3612 798; x_wconf 89' lang='lat' dir='ltr'><strong>et</strong></span> <span class='ocrx_word' id='word_1_519' title='bbox 3641 722 3744 802; x_wconf 68' lang='lat' dir='ltr'><strong>non</strong></span> <span class='ocrx_word' id='word_1_520' title='bbox 3773 763 3856 804; x_wconf 87' lang='lat' dir='ltr'><strong>so-</strong></span> 
     </span>
    </p>
   </div>
   <div class='ocr_carea' id='block_1_67' title="bbox 2279 813 3859 900">
    <p class='ocr_par' dir='ltr' id='par_1_67' title="bbox 2279 813 3859 900">
     <span class='ocr_line' id='line_1_67' title="bbox 2279 813 3859 900; baseline 0.019 -33"><span class='ocrx_word' id='word_1_521' title='bbox 2279 813 2554 870; x_wconf 89' lang='lat' dir='ltr'><strong>lummodo</strong></span> <span class='ocrx_word' id='word_1_522' title='bbox 2587 816 2775 873; x_wconf 86' lang='lat' dir='ltr'><strong>faciam</strong></span> <span class='ocrx_word' id='word_1_523' title='bbox 2816 836 2923 876; x_wconf 91' lang='lat' dir='ltr'><strong>uno</strong></span> <span class='ocrx_word' id='word_1_524' title='bbox 2957 835 3238 892; x_wconf 73' lang='lat' dir='ltr'><strong>prtesente,</strong></span> <span class='ocrx_word' id='word_1_525' title='bbox 3275 831 3358 884; x_wconf 87' lang='lat' dir='ltr'><strong>vel</strong></span> <span class='ocrx_word' id='word_1_526' title='bbox 3406 830 3632 900; x_wconf 81' lang='lat' dir='ltr'><strong>duobus,</strong></span> <span class='ocrx_word' id='word_1_527' title='bbox 3660 840 3743 894; x_wconf 85' lang='lat' dir='ltr'><strong>vel</strong></span> <span class='ocrx_word' id='word_1_528' title='bbox 3774 844 3859 896; x_wconf 85' lang='lat' dir='ltr'><strong>tri-</strong></span> 
     </span>
    </p>
   </div>
   <div class='ocr_carea' id='block_1_68' title="bbox 2279 906 3858 988">
    <p class='ocr_par' dir='ltr' id='par_1_68' title="bbox 2279 906 3858 988">
     <span class='ocr_line' id='line_1_68' title="bbox 2279 906 3858 988; baseline 0.017 -27"><span class='ocrx_word' id='word_1_529' title='bbox 2279 906 2400 973; x_wconf 88' lang='lat' dir='ltr'><strong>bus,</strong></span> <span class='ocrx_word' id='word_1_530' title='bbox 2443 908 2536 962; x_wconf 90' lang='lat' dir='ltr'><strong>sed</strong></span> <span class='ocrx_word' id='word_1_531' title='bbox 2579 910 2630 964; x_wconf 92' lang='lat' dir='ltr'><strong>in</strong></span> <span class='ocrx_word' id='word_1_532' title='bbox 2662 912 2842 968; x_wconf 89' lang='lat' dir='ltr'><strong>medio</strong></span> <span class='ocrx_word' id='word_1_533' title='bbox 2883 914 3111 972; x_wconf 89' lang='lat' dir='ltr'><strong>theatro.</strong></span> <span class='ocrx_word' id='word_1_534' title='bbox 3145 919 3232 974; x_wconf 87' lang='grc'><strong>16.</strong></span> <span class='ocrx_word' id='word_1_535' title='bbox 3265 920 3546 980; x_wconf 67' lang='grc' dir='ltr'><strong>Επειιιιαὺο</strong></span> <span class='ocrx_word' id='word_1_536' title='bbox 3573 929 3627 982; x_wconf 85' lang='lat' dir='ltr'><strong>in</strong></span> <span class='ocrx_word' id='word_1_537' title='bbox 3655 934 3858 988; x_wconf 86' lang='lat' dir='ltr'><strong>salutari</strong></span> 
     </span>
    </p>
   </div>
   <div class='ocr_carea' id='block_1_69' title="bbox 2278 1000 3858 1092">
    <p class='ocr_par' dir='ltr' id='par_1_69' title="bbox 2278 1000 3858 1092">
     <span class='ocr_line' id='line_1_69' title="bbox 2278 1000 3858 1092; baseline 0.019 -42"><span class='ocrx_word' id='word_1_538' title='bbox 2278 1007 2384 1053; x_wconf 86' lang='lat' dir='ltr'><strong>tuo.</strong></span> <span class='ocrx_word' id='word_1_539' title='bbox 2420 1000 2531 1057; x_wconf 92' lang='lat' dir='ltr'><strong>lloc</strong></span> <span class='ocrx_word' id='word_1_540' title='bbox 2573 1013 2656 1058; x_wconf 88' lang='lat' dir='ltr'><strong>est</strong></span> <span class='ocrx_word' id='word_1_541' title='bbox 2702 1005 2830 1060; x_wconf 91' lang='lat' dir='ltr'><strong>mibi</strong></span> <span class='ocrx_word' id='word_1_542' title='bbox 2857 1023 3088 1074; x_wconf 90' lang='lat' dir='ltr'><strong>corona,</strong></span> <span class='ocrx_word' id='word_1_543' title='bbox 3122 1010 3222 1065; x_wconf 90' lang='lat' dir='ltr'><strong>hoc</strong></span> <span class='ocrx_word' id='word_1_544' title='bbox 3265 1013 3542 1084; x_wconf 88' lang='lat' dir='ltr'><strong>diadema,</strong></span> <span class='ocrx_word' id='word_1_545' title='bbox 3572 1033 3787 1092; x_wconf 85' lang='lat' dir='ltr'><strong>propter</strong></span> <span class='ocrx_word' id='word_1_546' title='bbox 3813 1036 3858 1080; x_wconf 87' lang='lat' dir='ltr'><strong>te</strong></span> 
     </span>
    </p>
   </div>
   <div class='ocr_carea' id='block_1_70' title="bbox 2280 1096 3854 1182">
    <p class='ocr_par' dir='ltr' id='par_1_70' title="bbox 2280 1096 3854 1182">
     <span class='ocr_line' id='line_1_70' title="bbox 2280 1096 3854 1182; baseline 0.018 -39"><span class='ocrx_word' id='word_1_547' title='bbox 2280 1099 2536 1160; x_wconf 73' lang='lat' dir='ltr'><strong>tropteum</strong></span> <span class='ocrx_word' id='word_1_548' title='bbox 2579 1096 2808 1166; x_wconf 86' lang='lat' dir='ltr'><strong>erigere,</strong></span> <span class='ocrx_word' id='word_1_549' title='bbox 2861 1111 3080 1170; x_wconf 89' lang='lat' dir='ltr'><strong>propter</strong></span> <span class='ocrx_word' id='word_1_550' title='bbox 3125 1113 3177 1159; x_wconf 93' lang='lat' dir='ltr'><strong>te</strong></span> <span class='ocrx_word' id='word_1_551' title='bbox 3218 1106 3445 1163; x_wconf 88' lang='lat' dir='ltr'><strong>salutem</strong></span> <span class='ocrx_word' id='word_1_552' title='bbox 3497 1111 3740 1182; x_wconf 85' lang='lat' dir='ltr'><strong>adipisci.</strong></span> <span class='ocrx_word' id='word_1_553' title='bbox 3789 1117 3854 1172; x_wconf 90' lang='lat' dir='ltr'><strong>lta</strong></span> 
     </span>
    </p>
   </div>
   <div class='ocr_carea' id='block_1_71' title="bbox 2278 1182 3854 1269">
    <p class='ocr_par' dir='ltr' id='par_1_71' title="bbox 2278 1182 3854 1269">
     <span class='ocr_line' id='line_1_71' title="bbox 2278 1182 3854 1269; baseline 0.016 -33"><span class='ocrx_word' id='word_1_554' title='bbox 2278 1182 2440 1236; x_wconf 88' lang='lat' dir='ltr'><strong>etiam</strong></span> <span class='ocrx_word' id='word_1_555' title='bbox 2486 1199 2584 1240; x_wconf 91' lang='lat' dir='ltr'><strong>nos</strong></span> <span class='ocrx_word' id='word_1_556' title='bbox 2626 1201 2839 1258; x_wconf 91' lang='lat' dir='ltr'><strong>quoque</strong></span> <span class='ocrx_word' id='word_1_557' title='bbox 2878 1206 3180 1260; x_wconf 64' lang='lat' dir='ltr'><strong>quaeramus</strong></span> <span class='ocrx_word' id='word_1_558' title='bbox 3212 1212 3319 1251; x_wconf 91' lang='lat' dir='ltr'><strong>non</strong></span> <span class='ocrx_word' id='word_1_559' title='bbox 3360 1202 3580 1256; x_wconf 90' lang='lat' dir='ltr'><strong>omnino</strong></span> <span class='ocrx_word' id='word_1_560' title='bbox 3623 1209 3854 1269; x_wconf 84' lang='lat' dir='ltr'><strong>servari.</strong></span> 
     </span>
    </p>
   </div>
   <div class='ocr_carea' id='block_1_72' title="bbox 2279 1279 3853 1355">
    <p class='ocr_par' dir='ltr' id='par_1_72' title="bbox 2279 1279 3853 1355">
     <span class='ocr_line' id='line_1_72' title="bbox 2279 1279 3853 1355; baseline 0.018 -28"><span class='ocrx_word' id='word_1_561' title='bbox 2279 1289 2384 1328; x_wconf 86' lang='lat' dir='ltr'><strong>non</strong></span> <span class='ocrx_word' id='word_1_562' title='bbox 2413 1279 2634 1332; x_wconf 88' lang='lat' dir='ltr'><strong>omnino</strong></span> <span class='ocrx_word' id='word_1_563' title='bbox 2661 1296 2690 1334; x_wconf 88' lang='lat' dir='ltr'><strong>a</strong></span> <span class='ocrx_word' id='word_1_564' title='bbox 2722 1282 2876 1336; x_wconf 87' lang='lat' dir='ltr'><strong>malis</strong></span> <span class='ocrx_word' id='word_1_565' title='bbox 2904 1284 3156 1351; x_wconf 85' lang='lat' dir='ltr'><strong>liberari,</strong></span> <span class='ocrx_word' id='word_1_566' title='bbox 3197 1289 3291 1344; x_wconf 83' lang='lat' dir='ltr'><strong>sed</strong></span> <span class='ocrx_word' id='word_1_567' title='bbox 3333 1295 3627 1350; x_wconf 87' lang='lat' dir='ltr'><strong>secundum</strong></span> <span class='ocrx_word' id='word_1_568' title='bbox 3675 1298 3853 1355; x_wconf 64' lang='lat' dir='ltr'><strong>Dcnm.</strong></span> 
     </span>
    </p>
   </div>
   <div class='ocr_carea' id='block_1_73' title="bbox 2281 1362 3858 1449">
    <p class='ocr_par' dir='ltr' id='par_1_73' title="bbox 2281 1362 3858 1449">
     <span class='ocr_line' id='line_1_73' title="bbox 2281 1362 3858 1449; baseline 0.019 -33"><span class='ocrx_word' id='word_1_569' title='bbox 2281 1362 2394 1419; x_wconf 85' lang='lat' dir='ltr'><strong>lloc</strong></span> <span class='ocrx_word' id='word_1_570' title='bbox 2418 1376 2593 1422; x_wconf 70' lang='lat' dir='ltr'><strong>autem</strong></span> <span class='ocrx_word' id='word_1_571' title='bbox 2624 1369 2745 1424; x_wconf 90' lang='lat' dir='ltr'><strong>dico</strong></span> <span class='ocrx_word' id='word_1_572' title='bbox 2787 1384 3007 1442; x_wconf 91' lang='lat' dir='ltr'><strong>propter</strong></span> <span class='ocrx_word' id='word_1_573' title='bbox 3049 1391 3143 1431; x_wconf 89' lang='lat' dir='ltr'><strong>eos</strong></span> <span class='ocrx_word' id='word_1_574' title='bbox 3177 1381 3264 1449; x_wconf 91' lang='lat' dir='ltr'><strong>qni</strong></span> <span class='ocrx_word' id='word_1_575' title='bbox 3309 1381 3359 1435; x_wconf 91' lang='lat' dir='ltr'><strong>in</strong></span> <span class='ocrx_word' id='word_1_576' title='bbox 3409 1385 3612 1442; x_wconf 85' lang='lat' dir='ltr'><strong>morbis</strong></span> <span class='ocrx_word' id='word_1_577' title='bbox 3650 1399 3858 1446; x_wconf 90' lang='lat' dir='ltr'><strong>utuntur</strong></span> 
     </span>
    </p>
   </div>
   <div class='ocr_carea' id='block_1_74' title="bbox 2280 1455 3856 1548">
    <p class='ocr_par' dir='ltr' id='par_1_74' title="bbox 2280 1455 3856 1548">
     <span class='ocr_line' id='line_1_74' title="bbox 2280 1455 3856 1548; baseline 0.018 -39"><span class='ocrx_word' id='word_1_578' title='bbox 2280 1455 2746 1528; x_wconf 81' lang='lat' dir='ltr'><strong>incantationibus,</strong></span> <span class='ocrx_word' id='word_1_579' title='bbox 2778 1474 2831 1518; x_wconf 89' lang='lat' dir='ltr'><strong>et</strong></span> <span class='ocrx_word' id='word_1_580' title='bbox 2850 1466 2981 1521; x_wconf 89' lang='lat' dir='ltr'><strong>alias</strong></span> <span class='ocrx_word' id='word_1_581' title='bbox 3000 1471 3286 1539; x_wconf 89' lang='lat' dir='ltr'><strong>exquirunt</strong></span> <span class='ocrx_word' id='word_1_582' title='bbox 3307 1477 3602 1548; x_wconf 78' lang='lat' dir='ltr'><strong>praestigias</strong></span> <span class='ocrx_word' id='word_1_583' title='bbox 3628 1481 3693 1534; x_wconf 87' lang='lat' dir='ltr'><strong>ad</strong></span> <span class='ocrx_word' id='word_1_584' title='bbox 3717 1499 3856 1539; x_wconf 88' lang='lat' dir='ltr'><strong>suam</strong></span> 
     </span>
    </p>
   </div>
   <div class='ocr_carea' id='block_1_75' title="bbox 2279 1545 3856 1641">
    <p class='ocr_par' dir='ltr' id='par_1_75' title="bbox 2279 1545 3856 1641">
     <span class='ocr_line' id='line_1_75' title="bbox 2279 1545 3856 1641; baseline 0.019 -42"><span class='ocrx_word' id='word_1_585' title='bbox 2279 1545 2558 1604; x_wconf 80' lang='lat' dir='ltr'><strong>levardam</strong></span> <span class='ocrx_word' id='word_1_586' title='bbox 2605 1554 2996 1622; x_wconf 63' lang='lat' dir='ltr'><strong>aegritudinem.</strong></span> <span class='ocrx_word' id='word_1_587' title='bbox 3043 1559 3154 1615; x_wconf 83' lang='lat' dir='ltr'><strong>Hoc</strong></span> <span class='ocrx_word' id='word_1_588' title='bbox 3191 1565 3332 1618; x_wconf 89' lang='lat' dir='ltr'><strong>enim</strong></span> <span class='ocrx_word' id='word_1_589' title='bbox 3365 1581 3470 1622; x_wconf 93' lang='lat' dir='ltr'><strong>non</strong></span> <span class='ocrx_word' id='word_1_590' title='bbox 3496 1545 3583 1624; x_wconf 81' lang='lat' dir='ltr'><strong>est</strong></span> <span class='ocrx_word' id='word_1_591' title='bbox 3624 1575 3856 1641; x_wconf 80' lang='lat' dir='ltr'><strong>servari,</strong></span> 
     </span>
    </p>
   </div>
   <div class='ocr_carea' id='block_1_76' title="bbox 2281 1637 3860 1727">
    <p class='ocr_par' dir='ltr' id='par_1_76' title="bbox 2281 1637 3860 1727">
     <span class='ocr_line' id='line_1_76' title="bbox 2281 1637 3860 1727; baseline 0.02 -36"><span class='ocrx_word' id='word_1_592' title='bbox 2281 1637 2375 1692; x_wconf 87' lang='lat' dir='ltr'><strong>sed</strong></span> <span class='ocrx_word' id='word_1_593' title='bbox 2407 1639 2600 1708; x_wconf 89' lang='lat' dir='ltr'><strong>perire.</strong></span> <span class='ocrx_word' id='word_1_594' title='bbox 2649 1643 2875 1700; x_wconf 66' lang='lat' dir='ltr'><strong>Maxima</strong></span> <span class='ocrx_word' id='word_1_595' title='bbox 2924 1650 3066 1704; x_wconf 91' lang='lat' dir='ltr'><strong>enim</strong></span> <span class='ocrx_word' id='word_1_596' title='bbox 3112 1655 3256 1709; x_wconf 88' lang='lat' dir='ltr'><strong>salus</strong></span> <span class='ocrx_word' id='word_1_597' title='bbox 3295 1665 3379 1725; x_wconf 87' lang='lat' dir='ltr'><strong>est</strong></span> <span class='ocrx_word' id='word_1_598' title='bbox 3422 1675 3517 1727; x_wconf 91' lang='lat' dir='ltr'><strong>per</strong></span> <span class='ocrx_word' id='word_1_599' title='bbox 3555 1663 3722 1718; x_wconf 86' lang='lat' dir='ltr'><strong>Deum</strong></span> <span class='ocrx_word' id='word_1_600' title='bbox 3749 1637 3860 1724; x_wconf 84' lang='lat' dir='ltr'><strong>esse</strong></span> 
     </span>
    </p>
   </div>
   <div class='ocr_carea' id='block_1_77' title="bbox 2279 1732 3856 1828">
    <p class='ocr_par' dir='ltr' id='par_1_77' title="bbox 2279 1732 3856 1828">
     <span class='ocr_line' id='line_1_77' title="bbox 2279 1732 3856 1828; baseline 0.02 -46"><span class='ocrx_word' id='word_1_601' title='bbox 2279 1739 2571 1786; x_wconf 85' lang='lat' dir='ltr'><strong>servatum.</strong></span> <span class='ocrx_word' id='word_1_602' title='bbox 2617 1732 2805 1804; x_wconf 65' lang='lat' dir='ltr'><strong>Inﬁxae</strong></span> <span class='ocrx_word' id='word_1_603' title='bbox 2843 1752 2958 1793; x_wconf 80' lang='lat' dir='ltr'><strong>sunt</strong></span> <span class='ocrx_word' id='word_1_604' title='bbox 2987 1755 3159 1812; x_wconf 87' lang='lat' dir='ltr'><strong>gentes</strong></span> <span class='ocrx_word' id='word_1_605' title='bbox 3193 1747 3248 1800; x_wconf 86' lang='lat' dir='ltr'><strong>in</strong></span> <span class='ocrx_word' id='word_1_606' title='bbox 3287 1749 3521 1818; x_wconf 84' lang='lat' dir='ltr'><strong>interitu,</strong></span> <span class='ocrx_word' id='word_1_607' title='bbox 3556 1772 3704 1824; x_wconf 83' lang='lat' dir='ltr'><strong>quem</strong></span> <span class='ocrx_word' id='word_1_608' title='bbox 3733 1760 3856 1828; x_wconf 78' lang='lat' dir='ltr'><strong>{ece-</strong></span> 
     </span>
    </p>
   </div>
   <div class='ocr_carea' id='block_1_78' title="bbox 2279 1827 3861 1912">
    <p class='ocr_par' dir='ltr' id='par_1_78' title="bbox 2279 1827 3861 1912">
     <span class='ocr_line' id='line_1_78' title="bbox 2279 1827 3861 1912; baseline 0.023 -39"><span class='ocrx_word' id='word_1_609' title='bbox 2279 1832 2417 1876; x_wconf 87' lang='lat' dir='ltr'><strong>runt.</strong></span> <span class='ocrx_word' id='word_1_610' title='bbox 2463 1827 2633 1890; x_wconf 86' lang='lat' dir='ltr'><strong>Alius,</strong></span> <span class='ocrx_word' id='word_1_611' title='bbox 2681 1828 2947 1887; x_wconf 74' lang='lat' dir='ltr'><strong>Immersa:</strong></span> <span class='ocrx_word' id='word_1_612' title='bbox 2989 1848 3105 1890; x_wconf 85' lang='lat' dir='ltr'><strong>sunt</strong></span> <span class='ocrx_word' id='word_1_613' title='bbox 3139 1838 3236 1912; x_wconf 83' lang='grc' dir='ltr'><strong>(α).</strong></span> <span class='ocrx_word' id='word_1_614' title='bbox 3280 1840 3554 1902; x_wconf 89' lang='lat' dir='ltr'><strong>lnteritum</strong></span> <span class='ocrx_word' id='word_1_615' title='bbox 3599 1827 3861 1908; x_wconf 13' lang='lat' dir='ltr'><strong>siveicor-</strong></span> 
     </span>
    </p>
   </div>
   <div class='ocr_carea' id='block_1_79' title="bbox 2280 1916 3856 2014">
    <p class='ocr_par' dir='ltr' id='par_1_79' title="bbox 2280 1916 3856 2014">
     <span class='ocr_line' id='line_1_79' title="bbox 2280 1916 3856 2014; baseline 0.021 -47"><span class='ocrx_word' id='word_1_616' title='bbox 2280 1916 2579 1983; x_wconf 90' lang='lat' dir='ltr'><strong>ruptionem</strong></span> <span class='ocrx_word' id='word_1_617' title='bbox 2606 1920 2737 1975; x_wconf 84' lang='lat' dir='ltr'><strong>dicit</strong></span> <span class='ocrx_word' id='word_1_618' title='bbox 2766 1924 2949 1979; x_wconf 86' lang='lat' dir='ltr'><strong>vitium</strong></span> <span class='ocrx_word' id='word_1_619' title='bbox 2977 1945 2987 1975; x_wconf 88' lang='lat'><strong>:</strong></span> <span class='ocrx_word' id='word_1_620' title='bbox 3015 1928 3143 1984; x_wconf 88' lang='lat' dir='ltr'><strong>nihil</strong></span> <span class='ocrx_word' id='word_1_621' title='bbox 3177 1934 3318 1987; x_wconf 91' lang='lat' dir='ltr'><strong>enim</strong></span> <span class='ocrx_word' id='word_1_622' title='bbox 3362 1953 3514 2006; x_wconf 72' lang='lat' dir='ltr'><strong>teque</strong></span> <span class='ocrx_word' id='word_1_623' title='bbox 3542 1947 3856 2014; x_wconf 88' lang='lat' dir='ltr'><strong>corrumpit.</strong></span> 
     </span>
    </p>
   </div>
   <div class='ocr_carea' id='block_1_80' title="bbox 2282 2009 3856 2102">
    <p class='ocr_par' dir='ltr' id='par_1_80' title="bbox 2282 2009 3856 2102">
     <span class='ocr_line' id='line_1_80' title="bbox 2282 2009 3856 2102; baseline 0.021 -43"><span class='ocrx_word' id='word_1_624' title='bbox 2282 2017 2338 2061; x_wconf 91' lang='lat' dir='ltr'><strong>ut</strong></span> <span class='ocrx_word' id='word_1_625' title='bbox 2359 2009 2564 2064; x_wconf 89' lang='lat' dir='ltr'><strong>vitium.</strong></span> <span class='ocrx_word' id='word_1_626' title='bbox 2590 2012 2835 2082; x_wconf 87' lang='lat' dir='ltr'><strong>lmproho</strong></span> <span class='ocrx_word' id='word_1_627' title='bbox 2861 2020 3000 2073; x_wconf 93' lang='lat' dir='ltr'><strong>enim</strong></span> <span class='ocrx_word' id='word_1_628' title='bbox 3027 2021 3240 2080; x_wconf 89' lang='lat' dir='ltr'><strong>homine</strong></span> <span class='ocrx_word' id='word_1_629' title='bbox 3260 2027 3392 2082; x_wconf 87' lang='lat' dir='ltr'><strong>nihil</strong></span> <span class='ocrx_word' id='word_1_630' title='bbox 3413 2039 3496 2084; x_wconf 88' lang='lat' dir='ltr'><strong>est</strong></span> <span class='ocrx_word' id='word_1_631' title='bbox 3518 2009 3856 2102; x_wconf 40' lang='lat' dir='ltr'><strong>imbecilli—us;</strong></span> 
     </span>
    </p>
   </div>
   <div class='ocr_carea' id='block_1_81' title="bbox 2283 2103 3859 2186">
    <p class='ocr_par' dir='ltr' id='par_1_81' title="bbox 2283 2103 3859 2186">
     <span class='ocr_line' id='line_1_81' title="bbox 2283 2103 3859 2186; baseline 0.019 -32"><span class='ocrx_word' id='word_1_632' title='bbox 2283 2103 2512 2172; x_wconf 83' lang='lat' dir='ltr'><strong>prepriis</strong></span> <span class='ocrx_word' id='word_1_633' title='bbox 2540 2109 2704 2161; x_wconf 90' lang='lat' dir='ltr'><strong>armis</strong></span> <span class='ocrx_word' id='word_1_634' title='bbox 2733 2111 2939 2180; x_wconf 87' lang='lat' dir='ltr'><strong>capitur</strong></span> <span class='ocrx_word' id='word_1_635' title='bbox 2967 2114 3320 2184; x_wconf 84' lang='lat' dir='ltr'><strong>vinciturque,</strong></span> <span class='ocrx_word' id='word_1_636' title='bbox 3354 2131 3412 2175; x_wconf 93' lang='lat' dir='ltr'><strong>ut</strong></span> <span class='ocrx_word' id='word_1_637' title='bbox 3437 2121 3639 2180; x_wconf 90' lang='lat' dir='ltr'><strong>ferrum</strong></span> <span class='ocrx_word' id='word_1_638' title='bbox 3667 2143 3697 2182; x_wconf 89' lang='lat' dir='ltr'><strong>a</strong></span> <span class='ocrx_word' id='word_1_639' title='bbox 3723 2129 3859 2186; x_wconf 88' lang='lat' dir='ltr'><strong>rubi-</strong></span> 
     </span>
    </p>
   </div>
   <div class='ocr_carea' id='block_1_82' title="bbox 2281 2194 3862 2281">
    <p class='ocr_par' dir='ltr' id='par_1_82' title="bbox 2281 2194 3862 2281">
     <span class='ocr_line' id='line_1_82' title="bbox 2281 2194 3862 2281; baseline 0.02 -37"><span class='ocrx_word' id='word_1_640' title='bbox 2281 2194 2426 2263; x_wconf 78' lang='lat' dir='ltr'><strong>gine,</strong></span> <span class='ocrx_word' id='word_1_641' title='bbox 2456 2207 2511 2250; x_wconf 90' lang='lat' dir='ltr'><strong>et</strong></span> <span class='ocrx_word' id='word_1_642' title='bbox 2535 2199 2653 2252; x_wconf 81' lang='lat' dir='ltr'><strong>lana</strong></span> <span class='ocrx_word' id='word_1_643' title='bbox 2677 2215 2704 2252; x_wconf 91' lang='lat' dir='ltr'><strong>a</strong></span> <span class='ocrx_word' id='word_1_644' title='bbox 2729 2202 2864 2256; x_wconf 90' lang='lat' dir='ltr'><strong>tinea</strong></span> <span class='ocrx_word' id='word_1_645' title='bbox 2891 2222 2902 2258; x_wconf 94' lang='lat'>:</span> <span class='ocrx_word' id='word_1_646' title='bbox 2925 2205 2992 2259; x_wconf 87' lang='lat' dir='ltr'><strong>ita</strong></span> <span class='ocrx_word' id='word_1_647' title='bbox 3021 2208 3176 2262; x_wconf 90' lang='lat' dir='ltr'><strong>etiam</strong></span> <span class='ocrx_word' id='word_1_648' title='bbox 3201 2210 3475 2281; x_wconf 89' lang='lat' dir='ltr'><strong>improbus</strong></span> <span class='ocrx_word' id='word_1_649' title='bbox 3499 2231 3528 2269; x_wconf 88' lang='lat' dir='ltr'><strong>a</strong></span> <span class='ocrx_word' id='word_1_650' title='bbox 3553 2219 3701 2276; x_wconf 87' lang='lat' dir='ltr'><strong>vitio.</strong></span> <span class='ocrx_word' id='word_1_651' title='bbox 3719 2221 3862 2278; x_wconf 66' lang='lat' dir='ltr'><strong>Unda</strong></span> 
     </span>
    </p>
   </div>
   <div class='ocr_carea' id='block_1_83' title="bbox 2282 2286 3861 2382">
    <p class='ocr_par' dir='ltr' id='par_1_83' title="bbox 2282 2286 3861 2382">
     <span class='ocr_line' id='line_1_83' title="bbox 2282 2286 3861 2382; baseline 0.02 -44"><span class='ocrx_word' id='word_1_652' title='bbox 2282 2286 2440 2382; x_wconf 76' lang='lat' dir='ltr'><strong>etiam</strong></span> <span class='ocrx_word' id='word_1_653' title='bbox 2471 2300 2595 2382; x_wconf 80' lang='lat' dir='ltr'><strong>ante</strong></span> <span class='ocrx_word' id='word_1_654' title='bbox 2625 2294 2943 2362; x_wconf 89' lang='lat' dir='ltr'><strong>supplicium</strong></span> <span class='ocrx_word' id='word_1_655' title='bbox 2965 2300 3106 2368; x_wconf 86' lang='lat' dir='ltr'><strong>quod</strong></span> <span class='ocrx_word' id='word_1_656' title='bbox 3133 2317 3163 2355; x_wconf 90' lang='lat' dir='ltr'><strong>a</strong></span> <span class='ocrx_word' id='word_1_657' title='bbox 3190 2302 3298 2358; x_wconf 88' lang='lat' dir='ltr'><strong>Deo</strong></span> <span class='ocrx_word' id='word_1_658' title='bbox 3327 2305 3572 2376; x_wconf 89' lang='lat' dir='ltr'><strong>infertur,</strong></span> <span class='ocrx_word' id='word_1_659' title='bbox 3599 2313 3769 2382; x_wconf 86' lang='lat' dir='ltr'><strong>ipsum</strong></span> <span class='ocrx_word' id='word_1_660' title='bbox 3790 2319 3861 2370; x_wconf 90' lang='lat' dir='ltr'><strong>vi-</strong></span> 
     </span>
    </p>
   </div>
   <div class='ocr_carea' id='block_1_84' title="bbox 2288 2377 3861 2468">
    <p class='ocr_par' dir='ltr' id='par_1_84' title="bbox 2288 2377 3861 2468">
     <span class='ocr_line' id='line_1_84' title="bbox 2288 2377 3861 2468; baseline 0.022 -39"><span class='ocrx_word' id='word_1_661' title='bbox 2288 2377 2416 2431; x_wconf 91' lang='lat' dir='ltr'><strong>tium</strong></span> <span class='ocrx_word' id='word_1_662' title='bbox 2447 2380 2514 2434; x_wconf 91' lang='lat' dir='ltr'><strong>ab</strong></span> <span class='ocrx_word' id='word_1_663' title='bbox 2535 2396 2602 2437; x_wconf 90' lang='lat' dir='ltr'><strong>eo</strong></span> <span class='ocrx_word' id='word_1_664' title='bbox 2627 2386 2714 2454; x_wconf 93' lang='lat' dir='ltr'><strong>qui</strong></span> <span class='ocrx_word' id='word_1_665' title='bbox 2745 2387 2794 2440; x_wconf 92' lang='lat' dir='ltr'><strong>id</strong></span> <span class='ocrx_word' id='word_1_666' title='bbox 2826 2387 2948 2443; x_wconf 90' lang='lat' dir='ltr'><strong>facit</strong></span> <span class='ocrx_word' id='word_1_667' title='bbox 2967 2406 3152 2461; x_wconf 67' lang='lat' dir='ltr'><strong>pinnas</strong></span> <span class='ocrx_word' id='word_1_668' title='bbox 3177 2397 3357 2467; x_wconf 75' lang='lat' dir='ltr'><strong>exigit.</strong></span> <span class='ocrx_word' id='word_1_669' title='bbox 3380 2399 3512 2468; x_wconf 84' lang='lat' dir='ltr'><strong>Quia</strong></span> <span class='ocrx_word' id='word_1_670' title='bbox 3543 2377 3687 2460; x_wconf 84' lang='lat' dir='ltr'><strong>enim</strong></span> <span class='ocrx_word' id='word_1_671' title='bbox 3709 2409 3861 2463; x_wconf 89' lang='lat' dir='ltr'><strong>multa</strong></span> 
     </span>
    </p>
   </div>
   <div class='ocr_carea' id='block_1_85' title="bbox 2282 2469 3860 2570">
    <p class='ocr_par' dir='ltr' id='par_1_85' title="bbox 2282 2469 3860 2570">
     <span class='ocr_line' id='line_1_85' title="bbox 2282 2469 3860 2570; baseline 0.022 -48"><span class='ocrx_word' id='word_1_672' title='bbox 2282 2469 2350 2524; x_wconf 93' lang='lat' dir='ltr'><strong>de</strong></span> <span class='ocrx_word' id='word_1_673' title='bbox 2371 2485 2600 2542; x_wconf 88' lang='lat' dir='ltr'><strong>superna</strong></span> <span class='ocrx_word' id='word_1_674' title='bbox 2623 2477 2824 2544; x_wconf 89' lang='lat' dir='ltr'><strong>justitia</strong></span> <span class='ocrx_word' id='word_1_675' title='bbox 2853 2482 3123 2551; x_wconf 90' lang='lat' dir='ltr'><strong>disseruit,</strong></span> <span class='ocrx_word' id='word_1_676' title='bbox 3156 2497 3211 2543; x_wconf 93' lang='lat' dir='ltr'><strong>et</strong></span> <span class='ocrx_word' id='word_1_677' title='bbox 3239 2490 3305 2545; x_wconf 89' lang='lat' dir='ltr'><strong>de</strong></span> <span class='ocrx_word' id='word_1_678' title='bbox 3335 2492 3424 2547; x_wconf 92' lang='lat' dir='ltr'><strong>Dei</strong></span> <span class='ocrx_word' id='word_1_679' title='bbox 3452 2496 3675 2564; x_wconf 90' lang='lat' dir='ltr'><strong>auxilio,</strong></span> <span class='ocrx_word' id='word_1_680' title='bbox 3704 2499 3860 2570; x_wconf 88' lang='lat' dir='ltr'><strong>ipsunt</strong></span> 
     </span>
    </p>
   </div>
   <div class='ocr_carea' id='block_1_86' title="bbox 2281 2571 3862 2652">
    <p class='ocr_par' dir='ltr' id='par_1_86' title="bbox 2281 2571 3862 2652">
     <span class='ocr_line' id='line_1_86' title="bbox 2281 2571 3862 2652; baseline 0.02 -37"><span class='ocrx_word' id='word_1_681' title='bbox 2281 2573 2459 2618; x_wconf 91' lang='lat' dir='ltr'><strong>autem</strong></span> <span class='ocrx_word' id='word_1_682' title='bbox 2491 2583 2595 2620; x_wconf 90' lang='lat' dir='ltr'><strong>non</strong></span> <span class='ocrx_word' id='word_1_683' title='bbox 2623 2571 2798 2624; x_wconf 89' lang='lat' dir='ltr'><strong>statim</strong></span> <span class='ocrx_word' id='word_1_684' title='bbox 2817 2575 2980 2640; x_wconf 91' lang='lat' dir='ltr'><strong>venit,</strong></span> <span class='ocrx_word' id='word_1_685' title='bbox 2999 2577 3094 2632; x_wconf 90' lang='lat' dir='ltr'><strong>sed</strong></span> <span class='ocrx_word' id='word_1_686' title='bbox 3115 2591 3393 2638; x_wconf 90' lang='lat' dir='ltr'><strong>cunctatur</strong></span> <span class='ocrx_word' id='word_1_687' title='bbox 3407 2595 3463 2640; x_wconf 91' lang='lat' dir='ltr'><strong>et</strong></span> <span class='ocrx_word' id='word_1_688' title='bbox 3479 2586 3677 2652; x_wconf 73' lang='lat' dir='ltr'><strong>differt,</strong></span> <span class='ocrx_word' id='word_1_689' title='bbox 3699 2601 3750 2645; x_wconf 90' lang='lat' dir='ltr'><strong>et</strong></span> <span class='ocrx_word' id='word_1_690' title='bbox 3772 2592 3862 2647; x_wconf 90' lang='lat' dir='ltr'><strong>hoc</strong></span> 
     </span>
    </p>
   </div>
   <div class='ocr_carea' id='block_1_87' title="bbox 2285 2656 3864 2754">
    <p class='ocr_par' dir='ltr' id='par_1_87' title="bbox 2285 2656 3864 2754">
     <span class='ocr_line' id='line_1_87' title="bbox 2285 2656 3864 2754; baseline 0.019 -46"><span class='ocrx_word' id='word_1_691' title='bbox 2285 2656 2480 2710; x_wconf 89' lang='lat' dir='ltr'><strong>multos</strong></span> <span class='ocrx_word' id='word_1_692' title='bbox 2507 2658 2669 2715; x_wconf 86' lang='lat' dir='ltr'><strong>efficit</strong></span> <span class='ocrx_word' id='word_1_693' title='bbox 2689 2661 3009 2733; x_wconf 85' lang='lat' dir='ltr'><strong>ignaviores,</strong></span> <span class='ocrx_word' id='word_1_694' title='bbox 3036 2673 3271 2726; x_wconf 89' lang='lat' dir='ltr'><strong>ostendit</strong></span> <span class='ocrx_word' id='word_1_695' title='bbox 3293 2689 3413 2730; x_wconf 89' lang='lat' dir='ltr'><strong>esse</strong></span> <span class='ocrx_word' id='word_1_696' title='bbox 3439 2676 3491 2731; x_wconf 89' lang='lat' dir='ltr'><strong>in</strong></span> <span class='ocrx_word' id='word_1_697' title='bbox 3526 2677 3731 2736; x_wconf 87' lang='lat' dir='ltr'><strong>foribus</strong></span> <span class='ocrx_word' id='word_1_698' title='bbox 3749 2698 3864 2754; x_wconf 89' lang='lat' dir='ltr'><strong>sup-</strong></span> 
     </span>
    </p>
   </div>
   <div class='ocr_carea' id='block_1_88' title="bbox 2286 2749 3864 2831">
    <p class='ocr_par' dir='ltr' id='par_1_88' title="bbox 2286 2749 3864 2831">
     <span class='ocr_line' id='line_1_88' title="bbox 2286 2749 3864 2831; baseline 0.017 -29"><span class='ocrx_word' id='word_1_699' title='bbox 2286 2749 2522 2819; x_wconf 91' lang='lat' dir='ltr'><strong>plicium,</strong></span> <span class='ocrx_word' id='word_1_700' title='bbox 2540 2763 2594 2808; x_wconf 91' lang='lat' dir='ltr'><strong>et</strong></span> <span class='ocrx_word' id='word_1_701' title='bbox 2607 2757 2776 2810; x_wconf 88' lang='lat' dir='ltr'><strong>malos</strong></span> <span class='ocrx_word' id='word_1_702' title='bbox 2793 2757 2842 2810; x_wconf 92' lang='lat' dir='ltr'><strong>id</strong></span> <span class='ocrx_word' id='word_1_703' title='bbox 2863 2763 3085 2830; x_wconf 86' lang='lat' dir='ltr'><strong>perpeti,</strong></span> <span class='ocrx_word' id='word_1_704' title='bbox 3102 2764 3234 2819; x_wconf 84' lang='lat' dir='ltr'><strong>sicut</strong></span> <span class='ocrx_word' id='word_1_705' title='bbox 3251 2767 3378 2822; x_wconf 91' lang='lat' dir='ltr'><strong>dicit</strong></span> <span class='ocrx_word' id='word_1_706' title='bbox 3393 2769 3550 2824; x_wconf 89' lang='lat' dir='ltr'><strong>etiam</strong></span> <span class='ocrx_word' id='word_1_707' title='bbox 3566 2771 3760 2831; x_wconf 87' lang='lat' dir='ltr'><strong>Paulus</strong></span> <span class='ocrx_word' id='word_1_708' title='bbox 3776 2795 3786 2828; x_wconf 92' lang='lat'><strong>:</strong></span> <span class='ocrx_word' id='word_1_709' title='bbox 3802 2749 3864 2829; x_wconf 62' lang='lat' dir='ltr'><strong>lit</strong></span> 
     </span>
    </p>
   </div>
   <div class='ocr_carea' id='block_1_89' title="bbox 2284 2845 3863 2936">
    <p class='ocr_par' dir='ltr' id='par_1_89' title="bbox 2284 2845 3863 2936">
     <span class='ocr_line' id='line_1_89' title="bbox 2284 2845 3863 2936; baseline 0.018 -41"><span class='ocrx_word' id='word_1_710' title='bbox 2284 2845 2563 2900; x_wconf 85' lang='lat' dir='ltr'><strong>mercedem</strong></span> <span class='ocrx_word' id='word_1_711' title='bbox 2582 2865 2732 2918; x_wconf 88' lang='lat' dir='ltr'><strong>quam</strong></span> <span class='ocrx_word' id='word_1_712' title='bbox 2765 2854 2984 2922; x_wconf 84' lang='lat' dir='ltr'><strong>oportuit</strong></span> <span class='ocrx_word' id='word_1_713' title='bbox 3003 2859 3189 2911; x_wconf 82' lang='lat' dir='ltr'><strong>erroris</strong></span> <span class='ocrx_word' id='word_1_714' title='bbox 3209 2861 3290 2914; x_wconf 86' lang='lat' dir='ltr'><strong>sui</strong></span> <span class='ocrx_word' id='word_1_715' title='bbox 3306 2861 3359 2914; x_wconf 83' lang='lat' dir='ltr'><strong>in</strong></span> <span class='ocrx_word' id='word_1_716' title='bbox 3386 2864 3567 2934; x_wconf 84' lang='lat' dir='ltr'><strong>seipsis</strong></span> <span class='ocrx_word' id='word_1_717' title='bbox 3588 2869 3863 2936; x_wconf 81' lang='lat' dir='ltr'><strong>recipientes</strong></span> 
     </span>
    </p>
   </div>
   <div class='ocr_carea' id='block_1_90' title="bbox 2289 2936 3862 3024">
    <p class='ocr_par' dir='ltr' id='par_1_90' title="bbox 2289 2936 3862 3024">
     <span class='ocr_line' id='line_1_90' title="bbox 2289 2936 3862 3024; baseline 0.017 -35"><span class='ocrx_word' id='word_1_718' title='bbox 2289 2936 2462 3007; x_wconf 80' lang='lat' dir='ltr'><strong>(Rom.</strong></span> <span class='ocrx_word' id='word_1_719' title='bbox 2495 2940 2544 2994; x_wconf 87' lang='grc'><strong>1.</strong></span> <span class='ocrx_word' id='word_1_720' title='bbox 2572 2941 2687 3012; x_wconf 75' lang='grc'><strong>27).</strong></span> <span class='ocrx_word' id='word_1_721' title='bbox 2717 2944 2846 3000; x_wconf 83' lang='lat' dir='ltr'><strong>Vide</strong></span> <span class='ocrx_word' id='word_1_722' title='bbox 2867 2956 3042 3003; x_wconf 88' lang='lat' dir='ltr'><strong>autem</strong></span> <span class='ocrx_word' id='word_1_723' title='bbox 3072 2965 3229 3020; x_wconf 89' lang='lat' dir='ltr'><strong>quam</strong></span> <span class='ocrx_word' id='word_1_724' title='bbox 3257 2956 3471 3024; x_wconf 90' lang='lat' dir='ltr'><strong>proprie</strong></span> <span class='ocrx_word' id='word_1_725' title='bbox 3491 2967 3673 3013; x_wconf 89' lang='lat' dir='ltr'><strong>utatur</strong></span> <span class='ocrx_word' id='word_1_726' title='bbox 3692 2961 3862 3016; x_wconf 86' lang='lat' dir='ltr'><strong>dictio-</strong></span> 
     </span>
    </p>
   </div>
   <div class='ocr_carea' id='block_1_91' title="bbox 2285 3029 3860 3115">
    <p class='ocr_par' dir='ltr' id='par_1_91' title="bbox 2285 3029 3860 3115">
     <span class='ocr_line' id='line_1_91' title="bbox 2285 3029 3860 3115; baseline 0.016 -33"><span class='ocrx_word' id='word_1_727' title='bbox 2285 3029 2458 3084; x_wconf 89' lang='lat' dir='ltr'><strong>nibus.</strong></span> <span class='ocrx_word' id='word_1_728' title='bbox 2509 3031 2694 3101; x_wconf 70' lang='lat' dir='ltr'><strong>lnﬁxa:</strong></span> <span class='ocrx_word' id='word_1_729' title='bbox 2733 3048 2885 3105; x_wconf 87' lang='lat' dir='ltr'><strong>sunt;</strong></span> <span class='ocrx_word' id='word_1_730' title='bbox 2922 3038 3025 3095; x_wconf 91' lang='lat' dir='ltr'><strong>hoc</strong></span> <span class='ocrx_word' id='word_1_731' title='bbox 3062 3051 3172 3108; x_wconf 88' lang='lat' dir='ltr'><strong>est,</strong></span> <span class='ocrx_word' id='word_1_732' title='bbox 3209 3060 3303 3114; x_wconf 90' lang='lat' dir='ltr'><strong>per</strong></span> <span class='ocrx_word' id='word_1_733' title='bbox 3332 3046 3437 3100; x_wconf 89' lang='lat' dir='ltr'><strong>vim</strong></span> <span class='ocrx_word' id='word_1_734' title='bbox 3466 3058 3692 3106; x_wconf 71' lang='lat' dir='ltr'><strong>retenta:</strong></span> <span class='ocrx_word' id='word_1_735' title='bbox 3717 3063 3860 3115; x_wconf 86' lang='lat' dir='ltr'><strong>sunt,</strong></span> 
     </span>
    </p>
   </div>
   <div class='ocr_carea' id='block_1_92' title="bbox 2284 3125 3862 3205">
    <p class='ocr_par' dir='ltr' id='par_1_92' title="bbox 2284 3125 3862 3205">
     <span class='ocr_line' id='line_1_92' title="bbox 2284 3125 3862 3205; baseline 0.015 -31"><span class='ocrx_word' id='word_1_736' title='bbox 2284 3133 2410 3176; x_wconf 91' lang='lat' dir='ltr'><strong>sunt</strong></span> <span class='ocrx_word' id='word_1_737' title='bbox 2457 3125 2506 3179; x_wconf 89' lang='lat' dir='ltr'><strong>ei</strong></span> <span class='ocrx_word' id='word_1_738' title='bbox 2553 3126 2886 3185; x_wconf 90' lang='lat' dir='ltr'><strong>inevitabiles</strong></span> <span class='ocrx_word' id='word_1_739' title='bbox 2930 3141 3129 3200; x_wconf 68' lang='lat' dir='ltr'><strong>paratae</strong></span> <span class='ocrx_word' id='word_1_740' title='bbox 3177 3136 3403 3192; x_wconf 59' lang='lat' dir='ltr'><strong>insidias.</strong></span> <span class='ocrx_word' id='word_1_741' title='bbox 3449 3141 3513 3194; x_wconf 86' lang='lat' dir='ltr'><strong>Et</strong></span> <span class='ocrx_word' id='word_1_742' title='bbox 3558 3158 3764 3205; x_wconf 89' lang='lat' dir='ltr'><strong>rursus,</strong></span> <span class='ocrx_word' id='word_1_743' title='bbox 3807 3144 3862 3198; x_wconf 82' lang='lat' dir='ltr'><strong>In</strong></span> 
     </span>
    </p>
   </div>
   <div class='ocr_carea' id='block_1_93' title="bbox 2284 3212 3863 3304">
    <p class='ocr_par' dir='ltr' id='par_1_93' title="bbox 2284 3212 3863 3304">
     <span class='ocr_line' id='line_1_93' title="bbox 2284 3212 3863 3304; baseline 0.016 -38"><span class='ocrx_word' id='word_1_744' title='bbox 2284 3212 2463 3282; x_wconf 83' lang='lat' dir='ltr'><strong>laqueo</strong></span> <span class='ocrx_word' id='word_1_745' title='bbox 2500 3216 2598 3270; x_wconf 88' lang='lat' dir='ltr'><strong>isto</strong></span> <span class='ocrx_word' id='word_1_746' title='bbox 2625 3235 2772 3289; x_wconf 87' lang='lat' dir='ltr'><strong>quem</strong></span> <span class='ocrx_word' id='word_1_747' title='bbox 2814 3222 3205 3292; x_wconf 70' lang='lat' dir='ltr'><strong>absconderant,</strong></span> <span class='ocrx_word' id='word_1_748' title='bbox 3246 3231 3645 3298; x_wconf 81' lang='lat' dir='ltr'><strong>comprehensus</strong></span> <span class='ocrx_word' id='word_1_749' title='bbox 3681 3245 3752 3289; x_wconf 86' lang='lat' dir='ltr'><strong>est</strong></span> <span class='ocrx_word' id='word_1_750' title='bbox 3789 3252 3863 3304; x_wconf 72' lang='lat' dir='ltr'><strong>pes</strong></span> 
     </span>
    </p>
   </div>
   <div class='ocr_carea' id='block_1_94' title="bbox 2285 3305 3864 3392">
    <p class='ocr_par' dir='ltr' id='par_1_94' title="bbox 2285 3305 3864 3392">
     <span class='ocr_line' id='line_1_94' title="bbox 2285 3305 3864 3392; baseline 0.016 -36"><span class='ocrx_word' id='word_1_751' title='bbox 2285 3319 2481 3358; x_wconf 89' lang='lat' dir='ltr'><strong>eorum.</strong></span> <span class='ocrx_word' id='word_1_752' title='bbox 2517 3305 2772 3374; x_wconf 89' lang='lat' dir='ltr'><strong>Vinculis,</strong></span> <span class='ocrx_word' id='word_1_753' title='bbox 2806 3312 2995 3384; x_wconf 88' lang='lat' dir='ltr'><strong>inqttit,</strong></span> <span class='ocrx_word' id='word_1_754' title='bbox 3025 3331 3142 3386; x_wconf 76' lang='lat' dir='ltr'><strong>qua:</strong></span> <span class='ocrx_word' id='word_1_755' title='bbox 3168 3320 3303 3374; x_wconf 87' lang='lat' dir='ltr'><strong>solvi</strong></span> <span class='ocrx_word' id='word_1_756' title='bbox 3331 3335 3624 3392; x_wconf 89' lang='lat' dir='ltr'><strong>nequeunt,</strong></span> <span class='ocrx_word' id='word_1_757' title='bbox 3653 3327 3864 3381; x_wconf 87' lang='lat' dir='ltr'><strong>adstrin-</strong></span> 
     </span>
    </p>
   </div>
   <div class='ocr_carea' id='block_1_95' title="bbox 2283 3399 3860 3477">
    <p class='ocr_par' dir='ltr' id='par_1_95' title="bbox 2283 3399 3860 3477">
     <span class='ocr_line' id='line_1_95' title="bbox 2283 3399 3860 3477; baseline 0.016 -28"><span class='ocrx_word' id='word_1_758' title='bbox 2283 3407 2479 3464; x_wconf 85' lang='lat' dir='ltr'><strong>guntur</strong></span> <span class='ocrx_word' id='word_1_759' title='bbox 2499 3399 2746 3470; x_wconf 89' lang='lat' dir='ltr'><strong>improbi.</strong></span> <span class='ocrx_word' id='word_1_760' title='bbox 2771 3405 2894 3461; x_wconf 70' lang='lat' dir='ltr'><strong>lltec</strong></span> <span class='ocrx_word' id='word_1_761' title='bbox 2914 3410 3172 3477; x_wconf 85' lang='lat' dir='ltr'><strong>apostolis</strong></span> <span class='ocrx_word' id='word_1_762' title='bbox 3191 3423 3246 3466; x_wconf 93' lang='lat' dir='ltr'><strong>et</strong></span> <span class='ocrx_word' id='word_1_763' title='bbox 3265 3412 3466 3470; x_wconf 67' lang='lat' dir='ltr'><strong>Judaeis</strong></span> <span class='ocrx_word' id='word_1_764' title='bbox 3490 3433 3860 3476; x_wconf 88' lang='lat' dir='ltr'><strong>usuvcnerunt.</strong></span> 
     </span>
    </p>
   </div>
   <div class='ocr_carea' id='block_1_96' title="bbox 2285 3487 3864 3578">
    <p class='ocr_par' dir='ltr' id='par_1_96' title="bbox 2285 3487 3864 3578">
     <span class='ocr_line' id='line_1_96' title="bbox 2285 3487 3864 3578; baseline 0.016 -37"><span class='ocrx_word' id='word_1_765' title='bbox 2285 3487 2507 3555; x_wconf 89' lang='lat' dir='ltr'><strong>Quando</strong></span> <span class='ocrx_word' id='word_1_766' title='bbox 2544 3493 2686 3547; x_wconf 91' lang='lat' dir='ltr'><strong>enim</strong></span> <span class='ocrx_word' id='word_1_767' title='bbox 2733 3494 2928 3551; x_wconf 91' lang='lat' dir='ltr'><strong>bellum</strong></span> <span class='ocrx_word' id='word_1_768' title='bbox 2967 3502 3226 3570; x_wconf 84' lang='lat' dir='ltr'><strong>gerebant</strong></span> <span class='ocrx_word' id='word_1_769' title='bbox 3263 3521 3385 3560; x_wconf 93' lang='lat' dir='ltr'><strong>cum</strong></span> <span class='ocrx_word' id='word_1_770' title='bbox 3429 3513 3711 3578; x_wconf 90' lang='lat' dir='ltr'><strong>apostolis,</strong></span> <span class='ocrx_word' id='word_1_771' title='bbox 3758 3512 3864 3566; x_wconf 89' lang='lat' dir='ltr'><strong>illos</strong></span> 
     </span>
    </p>
   </div>
   <div class='ocr_carea' id='block_1_97' title="bbox 2287 3582 3865 3660">
    <p class='ocr_par' dir='ltr' id='par_1_97' title="bbox 2287 3582 3865 3660">
     <span class='ocr_line' id='line_1_97' title="bbox 2287 3582 3865 3660; baseline 0.016 -28"><span class='ocrx_word' id='word_1_772' title='bbox 2287 3582 2500 3650; x_wconf 90' lang='lat' dir='ltr'><strong>quidem</strong></span> <span class='ocrx_word' id='word_1_773' title='bbox 2531 3585 2660 3639; x_wconf 91' lang='lat' dir='ltr'><strong>nihil</strong></span> <span class='ocrx_word' id='word_1_774' title='bbox 2694 3588 2977 3658; x_wconf 70' lang='lat' dir='ltr'><strong>laedebant,</strong></span> <span class='ocrx_word' id='word_1_775' title='bbox 3011 3595 3162 3648; x_wconf 89' lang='lat' dir='ltr'><strong>malis</strong></span> <span class='ocrx_word' id='word_1_776' title='bbox 3191 3608 3368 3652; x_wconf 86' lang='lat' dir='ltr'><strong>autem</strong></span> <span class='ocrx_word' id='word_1_777' title='bbox 3402 3599 3865 3660; x_wconf 86' lang='lat' dir='ltr'><strong>innumerabilibus</strong></span> 
     </span>
    </p>
   </div>
   <div class='ocr_carea' id='block_1_98' title="bbox 2287 3673 3866 3760">
    <p class='ocr_par' dir='ltr' id='par_1_98' title="bbox 2287 3673 3866 3760">
     <span class='ocr_line' id='line_1_98' title="bbox 2287 3673 3866 3760; baseline 0.016 -33"><span class='ocrx_word' id='word_1_778' title='bbox 2287 3673 2494 3743; x_wconf 88' lang='lat' dir='ltr'><strong>seipsos</strong></span> <span class='ocrx_word' id='word_1_779' title='bbox 2543 3677 2906 3748; x_wconf 84' lang='lat' dir='ltr'><strong>implicabant,</strong></span> <span class='ocrx_word' id='word_1_780' title='bbox 2955 3687 3188 3753; x_wconf 85' lang='lat' dir='ltr'><strong>civitate,</strong></span> <span class='ocrx_word' id='word_1_781' title='bbox 3241 3703 3296 3745; x_wconf 90' lang='lat' dir='ltr'><strong>et</strong></span> <span class='ocrx_word' id='word_1_782' title='bbox 3336 3692 3618 3760; x_wconf 85' lang='lat' dir='ltr'><strong>libertate,</strong></span> <span class='ocrx_word' id='word_1_783' title='bbox 3667 3708 3722 3754; x_wconf 91' lang='lat' dir='ltr'><strong>et</strong></span> <span class='ocrx_word' id='word_1_784' title='bbox 3761 3700 3866 3754; x_wconf 88' lang='lat' dir='ltr'><strong>aliis</strong></span> 
     </span>
    </p>
   </div>
   <div class='ocr_carea' id='block_1_99' title="bbox 2286 3768 3864 3858">
    <p class='ocr_par' dir='ltr' id='par_1_99' title="bbox 2286 3768 3864 3858">
     <span class='ocr_line' id='line_1_99' title="bbox 2286 3768 3864 3858; baseline 0.018 -39"><span class='ocrx_word' id='word_1_785' title='bbox 2286 3768 2534 3824; x_wconf 89' lang='lat' dir='ltr'><strong>onmibus</strong></span> <span class='ocrx_word' id='word_1_786' title='bbox 2558 3775 2753 3840; x_wconf 77' lang='lat' dir='ltr'><strong>eversi,</strong></span> <span class='ocrx_word' id='word_1_787' title='bbox 2780 3785 2836 3830; x_wconf 87' lang='lat' dir='ltr'><strong>et</strong></span> <span class='ocrx_word' id='word_1_788' title='bbox 2858 3779 3131 3836; x_wconf 85' lang='lat' dir='ltr'><strong>crescebat</strong></span> <span class='ocrx_word' id='word_1_789' title='bbox 3158 3784 3372 3852; x_wconf 87' lang='lat' dir='ltr'><strong>quidem</strong></span> <span class='ocrx_word' id='word_1_790' title='bbox 3403 3788 3734 3858; x_wconf 64' lang='lat' dir='ltr'><strong>praedicatio,</strong></span> <span class='ocrx_word' id='word_1_791' title='bbox 3762 3792 3864 3846; x_wconf 87' lang='lat' dir='ltr'><strong>dis-</strong></span> 
     </span>
    </p>
   </div>
   <div class='ocr_carea' id='block_1_100' title="bbox 2287 3859 3866 3952">
    <p class='ocr_par' dir='ltr' id='par_1_100' title="bbox 2287 3859 3866 3952">
     <span class='ocr_line' id='line_1_100' title="bbox 2287 3859 3866 3952; baseline 0.015 -41"><span class='ocrx_word' id='word_1_792' title='bbox 2287 3859 2646 3952; x_wconf 88' lang='lat' dir='ltr'><strong>perdebantur</strong></span> <span class='ocrx_word' id='word_1_793' title='bbox 2667 3876 2843 3921; x_wconf 84' lang='lat' dir='ltr'><strong>autem</strong></span> <span class='ocrx_word' id='word_1_794' title='bbox 2867 3871 2954 3938; x_wconf 91' lang='lat' dir='ltr'><strong>qui</strong></span> <span class='ocrx_word' id='word_1_795' title='bbox 2988 3873 3244 3940; x_wconf 87' lang='lat' dir='ltr'><strong>parabant</strong></span> <span class='ocrx_word' id='word_1_796' title='bbox 3272 3876 3514 3933; x_wconf 90' lang='lat' dir='ltr'><strong>insidias.</strong></span> <span class='ocrx_word' id='word_1_797' title='bbox 3548 3881 3620 3936; x_wconf 86' lang='lat' dir='ltr'><strong>Et</strong></span> <span class='ocrx_word' id='word_1_798' title='bbox 3644 3885 3730 3952; x_wconf 92' lang='lat' dir='ltr'><strong>qui</strong></span> <span class='ocrx_word' id='word_1_799' title='bbox 3771 3894 3866 3936; x_wconf 80' lang='lat' dir='ltr'><strong>tres</strong></span> 
     </span>
    </p>
   </div>
   <div class='ocr_carea' id='block_1_101' title="bbox 2291 3951 3862 4027">
    <p class='ocr_par' dir='ltr' id='par_1_101' title="bbox 2291 3951 3862 4027">
     <span class='ocr_line' id='line_1_101' title="bbox 2291 3951 3862 4027; baseline 0.015 -26"><span class='ocrx_word' id='word_1_800' title='bbox 2291 3962 2483 4016; x_wconf 88' lang='lat' dir='ltr'><strong>pueros</strong></span> <span class='ocrx_word' id='word_1_801' title='bbox 2514 3951 2566 4005; x_wconf 90' lang='lat' dir='ltr'><strong>in</strong></span> <span class='ocrx_word' id='word_1_802' title='bbox 2599 3953 2974 4027; x_wconf 88' lang='lat' dir='ltr'><strong>Babylonicam</strong></span> <span class='ocrx_word' id='word_1_803' title='bbox 3021 3961 3291 4020; x_wconf 85' lang='lat' dir='ltr'><strong>fornacem</strong></span> <span class='ocrx_word' id='word_1_804' title='bbox 3341 3951 3682 4026; x_wconf 86' lang='lat' dir='ltr'><strong>immiserunt</strong></span> <span class='ocrx_word' id='word_1_805' title='bbox 3718 3975 3781 4027; x_wconf 89' lang='lat' dir='ltr'><strong>ab</strong></span> <span class='ocrx_word' id='word_1_806' title='bbox 3811 3989 3862 4025; x_wconf 85' lang='lat' dir='ltr'><strong>ca</strong></span> 
     </span>
    </p>
   </div>
   <div class='ocr_carea' id='block_1_102' title="bbox 2291 4047 3862 4123">
    <p class='ocr_par' dir='ltr' id='par_1_102' title="bbox 2291 4047 3862 4123">
     <span class='ocr_line' id='line_1_102' title="bbox 2291 4047 3862 4123; baseline 0.017 -31"><span class='ocrx_word' id='word_1_807' title='bbox 2291 4055 2476 4096; x_wconf 85' lang='lat' dir='ltr'><strong>rursus</strong></span> <span class='ocrx_word' id='word_1_808' title='bbox 2501 4047 2640 4115; x_wconf 85' lang='lat' dir='ltr'><strong>capti</strong></span> <span class='ocrx_word' id='word_1_809' title='bbox 2669 4059 2793 4102; x_wconf 90' lang='lat' dir='ltr'><strong>sunt</strong></span> <span class='ocrx_word' id='word_1_810' title='bbox 2833 4051 2905 4123; x_wconf 86' lang='lat' dir='ltr'><strong>(b)</strong></span> <span class='ocrx_word' id='word_1_811' title='bbox 2929 4071 2942 4107; x_wconf 90' lang='lat'><strong>:</strong></span> <span class='ocrx_word' id='word_1_812' title='bbox 2964 4055 3107 4123; x_wconf 86' lang='lat' dir='ltr'><strong>quod</strong></span> <span class='ocrx_word' id='word_1_813' title='bbox 3147 4058 3306 4112; x_wconf 90' lang='lat' dir='ltr'><strong>etiam</strong></span> <span class='ocrx_word' id='word_1_814' title='bbox 3341 4061 3392 4114; x_wconf 90' lang='lat' dir='ltr'><strong>in</strong></span> <span class='ocrx_word' id='word_1_815' title='bbox 3427 4063 3647 4120; x_wconf 84' lang='lat' dir='ltr'><strong>Daniele</strong></span> <span class='ocrx_word' id='word_1_816' title='bbox 3689 4069 3862 4120; x_wconf 88' lang='lat' dir='ltr'><strong>factum</strong></span> 
     </span>
    </p>
   </div>
   <div class='ocr_carea' id='block_1_103' title="bbox 2290 4132 3864 4220">
    <p class='ocr_par' dir='ltr' id='par_1_103' title="bbox 2290 4132 3864 4220">
     <span class='ocr_line' id='line_1_103' title="bbox 2290 4132 3864 4220; baseline 0.015 -35"><span class='ocrx_word' id='word_1_817' title='bbox 2290 4141 2393 4187; x_wconf 89' lang='lat' dir='ltr'><strong>est.</strong></span> <span class='ocrx_word' id='word_1_818' title='bbox 2421 4132 2526 4188; x_wconf 88' lang='lat' dir='ltr'><strong>Sed</strong></span> <span class='ocrx_word' id='word_1_819' title='bbox 2575 4137 2624 4190; x_wconf 91' lang='lat' dir='ltr'><strong>in</strong></span> <span class='ocrx_word' id='word_1_820' title='bbox 2676 4139 2892 4197; x_wconf 89' lang='lat' dir='ltr'><strong>Daniele</strong></span> <span class='ocrx_word' id='word_1_821' title='bbox 2938 4146 3150 4214; x_wconf 88' lang='lat' dir='ltr'><strong>quidem</strong></span> <span class='ocrx_word' id='word_1_822' title='bbox 3197 4147 3299 4204; x_wconf 91' lang='lat' dir='ltr'><strong>hoc</strong></span> <span class='ocrx_word' id='word_1_823' title='bbox 3327 4153 3524 4208; x_wconf 88' lang='lat' dir='ltr'><strong>merito</strong></span> <span class='ocrx_word' id='word_1_824' title='bbox 3551 4157 3771 4220; x_wconf 87' lang='lat' dir='ltr'><strong>accidit,</strong></span> <span class='ocrx_word' id='word_1_825' title='bbox 3803 4156 3864 4209; x_wconf 91' lang='lat' dir='ltr'><strong>ilii</strong></span> 
     </span>
    </p>
   </div>
   <div class='ocr_carea' id='block_1_104' title="bbox 2289 4223 3866 4318">
    <p class='ocr_par' dir='ltr' id='par_1_104' title="bbox 2289 4223 3866 4318">
     <span class='ocr_line' id='line_1_104' title="bbox 2289 4223 3866 4318; baseline 0.017 -44"><span class='ocrx_word' id='word_1_826' title='bbox 2289 4223 2433 4278; x_wconf 91' lang='lat' dir='ltr'><strong>enim</strong></span> <span class='ocrx_word' id='word_1_827' title='bbox 2467 4225 2637 4296; x_wconf 85' lang='lat' dir='ltr'><strong>ipsum</strong></span> <span class='ocrx_word' id='word_1_828' title='bbox 2671 4231 2964 4300; x_wconf 86' lang='lat' dir='ltr'><strong>injecerant</strong></span> <span class='ocrx_word' id='word_1_829' title='bbox 2989 4253 3002 4290; x_wconf 92' lang='lat'>:</span> <span class='ocrx_word' id='word_1_830' title='bbox 3028 4237 3079 4290; x_wconf 93' lang='lat' dir='ltr'><strong>in</strong></span> <span class='ocrx_word' id='word_1_831' title='bbox 3113 4240 3282 4296; x_wconf 90' lang='lat' dir='ltr'><strong>tribus</strong></span> <span class='ocrx_word' id='word_1_832' title='bbox 3309 4251 3485 4298; x_wconf 88' lang='lat' dir='ltr'><strong>autem</strong></span> <span class='ocrx_word' id='word_1_833' title='bbox 3519 4248 3702 4316; x_wconf 83' lang='lat' dir='ltr'><strong>pueris</strong></span> <span class='ocrx_word' id='word_1_834' title='bbox 3723 4247 3866 4318; x_wconf 85' lang='lat' dir='ltr'><strong>quid-</strong></span> 
     </span>
    </p>
   </div>
   <div class='ocr_carea' id='block_1_105' title="bbox 2293 4319 3868 4410">
    <p class='ocr_par' dir='ltr' id='par_1_105' title="bbox 2293 4319 3868 4410">
     <span class='ocr_line' id='line_1_105' title="bbox 2293 4319 3868 4410; baseline 0.016 -43"><span class='ocrx_word' id='word_1_835' title='bbox 2293 4329 2413 4368; x_wconf 91' lang='lat' dir='ltr'><strong>nam</strong></span> <span class='ocrx_word' id='word_1_836' title='bbox 2443 4328 2528 4372; x_wconf 92' lang='lat' dir='ltr'><strong>est</strong></span> <span class='ocrx_word' id='word_1_837' title='bbox 2557 4319 2608 4372; x_wconf 90' lang='lat' dir='ltr'><strong>in</strong></span> <span class='ocrx_word' id='word_1_838' title='bbox 2635 4335 2816 4390; x_wconf 87' lang='lat' dir='ltr'><strong>causa,</strong></span> <span class='ocrx_word' id='word_1_839' title='bbox 2848 4327 2988 4395; x_wconf 93' lang='lat' dir='ltr'><strong>quod</strong></span> <span class='ocrx_word' id='word_1_840' title='bbox 3011 4343 3131 4383; x_wconf 91' lang='lat' dir='ltr'><strong>cum</strong></span> <span class='ocrx_word' id='word_1_841' title='bbox 3162 4347 3257 4386; x_wconf 90' lang='lat' dir='ltr'><strong>rex</strong></span> <span class='ocrx_word' id='word_1_842' title='bbox 3281 4348 3573 4402; x_wconf 71' lang='lat' dir='ltr'><strong>peccasset,</strong></span> <span class='ocrx_word' id='word_1_843' title='bbox 3601 4341 3636 4393; x_wconf 90' lang='lat' dir='ltr'><strong>ii</strong></span> <span class='ocrx_word' id='word_1_844' title='bbox 3661 4341 3745 4410; x_wconf 86' lang='lat' dir='ltr'><strong>qui</strong></span> <span class='ocrx_word' id='word_1_845' title='bbox 3771 4350 3868 4394; x_wconf 87' lang='lat' dir='ltr'><strong>sta-</strong></span> 
     </span>
    </p>
   </div>
   <div class='ocr_carea' id='block_1_106' title="bbox 2293 4409 3868 4503">
    <p class='ocr_par' dir='ltr' id='par_1_106' title="bbox 2293 4409 3868 4503">
     <span class='ocr_line' id='line_1_106' title="bbox 2293 4409 3868 4503; baseline 0.013 -39"><span class='ocrx_word' id='word_1_846' title='bbox 2293 4409 2421 4464; x_wconf 85' lang='lat' dir='ltr'><strong>bant</strong></span> <span class='ocrx_word' id='word_1_847' title='bbox 2443 4422 2566 4467; x_wconf 91' lang='lat' dir='ltr'><strong>ante</strong></span> <span class='ocrx_word' id='word_1_848' title='bbox 2594 4415 2863 4473; x_wconf 84' lang='lat' dir='ltr'><strong>fornacem</strong></span> <span class='ocrx_word' id='word_1_849' title='bbox 2885 4460 2900 4482; x_wconf 90' lang='lat'><strong>,</strong></span> <span class='ocrx_word' id='word_1_850' title='bbox 2933 4423 3267 4491; x_wconf 85' lang='lat' dir='ltr'><strong>puniuntur?</strong></span> <span class='ocrx_word' id='word_1_851' title='bbox 3303 4427 3564 4494; x_wconf 89' lang='lat' dir='ltr'><strong>Quoniam</strong></span> <span class='ocrx_word' id='word_1_852' title='bbox 3613 4434 3648 4486; x_wconf 89' lang='lat' dir='ltr'><strong>ii</strong></span> <span class='ocrx_word' id='word_1_853' title='bbox 3675 4409 3868 4503; x_wconf 89' lang='lat' dir='ltr'><strong>quoque</strong></span> 
     </span>
    </p>
   </div>
   <div class='ocr_carea' id='block_1_107' title="bbox 2293 4503 3870 4587">
    <p class='ocr_par' dir='ltr' id='par_1_107' title="bbox 2293 4503 3870 4587">
     <span class='ocr_line' id='line_1_107' title="bbox 2293 4503 3870 4587; baseline 0.013 -34"><span class='ocrx_word' id='word_1_854' title='bbox 2293 4503 2382 4570; x_wconf 92' lang='lat' dir='ltr'><strong>qui</strong></span> <span class='ocrx_word' id='word_1_855' title='bbox 2419 4503 2567 4560; x_wconf 90' lang='lat' dir='ltr'><strong>fuere</strong></span> <span class='ocrx_word' id='word_1_856' title='bbox 2610 4509 2909 4576; x_wconf 89' lang='lat' dir='ltr'><strong>combusti,</strong></span> <span class='ocrx_word' id='word_1_857' title='bbox 2942 4517 3150 4584; x_wconf 89' lang='lat' dir='ltr'><strong>tyranni</strong></span> <span class='ocrx_word' id='word_1_858' title='bbox 3189 4517 3362 4586; x_wconf 89' lang='lat' dir='ltr'><strong>jnssui</strong></span> <span class='ocrx_word' id='word_1_859' title='bbox 3404 4522 3789 4587; x_wconf 87' lang='lat' dir='ltr'><strong>iuservicrant,</strong></span> <span class='ocrx_word' id='word_1_860' title='bbox 3823 4534 3870 4576; x_wconf 89' lang='lat' dir='ltr'><strong>et</strong></span> 
     </span>
    </p>
   </div>
   <div class='ocr_carea' id='block_1_108' title="bbox 2293 4603 3872 4683">
    <p class='ocr_par' dir='ltr' id='par_1_108' title="bbox 2293 4603 3872 4683">
     <span class='ocr_line' id='line_1_108' title="bbox 2293 4603 3872 4683; baseline 0.013 -37"><span class='ocrx_word' id='word_1_861' title='bbox 2293 4607 2508 4648; x_wconf 87' lang='lat' dir='ltr'><strong>auream</strong></span> <span class='ocrx_word' id='word_1_862' title='bbox 2538 4605 2765 4653; x_wconf 88' lang='lat' dir='ltr'><strong>statuam</strong></span> <span class='ocrx_word' id='word_1_863' title='bbox 2793 4603 3166 4660; x_wconf 84' lang='lat' dir='ltr'><strong>adoraverant.</strong></span> <span class='ocrx_word' id='word_1_864' title='bbox 3188 4607 3254 4662; x_wconf 86' lang='lat' dir='ltr'><strong>In</strong></span> <span class='ocrx_word' id='word_1_865' title='bbox 3281 4610 3479 4681; x_wconf 88' lang='lat' dir='ltr'><strong>laqueo,</strong></span> <span class='ocrx_word' id='word_1_866' title='bbox 3502 4629 3651 4683; x_wconf 85' lang='lat' dir='ltr'><strong>quem</strong></span> <span class='ocrx_word' id='word_1_867' title='bbox 3675 4615 3872 4668; x_wconf 82' lang='lat' dir='ltr'><strong>abscon-</strong></span> 
     </span>
    </p>
   </div>
   <div class='ocr_carea' id='block_1_109' title="bbox 2295 4685 3868 4762">
    <p class='ocr_par' dir='ltr' id='par_1_109' title="bbox 2295 4685 3868 4762">
     <span class='ocr_line' id='line_1_109' title="bbox 2295 4685 3868 4762; baseline 0.012 -25"><span class='ocrx_word' id='word_1_868' title='bbox 2295 4685 2496 4742; x_wconf 74' lang='lat' dir='ltr'><strong>derant.</strong></span> <span class='ocrx_word' id='word_1_869' title='bbox 2523 4689 2650 4745; x_wconf 91' lang='lat' dir='ltr'><strong>Vide</strong></span> <span class='ocrx_word' id='word_1_870' title='bbox 2668 4696 2937 4762; x_wconf 85' lang='lat' dir='ltr'><strong>quomodo</strong></span> <span class='ocrx_word' id='word_1_871' title='bbox 2954 4699 3250 4756; x_wconf 87' lang='lat' dir='ltr'><strong>ostenderit</strong></span> <span class='ocrx_word' id='word_1_872' title='bbox 3270 4703 3678 4762; x_wconf 87' lang='lat' dir='ltr'><strong>inenarrabilem</strong></span> <span class='ocrx_word' id='word_1_873' title='bbox 3699 4721 3868 4762; x_wconf 88' lang='lat' dir='ltr'><strong>eorum</strong></span> 
     </span>
    </p>
   </div>
   <div class='ocr_carea' id='block_1_110' title="bbox 2295 4783 3869 4867">
    <p class='ocr_par' dir='ltr' id='par_1_110' title="bbox 2295 4783 3869 4867">
     <span class='ocr_line' id='line_1_110' title="bbox 2295 4783 3869 4867; baseline 0.011 -33"><span class='ocrx_word' id='word_1_874' title='bbox 2295 4795 2414 4836; x_wconf 90' lang='lat' dir='ltr'><strong>esse</strong></span> <span class='ocrx_word' id='word_1_875' title='bbox 2457 4783 2919 4854; x_wconf 88' lang='lat' dir='ltr'><strong>vituperationem.</strong></span> <span class='ocrx_word' id='word_1_876' title='bbox 2972 4791 3102 4860; x_wconf 89' lang='lat' dir='ltr'><strong>Quia</strong></span> <span class='ocrx_word' id='word_1_877' title='bbox 3147 4795 3290 4850; x_wconf 91' lang='lat' dir='ltr'><strong>enim</strong></span> <span class='ocrx_word' id='word_1_878' title='bbox 3337 4799 3476 4867; x_wconf 85' lang='lat' dir='ltr'><strong>quod</strong></span> <span class='ocrx_word' id='word_1_879' title='bbox 3535 4799 3712 4864; x_wconf 82' lang='lat' dir='ltr'><strong>fiebat,</strong></span> <span class='ocrx_word' id='word_1_880' title='bbox 3768 4809 3869 4854; x_wconf 90' lang='lat' dir='ltr'><strong>erat</strong></span> 
     </span>
    </p>
   </div>
   <div class='ocr_carea' id='block_1_111' title="bbox 2297 4871 3869 4953">
    <p class='ocr_par' dir='ltr' id='par_1_111' title="bbox 2297 4871 3869 4953">
     <span class='ocr_line' id='line_1_111' title="bbox 2297 4871 3869 4953; baseline 0.012 -30"><span class='ocrx_word' id='word_1_881' title='bbox 2297 4871 2512 4941; x_wconf 88' lang='lat' dir='ltr'><strong>plenmn</strong></span> <span class='ocrx_word' id='word_1_882' title='bbox 2557 4876 2864 4946; x_wconf 85' lang='lat' dir='ltr'><strong>ignominia,</strong></span> <span class='ocrx_word' id='word_1_883' title='bbox 2909 4882 3028 4938; x_wconf 89' lang='lat' dir='ltr'><strong>ideo</strong></span> <span class='ocrx_word' id='word_1_884' title='bbox 3060 4885 3268 4953; x_wconf 88' lang='lat' dir='ltr'><strong>celant,</strong></span> <span class='ocrx_word' id='word_1_885' title='bbox 3313 4899 3367 4943; x_wconf 89' lang='lat' dir='ltr'><strong>et</strong></span> <span class='ocrx_word' id='word_1_886' title='bbox 3409 4901 3671 4945; x_wconf 90' lang='lat' dir='ltr'><strong>conantur</strong></span> <span class='ocrx_word' id='word_1_887' title='bbox 3698 4892 3869 4945; x_wconf 82' lang='lat' dir='ltr'><strong>latere.</strong></span> 
     </span>
    </p>
   </div>
   <div class='ocr_carea' id='block_1_112' title="bbox 2297 4964 3868 5049">
    <p class='ocr_par' dir='ltr' id='par_1_112' title="bbox 2297 4964 3868 5049">
     <span class='ocr_line' id='line_1_112' title="bbox 2297 4964 3868 5049; baseline 0.009 -31"><span class='ocrx_word' id='word_1_888' title='bbox 2297 4965 2386 5018; x_wconf 86' lang='grc'><strong>17.</strong></span> <span class='ocrx_word' id='word_1_889' title='bbox 2418 4964 2749 5036; x_wconf 84' lang='lat' dir='ltr'><strong>Cognoscitur</strong></span> <span class='ocrx_word' id='word_1_890' title='bbox 2789 4971 3035 5028; x_wconf 82' lang='lat' dir='ltr'><strong>Dominus</strong></span> <span class='ocrx_word' id='word_1_891' title='bbox 3065 4977 3269 5046; x_wconf 85' lang='lat' dir='ltr'><strong>judicia</strong></span> <span class='ocrx_word' id='word_1_892' title='bbox 3313 4979 3526 5049; x_wconf 79' lang='lat' dir='ltr'><strong>faciens.</strong></span> <span class='ocrx_word' id='word_1_893' title='bbox 3563 4983 3743 5046; x_wconf 81' lang='lat' dir='ltr'><strong>Alius,</strong></span> <span class='ocrx_word' id='word_1_894' title='bbox 3786 4978 3868 5033; x_wconf 83' lang='lat' dir='ltr'><strong>Co-</strong></span> 
     </span>
    </p>
   </div>
   <div class='ocr_carea' id='block_1_113' title="bbox 2297 5059 3869 5140">
    <p class='ocr_par' dir='ltr' id='par_1_113' title="bbox 2297 5059 3869 5140">
     <span class='ocr_line' id='line_1_113' title="bbox 2297 5059 3869 5140; baseline 0.01 -29"><span class='ocrx_word' id='word_1_895' title='bbox 2297 5059 2468 5126; x_wconf 86' lang='lat' dir='ltr'><strong>gnitus</strong></span> <span class='ocrx_word' id='word_1_896' title='bbox 2495 5071 2566 5115; x_wconf 84' lang='lat' dir='ltr'><strong>est</strong></span> <span class='ocrx_word' id='word_1_897' title='bbox 2582 5063 2839 5133; x_wconf 84' lang='lat' dir='ltr'><strong>judicium</strong></span> <span class='ocrx_word' id='word_1_898' title='bbox 2862 5069 3071 5136; x_wconf 82' lang='lat' dir='ltr'><strong>faciens.</strong></span> <span class='ocrx_word' id='word_1_899' title='bbox 3096 5069 3210 5125; x_wconf 89' lang='lat' dir='ltr'><strong>lloc</strong></span> <span class='ocrx_word' id='word_1_900' title='bbox 3231 5081 3313 5126; x_wconf 87' lang='lat' dir='ltr'><strong>est</strong></span> <span class='ocrx_word' id='word_1_901' title='bbox 3336 5075 3580 5140; x_wconf 88' lang='lat' dir='ltr'><strong>puniens,</strong></span> <span class='ocrx_word' id='word_1_902' title='bbox 3604 5077 3869 5138; x_wconf 87' lang='lat' dir='ltr'><strong>ulciscens,</strong></span> 
     </span>
    </p>
   </div>
   <div class='ocr_carea' id='block_1_114' title="bbox 2299 5154 3872 5236">
    <p class='ocr_par' dir='ltr' id='par_1_114' title="bbox 2299 5154 3872 5236">
     <span class='ocr_line' id='line_1_114' title="bbox 2299 5154 3872 5236; baseline 0.008 -32"><span class='ocrx_word' id='word_1_903' title='bbox 2299 5165 2645 5222; x_wconf 86' lang='lat' dir='ltr'><strong>persequens.</strong></span> <span class='ocrx_word' id='word_1_904' title='bbox 2676 5154 2868 5211; x_wconf 76' lang='lat' dir='ltr'><strong>Vidisti</strong></span> <span class='ocrx_word' id='word_1_905' title='bbox 2895 5158 3036 5213; x_wconf 89' lang='lat' dir='ltr'><strong>aliud</strong></span> <span class='ocrx_word' id='word_1_906' title='bbox 3065 5175 3234 5231; x_wconf 85' lang='lat' dir='ltr'><strong>genus</strong></span> <span class='ocrx_word' id='word_1_907' title='bbox 3265 5163 3508 5220; x_wconf 87' lang='lat' dir='ltr'><strong>beneficii</strong></span> <span class='ocrx_word' id='word_1_908' title='bbox 3551 5183 3617 5220; x_wconf 89' lang='lat' dir='ltr'><strong>ex</strong></span> <span class='ocrx_word' id='word_1_909' title='bbox 3660 5166 3872 5236; x_wconf 85' lang='lat' dir='ltr'><strong>castiga-</strong></span> 
     </span>
    </p>
   </div>
   <div class='ocr_carea' id='block_1_115' title="bbox 2363 5359 3875 5430">
    <p class='ocr_par' dir='ltr' id='par_1_115' title="bbox 2363 5359 3875 5430">
     <span class='ocr_line' id='line_1_115' title="bbox 2363 5359 3875 5430; baseline 0.006 -18"><span class='ocrx_word' id='word_1_910' title='bbox 2363 5362 2440 5426; x_wconf 85' lang='grc' dir='ltr'><strong>(α)</strong></span> <span class='ocrx_word' id='word_1_911' title='bbox 2478 5365 2596 5413; x_wconf 81' lang='lat' dir='ltr'><strong>Heb.</strong></span> <span class='ocrx_word' id='word_1_912' title='bbox 2623 5359 2796 5430; x_wconf 51' lang='lat'><strong>13319.</strong></span> <span class='ocrx_word' id='word_1_913' title='bbox 2826 5375 2935 5417; x_wconf 76' lang='lat' dir='ltr'><strong>Itzec</strong></span> <span class='ocrx_word' id='word_1_914' title='bbox 2980 5369 3319 5430; x_wconf 63' lang='lat' dir='ltr'><strong>interpretatio</strong></span> <span class='ocrx_word' id='word_1_915' title='bbox 3341 5371 3535 5420; x_wconf 83' lang='lat' dir='ltr'><strong>videtur</strong></span> <span class='ocrx_word' id='word_1_916' title='bbox 3557 5374 3752 5422; x_wconf 88' lang='lat' dir='ltr'><strong>omnino</strong></span> <span class='ocrx_word' id='word_1_917' title='bbox 3773 5385 3875 5421; x_wconf 80' lang='lat' dir='ltr'><strong>esse</strong></span> 
     </span>
    </p>
   </div>
   <div class='ocr_carea' id='block_1_116' title="bbox 2293 5425 3872 5494">
    <p class='ocr_par' dir='ltr' id='par_1_116' title="bbox 2293 5425 3872 5494">
     <span class='ocr_line' id='line_1_116' title="bbox 2293 5425 3872 5494; baseline 0.006 -22"><span class='ocrx_word' id='word_1_918' title='bbox 2293 5425 2432 5488; x_wconf 82' lang='lat' dir='ltr'><strong>juxta</strong></span> <span class='ocrx_word' id='word_1_919' title='bbox 2448 5427 2792 5488; x_wconf 73' lang='lat' dir='ltr'><strong>Symmachum,</strong></span> <span class='ocrx_word' id='word_1_920' title='bbox 2806 5431 2888 5491; x_wconf 90' lang='lat' dir='ltr'><strong>qui</strong></span> <span class='ocrx_word' id='word_1_921' title='bbox 2902 5443 3070 5479; x_wconf 84' lang='lat' dir='ltr'><strong>vocem</strong></span> <span class='ocrx_word' id='word_1_922' title='bbox 3086 5425 3276 5490; x_wconf 59' lang='lat' dir='ltr'><strong>manu</strong></span> <span class='ocrx_word' id='word_1_923' title='bbox 3294 5434 3440 5482; x_wconf 85' lang='lat' dir='ltr'><strong>vertit</strong></span> <span class='ocrx_word' id='word_1_924' title='bbox 3453 5441 3632 5494; x_wconf 61' lang='lat' dir='ltr'><strong>Graece,</strong></span> <span class='ocrx_word' id='word_1_925' title='bbox 3653 5448 3872 5493; x_wconf 64' lang='grc' dir='ltr'><strong>ιςαιτισθην,</strong></span> 
     </span>
    </p>
   </div>
   <div class='ocr_carea' id='block_1_117' title="bbox 2301 5496 3300 5559">
    <p class='ocr_par' dir='ltr' id='par_1_117' title="bbox 2301 5496 3300 5559">
     <span class='ocr_line' id='line_1_117' title="bbox 2301 5496 3300 5559; baseline 0.008 -14"><span class='ocrx_word' id='word_1_926' title='bbox 2301 5496 2403 5559; x_wconf 80' lang='lat' dir='ltr'><strong>hoc</strong></span> <span class='ocrx_word' id='word_1_927' title='bbox 2416 5504 2508 5555; x_wconf 81' lang='lat' dir='ltr'><strong>est,</strong></span> <span class='ocrx_word' id='word_1_928' title='bbox 2524 5496 2778 5559; x_wconf 78' lang='lat' dir='ltr'><strong>imnwrsus</strong></span> <span class='ocrx_word' id='word_1_929' title='bbox 2801 5515 2928 5559; x_wconf 80' lang='lat' dir='ltr'><strong>smn,</strong></span> <span class='ocrx_word' id='word_1_930' title='bbox 2949 5501 3118 5550; x_wconf 79' lang='lat' dir='ltr'><strong>Psalm.</strong></span> <span class='ocrx_word' id='word_1_931' title='bbox 3153 5504 3231 5552; x_wconf 90' lang='lat'><strong>68.</strong></span> <span class='ocrx_word' id='word_1_932' title='bbox 3249 5505 3300 5552; x_wconf 81' lang='lat'><strong>5.</strong></span> 
     </span>
    </p>
   </div>
   <div class='ocr_carea' id='block_1_118' title="bbox 2364 5556 3876 5627">
    <p class='ocr_par' dir='ltr' id='par_1_118' title="bbox 2364 5556 3876 5627">
     <span class='ocr_line' id='line_1_118' title="bbox 2364 5556 3876 5627; baseline 0.005 -23"><span class='ocrx_word' id='word_1_933' title='bbox 2364 5556 2438 5620; x_wconf 88' lang='lat' dir='ltr'><strong>(b)</strong></span> <span class='ocrx_word' id='word_1_934' title='bbox 2471 5558 2614 5608; x_wconf 71' lang='lat' dir='ltr'><strong>Savil.</strong></span> <span class='ocrx_word' id='word_1_935' title='bbox 2641 5573 2654 5607; x_wconf 89' lang='lat'><strong>:</strong></span> <span class='ocrx_word' id='word_1_936' title='bbox 2689 5577 2711 5606; x_wconf 76' lang='lat' dir='ltr'><strong>tt</strong></span> <span class='ocrx_word' id='word_1_937' title='bbox 2735 5569 2845 5610; x_wconf 64' lang='lat' dir='ltr'><strong>tunc</strong></span> <span class='ocrx_word' id='word_1_938' title='bbox 2871 5556 2978 5623; x_wconf 83' lang='lat' dir='ltr'><strong>pars</strong></span> <span class='ocrx_word' id='word_1_939' title='bbox 2996 5564 3227 5622; x_wconf 61' lang='lat' dir='ltr'><strong>historiae,</strong></span> <span class='ocrx_word' id='word_1_940' title='bbox 3253 5577 3364 5627; x_wconf 73' lang='lat' dir='ltr'><strong>qua:</strong></span> <span class='ocrx_word' id='word_1_941' title='bbox 3401 5567 3665 5616; x_wconf 86' lang='lat' dir='ltr'><strong>etiamnum</strong></span> <span class='ocrx_word' id='word_1_942' title='bbox 3689 5566 3736 5615; x_wconf 91' lang='lat' dir='ltr'><strong>in</strong></span> <span class='ocrx_word' id='word_1_943' title='bbox 3759 5561 3876 5613; x_wconf 81' lang='lat' dir='ltr'><strong>chal-</strong></span> 
     </span>
    </p>
   </div>
   <div class='ocr_carea' id='block_1_119' title="bbox 2301 5619 3877 5689">
    <p class='ocr_par' dir='ltr' id='par_1_119' title="bbox 2301 5619 3877 5689">
     <span class='ocr_line' id='line_1_119' title="bbox 2301 5619 3877 5689; baseline 0.004 -21"><span class='ocrx_word' id='word_1_944' title='bbox 2301 5619 2423 5689; x_wconf 68' lang='lat' dir='ltr'><strong>dteo</strong></span> <span class='ocrx_word' id='word_1_945' title='bbox 2447 5619 2888 5689; x_wconf 71' lang='lat' dir='ltr'><strong>exst.at,__tcmpore</strong></span> <span class='ocrx_word' id='word_1_946' title='bbox 2914 5619 3346 5689; x_wconf 62' lang='lat' dir='ltr'><strong>_Chrysostomi,&#39;ut</strong></span> <span class='ocrx_word' id='word_1_947' title='bbox 3384 5629 3589 5684; x_wconf 82' lang='lat' dir='ltr'><strong>videtur,</strong></span> <span class='ocrx_word' id='word_1_948' title='bbox 3633 5630 3681 5676; x_wconf 91' lang='lat' dir='ltr'><strong>in</strong></span> <span class='ocrx_word' id='word_1_949' title='bbox 3716 5627 3877 5689; x_wconf 55' lang='lat' dir='ltr'><strong>(trarii</strong></span> 
     </span>
    </p>
   </div>
   <div class='ocr_carea' id='block_1_120' title="bbox 2304 5683 3876 5751">
    <p class='ocr_par' dir='ltr' id='par_1_120' title="bbox 2304 5683 3876 5751">
     <span class='ocr_line' id='line_1_120' title="bbox 2304 5683 3876 5751; baseline -0.003 -18"><span class='ocrx_word' id='word_1_950' title='bbox 2304 5685 2451 5751; x_wconf 74' lang='lat' dir='ltr'><strong>etiam</strong></span> <span class='ocrx_word' id='word_1_951' title='bbox 2481 5683 2731 5751; x_wconf 69' lang='lat' dir='ltr'><strong>deicibus</strong></span> <span class='ocrx_word' id='word_1_952' title='bbox 2757 5683 3169 5751; x_wconf 54' lang='lat' dir='ltr'><strong>_exst:1bat,&#39;_qtt:e</strong></span> <span class='ocrx_word' id='word_1_953' title='bbox 3215 5683 3343 5738; x_wconf 74' lang='lat' dir='ltr'><strong>nunc</strong></span> <span class='ocrx_word' id='word_1_954' title='bbox 3387 5691 3435 5737; x_wconf 90' lang='lat' dir='ltr'><strong>in</strong></span> <span class='ocrx_word' id='word_1_955' title='bbox 3469 5683 3718 5751; x_wconf 80' lang='lat' dir='ltr'><strong>omnibus,</strong></span> <span class='ocrx_word' id='word_1_956' title='bbox 3761 5683 3876 5748; x_wconf 87' lang='lat' dir='ltr'><strong>quod</strong></span> 
     </span>
    </p>
   </div>
   <div class='ocr_carea' id='block_1_121' title="bbox 2307 5744 3875 5810">
    <p class='ocr_par' dir='ltr' id='par_1_121' title="bbox 2307 5744 3875 5810">
     <span class='ocr_line' id='line_1_121' title="bbox 2307 5744 3875 5810; baseline 0.002 -19"><span class='ocrx_word' id='word_1_957' title='bbox 2307 5744 2472 5810; x_wconf 80' lang='lat' dir='ltr'><strong>sciam,</strong></span> <span class='ocrx_word' id='word_1_958' title='bbox 2490 5747 2666 5810; x_wconf 67' lang='lat' dir='ltr'><strong>Graecis</strong></span> <span class='ocrx_word' id='word_1_959' title='bbox 2691 5746 2898 5810; x_wconf 80' lang='lat' dir='ltr'><strong>vulgatis</strong></span> <span class='ocrx_word' id='word_1_960' title='bbox 2918 5744 3245 5810; x_wconf 76' lang='lat' dir='ltr'><strong>desideratur.</strong></span> <span class='ocrx_word' id='word_1_961' title='bbox 3271 5767 3292 5795; x_wconf 70' lang='grc' dir='ltr'><strong>ι</strong></span> <span class='ocrx_word' id='word_1_962' title='bbox 3326 5758 3374 5799; x_wconf 91' lang='lat' dir='ltr'><strong>tn</strong></span> <span class='ocrx_word' id='word_1_963' title='bbox 3398 5759 3416 5796; x_wconf 85' lang='lat'><strong><em>\</em></strong></span> <span class='ocrx_word' id='word_1_964' title='bbox 3432 5749 3591 5810; x_wconf 75' lang='lat' dir='ltr'><strong>ulgata</strong></span> <span class='ocrx_word' id='word_1_965' title='bbox 3616 5744 3875 5798; x_wconf 63' lang='lat' dir='ltr'><strong>tantsti&#39;uo-</strong></span> 
     </span>
    </p>
   </div>
   <div class='ocr_carea' id='block_1_122' title="bbox 2311 5804 3002 5867">
    <p class='ocr_par' dir='ltr' id='par_1_122' title="bbox 2311 5804 3002 5867">
     <span class='ocr_line' id='line_1_122' title="bbox 2311 5804 3002 5867; baseline 0.01 -16"><span class='ocrx_word' id='word_1_966' title='bbox 2311 5812 2410 5853; x_wconf 85' lang='lat' dir='ltr'><strong>stra</strong></span> <span class='ocrx_word' id='word_1_967' title='bbox 2435 5804 2629 5867; x_wconf 80' lang='lat' dir='ltr'><strong>legitur.</strong></span> <span class='ocrx_word' id='word_1_968' title='bbox 2659 5804 2839 5857; x_wconf 72' lang='lat' dir='ltr'><strong>Daniel.</strong></span> <span class='ocrx_word' id='word_1_969' title='bbox 2863 5811 2909 5857; x_wconf 84' lang='lat'><strong>5.</strong></span> <span class='ocrx_word' id='word_1_970' title='bbox 2926 5809 3002 5858; x_wconf 75' lang='lat'><strong>22.</strong></span> 
     </span>
    </p>
   </div>
  </div>
