4030 6392
568 347 677 403 455

567 462 725 532 φησὶ,
751 460 877 523 τοὺς
914 456 1305 527 κολαζομένους
1350 453 1795 525 σπουδαιοτέρους
1822 454 1986 518 ποιεῖ,
2002 448 2139 504 ἀλλά

569 554 664 606 καὶ
695 552 793 621 τῆς
831 549 994 602 αὑτοῦ
1026 548 1355 614 θεογνωσίας
1390 545 1694 615 ἐκλάμπειν
1735 540 2141 614 παρασκευάζει

565 642 658 696 τὸν
696 641 878 708 λόγον·
919 638 1013 692 καὶ
1059 637 1157 690 ῐδοι
1185 654 1271 700 τις
1328 636 1393 689 ἂν
1443 635 1640 706 μᾶλλον
1677 633 1837 688 αῦτδν
1892 631 2139 686 ἐντεῦθεν

567 730 961 800 ἐπιστρέφοντα
988 726 1116 789 τοὺς
1150 722 1489 794 ἀνθρώπους.
1521 723 1652 775 ’ὐτε
1691 720 1821 790 γοῦν
1867 718 2009 773 κατά
2036 716 2142 769 τῶν

566 820 825 891 κρημνῶν
867 819 1048 871 εἴασεν
1089 814 1373 885 ἐνεχθῆναι
1401 813 1498 884 τὴν
1528 812 1725 882 ἀγέλην
1769 809 1876 862 τῶν
1907 807 2139 879 χοίρων,

566 912 658 965 καὶ
708 907 1204 977 καταποντισθῆναι
1246 906 1327 967 εἰς
1362 904 1460 975 τὴν
1492 902 1799 963 θάλασσαν,
1827 899 1947 952 τότε
1986 897 2144 968 μάλι-

564 1020 664 1055 στα
697 1001 1094 1070 ἐξεπλάγησαν.
1149 1000 1259 1051 Καὶ
1298 998 1357 1049 ἐν
1411 998 1478 1067 τῇ
1529 995 1743 1065 Παλαιᾷ
1780 994 1830 1045 οί
1875 990 2138 1051 Ἰουδαῖοι,

565 1096 705 1150 Ὅτε
736 1093 1086 1149 ἀπέκτεινεν
1114 1090 1355 1155 αὐτοὺς,
1391 1089 1522 1142 τότε
1565 1085 1882 1152 ἐξεζήτουν
1919 1081 2139 1145 αὑτὸν,

563 1185 746 1249 καθώς
805 1202 969 1255 φησιν
1000 1184 1028 1236 0
1056 1183 1362 1253 Προφήτης.
1396 1180 1505 1234 Kal
1536 1179 1587 1232 τί
1632 1178 1830 1248 δήποτε
1872 1174 2031 1229 τοῦτο
2079 1171 2140 1225 00

566 1277 804 1350 συνεχῶς
832 1277 974 1329 ποιεῖ
1019 1274 1219 1346 μᾶλλον
1252 1289 1267 1339 ;
1300 1273 1420 1326 Ὅτι
1448 1273 1508 1325 00
1542 1269 1787 1342 βούλεται
1822 1266 2139 1338 βιαιότερον,

565 1370 703 1423 0110
756 1369 851 1421 καὶ
887 1363 1411 1437 προαιρετικώτερον
1456 1362 1524 1416 10
1559 1364 1657 1433 τῆς
1710 1360 1912 1431 ἀρετῆς
1945 1374 2142 1427 κατορ-

567 1460 810 1523 θοῦσθαι,
827 1457 1137 1529 καὶμᾶλλον
1157 1457 1642 1526 εὐεργετουμένους
1668 1454 1700 1525 ἢ
1728 1450 2137 1521 κολαζομένους.

566 1553 677 1605 Kal
706 1551 877 1621 πόσῳ,
897 1550 1047 1620 φησὶ,
1066 1548 1273 1618 βέλτιον
1305 1547 1518 1619 ἀνάγκη
1551 1542 1689 1597 εἶναι
1712 1543 1913 1613 ἀγαθὸν
1943 1541 1976 1612 ἢ
2005 1558 2142 1612 προ-

566 1644 776 1716 αιρέσει
809 1642 1011 1707 κακόν;
1047 1641 1162 1693 Οὐκ
1203 1639 1349 1691 ἔστιν
1387 1636 1589 1705 ἀγαθὸν
1630 1633 1768 1689 εἶναι
1800 1635 2032 1706 ἀνάγκη.
2082 1634 2140 1685 'U

554 1735 668 1803 ,μὲν
699 1732 807 1801 γὰρ
844 1730 920 1801 τῷ
944 1729 1127 1800 δεσμῷ
1156 1729 1440 1797 γινόμενος
1493 1725 1653 1787 καλὸς
1676 1765 1689 1786 ,
1718 1725 1819 1777 οὐκ
1857 1724 2011 1777 ἔσται
2055 1722 2141 1775 ἀεί

565 1844 696 1879 ποτε
731 1824 926 1885 καλὸς,
956 1821 1091 1875 ἀλλά
1125 1821 1223 1891 τῆς
1261 1818 1504 1887 ἀνάγκης
1554 1814 1919 1883 ἀπαλλαγεὶς,
1975 1815 2141 1865 ἐπαν-

554 1911 685 1987 ’ήξει
733 1916 869 1986 πρῖς
894 1913 990 1984 τὴν
1023 1912 1217 1965 κακίαν
1244 1925 1257 1939 ⁸
1303 1914 1331 1963 0
1370 1910 1427 1963 δέ
1458 1906 1968 1977 παιδαγωγούμενος
1999 1904 2140 1956 ὥστε

566 2007 881 2079 προαιρέσει
912 2003 1162 2072 γενέσθαι
1191 2002 1374 2067 καλὸς,
1396 2001 1705 2071 γενόμενος,
1732 1999 1926 2067 πάγιος
1968 1996 2137 2067 μένει.

556 2096 673 2154 ’Ἐν
717 2098 841 2165 τοῖς
892 2100 1083 2168 ἔργοις
1124 2094 1243 2148 τῶν
1276 2093 1489 2165 χειρῶν
1512 2092 1698 2147 αὑτοῦ
1727 2087 2085 2157 συνέλήφθη
2109 2089 2143 2141 δ

566 2188 937 2264 ἁμαρτωλός.
972 2190 1048 2242 O0
1096 2188 1204 2241 τῶν
1245 2187 1442 2259 χειρῶν
1477 2184 1571 2239 τοῦ
1616 2182 1753 2238 Θεοῦ
1793 2178 1967 2247 εἶπεν,
2006 2178 2144 2235 ἀλλά

563 2284 669 2339 τῶν
698 2283 901 2355 χειρῶν
921 2280 1013 2334 τοῦ
1043 2277 1393 2352 ἀμαρτωλοῦ.

634 2472 705 2537 η’.
739 2460 892 2528 Εἶδες
914 2462 1032 2526 πῶς
1060 2460 1325 2515 ποικίλλει
1362 2458 1453 2513 τὸν
1480 2458 1657 2528 λόγον,
1688 2460 1782 2514 καὶ
1813 2457 1911 2529 τὴν
1940 2456 2145 2513 ἀνωθεν

565 2557 745 2628 φέρων
773 2554 1057 2625 τιμωρίαν,
1086 2553 1178 2606 καὶ
1201 2552 1299 2623 τὴν
1328 2548 1435 2605 ἀπὸ
1464 2549 1564 2620 τῆς
1591 2547 1785 2613 κακίας
1820 2548 2037 2616 ἐπάγων
2069 2546 2146 2599 δί-

566 2667 697 2722 κην;
734 2648 861 2711 Πῶς
890 2646 989 2719 τὴν
1040 2644 1245 2699 ἄνωθεν
1285 2641 1589 2713 τιμωρίαν;
1620 2640 1987 2695 Γινώσκεται
2031 2640 2147 2693 Κύ-

565 2760 712 2810 ριος,
754 2739 907 2811 φησὶ,
941 2739 1194 2807 κρίματα
1222 2733 1426 2789 ποιῶν.
1457 2732 1581 2797 Πῶς
1619 2731 1719 2804 τὴν
1757 2731 1866 2785 ἀπὸ
1895 2731 1993 2801 τῆς
2043 2747 2146 2783 κα-

565 2835 689 2897 κίας
738 2833 940 2903 δίκην;
986 2827 1407 2898 Ἐνεπάγησαν
1447 2826 1593 2893 ἔθνη
1640 2825 1709 2879 έν
1754 2821 2061 2893 διαφθορᾷ,
2104 2816 2145 2894 ᾖ

565 2924 881 2993 ἐποίησαν.
917 2923 1027 2976 Καὶ
1085 2920 1248 2974 πάλιν
1280 2919 1378 2991 τὴν
1434 2917 1541 2972 ἀπὸ
1572 2915 2007 2988 τῆςκπονηρίας·
2050 2916 2146 2969 Ἑν

565 3017 690 3084 τοῖς
707 3018 901 3087 ἔργοις
927 3012 1046 3067 τῶν
1076 3010 1289 3081 χειρῶν
1311 3009 1496 3064 αὑτοῦ
1529 3007 1883 3077 συνελήφθη
1906 3009 1938 3061 ὁ
1961 3006 2146 3076 ἁμαρς

565 3109 774 3173 τωλός.
800 3103 937 3159 υῦτε
971 3103 1080 3173 γὰρ
1113 3102 1279 3173 μόνην
1300 3100 1399 3171 τὴν
1435 3098 1586 3170 παρὰ
1610 3097 1703 3151 τοῦ
1726 3097 1859 3151 Θεοῦ
1881 3097 2029 3167 λέγει
2059 3114 2142 3150 τι-

569 3197 803 3267 μωρίαν,
851 3195 1038 3266 ὲπειδὴ
1073 3194 1253 3265 μέλλει
1283 3191 1539 3254 πολλάκις
1572 3190 1667 3245 καὶ
1704 3189 1988 3261 βραδύνει’
2020 3187 2145 3243 οὔτε

572 3290 740 3360 μόνην
760 3289 857 3359 τὴν
884 3287 992 3342 ἀπὸ
1020 3287 1120 3357 τῆς
1145 3286 1342 3348 κακίας
1361 3323 1376 3349 ,
1402 3282 1588 3354 ἐπειδὴ
1622 3283 1808 3336 πολλοὶ
1838 3281 2011 3353 ταύτῃ
2050 3281 2146 3335 καὶ

568 3378 1037 3451 ἐμφιλοχωροῦσιν
1072 3393 1086 3409 ο
1111 3377 1225 3431 ἀλλ’
1269 3373 1610 3447 ἑκατέρωθεν
1655 3372 2014 3443 ἀσφαλίζεται
2054 3373 2145 3426 τὸν

567 3468 745 3539 λόγον.
766 3468 856 3521 Διό
871 3484 1038 3539 φησιν
1056 3483 1069 3497 ·
1098 3467 1199 3520 Ἐν
1226 3464 1350 3532 τοῖς
1370 3465 1565 3535 ἔργοις
1580 3464 1701 3517 τῶν
1722 3463 1935 3533 χειρῶν
1959 3462 2146 3517 αὐτοῦ

568 3559 946 3629 συνελήφθη.
984 3557 1133 3631 [106]
1163 3556 1375 3622 'A110;,
1410 3555 1652 3624 Ταρσῶν
1674 3555 1880 3609 αὐτοῦ.
1917 3554 2007 3627 Μὴ
2039 3553 2147 3607 τοί-

567 3671 662 3707 νυν
708 3652 893 3725 νόμιζε
941 3652 1111 3722 ἑτέρῳ
1161 3649 1589 3713 κατασκευάζειν
1641 3648 1709 3702 τὰ
1757 3650 2144 3719 μηχανήματα,

570 3746 704 3800 ὅταν
750 3743 1104 3817 ἐπιϐουλεύῃς
1128 3759 1142 3772 ·
1178 3740 1387 3812 σεαυτῷ
1430 3742 1540 3813 γάρ
1572 3740 1790 3805 πλέκεις
1828 3740 1894 3794 τά
1933 3740 2143 3794 δίκτυα.

578 3835 717 3908 ᾮδὴ
750 3835 1078 3906 διάψαλμα.
1111 3834 1323 3898 Ἀλλος,
1356 3832 1588 3903 Φθοτγὴ
1612 3832 1724 3887 ἀεί.
1746 3832 1957 3896 Ἀλλος,
1989 3835 2147 3886 Μελ-

565 3928 772 3997 ᾠδημα
828 3928 941 3981 ἀεί.
1001 3926 1058 3979 ’0
1084 3926 1140 3978 δὲ
1183 3925 1449 3997 Ἐϐραῖος,
1507 3922 1769 3994 Ἐγγαὼν
1812 3923 1947 3978 σέλ.
1995 3924 2149 3976 Ἄπο-

569 4014 1011 4083 στραφήτωσαν
1032 4016 1086 4067 οὶ
1129 4013 1460 4082 ἁμαρτωλοὶ
1492 4014 1578 4079 εἰς
1614 4013 1721 4066 τὸν
1752 4012 1924 4080 ᾅδην,
1953 4012 2149 4069 πάντα

567 4104 644 4158 τὰ
676 4104 819 4169 ἔθνη
863 4102 936 4155 τὰ
988 4102 1506 4171 ἐπιλανθανόμενα
1568 4101 1673 4156 τοῦ
1721 4102 1889 4156 Θεοῦ.
1932 4102 2145 4168 Ἀλλος,

582 4192 1077 4263 Ἀναστρέψουσι.
1117 4192 1285 4246 Πάλιν
1314 4194 1425 4256 τοῖς
1450 4192 1630 4255 αὐτοῖς
1650 4192 1913 4263 ἐπιμένει,
1935 4192 2149 4257 δεικνὺς

568 4286 649 4339 ὅτι
681 4286 714 4357 ἡ
747 4283 914 4338 κακία
938 4286 1037 4355 τὴν
1069 4284 1288 4339 κόλασιν
1330 4284 1439 4355 ἔχει
1471 4282 2020 4355 συγκεκληρωμένην,
2055 4284 2149 4338 καὶ

571 4378 602 4447 ἡ
628 4376 852 4431 ἀσέϐεια
898 4375 1125 4429 θάνατον
1163 4374 1371 4438 τίκτει,
1399 4373 1547 4443 καὶή
1580 4372 1823 4443 ἁμαρτία
1847 4371 2145 4436 κινδύνους.

585 4473 690 4524 Ὀτι
725 4472 836 4524 οὐκ
876 4473 963 4536 εὶς
993 4469 1167 4536 τέλος
1218 4465 1695 4535 ἐπιλησθήσεται
1748 4468 1781 4518 ὁ
1820 4465 2075 4535 πτωχὸς,
2106 4466 2145 4535 ἡ

568 4561 842 4630 ὑπομονὴ
874 4560 992 4615 τῶν
1024 4561 1299 4630 πενήτων
1327 4562 1438 4614 οὐκ
1477 4556 1785 4613 ἀπολεῖται
1822 4559 1908 4623 εἰς
1953 4556 2145 4623 τέλος.

572 4653 763 4716 ’Λλλος
796 4654 1130 4724 ἑρμηνευτής
1158 4668 1339 4721 φησιν’
1357 4653 1439 4704 Οὐ
1466 4650 1576 4719 γὰρ
1602 4652 1688 4714 είς
1714 4647 1880 4715 τέλος
1909 4651 1946 4718 ἡ
1970 4665 2149 4718 προσ-

569 4744 742 4797 δοκία
789 4743 907 4797 τῶν
944 4743 1148 4811 πράων
1188 4742 1684 4812 ἐπιλησθήονεται.
1726 4740 1923 4804 Καλῶς
1973 4738 2146 4807 εἶπεν,

568 4838 673 4903 Et;
707 4836 899 4902 τέλος,
938 4836 1149 4899 δεικνὺς
1177 4836 1258 4889 ὅτι
1302 4836 1401 4888 οὐκ
1435 4835 1520 4888 ἀεὶ
1556 4834 1737 4888 ἄνεσίν
1762 4852 1845 4897 τις
1883 4833 2145 4905 ἐπιζητεῖ.

567 4924 680 4979 Ποῦ
706 4925 813 4996 γὰρ
836 4923 1181 4994 δειχθήσεται
1209 4924 1277 4979 10
1305 4924 1405 4995 τῆς
1438 4924 1735 4996 ὑπομονῆς,
1761 4927 1809 4979 εί
1846 4926 1934 4978 ἀεὶ
1967 4926 2149 4991 άνεσις

570 5016 753 5089 μέλλοι
776 5012 950 5081 εἷναι;
987 5012 1053 5069 Ὃ
1098 5015 1153 5069 δὲ
1188 5015 1334 5083 λέγει
1355 5057 1370 5081 ,
1400 5014 1640 5068 τοιοῦτόν
1672 5017 1817 5069 ἐστι·
1851 5016 2016 5088 Δίκην
2050 5016 2151 5069 δὼ-

458 5144 461 5147 λ
568 5128 752 5164 σουσιν
786 5110 835 5162 οί
864 5108 1109 5179 πονηροὶ,
1148 5107 1244 5160 καὶ
1272 5107 1340 5161 τά
1373 5107 1573 5178 ἔσχατα
1606 5109 1904 5161 πείσονται.
1938 5109 2013 5162 U0
2040 5108 2147 5179 γὰρ

566 5203 813 5285 ἀνέξεται
842 5204 871 5256 0
911 5202 1042 5265 Θεὸς
1084 5198 1173 5254 διὰ
1221 5198 1423 5265 παντὸς
1478 5200 1602 5264 τοὺς
1653 5201 2038 5272 ἀδικουμένους
2089 5203 2148 5254 ἐν

478 5298 496 5323 ‘
567 5294 875 5358 ἐπιϐουλαῖς
903 5289 1061 5348 εἶναι.
1116 5288 1396 5345 Ἐντεῦθεν
1423 5291 1517 5344 καὶ
1543 5288 1763 5354 τούτους
1806 5289 2157 5363 παραμυθεῖσ

567 5400 685 5450 ται,
715 5385 1002 5448 κάκείνους
1040 5384 1215 5454 φοϐεῖ,
1236 5385 1331 5436 καὶ
1358 5382 1451 5436 τοῦ
1478 5379 1612 5435 Θεοῦ
1633 5381 1869 5434 δείκνυσι
1898 5382 1995 5454 τὴν
2026 5381 2148 5451 φιλ-

569 5472 903 5543 ανθρωπίαν,
945 5475 1026 5527 δτι
1065 5473 1159 5528 καὶ
1182 5476 1215 5544 ή
1264 5471 1521 5544 μέλλησις
1568 5472 1694 5535 τοὺς
1732 5472 1828 5543 μὲν
1859 5473 2149 5543 δοκιμωτέ-

482 5596 489 5597 κ
572 5580 695 5631 ρους
741 5563 1051 5633 ἐργάζεται,
1093 5565 1221 5628 100;
1252 5565 1309 5619 δέ
1347 5567 1426 5629 εἰς
1471 5564 1758 5636 μετάνοιαν
1800 5564 1971 5618 ἕλκει.
2004 5565 2148 5636 Ὅρα

573 5652 731 5704 πάλιν
783 5656 908 5718 τοὺς
961 5655 1197 5724 πένητας
1257 5653 1705 5726 εὐδοκιμοῦντας·
1756 5655 1998 5726 πένητας
2049 5656 2147 5725 οὐχ

574 5741 780 5807 ἁπλῶς,
814 5742 949 5800 ἀλλὰ
972 5745 1097 5808 100;
1130 5746 1615 5819 συντετριμμένους
1642 5747 1704 5817 τῇ
1738 5745 1953 5818 καρδίᾳ.
1984 5738 2145 5802 Οὗτοι

1244 340 1303 395 S.
1339 337 1619 395 JOANNIS
1653 331 2141 394 CIIIKYSOSTOMI
2178 331 2494 390 ARCIIIEP.
2530 335 3074 392 CONSTANTINOP.

2246 448 2353 520 γάρ
2403 452 2635 519 μάλιστά
2683 454 2789 505 είσι
2840 451 2933 505 καὶ
2986 451 3123 521 πρὸς
3168 448 3441 521 ὑπομονὴν
3487 447 3802 519 ἐπιτήδειον

2246 542 2448 612 μᾶλλον
2475 542 2533 596 δέ
2562 543 2765 614 ἄλληλα
2812 540 3312 612 συγκατασκευάζει
3344 540 3537 605 ταῦτα,
3566 540 3599 610 η
3629 555 3808 593 ταπει-

2242 634 2541 706 νοφροσύνη
2569 634 2667 706 τὴν
2686 635 2983 705 ὑπομονὴν,
3012 634 3045 703 ἡ
3078 631 3322 703 ὑπομονὴ
3348 631 3445 702 τὴν
3466 646 3810 701 ταπεινοφρο-

2244 726 2428 797 σύνην.
2464 726 2524 779 Et
2547 726 2603 780 δέ
2626 743 2709 789 τις
2730 725 2897 779 εἴποιο
2931 725 3040 778 Καὶ
3073 723 3192 788 πῶς
3223 723 3385 778 πενία
3412 726 3445 793 ὴ
3466 738 3809 791 ταπεινοφροο

2244 817 2375 888 σύνη
2401 834 2415 882 ;
2444 818 2621 870 ἐκεῖνο
2648 815 2903 887 ἐροῦμεν,
2941 816 3023 869 δτι
3061 815 3196 886 αῦτη
3242 814 3644 885 ἐπιτηδειοτέρα
3679 812 3810 885 πρὸς

2242 910 2463 978 ἀρετήν.
2498 909 2555 962 Ὀ
2580 909 2678 979 μὲν
2707 907 2815 979 γάρ
2860 906 3106 959 πλουτῶν
3136 906 3312 969 ἀλύει,
3346 904 3442 959 καὶ
3475 904 3773 977 θορυϐεῖται
3792 919 3807 935 ·

2240 998 2269 1049 0
2295 998 2353 1052 δὲ
2380 998 2548 1070 πένης
2596 998 2772 1051 πάντα
2806 996 3005 1068 ῥᾳδίως
3051 996 3227 1067 φέρει.
3259 995 3510 1067 καθάπερ
3538 997 3594 1048 ἐν
3623 994 3810 1049 παλαί-

2245 1107 2382 1161 στρᾳ
2400 1094 2466 1162 τῇ
2495 1091 2653 1162 πενία
2684 1090 2942 1152 πολλάκις
2965 1106 3034 1158 γυ
3043 1089 3396 1159 μναζόμενος.
3419 1087 3517 1141 Διά
3546 1086 3701 1140 τοῦτο
3723 1086 3814 1140 καὶ

2241 1185 2270 1237 0
2298 1184 2530 1255 Χριστὸς
2559 1184 2765 1252 ἔλεγεν,
2789 1184 2871 1237 δτι
2899 1182 3156 1236 δύσκολον
3184 1180 3325 1251 μετά
3355 1180 3586 1235 πλούτου
3612 1180 3692 1243 είς
3717 1178 3810 1247 τὴν

2245 1276 2518 1346 βασιλείαν
2552 1276 2833 1330 εἰσελθεῖν.
2853 1275 2919 1329 Τί
2950 1276 3121 1338 ἐστιν,
3156 1274 3227 1329 Ἠ
3254 1271 3525 1342 ὑπομονὴ
3568 1270 3687 1325 τῶν
3724 1285 3815 1325 πε-

2241 1367 2441 1436 νήτων
2473 1370 2584 1422 οὐκ
2624 1366 2935 1423 ἀπολεῖται
2964 1369 3053 1433 εὶς
3080 1367 3286 1432 τέλος
3312 1364 3603 1426 Οὐδέποτε,
3633 1365 3811 1433 φησὶν,

2242 1460 2378 1516 ά).λά
2421 1462 2635 1523 πάντως
2662 1459 2996 1531 ἀπολήψεται
3024 1458 3115 1511 τὸν
3149 1458 3347 1511 οἰκεῖον
3382 1457 3610 1528 καρπόν.
3646 1457 3813 1527 Ὅπερ

2244 1554 2339 1606 ἐπὶ
2367 1553 2477 1606 τῶν
2520 1551 2787 1624 βιωτικῶν
2818 1552 2917 1604 οὐκ
2958 1551 3060 1617 ἔνι,
3089 1549 3205 1605 ἀλλ’
3234 1549 3487 1603 ἐκπίπτει
3517 1548 3612 1602 τοῦ
3636 1547 3814 1610 τέλους

2244 1646 2503 1710 πολλάκις
2529 1686 2544 1710 ,
2575 1644 2682 1699 τῶν
2739 1644 2916 1697 πόνων
2977 1642 3351 1698 ἀπολωλότων.
3414 1641 3525 1694 Kal
3575 1639 3683 1712 γὰρ
3726 1640 3815 1694 καὶ

2243 1738 2486 1809 γεωργὸς
2508 1739 2787 1809 ἀναμένει,
2811 1741 2905 1794 καὶ
2924 1740 3163 1812 ἔμπορος
3179 1757 3193 1772 ⁶
3211 1740 3471 1804 πολλάκις
3503 1739 3561 1793 δὲ
3594 1738 3698 1792 ὑπὸ
3723 1738 3814 1808 τῆς

2243 1830 2349 1883 τῶν
2383 1832 2557 1901 ἀέρων
2602 1832 2919 1902 ἀνωμαλίας
2971 1834 3271 1905 ἀμφότεροι
3316 1833 3408 1887 τοῦ
3444 1833 3660 1906 καρποῦ
3713 1832 3815 1886 τῶν

2245 1920 2421 1973 πόνων
2449 1920 2827 1976 ἐκπίπτουσιν.
2864 1921 2987 1975 Ἐπὶ
3020 1924 3077 1977 δὲ
3112 1922 3207 1976 τοῦ
3238 1922 3371 1977 Θεοῦ
3402 1923 3503 1975 οὐκ
3535 1922 3615 1975 ἒνι
3644 1920 3813 1987 τοῦτο,

2243 2011 2378 2066 ἀλλά
2406 2013 2618 2086 ἀνάγκη
2657 2017 2872 2080 πάντως
2910 2016 3213 2071 ἀπολαῦσαι
3246 2016 3340 2071 τοῦ
3388 2017 3597 2079 τέλους.
3628 2017 3702 2070 00
3735 2034 3816 2087 μι-

2244 2102 2376 2174 κρὸν
2397 2102 2451 2156 δὲ
2480 2104 2635 2158 τοῦτο
2668 2107 2744 2170 είς
2791 2107 3143 2177 παραμυθίας
3186 2106 3364 2175 λόγον,
3395 2106 3455 2160 10
3488 2105 3709 2177 θαρρεῖν
3736 2106 3818 2160 ἀεὶ

2246 2197 2372 2267 περὶ
2399 2196 2491 2249 τοῦ
2515 2198 2722 2261 τέλους.
2756 2199 3083 2266 Ἀνάστηθι.
3101 2200 3293 2266 Κύριε,
3310 2196 3395 2267 μὴ
3418 2197 3817 2267 κραταιούσὼ

2245 2286 2575 2356 ἄνθρωπος.
2610 2289 2822 2354 Ἀλλος,
2861 2288 2958 2359 Μὴ
2989 2290 3402 2358 θρωυνέονθω.
3436 2288 3817 2359 Κριθήτωοναν

2243 2379 2387 2448 ἔθνη
2407 2380 2664 2436 ἐνώπιόν
2706 2398 2844 2437 σου.
2876 2382 3101 2447 Ἄλλος,
3133 2381 3247 2436 Καὶ
3297 2382 3448 2436 κατὰ
3502 2381 3818 2450 πρόσωπόν

2243 2485 2381 2525 σου.
2406 2473 2591 2526 Εἰπὼν
2617 2474 2717 2545 τὴν
2743 2474 2939 2528 κακίαν
2965 2474 3063 2545 τὴν
3098 2475 3425 2546 κατέχουσαν
3455 2474 3585 2538 100;
3611 2472 3818 2538 πλείους

2245 2562 2352 2617 τῶν
2383 2563 2707 2636 ἀνθρώπων,
2733 2567 2825 2620 καλ¹
2865 2565 3266 2638 διηγησάμενος
3298 2566 3398 2638 τὴν
3425 2566 3709 2638 πονηρίαν,
3723 2566 3817 2627 τὰς

2246 2653 2523 2724 ἀρπαγάς,
2544 2655 2644 2719 τάς
2665 2654 2993 2721 πλεονεξίας,
3011 2656 3110 2721 τάς
3122 2657 3493 2727 ἀνδροφονίας,
3520 2656 3818 2730 παρακαλεῖ

2243 2741 2335 2795 τὸν
2370 2742 2501 2796 Θεὸν
2542 2744 2683 2815 ῦπέρ
2718 2744 2818 2815 τῆς
2849 2744 2956 2798 τῶν
2995 2744 3362 2816 ἀδικουμένων
3394 2744 3670 2817 βοηθείας.
3698 2745 3814 2799 Τοι-

2245 2834 2381 2888 αῦτα
2410 2834 2519 2906 γὰρ
2547 2835 2656 2889 τῶν
2710 2838 2880 2905 ἁγίων
2930 2836 2998 2890 10
3034 2837 3349 2907 σπλάγχνα,
3384 2836 3459 2909 μὴ
3496 2836 3569 2891 10
3618 2836 3816 2891 ἑαυτῶν

2247 2928 2518 2999 μεριμνᾷν
2567 2928 2727 2999 μόνον
2747 2969 2761 2993 ,
2794 2926 2909 2981 ἀλλ’
2950 2927 3138 3001 ὥσπερ
3165 2928 3293 2999 περὶ
3328 2929 3457 2999 μιᾶς
3491 2929 3693 2993 οίκίας,
3726 2928 3816 2997 τῆς

2244 3017 2639 3091 οίκουμένης,ἢ
2675 3018 2923 3091 σώματος
2952 3020 3088 3085 ἐνὸς,
3115 3018 3206 3073 τοῦ
3230 3020 3336 3073 τῶν
3368 3018 3673 3091 ἀνθρώπων
3691 3020 3817 3089 πλή-

2246 3107 2391 3175 θους,
2418 3108 2561 3163 οὕτω
2590 3110 2926 3181 παρακαλεῖν
2952 3111 3041 3165 τὸν
3078 3110 3230 3165 Θεόν.
3264 3110 3606 3179 Ἀνάστηθι,
3628 3112 3814 3179 Κύριε,

2238 3200 2326 3271 μὴ
2352 3203 2762 3271 κραταιούσθω
2782 3203 3112 3271 ἅνθρωπος.
3130 3204 3195 3257 Τί
3214 3203 3272 3257 δέ
3301 3205 3468 3265 ἐστιν,
3487 3203 3813 3270 Ἀνάστηθι,

2246 3291 2396 3365 [107]
2445 3294 2659 3361 Κύριες
2713 3294 3015 3361 Ἐπέξελθε,
3065 3294 3218 3365 φησὶ,
3267 3293 3551 3366 βοήθησον,
3599 3296 3819 3349 κόλασον

2243 3384 2370 3448 τοὺς
2414 3384 2750 3450 ἀδικοῦντας.
2799 3387 2910 3439 Kal
2951 3385 3131 3450 καλῶς
3171 3389 3286 3449 τοῖς
3331 3386 3558 3457 ὀνόμασι
3600 3388 3817 3457 γυμνοῖς

2246 3477 2536 3547 ἐχρήσατο,
2559 3475 2748 3540 εἰπὼν,
2780 3475 3119 3547 Ἀνάστηθι,
3147 3479 3262 3541 καὶ,
3292 3478 3390 3547 Μὴ
3414 3481 3819 3547 κραταιούσθω

2245 3570 2553 3640 ἅνθρωπος
2580 3590 2595 3604 ⁸
2623 3571 2763 3627 ὥστε
2793 3572 3051 3645 δηλῶσαι,
3076 3573 3157 3627 δτι
3176 3575 3205 3627 0
3237 3572 3479 3643 εὐτελὴς,
3512 3573 3541 3625 0
3562 3573 3675 3626 ἀπὸ
3697 3571 3817 3641 γῆς.

2244 3664 2274 3716 0
2302 3665 2476 3736 τέφρα
2495 3664 2589 3718 καὶ
2615 3665 2823 3730 σποδός.
2840 3665 3228 3735 Κριθήτωσαν
3246 3667 3390 3733 ἔθνη
3411 3665 3674 3720 ἐνᾶπτιόν
3685 3680 3816 3720 σου.

2247 3754 2312 3809 Τί
2343 3755 2459 3808 ἐστι
2501 3754 2697 3821 τοῦτο;
2732 3757 2982 3811 Δότωσαν
3023 3756 3200 3829 δίκην,
3231 3757 3400 3828 φησὶ,
3439 3757 3548 3809 τῶν
3579 3759 3820 3828 ἁμαρτη-

2251 3847 2456 3918 μάτων.
2492 3846 2566 3900 00
2595 3847 2849 3915 γεγόνασι
2881 3849 2946 3919 τῇ
2991 3848 3344 3921 μακροθυμίᾳ
3371 3846 3646 3918 βελτίους’
3666 3847 3820 3901 ἀπαί-

2246 3956 2412 4009 τησον
2450 3938 2679 4003 εὐθύνας
2728 3940 2837 3993 τῶν
2893 3940 3326 4011 τετολμημένων.
3390 3938 3817 4008 Κατὰστησον,

2248 4032 2444 4099 Κύριε,
2468 4031 2799 4100 νομοθέτην
2820 4031 2912 4085 ἐπ’
2935 4032 3155 4098 αὐτοῖς.
3187 4030 3524 4086 Γνώτωσαν
3551 4032 3723 4099 ἔθνη,
3738 4030 3820 4084 ὅτι

2248 4122 2547 4191 ἄνθρωποί
2582 4126 2721 4179 εισι.
2767 4125 3100 4194 Διὰψαλμα.
3142 4124 3357 4189 Ἄλλος,
3408 4125 3542 4180 Ἀεί.
3593 4125 3660 4179 Τί
3691 4127 3817 4183 ἐστι.

2248 4215 2646 4283 Κατάστησον
2660 4217 2988 4285 νομοθέτην
3001 4215 3205 4283 αὐτοῖς
3223 4234 3245 4282 ;
3276 4217 3448 4279 Ἐπεὶ,
3475 4217 3629 4289 φησὶ,
3658 4216 3821 4271 καθά-

2249 4326 2354 4379 περ
2394 4310 2452 4362 ἐν
2501 4309 2796 4381 αὐτονομίᾳ
2854 4310 3029 4364 πάντα
3077 4310 3395 4382 πράττουσι,
3456 4309 3530 4381 μὴ
3583 4309 3821 4371 θέλοντες

2247 4402 2446 4457 διδόναι
2494 4401 2683 4474 δίκην,
2713 4402 2988 4469 ἐπέξελθε,
3029 4402 3124 4455 καὶ
3171 4401 3412 4471 γενέσθω
3458 4402 3643 4467 αὐτοῖς
3667 4404 3701 4473 ή
3744 4418 3821 4454 τι-

2251 4494 2430 4564 μωρία
2452 4494 2573 4547 ἀντὶ
2592 4493 2873 4558 νουθεσίας
2892 4496 2936 4548 ⁸.
2961 4493 3132 4547 Τοῦτο
3154 4494 3249 4548 καὶ
3277 4495 3461 4568 ἕτερος
3484 4494 3663 4565 δηλῶν
3684 4491 3817 4558 εἷπε,

2249 4583 2663 4653 Κατάστησον,
2688 4585 2887 4653 Κύριε,
2906 4587 3143 4654 φόϐημα
3168 4585 3391 4652 αὐτοῖς.
3427 4586 3568 4657 Ὅρα
3616 4586 3732 4649 πῶς
3763 4584 3819 4637 00

2249 4675 2467 4729 κόλασιν
2497 4675 2675 4728 αὐτῶν
2715 4675 2981 4746 ἐπιζητεῖ,
3014 4675 3149 4729 0110
3176 4676 3459 4731 νουθεσίαν
3490 4678 3584 4745 καὶ
3600 4676 3821 4749 διόρθω-

2252 4784 2356 4832 σιν,
2395 4768 2489 4822 καὶ
2513 4766 2574 4820 10
2598 4768 2671 4838 μὴ
2706 4767 3038 4840 παρανόμως
3072 4768 3192 4839 ζῇν.
3223 4768 3416 4822 Ἔσται
3447 4769 3557 4842 γὰρ
3587 4772 3620 4840 ἡ
3658 4786 3822 4839 τιμω-

2252 4859 2344 4931 ρία
2368 4860 2572 4925 αὐτοῖς,
2606 4859 2791 4929 φησὶν,
2815 4858 2934 4913 ἀντὶ
2962 4858 3242 4923 νουθεσίας
3265 4877 3280 4893 ο
3312 4861 3414 4914 οὐκ
3437 4861 3622 4923 αὐτοῖς
3648 4859 3705 4913 δὲ
3731 4858 3821 4928 p.0-

2251 4969 2359 5017 vov,
2378 4950 2513 5007 0110
2542 4951 2634 5004 καὶ
2662 4951 2889 5023 ἑτέροις.
2907 4952 3018 5005 Kal
3049 4951 3135 5005 ἵνα
3170 4952 3347 5024 μάθῃς
3373 4952 3496 5006 ὅσον
3523 4952 3583 5005 10
3614 4951 3819 5022 κέρδος,

2250 5042 2343 5095 καὶ
2370 5040 2487 5104 πῶς
2513 5040 2860 5094 καταστέλλει
2904 5041 3139 5112 νόσημα,
3163 5042 3327 5096 ἄκουε
3366 5041 3460 5095 τοῦ
3488 5040 3640 5110 ἑξῆς.
3666 5038 3823 5094 Γνώ-

2250 5148 2449 5186 τωσαν
2494 5132 2662 5200 ἔθνη,
2693 5132 2880 5203 φησὶν,
2909 5131 2998 5185 ὅτι
3030 5131 3329 5201 ἄνθρωποι
3351 5134 3527 5187 εἰσιν.
3553 5133 3621 5185 Ὃ
3652 5131 3711 5185 δὲ
3741 5129 3823 5183 λέ-

2247 5241 2335 5292 γει
2382 5222 2622 5277 τοιοῦτόν
2655 5225 2803 5277 ἐστι’
2836 5223 3029 5278 Πολλοὶ
3056 5225 3151 5278 καὶ
3189 5223 3348 5278 τοῦτο
3391 5223 3818 5287 ἀπολωλέκασιν,

2249 5313 2573 5369 ἐπελάθοντο
2592 5313 2692 5385 τῆς
2714 5314 2948 5384 φύσεως,
2972 5316 3053 5379 εἰς
3074 5315 3272 5387 μανίαν
3294 5314 3604 5383 ἐξώκειλαν,
3628 5315 3822 5385 ἠτνὸηι

2252 5421 2351 5457 σαν
2386 5405 2631 5470 ἐαυτούς.
2651 5406 2760 5460 Kal
2794 5406 2975 5470 καλῶς
3001 5406 3310 5479 προσέθηκε
3339 5407 3419 5472 10,
3468 5406 3594 5471 Ἄει,
3620 5406 3709 5460 ἵνα
3729 5406 3821 5474 δη-

2248 5496 2418 5572 λώσῃ,
2444 5497 2527 5550 δτι
2552 5498 2652 5551 οὐκ
2680 5499 2739 5552 ἐν
2765 5501 2887 5564 ταῖς
2928 5499 3289 5571 δυσπραγίαις
3329 5500 3514 5571 μόνον,
3545 5499 3681 5553 ἀλλά
3731 5495 3822 5550 καὶ

2314 5637 2338 5664 ⁸
2357 5634 2573 5702 Colberl:
2604 5642 2656 5702 e_l
2680 5636 2830 5702 Sayil.
2879 5638 2960 5689 hic
2998 5643 3053 5689 el
3082 5639 3215 5702 infra,
3241 5640 3343 5689 ἀντὶ
3361 5637 3657 5702 νομοθεσίας,
3688 5634 3821 5702 Qu!"Si

2248 5698 2379 5768 dicas
2420 5710 2510 5768 ρζρ
2553 5697 2879 5768 Ιορὶειςιιὶοηε,
2926 5702 3003 5752 vel
3042 5713 3137 5762 pro
3183 5701 3299 5751 data
3352 5697 3472 5764 (ego.
3523 5697 3822 5749 Sed’w’Mt-

2251 5760 2357 5815 σίας
2377 5760 2557 5808 melius
2578 5760 2800 5822 quadrat.

3712 338 3803 391 15$
3897 354 3909 364 '
