4030 6472
208 366 377 424 ,ι’Ξῶ

300 485 469 545 tione!
515 486 640 542 Non
689 488 882 544 solum
930 489 1109 555 enim,
1153 486 1349 556 inquit,
1391 484 1512 538 facit
1541 498 1634 537 eos
1665 480 1915 535 meliores

319 583 397 656 qui
436 581 775 653 castigantur
797 623 815 646 ,
865 581 965 636 sed
1015 580 1139 634 facit
1174 580 1330 633 etiam
1354 620 1367 641 ,
1400 584 1456 630 ut
1489 575 1578 629 Dei
1606 572 1925 641 c0gnitionis

322 677 520 732 eluceat
542 674 684 729 ratio
706 692 721 728 :
740 682 796 729 ct
820 690 881 729 cr
923 687 991 728 co
1016 671 1181 742 magis
1207 670 1413 724 videtur
1438 667 1713 721 hominum
1739 679 1923 721 curam

326 785 526 843 gerere.
547 767 685 826 Cum
711 770 898 838 itaque
927 766 1164 837 permisit
1186 778 1397 836 gregem
1429 776 1710 833 porcorum
1736 760 1921 816 detur-

324 863 467 926 bari,
514 861 647 917 etin
676 861 813 914 mari
855 858 1124 926 submergi
1166 856 1185 926 (
1216 855 1379 909 Marc.
1408 854 1460 910 5.
1494 852 1639 923 15),
1672 862 1798 907 tunc
1826 852 1922 907 ad-

325 953 606 1008 miratione
653 951 885 1005 maxima
931 947 1158 1019 perculsi
1189 953 1331 1001 sunt.
1380 943 1436 999 In
1486 944 1667 999 Veteri
1711 958 1924 1014 quoque

323 1045 675 1101 Testamento
707 1041 898 1107 Judtci,
950 1038 1165 1106 Quando
1205 1054 1290 1092 eos
1338 1036 1627 1099 occidebat,
1660 1044 1780 1090 tunc
1809 1052 1925 1089 eum

325 1134 654 1205 quaerebant,
702 1129 1149 1203 quemadmodum
1180 1128 1309 1182 dicit
1338 1127 1594 1199 propheta
1624 1125 1798 1197 (Psal.
1832 1127 1921 1181 77.

328 1228 441 1296 54).
473 1226 548 1280 Ει
576 1240 677 1280 cur
706 1239 810 1279 non
844 1223 947 1278 hoc
976 1221 1100 1276 facit
1130 1220 1499 1292 frequentius?
1523 1220 1782 1287 Quoniam
1809 1219 1925 1274 vult

327 1335 429 1372 non
459 1332 563 1387 per
589 1318 698 1370 vim
726 1325 782 1372 ct
805 1314 1225 1385 compulsionem
1246 1355 1261 1379 ,
1309 1312 1403 1368 sed
1436 1329 1530 1383 per
1559 1313 1781 1368 liberam
1821 1327 1921 1369 vo-

325 1411 586 1465 luntatem
606 1410 857 1464 virtutem
876 1408 1135 1474 exerceri,
1155 1417 1208 1461 et
1225 1405 1485 1461 beneficio
1504 1406 1682 1476 potius
1701 1406 1923 1463 affectos

325 1519 483 1574 quam
512 1502 754 1574 punitos.
784 1500 853 1555 Et
876 1508 1104 1571 quanto,
1146 1498 1275 1554 dicit
1301 1499 1596 1570 quispiam,
1624 1500 1815 1554 melius
1841 1507 1925 1555 est

325 1609 441 1648 esse
467 1593 795 1648 necessitate
818 1591 1014 1646 bonum
1037 1633 1051 1658 ,
1081 1605 1238 1662 quam
1267 1590 1468 1644 malum
1499 1589 1667 1645 libero
1693 1589 1922 1661 eligendi

326 1682 588 1738 arbitrio?
615 1682 732 1737 Non
777 1689 950 1753 potest
976 1680 1096 1751 quis
1129 1695 1247 1737 esse
1275 1680 1447 1736 bonus
1486 1695 1551 1735 cx
1580 1681 1919 1736 necessitate.

325 1774 422 1841 Qui
444 1775 595 1829 enim
624 1773 837 1830 vinculo
858 1773 1169 1844 illaqueatus
1197 1772 1367 1827 bonus
1391 1780 1493 1838 est,
1523 1787 1630 1827 non
1656 1772 1758 1828 erit
1782 1788 1924 1828 sem-

329 1882 423 1936 per
448 1867 627 1921 bonus
650 1907 666 1931 ,
690 1865 811 1921 sed
828 1880 858 1919 a
885 1864 1201 1920 necessitate
1238 1864 1495 1918 liberatus
1532 1872 1831 1919 revertetur
1854 1865 1922 1919 ad

325 1960 507 2014 vitium
538 1977 553 2012 :
577 1959 669 2029 qui
693 1968 870 2013 autem
900 1959 971 2012 ita
998 1956 1311 2024 instituitur,
1340 1965 1399 2012 ut
1425 1971 1519 2011 sua
1542 1957 1707 2012 libera
1727 1957 1919 2012 volun-

324 2059 427 2106 tate
456 2049 554 2104 fiat
599 2051 789 2113 bonus,
837 2064 959 2104 cum
1003 2048 1174 2103 bonus
1219 2046 1391 2103 factus
1434 2046 1626 2116 fuerit,
1667 2058 1921 2104 constans

325 2154 503 2197 manet
536 2152 593 2199 et
622 2142 852 2197 stabilis.
888 2140 952 2196 In
991 2140 1225 2213 aperibus
1267 2158 1511 2196 manuum
1538 2159 1746 2197 suarum
1775 2159 1920 2198 com-

324 2236 610 2305 prehensus
649 2246 723 2288 est
763 2243 1014 2306 peccator.
1045 2233 1159 2289 Non
1188 2233 1347 2301 dixit,
1379 2232 1629 2289 Manuum
1657 2234 1773 2302 Dei,
1801 2234 1916 2303 sed,

320 2330 573 2385 Mannum
602 2329 915 2400 peccatoris.

386 2422 444 2477 8.
480 2420 800 2490 Quibusdam
827 2421 889 2475 de
914 2413 1137 2476 versibus
1164 2420 1561 2492 prteredentibus
1578 2460 1593 2487 ,
1622 2437 1799 2476 rursus
1824 2421 1923 2476 ad-

320 2517 523 2582 notatis,
540 2514 1043 2586 subsequentiumque
1053 2515 1411 2586 expositionem
1426 2532 1593 2582 orsus,
1609 2515 1920 2571 demonstrat

322 2618 670 2679 paupertatem
692 2608 760 2661 ad
787 2608 1017 2662 virtutem
1046 2607 1291 2678 aptiorem
1315 2624 1421 2662 esse
1446 2607 1654 2662 divitiis.
1678 2637 1750 2647 —
1770 2606 1921 2662 Vidi-

323 2703 385 2756 sti
416 2701 695 2772 quomodo
714 2700 887 2755 variat
911 2699 1232 2768 orationem,
1255 2708 1310 2756 et
1337 2700 1479 2772 quod
1506 2715 1572 2756 ex
1598 2701 1732 2757 cazlo
1755 2700 1919 2756 infer-

324 2803 403 2847 tur
431 2793 758 2863 supplicium
800 2793 1069 2857 inferens,
1100 2801 1155 2847 et
1186 2806 1372 2863 ptenas
1408 2807 1529 2863 qua:
1555 2807 1585 2847 a
1611 2792 1741 2848 vitio
1769 2793 1919 2849 inﬂi-

321 2893 517 2955 guntur
543 2883 845 2938 inducens?
872 2883 1154 2952 Quomodo
1184 2883 1499 2953 supplicium
1521 2883 1664 2954 quod
1689 2884 1919 2942 infertur

319 2992 381 3031 ex
406 2977 580 3032 melo?
606 2975 959 3047 Cognoscitur,
990 2976 1181 3046 inquit,
1206 2974 1457 3030 Dominus
1474 2976 1677 3048 judicia
1702 2977 1915 3046 faetens.

317 3068 600 3136 Quomodo
630 3084 817 3139 pinnas
844 3085 966 3141 qua:
995 3068 1306 3141 infliguutnr
1331 3086 1361 3126 a
1388 3070 1559 3126 vitio?
1589 3067 1778 3140 Inﬁm
1801 3078 1919 3126 sunt

317 3171 480 3230 gentes
509 3162 567 3215 in
601 3161 840 3225 interitu,
869 3177 1019 3232 quem
1045 3164 1294 3231 fecerunt.
1339 3160 1406 3215 Et
1446 3175 1635 3216 rursus
1662 3175 1756 3216 eas
1796 3176 1918 3232 qua:

322 3254 736 3323 proficiscuntur
765 3252 834 3309 ab
878 3254 1216 3324 improbitate
1253 3269 1267 3306 :
1308 3251 1376 3307 In
1414 3252 1646 3325 aperibus
1672 3270 1917 3308 manuum

319 3362 528 3399 suarum
555 3345 951 3415 comprehensus
977 3354 1049 3400 est
1077 3353 1325 3414 peccator.
1352 3343 1470 3399 Non
1500 3344 1643 3400 enim
1671 3344 1800 3401 dicit
1829 3360 1917 3401 so-

316 3441 425 3493 lum
471 3438 797 3510 supplicium
827 3437 970 3508 quod
1012 3451 1042 3491 a
1084 3437 1195 3493 Deo
1238 3436 1628 3507 proficiscitur,
1659 3437 1916 3509 quoniam

314 3544 458 3599 sape
484 3536 776 3585 cunctatur
802 3537 855 3584 et
884 3527 1100 3583 differt:
1129 3543 1303 3599 neque
1331 3526 1505 3583 solum
1532 3529 1675 3599 quod
1704 3545 1734 3584 a
1760 3529 1912 3598 vitio,

314 3621 566 3694 quoniam
599 3620 751 3675 multi
793 3619 846 3674 in
876 3634 941 3675 eo
971 3620 1200 3675 libenter
1227 3628 1511 3675 versantur
1553 3637 1569 3675 :
1614 3620 1710 3676 sed
1740 3622 1913 3675 utrin-

313 3730 417 3785 que
446 3713 736 3770 confirmat
761 3713 1080 3768 orationem.
1123 3712 1192 3767 Et
1236 3712 1356 3768 ideo
1395 3712 1557 3779 dicit,
1591 3712 1658 3768 In
1682 3713 1914 3785 aper-ibus

312 3823 561 3861 eranum
610 3822 820 3860 suarum
861 3806 1250 3878 comprehensus
1290 3815 1384 3861 est.
1433 3806 1585 3863 Alius
1605 3847 1621 3874 ,
1670 3806 1915 3862 Volarwn

311 3916 521 3954 suarum
552 3898 675 3971 (ιι).
703 3897 781 3954 Νε
806 3914 932 3969 ergo
960 3899 1263 3962 existimes.
1296 3906 1347 3954 te
1376 3898 1825 3954 machinationem
1857 3898 1913 3954 in

312 3992 478 4046 alium
505 3991 711 4059 moliri,
737 3989 949 4062 quando
973 3990 1135 4045 struis
1162 3989 1320 4046 alicui
1349 3989 1568 4046 insidias
1602 4008 1615 4043 :
1648 3990 1740 4045 tibi
1767 3990 1912 4046 enim

313 4083 411 4154 ipsi
439 4084 691 4139 contexis
712 4083 866 4138 retia.
890 4081 1098 4149 Cantus,
1125 4082 1431 4152 diapsalma.
1456 4082 1627 4151 Alius,
1655 4083 1768 4138 Vox
1788 4100 1914 4139 sent-

314 4192 419 4246 per.
446 4174 622 4235 Alius.
640 4170 925 4229 Modulatio
944 4192 1158 4246 semper.
1187 4175 1444 4230 llebraaus
1464 4175 1912 4247 autem,'Engaon

312 4268 403 4322 sel.
458 4268 546 4323 18.
592 4266 956 4323 Convertuntur
1000 4277 1283 4337 peccatores
1316 4269 1370 4322 in
1413 4268 1705 4341 infernum,
1738 4284 1912 4324 omnes

311 4369 481 4429 gentes
508 4374 630 4431 qua:
659 4358 1022 4413 obliviscuntur
1060 4356 1243 4414 Deum.
1291 4360 1444 4415 Alius
1468 4401 1483 4428 ,
1530 4361 1907 4416 Convertentur.

313 4448 369 4503 In
412 4449 607 4505 iisdem
653 4464 842 4505 rursus
884 4451 1151 4520 persistit,
1184 4451 1471 4507 ostendens
1499 4452 1682 4507 vitium
1714 4452 1913 4510 habere

313 4541 636 4611 supplicium
669 4541 1013 4596 constitutum
1035 4585 1049 4606 ,
1082 4553 1135 4599 et
1164 4543 1490 4615 impietatem
1530 4559 1720 4613 parere
1762 4561 1941 4612 mor-_

284 4642 442 4695 item,
470 4642 525 4687 ct
557 4639 835 4702 peccatum
867 4635 1117 4703 pericula.
1152 4635 1237 4691 l9.
1267 4637 1519 4703 Quoniam
1544 4654 1646 4691 non
1674 4638 1728 4692 in
1756 4638 1912 4707 linem

315 4723 495 4777 oblivio
521 4724 623 4778 erit
649 4725 905 4794 pauperis,
937 4726 1181 4795 patientia
1211 4745 1494 4799 pauperum
1520 4746 1621 4784 non
1651 4730 1827 4800 peribit
1857 4731 1909 4786 in

316 4817 486 4882 ﬁnem.
516 4815 672 4871 Alius
695 4816 958 4887 interpres
979 4818 1123 4885 dicit,
1152 4818 1273 4874 Non
1299 4823 1431 4877 enim
1456 4822 1509 4875 in
1537 4822 1689 4889 ﬁnem
1714 4822 1912 4876 mitium

315 4907 631 4977 exspectatio
656 4906 884 4962 tradetur
904 4907 1160 4963 oblivioni.
1190 4910 1420 4967 Pulchre
1448 4911 1601 4979 dixit,
1632 4910 1696 4966 In
1721 4913 1911 4982 ﬁnem:

313 4998 611 5053 οειειιάεηε
639 5012 745 5052 non
782 5013 992 5069 semper
1020 5001 1186 5070 quaeri
1227 5003 1624 5059 remissionem.
1671 5003 1728 5059 Si
1767 5005 1912 5060 enim

313 5102 528 5160 semper
558 5088 734 5144 futura
773 5090 841 5146 sit
877 5092 1029 5163 quies
1058 5101 1114 5147 et
1141 5093 1424 5162 remissio,
1469 5094 1682 5150 ubinam
1726 5105 1912 5152 osten-

313 5183 470 5238 detur
506 5184 808 5255 patientia?
849 5185 1003 5254 Quod
1042 5197 1217 5242 autem
1263 5187 1431 5253 dicit,
1478 5196 1561 5244 est
1608 5188 1909 5260 ejusmodi:

314 5274 509 5331 Pinnas
534 5276 740 5331 dabunt
765 5272 990 5348 improbi
1016 5320 1029 5343 ,
1060 5287 1116 5334 et
1141 5291 1380 5335 extrema
1409 5281 1693 5351 patientur.
1727 5281 1912 5352 Neque

312 5368 454 5421 enim
480 5367 621 5422 Deus
648 5369 901 5438 patietur,
925 5378 982 5424 ut
1013 5369 1078 5424 iis
1099 5371 1188 5440 qui
1214 5371 1405 5441 injuria
1433 5371 1759 5440 afficiuntur,
1790 5388 1909 5443 per-

371 5562 447 5629 (ᾳ)
471 5565 519 5611 tn
532 5569 712 5629 Graeco,
727 5582 886 5628 ταμεν,
902 5577 1051 5629 quam
1067 5577 1235 5615 vocem
1252 5565 1513 5629 Gentianus
1524 5572 1770 5617 Hervetus
1783 5566 1914 5618 male

311 5627 549 5689 v_erterat,
569 5627 864 5689 plantarum.
894 5627 1057 5677 Lectio
1080 5634 1260 5685 nostra,
1284 5627 1501 5677 votorum
1527 5640 1742 5685 suarum,
1772 5629 1914 5689 cujus

314 5685 494 5754 sitnon
520 5685 732 5742 notatur.
747 5689 843 5739 Sed
863 5694 963 5747 εει,
990 5695 1045 5754 ut
1068 5689 1277 5754 videtur,
1292 5696 1350 5754 et
1364 5690 1512 5754 Savil.
1531 5696 1681 5754 notat,
1703 5685 1911 5754 Aquilus,

312 5748 390 5807 qui
415 5757 660 5834 vocequ
681 5762 749 5801 tta
774 5751 1029 5803 convertit
1054 5749 1172 5799 I’sal.
1196 5752 1275 5812 77,
1299 5752 1377 5814 72,
1399 5759 1451 5802 et
1469 5751 1574 5815 “8,
1591 5766 1641 5802 v.
1667 5748 1777 5815 H9;
1796 5748 1914 5804 nec;

317 5848 403 5883 non
429 5835 554 5892 issit
570 5846 651 5913 49,
680 5847 756 5899 16.

1476 361 1838 421 ΕΧΡΟΞΙΤΙΟ
1877 359 1941 414 IN
1980 360 2301 420 PSALMUM
2343 362 2433 420 IX.

3527 376 3627 430 151

2039 488 2211 548 pctnae
2239 489 2496 550 parentur
2524 482 2748 539 insidiae.
2788 483 2889 540 Per
2929 484 3031 541 hoc
3074 495 3129 542 et
3171 501 3265 543 eos
3294 488 3624 557 consolatur,

2034 578 2089 624 et
2117 570 2234 625 illos
2265 580 2449 632 terret.
2480 582 2534 627 et
2574 573 2667 629 Dei
2696 576 2931 631 ostendit
2955 576 3291 634 clementiam
3310 621 3324 646 ,
3355 581 3496 649 quod
3529 581 3629 635 bos

2034 661 2247 730 quidem
2290 678 2437 717 mora
2469 660 2641 720 reddit
2671 666 3038 736 probatiores,
3069 667 3191 725 illos
3217 685 3344 725 vero
3375 671 3536 726 trahit
3562 675 3627 726 ad

2035 754 2429 823 paenitentiam.
2461 755 2596 812 Vide
2634 771 2811 813 autem
2852 759 3121 831 quomodo
3150 776 3335 833 rursus
3365 779 3631 835 pauperes

2036 846 2088 900 in
2120 846 2324 903 honore
2354 842 2651 915 habentur,
2684 866 2945 925 pauperes
2971 869 3076 911 non
3107 855 3385 926 absolute,
3414 858 3507 913 sed
3538 861 3627 929 qui

2034 946 2159 991 sunt
2187 939 2401 993 contriti
2429 940 2612 996 corde.
2656 942 2694 997 Ii
2722 944 2865 998 enim
2902 955 3023 1000 sunt
3049 947 3133 1001 vel
3162 948 3394 1004 maxime
3422 949 3532 1020 apti
3563 952 3629 1004 ad

2035 1028 2344 1097 patientiam
2370 1048 2383 1084 :
2419 1031 2504 1086 vel
2533 1047 2592 1087 ea
2628 1034 2802 1104 potius
2829 1050 2888 1090 se
2917 1045 3102 1091 mutuo
3131 1048 3479 1109 comparant,
3524 1040 3629 1094 lm-

2030 1119 2231 1175 militas
2278 1122 2623 1192 patientiam,
2664 1126 2919 1196 patientia
2980 1126 3355 1186 humilitatem.
3404 1131 3460 1187 Si
3506 1134 3628 1203 quis

2033 1223 2211 1269 autem
2239 1213 2465 1283 dixerit,
2497 1217 2564 1272 Et
2589 1220 2861 1289 quomodo
2890 1230 2972 1277 est
3002 1232 3286 1294 paupertas
3308 1223 3580 1281 humilitas
3607 1228 3630 1279 ?

2032 1304 2274 1360 dicemus
2295 1322 2412 1361 eam
2437 1322 2557 1363 esse
2576 1310 2837 1380 aptiorem
2859 1312 2924 1367 ad
2949 1315 3219 1370 virtutem.
3248 1315 3349 1383 Qui
3373 1327 3453 1372 est
3482 1319 3625 1372 enim

2032 1395 2202 1462 dives,
2233 1397 2399 1452 animi
2429 1400 2746 1470 {egritudine
2771 1402 3000 1459 afficitur
3029 1414 3082 1461 et
3110 1406 3460 1462 conturbatur
3490 1426 3502 1462 :
3535 1410 3626 1479 qui

2032 1498 2212 1545 autem
2244 1506 2445 1561 pauper
2473 1501 2590 1560 est,
2625 1499 2804 1549 omnia
2850 1496 2951 1551 fert
2995 1498 3180 1564 facile,
3211 1507 3267 1554 ut
3295 1500 3384 1570 qui
3411 1500 3463 1555 in
3493 1516 3628 1570 pan-

2033 1589 2242 1669 perlate
2270 1582 2434 1638 veluti
2478 1584 2530 1639 in
2575 1585 2802 1654 quadam
2845 1589 3092 1658 paltcstra
3132 1588 3440 1660 frequenter
3467 1607 3627 1647 excr-

2031 1683 2237 1730 ceatur.
2271 1675 2335 1730 Et
2360 1676 2481 1731 ideo
2501 1677 2747 1734 Christus
2768 1696 2979 1752 quoque
3004 1681 3236 1749 dicebat,
3265 1682 3483 1740 difficile
3507 1700 3628 1741 esse

2030 1780 2152 1821 cum
2181 1766 2379 1822 divitiis
2406 1785 2627 1839 regnum
2655 1772 2908 1828 ctclorum
2940 1774 3143 1844 ingredi
3170 1774 3381 1848 (Matth.
3404 1777 3490 1833 19.
3510 1777 3625 1847 c25).

2030 1858 2165 1927 Quid
2209 1868 2294 1915 εει
2333 1870 2547 1928 autem,
2594 1863 2854 1919 Patientia
2892 1881 3175 1938 pauperum
3218 1886 3320 1923 non
3365 1870 3544 1940 peribit
3574 1873 3627 1924 in

2029 1952 2232 2020 ﬁnem?
2260 1953 2582 2024 Numquam,
2617 1957 2807 2028 inquit,
2838 1959 3052 2030 peribit,
3082 1960 3175 2016 sed
3206 1963 3480 2032 proprium
3511 1962 3625 2017 frn-

2029 2053 2171 2099 ctum
2203 2046 2422 2100 omniuo
2464 2047 2706 2118 recipiet.
2756 2049 2909 2117 Quod
2948 2051 3164 2121 quidem
3217 2068 3320 2107 non
3353 2053 3533 2108 evenit
3574 2055 3625 2107 in

2031 2136 2097 2191 iis
2125 2138 2285 2194 rebus
2314 2155 2435 2211 quae
2472 2140 2538 2195 ad
2579 2142 2776 2197 victum
2806 2144 3109 2213 pertinent,
3154 2146 3246 2201 sed
3277 2162 3420 2216 smpe
3464 2148 3625 2202 finem

2030 2244 2137 2283 non
2186 2242 2590 2302 consequuntur
2646 2235 2993 2304 pereuntibus
3051 2236 3342 2293 laboribus.
3395 2238 3526 2293 Nam
3573 2252 3626 2293 ct

2030 2324 2261 2394 agricola
2284 2336 2582 2397 exspectat,
2613 2337 2667 2384 et
2692 2340 2961 2387 mercator
2993 2349 3006 2386 :
3034 2346 3176 2402 stupe
3201 2341 3378 2387 autem
3411 2342 3628 2403 propter

2027 2415 2168 2470 aeris
2206 2417 2579 2488 intemperiem
2612 2421 2824 2491 utrique
2853 2437 2882 2476 a
2914 2422 3087 2477 fructu
3128 2422 3209 2477 sui
3238 2423 3436 2479 laboris
3477 2425 3626 2479 exci-

2028 2505 2179 2561 dunt.
2214 2508 2273 2563 In
2302 2509 2412 2565 Deo
2440 2519 2624 2568 autem
2654 2528 2760 2567 non
2793 2513 2865 2568 ita
2898 2512 2989 2579 fit,
3020 2514 3115 2570 sed
3144 2530 3368 2572 necesse
3395 2525 3478 2571 est
3505 2532 3626 2571 om-

2029 2598 2157 2654 nino
2187 2600 2347 2656 finem
2393 2604 2672 2675 consequi.
2717 2604 2832 2661 lloc
2865 2616 3044 2663 autem
3077 2622 3183 2662 non
3228 2624 3443 2678 parvam
3474 2609 3629 2665 affert

2027 2692 2471 2761 consolationem,
2496 2710 2711 2767 semper
2730 2696 2798 2753 de
2819 2696 2926 2753 fine
2946 2698 3238 2755 confidere.
3259 2698 3351 2754 ΞΟ.
3372 2699 3624 2772 Exsurge,

2026 2781 2269 2853 Domine,
2295 2802 2397 2840 non
2424 2790 2738 2859 confortetur
2766 2789 2935 2845 homo.
2962 2790 3132 2858 Alius,
3165 2790 3285 2846 Non
3314 2793 3490 2847 audax
3510 2795 3623 2864 ﬁat.

2024 2870 2331 2930 ludicentur
2357 2888 2531 2950 gentes
2570 2879 2624 2933 in
2661 2890 2929 2962 conspectu
2959 2890 3066 2936 tuo.
3096 2883 3281 2951 Alius,
3322 2882 3387 2937 Et
3414 2886 3466 2939 in
3496 2887 3629 2958 [acie

2028 2974 2134 3020 tua.
2163 2965 2453 3039 Postquam
2484 2970 2621 3026 dixit
2650 2972 2858 3040 vitium,
2887 2973 3030 3043 quod
3063 2974 3244 3046 plures
3272 2975 3519 3034 homines
3544 2978 3626 3032 in-

2025 3057 2201 3125 vadit,
2243 3068 2299 3114 et
2333 3063 2569 3117 narravit
2608 3063 2881 3118 hominum
2923 3064 3318 3140 improbitatem
3341 3109 3355 3132 ,
3386 3068 3621 3140 rapinas,

2025 3151 2328 3219 avaritiam,
2361 3152 2671 3221 homicidia,
2709 3165 2864 3227 rogat
2890 3157 3056 3213 Deum
3084 3173 3181 3229 pro
3207 3160 3405 3215 auxilio
3434 3177 3622 3217 eorum

2023 3242 2116 3313 qui
2161 3243 2466 3300 afficiuntur
2511 3246 2726 3316 injuria.
2773 3248 2922 3303 Talia
2961 3258 3086 3305 sunt
3128 3250 3273 3306 enim
3315 3261 3622 3309 sanctorum

2025 3335 2251 3404 viscera,
2278 3346 2466 3394 utnon
2495 3340 2669 3396 solum
2701 3341 2812 3397 sint
2835 3343 2904 3398 de
2932 3358 2991 3398 se
3016 3344 3249 3413 solliciti,
3284 3346 3376 3402 sed
3400 3349 3624 3417 perinde

2025 3441 2088 3482 ac
2119 3427 2165 3482 si
2195 3443 2293 3499 pro
2313 3445 2417 3486 una
2444 3431 2625 3500 domo,
2655 3448 2752 3503 pro
2781 3435 2910 3491 orbe
2937 3443 3224 3504 terrarum,
3252 3439 3337 3495 vel
3362 3455 3426 3495 ac
3451 3442 3494 3496 si
3525 3457 3622 3512 pro

2021 3534 2131 3573 uno
2159 3535 2386 3591 corpore
2407 3563 2421 3589 ,
2462 3538 2561 3593 pro
2590 3525 2928 3582 multitudine
2958 3528 3253 3595 hominum,
3289 3530 3358 3585 ita
3392 3547 3622 3600 precen-

2023 3616 2113 3665 tur
2139 3610 2443 3668 Dominum.
2474 3613 2728 3688 Exsurge,
2755 3617 2991 3687 Domine,
3021 3638 3086 3675 ne
3107 3624 3420 3694 confortetur
3446 3624 3619 3680 homo.

2021 3702 2158 3768 Quid
2183 3714 2266 3759 est
2293 3714 2470 3760 autem
2492 3748 2509 3775 ,
2545 3707 2773 3780 Exsurge
2792 3751 2806 3776 ,
2840 3708 3102 3765 Domine?
3130 3713 3492 3785 Persequerc,
3537 3719 3620 3771 in-

2022 3793 2158 3862 quit,
2189 3792 2272 3849 fer
2312 3810 2506 3866 opem,
2544 3798 2670 3867 puni
2698 3813 2794 3854 eos
2838 3800 2927 3871 qui
2956 3798 3199 3854 inferunt
3232 3801 3502 3874 injuriam.
3556 3808 3622 3863 Et

2023 3887 2238 3958 egregie
2260 3889 2417 3943 nudis
2436 3890 2743 3946 nominibus
2763 3906 2891 3947 usus
2909 3901 3012 3960 est,
3041 3909 3162 3950 cum
3183 3894 3339 3965 dixit,
3363 3896 3618 3972 Exsurge,

2021 3987 2095 4046 et,
2125 3978 2246 4034 Non
2272 3984 2584 4052 confortatur
2612 3982 2800 4038 homo:
2828 3994 2886 4040 ut
2911 3985 3179 4057 signiﬁcet
3204 3989 3348 4059 quod
3376 3991 3446 4046 sit
3471 3993 3617 4059 \ilis,

2021 4071 2164 4142 quod
2190 4080 2458 4141 terrenus,
2481 4075 2622 4145 quod
2651 4076 2828 4147 pulvis
2855 4087 2909 4133 ct
2935 4079 3090 4134 cinis.
3118 4078 3426 4138 Judicentur
3448 4095 3618 4157 gentes

2021 4164 2075 4219 in
2103 4175 2373 4237 conspectu
2399 4176 2506 4221 tuo.
2537 4167 2675 4237 Quid
2708 4168 2809 4225 hoc
2838 4172 2963 4226 est?
2996 4172 3164 4241 Dent,
3199 4173 3401 4245 inquit,
3432 4191 3620 4246 poenas

2021 4271 2240 4313 suorum
2274 4267 2634 4328 peccatorum.
2680 4261 2799 4316 Non
2843 4262 3036 4319 redditi
3079 4275 3204 4320 sunt
3242 4267 3495 4324 meliores
3522 4284 3620 4339 pa-

2024 4350 2207 4407 tientia
2233 4368 2248 4417 ;
2280 4351 2577 4409 facinorum
2602 4353 2671 4408 ab
2695 4355 2775 4410 cis
2800 4356 3062 4411 rationem
3089 4373 3339 4429 exposco.
3370 4360 3459 4414 Ἦ.
3485 4361 3623 4416 Gon-

2020 4443 2170 4498 stitue
2192 4485 2206 4509 ,
2235 4442 2456 4501 Domine
2474 4487 2489 4513 ,
2532 4447 2873 4518 legislatorem
2898 4467 3053 4520 super
3081 4468 3183 4505 eos.
3217 4452 3397 4507 Sciant
3425 4463 3617 4525 gentes,

2019 4538 2261 4607 quoniam
2308 4539 2532 4594 homines
2578 4549 2717 4594 sunt.
2768 4540 3092 4612 Diapsalma.
3142 4544 3330 4612 Alius,
3380 4546 3616 4619 Semper.

2021 4634 2161 4703 Quid
2184 4642 2289 4700 est,
2313 4634 2570 4690 Constitue
2590 4636 2928 4709 legislatorem
2948 4656 3100 4711 super
3123 4641 3261 4712 ipsos
3279 4643 3305 4697 ?
3328 4643 3619 4714 Quoniam,

2022 4726 2229 4797 inquit,
2253 4727 2431 4781 omnia
2464 4726 2664 4783 faciunt
2702 4730 2925 4810 perinde
2950 4746 3014 4787 ac
3041 4732 3086 4787 si
3125 4745 3307 4791 essent
3348 4739 3428 4792 sui
3455 4738 3619 4810 juris,

2008 4818 2268 4873 nolentes
2293 4817 2422 4874 dare
2447 4834 2655 4890 ptenas,
2690 4804 2984 4891 ulciscere,
3014 4833 3070 4881 et
3095 4827 3163 4882 sit
3190 4828 3267 4884 eis
3297 4832 3619 4902 supplicium

2022 4924 2120 4979 pro
2149 4907 2537 4968 admonitione.
2569 4911 2682 4969 [loc
2709 4914 2848 4970 alius
2876 4932 3088 4988 quoque
3116 4919 3444 4992 significans,
3472 4924 3619 4982 dicc-

2021 5001 2116 5056 bat
2142 5020 2155 5056 :
2182 5000 2473 5071 Constitue,
2521 5003 2771 5073 Domine,
2806 5008 2878 5063 eis
2903 5008 3152 5063 timorem.
3189 5010 3320 5068 Vide
3346 5015 3621 5084 quomodo

2022 5109 2129 5150 non
2159 5095 2350 5166 qtuerit
2377 5104 2436 5151 ut
2465 5097 2776 5166 puniantur,
2800 5099 2895 5155 sed
2923 5113 2982 5155 ut
3008 5100 3416 5167 admoneantur,
3448 5106 3621 5160 corri-

2021 5198 2248 5259 gantur,
2277 5196 2465 5245 etnon
2497 5190 2677 5246 vivant
2712 5191 2913 5262 inique.
2947 5193 3062 5247 Erit
3086 5194 3263 5261 enim,
3296 5195 3503 5265 inquit,
3537 5199 3619 5253 eis

2022 5281 2344 5352 supplicium
2383 5283 2502 5338 loco
2540 5283 2956 5351 admonitionis,
2991 5299 3095 5340 non
3124 5286 3203 5340 eis
3231 5295 3470 5353 tantum,
3519 5290 3616 5343 sed

2023 5374 2185 5430 etiam
2210 5375 2351 5430 aliis.
2382 5374 2448 5430 Et
2479 5384 2537 5430 ut
2564 5376 2705 5432 scias
2732 5384 2986 5448 quantum
3014 5391 3080 5433 ex
3106 5392 3172 5433 eo
3197 5378 3268 5433 sit
3294 5379 3535 5449 lucrum,
3563 5391 3618 5436 ct

2023 5466 2294 5536 quomodo
2321 5467 2564 5522 morbum
2593 5469 2871 5538 reprimat,
2901 5466 3027 5523 audi
3055 5468 3198 5539 quod
3242 5468 3496 5542 deinceps
3533 5486 3617 5528 8e-

2029 5553 2236 5622 qnitur.
2265 5553 2446 5609 Sciant
2467 5565 2642 5626 gentes
2662 5557 2801 5627 quod
2824 5557 3059 5612 homines
3079 5568 3221 5613 sunt.
3248 5558 3404 5629 Quod
3429 5570 3609 5616 autem

2028 5645 2184 5710 dicit,
2214 5646 2527 5717 hujusmodi
2554 5658 2639 5705 εει
2668 5666 2681 5702 :
2716 5649 2869 5705 Multi
2904 5650 3008 5705 hoc
3035 5652 3199 5707 etiam
3233 5652 3609 5723 perdiderunt,

2027 5747 2239 5793 natura:
2271 5738 2422 5794 obliti
2461 5749 2609 5805 sunt,
2640 5742 2692 5796 in
2726 5741 2963 5799 furorem
2999 5744 3359 5818 impegerunt,
3395 5749 3607 5819 seipsos

2028 5829 2366 5898 ignorarunt.
2397 5832 2459 5887 Et
2482 5835 2703 5904 pulchre
2722 5834 2919 5908 adjecit
2937 5836 3089 5897 illud.
3106 5837 3342 5911 Semper,
3364 5848 3419 5896 ut
3441 5840 3605 5913 signi-
