4030 6398
524 361 626 414 135

525 478 706 531 licaret
748 487 854 527 non
899 469 1070 526 solum
1116 465 1168 521 in
1212 465 1372 520 rebus
1415 461 1695 527 adversis,
1736 458 1831 514 sed
1862 458 2022 511 etiam
2053 455 2106 511 in

526 565 797 622 secundis.
842 562 1038 620 Verum
1064 603 1079 628 ,
1125 560 1169 615 si
1213 574 1307 614 eos
1349 571 1491 612 nunc
1537 554 1812 625 punieris,
1856 549 2115 605 habentes

529 672 780 729 magnum
823 655 1103 719 timorem,
1143 659 1198 706 et
1242 648 1557 705 memoriam
1599 645 1859 701 malorum
1889 655 2010 712 quae
2037 638 2115 693 eis

528 757 861 812 evenerunt,
908 743 1118 801 etiamsi
1163 742 1244 798 eis
1292 755 1546 812 prospere
1595 752 1681 793 res
1724 734 2112 797 successerint,

526 846 698 897 scient
720 855 869 895 suam
902 847 1170 893 naturam.
1198 838 1201 841 ’

599 932 653 987 9.
683 930 987 1003 Ignorantia
1015 926 1218 1001 gravior
1247 924 1552 998 phrenitide.
1570 951 1644 963 —
1664 921 1825 975 Vides
1851 916 2119 989 quomodo

534 1038 627 1092 pro
667 1022 746 1076 eis
790 1021 1085 1074 orationem
1128 1017 1359 1084 emittit,
1401 1029 1693 1083 eorumque
1734 1011 1849 1065 vult
1886 1008 2120 1066 furorem

532 1112 770 1184 corrigi?
794 1113 1015 1181 Seipsos
1037 1110 1179 1165 enim
1210 1108 1457 1178 ignorare
1473 1115 1555 1161 est
1573 1113 1827 1160 extremm
1852 1100 2120 1162 amentia),

528 1215 585 1263 et
615 1204 866 1277 phrenesi
897 1204 1131 1273 gravius.
1164 1200 1278 1255 Hoc
1300 1198 1442 1253 enim
1468 1206 1550 1252 est
1588 1197 1807 1251 morbus
1838 1192 2125 1248 necessita-

537 1299 651 1352 tis:
685 1294 817 1351 illud
848 1307 977 1349 vero
1012 1301 1279 1361 corruptas
1307 1288 1612 1344 voluntatis.
1646 1288 1697 1341 ι.
1728 1284 1792 1340 Ut
1829 1283 1979 1354 quid,
2013 1279 2125 1335 Do-

536 1390 701 1455 mine,
732 1388 979 1443 recessisti
1009 1387 1178 1457 longe,
1211 1385 1427 1455 despicis
1452 1383 1506 1437 in
1545 1377 2009 1453 opportunitatibus
2028 1416 2042 1440 ,
2073 1375 2125 1428 in

538 1479 946 1536 tribulationibus
970 1477 996 1533 ?
1040 1478 1166 1532 llatc
1190 1475 1317 1530 dicit
1341 1472 1626 1545 propheta,
1653 1484 1813 1524 orans
1843 1477 1897 1523 et
1925 1465 2127 1535 suppli-

539 1586 670 1627 cans
692 1586 778 1643 κει
821 1583 1048 1640 persona
1092 1581 1276 1622 eorum
1304 1565 1393 1637 qui
1424 1564 1730 1633 affliguntur
1752 1603 1767 1627 ,
1815 1574 1920 1613 non
1951 1565 2128 1611 autem

539 1676 799 1718 accusans
832 1677 847 1714 :
880 1660 1038 1715 absit.
1083 1657 1216 1714 Nam
1245 1657 1397 1711 multi
1440 1669 1625 1709 eorum
1670 1651 1760 1723 qui
1803 1650 2128 1718 affliguntur,

544 1771 654 1824 pra:
679 1754 868 1809 dolore
896 1752 1117 1821 capiunt
1147 1758 1271 1805 ante
1308 1757 1517 1818 tempus
1554 1743 1878 1800 conveniens
1904 1740 2017 1795 ﬁeri
2042 1739 2129 1809 ju-

543 1846 740 1900 dicium
771 1862 786 1900 :
815 1842 1262 1914 quemadmodum
1288 1840 1375 1910 qui
1413 1846 1662 1893 secantur
1686 1877 1700 1902 ,
1746 1832 1981 1888 nondum
2015 1846 2132 1900 per-

546 1940 682 1994 fecta
712 1937 948 1992 sectione
975 1944 1165 2006 rogant
1192 1934 1453 1988 medicum
1472 1972 1486 1996 ,
1520 1938 1576 1985 ut
1607 1942 1819 1983 manum
1847 1925 2137 1991 abstineat,

547 2031 860 2083 damnosam
890 2026 1103 2096 quidem
1133 2027 1357 2096 gratiam
1388 2030 1649 2092 petentes,
1676 2034 1742 2075 eo
1767 2027 1965 2083 autem,
1994 2013 2135 2086 quod

548 2137 657 2179 non
685 2120 862 2175 ferant
888 2119 1166 2184 dolorem,
1200 2118 1303 2171 hoc
1343 2123 1581 2186 agentes.
1615 2112 1769 2183 S:cpe
1794 2119 1971 2165 autem
1997 2106 2137 2178 apud

548 2212 789 2270 medicos
817 2209 1177 2265 vociferantur
1218 2226 1230 2260 :
1264 2206 1490 2261 Tersisti
1537 2219 1659 2271 me,
1713 2201 1983 2274 perdidisti
2028 2213 2137 2266 me,

551 2320 639 2360 me
683 2302 751 2358 de
794 2302 972 2356 medio
1018 2300 1317 2365 sustulisti;
1366 2300 1480 2352 hare
1529 2305 1705 2350 autem
1736 2295 1896 2349 verba
1939 2309 2047 2348 non
2074 2307 2141 2347 ex

550 2404 750 2461 mente,
781 2392 878 2449 sed
901 2410 966 2448 ex
990 2393 1177 2448 dolore
1204 2391 1520 2461 procedunt.
1551 2390 1622 2444 lta
1665 2399 1811 2444 certe
1852 2386 2002 2442 multi
2039 2401 2139 2455 pu-

553 2486 656 2540 silli
685 2494 739 2539 et
767 2484 959 2553 objecti
988 2484 1149 2537 animi
1178 2482 1381 2548 dicunt,
1424 2481 1475 2535 in
1500 2478 1876 2534 afﬂictionibus
1903 2478 2141 2531 laborem

552 2592 659 2632 non
686 2574 945 2631 ferentes.
976 2572 1274 2644 Sepiionias
1300 2588 1513 2644 quoque
1551 2573 1642 2626 tali
1684 2571 1926 2626 oratione
1955 2569 2140 2625 utitur.

552 2668 660 2724 Sed
702 2665 817 2721 haec
844 2665 1062 2737 quidem
1089 2665 1140 2720 in
1170 2663 1345 2721 Veteri
1372 2706 1386 2731 ,
1416 2664 1630 2734 quando
1672 2673 1825 2717 erant
1851 2661 2143 2717 certamina

557 2758 877 2814 moderata:
908 2757 1065 2827 longe
1106 2764 1283 2810 autem
1313 2754 1509 2809 absunt
1546 2769 1576 2808 a
1614 2754 1747 2809 Novi
1786 2752 2139 2824 philosophia.

551 2851 608 2906 2.
648 2849 781 2904 Dum
821 2849 1045 2921 superbit
1084 2849 1293 2920 impius,
1324 2847 1607 2901 incenditur
1644 2861 1855 2916 pauper.
1898 2843 2144 2915 Compre-

557 2942 848 2996 ltenduntur
879 2941 931 2993 in
956 2939 1183 2993 consiliis
1202 2981 1218 3005 ,
1259 2953 1373 3009 qua:
1409 2938 1650 3009 cogitant.
1696 2936 1844 2991 Alius
1865 2976 1879 3002 ,
1908 2934 2147 3006 Compre-

558 3031 864 3086 ltendantur.
895 3034 950 3087 5.
978 3030 1231 3098 Quoniam
1258 3029 1500 3084 laudatur
1531 3038 1765 3099 peccator
1790 3029 1845 3083 in
1884 3028 2148 3083 desideriis

556 3124 744 3177 animm
774 3138 916 3189 sua,
944 3133 989 3176 et
1017 3123 1218 3192 iniquus
1243 3120 1568 3175 benedicitur.
1606 3121 1658 3174 4.
1694 3119 2019 3173 Etracerbarit
2045 3117 2147 3172 Do-

556 3215 751 3268 minum
806 3223 1057 3285 peccator.
1122 3211 1420 3281 l’rOpheta,
1470 3211 1716 3282 imposita
1774 3211 1874 3266 sibi
1922 3225 2149 3281 persona

557 3304 834 3373 supplicis,
867 3313 925 3360 et
969 3318 1162 3374 rogans
1204 3317 1301 3373 pro
1344 3303 1409 3357 iis
1450 3304 1539 3373 qui
1584 3302 1891 3357 afﬁciuntur
1932 3300 2146 3372 injuria,

561 3395 691 3450 dicit
720 3395 879 3450 etiam
907 3393 1216 3449 affectiones
1241 3409 1361 3464 qua:
1390 3402 1650 3449 venerunt
1674 3435 1688 3460 ,
1733 3409 1852 3464 qua:
1891 3404 2014 3448 sunt
2051 3392 2151 3447 hu-

560 3500 737 3541 manm
775 3484 1184 3550 imbecillitatis;
1217 3499 1410 3554 nempe
1435 3494 1560 3540 ante
1591 3485 1920 3555 punitionem
1947 3484 2066 3555 angi
2097 3492 2153 3539 et

561 3575 856 3631 excruciari
888 3591 1032 3637 cum.
1060 3576 1143 3629 cui
1176 3574 1231 3629 ﬁt
1263 3576 1474 3645 injuria,
1509 3590 1612 3630 non
1651 3576 1907 3632 ferentem
1932 3592 2151 3648 prospe-

565 3668 778 3722 ritatcm
811 3667 1059 3737 improbi.
1090 3666 1206 3722 Non
1239 3676 1321 3724 est
1349 3676 1526 3723 autem
1560 3684 1779 3737 parvum
1812 3668 1913 3723 hoc
1940 3685 2152 3740 quoque

558 3756 898 3827 supplicium.
937 3757 1142 3813 Deinde
1170 3766 1341 3828 rogat,
1375 3767 1432 3812 ut
1467 3758 1593 3813 dent
1622 3772 1838 3828 poenas,
1867 3769 1919 3814 et
1962 3775 2148 3815 eorum

563 3847 617 3901 in
648 3847 854 3919 seipsos
882 3856 1160 3904 vertantur
1197 3849 1441 3915 insidia);
1472 3849 1606 3905 dicit
1631 3851 1789 3905 etiam
1821 3852 2152 3908 intolerabile

560 3954 729 4010 genus
766 3938 1138 4010 improbitatis.
1171 3941 1449 4010 Quodnam
1498 3953 1676 3998 autem
1710 3944 1808 3999 hoc
1850 3946 1972 3999 est?
2012 3944 2150 4013 Quo-

566 4031 705 4084 niam
743 4031 987 4085 laudatur
1014 4042 1247 4102 peccator
1281 4033 1335 4087 in
1364 4033 1627 4087 desideriis
1669 4035 1853 4089 animle
1889 4051 2012 4090 suae.
2048 4036 2152 4091 Pro

568 4122 636 4177 iis
666 4136 762 4191 pro
792 4122 984 4191 quibus
1013 4138 1071 4179 se
1096 4124 1463 4187 abscondere,
1491 4141 1590 4196 pro
1617 4128 1810 4196 quibus
1836 4129 2152 4186 erubescere

564 4213 883 4285 oportebat,
927 4228 1029 4285 pro
1071 4215 1135 4270 iis
1175 4215 1227 4269 in
1275 4215 1629 4273 admiratione
1673 4220 1931 4289 habetur,
1964 4237 2062 4291 pro
2087 4223 2151 4278 iis

561 4304 825 4361 laudatur.
873 4305 1154 4375 Quomodo
1194 4315 1371 4363 autem
1402 4310 1597 4379 p0terit
1640 4309 1762 4365 huic
1790 4311 2041 4383 deinceps
2068 4330 2154 4370 rc-

564 4399 797 4453 mcdium
825 4399 1101 4467 adhiberi,
1133 4400 1346 4471 quando
1373 4400 1620 4456 laudatur
1645 4403 1828 4459 vitium
1852 4403 1876 4458 ?
1920 4404 2032 4460 Hoc
2060 4421 2153 4462 au-

565 4503 672 4547 tem
702 4509 842 4549 nunc
868 4508 1081 4565 quoque
1110 4493 1187 4549 ﬁt.
1231 4492 1329 4550 Hic
1354 4494 1407 4549 in
1437 4494 1791 4552 admiratione
1820 4495 2062 4565 habetur,
2093 4509 2152 4554 ut

563 4582 651 4651 qui
684 4582 755 4637 sit
782 4595 1006 4652 potens;
1037 4584 1129 4640 ille
1155 4600 1283 4641 vero
1302 4627 1316 4652 ,
1349 4595 1406 4640 ut
1431 4586 1519 4657 qui
1549 4586 1840 4643 ulciscatur
1868 4588 2111 4645 inimicos
2137 4609 2150 4646 :

563 4674 700 4733 alios
728 4688 856 4729 vero
883 4685 936 4729 ut
967 4676 1220 4745 prudens,
1254 4679 1503 4747 quoniam
1534 4681 1773 4735 omnium
1804 4681 1943 4737 bona
1972 4696 2155 4737 corra-

563 4762 634 4817 sit
666 4780 680 4817 :
709 4771 764 4818 et
788 4778 907 4819 eum
940 4764 1173 4834 seipsum
1203 4766 1526 4835 perdiderit,
1559 4784 1680 4824 eum
1705 4770 1890 4826 dicunt
1917 4774 2152 4842 seipsnm

565 4855 839 4914 invenisse
857 4898 874 4925 ,
902 4858 1073 4912 etalii
1103 4858 1206 4914 alia
1235 4858 1421 4914 dicunt
1446 4877 1459 4913 :
1488 4860 1556 4917 de
1584 4862 1948 4932 spiritualibus
1975 4874 2153 4920 autem

561 4946 723 5001 rebus
752 4962 820 5003 ne
845 4947 1069 5002 verbum
1110 4948 1347 5019 quidem.
1379 4950 1496 5006 Non
1539 4953 1648 5008 cito
1686 4953 1932 5010 laudatur
1957 4958 2045 5027 qui
2072 4966 2156 5013 est

560 5054 588 5090 ιι
623 5039 851 5109 negotiis
880 5038 1123 5107 alienus;
1170 5054 1270 5096 nec
1314 5045 1643 5112 paupertatis
1667 5054 1875 5100 amator
1899 5064 1913 5101 :
1942 5047 2038 5103 sed
2064 5049 2151 5116 qui

560 5138 643 5183 est
669 5130 974 5199 opulentus,
1004 5140 1352 5202 cauponator,
1387 5133 1654 5203 adulator,
1684 5137 1775 5206 qui
1806 5151 1903 5208 pro
1924 5139 2066 5195 nulla
2095 5155 2155 5196 re

563 5221 679 5274 utili
720 5221 934 5277 servilia
980 5222 1092 5278 obit
1131 5222 1450 5278 ministeria.
1500 5225 1627 5282 Haec
1668 5225 1832 5283 deﬁet
1873 5230 2151 5299 propheta,

560 5312 705 5381 quod
726 5314 912 5369 vitium
941 5314 1012 5370 ita
1044 5314 1354 5384 invaluerit,
1388 5326 1445 5372 ut
1469 5318 1571 5374 sibi
1602 5319 1811 5389 placeat
1838 5329 1892 5376 et
1918 5320 2157 5378 blandia-

565 5410 686 5465 tur,
719 5411 773 5458 et
808 5404 951 5473 quod
977 5414 1059 5460 est
1097 5407 1330 5476 gravius,
1356 5416 1417 5463 ut
1441 5408 1660 5466 minime
1684 5411 2007 5480 erubescat,
2055 5429 2156 5470 nec

559 5489 733 5545 solum
762 5494 996 5563 seipsum
1026 5496 1207 5553 laudet
1247 5511 1466 5571 propter
1493 5516 1556 5556 ea
1588 5517 1706 5572 quas
1738 5500 1896 5569 facit,
1930 5504 2025 5559 sed
2062 5504 2157 5558 ha-

567 5580 692 5637 beat
715 5584 873 5640 etiam
900 5587 1037 5642 alios
1066 5588 1391 5647 laudatores.
1423 5592 1557 5661 Quid
1599 5594 1699 5649 hac
1726 5607 1905 5651 autem
1948 5597 2153 5652 insania

571 5671 732 5726 fixerit
752 5675 1022 5734 deterius?
1053 5677 1384 5737 Exacerbavil
1405 5685 1677 5741 Dominum
1704 5699 1954 5758 peccatOr.
1980 5689 2150 5753 Alius,

566 5762 814 5826 Quoniam
858 5785 972 5823 cum
1016 5769 1239 5825 laudavit
1286 5775 1485 5846 iniquus
1531 5780 1803 5833 secundum
1843 5780 2149 5835 desiderium

1230 350 1285 404 S.
1325 343 1602 401 JOANNIS
1623 338 2095 396 CIIIWSOSTOMI
2137 335 2451 391 ARCllllSP.
2491 334 3021 393 CONSTANTINOP.

3686 337 3770 394 136

2222 455 2407 507 (minue
2442 469 2588 521 sum,
2628 462 2675 506 et
2702 468 2887 506 avarus
2927 450 3216 515 benedixit,
3262 450 3469 504 irritavit
3511 449 3771 508 Dominum.

2222 546 2440 612 Quando
2460 543 2682 600 multata
2704 544 2855 615 fuerit
2880 545 2959 597 ira
2979 543 3113 613 ejus,
3137 559 3239 596 non
3258 544 3455 613 quarit.
3477 542 3639 610 Alius,
3663 544 3780 611 Quia

2220 638 2445 693 laudarit
2487 638 2540 690 in
2568 637 2817 691 desiderio
2845 636 3032 690 animm
3073 650 3214 700 sute,
3246 644 3293 689 et
3321 651 3500 689 avarus
3535 636 3615 706 qui
3649 637 3782 690 beneu

2222 730 2372 794 dixit,
2406 728 2624 782 detraxit
2652 726 2892 781 Domino.
2928 724 3129 798 Impius
3157 726 3432 780 secundum
3458 726 3783 780 exultationem

2221 822 2315 875 ira:
2342 836 2450 874 suta
2475 836 2574 874 non
2600 820 2848 890 exquiret.
2878 818 3221 888 Septuaginta
3253 825 3452 881 autem,
3481 815 3787 871 Exacerbatit

2225 912 2504 968 Dominum
2546 921 2823 985 peccator:
2854 910 3130 965 secundum
3168 909 3539 965 multitudinem
3578 912 3664 965 ira:
3697 925 3791 966 sate

2225 1024 2327 1061 non
2347 1017 2553 1076 quwret.
2582 1005 2770 1062 Vidisti
2793 1021 2899 1077 quo
2923 1005 3109 1060 vitium
3138 1005 3487 1076 processerit?
3511 1006 3641 1074 Quid
3663 1007 3789 1072 dico,

2228 1101 2418 1171 inquit,
2448 1116 2568 1155 eum
2600 1116 2862 1170 pauperes
2890 1099 3132 1154 molestia
3160 1098 3421 1154 afﬁcere?
3447 1098 3620 1169 ipsum
3647 1099 3790 1153 Deum

2231 1194 2422 1247 irritat.
2456 1191 2523 1246 Et
2552 1192 2828 1246 secundum
2853 1190 3225 1245 multitudinem
3248 1192 3341 1245 ira:
3358 1206 3467 1245 suae
3488 1208 3584 1245 non
3605 1201 3791 1262 quaret,

2232 1286 2424 1356 inquit,
2450 1284 2631 1339 Deum.
2667 1284 2818 1340 Alius
2844 1295 3020 1339 autem
3047 1282 3149 1338 hoc
3174 1282 3407 1339 ostendit
3434 1282 3534 1338 diei
3561 1283 3625 1339 de
3654 1283 3796 1352 impio

2232 1379 2446 1445 dicens,
2477 1378 2822 1433 Exaltationis
2847 1393 2985 1444 sute,
3018 1376 3121 1432 hoc
3147 1388 3229 1432 est
3248 1418 3263 1444 ,
3290 1379 3637 1449 arrogantiae,
3667 1378 3797 1433 inso-

2236 1472 2438 1527 lentite.
2472 1471 2658 1526 Vidisti
2702 1471 2964 1541 insignem
3005 1469 3265 1524 insaniam
3301 1478 3356 1525 et
3381 1469 3799 1541 corruptionem?

2236 1562 2333 1617 Est
2359 1563 2444 1627 iis,
2473 1563 2559 1633 qui
2587 1573 2710 1617 sunt
2734 1562 2976 1633 ejusdem
3002 1563 3175 1633 gentis
3203 1576 3266 1617 ac
3302 1562 3538 1633 generis,
3580 1562 3737 1618 hostis
3754 1572 3802 1617 ct

2244 1655 2511 1722 inimicus,
2536 1670 2566 1709 a
2593 1655 2787 1709 virtute
2811 1655 3018 1709 alienus
3036 1695 3051 1722 ,
3078 1661 3283 1709 amator
3309 1654 3421 1709 vitii
3451 1662 3607 1724 atque
3636 1653 3801 1709 lauda-

2246 1757 2348 1803 tor.
2379 1747 2443 1802 Et
2476 1747 2696 1817 pulchre
2723 1746 2859 1800 dixit
2896 1745 3032 1799 alius
3054 1786 3068 1812 ,
3100 1743 3219 1798 Non
3250 1754 3323 1798 est
3347 1742 3487 1798 Deus
3512 1745 3565 1797 in
3601 1743 3805 1797 omnibus

2240 1840 2350 1910 ejus
2393 1837 2814 1910 cogitationibus,
2860 1836 3166 1907 signiﬁcans
3208 1835 3373 1891 Deum
3416 1850 3523 1890 non
3566 1850 3804 1905 quaerere,

2243 1931 2458 2002 plenum
2488 1945 2607 1983 esse
2636 1927 2887 1993 tenebris,
2914 1943 3020 1982 non
3048 1926 3244 1982 habere
3275 1926 3415 1982 illius
3445 1927 3684 1982 timorem
3715 1941 3809 1996 pra:

2240 2021 2429 2075 oculis.
2465 2018 2571 2073 Sed
2599 2016 3047 2089 quemadmodum
3080 2017 3222 2071 lenta
3262 2016 3515 2071 obscurat
3554 2014 3804 2087 pupillam,

2243 2112 2311 2167 ita
2340 2113 2499 2167 etiam
2530 2108 2846 2179 improbitas
2873 2116 3129 2170 mentem.
3157 2108 3361 2175 fertque
3388 2123 3486 2177 per
3516 2105 3807 2176 praecipitia.

2244 2204 2296 2259 5.
2327 2203 2448 2256 Non
2477 2210 2548 2255 est
2575 2199 2715 2256 Deus
2744 2200 2796 2253 in
2837 2209 3104 2270 conspectu
3142 2200 3271 2269 ejus.
3304 2198 3454 2253 Alius
3480 2240 3495 2262 ,
3538 2195 3637 2251 Per
3663 2210 3811 2250 omnes

2244 2298 2569 2368 cogitationes
2611 2297 2741 2367 ejus.
2792 2292 3085 2365 Inquinata:
3120 2302 3246 2349 .sunt
3288 2293 3382 2348 vite
3422 2293 3562 2347 illius
3605 2292 3657 2345 in
3695 2291 3813 2345 omni

2246 2397 2485 2456 tempore.
2525 2386 2840 2456 Auferuntur
2869 2385 3074 2458 judicia
3111 2395 3198 2438 tua
3238 2400 3271 2437 a
3310 2384 3442 2456 [acie
3486 2385 3613 2454 ejus.
3657 2381 3814 2445 Alius,

2247 2479 2518 2533 Sublatum
2562 2488 2633 2532 est
2666 2476 2923 2549 judicium
2968 2486 3131 2530 tuum.
3178 2475 3364 2530 Vidisti
3409 2474 3643 2529 fructum
3678 2471 3815 2527 vitii?

2249 2572 2361 2627 Lux
2387 2572 2503 2641 ejus
2528 2570 2896 2640 exstinguitur,
2930 2569 3253 2625 hebetantur
3287 2569 3586 2635 ratiocinia,
3618 2567 3816 2623 traditur

2248 2665 2489 2734 captivus
2534 2661 2883 2733 improbitati.
2932 2660 3395 2730 Quemadmodum
3436 2661 3581 2717 enim
3632 2659 3817 2730 quiest

2250 2755 2540 2810 luminibus
2565 2756 2729 2810 orbus
2770 2753 3080 2825 frequenter
3119 2752 3305 2809 incidit
3351 2753 3406 2808 in
3450 2752 3729 2819 barathra,
3756 2750 3817 2804 ita

2251 2845 2338 2902 hic
2366 2848 2546 2913 etiam,
2581 2846 2832 2918 quoniam
2865 2845 2958 2900 Dei
2987 2846 3232 2901 timorem
3263 2860 3370 2900 non
3399 2845 3562 2901 habet
3585 2859 3688 2915 prae
3712 2857 3819 2896 ocu-

2252 2940 2350 3007 lis,
2380 2940 2431 2995 in
2460 2940 2588 2995 vitio
2626 2949 2884 3010 perpetuo
2909 2950 3192 3004 versatur;
3241 2953 3347 2993 non
3377 2952 3521 2993 nunc
3550 2935 3751 3006 quidem
3777 2933 3820 2987 in

2251 3031 2472 3096 virtute,
2501 3045 2643 3086 nunc
2667 3039 2846 3085 autem
2872 3032 2926 3085 in
2953 3030 3103 3097 vitio,
3135 3029 3227 3084 sed
3254 3044 3469 3099 semper
3495 3029 3547 3083 in
3570 3027 3714 3093 vitio,
3738 3038 3821 3079 nec

2251 3122 2510 3195 gebenna:
2538 3124 2812 3185 meminit,
2844 3137 2945 3177 nec
2970 3120 3138 3177 futuri
3180 3121 3400 3193 judicii,
3430 3136 3536 3176 nec
3562 3117 3822 3176 reddenda:

2251 3214 2474 3269 rationis
2509 3232 2522 3267 :
2556 3214 2648 3269 sed
2695 3214 2777 3269 his
2824 3213 3073 3269 omnibus
3116 3213 3326 3268 auxiliis
3374 3221 3645 3283 tamquam
3691 3209 3822 3265 freno

2252 3305 2511 3372 excussis,
2545 3314 2811 3375 tamquam
2842 3304 2993 3358 navis
3020 3303 3241 3358 minime
3278 3302 3561 3357 saburrata
3581 3344 3595 3367 ,
3626 3300 3825 3356 traditur

2253 3400 2409 3456 malis
2436 3398 2715 3470 spiritibus
2740 3407 2793 3453 et
2818 3397 2976 3453 szevis
3004 3395 3274 3463 ﬂuctibus,
3303 3411 3425 3450 cum
3455 3395 3636 3450 nullus
3661 3394 3724 3448 sit
3747 3391 3823 3462 qni

2253 3492 2369 3563 ejus
2396 3492 2632 3545 animum
2661 3498 2809 3560 regat
2834 3496 2887 3544 et
2912 3489 3170 3544 instituat.
3195 3487 3388 3543 Vidisti
3418 3489 3618 3543 malum
3648 3487 3698 3542 in
3726 3486 3826 3556 ipso

2255 3586 2416 3641 etiam
2462 3584 2591 3638 vitio
2638 3597 2822 3654 pmnas
2864 3582 3056 3637 luere?
3104 3581 3241 3650 Quid
3284 3582 3427 3638 enim
3458 3597 3598 3652 equo
3636 3579 3823 3643 effreni,

2254 3675 2383 3747 quid
2412 3691 2545 3731 nave
2570 3678 2655 3731 cui
2678 3675 2833 3731 deest
2857 3674 3100 3740 saburra,
3130 3672 3256 3745 quid
3280 3672 3449 3728 oculis
3479 3674 3615 3728 orbo
3634 3671 3828 3727 homine

2253 3769 2472 3841 gravius
2496 3769 2520 3821 ?

2328 3859 2415 3915 l0.
2449 3857 2655 3913 Miseria
2682 3858 2990 3929 peccatoris,
3039 3857 3217 3911 timore
3242 3855 3339 3910 Dei
3376 3872 3626 3921 excusso;
3666 3870 3827 3925 pecca-

2257 3951 2353 4005 tori
2382 3967 2480 4005 non
2511 3950 2892 4005 blandiendum.
2922 3980 2994 3990 -—
3040 3948 3145 4004 Sed
3191 3948 3273 4003 his
3300 3948 3555 4004 omnibus
3603 3946 3829 4003 miserior

2257 4043 2455 4113 estqui
2495 4042 2622 4095 vivit
2651 4042 2702 4095 in
2735 4042 2896 4109 vitio,
2943 4052 3000 4097 ut
3025 4043 3114 4112 qui
3141 4042 3406 4097 exstincta
3439 4042 3564 4098 luce
3587 4083 3601 4108 ,
3633 4056 3747 4113 quas
3772 4052 3828 4091 es

2257 4134 2351 4190 Dei
2380 4136 2569 4190 timore
2592 4134 2959 4205 proﬁciscitur,
2981 4135 3220 4204 captivus
3239 4135 3308 4190 sit
3330 4134 3579 4190 traditus.
3612 4132 3830 4188 Omnium

2255 4227 2572 4280 inimicorum
2593 4241 2800 4280 suorum
2825 4225 3185 4281 dominabitur.
3217 4226 3271 4281 6.
3298 4224 3442 4281 Dixit
3465 4226 3606 4281 enim
3629 4225 3680 4279 in
3696 4221 3831 4278 corde

2255 4333 2348 4372 suo
2375 4331 2394 4371 :
2431 4315 2552 4371 Non
2595 4316 2827 4371 movebar
2851 4333 2883 4370 a
2909 4318 3233 4388 generatione
3259 4317 3312 4371 in
3336 4318 3710 4389 generationem
3735 4314 3831 4369 sine

2255 4407 2411 4461 malo.
2463 4407 2614 4463 Alius
2634 4448 2648 4471 ,
2695 4405 2882 4462 Omnes
2923 4407 3156 4462 inimicos
3187 4424 3307 4463 suos
3339 4407 3573 4473 ventilat,
3602 4406 3767 4462 dicens
3787 4405 3833 4455 in

2257 4499 2409 4553 corde
2442 4515 2535 4552 suo
2567 4515 2587 4552 :
2614 4497 2738 4553 Non
2774 4508 3035 4554 convertar
3070 4500 3127 4554 in
3166 4501 3543 4572 generationem
3568 4510 3617 4555 et
3637 4511 3834 4572 genera-

2258 4591 2461 4644 tionem.
2498 4588 2621 4645 Non
2651 4591 2784 4645 enim
2823 4607 2908 4645 ero
2946 4592 3000 4645 in
3032 4591 3317 4662 afﬂictione.
3364 4591 3552 4647 Vidisti
3593 4604 3833 4661 arrogan-

2260 4681 2425 4736 tiam?
2455 4681 2627 4736 vidisti
2659 4681 3067 4738 incnarrabilem
3095 4682 3449 4754 perditionem
3471 4683 3498 4738 Ἰ
3520 4683 3698 4739 vidisti
3720 4694 3834 4752 pau-

2259 4773 2406 4826 latim
2453 4774 2635 4843 augeri
2677 4773 2938 4829 exitium?
2991 4775 3171 4830 vidisti
3225 4774 3499 4849 quomodo
3553 4792 3672 4848 quae
3724 4783 3835 4830 sunt

2257 4863 2414 4919 beata
2438 4864 2576 4935 apud
2606 4865 2796 4921 stultos
2818 4907 2834 4934 ,
2881 4881 3007 4923 vere
3049 4867 3206 4939 plena
3251 4877 3378 4924 sunt
3414 4869 3584 4924 multa
3614 4867 3837 4924 miseria.

2257 4965 2311 5012 et
2339 4957 2607 5026 quomodo
2632 4958 2970 5016 obruuntur?
3011 4959 3283 5017 Laudatur
3308 4962 3361 5017 in
3389 4963 3624 5032 peccatis
3647 5004 3662 5027 ,
3689 4961 3839 5016 benc-

2257 5046 2452 5103 dicitur
2502 5048 2555 5103 in
2603 5049 2897 5107 maleﬁciis.
2953 5050 3067 5106 Hoc
3103 5061 3188 5108 est
3235 5053 3465 5124 primum
3514 5052 3835 5115 barathrum,

2258 5139 2399 5210 quod
2437 5140 2568 5196 satis
2608 5151 2691 5196 est
2728 5141 2813 5197 vel
2857 5143 2923 5198 ad
2966 5145 3404 5214 praecipitandum
3443 5161 3570 5201 eum
3610 5146 3700 5218 qui
3739 5158 3836 5199 non

2259 5229 2507 5286 advertit.

2331 5322 2400 5377 Et
2429 5322 2550 5379 ideo
2578 5325 2745 5396 magis
2772 5335 2898 5381 sunt
2916 5326 3232 5385 admittendi
3256 5330 3345 5402 qui
3372 5342 3629 5387 accusant
3648 5339 3703 5386 et
3729 5343 3841 5385 cor-

2259 5416 2457 5487 rigunt,
2476 5433 2632 5487 quam
2649 5418 2738 5488 qui
2762 5418 2980 5474 laudant
3007 5429 3063 5476 et
3085 5420 3153 5475 ad
3180 5421 3455 5477 interitum
3484 5423 3839 5479 blandiuntur.

2260 5509 2325 5565 lli
2369 5510 2511 5565 enim
2555 5521 2908 5582 corrumpunt
2951 5512 3174 5570 stolidos
3201 5555 3216 5582 ,
3262 5523 3317 5571 et
3345 5514 3413 5571 ad
3452 5515 3629 5587 majus
3665 5516 3838 5571 vitium

2258 5602 2559 5672 propellunt
2585 5621 2595 5656 :
2621 5604 3068 5673 quemadmodum
3098 5608 3190 5679 qui
3218 5609 3361 5664 hunc
3398 5620 3733 5680 peecatorem
3764 5610 3839 5664 in-

2260 5691 2568 5760 sufilaruut,
2605 5695 2946 5753 instituerunt
2975 5698 3041 5752 ad
3072 5699 3356 5756 insaniam.
3404 5702 3469 5757 Et
3506 5703 3630 5759 ideo
3655 5706 3839 5762 Paulus

2265 5799 2477 5855 quoque
2513 5786 2615 5841 hoc
2656 5786 2830 5855 ipsum
2871 5787 3003 5845 dicit
3040 5789 3367 5860 Corinthiis,
3421 5797 3485 5853 de
3515 5809 3583 5850 eo
3612 5793 3700 5867 qui
3730 5800 3835 5846 erat
