4030 6418
289 387 377 442 ιῖῆ

302 499 589 561 inruicatus
615 514 634 552 ι
666 494 736 550 Et
777 510 872 550 vos
907 489 1079 563 inﬂati
1116 485 1233 543 estis
1253 525 1268 551 ,
1309 490 1356 537 et
1382 495 1485 536 non
1514 475 1681 549 potius
1710 468 1909 528 luxistis

312 598 386 664 tl.
412 592 532 649 Cor.
558 590 615 646 5.
637 589 699 661 ‘2)
719 588 747 641 ἲ
779 586 947 652 Eum,
978 580 1069 654 qui
1092 583 1299 651 peccat,
1330 573 1554 629 multum
1581 567 1784 664 lugere,
1803 575 1912 616 non

318 654 530 743 laudare
554 654 795 753 oportet.
818 674 1013 732 Vidisti
1042 681 1353 743 perversum
1378 662 1566 720 vitium
1585 700 1601 726 ,
1630 654 1774 729 quod
1802 669 1910 708 non

320 780 491 834 solum
518 743 626 830 non
654 775 972 833 accusatur,
1016 761 1110 819 sed
1160 761 1322 816 etiam
1366 752 1612 810 laudibus
1639 743 1915 801 afficitur?

320 871 457 926 llinc
499 882 567 922 ex
602 861 817 935 propria
844 853 1147 927 arrogantia
1174 845 1518 920 amplificavit
1557 840 1775 898 laudum
1818 836 1920 890 im-

323 931 650 1032 probitatem
678 931 919 1009 :Voblitus
957 954 1041 1004 est
1076 940 1284 999 timoris
1326 938 1456 1006 Dei,
1497 943 1554 992 et
1594 931 1919 1004 judiciorum

323 1020 475 1127 ejus;
525 1052 653 1106 hinc
694 1046 857 1102 etiam
900 1039 1127 1113 propriae
1171 1043 1256 1092 est
1298 1040 1505 1088 natura
1550 1027 1769 1084 oblitus.
1817 1020 1920 1087 Qui

328 1119 469 1204 enim
497 1141 824 1216 iudiciorum
853 1134 944 1191 Dei
970 1129 1335 1193 obliviscitur,
1379 1122 1462 1179 sui
1504 1119 1674 1192 ipsius
1712 1126 1924 1187 quoque
1998 1170 2001 1173 _

331 1206 552 1300 tandem
597 1230 949 1290 obliviscitur.
999 1224 1135 1280 Vide
1180 1234 1312 1291 ergo
1355 1231 1475 1288 quae
1517 1212 1761 1283 cogitat:
1801 1206 1926 1262 Non

332 1332 569 1387 merebor
595 1328 651 1382 in
678 1323 1046 1398 generationem
1073 1326 1117 1372 et
1143 1310 1519 1388 generationem
1537 1347 1553 1373 ,
1587 1304 1676 1360 sed
1704 1318 1789 1357 ero
1820 1301 1928 1353 sine

334 1425 491 1479 nialo.
521 1419 659 1489 Quid
680 1393 767 1473 est
792 1415 894 1470 hac
917 1409 1237 1483 cogitatione
1263 1403 1476 1460 stultius
1500 1440 1516 1466 ,
1549 1406 1607 1453 ut
1645 1394 1736 1467 qui
1768 1393 1929 1447 homo

335 1528 418 1575 est
441 1560 459 1584 ,
506 1510 745 1570 iuteritui
778 1506 1059 1571 obnoxius,
1101 1500 1321 1557 caducis
1340 1510 1405 1552 ac
1434 1487 1823 1549 momentaneis
1844 1500 1930 1540 re-

338 1580 785 1678 busvimplicatns,
813 1611 867 1657 et
892 1594 1365 1654 innumerabilibus
1390 1584 1776 1645 mutationibus
1805 1580 1933 1636 sub-

338 1675 689 1777 jectus—talia
716 1691 1066 1767 imaginatur?
1091 1688 1364 1747 Undenam
1391 1693 1571 1740 autem
1595 1680 1702 1735 hoc
1726 1677 1823 1732 fit?
1853 1675 1932 1731 Ex

341 1772 588 1849 stultitia.
616 1787 841 1857 Quando
865 1784 1006 1840 enim
1027 1782 1107 1836 vir
1134 1778 1329 1834 stultus
1349 1774 1529 1831 multis
1550 1772 1710 1827 rebus
1737 1782 1933 1825 secun-

341 1887 427 1942 dis
455 1898 589 1939 usus
614 1925 631 1949 ,
670 1878 916 1934 inimicos
943 1873 1164 1936 vicerit,
1206 1877 1261 1925 et
1286 1868 1355 1924 ab
1376 1864 1627 1921 omnibus
1664 1859 1932 1923 laudatur,

343 1987 509 2047 atque
539 1975 593 2028 in
634 1968 990 2026 admiratione
1026 1963 1288 2028 habetur,
1331 1958 1572 2014 omnium
1602 1952 1937 2009 miserrimus

346 2045 596 2122 eflicitur.
643 2063 722 2118 Eo
756 2059 897 2116 enim
934 2054 1074 2128 quod
1106 2069 1213 2109 non
1248 2056 1525 2121 exspectet
1565 2045 1939 2109 mutationem,

347 2173 525 2229 neque
554 2170 644 2211 res
671 2151 933 2209 secundas
956 2149 1057 2204 fert
1086 2147 1343 2212 modeste,
1373 2152 1427 2200 et
1447 2142 1490 2197 si
1518 2155 1607 2197 res
1626 2141 1675 2195 ei
1700 2137 1941 2194 adversae

346 2251 653 2318 evenerint,
679 2262 801 2311 cum
828 2247 897 2301 sit
917 2242 1316 2305 inexercitatus,
1351 2252 1451 2294 nec
1475 2250 1569 2293 eas
1597 2234 1668 2290 sit
1687 2244 1939 2303 umquam

349 2344 665 2409 meditatus,
697 2341 946 2395 turbatur
966 2344 1022 2393 et
1050 2334 1421 2390 tumultuatur.
1466 2329 1536 2384 At
1566 2341 1673 2382 non
1702 2324 1781 2380 sic
1804 2321 1938 2387 Job;

351 2438 448 2495 sed
488 2437 653 2493 etiam
694 2434 747 2488 in
788 2431 949 2487 rebus
995 2426 1245 2485 secundis
1285 2439 1372 2480 res
1410 2422 1665 2478 adversas
1711 2414 1949 2489 quotidie

354 2527 742 2600 exspectabat,
773 2531 828 2580 et
870 2521 992 2577 ideo
1026 2518 1239 2576 dicebat
1268 2535 1283 2572 :
1315 2515 1486 2571 Metus
1514 2528 1660 2581 quem
1691 2507 1944 2572 timebant,

355 2623 488 2678 venit
526 2619 685 2684 mihi,
727 2626 775 2673 et
812 2630 961 2687 quem
986 2612 1285 2673 timueram,
1318 2604 1535 2662 occurrit
1564 2601 1707 2657 mihi.
1760 2596 1874 2654 Nec
1898 2597 1952 2650 in

359 2731 483 2785 pace
500 2713 583 2785 egi
607 2751 623 2775 ,
659 2726 750 2765 nec
776 2707 975 2779 quievi,
1004 2721 1096 2760 nec
1120 2702 1308 2759 cessavi
1337 2700 1507 2756 :venit
1529 2707 1697 2752 tamen
1724 2693 1849 2748 mihi
1874 2692 1953 2746 ira

360 2808 482 2879 (Job
509 2809 564 2863 3.
585 2805 680 2860 25.
709 2802 828 2873 26).
874 2801 942 2857 Et
964 2798 1086 2854 idco
1105 2796 1241 2851 alius
1264 2792 1475 2850 dicebat
1508 2812 1523 2847 :
1549 2788 1805 2844 Memento
1831 2795 1957 2838 tent-

362 2877 501 2972 poris
526 2898 680 2970 {amis
704 2897 758 2950 in
784 2904 1008 2964 tempore
1030 2888 1397 2950 abundantiae;
1424 2880 1738 2955 paupertatis
1781 2887 1828 2933 et
1868 2877 1953 2931 in-

363 2969 496 3065 opim
517 2969 571 3046 in
600 2990 683 3044 die
704 2987 993 3042 diuitiarum
1011 2980 1203 3053 (Eccli.
1234 2975 1462 3049 13:25).
1493 2974 1597 3031 Sed
1628 2973 1713 3028 hic
1740 2969 1956 3043 quidem

364 3064 533 3141 semel
554 3088 856 3151 corruptus,
880 3092 987 3132 non
1015 3072 1317 3130 considerat
1337 3070 1588 3133 humana,
1616 3064 1711 3121 sed
1743 3071 1960 3135 propter

369 3178 581 3235 felicem
613 3188 791 3230 rerum
834 3182 1144 3227 successum
1174 3180 1236 3222 ea
1275 3179 1396 3220 esse
1440 3158 1737 3216 immobilia
1774 3155 1962 3213 existi-

370 3280 482 3327 mat
514 3288 528 3324 :
554 3266 699 3339 quod
723 3274 808 3322 est
835 3272 1091 3320 extremae
1114 3257 1351 3313 stultitia:
1380 3262 1435 3311 et
1459 3249 1780 3322 corruptela:
1807 3262 1966 3318 argu-

372 3370 637 3427 mentum,
669 3370 724 3414 et
747 3355 960 3414 occasio
989 3351 1259 3409 interitus.
1281 3348 1360 3404 Ne
1386 3348 1572 3403 beatos
1592 3342 1839 3400 existima
1869 3355 1965 3396 eos

372 3459 463 3530 qui
498 3463 627 3513 sunt
659 3453 873 3515 divites,
918 3462 1015 3505 eos
1043 3446 1133 3517 qui
1163 3443 1380 3499 vincunt
1419 3439 1697 3503 inimicos,
1742 3447 1838 3491 eos
1875 3433 1966 3504 qui

376 3528 664 3624 propterea
706 3544 1010 3602 laudantur.
1064 3537 1252 3610 Magna
1290 3544 1417 3590 sunt
1459 3533 1576 3588 haec
1617 3528 1870 3587 barathra
1914 3535 1970 3582 et

377 3621 668 3717 praecipitia
688 3682 704 3706 ,
742 3652 860 3709 quae
888 3634 1132 3690 homines
1162 3633 1400 3685 incautos
1426 3625 1492 3681 ad
1520 3625 1692 3696 ipsum
1722 3621 1967 3690 impieta-

380 3711 447 3791 iis
471 3711 790 3806 profundum
817 3726 1094 3798 dejiciunt.
1135 3716 1196 3777 ’7.
1220 3718 1377 3790 Cujus
1402 3734 1458 3771 os
1490 3714 1844 3770 maledictione
1867 3711 1974 3781 ple-

379 3804 505 3885 num
528 3835 625 3893 est,
649 3834 695 3879 et
723 3819 1081 3883 amaritudine,
1113 3824 1160 3868 et
1186 3811 1325 3867 dolo.
1352 3810 1460 3866 Sub
1488 3809 1663 3880 lingua
1689 3808 1801 3874 eius
1832 3804 1975 3858 labor

380 3934 427 3977 et
459 3922 625 3977 dolor.
672 3916 823 3972 Alius
845 3956 860 3981 ,
898 3910 1088 3966 Inutile
1116 3907 1214 3982 (a).
1259 3907 1313 3962 8.
1339 3903 1491 3961 Sedet
1533 3904 1586 3957 in
1628 3900 1826 3955 insidiis
1862 3914 1975 3951 cum

383 4012 623 4067 dit-ilibus
660 4009 712 4061 in
744 4003 985 4069 occultis,
1026 4009 1081 4055 ut
1122 3997 1391 4067 interﬁciat
1421 3996 1756 4048 innocentem.
1802 3989 1974 4055 Alius,

391 4104 652 4160 lnsidians
677 4100 816 4169 apud
837 4098 1003 4152 aulas.
1049 4094 1102 4151 9.
1138 4091 1286 4147 Oculi
1306 4091 1414 4161 ejus
1441 4090 1495 4143 in
1522 4103 1796 4159 pauperem
1820 4085 1981 4155 respi-

384 4200 547 4253 ciunt.
598 4192 880 4247 lnsidiatur
917 4189 971 4243 in
1015 4185 1309 4241 abscondito
1354 4182 1498 4254 quasi
1545 4183 1621 4236 leo
1651 4181 1703 4234 in
1742 4178 1983 4250 spelunca

387 4306 509 4344 sua.
557 4286 741 4349 Alius,
785 4282 943 4350 Quasi
990 4280 1043 4333 in
1074 4287 1217 4347 septo
1255 4291 1367 4330 suo.
1430 4271 1713 4327 Insidiatur
1736 4280 1790 4324 ut
1815 4270 1984 4341 rapiat

392 4393 690 4450 pauperem,
710 4385 764 4429 ut
787 4374 953 4443 rapiat
979 4385 1270 4442 pauperem,
1295 4367 1414 4420 dum
1429 4364 1637 4418 attrahit
1658 4379 1789 4443 eum.
1811 4361 1983 4427 Alius,

392 4438 459 4526 in
501 4438 746 4523 iractione
787 4438 915 4535 eius.
968 4438 1056 4519 ἀί).
1081 4438 1147 4515 in
1188 4459 1366 4530 laqueo
1401 4474 1494 4512 suo
1529 4438 1813 4510 humiliabit
1849 4469 1983 4506 eum.

395 4565 550 4620 Alius
569 4605 584 4627 ,
616 4560 680 4614 In
703 4575 907 4629 sagena.
947 4553 1222 4611 Inclinabit
1246 4569 1301 4607 se
1326 4561 1373 4606 et
1406 4550 1582 4617 cadet,
1611 4565 1725 4603 cum
1753 4549 1989 4601 dominu-

401 4668 481 4710 tns
519 4654 668 4728 fuerit
697 4665 984 4721 pauperem.
1029 4647 1209 4711 Alius,
1242 4643 1547 4715 Confractus
1575 4650 1744 4694 autem
1763 4629 1992 4709 inﬂecte-

403 4760 510 4813 tur,
536 4761 652 4800 eum
677 4745 721 4797 is
740 4743 938 4796 irruerit
961 4756 1077 4794 cum
1107 4736 1321 4810 fortibus
1347 4736 1452 4790 suis
1483 4735 1536 4788 in
1560 4732 1857 4788 imbecillos.

478 4838 758 4906 Corruptor
789 4833 982 4905 judicia
1025 4832 1139 4901 fure
1172 4830 1336 4900 pejor.
1361 4858 1434 4869 —-—
1461 4825 1650 4881 Vidisti
1677 4838 1801 4879 eum
1831 4823 1994 4878 etiam

1464 356 1829 423 EXPOSlTlO
1867 352 1933 410 IN
1974 344 2300 410 PSALMUM
2338 341 2431 400 lx.

2014 459 2171 534 guit?
2195 456 2323 529 quid
2351 454 2496 512 enim
2532 452 2577 507 si
2614 465 2721 506 non
2756 446 3147 506 dormientibus
3168 485 3182 508 ,
3213 441 3308 499 sed
3341 440 3609 511 vigilanti.-

3509 324 3610 379 158

2017 532 2118 610 bus
2145 548 2394 607 omnibus
2423 543 2612 601 irruit?
2655 542 2753 598 llic
2794 551 2876 597 est
2915 540 3059 594 enim
3097 533 3476 607 impndentior.
3532 532 3612 589 Ex

2021 644 2226 701 furibus
2250 640 2393 699 enim
2419 638 2566 709 leges
2587 650 2681 692 eos
2709 634 2922 707 gravius
2961 631 3222 704 puniunt,
3262 627 3353 700 qui
3384 623 3615 683 interdiu

2023 736 2290 793 furantur.
2338 731 2530 788 Vidisti
2560 726 2964 800 paupertatem?
2993 723 3170 780 vidisti
3198 718 3618 778 crudelitatem?

2024 833 2433 902 Paupertatem,
2462 823 2605 897 quod
2643 823 2781 878 bona
2807 819 3056 891 pauperis
3081 814 3424 887 concupiscat
3455 830 3469 867 :
3498 827 3610 867 crn-

2023 924 2297 981 delitatem
2324 934 2453 975 vero
2473 959 2491 986 ,
2523 915 2668 988 quod
2700 928 2801 969 nec
2824 913 3128 968 calamitate
3156 908 3374 980 quidem
3403 905 3610 974 franga.

2028 1026 2148 1084 tur,
2191 1013 2286 1070 sed
2311 1011 2464 1083 cujus
2492 1007 2776 1070 misereri,
2817 1013 2871 1060 et
2899 1004 2983 1059 cui
3006 1001 3292 1058 subvenire
3315 996 3617 1069 oportebat,

2030 1111 2395 1178 paupertatem
2413 1100 2699 1173 Opprimat.
2718 1096 2825 1152 Nec
2848 1108 3024 1150 tamen
3040 1093 3157 1147 hmo
3182 1091 3338 1145 faciet
3368 1090 3587 1158 impune
3615 1104 3630 1141 :

2029 1196 2124 1253 sed
2154 1192 2367 1267 quando
2397 1188 2757 1262 prmvalnerit,
2787 1184 3001 1257 quando
3026 1183 3127 1240 sibi
3147 1182 3292 1237 visus
3321 1181 3484 1237 fuerit
3508 1194 3630 1234 esse

2036 1286 2318 1356 superior,
2360 1281 2575 1354 quando
2618 1294 2678 1334 se
2721 1277 2919 1348 putarit
2961 1289 3083 1331 esse
3131 1271 3627 1342 ineXpuguabilem,

2035 1389 2160 1433 tunc
2189 1375 2384 1447 peribit
2413 1390 2427 1427 :
2458 1381 2517 1427 ut
2556 1380 2611 1427 et
2638 1371 2729 1426 Dei
2751 1368 2995 1424 videatur
3022 1365 3269 1421 vincendi
3297 1363 3546 1427 facilitas,
3577 1371 3631 1417 et

2041 1484 2332 1541 pauperum
2364 1466 2619 1538 patientia
2645 1505 2660 1530 ,
2700 1471 2757 1519 ct
2795 1461 2953 1532 hujus
2979 1457 3282 1530 corrigendi
3320 1457 3631 1519 difficultas,

2036 1571 2093 1617 et
2115 1560 2211 1616 Dci
2253 1559 2486 1615 lenitatis
2528 1554 2831 1612 tolerantia.
2883 1554 3178 1621 Pr0ptcrea
3217 1567 3323 1605 non
3351 1564 3382 1606 e
3407 1549 3636 1618 vestigio

2036 1650 2531 1722 sequitur'justitia,
2562 1648 2672 1704 Deo
2694 1661 2794 1718 per
2819 1646 3136 1718 patientiam
3160 1650 3537 1698 vocanteeum
3565 1640 3634 1694 ad
3662 1625 3666 1629 ’

2043 1742 2418 1815 pmnitentiam
2447 1758 2460 1793 :
2493 1739 2589 1796 sed
2629 1738 2844 1811 quando
2873 1736 3009 1792 nihil
3039 1733 3313 1791 lucrifacit.
3338 1733 3563 1789 lenitate
3580 1742 3637 1785 ct

2042 1837 2315 1909 patientia,
2342 1844 2470 1892 tunc
2485 1849 2608 1890 eum
2630 1849 2726 1904 per
2753 1831 3070 1904 supplicium
3087 1829 3358 1885 admonet.
3383 1826 3450 1883 Hi
3466 1826 3609 1884 enim
3624 1869 3637 1891 ,

2042 1928 2132 1998 qui
2173 1926 2373 1999 injuria
2405 1925 2583 1982 affecti
2625 1932 2784 1991 sunt,
2826 1922 2962 1977 nihil
3000 1921 3111 1976 laesi
3150 1927 3309 1985 sunt;
3350 1917 3445 1975 sed
3474 1918 3636 1974 etiam

2045 2020 2295 2076 meliores
2339 2026 2394 2074 et
2446 2015 2709 2072 clariores
2759 2012 3051 2069 afﬂictione
3106 2010 3230 2067 facti
3285 2021 3453 2066 sunt:
3500 2010 3642 2062 Deus

2045 2121 2226 2169 autem
2255 2125 2406 2167 suam
2432 2108 2667 2165 ostendit
2691 2106 3022 2178 patientiam,
3062 2102 3228 2173 utqui
3252 2100 3565 2157 sustinuerit
3589 2109 3645 2155 et

2050 2202 2390 2269 toleraverit,
2421 2211 2476 2258 ct
2513 2215 2636 2255 cum
2670 2197 2929 2270 patientia.
2970 2194 3300 2266 potentiam,
3342 2202 3398 2248 et
3438 2192 3515 2247 rei
3552 2207 3647 2261 ges

2050 2295 2233 2352 renda:
2278 2294 2584 2350 facultatem
2616 2309 2630 2345 :
2660 2289 2803 2362 quod
2845 2287 3061 2360 quando
3096 2287 3143 2343 is
3170 2294 3315 2343 esset
3341 2284 3523 2355 seipso
3553 2300 3647 2354 po-

2053 2389 2270 2457 tcntior,
2303 2396 2431 2443 tunc
2458 2385 2717 2455 temporis
2743 2383 2917 2455 ipsum
2947 2389 3166 2451 superat
3197 2397 3211 2434 :
3246 2379 3334 2434 hic
3367 2394 3496 2434 vero
3523 2394 3646 2433 cum

2052 2480 2342 2536 mansisset
2365 2477 2760 2543 iuemendatus,
2784 2474 3031 2531 ultimum
3059 2472 3151 2528 dat
3176 2471 3516 2541 supplicium.
3538 2469 3652 2524 lloc

2054 2583 2232 2629 autem
2260 2587 2366 2627 non
2396 2586 2582 2642 parum
2613 2567 2824 2625 confert
2846 2565 2915 2621 ad
2940 2562 3287 2636 corrigendos
3313 2577 3405 2618 cos
3426 2602 3442 2628 ,
3474 2562 3563 2632 qui
3595 2561 3647 2616 in

2058 2667 2218 2722 rebus
2242 2665 2493 2721 secundis
2516 2671 2816 2719 versantur.

2131 2752 2221 2806 ll.
2251 2750 2329 2806 Ne
2353 2765 2480 2820 ergo
2501 2747 2716 2819 quando
2740 2744 2934 2801 viceris
2964 2742 3240 2809 inimicos,
3269 2749 3324 2796 et
3351 2741 3528 2796 omnia
3560 2739 3655 2795 tibi

2061 2843 2296 2901 secunda
2336 2842 2551 2909 fuerint,
2590 2838 2832 2895 confidas
2858 2836 3101 2907 improbe
3128 2835 3353 2901 vivens,
3393 2832 3491 2888 sed
3532 2838 3658 2887 tunc

2060 2938 2232 3010 magis
2252 2937 2617 3009 pertimescas.
2651 2935 2887 3004 Augetur
2915 2931 3057 2986 enim
3081 2929 3303 2995 vitium,
3333 2928 3532 2982 tollitur
3566 2925 3660 2982 tibi

2060 3030 2305 3089 defensio
2326 3072 2342 3099 ,
2372 3028 2680 3102 praeciditur
2707 3035 2764 3082 et
2791 3023 3032 3081 aufertur
3056 3023 3232 3089 venia,
3274 3022 3322 3076 si
3349 3022 3521 3076 malus
3548 3035 3660 3074 ma-

2065 3140 2217 3181 neas.
2271 3125 2357 3179 11.
2385 3121 2532 3176 Dixit
2556 3120 2691 3176 enim
2729 3120 2779 3174 in
2808 3118 2960 3173 corde
2992 3133 3083 3172 suo
3110 3132 3129 3170 :
3158 3114 3357 3170 Oblitus
3381 3123 3455 3169 est
3486 3114 3619 3169 Deus
3643 3129 3663 3178 ;

2065 3218 2240 3273 avertit
2261 3215 2444 3288 faciem
2471 3230 2616 3269 suam
2638 3255 2653 3279 ,
2689 3212 2940 3267 ne-videat
2964 3210 3018 3264 in
3041 3210 3214 3279 linem.
3252 3207 3384 3262 Vide
3412 3208 3464 3260 in
3491 3223 3664 3279 quan-

2070 3321 2184 3366 tum
2212 3307 2520 3365 barathrum
2550 3304 2864 3377 perditionis
2890 3300 3195 3368 descendit,
3219 3301 3393 3370 qualia
3416 3297 3667 3369 dogmata

2068 3392 2302 3473 colligit,
2331 3416 2448 3473 qum
2474 3406 2689 3471 propter
2719 3395 3104 3466 impudentiam
3129 3392 3346 3465 quidem
3375 3408 3478 3446 non
3509 3390 3671 3452 audet

2073 3495 2291 3564 efferre,
2319 3510 2381 3551 ea
2411 3502 2591 3548 autem
2619 3490 2760 3562 apud
2788 3505 2849 3545 sc
2878 3497 3090 3557 versat,
3134 3501 3376 3558 pugnans
3418 3502 3540 3540 cum
3582 3501 3673 3539 ve-

2076 3590 2255 3653 ritate,
2278 3598 2334 3645 et
2358 3603 2478 3659 qua:
2504 3596 2632 3641 sunt
2654 3584 2769 3639 sole
2796 3582 3023 3637 clariora
3045 3621 3061 3646 ,
3092 3589 3312 3651 propter
3337 3577 3532 3640 mentis
3562 3592 3674 3631 suae

2077 3681 2366 3735 orbitatem
2416 3675 2766 3732 adumbratis.
2821 3671 2908 3726 12.
2951 3670 3218 3739 Exsurge,
3266 3668 3486 3727 Domine
3534 3665 3676 3720 Deus

2078 3790 2220 3828 nteus
2245 3813 2260 3837 ,
2303 3770 2554 3825 excitetur
2579 3782 2761 3820 manus
2787 3772 2893 3817 tua.
2925 3760 3009 3816 Ne
3036 3760 3347 3815 obliviscaris
3371 3773 3673 3829 pauperum.

2079 3865 2253 3932 Alius,
2287 3861 2476 3916 Exalta
2501 3874 2708 3913 manum
2737 3865 2897 3909 luant.
2946 3855 3033 3908 l5.
3068 3852 3290 3922 Propter
3315 3850 3438 3922 quid
3462 3850 3678 3904 irritavit

2081 3956 2269 4027 impius
2300 3951 2503 4007 Deum?
2540 3949 2681 4004 Dixit
2702 3948 2836 4003 enim
2859 3947 2913 4000 in
2941 3944 3095 3999 corde
3119 3960 3211 3999 suo
3243 3958 3263 3997 :
3295 3941 3416 3996 Non
3437 3942 3675 4012 requiret.

2083 4047 2172 4102 M.
2218 4043 2365 4100 Vides
2400 4042 2640 4114 quoniam
2668 4050 2722 4094 tu
2766 4038 2989 4093 laborem
3018 4045 3063 4091 et
3103 4039 3327 4109 {urerent
3364 4032 3680 4098 consideras,

2084 4151 2139 4196 ut
2169 4137 2343 4194 tradas
2372 4152 2485 4191 eum
2514 4135 2568 4190 in
2602 4149 2781 4187 manus
2814 4142 2946 4185 tuas.
2996 4130 3150 4185 Alius
3174 4170 3189 4195 ,
3232 4124 3449 4191 Vidisti,
3481 4126 3600 4197 quia
3627 4135 3681 4179 tu

2087 4233 2310 4289 laborem
2344 4241 2389 4284 et
2425 4226 2744 4283 iracundiam
2773 4221 3099 4296 inspectalis,
3121 4228 3175 4274 ut
3202 4220 3288 4274 des
3308 4220 3361 4273 in
3391 4234 3545 4272 manu
3571 4228 3679 4271 tua.

2087 4326 2261 4393 Alius,
2290 4322 2357 4380 Ut
2381 4323 2565 4377 dentur
2592 4321 2645 4375 in
2670 4335 2850 4373 manus
2881 4328 3014 4371 tuas.
3050 4314 3264 4385 Iniquus
3312 4313 3525 4383 quidem
3570 4311 3688 4365 haec

2090 4418 2247 4482 dicit,
2285 4424 2505 4485 raptor,
2542 4425 2767 4477 avarus,
2797 4416 2983 4479 utpote
3021 4407 3111 4477 qui
3150 4420 3255 4460 non
3309 4403 3402 4459 det
3446 4418 3633 4472 poenas
3668 4418 3686 4459 :

2095 4509 2353 4582 pr0pheta
2377 4515 2553 4561 autem
2593 4503 2712 4573 ejus
2749 4501 2999 4556 evertens
3047 4497 3292 4566 dogmata
3313 4534 3329 4561 ,
3372 4494 3440 4549 dc
3474 4494 3562 4548 Dei
3596 4509 3688 4563 pa-

2095 4605 2280 4661 tientia
2308 4600 2486 4671 ample
2512 4597 2767 4668 loquitur.
2798 4593 2895 4648 ille
2923 4591 3066 4647 enim
3092 4589 3223 4645 dicit
3252 4606 3265 4642 :
3294 4588 3482 4649 Avertit
3506 4588 3687 4659 facient

2097 4712 2263 4763 suam,
2291 4709 2353 4747 ne
2371 4691 2537 4746 videat
2563 4688 2619 4743 in
2638 4687 2793 4757 ﬁnem
2823 4700 2842 4739 :
2872 4683 2958 4738 hic
2972 4692 3152 4737 autem
3173 4693 3358 4739 contra
3386 4698 3398 4734 :
3429 4680 3497 4739 Et
3518 4679 3688 4743 vides,

2100 4800 2154 4846 et
2179 4784 2523 4851 consideras,
2569 4790 2625 4838 et
2660 4795 2721 4837 cs
2762 4777 2970 4851 patiens
2993 4817 3010 4844 ,
3046 4762 3218 4831 donec
3244 4773 3281 4831 ii
3306 4773 3601 4829 ceciderint
3639 4772 3691 4825 in

2102 4893 2294 4936 manus
2320 4886 2457 4933 tuas.
2502 4872 2641 4944 Quid
2667 4881 2749 4929 est
2769 4912 2786 4940 ,
2831 4870 3004 4927 Donec
3042 4867 3224 4921 dentur
3255 4868 3307 4920 in
3336 4880 3515 4922 manus
3542 4874 3652 4918 tuas
3670 4865 3697 4917 ?

2106 4973 2248 5029 Dixit
2290 4984 2442 5026 more
2485 4966 2723 5027 humano
2754 4980 2769 5016 :
2804 4963 2905 5017 hoc
2946 4969 3124 5016 autem
3161 4957 3260 5013 sibi
3297 4959 3409 5012 vult
3441 4974 3454 5010 :
3485 4955 3694 5023 Exspe.

2104 5076 2239 5131 ctas,
2267 5062 2495 5128 toleras,
2535 5067 2594 5113 ut
2621 5055 2815 5127 insigni
2843 5053 3120 5110 tradantur
3150 5049 3494 5121 improbitati.
3540 5048 3697 5103 Pote-

2109 5175 2196 5216 ras
2221 5157 2364 5213 enim
2395 5154 2479 5213 vel
2506 5168 2535 5206 a
2563 5150 2825 5223 principio
2850 5162 2944 5205 eos
2962 5153 3206 5203 evertere
3234 5153 3288 5197 et
3311 5141 3579 5214 subigere,
3602 5142 3697 5196 scd

2111 5253 2428 5310 immensum
2455 5253 2540 5306 est
2570 5244 2787 5316 pelagus
2828 5249 2931 5301 tua:
2980 5234 3309 5297 tolerantire.
3358 5233 3619 5297 videntis,
3649 5242 3703 5288 et

2113 5362 2220 5403 non
2260 5338 2662 5415 persequentis,
2708 5333 2802 5390 sed
2831 5327 3188 5401 exspectantis
3213 5342 3304 5383 eos
3332 5323 3398 5380 ad
3431 5327 3700 5397 pmniten-

2117 5439 2264 5492 tiam.
2317 5430 2469 5499 Quod
2501 5431 2545 5485 si
2573 5427 2757 5482 nolunt
2781 5465 2797 5491 ,
2849 5431 2974 5477 tunc
3006 5420 3196 5495 punis,
3224 5419 3442 5493 quando
3471 5418 3601 5473 nihil
3630 5420 3705 5471 ιιι-

2118 5534 2335 5583 crantur
2360 5539 2424 5578 ex
2456 5534 2542 5575 tua
2571 5514 2846 5594 patientia.
2896 5511 3049 5579 Quod
3079 5510 3224 5566 enim
3247 5525 3493 5581 magnam
3516 5509 3709 5565 habeat

2120 5619 2382 5674 rationem
2399 5625 2585 5668 eorum
2611 5608 2700 5678 qui
2731 5603 2923 5676 injuria
2943 5602 3270 5668 alliciuntur,
3297 5601 3419 5656 audi
3441 5600 3711 5671 quomodo

2124 5728 2218 5783 per
2242 5726 2327 5776 ea,
2358 5722 2477 5779 qua:
2503 5708 2796 5772 sequuntur
2814 5740 2830 5766 ,
2862 5696 3164 5752 confirmat.
3211 5693 3326 5749 Tibi
3353 5695 3620 5749 derelictus
3645 5701 3714 5746 est

2128 5818 2342 5874 pauper.
2371 5797 2601 5865 orphano
2632 5801 2685 5847 tu
2713 5789 2853 5862 [nisti
2881 5788 3107 5861 adjutor.
3137 5787 3318 5852 Alius,
3344 5784 3423 5841 Tu
3451 5790 3612 5857 [actus
3641 5800 3707 5839 es.

405 4927 657 4984 effectum
688 4939 806 4980 esse
844 4925 1129 4978 immanem
1171 4917 1448 4975 belluam?
1493 4917 1625 4971 Eum
1674 4915 1818 4970 enim
1864 4923 1999 4968 tam-

408 5036 570 5091 quam
599 5019 762 5075 feram
789 5015 1100 5072 describens
1132 5014 1391 5083 propheta
1410 5053 1425 5077 ,
1457 5010 1530 5065 ita
1552 5008 1619 5064 de
1642 5024 1710 5064 eo
1741 5008 1998 5077 loquitur,

408 5112 601 5177 dolos,
648 5107 892 5173 fraudes,
925 5105 1143 5160 insidias
1182 5101 1488 5158 traducens.
1542 5100 1681 5167 Quid
1718 5115 1785 5155 eo
1826 5107 2003 5169 potest

411 5220 533 5260 esse
562 5202 807 5262 miserius
830 5243 846 5267 ,
874 5198 1000 5270 quid
1032 5195 1319 5269 panperius
1342 5236 1357 5260 ,
1399 5208 1522 5249 cum
1562 5190 1815 5263 pauperis
1843 5198 2004 5260 egeat

417 5294 697 5369 pecuniis?
723 5293 873 5348 Hunc
895 5306 1055 5360 ergo,
1091 5289 1207 5355 dic,
1235 5300 1440 5358 quasso,
1472 5285 1711 5339 dicemus
1747 5282 2005 5338 divitem?

420 5388 562 5457 Ergo
604 5386 761 5440 etiam
804 5383 976 5438 furem
1025 5391 1080 5436 et
1121 5393 1395 5434 murorum
1441 5376 1775 5431 ell'ossorcm.
1829 5374 2002 5442 Absit,

420 5478 615 5550 inquit.
659 5475 794 5545 Quid
821 5474 965 5530 enim
992 5474 1037 5529 si
1079 5472 1191 5527 fora
1220 5486 1324 5526 non
1353 5468 1624 5540 perfodit?
1675 5467 1803 5539 quid
1829 5467 1875 5522 si
1901 5483 2009 5522 non

420 5582 587 5630 noctu
612 5570 937 5643 aggreditur,
964 5566 1059 5623 sed
1084 5581 1204 5622 cum
1231 5564 1357 5621 dolo
1378 5562 1573 5634 judicis
1604 5562 1783 5617 lumen
1811 5559 2013 5617 exstin-

494 5689 581 5751 (a),
601 5686 709 5736 Vox
738 5683 903 5751 inutile
929 5681 1227 5751 (ᾇνωφρλές),
1250 5686 1329 5751 est
1348 5676 1560 5751 Aquilae.
1587 5672 1837 5751 inﬂantia;
1852 5684 2023 5751 ‘voces,

427 5733 869 5819 itts‘i—tiiansiapttti”
893 5733 1034 5795 aulas
1063 5733 1351 5807 ’(ἐνεὲῥεύων
1392 5733 1527 5805 nuptis
1570 5739 1655 5792 τὰς
1699 5733 1866 5793 αὐλάς)
1908 5741 2025 5802 sunt

771 5813 799 5819 “
1107 5813 1115 5819 -
1213 5808 1221 5816 ·
1268 5813 1276 5819 -
1298 5806 1655 5819 -μ---ιηι-ιι---η
1685 5809 1893 5819 -..η-...η
1921 5800 2019 5819 .....ι

428 5793 1185 5873 Symmachi.erim'sequnntur
1204 5793 1657 5873 interpretationes
1682 5809 1894 5873 quoran
1913 5793 2024 5873 [sint

431 5858 734 5935 ἷξῆδῆἷῦἷε
756 5858 1168 5938 scd-postrema,
1213 5858 1489 5929 contractus
1530 5858 1707 5912 autem
1736 5860 1793 5917 (ὁ
1833 5858 1884 5905 δὲ
1913 5858 2025 5905 (αλα-

431 5933 605 5996 ἁθείς),
637 5941 714 5985 cst
740 5933 952 5996 Aquila).
