4030 6396
512 310 611 364 159

508 447 659 502 Alius
679 487 692 510 ,
727 444 804 498 Tu
834 445 950 497 eris.
987 441 1135 510 Quod
1164 450 1339 492 autem
1368 437 1529 503 dicit,
1578 436 1682 490 tale
1710 441 1792 489 est
1824 453 1836 489 :
1868 434 1978 488 lloc
2010 442 2094 489 est

506 553 643 607 optts
695 546 840 589 tuum
861 574 877 599 ,
919 533 1020 586 hoc
1047 540 1126 585 est
1153 528 1389 583 officium
1423 537 1570 581 tuum
1600 524 1890 597 egregium.
1941 522 2093 590 Quod

507 646 663 688 suum
691 637 825 692 erat,
860 642 963 680 non
985 623 1182 684 omisit,
1218 637 1323 675 non
1347 619 1597 690 prodidit.
1629 616 2090 687 Quemadmodum

507 724 756 778 enimest
782 718 1000 773 artificis
1034 713 1303 769 mdiﬁcare
1329 755 1344 779 ,
1392 721 1446 767 et
1490 710 1860 780 gubernatoris
1903 722 2092 762 navem

507 816 755 884 dirigere,
787 820 840 864 ct
860 810 989 864 solis
1017 806 1320 862 illuminare
1348 822 1361 859 :
1395 806 1466 859 ita
1495 804 1654 858 etiam
1688 811 1834 857 tuum
1863 808 1946 855 est
1969 800 2095 855 sub-

507 909 688 960 venire
713 902 967 974 orphanis
989 942 1002 965 ,
1030 914 1244 953 manum
1274 896 1513 968 prtebcre
1540 894 1879 965 pauperibus.
1923 891 2092 946 Nemo

501 1007 585 1054 est
606 997 691 1068 qui
709 995 787 1051 sic
812 1008 999 1050 eorum
1028 1006 1213 1046 curam
1240 996 1408 1060 gerat,
1436 987 1530 1043 sed
1556 996 1609 1040 tu
1625 986 1790 1041 solus.
1819 984 1934 1040 lloc
1949 985 2091 1038 enim

504 1088 767 1159 significat
811 1084 939 1141 illud
960 1126 975 1150 ,
1023 1082 1307 1137 Derelictus
1331 1088 1425 1133 est.
1474 1077 1679 1139 Nullus,
1711 1075 1902 1146 inquit,
1932 1075 2089 1141 alius,

501 1183 597 1238 sed
629 1191 683 1236 tu
714 1181 858 1234 solus
889 1177 1249 1247 orphanorum
1286 1181 1340 1226 ct
1376 1185 1666 1241 pauperum
1711 1183 1893 1223 curam
1921 1166 2083 1238 geris.

509 1276 597 1331 15.
627 1274 839 1329 Contcre
865 1270 1125 1324 brachium
1162 1264 1434 1336 peccatoris
1461 1272 1506 1318 et
1544 1260 1774 1331 maligni.
1826 1258 2092 1324 Quwretur

505 1376 764 1438 peccatum
793 1365 930 1418 illius
954 1370 1000 1416 ct
1040 1377 1139 1414 non
1168 1358 1446 1412 invenietur
1477 1364 1683 1425 propter
1720 1352 1870 1406 illud.
1917 1350 2087 1413 Alius,

508 1461 779 1525 Quen-atto-
804 1454 1037 1524 impiatus
1063 1451 1221 1521 ipsius
1245 1490 1259 1513 ,
1290 1456 1343 1501 ut
1368 1463 1470 1500 non
1495 1446 1779 1498 inveniatur
1804 1443 1932 1511 ipse.
1972 1439 2088 1495 Non

502 1552 616 1604 vult
641 1556 973 1618 peccatorum
1003 1542 1249 1598 absolute
1278 1538 1518 1603 conteri,
1560 1536 1652 1589 sed
1681 1535 1819 1588 vires
1838 1574 1853 1599 ,
1900 1541 2089 1602 poten-

506 1642 653 1706 tiam,
678 1647 732 1693 et
749 1638 863 1707 ejus
890 1633 1241 1703 improbitatis
1258 1629 1493 1686 fomitem
1516 1644 1529 1681 :
1558 1625 1749 1681 deinde
1768 1634 1918 1695 rogat
1939 1623 2088 1678 illum

503 1747 691 1787 eorum
719 1744 837 1800 quas
873 1727 998 1782 fecit
1027 1724 1250 1779 reddere
1282 1721 1545 1776 rationem
1569 1760 1583 1785 ,
1616 1727 1670 1773 et
1696 1715 1984 1771 ostendens
2011 1714 2090 1768 in-

497 1824 653 1894 juriae
679 1819 1095 1890 magnitudinem
1119 1857 1133 1881 ,
1160 1815 1289 1870 dicit
1318 1832 1331 1867 :
1363 1812 1421 1867 Si
1450 1812 1551 1866 hoc
1583 1809 1806 1877 fecerit,
1847 1824 1915 1863 ne
1944 1816 2091 1863 stare

502 1914 717 1986 quidem
745 1912 955 1982 poterit,
987 1924 1087 1964 nec
1106 1905 1410 1976 apparebit,
1449 1902 1541 1958 sed
1583 1901 1797 1972 peribit,
1829 1898 2085 1964 interibit,

500 2006 756 2061 radicitus
794 2001 1086 2065 delebilttr,
1121 1999 1185 2052 iis
1213 2012 1333 2066 qua:
1372 1994 1497 2049 fecit
1542 1992 1878 2049 examinatis.
1920 1990 2091 2044 Ncmo

500 2113 628 2169 ergo
648 2096 928 2151 orbitatem
953 2090 1166 2157 defleat,
1193 2104 1351 2143 nemo
1375 2094 1761 2156 paupertatem.
1799 2084 1916 2149 Quo
1946 2083 2087 2137 enim

499 2209 560 2246 ea
585 2190 785 2259 majora
819 2186 1033 2250 fuerint,
1064 2199 1130 2239 co
1158 2183 1326 2252 magis
1355 2196 1478 2235 eum
1512 2180 1652 2234 Deus
1678 2178 1878 2233 auxilio
1901 2176 2087 2247 digna-

501 2284 659 2338 bitur.
690 2281 857 2336 Nemo
884 2278 952 2333 de
978 2285 1243 2347 potestate
1271 2274 1372 2328 sibi
1404 2271 1683 2343 magniﬁce
1716 2270 1957 2341 placeat,
1992 2283 2091 2323 nec

501 2380 836 2429 intumescat.
860 2370 1034 2424 Locus
1060 2368 1202 2423 enim
1234 2375 1316 2421 est
1340 2364 1575 2419 lubricus
1597 2371 1648 2417 et
1681 2376 1935 2432 princeps,
1962 2375 2088 2415 eos-

498 2480 602 2535 que
626 2462 717 2533 qui
746 2477 851 2515 non
873 2457 1154 2514 attendunt
1180 2455 1427 2509 facillime
1450 2453 1729 2508 subvertit.
1783 2450 1872 2506 16.
1906 2449 2084 2505 Domi-

499 2573 593 2610 nus
645 2551 870 2625 regnabit
910 2552 965 2604 in
1008 2559 1252 2604 tetcmum
1293 2554 1342 2601 ct
1380 2547 1435 2600 in
1480 2544 1723 2599 swculum
1748 2543 1941 2598 ramuli.
1994 2542 2090 2597 llic

502 2649 789 2721 respondet
828 2647 893 2702 iis
935 2645 1025 2717 qui
1073 2643 1449 2714 perturbantur
1483 2654 1550 2695 eo
1595 2636 1738 2709 quod
1781 2647 2089 2706 peceatores

500 2762 605 2800 non
655 2743 832 2799 statim
886 2754 1070 2811 pmttas
1124 2736 1390 2792 dederint.
1444 2733 1582 2802 Quid
1632 2733 1825 2787 times?
1880 2731 2083 2801 inquit;

497 2837 624 2906 quid
668 2832 961 2891 formidas?
1006 2830 1141 2885 Nam
1176 2828 1340 2900 juder
1368 2836 1449 2882 est
1492 2824 1911 2894 tcmporaneus‘t
1959 2837 2085 2876 num

499 2930 657 2983 linem
704 2926 864 2981 habet
912 2938 1137 2995 regnum
1184 2920 1333 2991 ejus?
1380 2920 1490 2975 Etsi
1519 2920 1661 2973 enim
1692 2932 1833 2971 nunc
1863 2931 1968 2970 non
1996 2916 2088 2970 det

497 3035 684 3092 poenas
719 3019 791 3092 (a)
828 3017 939 3092 [qui
978 3016 1171 3071 invasit
1200 3014 1496 3080 dominum,
1521 3013 1609 3083 qui
1639 3022 1719 3066 est
1759 3019 1963 3079 raptor,
1992 3008 2084 3078 qui

494 3110 729 3185 avarus],
759 3110 979 3166 omnino
1012 3119 1186 3164 tamen
1212 3106 1379 3162 dabit.
1411 3106 1586 3160 Manet
1607 3107 1748 3160 enim
1775 3105 1864 3175 qui
1893 3102 2079 3172 exigit,

495 3215 544 3258 et
565 3212 749 3274 regnat
776 3212 1049 3273 perpetuo.
1080 3199 1338 3265 Peribitis,
1362 3206 1552 3269 gentes,
1577 3196 1639 3249 de
1660 3205 1791 3250 terra
1813 3195 1968 3248 illius.
1996 3195 2083 3247 17.

496 3295 816 3349 Desiderium
850 3307 1133 3365 pauperum
1174 3291 1425 3345 exaudisti
1449 3331 1464 3353 ,
1517 3288 1778 3343 Domine:
1822 3303 2085 3358 pt'wpara-

494 3395 680 3449 tionem
710 3390 876 3446 cordis
898 3405 1071 3443 eorum
1095 3387 1288 3441 audivit
1314 3386 1451 3439 auris
1479 3393 1584 3437 tua.
1616 3382 1793 3447 Alius,
1829 3364 2079 3451 Proposi-

494 3500 598 3540 tmn
623 3486 789 3541 cordis
821 3499 995 3539 eorum
1020 3480 1213 3534 audivit
1241 3479 1381 3532 auris
1408 3487 1514 3530 tua.
1546 3476 1695 3530 Alius
1715 3517 1728 3540 ,
1757 3473 2084 3544 Prwparabis

491 3581 648 3635 corda
675 3594 846 3633 eorum
874 3585 925 3630 ut
951 3573 1180 3629 attendat
1204 3571 1344 3624 auris
1370 3579 1476 3623 tua.
1511 3568 1597 3623 18.
1622 3566 1867 3621 Judicare
1884 3564 2082 3635 pupillo

491 3685 537 3727 et
578 3672 794 3736 humili;
842 3679 896 3723 ut
935 3685 1037 3721 non
1078 3672 1301 3736 apponat
1337 3663 1470 3716 ultra
1500 3660 1831 3730 magniﬁcare
1857 3674 1910 3712 se
1934 3659 2084 3711 homo

488 3781 640 3834 super
666 3772 871 3817 terram.
903 3760 1075 3825 Alius,
1103 3756 1170 3812 Ut
1187 3755 1388 3826 judices
1416 3752 1668 3824 pupillum
1690 3759 1735 3805 et
1765 3764 2081 3819 oppressum.

565 3858 648 3913 Ea:
681 3856 865 3912 divitiis
894 3854 1026 3909 male
1071 3851 1229 3921 partis
1258 3848 1414 3902 mala.
1442 3876 1515 3886 —-
1559 3843 1722 3899 Vides
1768 3841 2081 3913 prophetam

490 3951 853 4021 improborum
878 3946 1134 4015 majorem
1150 3956 1333 3997 curam
1357 3953 1545 4009 gerere
1568 3936 1592 3990 ?
1615 3936 1708 3991 Est
1725 3936 1866 3991 enim
1891 3947 2081 3989 eorum

492 4042 723 4099 niaximc
751 4040 892 4094 male
923 4036 1051 4105 pati.
1082 4035 1131 4088 ls
1160 4034 1300 4089 enim
1342 4030 1432 4101 qui
1473 4029 1667 4099 injuria
1695 4028 1958 4092 afficitur,
1987 4040 2081 4080 ac-

491 4135 621 4205 cipit
647 4133 898 4187 damnum
921 4127 1160 4199 pecunia:
1193 4142 1206 4178 :
1237 4125 1324 4179 ille
1350 4133 1525 4176 autem
1555 4130 1800 4175 versatur
1827 4119 1878 4173 in
1902 4132 2078 4172 rerum

492 4227 845 4283 maximarum
878 4219 1132 4293 periculo.
1166 4216 1303 4284 Quid
1327 4227 1435 4270 tum
1463 4214 1631 4280 enim,
1658 4213 1703 4267 si
1727 4228 1830 4266 non
1848 4212 2083 4266 sentiunt

492 4321 881 4391 :‘egritudittem,
914 4329 1017 4386 qua
1050 4311 1349 4368 vexantur!
1381 4309 1456 4362 Eo
1481 4306 1648 4377 magis
1674 4305 1870 4360 crescit
1895 4318 2079 4359 eorum

492 4427 698 4484 stupor,
730 4420 784 4466 et
812 4406 1114 4464 eonomine
1142 4403 1308 4473 magis
1337 4408 1548 4470 oportet
1573 4413 1760 4452 eorum
1791 4396 2030 4450 misereri
2063 4411 2077 4447 :

494 4511 596 4565 hoc
623 4503 946 4577 imperfecta:
977 4498 1171 4555 mentis
1197 4504 1298 4552 est.
1344 4492 1476 4548 Nam
1504 4489 1654 4562 pueri
1683 4488 1845 4544 etiam
1872 4486 2083 4542 terribi-

493 4604 622 4659 lium
670 4591 873 4654 nullam
916 4593 1117 4648 ducunt
1157 4587 1451 4650 rationem;
1505 4583 1600 4640 sed
1644 4596 1789 4651 smpc
1823 4580 1984 4634 etiam
2028 4579 2079 4632 in

504 4687 686 4754 ignem
707 4697 900 4736 manus
917 4678 1418 4743 immittunt,larvas
1435 4681 1620 4728 autem
1644 4670 1836 4725 inanes
1854 4662 2090 4721 videndo

508 4779 923 4851 pertimescunt.
957 4774 1055 4828 His
1082 4780 1210 4829 sunt
1236 4770 1385 4826 avari
1413 4768 1640 4832 similes,
1673 4766 1765 4836 qui
1793 4769 2088 4835 pauperta-

511 4892 619 4934 tctn
655 4875 874 4948 quidem
908 4881 1182 4935 verentur,
1212 4883 1337 4940 qua:
1362 4881 1468 4921 non
1500 4865 1662 4919 modo
1690 4861 1945 4916 terribilis
1976 4872 2089 4913 non

510 4987 613 5040 est,
646 4975 739 5030 sed
776 4972 1188 5027 fundamentum
1221 4964 1403 5035 potius
1432 4971 1517 5017 est
1545 4956 1858 5017 securitatis
1899 4973 1912 5009 :
1947 4954 2093 5025 inju-

512 5087 624 5130 stas
660 5084 839 5128 autetn
871 5068 1112 5132 divitias,
1143 5074 1197 5120 et
1223 5063 1525 5118 alienorum
1557 5060 1828 5114 bonorum
1858 5054 2096 5109 invasio-

518 5190 637 5226 uctu
668 5170 824 5225 multi
855 5166 1086 5230 faciunt,
1122 5162 1266 5232 quod
1293 5166 1375 5215 est
1400 5158 1593 5227 quovis
1623 5155 1745 5226 igne
1775 5152 2094 5208 terribilius.

520 5270 746 5337 Semper
766 5266 911 5322 enim
943 5263 1146 5318 malum
1171 5266 1254 5315 est
1281 5256 1529 5311 avaritia.
1562 5252 1627 5307 Ut
1649 5268 1714 5306 ea
1740 5267 1866 5321 ergo
1887 5249 2098 5304 exscin-

521 5364 703 5426 ttatur,
761 5373 976 5428 semper
1031 5362 1189 5423 rogat
1244 5349 1524 5422 prapheta,
1578 5344 1815 5404 minans,
1869 5352 2097 5403 terrens,

526 5449 696 5504 Deum
720 5463 915 5517 rogans
936 5453 996 5499 ut
1017 5443 1355 5513 exsurgatad
1379 5434 1706 5509 puniendum
1728 5434 1885 5487 talem
1905 5430 2101 5485 mentis
2192 5443 2311 5484 esse
2341 5426 2384 5480 si
2412 5422 2530 5477 haec
2554 5415 2869 5473 consuleres
2902 5428 2914 5463 :
2949 5422 3072 5464 eum
3098 5424 3124 5460 a

1637 5525 1886 5580 Peribitis
1908 5531 2100 5593 gentes,
2142 5562 2145 5565 ‹
2192 5519 2338 5575 orbis
2363 5525 2520 5570 terrae
2559 5506 2862 5567 Dominum,
2909 5496 3257 5560 exterminas,
3290 5501 3345 5547 et
3387 5490 3554 5545 mittis
3620 5488 3669 5541 iu
3694 5502 3774 5540 cx-

529 5550 828 5608 stuporcm.
855 5538 917 5591 Et
939 5537 1061 5590 ideo
1082 5533 1363 5603 subjungit
1383 5532 1570 5585 dicens
1599 5548 1611 5582 :

530 5632 593 5683 dc
621 5640 759 5682 terra
778 5629 943 5694 illius,
972 5627 1188 5682 minans
1213 5626 1317 5681 illis
1341 5625 1644 5687 interitum,
1668 5628 1720 5675 et
1740 5635 1938 5690 rogans
1960 5625 2015 5670 ut
2038 5615 2107 5669 sit
2193 5614 2390 5673 silium,
2422 5615 2477 5663 et
2513 5602 2670 5675 jttbes
2713 5608 2917 5654 transm

598 5812 672 5876 (a)
701 5812 819 5869 Quae
846 5810 1037 5864 uncinis
1063 5809 1355 5861 clauduntur
1378 5813 1429 5861 in
1454 5810 1623 5861 Graeco
1648 5806 1847 5858 desunt.

1156 306 1212 359 S.
1252 304 1527 360 JOANNiS
1564 295 2043 356 CHRYSOSTOMI
2085 296 2398 357 Alzilllllil’.
2438 304 2970 363 CONSTANTIXOP.
3678 317 3760 370 litt

2204 415 2414 484 adjutor
2443 430 2493 474 et
2525 420 2714 476 vindex
2744 438 2929 477 eorum
2952 465 2966 490 ,
3009 423 3096 494 qui
3136 424 3328 495 injuria
3358 426 3683 481 affitiuntur:
3716 441 3761 484 ut

2202 517 2256 562 et
2296 507 2350 563 bi
2395 510 2701 580 respirent,
2755 514 2829 568 illi
2870 530 2999 570 vero
3037 518 3391 587 corrigantur.
3445 517 3604 572 Nemo
3646 537 3757 589 etgo

2201 616 2362 672 opttm
2388 611 2444 657 et
2471 602 2776 658 facultatum
2806 608 3013 676 copiam
3053 616 3423 678 persequatur.
3468 609 3614 663 Multa
3646 612 3754 664 hinc

2201 692 2339 747 mala
2364 694 2608 749 oriuntur
2648 696 2710 750 iis
2734 698 2821 767 qui
2863 714 2967 752 non
2993 699 3304 764 attendunt,
3336 704 3626 770 arrogantia
3646 745 3658 763 .
3686 720 3765 755 so-

2200 785 2382 840 cordia
2403 826 2418 848 .
2464 788 2660 841 invidia
2687 830 2701 853 ,
2742 804 2873 842 rana
2920 790 3118 860 gloria,
3154 799 3208 845 et
3232 791 3335 845 alia
3367 792 3533 845 multo
3560 792 3637 845 bis
3662 809 3762 845 tua-

2194 877 2332 946 jora.
2362 877 2465 931 Sed
2484 887 2540 932 ut
2562 878 2629 933 ab
2656 878 2737 933 bis
2757 880 3004 935 omnibus
3027 882 3180 934 malis
3201 881 3521 949 liberemiui,
3545 884 3760 937 radicem

2198 969 2498 1025 cxscindite
2525 991 2539 1026 :
2571 969 2617 1024 si
2646 970 2789 1025 enim
2831 987 2894 1026 ea
2935 987 3039 1026 non
3081 984 3334 1037 maneat,
3381 974 3518 1027 mala
3546 976 3764 1043 germina

2199 1076 2303 1114 non
2336 1060 2614 1132 pullulant.
2667 1062 2731 1115 Et
2761 1061 2882 1117 ideo
2912 1061 3027 1117 btec
3052 1062 3192 1117 dicta
3221 1074 3366 1127 sunt,
3396 1080 3500 1119 non
3527 1067 3686 1119 solum
3717 1073 3767 1119 ut

2196 1150 2512 1217 audiamus,
2562 1151 2657 1206 sed
2702 1152 2865 1207 etiam
2894 1161 2953 1208 ut
2978 1155 3346 1225 corrigantur,
3391 1166 3445 1210 et
3486 1157 3692 1210 multam
3720 1156 3765 1209 in

2196 1245 2409 1298 Christo
2435 1243 2560 1299 Jesu
2588 1244 2834 1299 virtutem
2861 1244 3217 1300 exbibeamus
3245 1263 3258 1299 :
3285 1246 3370 1301 cui
3406 1246 3573 1317 gloria
3603 1256 3654 1302 et
3678 1248 3768 1300 itu-

2198 1336 2399 1405 perium
2428 1336 2479 1389 in
2505 1336 2699 1390 saecula
2727 1337 3067 1390 szceulorum.
3098 1338 3291 1392 Amen.

2516 1469 2882 1527 EXPOSITIO
2926 1471 2989 1525 IN
3032 1471 3355 1528 ΡδΑωιωι
3395 1474 3463 1529 X.

2196 1603 2262 1660 In
2301 1605 2684 1675 ﬁnem.Dav:'d.
2733 1606 2904 1673 Alius,
2949 1604 3298 1678 Triuntphalis
3349 1605 3555 1663 Doridi.
3602 1609 3761 1675 Alius,

2759 1698 2993 1753 Victoria:
3011 1700 3224 1753 auctori.

2270 1818 2318 1870 1.
2350 1816 2377 1869 1
2386 1833 2418 1869 η
2444 1815 2661 1870 Domino
2684 1815 2920 1883 conﬁdo;
2947 1813 3199 1885 quomodo
3228 1814 3404 1866 dicetis
3428 1815 3609 1867 anima:
3628 1829 3770 1867 mere:

2200 1906 2526 1977 Transmigra
2563 1907 2616 1961 in
2666 1915 2861 1961 montes
2901 1907 3030 1959 sicut
3073 1906 3289 1977 passer?
3317 1905 3489 1971 Alius,
3518 1904 3691 1959 Transi
3717 1907 3764 1959 in

2196 2009 2387 2054 montes
2419 1999 2549 2053 sicut
2590 2014 2783 2067 passer.
2817 1997 2988 2061 Alius,
3024 1996 3404 2050 Transmovere.
3440 1996 3493 2050 5.
3530 1995 3770 2060 Quoniam

2193 2110 2306 2148 ecce
2332 2102 2614 2164 peccatores
2663 2089 2985 2145 intenderunt
3020 2105 3215 2155 arcum,
3239 2098 3545 2159 paraverunt
3574 2090 3772 2159 sagittas

2195 2203 2312 2241 suas
2354 2187 2408 2239 in
2446 2185 2703 2256 pharetra,
2744 2192 2798 2237 ut
2837 2182 3071 2253 sagittent
3099 2182 3152 2235 in
3182 2181 3393 2235 obscuro
3419 2190 3583 2234 rectos
3609 2181 3769 2234 corde.

2195 2280 2360 2344 Alius,
2391 2276 2550 2344 Quasi
2573 2276 2628 2329 in
2653 2274 2888 2345 caligine.
2925 2273 3176 2341 Quoniam
3197 2288 3308 2343 quia
3336 2283 3387 2325 tu
3415 2272 3666 2342 perfecisti
3689 2271 3772 2325 de-

2193 2379 2507 2428 struxerunt.
2537 2370 2708 2433 Alius,
2735 2367 2985 2433 Quoniam
3009 2366 3139 2436 leges
3165 2365 3426 2418 dissoluta:
3454 2374 3590 2417 sunt.
3614 2365 3771 2424 Alius,

2199 2464 2448 2531 Quoniam
2472 2462 2715 2516 doctrina:
2743 2468 3079 2514 conterentur.
3119 2457 3320 2527 Magna:
3348 2464 3476 2511 sunt
3503 2457 3643 2511 vires
3670 2457 3772 2525 spei

2194 2556 2245 2609 in
2277 2555 2581 2619 Dominum,
2610 2551 2917 2623 praesidium
2960 2548 3103 2620 quod
3148 2563 3255 2603 nou
3304 2555 3484 2616 potest
3523 2548 3771 2617 superari,

2194 2657 2380 2718 portus
2435 2644 2785 2715 tranquillus,
2840 2642 3005 2697 turris
3056 2656 3177 2711 quae
3230 2641 3415 2711 nequit
3467 2641 3771 2710 extrugnari,

2193 2757 2340 2797 arma
2386 2739 2763 2811 insuperabilia
2792 2740 2831 2801 ί,
2858 2738 3001 2791 vires
3033 2735 3245 2790 invictae
3265 2776 3278 2799 ,
3312 2744 3366 2789 et
3394 2750 3519 2803 quae
3550 2735 3601 2787 in
3630 2736 3774 2788 rebus

2191 2833 2520 2890 difficillimis
2545 2841 2601 2888 et
2628 2830 3054 2900 impeditissimis
3097 2827 3299 2883 exitum
3345 2825 3645 2880 inveniunt.
3683 2825 3776 2878 Per

2191 2943 2309 2981 eam
2332 2927 2564 2980 inermes
2583 2931 2840 2987 armatos,
2869 2930 2924 2976 et
2940 2919 3189 2974 mulieres
3205 2918 3348 2972 viros
3364 2924 3743 2986 superaverunt
3761 2934 3772 2969 :

2190 3030 2242 3074 et
2265 3018 2414 3089 pueri
2447 3016 2511 3071 iis
2530 3014 2695 3086 quiin
2723 3013 2885 3068 rebus
2905 3010 3109 3067 bellicis
3136 3008 3414 3064 exercitati
3446 3006 3676 3073 fuerant,
3702 3005 3775 3059 fa-

2190 3113 2293 3166 cile
2333 3108 2638 3179 superiores
2674 3105 2842 3160 fuere.
2868 3102 3007 3172 Quid
3046 3102 3241 3155 mirum
3283 3109 3463 3154 autem
3515 3099 3561 3154 si
3609 3099 3776 3153 hostes

2191 3205 2456 3265 vicerunt,
2507 3198 2720 3271 quando
2769 3197 2943 3265 ipsum
2995 3208 3208 3264 quoque
3258 3190 3521 3245 mundum
3568 3203 3776 3260 supera-

2190 3295 2361 3351 runt?
2402 3293 2678 3348 Elementa
2711 3289 2853 3344 enim
2883 3286 3151 3357 propriam
3192 3282 3489 3354 ignorantia
3520 3292 3771 3344 naturam,

2188 3388 2255 3442 ad
2288 3386 2338 3442 id
2366 3383 2509 3455 quod
2557 3377 2819 3437 erat'illis
2851 3378 3001 3443 utile,
3034 3385 3234 3431 mutata
3264 3381 3408 3438 sunt,
3441 3382 3493 3427 et
3526 3370 3650 3426 fera:
3678 3386 3772 3422 non

2188 3490 2343 3536 erant
2387 3476 2616 3546 amplius
2666 3473 2814 3539 ferte,
2864 3486 2963 3525 nec
3012 3470 3221 3533 fornax,
3270 3466 3458 3519 fornax
3507 3465 3671 3534 (Dan.
3701 3462 3772 3533 5).

2187 3571 2378 3627 Omnia
2418 3571 2562 3623 enim
2596 3573 2891 3621 commutat
2930 3576 3054 3631 spes
3096 3559 3148 3613 in
3182 3559 3371 3613 Deum.
3402 3557 3605 3612 Dentes
3631 3563 3774 3609 erant

2190 3663 2351 3729 acuti,
2382 3671 2437 3717 ct
2462 3669 2641 3714 arctus
2670 3672 2880 3720 carcer,
2909 3664 3117 3707 natura:
3157 3649 3495 3714 immanitas,
3529 3657 3585 3703 et
3616 3647 3773 3699 fames

2183 3764 2427 3810 naturam
2462 3748 2869 3819 irritans’(Dan.
2894 3748 2947 3800 6.
2974 3743 3089 3815 22)
3126 3760 3138 3795 :
3170 3755 3433 3809 nusquam
3464 3749 3645 3792 autem
3668 3744 3777 3788 erat

2188 3850 2326 3923 quod
2372 3863 2466 3905 eas
2514 3853 2724 3901 arceret
2768 3850 3001 3909 septum,
3038 3848 3093 3891 et
3134 3851 3227 3888 ora
3268 3832 3551 3904 propheta:
3576 3826 3773 3897 corpori

2187 3954 2340 4001 erant
2367 3938 2652 4013 proxima:
2690 3934 2783 3990 sed
2831 3948 2955 4002 spes
3002 3932 3053 3984 in
3100 3929 3291 3990 Deum,
3333 3940 3451 3995 quae
3482 3932 3567 3978 cst
3594 3919 3774 3992 quovis

2188 4042 2337 4095 freno
2362 4034 2651 4109 potentior,
2682 4033 2735 4084 in
2758 4044 2850 4084 ora
2879 4040 3062 4082 earum
3094 4024 3304 4077 irruens
3327 4061 3340 4087 ,
3374 4034 3466 4075 eas
3495 4028 3644 4073 retro
3671 4025 3773 4069 tra-

2189 4106 2377 4187 llebttl:
2399 4127 2601 4183 Eadem
2627 4126 2741 4194 ipse
2766 4136 2977 4192 quoque
3004 4115 3436 4188 pbilosolihatus,
3470 4110 3684 4165 dicebat
3715 4106 3774 4159 iis

2186 4224 2278 4294 qui
2302 4236 2425 4278 eum
2446 4217 2708 4288 jubebant
2732 4212 2967 4281 effugere
2991 4250 3005 4272 ,
3036 4217 3091 4263 et
3122 4222 3184 4261 ex
3220 4205 3460 4259 locorum
3490 4200 3655 4256 tutela
3681 4196 3773 4251 sibi

2187 4287 2417 4369 salutem
2449 4287 2676 4380 parare:
2710 4303 2777 4357 In
2806 4300 3022 4354 Domino
3053 4294 3255 4365 conﬁdo
3283 4312 3300 4359 ;
3329 4291 3585 4364 quomodo
3607 4287 3775 4342 dicetis

2185 4406 2372 4460 animo:
2400 4399 2561 4454 meat?
2585 4395 2721 4465 Quid
2759 4390 2944 4448 dicis?
2991 4389 3126 4444 Eum
3169 4384 3259 4455 qui
3304 4392 3388 4439 est
3427 4381 3576 4436 orbis
3624 4387 3776 4434 terra:

2186 4496 2445 4554 Dominus
2465 4532 2483 4559 ,
2514 4489 2683 4545 habeo
2712 4485 3010 4554 adjutorem
3040 4498 3053 4534 :
3096 4494 3218 4533 eum
3246 4476 3336 4547 qui
3368 4475 3565 4543 ubique
3605 4470 3775 4525 omnia

2187 4591 2341 4647 facile
2371 4583 2578 4658 peragit
2601 4580 2773 4636 habeo
2802 4576 3015 4638 ducem,
3045 4580 3099 4628 et
3126 4587 3155 4625 a
3193 4567 3432 4639 partibus
3463 4564 3775 4619 meis‘stan-

2186 4693 2296 4740 tem
2322 4699 2335 4736 :
2366 4657 2422 4735 et
2457 4691 2545 4732 me
2585 4672 2753 4729 mittis
2798 4668 2866 4724 ad
2909 4677 3112 4722 terram
3148 4657 3578 4722 iuhabitabilem,
3621 4663 3676 4707 et
3715 4666 3775 4705 ex

2186 4772 2475 4832 solitudine
2523 4768 2829 4824 cautionem
2865 4755 3198 4828 comparas?
3239 4753 3478 4822 Majusne
3518 4747 3682 4803 fuerit
3714 4758 3777 4799 ex

2188 4867 2477 4927 solitudine
2515 4860 2796 4923 auxilium,
2843 4867 3004 4925 quam
3032 4866 3097 4905 ex
3137 4864 3225 4916 eo,
3254 4846 3344 4917 qui
3384 4842 3564 4899 omnia
3610 4845 3780 4910 potest

2186 4979 2346 5037 quam
2385 4957 2633 5014 facillime
2665 4953 2685 5026 (
2710 4951 2810 5006 Job
2835 4948 2927 5005 42.
2951 4947 2986 5000 2
3009 4944 3065 5017 )?
3115 4940 3253 5008 Quid
3295 4953 3384 4993 me
3411 4934 3581 5037 probe
3611 4945 3779 5036 arma-

2190 5023 2323 5125 titm,
2356 5064 2627 5121 tamquam
2656 5023 2856 5102 nudum
2900 5050 2956 5095 et
3002 5039 3285 5099 inermem,
3327 5030 3394 5085 ad
3439 5028 3619 5099 fugam
3647 5023 3779 5079 inci-

2191 5113 2379 5217 tas,'et
2418 5113 2798 5212 transmigrare
2830 5135 2990 5205 jubes
3015 5132 3036 5184 ?
3060 5131 3271 5199 Ergone
3297 5141 3420 5181 eum
3446 5120 3665 5191 quidem
3692 5113 3777 5188 qui

2192 5243 2347 5299 habet
2368 5234 2683 5296 exercitum,
2709 5227 2988 5295 murisque
3013 5231 3067 5278 et
3096 5221 3261 5274 almis
3286 5217 3519 5271 munitus
3548 5223 3651 5278 est,
3675 5225 3776 5264 non

2188 5338 2407 5408 juberes
2452 5330 2632 5401 fugere
2678 5325 2731 5378 iu
2774 5321 3075 5382 desertum,
3120 5312 3215 5369 sed
3244 5308 3500 5366 videreris
3526 5301 3780 5360 ridiculus

3134 5413 3276 5457 utetn
3304 5401 3389 5470 qui
3420 5398 3584 5452 habet
3603 5409 3778 5449 serum

2922 5594 3092 5663 igrare
3134 5595 3351 5659 propter
3390 5582 3609 5648 bellum,
3642 5577 3778 5650 quod

2260 5771 2276 5802 ί
2312 5773 2394 5816 tta:
2416 5772 2579 5819 voces,
2605 5765 2745 5807 arma
2769 5742 3128 5812 insuperabilia,
3151 5739 3328 5791 desunt
3352 5739 3401 5788 in
3423 5731 3565 5785 sarit.
