4030 6438
315 329 404 386 ινδ
1496 355 1859 416 EXPOSITIO
1897 360 1966 415 IN
2004 360 2338 422 PSALMUM
2372 369 2440 425 X.

331 451 630 509 λέλειπται
663 462 698 514 ό
735 467 1024 536 πτωχὸς,
1070 470 1306 540 ὀρφανῷ
1351 473 1430 527 σὺ
1473 471 1635 544 ἦσθα
1679 478 1926 546 βοηθός.

342 543 557 636 Ἦλις..
607 548 694 636 Σὺ
741 551 986 618 ἐγένου.
1033 559 1255 625 Ἀλλος,
1300 561 1384 616 Σὺ
1429 543 1566 632 ἔσῃ.
1608 567 1675 618 το
1703 567 1758 620 δὲ
1783 543 1932 636 λέγει

344 631 573 686 τοιοῦτόν
603 635 758 692 ἐστιν
775 655 791 668 ·
810 642 990 697 Τοῦτο
1016 645 1174 716 ἔργον
1207 648 1314 711 σὸν,
1334 649 1490 704 τοῦτο
1512 650 1790 723 ἐξαίρετον
1817 655 1929 711 σόν.

350 721 455 774 Οὐκ
483 721 551 774 ἂν
573 721 632 775 δὲ
665 725 728 778 τὸ
754 727 956 782 ἑαυτοῦ
987 733 1156 800 εἴασε,
1187 735 1279 790 καὶ
1323 721 1663 812 προύδωκεν.
1703 740 1791 804 Ὡς
1825 741 1932 811 γάρ

349 807 587 876 τεχνίτου
612 809 676 862 τὸ
700 813 1029 886 οἰκοδομεῖν,
1067 819 1162 873 καὶ
1208 807 1544 894 κυϐερνήτου
1583 825 1646 878 τὸ
1688 807 1932 880 εὐθύνειν

350 894 409 986 τὸ
429 896 662 986 σκάφος,
709 901 808 954 καὶ
838 903 992 973 ἡλίου
1021 905 1080 960 τὸ
1119 908 1372 977 φωτίζειν
1402 927 1415 942 ·
1448 911 1590 966 οὕτω
1615 913 1680 986 δή
1715 915 1810 968 καὶ
1841 916 1932 969 σὸν

350 980 410 1032 τὸ
439 982 700 1073 ὀρφανῶν
731 989 1112 1060 προΐστασθαι,
1141 993 1202 1046 τὸ
1236 1000 1470 1067 πτωχοῖς
1511 980 1926 1073 χεῖραόρέγειν.

350 1068 543 1134 Οὐδεὶς
571 1070 718 1126 οὕτω
747 1078 1058 1150 προστάτης
1095 1081 1322 1148 τούτων,
1355 1083 1492 1138 ἀ).λά
1515 1068 1610 1140 ὦ
1647 1068 1826 1158 μόνος..
1857 1089 1932 1142 Τὸ

351 1161 482 1227 γαρ,
529 1159 1110 1246 ἐἶτ-καταλέλειπται,
1133 1170 1290 1225 τοῦτο
1323 1174 1670 1246 παρίστησιν.
1719 1176 1927 1242 Οὐδεὶς,

351 1245 758 1335 φησὶν,ἀλλος,
793 1251 928 1306 ἀλλά
955 1255 1019 1308 σὺ
1063 1257 1222 1326 μόνος
1275 1261 1527 1332 ὀρφανῶν
1551 1245 1654 1317 καὶ
1697 1266 1930 1335 πτωχῶν

353 1333 688 1420 προστάτης.
739 1339 1081 1408 Σύντριψον
1123 1344 1228 1396 τὸν
1265 1347 1568 1415 βραχίονα
1603 1350 1708 1404 τοῦ
1743 1333 1929 1420 ἁμαρ-

351 1419 548 1474 τωλοῦ
565 1423 667 1474 καὶ
693 1427 979 1492 πονηροῦ.
1015 1427 1062 1498 [1
1079 1429 1588 1502 121Ζητηθήσεται
1611 1438 1648 1505 ἡ
1677 1419 1932 1506 ἁμαρτία

349 1507 566 1570 αὐτοῦ,
604 1511 706 1564 καὶ
736 1513 809 1566 οὐ
837 1513 923 1582 μὴ
973 1515 1189 1585 εὑρεθῇ
1211 1518 1287 1572 δι’
1317 1522 1530 1590 αὐτήν.
1557 1524 1768 1588 Ἄλλος,
1810 1527 1930 1580 Ἕκα

351 1591 656 1662 ζητηθήτω
737 1599 978 1654 ἀσέϐεια
1003 1605 1211 1668 αὑτοῦ,
1245 1606 1346 1678 ἵνα
1367 1606 1454 1674 μὴ
1489 1609 1704 1679 εὑρεθῇ
1723 1613 1926 1678 αὐτός.

350 1681 464 1768 Οὐχ
498 1677 819 1748 ἁπλῶς’τὸν
858 1689 1182 1760 ἁμαρτωλὸν
1221 1677 1364 1758 ἀξιοῖ
1396 1677 1765 1768 συντριϐῆναι,
1793 1677 1932 1754 ἀλλά

348 1765 447 1836 τὴν
489 1769 670 1840 ἰσχὺν,
699 1771 800 1844 τὴν
817 1773 1156 1843 δυναστείαν,
1185 1779 1246 1832 τὸ
1278 1779 1612 1854 ὑπέκκαυμα
1641 1785 1806 1840 αὐτοῦ
1829 1788 1930 1858 τῆς

351 1855 622 1925 πονηρίας
643 1875 658 1888 ·
687 1855 805 1913 εἶτα
839 1859 983 1928 ἀξιοῖ
1007 1863 1235 1928 εὐθύνας
1284 1868 1448 1922 αὐτὸν
1491 1872 1780 1942 ὑποσχεῖν,
1837 1855 1930 1930 καὶ

347 1939 508 2008 λόγον
526 1941 710 1998 δοῦναι
724 1945 832 1999 τῶν
849 1951 1270 2023 πεπραγμένων,
1289 1957 1382 2009 καὶ
1397 1957 1610 2023 δεικνὺς
1702 1939 1930 2033 μέγεθος

347 2030 448 2122 τῆς
479 2029 697 2096 ἀδικίας
729 2035 889 2104 φησίν
911 2048 927 2064 ·
963 2039 1062 2091 “Av
1091 2038 1250 2094 τοῦτο
1293 2043 1519 2115 γένηται
1539 2087 1554 2112 ,
1589 2029 1715 2103 οὐδὲ*
1735 2029 1928 2122 στῆναι

347 2113 664 2186 δυνήσεται,
695 2121 818 2175 οὐδέ
852 2127 1118 2192 φανεῖται,
1149 2127 1266 2182 ἀλλ’
1292 2113 1596 2199 ἀπολεῖται,
1619 2113 1924 2208 οἰχήσεται,

352 2202 652 2296 πρόρριζος
696 2207 1141 2283 ἀφανισθήσεται,
1185 2217 1294 2270 τῶν
1328 2202 1742 2294 πεπραγμένων
1780 2225 1928 2296 αὐτῷ

346 2289 776 2384 ἐξεταζομένων.
810 2297 1010 2369 Μηδεὶς
1029 2297 1121 2356 οὗν
1135 2305 1402 2376 ὀρφανίαν
1421 2289 1708 2380 θήρηνείτω,
1741 2289 1929 2384 μηδεὶς

352 2379 649 2447 πτωχείαν.
685 2382 833 2455 Ὃσῳ
860 2385 968 2458 γάρ
993 2387 1059 2441 ἂν
1087 2390 1419 2465 ἐπιτείνηται
1453 2397 1654 2462 ταῦτα,
1688 2400 1927 2471 τοσούτῳ

350 2463 415 2514 τὰ
449 2465 553 2534 τῆς
597 2466 852 2540 βοηθείας
882 2474 1249 2548 αὐξηθήσεται
1291 2463 1383 2535 τοῦ
1413 2483 1568 2538 Θεοῦ.
1605 2485 1806 2556 Μηδεὶς
1835 2463 1928 2540 ἐπὶ

351 2551 640 2628 δυναστείᾳ
673 2560 1160 2633 μεγαλοφρονείτω,
1193 2570 1328 2640 μηδὲ
1346 2572 1624 2640 φυσάσθω.
1663 2551 1913 2646 Ἔπισφα-

353 2641 436 2706 re;
459 2644 573 2714 γὰρ
607 2647 766 2701 τοῦτο
800 2649 861 2703 τὸ
881 2655 1080 2724 χωρίον
1107 2657 1200 2710 καὶ
1225 2661 1472 2734 κατάκρη
1482 2681 1632 2732 μνον,
1685 2666 1778 2719 καὶ
1801 2669 1928 2731 τοὺς

357 2730 424 2801 μὴ
460 2733 828 2804 προσέχοντας
879 2743 1200 2815 περιτρέπει
1248 2751 1365 2818 μετ’
1405 2730 1658 2814 εὐκολίας
1704 2730 1924 2824 πολλῆς.

355 2820 718 2907 Βασιλεύσει
775 2825 992 2895 Κύριος
1035 2834 1125 2898 είς
1165 2834 1272 2887 τὸν
1305 2834 1492 2892 αἰῶνα
1533 2839 1632 2892 καὶ
1683 2843 1772 2907 είς
1823 2820 1930 2896 τόν

352 2905 538 2960 αἰῶνα
580 2908 691 2963 τοῦ
725 2911 959 2981 αἰῶνος.
1020 2918 1280 2976 Ἐνταῦθα
1311 2924 1446 2994 πρὸς
1491 2927 1616 2991 τοὺς
1662 2927 1926 2999 θορυϐου-

357 2993 550 3061 μένους
584 2997 683 3050 καί
706 3003 1176 3074 ταραττομένους,
1215 3008 1303 3064 δια
1334 2993 1396 3064 τὸ
1435 3012 1508 3085 μὴ
1541 3013 1722 3068 δοῦναι
1774 3015 1928 3088 δίκην

355 3079 557 3174 εὐθέως
603 3083 732 3174 τοῦς
759 3087 1196 3161 ἁμαρτάνοντας,
1243 3079 1618 3170 ἀποκρίνεται.
1649 3103 1736 3167 Τί,
1770 3079 1926 3174 φησί,

355 3167 487 3264 φοϐῇ
512 3185 537 3264 ;-
561 3171 616 3222 τί
637 3171 914 3264 δέδοικαςς
951 3179 1042 3252 Μὴ
1079 3181 1189 3254 γάρ
1212 3167 1546 3260 πρόσκαιρος
1571 3191 1600 3243 ό
1627 3167 1926 3264 δικαστής

360 3256 428 3346 μή
475 3257 598 3346 γάρ,
627 3259 782 3346 τέλος
829 3261 942 3334 ἔχει
979 3270 1049 3319 τά
1087 3270 1185 3340 τῆς
1231 3256 1508 3340 βασιλείας
1559 3278 1758 3346 αὐτοῦ;

358 3343 428 3412 μὴ
453 3343 552 3434 νῦν
581 3344 679 3416 δῷ,
711 3347 870 3402 δώσει
907 3353 1142 3419 πάντως.
1161 3358 1328 3414 Μένει
1359 3360 1468 3434 γὰρ
1493 3364 1518 3416 ό
1541 3343 1808 3428 ἀπαιτῶν,
1837 3369 1932 3421 καὶ

357 3432 630 3498 βασιλεύει
662 3436 942 3508 διηνεκῶς.
991 3447 1360 3516 Ἀπολεῖσθε,
1387 3432 1554 3522 ἔθνη,
1583 3455 1652 3510 ἐκ
1672 3455 1780 3526 τῆς
1817 3457 1930 3528 γῆς

357 3521 564 3576 αὐτοῦ.
595 3525 716 3590 Τὴν
728 3527 1050 3600 ἐπιθυμίαν
1075 3535 1195 3590 τῶν
1220 3538 1495 3605 πενήτων
1523 3521 1928 3612 νεὶσήκουσας,

357 3607 558 3702 Ιξύριε·
592 3611 710 3702 τὴν
732 3614 1084 3684 ἑτοιμασίαν
1103 3623 1216 3692 τῆς
1231 3627 1480 3695 καρδίας
1519 3607 1720 3684 αὐτῶν
1746 3607 1932 3702 προσέ

358 3693 504 3787 έσχε
537 3701 603 3750 τὸ
635 3695 748 3768 οὖς
775 3719 915 3760 σου.
952 3708 1164 3776 Ἀλλος,
1188 3693 1316 3781 Τὴν.
1332 3693 1622 3782 πρόθεσιν
1645 3717 1757 3787 τῆς
1785 3693 1931 3787 καρ-

359 3783 489 3848 δίας
510 3787 713 3842 αὐτῶν
741 3792 1082 3862 ἠκροάσατο
1115 3802 1178 3851 τὸ
1204 3795 1310 3866 οὖς
1333 3817 1470 3856 σου.
1501 3783 1716 3871 Ἄλλος,
1733 3783 1931 3860 Ἕτὸι-

354 3871 572 3940 μὰσεις
593 3877 845 3948 καρδίας
867 3883 1068 3938 αὐτῶν
1081 3887 1408 3957 προσέχειν
1431 3886 1542 3957 οὖς
1568 3906 1705 3946 σου.
1729 3892 1934 3962 Κρῖναι

360 3959 599 4029 ὀρφανῷ
657 3967 755 4020 καὶ
801 3971 1078 4038 ταπεινῷ,
1123 3973 1224 4027 ἵνα
1272 3975 1357 4044 μὴ
1409 3977 1645 4048 προσθῇ
1693 3959 1785 4034 ἐτι
1827 3981 1934 4035 τοῦ

353 4053 762 4122 μεγαλαυχεῖν
785 4056 1092 4128 ἄνθρωπος
1127 4062 1223 4115 ἐπὶ
1245 4063 1355 4132 τῆς
1387 4065 1518 4136 γῆς.
1556 4067 1765 4135 Ἄλλος,
1797 4070 1934 4140 Κρῖ-

358 4154 455 4190 ναι
479 4140 725 4208 ὀρφανῷ
752 4145 850 4198 καί
881 4149 1286 4219 τεθλασμένῳ.

437 4227 605 4298 Ὁρᾷς
647 4230 738 4284 τὸν
773 4235 1054 4307 προφήτην
1091 4237 1182 4291 τὸν
1223 4239 1441 4294 πλείονα
1481 4242 1637 4310 λόγον
1673 4243 1812 4316 ὑπὲρ
1837 4245 1936 4316 τῆς

357 4312 464 4367 τῶν
503 4317 756 4388 πονηρῶν
803 4322 1119 4393 ἐπιμελείας
1161 4327 1520 4398 ποιούμενον;
1575 4312 1793 4385 T057109-
1827 4312 1937 4404 γάρ

362 4401 600 4469 μάλιστα
616 4405 678 4458 τὸ
704 4408 888 4472 κακῶς
927 4412 1174 4484 πάσχειν.
1207 4413 1296 4485 Τῷ
1326 4416 1425 4485 μὲν
1465 4416 1572 4490 γὰρ
1601 4401 1938 4490 ἀδικουμένη)

357 4491 661 4562 χρημάτων
685 4495 718 4566 ἡ
745 4496 934 4568 ζημία,
963 4500 1041 4571 τῷ
1067 4501 1125 4556 δέ
1148 4505 1274 4574 περὶ
1300 4504 1409 4559 τῶν
1435 4506 1678 4577 ἐσχάτων
1702 4510 1731 4562 ό
1757 4509 1939 4562 κίνδυ-

357 4595 466 4642 νος.
487 4579 556 4632 Τί
576 4580 708 4652 γὰρ,
732 4585 780 4636 εἰ
797 4586 886 4639 καὶ
904 4587 978 4659 μὴ
995 4588 1340 4644 αἰσθάνονται
1367 4593 1466 4662 τῆς
1485 4595 1796 4665 ἀρρωστίας
1811 4595 1938 4651 ἔνθα

354 4665 528 4732 εἰσίν;
560 4667 837 4734 Ἑπίτασις
855 4675 1012 4727 τοῦτο
1030 4676 1401 4746 ἀναισθησίας·
1432 4681 1526 4733 καὶ
1547 4679 1636 4734 διὰ
1653 4681 1808 4736 τοῦτο
1836 4685 1940 4754 μά-

355 4753 517 4806 λιστα
537 4755 733 4820 αὐτοὺς
757 4759 860 4830 χρὴ
877 4762 1067 4814 ἐλεεῖν·
1084 4763 1242 4818 τοῦτο
1267 4766 1488 4830 ἀτελοῦς
1514 4767 1769 4832 διανοίας.
1787 4770 1939 4824 Ἐπεὶ

357 4842 452 4894 καὶ
479 4841 553 4895 τὰ
575 4845 763 4899 παιδία
785 4847 892 4902 τῶν
925 4849 1025 4920 μὲν
1050 4851 1296 4924 φοϐερῶν
1320 4855 1508 4908 οὐδένα
1535 4856 1812 4912 ποιοῦνται
1849 4858 1938 4912 λό-

353 4946 473 4997 γον,
510 4930 652 4984 ἀλλά
681 4933 772 4986 καὶ
817 4935 950 5006 πυρὶ
997 4937 1256 5004 πολλάκις
1291 4942 1556 5010 ἐπαφιᾶσι
1589 4944 1690 5001 τὰς
1727 4947 1936 5016 χεῖρας,

355 5023 682 5088 προσωπεῖα
734 5023 790 5076 δέ
855 5024 1076 5080 διάκενα
1129 5027 1452 5082 δεδίττονται
1501 5034 1594 5086 καὶ
1643 5033 1958 5104 τρέμουσιν’

350 5107 590 5176 ὁρῶντα.
617 5108 840 5176 Τούτοις
879 5113 1120 5167 ἐοίκασιν
1160 5117 1210 5168 οί
1242 5115 1590 5182 πλεονέκται,
1619 5120 1810 5174 πενίαν
1839 5123 1939 5192 μὲν

349 5197 612 5265 δεδιότες,
632 5199 770 5272 ὅπερ
795 5203 894 5256 οὐκ
921 5202 1034 5258 ἐστι
1056 5204 1304 5278 φοϐερὸν,
1324 5206 1459 5260 ἀλλά
1483 5209 1576 5261 καὶ
1609 5209 1912 5280 ἀσφαλείας

351 5287 388 5338 ὑ
397 5287 638 5352 πόθεσις·
663 5290 888 5345 πλοῦτον
903 5292 956 5345 δὲ
968 5293 1148 5348 ἄδικον
1169 5297 1262 5349 καὶ
1279 5295 1590 5362 πλεονεξίαν
1603 5299 1732 5370 περὶ
1741 5297 1937 5352 πολλοῦ

357 5372 706 5442 ποιούμενοι,
735 5375 766 5428 ὃ
794 5379 962 5447 πυρός
991 5381 1108 5434 ἐστι
1148 5383 1348 5446 παντὸς
1376 5383 1768 5456 φοϐερώτερον.
1794 5387 1938 5442 Παν-

353 5459 528 5529 ταχοῦ
551 5461 662 5532 γάρ
681 5465 715 5532 ή
741 5463 1018 5530 πλεονεξία
1048 5471 1240 5522 κακόν.
1260 5469 1476 5542 Ταύτην
1501 5471 1677 5525 τοίνυν
1695 5471 1782 5526 διὰ
1807 5491 1940 5526 παν-

350 5547 446 5610 τὸς
471 5549 774 5621 ἐκκοπῆναι
811 5555 1113 5624 παρακαλεί
1139 5559 1168 5610 ό
1201 5558 1508 5630 Προφήτης,
1542 5559 1798 5628 ἀπειλῶν,
1838 5579 1938 5630 φο-

353 5635 492 5700 ϐῶν,
520 5637 612 5690 τὸν
639 5638 771 5691 Θεὸν
806 5641 1136 5712 παρακαλῶν
1155 5645 1248 5696 ἐπὶ
1275 5645 1373 5714 τὴν
1401 5646 1622 5700 κόλασιν
1645 5649 1938 5720 ἀναστῆναι

352 5723 454 5792 τῆς
473 5723 729 5796 τοιαύτης
749 5726 1098 5798 ἀναλγησίας.
1119 5730 1209 5784 Διὸ
1233 5733 1326 5784 καὶ
1353 5733 1547 5801 ἐπάγει
1566 5734 1757 5802 λέγων·
1776 5737 1939 5790 Ἀπο-

355 5812 590 5882 λεῖσθε,
607 5813 772 5886 ἔθνη,
793 5816 861 5871 ἐκ
880 5816 989 5886 τῆς
1003 5818 1114 5888 τῆς
1135 5820 1339 5889 αὐτοῦ,
1363 5823 1736 5896 πανωλεθρίαν
1757 5825 1937 5888 αὐτοῖς

3509 385 3617 440 HO

2039 483 2298 548 ἀπειλῶν,
2335 487 2430 542 καὶ
2462 488 2626 554 ἀξιῶν
2655 491 2905 558 γενέσθαι
2932 491 3121 564 βοηθὸν
3151 495 3244 548 καὶ
3275 493 3486 550 ἔκδικον
3511 505 3620 554 τῶν

2037 569 2427 642 ἀδικουμένων,
2443 575 2581 629 ὥστε
2602 578 2696 630 καὶ
2709 577 2933 643 τούτους
2961 581 3313 646 ἀναπνεῦσαι,
3335 585 3618 651 κάκείνους

2041 659 2494 731 σωφρονισθῆναι.
2549 665 2753 733 Μηδεὶς
2785 665 2963 720 τοίνυν
3016 669 3260 722 διωκέτω
3318 673 3618 742 χρημάτων

2039 745 2379 813 περιουσίαν.
2437 749 2614 804 Πολλά
2668 753 2924 807 ἐντεῦθεν
2973 757 3088 818 τοῖς
3145 755 3220 828 μὴ
3289 760 3618 830 προσέχουσι

2037 829 2473 888 τίκτεταικακὰ·
2507 839 2758 902 ἀπόνοια,
2790 841 3053 912 ῥᾳθυμία,
3083 844 3294 912 φθόνος,
3324 829 3616 912 κενοδοξία,

2041 916 2193 989 1115]
2249 923 2345 974 καὶ
2395 922 2559 996 ἔτερα
2605 927 2782 996 πολλῷ
2825 928 3046 982 πλείονα
3080 931 3304 986 τούτων.
3355 933 3494 987 Ἀλλ’
3531 936 3616 990 ἵνα

2037 1005 2392 1078 ἁπαλλαγῆτε
2426 1011 2630 1066 τούτων
2674 1015 2950 1078 ἀπάντων,
2980 1016 3078 1088 τὴν
3111 1017 3264 1088 ῥίζαν
3301 1021 3566 1090 ἐκκόψατε
3600 1039 3614 1052 ⁸

2041 1092 2116 1161 μὴ
2159 1094 2426 1166 μενούσης
2464 1099 2574 1168 γὰρ
2625 1102 2817 1172 αὐτῆς,
2867 1103 2928 1156 οὐ
2959 1103 3246 1174 βλαστάνει
3292 1107 3362 1160 τά
3406 1110 3618 1180 πονηρά

2041 1178 2412 1252 βλαστήματα.
2467 1187 2568 1240 Διά
2612 1187 2772 1242 τοῦτο
2828 1190 2922 1244 καὶ
2966 1193 3141 1244 ταῦτα
3206 1195 3460 1266 εἴρηται,
3518 1199 3618 1268 οὐχ

2015 1267 2128 1320 ’ἵνα
2155 1270 2445 1341 ἀκούωμεν
2471 1275 2666 1344 μόνον,
2713 1278 2828 1332 ἀλλ’
2869 1280 2956 1332 ἵνα
3005 1281 3098 1334 καὶ
3130 1282 3492 1354 διορθώμεθα,
3525 1267 3619 1338 καὶ.

2039 1354 2239 1439 πολλὴν
2266 1358 2364 1429 τὴν
2401 1361 2600 1433 ἀρετὴν
2627 1365 2684 1416 ἐν
2707 1365 2929 1436 Χριστῷ
2967 1367 3142 1438 Ἰησοῦ
3177 1369 3576 1439 ἐπιδειξὼμεθα
3600 1389 3614 1403 ’

2037 1437 2082 1511 ᾧ
2110 1446 2146 1514 ἡ
2172 1444 2299 1510 δόξα
2326 1449 2422 1501 καὶ
2455 1449 2514 1503 τὸ
2544 1451 2744 1522 κράτος
2776 1455 2856 1519 εἰς
2875 1457 3001 1514 τοὺς
3024 1456 3226 1521 αἰῶνας
3255 1457 3364 1511 τῶν
3383 1459 3613 1514 αἰώνων.

2051 1533 2110 1584 Ἀ
2123 1535 2192 1588 .m':
2201 1553 2249 1588 ν.

2481 1626 2587 1676 ΕΙΣ
2616 1625 2750 1679 TON
2784 1628 2818 1680 ιν
2849 1630 3168 1684 “mox

2040 1705 2144 1770 Εἰς
2196 1705 2259 1758 τὸ
2316 1707 2856 1788 τέᾼοςιτῷὼάᾳυΐδ.
2913 1716 3122 1788 Ἄλλος,
3187 1719 3506 1788 Ἑπινίκιος
3538 1721 3618 1787 τῷ

2377 1780 2578 1832 Δαυΐδ.
2608 1781 2820 1848 Ἀλλος,
2865 1785 2948 1851 Τῷ
2977 1788 3280 1854 νικοποιῷ.

2108 1861 2178 1916 α’.
2197 1863 2322 1916 Ἐπὶ
2349 1863 2430 1930 τῷ
2457 1869 2650 1936 Κυρίῳ
2676 1869 2950 1927 πέποιθα·
2981 1873 3108 1942 πῶς
3135 1876 3318 1945 ἐρεῖτε
3340 1876 3414 1945 τῇ
3443 1878 3618 1948 ψυχῇ

2031 1967 2150 2018 μου
2176 1967 2190 1980 ⁶
2220 1955 2682 2011 Μεταναστεύου
2711 1959 2811 2012 ἐπὶ
2856 1961 2930 2015 τὰ
2977 1962 3085 2032 ὅρη
3116 1965 3198 2031 ὡς
3249 1967 3572 2034 στρουθίον
3595 1983 3615 2030 ;

2041 2036 2268 2102 Ἀλλος,
2311 2039 2669 2096 Ἀναστατοῦ
2715 2049 2804 2112 εἰς
2857 2047 2931 2102 τὰ
2977 2049 3084 2119 ὅρη
3131 2053 3212 2118 ὡς
3273 2055 3614 2120 στρουθίον

2041 2124 2254 2188 Ἀλλος,
2280 2129 2634 2184 Μετακινοῦ.
2660 2133 2790 2187 Ὀτι
2817 2135 2947 2190 ἰδοὺ
2974 2141 3027 2191 οἱ
3042 2138 3374 2207 ἀμαρτωλοί
3401 2140 3618 2195 ἐνέτει-

2035 2227 2152 2266 ναν
2177 2213 2389 2278 τόξον,
2437 2218 2774 2286 ἡτοίμασαν
2807 2221 2967 2292 βέλη
3010 2227 3099 2291 εἰς
3140 2226 3471 2295 φαρέτραν,
3508 2228 3613 2282 τοῦ

2037 2303 2475 2368 κατατοξεῦσαι
2497 2307 2566 2361 ἐν
2591 2313 2938 2381 σκοτομήνῃ
2966 2313 3109 2380 τοὺς
3135 2317 3323 2384 εὐθεῖς
3363 2317 3439 2385 τῇ
3479 2334 3617 2386 καρ-

2036 2390 2155 2458 δίᾳ.
2183 2393 2398 2458 Ἀλλος,
2448 2396 2540 2463 Ὡς
2580 2397 2652 2451 ἐν
2693 2397 2868 2469 ζόα-ῳ.
2899 2403 3030 2456 Ὅτι
3067 2403 3104 2458 ἃ
3127 2405 3209 2458 σὺ
3252 2409 3610 2475 κατηρτίσω.

2035 2482 2202 2534 αὐτοὶ
2227 2484 2526 2539 καθεῖλον.
2573 2487 2786 2553 νΑλλος,
2821 2491 2941 2546 Ὅτι
2970 2496 3024 2546 οἱ
3047 2496 3254 2564 θεσμοὶ
3286 2498 3616 2565 κατε.ίύοη-

2036 2585 2178 2623 σαν.
2199 2571 2413 2636 Ἀλλος,
2435 2575 2566 2629 ’Ότι
2590 2579 2652 2631 αἱ
2683 2577 3066 2636 διδασκαλίαι
3089 2585 3615 2652 συντριϐήσονται.

2037 2657 2261 2730 Μεγάλη
2285 2659 2384 2730 τῆς
2411 2661 2503 2716 ἐπὶ
2529 2663 2620 2718 τὸν
2653 2665 2855 2738 Κύριον
2891 2667 3104 2733 ἐλπίδος
3127 2672 3158 2742 ή
3179 2671 3430 2744 δύναμις,
3450 2675 3614 2745 φρού·

2040 2761 2153 2814 ριον
2207 2746 2528 2819 ἀχείρωτον,
2563 2754 2742 2822 τεῖχος
2793 2753 3026 2826 ἄμαχον,
3077 2761 3365 2830 συμμαχία
3413 2761 3620 2816 ἀκατα-

2037 2831 2320 2900 γώνιστος,
2349 2835 2514 2906 λιμὴν
2537 2837 2728 2905 εὔδιος,
2753 2841 3435 2918 πύργος’άκαταμάχητος,
3454 2849 3620 2902 ὅπλον

2036 2921 2306 2994 ἀήττητον
2335 2936 2396 2988 ει,
2435 2925 2664 2998 δύναμις
2715 2930 2927 3002 ἄμαχος
2975 2935 3070 2987 καὶ
3121 2937 3188 2988 ἐκ
3241 2936 3352 2988 τῶν
3399 2937 3618 3008 ἀπόρων

2038 3009 2368 3079 εὐρίσκουσα
2397 3013 2584 3084 πόρον.
2615 3015 2714 3070 Διά
2737 3018 2938 3088 ταύτης
2977 3019 3168 3074 ἄοπλοι
3199 3021 3310 3074 τῶν
3335 3022 3618 3092 ὠπλισμέ-

2039 3112 2165 3160 νων,
2217 3099 2310 3152 καὶ
2341 3103 2596 3167 γυναῖκες
2629 3103 2841 3174 ἀνδρῶν
2873 3107 3274 3178 περιεγένοντο,
3309 3109 3403 3162 καὶ
3431 3109 3620 3173 παῖδες

2036 3183 2145 3237 τῶν
2175 3184 2243 3238 τά
2287 3185 2558 3258 πολεμικὰ
2607 3190 3058 3262 μεμελετηκότων
3109 3195 3446 3266 ἰσχυρότεροι
3483 3196 3621 3270 μετά

2040 3271 2242 3342 πολλῆς
2273 3273 2374 3344 τῆς
2407 3275 2657 3341 εὐκολίας
2690 3278 3058 3350 ἀνεφάνησαν.
3096 3283 3204 3336 Καὶ
3235 3283 3287 3336 τί
3311 3283 3620 3354 θαυμαστὸν

2039 3361 2088 3412 εἰ
2114 3359 2386 3430 πολεμίων
2402 3363 2730 3434 ἐκράτησαν,
2750 3365 2883 3419 ὅπου
2899 3383 2962 3434 γε
2989 3369 3083 3422 καὶ
3104 3369 3268 3422 αὐτοῦ
3295 3369 3388 3423 τοῦ
3413 3371 3618 3441 κόσμου

2041 3465 2107 3499 πε
2117 3449 2422 3518 ριεγένοντο
2438 3465 2452 3513 ;
2488 3450 2568 3502 Τά
2582 3450 2690 3522 γὰρ
2705 3457 2939 3524 στοιχεῖα
2951 3455 3048 3526 τὴν
3060 3456 3264 3510 οἰκείαν
3278 3458 3620 3528 ἀγνοήσαντα

2041 3533 2203 3604 φύσιν
2231 3534 2368 3606 πρὸς
2395 3535 2456 3589 τὸ
2477 3539 2746 3608 χρήσιμον
2762 3541 2989 3606 ἐκείνοις
3009 3544 3416 3614 μετεϐάλλοντο,
3432 3548 3523 3598 καὶ
3550 3545 3619 3599 τά

2041 3622 2206 3694 θηρία
2235 3623 2335 3676 οὐκ
2353 3622 2431 3684 ἔτι
2451 3623 2614 3696 θηρία
2643 3621 2733 3696 ἦν,
2765 3628 2884 3680 οὐδέ
2913 3631 2945 3699 ἡ
2989 3630 3240 3700 κάμινος,
3261 3632 3510 3702 κάμινος.
3556 3633 3619 3686 Ἠ

2039 3709 2149 3781 γάρ
2165 3713 2246 3774 εἰς
2265 3711 2356 3764 τὸν
2375 3711 2507 3764 Θεὸν
2527 3713 2683 3777 ἐλπὶς
2704 3715 2882 3768 πάντα
2907 3719 3354 3789 μεταρρυθμίςει.
3381 3719 3620 3781 Ὀδόντες

2040 3799 2208 3868 τεθηγ
2215 3797 2388 3868 μένοι,
2403 3801 2494 3852 καὶ
2505 3793 2876 3873 δεσμωτήριον
2891 3803 3094 3869 στενὸν,
3114 3805 3326 3874 φύσεως
3339 3805 3617 3876 ἀγριότης,

2042 3885 2136 3938 καὶ
2182 3884 2336 3956 λιμὸς
2365 3887 2602 3952 ὁπλίζων
2644 3888 2744 3958 τὴν
2776 3889 2938 3957 φύσιν
2958 3931 2972 3954 ,
3009 3891 3328 3963 διάφραγμα
3359 3893 3619 3964 οὐδαμοῦ,

2043 3973 2137 4026 καὶ
2190 3973 2434 4044 στόματα
2482 3975 2578 4028 τοῦ
2609 3974 2862 4046 σῴματος
2899 3977 3126 4048 πλησίον
3166 3979 3259 4033 τοῦ
3295 3979 3572 4052 Προφητου
3604 3997 3617 4010 ·

2041 4059 2157 4114 ἀλλ’
2186 4063 2218 4132 ή
2247 4062 2330 4124 εἰς
2352 4061 2443 4114 τὸν
2467 4061 2597 4116 Θεὸν
2627 4063 2782 4127 ἐλπὶς
2808 4064 3026 4135 χαλινοῦ
3051 4070 3248 4130 παντὸς
3278 4067 3620 4140 ἰσχυροτέρα,

2041 4150 2122 4212 εἰς
2137 4147 2207 4202 τὰ
2233 4149 2475 4220 στόματα
2495 4150 2829 4222 ἐμπεσοῦσα,
2845 4155 2926 4216 εἰς
2940 4154 3182 4210 τούπίσω
3197 4155 3369 4210 ταῦτα
3385 4157 3619 4210 ἀνεῖλκε.

2044 4235 2230 4290 Ταῦτα
2265 4236 2328 4308 δὴ
2388 4238 2484 4292 καὶ
2525 4233 2678 4303 οὗτος
2726 4239 3053 4310 φιλοσοφῶν,
3105 4243 3258 4312 ἔλεγε
3308 4243 3444 4315 πρὸς
3496 4245 3623 4306 τοὺς

2045 4323 2364 4389 κελεύοντας
2405 4325 2554 4397 αὐτῷ
2585 4325 2809 4397 φεύγειν
2863 4330 2957 4384 καὶ
2989 4330 3362 4402 δραπετεύειν,
3397 4331 3492 4385 καὶ
3515 4331 3623 4384 ἀπὸ

2043 4411 2144 4483 τῆς
2191 4413 2304 4466 τῶν
2359 4413 2541 4468 τόπων
2595 4415 2894 4486 ἀσφαλείας
2948 4418 3047 4489 τὴν
3115 4418 3388 4488 σωτηρίαν
3444 4416 3623 4484 ἑαυτῷ

2046 4499 2365 4570 πορίζεσθαι
2385 4517 2399 4530 ο
2435 4501 2560 4555 Ἐπί
2579 4500 2658 4567 τῷ
2675 4504 2870 4570 Κυρίῳ
2890 4501 3144 4557 πέποιθα
3161 4503 3310 4570 ·.πῶς
3340 4502 3524 4571 ἐρεῖτε
3550 4500 3623 4570 τῇ

2045 4585 2218 4656 ψυχῇ
2238 4605 2358 4658 μου
2374 4603 2395 4652 ;
2425 4589 2490 4640 Τί
2519 4588 2696 4657 λέγεις
2721 4605 2735 4655 ;
2759 4589 2861 4643 Τὸν
2883 4591 2981 4662 τῆς
2998 4590 3319 4662 οἰκουμένης
3346 4590 3624 4662 Δεσπότην

2201 4655 2492 4746 σύμμαχον
2511 4692 2524 4706 ο
2555 4655 2646 4730 τὸν
2680 4655 2956 4748 πανταχοῦ
3002 4655 3238 4742 εὐκόλως
3259 4655 3622 4750 ἐργαζόμενον

2047 4762 2246 4828 πάντα,
2277 4765 2482 4817 ἐκεῖνον
2500 4764 2906 4836 στρατηγοῦντα
2923 4765 3032 4836 ἔχω
3063 4768 3158 4820 καὶ
3184 4767 3586 4839 παριστάμενον
3603 4783 3616 4796 ·

2047 4853 2143 4906 καὶ
2181 4852 2318 4924 πρὸς
2349 4852 2446 4923 τὴν
2497 4852 2750 4924 ἀοίκητόν
2787 4872 2854 4925 με
2909 4855 3168 4926 πέμπεις,
3215 4857 3310 4910 καὶ
3360 4856 3468 4910 ἀπὸ
3524 4857 3621 4925 τῆς

2047 4940 2282 5012 ἐρημίας
2315 4957 2403 5009 μοι
2436 4939 2688 5010 συνάγεις
2711 4942 2808 5013 τὴν
2831 4945 3162 5012 ἀσφάλειαν;
3190 4942 3282 5015 Μὴ
3297 4943 3404 5014 γὰρ
3423 4943 3622 5014 μείζων

2047 5028 2082 5097 ἠ
2127 5029 2226 5099 τῆς
2275 5028 2512 5099 ἐρημίας
2541 5027 2761 5102 βοήθεια
2802 5031 2898 5083 τοῦ
2946 5031 3124 5084 πάντα
3169 5029 3469 5100 δυναμένου
3504 5028 3622 5099 μετ’

2047 5113 2296 5178 εὐκολίας
2350 5116 2598 5187 ἀπάσης;
2635 5117 2700 5169 Τί
2738 5135 2804 5188 με
2833 5117 2925 5171 τὸν
2975 5117 3318 5187 ὡπλισμένον
3366 5116 3621 5185 ἰσχυρῶς,

2048 5201 2300 5273 καθάπερ
2329 5203 2534 5274 γυμνὸν
2555 5205 2647 5258 καὶ
2675 5205 2894 5268 ἄοπλον,
2909 5202 3256 5276 δραπετεύειν
3274 5202 3624 5272 παρασκευά-

2048 5285 2182 5353 ζεις,
2217 5289 2312 5342 καὶ
2343 5291 2690 5363 μετανάστην
2727 5286 2868 5344 εἶναι
2918 5289 3194 5354 κελεύεις;
3229 5284 3362 5342 Εἶτα
3396 5289 3488 5342 τὸν
3524 5291 3622 5361 μὲν

2049 5375 2410 5445 στρατόπεδον
2440 5376 2654 5447 ἔχοντα,
2697 5379 2791 5431 καὶ
2835 5376 3039 5448 τείχεσι
3090 5381 3479 5451 πεφραγμένον
3526 5379 3620 5433 καὶ

2047 5461 2250 5525 ὅπλοις,
2279 5463 2378 5516 οὐκ
2393 5463 2459 5516 ἂν
2491 5465 2781 5527 ἐκέλευσας
2802 5469 3134 5534 καταφυγεῖν
3154 5467 3249 5520 ἐπὶ
3269 5468 3366 5541 τὴν
3391 5469 3618 5540 ἔρημον,

2047 5551 2183 5605 ἀλλά
2215 5551 2617 5620 καταγέλαστος
2656 5552 2804 5626 [ιιις
2839 5553 2904 5606 ἂν
2933 5555 3134 5626 ἐφάνης
3169 5557 3340 5612 ταῦτα
3379 5557 3620 5626 συμϐου-

2048 5637 2246 5691 λεύων·
2283 5637 2376 5690 τὸν
2404 5638 2460 5692 δέ
2493 5637 2689 5708 ἔχοντα
2735 5641 2826 5692 τὸν
2849 5640 2948 5710 τῆς
2979 5643 3304 5715 οἰκουμένης
3339 5645 3618 5716 Δεσπότην

2054 5725 2168 5797 μεθ’
2190 5724 2382 5779 ἐαυτοῦ
2401 5725 2788 5798 ἐξορίζεις,καὶ
2807 5729 3146 5798 φυγαδεύεις,
3164 5733 3258 5786 καὶ
3281 5733 3620 5807 μετανάστην

2111 5837 2137 5864 ⁸
2159 5835 2344 5886 Ὅπλόν
2366 5836 2618 5899 ἀήττητον,
2637 5851 2734 5888 non
2755 5839 2907 5889 habet
2925 5837 3074 5888 Sax'il.
