4030 6434
293 404 384 463 \H

316 530 636 598 peccatores
671 518 979 576 inferunt?
1004 517 1135 574 Cum
1166 513 1249 570 his
1277 512 1423 568 enim
1462 526 1586 582 qua:
1625 509 1767 565 dicta
1797 514 1944 570 sunt,

331 620 443 675 lucc
482 615 656 669 etiam
695 614 810 668 alia
851 625 1017 667 causa
1058 616 1163 674 est,
1205 621 1302 661 cur
1342 619 1449 659 non
1478 601 1696 673 fugiam.
1725 594 1952 665 Quando

339 710 480 764 enim
512 706 667 762 Deus
714 704 828 760 fert
876 701 1154 765 auxilium,
1196 706 1250 752 et
1288 703 1599 766 peccatores
1624 698 1751 747 sunt
1775 688 1831 756 ii,
1862 685 1953 758 qui

346 802 542 858 bellum
569 806 796 869 gerunt,
826 791 1099 866 quomodo
1125 804 1232 845 non
1259 788 1416 858 longe
1441 796 1523 842 est
1549 784 1792 839 omnium
1816 781 1953 836 stul-

346 891 611 953 tissimus,
639 889 736 959 qui
780 886 938 958 jubet
983 882 1175 938 imitari
1212 880 1392 934 avium
1422 874 1812 932 timiditatem?
1836 872 1954 928 Non

350 983 673 1039 consideras
699 977 971 1050 quomodo
996 971 1285 1035 exercitus,
1317 970 1408 1042 qui
1437 978 1625 1023 contra
1652 981 1740 1021 me
1769 973 1875 1020 stat
1900 964 1957 1019 in

355 1078 491 1141 acie,
521 1083 609 1130 est
648 1072 806 1126 vilior
842 1055 1082 1123 aranea?
1123 1064 1180 1121 Si
1210 1063 1357 1120 enim
1383 1058 1728 1129 Imperatoris
1756 1056 1955 1113 terreni

357 1166 634 1228 inimicus,
673 1164 993 1230 ubicumque
1036 1157 1214 1222 fuerit,
1246 1155 1298 1209 in
1345 1152 1588 1224 periculo
1628 1149 1780 1217 vivit,
1809 1149 1960 1203 timet

356 1269 414 1316 et
435 1256 811 1315 coutremiscit
835 1274 848 1308 :
879 1252 1045 1307 multo
1070 1251 1239 1321 magis
1268 1248 1360 1303 Dei
1388 1246 1779 1302 universorum.
1807 1242 1950 1311 Quo.

361 1366 598 1420 cumque
638 1350 784 1404 enim
822 1345 1048 1411 venerit,
1075 1355 1265 1398 omnes
1293 1340 1455 1403 habet
1484 1337 1756 1402 inimicos,
1801 1342 1963 1404 atque

360 1445 501 1500 adeo
532 1446 712 1514 ipsam
748 1440 912 1495 etiam
949 1445 1271 1493 creaturam.
1307 1428 1771 1502 Quemadmodum
1816 1427 1963 1483 enim

361 1538 574 1593 amicos
597 1536 717 1605 ejus
743 1545 796 1588 et
819 1532 1087 1588 elementa
1114 1536 1169 1584 et
1194 1526 1384 1582 bestiae
1410 1532 1679 1589 metuunt,
1708 1530 1764 1577 et
1786 1520 1963 1576 omnis

364 1637 615 1685 creatura
669 1634 945 1680 reveretur
972 1621 991 1691 (
1020 1620 1151 1691 Sap.
1184 1620 1237 1675 5.
1269 1618 1337 1690 l_8
1365 1615 1384 1690 )
1417 1635 1431 1672 :
1466 1617 1538 1671 ita
1578 1613 1858 1670 inimicum
1903 1618 1958 1666 et

367 1723 583 1777 hostem
613 1719 757 1774 bello
780 1723 968 1787 petunt
991 1723 1042 1770 et
1067 1719 1412 1769 exsecrantur
1434 1708 1517 1765 vel
1550 1708 1665 1779 ipsa
1690 1706 1854 1762 etiam
1881 1704 1966 1758 in-

366 1810 670 1870 sensibilia.
690 1810 757 1865 Et
785 1808 904 1863 ideo
933 1806 1053 1862 illos
1082 1803 1296 1875 quidem
1324 1802 1637 1874 priusquam
1657 1796 1738 1853 vel
1767 1805 1966 1851 terram

370 1910 676 1973 tangerent,
708 1900 835 1956 fera:
854 1896 1224 1963 confecerunt,
1257 1894 1357 1949 hos
1383 1908 1513 1949 vero
1540 1891 1677 1962 ignis
1711 1903 1967 1946 consum-

373 1999 503 2070 psit.
528 1998 599 2052 At
624 1997 819 2050 habent
844 2006 1001 2048 arcus
1024 1998 1080 2047 et
1096 1990 1421 2061 pharetram,
1449 1994 1504 2041 et
1530 1987 1609 2041 eis
1635 1990 1817 2054 parata
1845 1988 1971 2037 sunt

374 2089 590 2143 omnia:
625 2086 884 2141 Pararunt
912 2082 1077 2149 enim,
1120 2080 1311 2150 inquit,
1355 2093 1418 2133 ea
1463 2078 1517 2132 in
1553 2075 1843 2147 pharetra:
1872 2070 1970 2128 sed

375 2179 538 2235 nulla:
567 2186 694 2233 sunt
717 2189 904 2231 eorum
935 2173 1100 2237 vires,
1134 2186 1237 2226 nec
1261 2184 1355 2225 eos
1383 2175 1666 2239 propterea
1694 2164 1967 2219 timemus.

372 2271 511 2327 Nam
539 2284 713 2340 neque
739 2269 784 2323 si
808 2265 1045 2322 viderem
1069 2262 1370 2334 quempiam
1411 2260 1501 2331 qui
1537 2258 1760 2313 haberet
1787 2270 1971 2311 arcum

375 2362 635 2427 solutum,
669 2360 936 2415 timerem.
959 2354 1096 2424 Quid
1125 2354 1267 2410 enim
1289 2352 1478 2424 juvant
1497 2364 1667 2416 arma,
1692 2349 1736 2404 si
1768 2362 1875 2403 non
1906 2345 1976 2402 sit

376 2452 588 2508 virtus?
617 2451 726 2507 Nec
757 2450 842 2505 hic
882 2463 1011 2519 ergo
1048 2447 1093 2503 si
1136 2461 1242 2502 non
1282 2444 1423 2500 adsit
1452 2443 1554 2499 Dei'
1575 2440 1975 2498 benevolentia.

385 2546 455 2599 At
474 2543 633 2598 dolos
660 2548 894 2605 struunt,
921 2546 1094 2594 etnon
1121 2546 1265 2593 recta
1292 2533 1693 2605 aggrediuntur.
1718 2532 1974 2601 Propter-

378 2648 441 2688 ea
490 2647 588 2688 eos
637 2631 867 2685 maxime
910 2629 1078 2694 rideo,
1127 2626 1269 2697 quod
1311 2625 1565 2695 sagittent
1622 2623 1675 2677 in
1719 2620 1976 2677 tenebris.

380 2725 524 2780 Nihil
562 2721 709 2777 enim
758 2720 1075 2776 imbecillius
1102 2719 1219 2774 viro
1258 2717 1350 2789 qui
1382 2716 1540 2772 struit
1579 2712 1820 2769 insidias.
1859 2711 1980 2767 Non

381 2832 520 2889 opus
548 2817 712 2872 habet
738 2826 796 2871 ut
819 2815 982 2871 armis
1006 2814 1234 2869 aliorum
1262 2811 1541 2884 capiatur:
1574 2808 1668 2864 sed
1696 2807 1837 2863 cadit
1862 2821 1980 2860 ma-

384 2928 453 2966 nu
476 2912 715 2982 pr0pria,
749 2917 805 2964 et
827 2923 922 2963 sua
947 2906 1110 2977 ipsius
1149 2903 1339 2960 fraude
1385 2901 1665 2958 evertitur.
1690 2897 1826 2968 Quid
1855 2911 1983 2967 ergo

385 3005 555 3074 possit
580 3016 701 3058 esse
725 3015 792 3056 eo
823 2998 1142 3054 imbecillius
1166 3036 1182 3061 ,
1219 2993 1435 3066 quando
1462 2992 1669 3062 capitur
1693 3004 1725 3044 a
1752 2986 1983 3059 propriis

385 3091 910 3150 machinationibus?
958 3090 1090 3145 Cum
1128 3088 1214 3143 his
1260 3093 1440 3141 autem
1483 3095 1771 3156 possumus
1812 3080 1981 3135 etiam

385 3185 531 3241 aliud
556 3184 739 3240 dicere
763 3200 777 3237 :
805 3197 901 3238 eos
941 3195 1046 3236 non
1088 3179 1261 3235 solum
1288 3177 1489 3234 bellum
1513 3188 1702 3246 gerere
1725 3170 1985 3228 adversus

388 3291 481 3333 eos
503 3318 522 3342 ,
547 3275 741 3347 quibus
769 3273 906 3329 Deus
928 3272 1032 3327 fert
1054 3269 1309 3327 auxilium
1337 3308 1352 3334 ,
1376 3266 1534 3337 idque
1552 3279 1674 3320 cum
1701 3262 1825 3318 dolo
1845 3302 1863 3330 ,
1888 3260 1985 3317 sed

390 3370 552 3424 etiam
589 3366 850 3422 adversus
878 3364 1217 3430 innocentes,
1243 3370 1299 3417 et
1323 3360 1413 3432 qui
1442 3360 1588 3429 ipsos
1616 3356 1760 3412 nulla
1788 3353 1988 3412 affece-

391 3469 517 3516 runt
538 3458 750 3530 injuria.
780 3457 892 3513 Hoc
916 3463 1094 3511 autem
1130 3469 1224 3510 eos
1255 3468 1358 3508 non
1389 3465 1573 3522 parum
1612 3447 1785 3504 reddit
1810 3446 1985 3503 imbe-

392 3554 565 3611 cillos.
593 3549 1053 3621 Quemadmodum
1104 3547 1248 3604 enim
1295 3546 1383 3617 qui
1433 3542 1689 3599 adversus
1741 3539 1987 3597 stimulos

391 3645 695 3709 calcitrant,
740 3641 857 3695 illos
880 3638 1095 3710 quidem
1139 3651 1245 3692 non
1280 3635 1501 3701 laedunt,
1546 3631 1641 3688 sed
1668 3646 1795 3687 suos
1825 3628 1988 3701 pedes

393 3742 715 3790 cruentant:
749 3733 822 3786 ita
854 3730 909 3785 bi
939 3730 1122 3785 etiam.
1150 3727 1294 3799 Cum
1336 3725 1418 3779 his
1442 3733 1618 3777 autem
1645 3721 1746 3776 alia
1776 3733 1990 3790 quoque

394 3841 559 3881 causa
587 3832 692 3892 est,
724 3838 843 3893 qua:
882 3821 1009 3877 belli
1050 3835 1236 3876 eorum
1284 3818 1424 3873 vires
1465 3814 1679 3885 frangit.
1731 3812 1988 3880 Quaenam

394 3928 574 3974 autem
604 3933 669 3973 ea
700 3917 822 3972 est?
849 3916 904 3971 4.
934 3914 1187 3984 Quoniam
1224 3927 1338 3983 quae
1381 3909 1650 3982 perfecisti,
1683 3907 1872 3978 inquit,
1903 3907 1991 3959 de-

397 4019 715 4067 stmxeruut.
766 4008 918 4077 Quod
959 4014 1135 4063 autem
1171 4005 1317 4070 dicit,
1353 4012 1436 4059 est
1460 4000 1722 4072 ejusmodi
1749 4017 1760 4051 :
1790 3998 1989 4053 Tecum

396 4105 599 4159 bellum
620 4112 809 4174 gerunt
831 4110 885 4157 et
908 4099 1237 4172 prailiantur,
1270 4098 1440 4166 legem
1473 4105 1614 4150 tuam
1646 4101 1700 4148 et
1727 4100 1991 4162 pracepta

398 4208 488 4251 tua
540 4195 900 4250 destruentes.
951 4191 1224 4259 Praecepta
1266 4187 1409 4243 enim
1443 4195 1528 4241 tua
1561 4198 1728 4254 eaque
1757 4180 1990 4252 perfecta

395 4298 663 4343 conantur
688 4286 985 4341 destruere.
1169 4282 1273 4336 hoc
1315 4279 1463 4343 dicit,
1510 4276 1596 4332 vel
1640 4274 1783 4346 quod
1830 4273 1989 4329 etiam

395 4378 507 4432 sint
545 4376 680 4447 legis
726 4385 1163 4446 transgressores.
1208 4370 1325 4427 Jam
1360 4384 1488 4425 vero
1530 4368 1632 4423 hoc
1672 4346 1885 4437 quoque
1910 4372 1994 4419 est

399 4486 507 4525 non
539 4485 757 4539 parvum
786 4474 1157 4538 argumentum
1180 4459 1579 4527 imbecillitatis,
1605 4456 1750 4529 quod
1777 4456 1868 4527 qui
1897 4464 1987 4510 tua

399 4572 669 4633 prmcepta
723 4577 824 4616 non
871 4559 1256 4624 custodierunt,
1289 4556 1342 4613 in
1384 4554 1581 4611 bellum
1629 4549 1988 4622 proficiscun-

402 4667 511 4712 tur.
542 4656 828 4723 lr0ptcrea
856 4652 1000 4706 enim
1027 4658 1082 4706 et
1106 4664 1226 4703 cum
1256 4645 1415 4702 rectis
1442 4644 1641 4699 bellum
1670 4647 1862 4712 gerunt
1890 4679 1906 4705 ,
1936 4644 1994 4693 et

398 4751 555 4805 dolos
578 4754 791 4802 struunt
810 4786 824 4809 ,
854 4745 1105 4817 quoniam
1133 4751 1218 4796 tua
1243 4745 1507 4810 praecepta
1534 4750 1642 4790 non
1671 4730 1912 4790 audiunt.

468 4841 528 4895 3.
579 4839 861 4908 Postquam
910 4837 1070 4907 igitur
1122 4831 1360 4889 narravit
1399 4828 1631 4884 hostium
1659 4823 1996 4880 imbecillita-

401 4944 534 4995 tem,
579 4945 804 4999 eamque
844 4927 1077 4983 ostendit
1105 4940 1211 4979 non
1239 4939 1306 4978 ex
1346 4923 1412 4976 iis
1435 4935 1500 4975 ex
1527 4918 1721 4989 quibus
1745 4915 1854 4983 alii,
1897 4912 1995 4969 sed

401 5038 470 5076 ex
510 5020 577 5075 iis
616 5035 734 5086 qua:
760 5018 859 5074 sibi
899 5015 1295 5072 conveniebant
1323 5014 1451 5084 (non
1477 5009 1619 5065 enim
1648 5006 1799 5069 dixit,
1830 5005 1995 5059 Pecu-

402 5114 523 5168 nias
546 5127 652 5167 non
677 5111 890 5171 habent.
920 5124 1024 5164 non
1050 5105 1316 5177 prazsidia,
1335 5117 1435 5159 nec
1460 5100 1658 5167 socios,
1686 5113 1786 5153 nec
1812 5096 1991 5160 urbes,

408 5218 513 5259 nec
538 5201 682 5274 quod
712 5201 817 5255 sint
843 5199 920 5255 rei
951 5197 1197 5254 militaris
1225 5192 1475 5264 imperiti,
1511 5190 1605 5246 sed
1637 5189 1720 5243 his
1748 5187 1996 5243 omnibus

404 5294 785 5367 praetermissis
814 5301 868 5348 et
897 5289 1209 5361 repudiatis,
1237 5295 1296 5342 ut
1318 5300 1438 5356 quae
1478 5281 1607 5341 nihil
1644 5286 1844 5359 essent,
1872 5292 1994 5331 cum

402 5389 631 5444 dixisset
679 5400 773 5441 eos
816 5399 937 5441 esse
978 5381 1220 5451 iniquos,
1247 5386 1303 5434 et
1338 5375 1540 5432 bellum
1566 5386 1757 5444 gerere
1782 5384 1904 5424 cum
1932 5368 1996 5424 iis

403 5482 492 5552 qui
542 5479 740 5535 nullam
784 5476 1021 5531 fecerant
1062 5472 1331 5540 iujuriam,
1361 5482 1424 5522 ac
1453 5482 1572 5537 quae
1615 5463 1709 5518 Dei
1749 5471 1873 5516 sunt
1901 5460 1998 5515 de-

406 5586 615 5632 Struere
637 5574 655 5644 )
676 5614 688 5636 ,
723 5576 904 5625 narrat
931 5567 1185 5634 deinceps
1208 5564 1478 5633 justorum
1506 5558 1693 5621 aciem,
1726 5571 1788 5610 ex
1816 5569 1882 5609 eo
1909 5569 2000 5608 os-

405 5669 631 5723 tendens
658 5678 817 5735 quam
849 5661 958 5715 sint
986 5659 1168 5710 hostes
1209 5660 1512 5723 expugnutu
1550 5647 1752 5703 faciles.
1787 5644 1860 5698 lta
1901 5658 1999 5698 nos

402 5760 562 5815 ctiam
589 5758 708 5828 quis
726 5756 795 5810 sit
814 5761 1025 5822 potens,
1048 5747 1236 5817 etquis
1260 5743 1577 5806 imbecillus,
1608 5738 1997 5802 cxaminemus,

404 5851 499 5910 sed
527 5868 629 5908 non
676 5855 898 5923 propter
938 5858 1002 5900 ea
1028 5840 1259 5899 maxime
1305 5838 1604 5903 timeamus,
1634 5839 1851 5905 propter
1879 5846 1998 5901 qua:

1486 395 1841 457 EXPOSITIO
1880 390 1945 448 IN
1986 388 2302 450 [SALMUM
2342 392 2407 447 .

3556 394 3655 451 Hi

2062 504 2252 559 timent
2277 503 2524 560 homines
2567 504 2797 561 ridiculi.
2828 503 2969 573 Quid
2993 505 3135 561 enim
3166 504 3396 561 dicunt?
3433 505 3528 562 Est
3551 516 3656 562 ter

2057 597 2245 664 ribilis,
2275 597 2571 668 improbus,
2600 597 2800 669 ingenti
2828 597 3056 668 pecunia
3097 606 3151 653 et
3188 598 3380 668 opibus
3420 599 3650 669 pollens.

2060 691 2350 761 Propterea
2375 705 2498 745 cum
2522 690 2761 745 maxime
2784 689 2957 745 rideo.
2987 690 3114 744 llaec
3139 691 3281 746 enim
3307 699 3432 745 sunt
3457 706 3652 761 genera

2060 781 2456 837 imbecillitatis.
2500 784 2571 835 At
2605 780 2727 847 scit,
2762 780 2952 850 inquit,
2999 779 3220 836 tendere
3246 780 3486 835 insidias.
3518 781 3657 837 Rur-

2063 887 2155 928 sus
2182 873 2311 927 mihi
2328 871 2471 927 aliud
2497 872 2632 927 dicis
2661 887 2829 942 genus
2859 872 3259 929 imbecillitatis.

2134 964 2388 1045 Formula
2411 965 2600 1023 Christi
2628 966 2807 1037 agonis
2834 966 3064 1020 ineundi.
3183 966 3321 1034 Quid
3344 974 3427 1022 est
3451 982 3577 1037 ergo
3605 968 3657 1022 in

2065 1075 2226 1116 causa
2252 1059 2393 1131 quod
2423 1059 2609 1127 multi,
2634 1060 2725 1130 qui
2754 1059 2887 1114 tales
2912 1068 3072 1127 sunt,
3112 1059 3369 1115 vincant?
3397 1060 3658 1126 Quoniam

2066 1160 2124 1208 tu
2152 1161 2299 1208 recte
2329 1167 2566 1223 pugnare
2592 1152 2769 1208 nescis
2798 1167 2814 1217 ;
2860 1152 3111 1222 quoniam
3139 1162 3195 1207 tu
3232 1168 3446 1224 quoque
3474 1153 3542 1208 de
3583 1154 3661 1207 cis

2067 1245 2332 1313 decertas,
2361 1261 2427 1301 ex
2454 1245 2648 1316 quibus
2673 1245 2750 1309 illi
2779 1244 2912 1300 fiunt
2939 1245 3341 1313 imbecilliores,
3370 1261 3567 1316 nempe
3594 1247 3662 1300 dc

2067 1338 2234 1411 gloria
2284 1346 2340 1394 et
2382 1339 2449 1394 de
2498 1339 2751 1410 potentia.
2801 1338 2950 1409 Fuge
2995 1354 3210 1394 causam
3250 1339 3576 1405 certaminis,
3611 1350 3664 1392 et

2069 1433 2175 1488 alio
2213 1432 2372 1489 modo
2414 1432 2512 1489 feri
2537 1447 2632 1488 eos
2657 1433 2748 1504 qui
2773 1441 2826 1488 te
2854 1431 3144 1499 invadunt,
3174 1441 3509 1504 arrogantem
3550 1446 3665 1486 mo-

2071 1526 2346 1582 deratione
2371 1539 2435 1580 ac
2454 1524 2692 1590 lenitate,
2716 1539 2935 1579 avarum
2962 1532 3297 1595 paupertate,
3331 1523 3667 1579 incontinen-

2072 1630 2178 1677 tem
2209 1620 2558 1685 continentia,
2597 1618 2835 1673 invidum
2874 1616 3247 1673 humanitate:
3279 1625 3334 1672 et
3362 1617 3432 1672 ita
3460 1631 3555 1672 eos
3582 1616 3664 1671 fa-

2072 1714 2177 1771 cile
2202 1714 2409 1770 vinces.
2434 1712 2563 1781 Sed,
2594 1713 2734 1768 sicut
2762 1711 2911 1782 prius
2945 1710 3076 1779 dixi,
3106 1710 3232 1765 dum
3262 1725 3535 1766 narrarem
3563 1710 3666 1765 im-

2072 1806 2414 1863 becillitatem
2442 1805 2701 1871 hostium,
2733 1803 2853 1859 vide
2880 1802 3150 1875 quomodo
3172 1802 3300 1872 justi
3328 1816 3541 1872 quoque
3571 1801 3658 1855 di-

2073 1903 2146 1958 cit
2170 1909 2519 1956 armaturam.
2567 1897 2850 1970 Subjungit
2889 1898 3070 1954 enim:
3113 1895 3294 1951 Justus
3335 1905 3503 1951 autem
3547 1893 3668 1966 quid

2075 1996 2194 2069 fecit
2223 1995 2248 2049 ?
2280 1994 2393 2050 Hoc
2443 1993 2609 2048 dicit:
2662 1992 2794 2048 Cum
2842 1990 2913 2046 illi
2956 1990 3036 2046 sic
3091 1990 3419 2045 instruerent
3465 1989 3667 2053 aciem,

2076 2088 2272 2159 quaeris
2306 2084 2573 2142 undenam
2616 2099 2674 2140 se
2710 2084 2885 2155 justus
2931 2083 3255 2139 armaverit?
3285 2082 3419 2156 Audi
3444 2100 3457 2137 :
3485 2082 3540 2138 5.
3573 2079 3670 2134 Do-

2077 2180 2244 2235 minus
2261 2180 2312 2234 in
2336 2178 2522 2248 templo
2538 2184 2711 2233 sancto
2731 2191 2859 2231 suo:
2880 2173 3132 2229 Dominus
3152 2175 3204 2228 in
3228 2173 3352 2228 creto
3374 2173 3516 2227 sedes
3540 2173 3669 2244 ejus.

2080 2271 2243 2329 Vides
2279 2286 2438 2341 quam
2477 2269 2660 2340 paucis
2703 2267 2820 2339 ejus
2859 2267 3095 2322 narravit
3121 2266 3398 2321 auxilium.
3425 2264 3562 2334 Quid
3595 2264 3672 2320 fe-

2080 2364 2217 2420 cerit
2244 2364 2443 2434 rogas?
2469 2361 2550 2416 Ad
2584 2360 2863 2415 Dominum
2903 2358 3142 2430 confugit
3176 2358 3265 2429 qui
3291 2366 3375 2413 est
3413 2359 3467 2412 in
3501 2357 3666 2422 ca-lis,

2080 2455 2171 2526 qui
2220 2464 2303 2510 est
2333 2454 2528 2525 ubique
2558 2467 2816 2523 praesens.
2872 2450 2991 2507 Non
3037 2466 3220 2506 arcum
3276 2449 3522 2513 intendit,
3573 2465 3674 2506 nec

2084 2548 2388 2618 pharetram
2428 2546 2636 2617 paravit
2677 2545 2818 2600 sicut
2859 2544 2967 2609 ille,
3003 2558 3103 2599 nec
3126 2544 3297 2598 aciem
3329 2542 3581 2599 instruxit
3620 2544 3671 2598 iu

2083 2638 2341 2694 occulto:
2374 2637 2470 2693 sed
2514 2636 2596 2691 his
2635 2637 2883 2692 omnibus
2924 2636 3141 2703 missis,
3199 2649 3349 2704 spem
3404 2635 3455 2688 in
3507 2633 3675 2689 Deum

2084 2739 2269 2787 contra
2310 2745 2498 2786 oumcs
2539 2731 2757 2801 objecit,
2795 2738 2851 2785 et
2886 2744 3010 2784 eum
3060 2729 3164 2784 illis
3218 2727 3468 2798 apposuit
3498 2726 3538 2793 ,
3586 2726 3674 2796 qui

2085 2830 2233 2886 nullo
2266 2830 2460 2886 horum
2491 2827 2722 2899 indiget,
2773 2838 2881 2878 non
2930 2822 3071 2888 loco,
3117 2834 3223 2874 non
3265 2827 3537 2887 tempore,
3572 2831 3682 2870 non

2086 2922 2286 2988 armis,
2331 2936 2439 2975 non
2479 2917 2763 2991 pecuniis,
2821 2913 2915 2969 sed
2963 2913 3080 2967 solo
3131 2920 3263 2966 nutu
3316 2909 3495 2965 omnia
3553 2923 3678 2977 per-

2088 3013 2216 3085 agit.
2265 3010 2455 3068 Vidisti
2500 3004 2912 3078 inexpugnabile
2951 3001 3370 3072 expedituiuque
3416 3008 3472 3054 et
3524 2997 3682 3053 facile

2087 3103 2381 3160 auxilium?
2410 3100 2561 3155 Oculi
2586 3100 2694 3169 ejus
2719 3099 2771 3151 in
2800 3109 3075 3166 pauperem
3100 3090 3398 3161 respiciunt,
3424 3087 3679 3160 palpebrte

2088 3200 2199 3268 ejus
2237 3196 2551 3265 interrogant
2587 3191 2722 3261 lios
2773 3187 3053 3242 hominum.
3094 3183 3149 3240 6.
3183 3182 3432 3236 Dominus
3461 3181 3685 3235 interro

2089 3298 2174 3363 gat
2207 3290 2407 3359 justum
2442 3293 2490 3341 et
2537 3282 2770 3354 impium.
2811 3278 2912 3345 Qui
2948 3286 3119 3331 autent
3155 3275 3322 3346 diligit
3344 3273 3684 3342 iniquitatem,

2092 3362 2199 3437 odit
2249 3381 2472 3434 animam
2523 3391 2688 3432 suam.
2743 3372 2895 3427 Alius
2919 3412 2936 3439 ,
2976 3367 3244 3440 Palpebraz
3290 3366 3399 3439 ejus
3450 3362 3688 3435 probant.

2092 3474 2272 3539 Alius,
2301 3470 2546 3528 Dominus
2565 3470 2739 3541 justus
2765 3464 3104 3520 examinator.
3136 3461 3308 3527 Alius,
3340 3457 3547 3513 Iustum
3574 3473 3689 3529 prc-

2093 3566 2175 3620 bat
2206 3575 2252 3619 ct
2281 3564 2514 3635 impium,
2532 3570 2581 3615 et
2599 3574 2712 3614 eum
2739 3557 2824 3628 qui
2844 3565 2983 3609 amat
3008 3554 3203 3623 injusta
3226 3551 3333 3606 odit
3356 3551 3529 3604 anima
3552 3548 3684 3620 ejus.

2092 3659 2264 3724 Alius,
2302 3656 2401 3723 Qui
2429 3661 2567 3708 amat
2593 3649 2916 3723 injustitiam,
2951 3646 3069 3701 odio
3097 3644 3245 3698 habet
3265 3642 3489 3696 animam
3513 3656 3682 3694 suam.

2095 3752 2286 3810 Vidisti
2311 3758 2553 3822 paratum
2585 3745 2887 3816 adjutorem
2909 3782 2925 3808 ,
2954 3746 3259 3810 promptum
3286 3734 3685 3805 opitulatorem,

2094 3848 2295 3919 ubique
2341 3849 2682 3915 prmsentem,
2726 3835 2907 3891 omnia
2952 3830 3246 3897 videntem,
3296 3826 3473 3883 omnia
3512 3825 3687 3894 respi-

2095 3916 2323 3997 cientem
2357 3955 2370 3990 :
2403 3933 2556 4003 cujus
2595 3932 2699 3985 hoc
2736 3926 2967 3983 maxime
2992 3936 3186 3978 munus
3219 3928 3323 3986 est,
3366 3917 3466 3973 etsi
3513 3916 3687 3971 nullus

2097 4048 2220 4089 eum
2242 4037 2415 4102 rogat,
2433 4023 2737 4098 providere,
2766 4032 2947 4075 curam
2964 4029 3179 4087 gerere,
3208 4027 3304 4067 eos
3329 4010 3417 4083 qui
3435 4008 3686 4079 injuriain

2097 4126 2300 4183 faciunt
2346 4119 2654 4194 prohibere,
2689 4115 2755 4170 iis
2788 4111 2980 4183 quibus
3023 4107 3083 4162 fit
3123 4104 3315 4175 injuria
3349 4114 3684 4164 succurrere,

2097 4222 2309 4277 illorum
2336 4192 2483 4271 recte
2512 4211 2647 4266 facta
2677 4201 3032 4269 remunerari,
3058 4199 3142 4254 his
3168 4210 3268 4268 pro
3294 4192 3527 4266 peccatis
3557 4206 3686 4259 sup-

2098 4312 2253 4384 plicia
2280 4309 2522 4380 infligere
2548 4306 2571 4360 ?
2595 4303 2738 4360 Nihil
2766 4316 2892 4373 ergo
2924 4300 3173 4369 ignorat:
3216 4290 3356 4384 oculi
3400 4287 3545 4345 enim
3574 4283 3692 4384 ejus

2098 4376 2283 4463 orbem
2312 4376 2470 4459 terra:
2497 4396 2795 4468 respiciunt
2819 4394 2896 4463 (2.
2932 4388 3113 4445 Paral.
3146 4386 3235 4443 16.
3259 4383 3337 4456 9).
3515 4376 3691 4430 solum

2099 4508 2277 4554 autem
2306 4496 2428 4559 hoc,
2460 4490 2555 4547 sed
2580 4490 2739 4545 etiam
2767 4501 2831 4542 ea
2855 4482 3274 4552 vultcorrigere.
3308 4477 3376 4532 Et
3406 4473 3525 4529 ideo
3554 4468 3692 4523 alius

2100 4603 2312 4661 quoque
2359 4586 2533 4657 ipsum
2586 4577 2895 4650 significans
2937 4572 3169 4637 dicebat,
3207 4568 3407 4624 Iustus.
3438 4563 3495 4620 Si
3548 4562 3691 4618 enim

2094 4670 2293 4755 justus,
2322 4693 2426 4733 non
2457 4674 2674 4730 inducet
2721 4672 2775 4725 in
2818 4668 3054 4724 animum
3093 4673 3152 4719 ut
3195 4664 3310 4717 haec
3349 4670 3549 4715 temere
3579 4654 3692 4708 fieri

2099 4746 2393 4849 permittat.
2442 4770 2735 4824 Aversatur
2785 4762 2978 4827 malos,
3023 4758 3204 4816 laudat
3244 4755 3440 4826 justus.
3492 4746 3693 4804 Deinde

2100 4845 2244 4941 quod
2274 4866 2327 4921 in
2352 4861 2519 4935 priori
2550 4858 2765 4916 Psalmo
2799 4855 3032 4920 dicebat,
3070 4848 3360 4905 ostendens
3405 4845 3536 4900 satis
3573 4854 3699 4896 esse

2102 4936 2288 5015 vitium
2320 4956 2387 5012 ad
2418 4956 2563 5024 ipsos
2588 4947 3001 5010 consumendos,
3048 4944 3149 4998 hoc
3190 4942 3279 4997 hic
3303 4939 3462 4995 etiam
3490 4936 3693 5004 signiti-

2103 5067 2233 5107 cans
2263 5047 2575 5118 subjunxit:
2605 5044 2705 5112 Qui
2730 5051 2897 5096 autem
2935 5047 3073 5092 amat
3096 5034 3422 5104 injustitiam,
3452 5029 3558 5083 odit
3582 5024 3696 5079 aui-

2103 5159 2239 5197 mam
2282 5155 2446 5196 suam.
2491 5136 2587 5191 Est
2616 5133 2757 5190 enim
2783 5131 2979 5186 anima:
3007 5126 3278 5181 inimicum
3305 5121 3489 5175 vilium
3511 5157 3528 5183 ,
3558 5114 3695 5170 infe-

2103 5245 2266 5301 stum,
2293 5243 2347 5287 et
2375 5228 2735 5301 perniciosum
2758 5242 2771 5277 :
2794 5236 2963 5294 quare
2992 5218 3073 5271 vel
3112 5225 3236 5270 ante
3261 5210 3582 5283 supplicium
3605 5206 3694 5261 dat

2103 5298 2285 5398 prunas
2333 5298 2625 5392 improbus.
2661 5315 2846 5371 Vidisti
2893 5307 3161 5381 quomodo
3204 5304 3435 5373 undique
3461 5298 3697 5355 ostendit

2103 5390 2441 5473 adversarios
2494 5411 2648 5466 facile
2684 5407 2801 5475 capi
2847 5417 3023 5474 posse,
3066 5414 3186 5453 cum
3224 5403 3279 5451 et
3315 5393 3474 5449 talem
3504 5390 3698 5445 habeat

2104 5512 2428 5581 adjutorem,
2456 5513 2512 5560 et
2529 5519 2558 5557 a
2582 5498 2812 5573 propriis
2833 5496 2906 5551 illi
2932 5491 3097 5546 armis
3125 5490 3425 5553 vincantur,
3458 5500 3552 5555 per
3575 5498 3696 5553 quae

2106 5604 2438 5668 muniuntur,
2463 5613 2558 5669 per
2582 5611 2646 5651 ea
2673 5608 2732 5649 se
2759 5594 3156 5651 consumentes,
3181 5592 3236 5639 et
3259 5581 3464 5651 seipsos
3494 5576 3696 5637 Laden-

2098 5871 2103 5877 .
2212 5823 2297 5876 lla:
2317 5836 2482 5887 voces,
2500 5826 2672 5874 etcum
2694 5815 2791 5871 illis
2814 5813 3051 5879 opposuit,
3075 5812 3250 5861 desunt
3268 5804 3318 5855 in
3330 5802 3472 5854 Savil.
3487 5809 3539 5855 et
3559 5798 3691 5854 Colb.
