4030 6396
487 346 588 401 143

481 462 604 517 tos?
653 458 828 515 vidisti
876 455 1058 512 auxilii
1110 431 1858 519 facilitatem?Nequc'euim
1896 445 2075 514 aliquo

481 553 740 621 cundum,
769 567 868 608 nec
894 549 1212 606 currendum
1243 554 1358 611 est,
1384 559 1483 600 nec
1510 544 1889 600 consumenda:
1919 552 2080 607 pecu-

485 647 610 712 niae,
640 660 762 699 eum
793 644 934 697 Deus
959 641 1028 695 sit
1057 639 1253 709 ubique
1291 650 1550 707 prmsens,
1580 645 1635 688 et
1660 631 1837 687 omnia
1881 628 2079 683 videat.

481 739 537 791 7.
572 736 726 791 Piuet
756 750 906 804 super
932 739 1217 803 peccatores
1250 728 1475 797 laqueos,
1513 726 1646 797 ignis
1681 733 1727 778 et
1756 721 1997 790 sulphur,
2031 728 2080 773 et

484 830 695 897 spiritus
741 825 1101 897 procellarum,
1146 838 1268 894 pars
1303 820 1477 874 colicis
1517 833 1710 872 eorum.
1744 814 1798 869 8.
1824 812 2077 881 Quoniam

485 923 648 985 iustus
687 918 959 991 Dominus,
1011 926 1058 970 et
1097 914 1329 985 justitias
1377 910 1577 978 dilexit,
1630 909 1915 979 a'quitatem
1955 904 2079 958 vidit

482 1014 648 1066 vultus
687 1011 816 1083 ejus.
871 1009 1043 1074 Alius,
1089 1005 1244 1061 Pluet
1284 1020 1436 1074 super
1475 1002 1674 1071 iniquos
1704 995 1946 1053 carbOnei
1977 996 2074 1066 (η).

483 1105 654 1169 Alius,
682 1101 1030 1158 Rectitudines
1056 1097 1238 1153 videbit
1258 1096 1424 1151 vultus
1444 1109 1634 1155 eorum,
1656 1090 1760 1145 hoc
1783 1098 1888 1153 est,
1906 1086 2080 1156 justo-

485 1214 625 1261 rum,
657 1198 741 1253 vel
766 1196 928 1252 etiam
958 1194 1123 1264 ipsius
1145 1190 1259 1246 Dei.
1283 1190 1571 1259 Postquam
1599 1184 1734 1239 dixit
1758 1179 2078 1253 supplicium

483 1290 626 1360 quod
651 1304 720 1345 ex
738 1288 867 1343 vitio
887 1287 1073 1351 oritur,
1095 1283 1344 1354 quoniam
1373 1278 1526 1335 multi
1544 1279 1601 1334 id
1625 1282 1991 1338 contemnunt,
2010 1286 2078 1325 ex

490 1382 641 1451 plaga
667 1394 785 1449 qua:
814 1387 1047 1446 superne
1074 1374 1297 1430 infertur
1334 1379 1567 1426 mentem
1594 1366 1846 1434 deinceps
1876 1364 2079 1432 impro-

489 1472 678 1524 borum
694 1468 947 1533 concutit,
966 1464 1267 1537 emphatica
1286 1473 1342 1517 et
1354 1477 1469 1518 rem
1491 1460 1823 1529 exprimente
1837 1455 2081 1510 oratione

491 1571 668 1627 utens,
724 1568 778 1614 et
826 1574 920 1629 per
968 1557 1183 1612 nomina
1239 1553 1498 1610 terribilia
1538 1550 1851 1622 procedens.
1898 1545 2076 1616 Ignem

488 1654 654 1717 enim,
686 1665 739 1708 et
759 1650 1002 1722 sulphur,
1033 1660 1085 1705 et
1115 1649 1362 1721 spiritum
1393 1646 1764 1719 procellarum,
1800 1651 1853 1697 et
1886 1640 2080 1695 carbo-

491 1759 609 1808 nes.
658 1743 849 1814 inquit,
900 1756 1131 1811 superne
1187 1739 1352 1811 pluet,
1396 1738 1686 1792 dictionum
1737 1732 2082 1789 translatione

493 1851 705 1903 pinnam
737 1832 1131 1899 inevitabilem,
1164 1828 1409 1901 supplicii
1441 1825 1826 1889 diversitatem,
1858 1819 2081 1876 feriendi

491 1927 817 1993 facilitatem,
841 1934 896 1981 et
918 1922 1269 1981 consumendi
1297 1922 1402 1977 vim
1425 1920 1612 1975 volens
1639 1917 1942 1974 ostendere.

560 2022 613 2076 '5.
636 2019 771 2088 Quid
802 2027 904 2085 est,
948 2017 1081 2072 Pars
1110 2016 1284 2072 colicis
1309 2014 1521 2069 eorum?
1548 2012 1673 2067 ﬂare
1693 2054 1708 2078 ,
1752 2009 1943 2081 inquit,
1997 2015 2080 2065 est

490 2129 609 2168 Sors
637 2127 846 2179 eorum,
877 2111 991 2166 iure
1013 2109 1280 2180 possessio
1304 2125 1317 2162 :
1356 2107 1410 2162 in
1451 2120 1517 2161 eo
1542 2104 1913 2167 versabantur,
1942 2101 1993 2155 in
2016 2114 2082 2154 eo

488 2215 891 2263 consumentur.
943 2203 1146 2258 Deinde
1191 2215 1411 2256 causam
1455 2212 1669 2268 quoque
1714 2194 1891 2259 affert,
1940 2189 2082 2262 quod

489 2298 577 2366 qui
600 2297 778 2352 omnia
807 2295 1024 2365 respicit
1058 2309 1164 2348 non
1194 2292 1466 2363 permittat
1511 2296 1571 2343 ut
1600 2288 1715 2341 hac
1740 2287 1957 2354 impune
1986 2283 2081 2337 ab-

490 2397 634 2443 eant.
662 2386 817 2455 Quod
847 2387 984 2441 alius
1012 2385 1175 2440 etiam
1204 2383 1332 2438 dicit
1354 2380 1613 2452 propheta
1642 2396 1654 2431 :
1694 2376 1863 2430 Purus
1905 2374 2083 2429 oculus

491 2492 630 2545 tuus,
663 2498 726 2535 ne
765 2479 931 2534 uideat
978 2479 1146 2543 mala,
1177 2486 1223 2531 et
1249 2492 1405 2543 super
1448 2474 1645 2528 labores
1693 2472 1940 2541 respicere
1982 2485 2085 2522 non

494 2572 677 2640 poteris
728 2587 747 2626 .'
790 2571 894 2625 hoc
921 2585 1133 2642 quoque
1173 2568 1407 2622 ostendit
1437 2565 1523 2619 hic
1570 2563 1752 2618 dicens
1785 2580 1797 2615 :
1834 2560 2084 2628 Quoniam

487 2665 658 2734 justus
684 2662 954 2727 Dominus,
1002 2670 1048 2714 et
1081 2660 1315 2730 justitias
1368 2655 1545 2711 dilexit
1598 2654 1822 2724 (Hahae.
1857 2653 1906 2707 1.
1956 2650 2078 2721 15).

495 2756 608 2810 lloc
635 2754 727 2811 Dei
744 2762 827 2809 est
846 2752 1121 2817 eximium,
1146 2767 1264 2820 qua:
1280 2751 1422 2819 jusla
1447 2756 1570 2801 sunt
1596 2746 1897 2808 admittere,
1921 2743 2087 2813 tuqui-

495 2860 656 2904 tatem
691 2847 943 2920 amplecti
972 2863 985 2900 :
1016 2860 1115 2901 nec
1143 2860 1262 2917 qua:
1286 2844 1442 2898 aliter
1466 2842 1616 2907 liunt,
1643 2853 1890 2910 mnqnam
1922 2836 2085 2892 susti-

495 2942 693 2997 interit.

560 3032 883 3102 Comparatio
922 3030 1138 3101 passeris
1167 3044 1280 3083 cum
1309 3027 1479 3081 divite.
1506 3055 1577 3065 —
1606 3024 1896 3093 Propterea
1936 3020 2085 3075 Psal-

493 3142 635 3179 mum
666 3124 945 3192 incipiens.
970 3120 1209 3176 dicebat:
1236 3117 1302 3173 In
1324 3117 1544 3171 Domina
1569 3115 1773 3184 conﬁdo
1796 3130 1813 3179 ;
1835 3114 2086 3186 quomodo

494 3218 661 3271 dicitis
686 3217 872 3270 animm
916 3229 1040 3268 metu
1072 3228 1091 3266 :
1115 3210 1442 3280 Transmigra
1487 3210 1541 3262 in
1582 3216 1775 3261 montes
1816 3208 1943 3261 sicut
1970 3221 2089 3276 pas-

493 3312 611 3365 scr?
640 3310 739 3377 Qui
767 3309 909 3364 enim
941 3308 992 3361 in
1021 3307 1181 3361 rebus
1209 3303 1434 3359 terrenis
1457 3343 1471 3367 ,
1504 3310 1560 3356 ct
1585 3301 1649 3355 iis
1691 3314 1811 3370 quae
1839 3298 1904 3354 ad
1952 3298 2088 3353 hanc

495 3407 656 3458 vitam
687 3403 974 3472 pertinent,
1008 3399 1280 3455 conlldtmt
1303 3439 1318 3459 ,
1350 3395 1518 3451 nihilo
1558 3394 1747 3449 tnelius
1776 3393 2089 3448 afliciuntur

501 3512 659 3565 quam
692 3510 879 3564 passer
905 3492 995 3562 qui
1024 3491 1192 3546 ﬁdens
1231 3488 1528 3553 solitudini,
1583 3486 1742 3542 facile
1772 3486 1886 3555 capi
1912 3493 2087 3555 potest

494 3589 563 3642 ab
591 3587 859 3641 omnibus.
908 3582 1052 3640 Talis
1076 3592 1158 3639 est
1187 3582 1470 3652 quisperat
1500 3582 1550 3635 in
1580 3580 1851 3651 pecuniis.
1884 3578 2089 3645 Quem-

494 3680 782 3736 admodum
815 3694 999 3749 passer
1022 3686 1076 3732 et
1102 3693 1129 3730 a
1164 3675 1363 3746 pueris,
1386 3682 1442 3729 et
1461 3688 1491 3727 a
1522 3674 1668 3728 visco
1693 3673 1922 3742 cap’tur,
1954 3687 1984 3726 a
2013 3671 2090 3726 la-

494 3774 668 3843 queis,
701 3781 754 3827 et
779 3772 847 3827 ab
877 3771 999 3826 aliis
1029 3767 1511 3824 innumerabilibus
1540 3783 1554 3820 :
1603 3765 1674 3820 ita
1705 3764 1865 3819 etiam
1894 3764 1983 3835 qui
2009 3774 2093 3820 est

492 3865 665 3926 dives.
693 3873 750 3920 et
781 3877 999 3918 suorum
1023 3901 1040 3927 ,
1073 3869 1129 3915 et
1159 3860 1389 3914 hostium
1445 3857 1643 3927 petitur
1680 3855 1886 3911 insidiis
1917 3863 2009 3910 :ct
2036 3855 2087 3909 in

495 3957 697 4024 majore
719 3969 880 4024 quam
902 3953 989 4006 ille
1014 3960 1261 4006 versatur
1291 3949 1551 4021 periculo,
1582 3948 1749 4018 utqui
1773 3949 1972 4001 nndtos
1996 3946 2092 4001 ha-

495 4051 640 4113 heat,
666 4047 756 4117 qui
784 4046 985 4101 viscum
1010 4043 1286 4107 adhibent,
1316 4051 1369 4095 et
1402 4049 1528 4095 ante
1555 4040 1697 4105 illos,
1727 4039 1893 4093 malas
1935 4038 2091 4107 cupi-

494 4141 724 4203 ditates;
752 4146 940 4207 estque
988 4149 1202 4203 semper
1240 4132 1663 4200 transmigrator,
1710 4146 1924 4200 semper
1951 4140 2090 4185 tem-

498 4232 611 4302 pori
649 4229 912 4292 serviens,
939 4234 994 4280 et
1023 4226 1268 4280 lictorum
1312 4222 1420 4277 iras
1470 4222 1873 4291 pertimescens,
1899 4230 1953 4275 et
1983 4218 2089 4273 lm-

498 4324 760 4394 peratoris
814 4318 1250 4391 indignationem,
1287 4324 1336 4370 et
1369 4313 1704 4368 adulatorum
1749 4310 1986 4377 insidias,
2037 4319 2092 4365 et

498 4418 709 4473 fraudes
750 4416 1084 4478 amicorum;
1132 4421 1187 4466 et
1233 4424 1355 4465 cum
1412 4407 1593 4460 hostes
1650 4404 1920 4470 irruerint,
1974 4404 2090 4472 plus

497 4528 657 4581 quam
687 4523 878 4565 omnes
919 4504 1306 4569 contremiscit,
1336 4511 1389 4557 et
1414 4515 1535 4555 cum
1566 4509 1649 4554 est
1677 4513 1800 4566 pax,
1846 4496 2090 4566 suspica-

500 4619 585 4661 tur
616 4605 955 4659 insidiatores
985 4620 999 4656 :
1033 4616 1205 4668 neque
1250 4597 1391 4654 enim
1422 4594 1583 4649 habet
1607 4593 1819 4647 divitias
1845 4589 2085 4655 stabile=,

497 4709 553 4753 et
578 4714 696 4766 qua:
721 4693 921 4750 auferri
951 4700 1241 4762 nequeunt.
1279 4688 1402 4743 ldeo
1427 4702 1642 4755 semper
1668 4685 1808 4739 volat
1832 4691 1887 4737 et
1915 4693 2088 4736 trans-

500 4791 714 4860 migrat,
749 4792 962 4841 montes
1004 4791 1060 4837 et
1088 4782 1325 4835 deserta
1374 4790 1726 4847 persequens,
1776 4787 1994 4829 verSans
2036 4772 2086 4825 in

494 4882 747 4953 caligine,
776 4887 832 4933 et
859 4878 911 4932 in
949 4873 1177 4931 meridie
1203 4886 1414 4929 crassas
1442 4869 1644 4923 habens
1686 4867 1954 4932 tenebras,
1985 4866 2085 4920 do-

495 4980 681 5044 losque
726 4980 960 5027 struens.
988 4966 1095 5023 Sed
1143 4979 1248 5019 non
1283 4962 1400 5016 talis
1442 4969 1525 5015 est
1563 4958 1758 5028 justus.
1802 4956 1909 5011 Via:
1952 4958 2084 5010 enim

488 5069 750 5137 iustorum
775 5059 1096 5131 resplendent
1124 5058 1287 5111 instar
1306 5054 1433 5108 lucis
1462 5051 1645 5125 (Prov.
1682 5051 1733 5105 4.
1763 5050 1870 5119 18).
1901 5049 2089 5119 Neque

493 5160 635 5216 enim
670 5155 889 5212 insidias
916 5167 1124 5224 parare,
1173 5162 1346 5219 neque
1380 5144 1634 5216 injuriam
1681 5142 1854 5197 facere
1883 5141 2085 5197 consti-

494 5261 668 5320 tmmt,
696 5249 792 5306 sed
816 5250 1054 5318 quietum
1098 5244 1294 5299 habent
1320 5240 1581 5295 animum.
1610 5236 1687 5290 illi
1714 5244 1892 5290 autem
1931 5234 2087 5289 dolos

494 5359 706 5414 semper
726 5348 1014 5403 struentes,
1043 5351 1256 5407 semper
1282 5342 1411 5389 sunt
1435 5333 1486 5386 in
1515 5326 1661 5385 metu
1688 5339 1741 5382 et
1769 5329 1819 5382 in
1847 5327 2086 5383 tenebris

494 5439 632 5493 sicut
672 5435 930 5499 latrones,
954 5444 1226 5486 murorum
1255 5424 1587 5497 perfossorcs
1616 5430 1671 5477 et
1699 5418 1928 5475 adulteri
1967 5418 2087 5473 :ino

556 5570 630 5632 (ιι)
654 5568 709 5618 In
728 5575 917 5632 (st-tceo.
931 5576 1011 5616 om
1033 5576 1089 5614 ιπι
1103 5574 1327 5632 mem
1349 5568 1536 5621 ἄνθρακας.
1556 5554 1793 5632 pitius'sit
1809 5553 1913 5632 hsce
1938 5557 2086 5632 inter:

556 5586 630 5632 (tl)
655 5586 709 5618 lu
728 5586 908 5619 15111300.
931 5586 1011 5616 ῠσιι
1033 5586 1089 5614 snt
1103 5586 1240 5625 πρανο
1349 5586 1536 5621 ανυρωιας.
1562 5586 1709 5617 hu‘ua
1729 5586 1793 5605 οη.
1809 5586 1913 5601 mu.
1939 5586 2085 5600 mu..-

442 5650 449 5657 ·
496 5632 707 5695 prolatio
725 5635 884 5677 Graeca
909 5629 1174 5691 ignoratur.
1200 5586 1458 5679 Ἄργει-ο,
1487 5618 1707 5695 quisquis
1744 5615 1919 5673 fuerit,
1944 5619 2085 5695 ετξ-ιε)

498 5685 869 5758 inmundam,
889 5685 1120 5758 cdrbones
1143 5706 1159 5743 :
1181 5706 1273 5740 nec
1286 5688 1674 5758 fortasseairtltt:
1703 5699 1897 5758 uanch
1920 5685 2085 5737 radice

494 5770 593 5821 nm
614 5751 949 5821 inﬂammandi
987 5757 1191 5806 verbum
1227 5754 1379 5802 oritur
1417 5754 1462 5801 iu
1497 5751 1647 5811 hiphil
1683 5758 1731 5799 et
1753 5754 1850 5814 n‘D
1874 5763 2084 5801 cmercm

498 5829 755 5896 signiﬁcat.
782 5826 903 5881 Vide
926 5828 1133 5880 Lexicon
1159 5830 1370 5875 nostrum
1395 5825 1441 5877 in
1469 5826 1696 5887 uexzzpla.

1156 336 1214 394 S.
1252 332 1530 392 JOANNIS
1567 326 2043 386 CllRYSOS'l'OMl
2082 325 2399 381 ABCIIIEP.
2441 322 2979 380 CONSTANTINOP.
3665 325 3750 378 lii

2190 443 2361 498 terdiu
2392 442 2578 499 vident
2623 442 2893 510 tenebras,
2922 456 3043 497 cum
3071 444 3139 496 sit
3167 455 3353 496 eorum
3382 440 3555 497 anima
3579 442 3755 496 timore

2184 536 2522 591 conturbata.
2555 535 2837 603 Quomodo
2864 550 2992 606 ergo
3033 544 3258 606 possunt
3290 535 3371 589 ha:
3409 534 3593 589 discuti
3621 544 3755 589 tene-

2183 627 2335 684 brae?
2359 627 2413 682 Si
2455 635 2506 683 te
2534 627 2602 683 ab
2632 626 2715 682 his
2743 625 2995 681 omnibus
3018 626 3320 696 scjunxeris
3339 666 3357 692 ,
3387 635 3441 679 et
3482 640 3509 677 a
3541 625 3628 680 Dei
3672 640 3757 694 spe

2184 719 2525 792 pependeris,
2559 720 2663 775 etsi
2689 720 2766 775 sis
2808 719 3004 774 millies
3034 729 3302 790 peccator.
3337 718 3584 788 Respicite
3604 719 3755 783 enim,

2184 812 2374 882 inquit,
2404 813 2472 865 ad
2497 814 2733 883 antiquas
2758 812 3130 883 generationes,
3159 822 3203 864 et
3228 810 3390 864 videte
3412 812 3520 880 quis
3547 812 3753 879 speravit

2184 903 2240 957 in
2276 901 2552 957 Dominum
2575 943 2590 968 ,
2621 913 2669 957 et
2698 906 2942 974 confusus
2990 913 3064 958 est
3097 902 3112 934 ¹
3147 900 3337 971 (Eccli.
3381 900 3437 955 2.
3483 902 3541 957 il
3654 900 3759 955 Non

2184 993 2351 1059 dixit,
2376 992 2558 1049 Justus
2593 1013 2605 1048 :
2635 993 2730 1049 sed
2759 1036 2774 1060 ,
2801 991 2927 1059 Quis
2948 993 2974 1047 .9
3002 993 3114 1047 Etsi
3141 993 3242 1056 sit,
3275 992 3481 1063 inquit,
3509 1003 3759 1061 peccator.

2190 1085 2306 1143 Hoc
2346 1086 2489 1140 enim
2518 1084 2859 1150 admirabile,
2889 1084 3032 1154 quod
3062 1084 3224 1138 etiam
3268 1092 3577 1154 peccatores
3614 1098 3763 1135 anco-

2184 1192 2301 1231 ram
2349 1174 2487 1230 hanc
2517 1185 2798 1241 tenentes,
2849 1185 2975 1230 sunt
3017 1176 3265 1229 omnibus
3313 1174 3761 1245 inexpugnabiles.

2182 1270 2299 1325 Hoc
2322 1278 2406 1323 est
2437 1268 2579 1324 enim
2625 1270 2855 1324 maxime
2901 1269 2955 1323 in
2987 1268 3153 1323 Deum
3206 1267 3523 1332 al'l'ectionis,
3565 1268 3764 1338 quando

2186 1370 2263 1416 tot
2293 1362 2447 1416 malis
2472 1376 2761 1432 oppressus
2787 1361 2839 1415 in
2870 1360 2986 1431 ejus
3015 1360 3342 1429 benignitate
3367 1359 3610 1414 habuerit
3636 1358 3757 1413 lida-

2184 1452 2344 1507 ciam.
2373 1452 2674 1507 Sicutenim
2695 1451 3011 1507 maledictus
3037 1463 3118 1505 est
3138 1451 3228 1521 qui
3249 1459 3431 1521 sperat
3459 1450 3511 1503 in
3538 1449 3762 1513 homine,

2184 1544 2255 1597 ita
2282 1543 2441 1597 etiam
2469 1542 2657 1599 beatus
2682 1552 2767 1598 est
2796 1543 2884 1613 qui
2928 1551 3114 1612 sperat
3142 1542 3191 1596 in
3239 1540 3349 1596 Deo
3379 1539 3531 1611 (Jer.
3567 1540 3648 1595 l7.
3691 1538 3764 1610 5).

2186 1636 2268 1691 Ab
2294 1636 2543 1690 omnibus
2569 1650 2699 1705 ergo
2728 1644 2783 1690 te
2830 1635 3135 1704 sejungens,
3182 1634 3320 1688 hanc
3348 1644 3471 1688 tene
3499 1648 3765 1688 ancoram.

2189 1726 2330 1781 Deus
2356 1727 2499 1781 enim
2540 1727 2720 1781 omnia
2761 1727 3022 1792 intuetur,
3048 1727 3190 1797 jusle
3214 1726 3440 1796 judicat,
3471 1734 3528 1780 et
3554 1742 3656 1779 non
3684 1742 3770 1779 s0-

2186 1818 2305 1873 lum‘
2321 1818 2547 1888 judicat,
2571 1818 2666 1872 sed
2692 1818 2851 1873 etiam
2878 1817 2945 1873 ad
2975 1833 3109 1886 opus
3133 1816 3346 1871 deducit
3374 1833 3387 1869 :
3411 1826 3466 1870 et
3484 1815 3604 1871 ideo
3624 1825 3765 1884 post-

2185 1926 2344 1981 quam
2366 1910 2501 1965 dixit
2521 1910 2588 1965 de
2618 1911 2978 1980 ejusjustitia,
3006 1909 3241 1965 ostendit
3266 1908 3429 1964 etiam
3461 1908 3768 1980 supplicimn

2185 2018 2285 2073 per
2312 2005 2513 2072 ignem,
2544 2017 2643 2073 per
2669 2002 2957 2074 procellam
2987 2017 3002 2056 :
3033 2000 3137 2056 hoe
3181 2010 3361 2056 autem
3407 2000 3534 2056 facit
3568 2000 3770 2054 illorum

2186 2108 2368 2148 curam
2394 2109 2607 2164 gerens,
2647 2102 2702 2151 et
2733 2110 2828 2164 per
2862 2092 3181 2164 supplicium
3222 2091 3456 2147 reddens
3495 2092 3773 2146 modestio-

2188 2202 2294 2241 res.
2325 2186 2585 2242 Dmnibus
2613 2202 2743 2257 ergo
2769 2186 2838 2241 de
2866 2186 3045 2242 causis
3073 2185 3139 2240 ad
3169 2200 3290 2240 eum
3337 2184 3685 2242 accedamus.
3725 2192 3774 2236 et

2189 2288 2448 2347 perpetuo
2480 2278 2546 2333 ad
2578 2295 2700 2334 eum
2730 2278 3103 2349 respiciamus.
3132 2276 3207 2331 Ita
3235 2277 3377 2332 enim
3411 2277 3575 2331 etiam
3605 2277 3771 2332 omnia

2188 2369 2327 2423 bona
2367 2385 2759 2440 consequemur
2796 2369 2849 2423 in
2880 2369 3094 2424 Christo
3119 2367 3246 2424 Jesu
3294 2368 3524 2423 Domino
3577 2377 3770 2431 nostro,

2189 2462 2275 2516 cui
2301 2461 2468 2533 gloria
2501 2462 2554 2516 in
2585 2462 2781 2516 sa‘cula
2812 2461 3159 2516 smculorum.
3189 2463 3385 2515 Amen.

2513 2614 2875 2682 EXPOSITIO
2919 2616 2986 2672 IN
3017 2616 3341 2672 PSALMUM
3372 2616 3463 2671 XI.

2195 2755 2245 2809 l.
2275 2753 2341 2809 In
2384 2756 2537 2824 ﬁnem
2584 2771 2676 2824 pro
2720 2765 2915 2817 octava.
2960 2753 3144 2817 Alius,
3190 2751 3423 2807 Victoriae
3461 2762 3656 2805 auctori
3695 2768 3776 2821 pro

2368 2858 2561 2901 octava.
2592 2847 2848 2902 Hebraeus
2872 2856 3071 2911 autem,
3100 2844 3402 2911 Aseminitli,
3431 2843 3624 2913 inquit.

2189 2938 2243 2993 2.
2278 2939 2495 2995 Salvum
2537 2954 2617 2993 me
2662 2942 2766 3010 fac,
2797 2936 3036 3002 Domine,
3067 2939 3307 3006 quoniam
3345 2934 3531 3004 defecit
3556 2944 3774 2998 sanctus,

2261 3032 2502 3104 quoniam
2527 3032 2790 3085 diminuta:
2829 3039 2945 3084 sunt
2986 3029 3222 3083 veritates
3256 3044 3288 3080 tt
3333 3027 3455 3093 ﬁliis
3506 3027 3777 3080 hominum.

2264 3126 2437 3191 Alius,
2468 3124 2722 3190 Quoniam
2753 3124 3006 3177 terminati
3103 3128 3228 3174 sunt
3293 3119 3468 3188 ﬁdeles
3495 3136 3529 3171 a
3554 3119 3674 3187 ﬁliis
3698 3119 3782 3171 lto-

2266 3236 2480 3273 ηηηωη.

2267 3332 2319 3386 1.
2350 3331 2527 3386 Ardua
2548 3328 2763 3400 quidem
2795 3341 2882 3382 res
2899 3335 2983 3381 est
3010 3325 3197 3390 virtus,
3220 3333 3275 3378 et
3305 3338 3398 3392 per
3427 3338 3490 3376 se
3519 3322 3779 3384 difﬁcilis;

2195 3425 2425 3479 maxime
2454 3433 2653 3487 autem,
2683 3420 2898 3491 quando
2927 3420 3015 3489 qui
3046 3425 3302 3487 Operatur
3326 3431 3449 3471 cum
3478 3431 3670 3487 magna
3693 3415 3783 3469 bo-

2195 3534 2385 3576 norum
2416 3516 2653 3570 virorum
2684 3513 2954 3585 paucitate
2999 3521 3261 3567 versatur.
3306 3509 3457 3564 Sicut
3502 3510 3649 3563 enim
3693 3508 3785 3561 iter

2194 3612 2369 3685 agenti
2393 3610 2544 3665 labor
2563 3616 2647 3665 est
2667 3652 2682 3674 ,
2715 3608 2885 3663 multo
2923 3606 3091 3676 magis
3124 3612 3300 3658 autem
3330 3602 3373 3656 si
3406 3601 3559 3657 solus
3585 3606 3654 3656 sit
3678 3600 3785 3653 via-

2198 3715 2301 3770 tor,
2330 3715 2385 3759 et
2423 3703 2541 3757 sine
2585 3701 2684 3754 vim
2724 3700 2920 3754 comite
2952 3714 2965 3750 :
2999 3698 3070 3751 ita
3097 3696 3185 3750 hic
3222 3695 3404 3749 etiam.
3462 3694 3581 3748 Non
3634 3706 3786 3763 parva

2163 3847 2171 3853 .
2196 3797 2338 3851 enim
2368 3809 2457 3849 res
2482 3801 2565 3847 est
2602 3791 2824 3845 fratrum
2847 3790 3076 3845 societas
3100 3796 3154 3842 et
3187 3785 3513 3841 adhortatio.
3565 3785 3632 3848 Et
3674 3783 3786 3838 ideo

2195 3886 2321 3940 dicit
2349 3886 2509 3940 etiam
2541 3882 2756 3949 Paulus,
2781 3880 3164 3936 Considerantes
3193 3893 3279 3931 vos
3298 3877 3435 3947 ipsos
3455 3878 3526 3929 ad
3554 3890 3787 3945 provoco-

2198 3979 2381 4032 tionem
2417 3974 2702 4029 dilectionis
2730 3981 2775 4026 et
2811 3971 3059 4025 bonorum
3096 3985 3306 4039 operum
3335 3966 3530 4040 (Hebr.
3564 3967 3651 4021 i0.
3676 3965 3782 4034 24).

2200 4068 2265 4121 Ει
2293 4066 2415 4122 ideo
2456 4074 2582 4122 sunt
2626 4064 2711 4119 vel
2760 4063 2995 4118 maxime
3040 4059 3181 4116 beati
3229 4057 3506 4129 judicandi
3562 4068 3785 4121 veteres,

2198 4179 2302 4217 non
2325 4160 2467 4233 quod
2499 4168 2646 4215 recte
2671 4166 2726 4214 et
2770 4173 2837 4212 ex
2863 4157 3059 4211 virtute
3085 4168 3145 4209 se
3173 4152 3444 4224 gesserint
3470 4193 3486 4215 ,
3522 4151 3618 4206 sed
3647 4148 3784 4220 quod

2197 4266 2331 4321 tum,
2358 4270 2479 4309 eum
2508 4267 2698 4322 magna
2730 4257 2877 4304 esset
2896 4246 3108 4302 virtutis
3133 4244 3408 4310 sterilitas,
3443 4252 3501 4297 et
3525 4256 3783 4312 nusquam

2196 4356 2517 4421 apparerent
2543 4346 2635 4417 qui
2674 4359 2736 4400 se
2780 4352 2931 4398 recte
2956 4347 3227 4411 gererent.
3269 4336 3383 4392 Hoc
3424 4351 3560 4407 ergo
3588 4334 3787 4406 signili-
3822 4346 3831 4353 °

2195 4459 2324 4499 cans
2350 4455 2563 4513 quoque
2587 4437 2863 4507 Scriptura
2890 4433 3103 4489 dicebat
3130 4450 3143 4486 :
3177 4429 3292 4486 Noe
3307 4433 3507 4501 justus,
3538 4433 3789 4500 perfectus

2194 4539 2247 4592 in
2275 4534 2596 4608 generatione
2620 4546 2714 4586 sua
2744 4527 2892 4600 (Gen.
2923 4527 2976 4582 6.
3008 4524 3097 4597 9).
3146 4523 3439 4593 Propterea
3464 4523 3790 4577 admiramur

2195 4626 2494 4691 Abraham,
2513 4632 2795 4693 propterea
2817 4620 2936 4684 Lot,
2957 4626 3239 4688 propterea
3264 4614 3488 4679 Mosem,
3509 4614 3655 4683 quod
3685 4611 3790 4667 vel-

2197 4721 2271 4775 uti
2308 4721 2361 4774 in
2392 4716 2653 4788 profunda
2678 4724 2834 4769 nocte
2855 4711 3027 4768 stellas
3050 4718 3393 4780 apparerent,
3425 4717 3478 4762 et
3513 4717 3785 4776 tamquam

2195 4828 2333 4867 rosae
2361 4812 2500 4865 inter
2527 4812 2731 4876 spinas,
2772 4814 2828 4862 et
2866 4818 2995 4861 oves
3036 4804 3177 4859 inter
3218 4802 3373 4871 lupos
3425 4799 3792 4855 innumerabi-

2196 4905 2294 4969 les,
2325 4913 2383 4958 ut
2419 4902 2506 4972 qui
2535 4901 2674 4955 viam
2702 4898 2951 4953 omnibus
2975 4895 3303 4950 contrariam
3354 4893 3788 4961 ingrederentur,

2193 4993 2648 5066 cceptumqueiter
2668 4990 2887 5045 minime
2909 4990 3381 5054 interrumperent.
3406 4983 3460 5036 Si
3485 4982 3593 5036 hoc
3618 4983 3791 5051 ipsum

2193 5092 2334 5146 enim
2357 5096 2441 5143 est
2461 5084 2676 5141 diﬂicile
2703 5084 2756 5137 in
2774 5079 3136 5142 multitudine,
3161 5088 3215 5133 et
3243 5078 3333 5147 qui
3360 5075 3543 5130 multis
3572 5058 3820 5129 contra-‘

2194 5184 2329 5236 rium
2374 5181 2476 5234 iter
2530 5173 2949 5246 ingredientibus
3006 5171 3122 5240 ipse
3166 5169 3311 5223 solus
3361 5178 3546 5221 contra
3601 5165 3791 5228 tendit,

2195 5273 2401 5343 magnis
2426 5270 2656 5324 afficitur
2683 5266 2961 5328 molestiis,
2982 5273 3036 5319 et
3058 5263 3101 5318 si
3133 5262 3185 5316 in
3211 5259 3546 5332 navigatione
3577 5268 3661 5313 est
3687 5257 3790 5312 dif-

2195 5366 2352 5430 ficile,
2384 5378 2506 5418 cum
2538 5362 2730 5416 ﬂuctus
2756 5366 2811 5415 et
2834 5367 2999 5413 testus
3027 5362 3213 5410 contra
3243 5352 3480 5415 feratur,
3515 5365 3709 5405 navem
3741 5347 3789 5402 in

2194 5458 2519 5515 contrarium
2538 5455 2765 5525 dirigere
2796 5471 2809 5506 :
2842 5450 3010 5506 multo
3026 5448 3195 5517 magis
3212 5447 3262 5500 in
3291 5446 3507 5500 virtute.
3533 5443 3787 5511 Propter-

2194 5569 2254 5606 ea
2296 5549 2385 5607 hie
2420 5562 2631 5621 quoque
2653 5545 2852 5617 justus,
2880 5550 2943 5598 ut
2960 5540 3051 5612 qui
3080 5538 3226 5595 solus
3250 5552 3368 5593 eam
3396 5532 3785 5606 apprehendis-

2260 5745 2272 5773 ι
2306 5742 2354 5788 In
2379 5738 2596 5787 Siraeirlc
2628 5749 2717 5782 seu
2749 5733 3095 5783 Ecclesiastico
3123 5729 3328 5792 legitur,
3356 5724 3462 5790 quis
3489 5720 3695 5786 conﬁdit
3739 5717 3785 5768 in

2201 5798 2435 5856 Domino?
2467 5801 2557 5863 (τίς
2584 5799 2888 5847 ἐνεπίστευσε
2910 5793 3074 5857 Κυρίῳ
3094 5792 3132 5853 ;)
