4030 6434
302 352 396 413 li?)

318 474 436 538 τοὶις
459 472 834 547 βλάπτοντες
858 501 876 548 ;
898 478 1038 548 εἶδες
1059 483 1160 554 τῆς
1190 483 1502 553 συμμαχίας
1528 482 1625 553 τὴν
1642 482 1893 536 εὐκολίαν
1913 506 1928 554 ;

331 565 402 619 υἷι
420 567 532 636 γὰρ
564 566 650 620 δεῖ
681 568 922 639 βαδίσαι
952 588 1076 636 που,
1113 572 1205 624 ml
1235 570 1480 640 δραμεῖν,
1516 570 1637 622 οὐδὲ
1672 570 1932 640 χρήματα

337 655 637 721 ἀναλῶσαι,
664 658 771 710 τοῦ
812 658 954 712 Θεοῦ
987 676 1259 727 πανταχοῦ
1290 658 1581 729 παρόντος,
1629 660 1721 711 καὶ
1756 658 1933 711 πάντα

344 742 594 814 ὁρῶντος.
644 746 979 814 Ἐπιϐρέξει
1029 746 1128 799 ἐπὶ
1181 745 1571 815 ἁμαρτωλοὺς
1631 744 1887 814 παγίδας
1916 785 1930 805 ,

345 830 482 898 πῦρ,
500 831 598 885 καί
620 833 807 895 θεῖον,
825 835 922 888 καὶ
950 832 1182 901 πνεῦμα
1208 833 1566 901 καταιγίδος,
1581 833 1618 901 ἠ
1638 832 1809 901 μερὶς
1833 831 1937 885 τοῦ

348 919 636 987 ποτηρίου
658 919 880 974 αὐτῶν.
909 921 1030 974 Ὅτι
1059 921 1287 985 δίκαιος
1313 921 1546 987 Κύριος,
1576 920 1674 973 καί
1713 920 1937 974 δικαιο-

344 1008 542 1073 σύνας
590 1006 934 1077 ἠγάπησεν,
966 1009 1295 1075 εὐθύτητας
1344 1006 1466 1061 εἶδε
1504 1006 1567 1060 τὸ
1611 1008 1938 1075 πρόσωπον

344 1095 553 1149 αὑτοῦ.
589 1095 810 1163 Ἀλλος,
840 1096 1014 1150 ’Υσει
1064 1095 1162 1148 ἐπὶ
1194 1097 1580 1164 παρανόμους
1609 1094 1932 1163 ἄνθρακας.

349 1178 569 1241 Ἀλλος,
608 1179 952 1246 Εὑθύτητας
978 1178 1187 1247 ὄψεται
1206 1179 1273 1232 τὸ
1297 1179 1624 1246 πρόσωπον
1661 1177 1859 1233 αὐτῶν
1887 1196 1931 1245 ·,

342 1262 618 1327 τουτέστι,
651 1261 761 1315 τῶν
782 1260 1023 1325 δικαίων,
1054 1261 1086 1331 ἢ
1125 1259 1289 1313 αὐτοῦ
1317 1261 1411 1314 τοῦ
1446 1259 1604 1314 Θεοῦ.
1632 1260 1816 1315 Εἰπὼν
1834 1263 1933 1333 τὴν

344 1345 452 1398 ἀπὸ
485 1346 591 1415 τῆς
624 1344 825 1408 κακίας
856 1344 1034 1415 δίκην,
1066 1344 1258 1417 ἐπειδὴ
1306 1344 1512 1417 ταύτης
1545 1345 1732 1399 πολλοὶ
1764 1363 1935 1400 κατα-

288 1474 297 1477 _
344 1428 632 1498 φρονοῦσι,
663 1428 845 1482 λοιπὸν
862 1428 1138 1481 κατασείει
1163 1427 1260 1500 τὴν
1286 1427 1395 1482 τῶν
1421 1428 1675 1499 πονηρῶν
1694 1428 1932 1499 διάνοιαν

343 1515 450 1568 ἀπὺ
472 1515 576 1585 τῆς
610 1513 817 1568 ἄνωθεν
859 1514 1166 1585 φερομένης
1191 1514 1430 1586 πληγῆς,
1465 1515 1816 1587 ἐμφαντικῶς
1855 1517 1931 1589 τῷ

342 1602 488 1673 λόγῳ
519 1600 824 1671 χρώμενος,
855 1604 950 1654 καὶ
979 1600 1068 1654 διὰ
1094 1602 1342 1674 φοϐερῶν
1384 1602 1663 1673 ὀνομάτων
1703 1602 1926 1675 προϊών.

344 1688 464 1761 Πῦρ
511 1690 655 1759 γάρ,
691 1688 789 1741 καὶ¹
833 1687 998 1752 θεῖον,
1043 1690 1137 1742 καὶ
1185 1688 1409 1759 πνεῦμα
1463 1687 1798 1757 καταιγίδος,
1836 1691 1931 1743 καὶ

342 1775 627 1843 ἄνθρακας
656 1775 837 1836 αὐτοῖς
867 1772 1249 1842 ἄνωθενολέγει
1286 1772 1510 1840 ὕεσθαι,
1545 1776 1613 1845 τῇ
1645 1776 1930 1847 μεταφορᾷ

339 1857 449 1910 τῶν
470 1856 670 1921 λέξεων
698 1856 760 1909 τὸ
784 1855 1026 1925 ἄφυκτον
1045 1856 1144 1927 τῆς
1171 1856 1464 1927 τιμωρίας,
1492 1857 1553 1910 τὸ
1584 1857 1803 1927 δαψιλὲς
1831 1859 1930 1927 τῆς

340 1941 641 2004 κολάσεως,
673 1939 734 1992 τὺ
764 1937 989 1992 εὔκολον
1032 1939 1131 2010 τῆς
1181 1938 1423 2010 πληγῆς,
1470 1940 1533 1994 τὸ
1559 1940 1929 2013 δαπανητικὸν

342 2028 699 2098 παραστῆσαι
735 2026 1079 2097 βουλόμενος.

410 2111 562 2181 γ’.Τί
593 2116 759 2176 ἐστιν,
777 2111 844 2165 Ἠ
866 2110 1037 2180 μερὶς
1058 2109 1166 2165 τοῦ
1195 2110 1481 2180 ποτηρίου
1502 2110 1733 2176 αὐτῶν;
1759 2111 1929 2166 Τοῦτο

340 2197 524 2260 αὐτοῖς
558 2195 779 2266 κλῆρος,
816 2194 971 2265 φησὶ,
1003 2194 1160 2247 τοῦτο
1195 2195 1404 2266 κτῆμα,
1438 2196 1614 2267 τούτῳ
1658 2197 1926 2269 ἐνδιατρί-

337 2281 553 2351 ψωσιν,
600 2281 660 2333 ἐν
696 2280 908 2344 τούτοις
951 2280 1448 2351 δαπανηθήσονται.
1481 2279 1616 2335 Εἶτα
1647 2282 1743 2335 ml
1775 2284 1808 2354 ἡ
1837 2284 1926 2335 αἰ-

339 2369 463 2420 τία·
497 2366 580 2418 ὅτι
621 2367 650 2418 6
688 2365 865 2418 πάντα
907 2362 1118 2435 ἐφορῶν
1156 2365 1257 2418 οὐκ
1296 2364 1545 2429 ἀνέξεται
1586 2365 1761 2421 ταῦτα
1811 2368 1928 2420 ἀτι-

346 2451 560 2523 μωρητὶ
608 2449 1008 2521 παραδραμεῖν.
1040 2449 1218 2521 Ὅπερ
1266 2448 1360 2501 καὶ
1411 2448 1601 2521 ἕτερος
1638 2452 1926 2522 προφήτης

344 2536 503 2605 φησί·
538 2532 807 2602 Καθαρὸς
851 2536 885 2587 ὁ
937 2533 1243 2602 ὀφθαλμός
1294 2547 1433 2596 σου,
1491 2534 1600 2588 τοῦ
1644 2533 1731 2603 μὴ
1779 2534 1928 2602 ὀρᾷν

344 2620 594 2687 πονηρὰ,
624 2620 723 2671 καί
757 2616 1102 2672 ἐπιϐλέπειν
1140 2615 1240 2669 ἐπὶ
1272 2617 1500 2684 πόνους
1534 2620 1606 2673 οὺ
1647 2618 1888 2688 δυνήσῃ
1908 2638 1921 2650 ·

344 2703 498 2757 τοῦτο
528 2704 623 2756 καὶ
651 2696 802 2765 οὗτος
829 2701 1128 2771 παρίστησι
1167 2699 1371 2768 λέγων·
1401 2700 1523 2753 ’Ότι
1551 2700 1782 2768 δίκαιος
1811 2704 1928 2756 Κύ-

344 2805 489 2854 ριος,
530 2786 628 2840 καὶ
668 2785 1059 2848 δικαιοσύνας
1090 2781 1393 2851 ἠγάπησε.
1438 2783 1611 2837 Τοῦτο
1647 2785 1741 2838 τοῦ
1787 2785 1926 2839 Θεοῦ

349 2872 582 2943 μάλιστα
618 2868 918 2939 ἐξαίρετον,
962 2866 1326 2931 ἀποδέξασθαι
1357 2866 1427 2921 τὰ
1467 2868 1674 2934 δίκαια,
1704 2868 1801 2941 τὴν
1832 2871 1927 2941 ὀρ-

346 2955 569 3025 θότητα·
609 2954 704 3007 καὶ
741 2952 841 3005 οὐκ
866 2950 933 3005 ἂν
963 2950 1254 3020 ἀνάσχοιτο
1278 2951 1359 3014 εἰς
1386 2950 1540 3015 τέλος
1568 2951 1677 3007 τῶν
1721 2952 1925 3025 έτέρως

345 3038 659 3108 γινομένων.

410 3122 513 3174 Διά
572 3120 638 3189 δὴ
694 3117 851 3172 τοῦτο
909 3116 1212 3190 ἀρχόμενος
1266 3116 1360 3171 τοῦ
1425 3117 1642 3190 ψαλμοῦ
1707 3118 1920 3189 ἔλεγεν·

356 3205 478 3257 Ἐπί
535 3202 617 3268 τῷ
670 3202 864 3269 Κυρίῳ
903 3193 1186 3255 πέποὶθα-
1236 3200 1362 3267 πῶς
1411 3201 1596 3270 ἐρεῖτε
1637 3201 1713 3272 τῇ
1752 3203 1926 3274 ψυχῇ

347 3303 484 3358 μου³
528 3284 992 3340 Μετανάστεύου
1026 3282 1125 3337 ἐπὶ
1169 3283 1243 3337 τὰ
1289 3283 1394 3353 ὅρη
1445 3285 1526 3351 ὡς
1569 3287 1890 3355 στρουθίον
1905 3304 1925 3351 ;

348 3373 406 3423 υἱ
456 3370 555 3441 μὲν
605 3369 716 3441 γάρ
774 3369 832 3422 ὲν
873 3370 989 3430 τοῖς
1035 3367 1308 3438 βιωτικοῖς
1359 3367 1714 3438 πεποιθότες,
1772 3369 1924 3423 ούδέν

349 3453 565 3523 ἄμεινον
637 3451 729 3505 τοῦ
783 3449 1065 3523 στρουθίου
1119 3449 1455 3516 διάκεινται,
1509 3451 1537 3504 ὃ
1595 3453 1660 3524 τῇ
1720 3452 1925 3525 ἐρημίᾳ

351 3535 605 3608 θαρροῦν,
640 3535 963 3606 εὐχείρωτον
1002 3533 1173 3587 ἀπασι
1203 3533 1435 3602 γίνεται.
1469 3533 1725 3599 Τοιοῦτος
1757 3536 1785 3587 6
1831 3537 1924 3588 ἐπὶ

350 3624 622 3693 χρήμασιν
670 3619 924 3684 ἐλπίζων.
973 3618 1240 3689 Καθάπερ
1284 3619 1618 3690 όηστρουθὸς
1673 3620 1768 3673 καὶ
1820 3619 1924 3674 ὑπὸ

350 3706 575 3758 παιδίων
607 3703 911 3769 ἁλίσκεται,
954 3701 1048 3756 καὶ
1080 3700 1212 3768 ἰξοῦ,
1258 3702 1353 3756 ml
1388 3702 1637 3771 παγίδος,
1681 3702 1777 3755 ml
1818 3720 1923 3773 μυ·

353 3789 485 3859 ρίοις
519 3787 722 3858 ἑτέροις
742 3801 756 3814 ⁸
786 3783 928 3838 οῦτω
956 3786 1051 3838 ml
1074 3786 1102 3838 6
1130 3784 1396 3849 πλουτῶν,
1427 3786 1521 3839 καὶ
1546 3785 1652 3838 ὑπὸ
1684 3785 1920 3853 οἰκείων,

351 3873 440 3925 καὶ
473 3869 581 3924 ὑπὸ
621 3868 923 3939 πολεμίων·
974 3867 1069 3921 καὶ
1108 3869 1315 3921 ἐκείνου
1361 3867 1515 3941 [117]
1561 3868 1761 3939 μᾶλλον
1804 3871 1925 3922 ἐπι-

353 3953 718 4023 σφαλέστερον
751 3952 838 4023 ζῇ,
883 3950 1108 4014 πολλοὺς
1151 3950 1288 4021 ἔχων
1320 3952 1448 4015 τοὺς
1498 3951 1794 4016 ἰξεύοντας,
1829 3955 1925 4007 ml

354 4039 457 4109 πρὸ
484 4035 705 4089 ἐκείνων
731 4034 781 4098 ι’,
816 4033 1057 4105 πονηρὰς
1086 4034 1384 4106 ἐπιθυμίας
1402 4051 1415 4065 ⁸
1455 4036 1551 4089 καὶ
1581 4037 1925 4108 μετανάστης

357 4122 524 4183 ἐστὶν,
565 4121 653 4173 ἀεὶ
693 4117 830 4189 μετά
855 4116 964 4170 τῶν
998 4118 1204 4190 καιρῶν
1243 4119 1548 4189 ἱστάμενος,
1583 4120 1676 4172 καὶ
1716 4118 1926 4190 δημίων

355 4205 525 4277 ὀργὰς
552 4202 825 4267 δεδοικὼς,
866 4204 961 4257 ml
996 4202 1258 4273 βασιλέως
1305 4202 1494 4274 θυμὸν,
1543 4203 1639 4257 καὶ
1679 4203 1926 4259 κολάκων

356 4288 668 4353 ἐπιϐουλὰς,
698 4290 792 4341 καὶ
819 4287 989 4357 φίλων
1009 4286 1220 4350 δόλους
1253 4285 1347 4340 καὶ
1376 4287 1650 4357 πολεμίων
1678 4289 1929 4342 ἐπιστάνο

327 4391 480 4432 οτων,
542 4372 741 4444 μᾶλλον
787 4372 1004 4425 πάντων
1048 4372 1262 4443 τρέμει,
1314 4371 1407 4424 ml
1445 4371 1667 4442 εἰρήνης
1725 4371 1924 4441 οὔσης,

356 4459 624 4529 ὑφορᾶται
659 4458 784 4520 τοὺς
810 4455 1128 4518 ἐπιϐούλους
1147 4473 1161 4487 ·
1186 4456 1247 4508 οὐ
1277 4455 1386 4526 γὰρ
1420 4454 1533 4525 ἔχει
1563 4456 1793 4509 πλοῦτον
1832 4457 1928 4526 μό-

354 4560 510 4613 νιμον
560 4542 655 4596 καὶ
698 4540 1078 4611 ἀναφαίρετον.
1106 4538 1205 4591 Διά
1239 4538 1396 4591 τοῦτο
1443 4538 1530 4592 ἀεὶ
1576 4539 1798 4592 πέτεται
1835 4541 1928 4593 ml

358 4627 766 4697 μετανίσταται,
797 4625 894 4687 τὰς
926 4624 1166 4695 ἐρήμους
1204 4621 1412 4675 διώκων
1459 4622 1554 4675 ml
1592 4621 1662 4675 τὰ
1707 4622 1830 4694 ὅρη,
1870 4625 1928 4676 ἐν

357 4711 668 4781 σκοτομήνῃ
696 4709 913 4777 διάγων,
959 4708 1055 4761 καὶ
1090 4706 1234 4776 παχὺ
1274 4706 1463 4768 σκότος
1504 4707 1564 4758 ἐν
1611 4708 1929 4778 μεσημϐρίᾳ

357 4797 501 4870 μέσῃ
531 4796 691 4866 ἔχων,
723 4794 815 4848 καὶ
846 4793 1028 4856 δόλους
1066 4793 1306 4862 βάπτων.
1347 4790 1485 4843 Ἀλλ’
1521 4791 1621 4861 οὐχ
1665 4792 1694 4844 6
1724 4791 1930 4853 δίκαιος

351 4879 614 4942 τοιοῦτος.
651 4881 718 4933 Δί
752 4878 858 4948 γὰρ
897 4876 1018 4930 τῶν
1057 4875 1302 4929 δικαίων
1346 4873 1472 4929 ὁδοί
1514 4875 1730 4944 ὁμοίως
1780 4875 1928 4943 φωτί

354 4963 726 5033 λάμπουσιν.
756 4961 892 5015 Οὔτε
934 4959 1044 5033 γὰρ
1072 4958 1440 5013 ἐπιϐουλεύειν
1472 4957 1774 5029 αἱροῦνται,
1806 4957 1930 5012 οὔτε

353 5050 583 5113 ἀδικεῖν,
620 5048 732 5102 ἀλλ’
755 5047 1045 5118 ἀνειμένην
1077 5044 1253 5116 ψυχὴν
1297 5042 1527 5113 ἐχουσιν.
1557 5038 1716 5097 Οὗτοι
1749 5042 1806 5096 δὲ
1846 5043 1932 5096 ἀεὶ

353 5136 542 5199 δόλους
560 5134 876 5206 βάπτοντες,
907 5132 995 5184 ἀεὶ
1027 5131 1085 5183 ἐν
1115 5129 1291 5200 σκότῳ
1320 5129 1415 5180 καὶ
1435 5125 1586 5197 φόϐῳ
1612 5126 1738 5191 εἰσὶ,
1762 5124 1932 5179 καθά-

355 5238 463 5290 περ
501 5222 550 5273 οἰ
586 5218 801 5291 λῃσταὶ,
845 5216 939 5270 καὶ
983 5215 1031 5268 οἱ
1099 5211 1436 5285 τοιχωρύχοι,
1480 5211 1574 5265 καὶ
1618 5212 1664 5263 οί
1714 5209 1927 5281 μοιχοί·

355 5307 451 5359 καὶ
484 5306 543 5357 ἐν
581 5302 763 5374 ἡμέρᾳ
796 5299 985 5365 σκότος
1031 5297 1221 5369 ὁρῶσι,
1268 5297 1368 5366 τῆς
1400 5295 1580 5367 ψυχῆς
1608 5295 1787 5349 αὐτῶν
1829 5295 1934 5348 ὑπὸ

353 5390 510 5453 δέους
570 5385 925 5458 βαλλομένης.
975 5382 1100 5445 Πῶς
1158 5375 1250 5435 οῦν
1300 5380 1367 5435 ἂν
1412 5379 1824 5450 διασκεδασθείη
1873 5379 1934 5432 τὺ

359 5473 554 5534 σκότος
580 5468 770 5534 τοῦτο;
805 5469 870 5522 Εἰ
902 5467 1117 5520 πάντων
1139 5464 1341 5518 τούτων
1367 5462 1561 5517 ἐαυτὸν
1593 5463 1932 5534 ἀποστήσας,

358 5553 795 5629 ἐκκρεμασθείης
834 5553 938 5623 τῆς
969 5549 1183 5613 ἐλπίδος
1227 5548 1319 5602 τοῦ
1353 5547 1510 5614 Θεοῦ,
1538 5547 1639 5602 κᾶν
1677 5545 1936 5619 μυριάκις

413 5712 447 5777 ξ
469 5707 527 5754 lu
551 5706 643 5776 [hac
683 5705 902 5777 legique
946 5701 1205 5766 πρόσωπον
1244 5703 1401 5752 αὐτῶν
1439 5715 1527 5765 pro
1561 5700 1819 5766 πρόσωπον
1849 5701 1937 5751 αὖ-

357 5767 444 5819 τοῦ
465 5767 676 5829 positum
703 5767 935 5839 videtur.’

417 5829 446 5871 δ
468 5829 605 5881 COIb.
630 5830 709 5878 καὶ
723 5828 819 5877 ὑπὸ
836 5828 1048 5875 ἐκεινων.

1501 369 1866 426 ΕΧΡΟὸΙΤΙΟ
1918 369 1984 423 ΙΝ
2026 369 2353 429 PSALMUM
2390 378 2480 431 XI.

3524 384 3625 438 “5

2046 482 2368 555 ἁμαρτωλὸς
2392 483 2479 561 ᾖς.
2515 489 2877 558 Ἑμᾶἰέψατε
2903 489 3033 562 γάρ,
3054 492 3235 562 φησὶν,
3258 497 3346 558 εἰς
3373 494 3628 562 ἀρχαίας

2043 575 2273 642 γενεὰς,
2306 580 2403 631 καὶ
2455 578 2631 643 ἴδετε,
2674 582 2767 646 τίς
2798 581 3064 650 ἤλπισεν
3108 584 3203 638 ἐπὶ
3259 586 3499 653 Κύριον,
3527 586 3626 640 καί

2040 667 2467 734 κατῃσχύνθη;
2502 669 2614 722 Ούκ
2652 666 2796 733 εἷπε,
2844 672 3090 736 Δίκαιος,
3138 674 3304 738 ἀλλὰ,
3347 677 3473 740 Τίς;
3507 675 3626 731 Κᾶν

2039 756 2384 827 ἁμαρτωλὸς,
2430 760 2583 830 φησί.
2629 760 2702 814 Τὸ
2735 764 2844 834 γάρ
2896 763 3211 836 θαυμαστὸν
3243 765 3400 820 τοῦτό
3450 769 3621 829 ἐστιν.

2040 846 2122 898 ὅτι
2158 848 2251 901 καὶ
2294 849 2612 920 ἁμαρτωλοὶ
2650 852 2855 923 ταύτης
2902 856 3151 925 ἐχόμενοι
3196 857 3297 927 τῆς
3343 859 3625 932 ἀγκύρας,

2038 938 2205 992 πᾶσίν
2254 942 2393 995 εἰσιν
2439 942 2751 1015 ἀχείρωτοι.
2796 945 2966 1000 Τοῦτο
3011 947 3120 1018 γὰρ
3168 949 3404 1019 μάλιστα
3440 951 3624 1005 διαθέ-

2040 1046 2178 1094 σεως
2228 1033 2327 1102 τῆς
2373 1033 2512 1103 πρὸς
2564 1036 2656 1088 τὸν
2707 1036 2859 1103 Θεὸν,
2909 1038 3037 1092 ὅταν
3110 1039 3379 1104 τοσούτοις
3437 1046 3626 1107 κακοῖς

2039 1120 2414 1193 βεϐαρημένος
2486 1124 2769 1201 θαρῤήσῃς
2836 1128 3004 1182 αὐτοῦ
3077 1132 3143 1201 τῇ
3218 1131 3619 1205 φιλανθρωπίᾳ.

2041 1214 2248 1287 Ὥσπερ
2276 1215 2384 1287 γὰρ
2418 1217 2819 1291 ἐπικατάρατος
2847 1222 2875 1273 6
2920 1220 3155 1285 ἐλπίζων
3185 1223 3276 1275 ἐπὶ
3309 1224 3619 1295 ἄνθρωπον,

2035 1303 2178 1358 οὕτω
2225 1307 2495 1379 μακάριος
2527 1309 2555 1360 6
2584 1308 2819 1374 ἐλπίζων
2864 1311 2958 1363 ἐπὶ
2991 1310 3140 1366 Θεόν.
3190 1313 3414 1366 Πάντων
3442 1314 3621 1366 τοίνυν

2032 1395 2350 1468 ἀποστήσας
2394 1399 2611 1463 σαυτὸν,
2657 1400 2864 1471 ταύτης
2906 1400 3031 1472 ἔχου
3064 1404 3163 1473 τῆς
3209 1401 3480 1474 ἀγκύρας.
3513 1405 3623 1456 Καὶ

2032 1484 2143 1557 γὰρ
2181 1487 2355 1559 ἐφορᾷ
2384 1488 2565 1542 πάντα
2597 1477 2625 1543 ό
2664 1490 2816 1555 Θεὸς,
2848 1492 2942 1545 καὶ
2970 1493 3145 1563 κρίνει
3182 1493 3253 1546 τὰ
3283 1492 3485 1561 δίκαια,
3523 1498 3619 1549 καὶ

2031 1577 2091 1629 οὐ
2136 1578 2312 1649 κρίνει
2366 1579 2550 1650 μόνον,
2614 1580 2751 1635 ἀλλὰ
2796 1584 2890 1635 καὶ
2939 1584 3017 1647 είς
3067 1583 3227 1656 ἔργον
3267 1584 3471 1654 ἐξάγει.
3523 1588 3622 1640 Δια

2029 1668 2187 1722 τοῦτο
2216 1670 2385 1723 εἰπὼν
2414 1672 2580 1725 αὑτοῦ
2626 1675 2753 1745 περὶ
2778 1674 2878 1744 τῆς
2911 1675 3279 1747 δικαιοσύνης,
3321 1676 3490 1741 ἔδειξε
3528 1681 3622 1731 καὶ

2028 1759 2127 1831 τὴν
2176 1761 2472 1831 τιμωρίαν,
2508 1761 2597 1816 διὰ
2630 1764 2724 1816 τοῦ
2764 1764 2957 1836 πυρὸς,
3003 1766 3091 1819 διὰ
3116 1767 3228 1837 τῆς
3274 1768 3618 1836 καταιγίδοςο

2029 1853 2123 1906 καὶ
2153 1852 2311 1906 τοῦτο
2347 1854 2406 1907 δὲ
2436 1858 2599 1920 ποιεῖ,
2650 1855 2946 1927 κηδόμενος
2980 1858 3224 1923 ἐκείνων,
3263 1861 3356 1912 καὶ
3386 1859 3476 1912 διὰ
3522 1863 3621 1930 τῆς

2028 1942 2303 2005 κολάσεως
2347 1946 2820 2018 σωφρονεστέρους
2866 1947 3053 2002 ποιῶν.
3104 1950 3325 2003 Πάντων
3363 1946 3455 2004 οῦν
3494 1950 3618 2004 Eve—

2031 2050 2125 2088 κεν
2159 2037 2472 2107 προσίωμεν
2507 2037 2679 2109 αὐτῷ,
2737 2039 2833 2092 καὶ
2870 2040 3132 2111 διηνεκῶς
3179 2042 3432 2114 μένωμεν
3479 2044 3619 2113 πρὸς

2029 2127 2190 2180 αὑτὸν
2224 2128 2477 2198 ὁρῶντες.
2506 2128 2663 2183 Οὕτω
2703 2130 2813 2202 γὰρ
2841 2132 2936 2185 καὶ
2970 2132 3187 2185 πάντων
3216 2133 3617 2203 ἐπιτευξόμεοα

2030 2220 2138 2273 τῶν
2171 2220 2389 2287 ἀγαθῶν
2437 2223 2495 2274 ἐν
2528 2222 2750 2293 Χριστῷ
2786 2224 2961 2293 Ἰησοῦ
3001 2224 3079 2295 τῷ
3113 2226 3302 2296 Κυρίῳ
3357 2226 3535 2297 ἡμῶν,
3576 2220 3619 2293 ᾧ

2029 2313 2063 2384 ἡ
2091 2312 2216 2379 δόξα
2243 2315 2324 2377 εἰς
2350 2314 2476 2378 τοὺς
2510 2314 2716 2379 αἰῶνας
2742 2315 2852 2370 τῶν
2886 2315 3116 2371 αἰώνων.
3158 2317 3351 2389 Ἀμήν.

2338 2448 2448 2501 ΕιΣ
2486 2449 2624 2503 TON
2663 2450 2745 2502 IA'
2783 2448 3083 2503 ΨΛΛΜΟΝ
3125 2448 3297 2521 [118].

2026 2564 2132 2627 Εἰς
2183 2563 2249 2616 τὸ
2287 2562 2462 2634 τέλος
2500 2563 2652 2630 ὑπὲρ
2691 2563 2801 2630 τῆς
2852 2563 3089 2634 ὀγδόης.
3124 2560 3334 2634 Ἅλλος,
3410 2560 3494 2626 Τῷ
3533 2580 3619 2614 νι-

2096 2632 2318 2698 κοετοιῷ
2346 2634 2498 2702 ὑπὲρ
2536 2634 2644 2702 τῆς
2678 2632 2903 2703 ὀγδόης
2951 2635 3011 2686 '0
3048 2634 3106 2686 δὲ
3138 2633 3389 2703 Ἑϐραῖος
3410 2674 3425 2699 ,
3464 2635 3618 2685 Ἀσε-

2089 2704 2274 2774 μινίθ,
2314 2705 2466 2774 φητί.

2021 2845 2237 2923 Σῶονόν
2248 2864 2343 2915 με,
2365 2846 2559 2923 Κύριε,
2584 2844 2669 2898 ὅτι
2694 2843 3261 2923 έκλέλριπεγηὸσιςς,
3286 2843 3382 2923 ότι
3394 2842 3615 2923 ὠτιιγώ-

2097 2912 2298 2984 θησάν
2316 2920 2375 2970 al
2399 2912 2669 2981 ἀᾷίήθειαι
2695 2915 2811 2967 ἀπὸ
2834 2914 2950 2967 τῶν
2972 2914 3118 2968 υἱῶν
3139 2912 3255 2984 τῶν
3270 2912 3613 2984 ἀνθρῴπων.

2100 2982 2314 3050 ιἌλλος,
2338 2988 2459 3039 Ὅτι
2489 2985 2949 3054 ὲπεράνϐησανε
2973 2982 3174 3036 πιστοὶ
3197 2982 3315 3036 ἀπὸ
3344 2982 3491 3036 υἱῶν
3513 2982 3617 3035 ἀν-

2097 3056 2367 3125 θρώπων.
2386 3084 2393 3085 ί

2094 3189 2165 3239 α’.
2180 3180 2445 3235 Δύσκολον
2472 3182 2569 3253 μὲν
2592 3178 2780 3252 ἀρετὴ,
2800 3180 2893 3234 καί
2912 3179 3355 3250 δυσκατόρθωτον
3377 3181 3469 3234 ml
3493 3180 3618 3234 καθ’

2027 3273 2212 3338 ἑαυτὸ,
2249 3272 2483 3343 μάλιστα
2517 3273 2594 3337 δὲ,
2635 3273 2763 3325 ὅταν
2793 3273 2850 3324 ἐν
2882 3273 3075 3326 σπάνει
3110 3273 3218 3325 τῶν
3255 3273 3475 3341 ἀγαθῶν
3518 3275 3615 3328 ἀν-

2025 3362 2166 3435 δρῶν
2189 3362 2219 3415 6
2244 3362 2611 3433 ἐργαζόμενος
2726 3362 2994 3432 Καθάπερ
3028 3362 3136 3434 γὰρ
3170 3363 3326 3435 φέρει
3359 3364 3456 3434 μὲν
3486 3363 3615 3417 ὁδοι-

2026 3456 2191 3526 πορία
2219 3455 2400 3517 πόνον,
2430 3454 2609 3524 πολλῷ
2641 3454 2697 3506 δὲ
2738 3453 2897 3508 πλέον
2919 3454 3047 3508 ὅταν
3083 3454 3245 3525 μόνος
3269 3457 3297 3508 6
3333 3456 3618 3528 όδοιπόρος

2023 3543 2079 3622 ᾖ,
2111 3548 2206 3600 καὶ
2246 3547 2449 3619 μηδένα
2489 3546 2579 3600 τὸν
2611 3544 2972 3600 κοινωνοῦντα
3015 3546 3114 3617 τῆς
3139 3547 3447 3618 ὁδοιπορίας
3484 3547 3613 3618 ἔχῃο

2024 3638 2167 3691 οὕτω
2194 3639 2258 3710 δὴ
2290 3638 2385 3692 ml
2413 3637 2667 3691 ἐνταῦθα.
2697 3636 2830 3689 Ούδέ
2863 3636 2970 3707 γὰρ
3003 3636 3199 3706 μικρὸν
3229 3636 3474 3706 ἀδελφῶν
3503 3655 3612 3689 κοι-

2024 3731 2189 3783 νωνία
2221 3730 2314 3784 ml
2348 3730 2710 3801 παράκλησις.
2739 3729 2830 3781 Διό
2864 3731 2959 3782 καὶ
2992 3728 3204 3791 Παῦλός
3233 3745 3398 3799 φησι·
3429 3732 3618 3782 Κατα-

2024 3822 2309 3887 νοοῦντες
2354 3820 2605 3885 ἑαυτοὺς
2643 3822 2731 3885 είς
2782 3819 3185 3887 παροξυσμὸν
3232 3817 3470 3887 ἀγάπης
3518 3816 3617 3871 καί

2026 3909 2232 3963 καλῶν
2264 3909 2472 3978 ἔργων.
2510 3909 2609 3961 Διὰ
2635 3907 2699 3979 δὴ
2731 3906 2892 3960 τοῦτο
2929 3907 3162 3977 μάλιστα
3191 3908 3319 3970 τοὺς
3355 3907 3619 3968 παλαιοὺς

2030 3999 2351 4070 μακαρίζειν
2381 4000 2549 4064 ἄξιον,
2583 4000 2680 4069 ούχ
2727 4001 2808 4053 ὅτι
2842 3997 3214 4070 κατώρθωσαν
3245 3998 3467 4070 ἀρετὴν,
3501 3999 3616 4053 ἀλλ’

2025 4094 2106 4147 ὅτι
2140 4094 2233 4146 καὶ
2280 4091 2493 4164 αὐχμοῦ
2531 4091 2728 4145 πολλοῦ
2760 4092 2859 4161 τῆς
2910 4092 3113 4162 ἀρετῆς
3159 4091 3334 4156 ὄντος,
3368 4092 3462 4144 καὶ
3507 4090 3618 4144 τῶν

2027 4184 2434 4256 κατορθούντων
2473 4183 2708 4255 οὐδαμοῦ
2740 4184 3102 4254 φαινομένων.
3145 4182 3315 4237 Τοῦτο
3348 4182 3479 4252 γοῦν
3519 4183 3616 4237 ml

2029 4279 2062 4349 ἡ
2097 4276 2287 4348 Γραφὴ
2325 4275 2669 4346 αἰνιττομένη
2695 4274 2847 4344 ἔλεγε
2868 4292 2883 4305 ·
2915 4274 3044 4329 Νῶε
3088 4274 3340 4341 δίκαιος,
3384 4274 3617 4341 τέλειος

2027 4370 2097 4423 ἐν
2124 4368 2199 4438 τῇ
2226 4366 2401 4439 γενεᾷ
2435 4367 2641 4422 αὑτοῦ.
2670 4367 2771 4421 Διὰ
2798 4367 2960 4420 τοῦτο
2992 4367 3084 4420 τὸν
3119 4366 3371 4438 ’Λϐραὰμ
3404 4366 3619 4436 θαυμά-

2029 4460 2214 4532 ζομεν,
2256 4459 2344 4514 διὰ
2378 4459 2534 4513 τοῦτο
2578 4459 2669 4512 τὸν
2712 4458 2855 4522 Λὼτ,
2901 4459 2991 4512 διὰ
3020 4458 3182 4511 τοῦτο
3219 4459 3311 4510 τὸν
3342 4459 3614 4522 Μωῦσέα,

2028 4554 2109 4607 ὅτι
2140 4553 2387 4623 καθάπερ
2414 4553 2472 4604 ἐν
2509 4550 2702 4621 βαθείᾳ
2724 4550 2880 4602 νυκτὶ
2914 4549 3145 4619 ἀστέρες
3178 4548 3483 4617 ἐφαίνοντο,
3520 4548 3619 4602 καὶ⁵

2033 4645 2237 4717 μεταξὺ
2282 4644 2391 4697 τῶν
2444 4642 2695 4696 ἀκανθῶν
2741 4642 2888 4711 ῥόδα.
2940 4644 3035 4696 ml
3086 4643 3145 4695 ἐν
3181 4642 3395 4714 μυρίοις
3433 4640 3619 4705 λύκοις

2030 4736 2310 4809 πρόϐατα,
2358 4735 2457 4806 τὴν
2500 4734 2750 4788 ἐναντίαν
2803 4734 2973 4786 πᾶσιν
3016 4732 3291 4797 ὁδεύοντες
3336 4733 3475 4799 όδὺν,
3522 4734 3618 4788 ml

2035 4830 2110 4901 μὴ
2148 4826 2585 4898 διακοπτόμενοι.
2619 4827 2683 4880 Εἰ
2726 4825 2832 4897 γὰρ
2875 4828 2967 4880 ἐπὶ
3005 4826 3244 4891 πλήθους
3285 4825 3417 4879 αὐτὸ
3459 4826 3617 4880 τοῦτο

2030 4920 2312 4974 δυσκολίαν
2343 4919 2517 4990 φέρει,
2559 4918 2655 4972 ml
2695 4917 2906 4971 πολλῶν
2935 4918 3033 4989 τὴν
3081 4917 3328 4970 ἐναντίαν
3359 4914 3617 4985 ποιουμέ-

2030 5030 2160 5076 νων,
2182 5014 2210 5065 6
2250 5011 2408 5082 μόνος
2433 5008 2761 5074 ἀπεναντίας
2791 5009 2883 5063 τοῦ
2912 5008 3151 5080 πλήθους
3188 5007 3417 5077 βαδίζων
3449 5004 3618 5059 πολλά

2033 5105 2291 5175 ὑπομένει
2326 5103 2649 5175 πράγματα,
2682 5104 2775 5157 καὶ
2807 5103 2856 5155 εἰ
2896 5105 2953 5156 ἐν
2997 5102 3244 5173 ναυτιλίᾳ
3271 5100 3329 5153 δέ
3360 5098 3615 5169 χαλεπὸν,

2031 5193 2125 5249 τοῦ
2166 5195 2347 5266 ροθίου
2386 5195 2485 5265 τὴν
2524 5194 2776 5247 ἐναντίαν
2805 5191 3126 5262 φερομένου,
3155 5190 3291 5261 πρὸς
3329 5189 3428 5260 τὴν
3462 5189 3615 5241 ἐναν-

2031 5290 2153 5343 τίαν
2183 5289 2244 5342 τὸ
2291 5289 2474 5342 πλοῖον
2512 5287 2744 5342 ἰθύνειν
2780 5284 2961 5355 πολλῷ
2997 5283 3195 5353 μᾶλλον
3228 5282 3320 5335 ἐπὶ
3357 5281 3456 5352 τῆς
3487 5282 3617 5353 ἀρε-

2032 5381 2154 5452 τῆς.
2183 5379 2280 5434 Διά
2318 5378 2382 5450 δὴ
2408 5379 2567 5432 τοῦτο
2594 5379 2687 5432 ml
2721 5381 2749 5431 6
2781 5376 2987 5439 δίκαιος
3011 5366 3186 5438 οὗτος,
3225 5374 3321 5426 ἆτε
3356 5371 3420 5444 δὴ
3458 5370 3618 5443 μόνος

2035 5473 2207 5543 αὐτῆς
2240 5469 2663 5541 ἐπειλημμένος,
2704 5467 2922 5522 πάντων
2954 5466 3051 5535 τὴν
3089 5463 3338 5517 ἐναντίαν
3372 5463 3616 5534 βαδιζόν-

2100 5624 2253 5674 εΗωο
2287 5622 2638 5683 interpretatio
2671 5622 2747 5668 est
2782 5616 2989 5683 Aquilae.
3018 5620 3074 5666 ul
3090 5617 3258 5683 yideas
3294 5615 3345 5664 in
3377 5613 3621 5683 ﬂqxaplis

2036 5687 2230 5737 nostris.
2248 5674 2624 5741 Ἐπεράνθησαν,
2660 5674 2900 5731 ιενιηὶηὰιὶ
2944 5683 3080 5737 sunt,
3105 5678 3316 5741 ch_esl_,
3354 5674 3617 5734 desierunt,

2036 5748 2330 5812 defecerunt.
2360 5737 2814 5794 Nam'hic'sensus
2843 5747 2921 5812 es!
2962 5744 3098 5789 vocis
3132 5737 3383 5790 Hebraicae
3414 5746 3534 5798 '05,
3567 5747 3621 5786 et

2042 5809 2362 5883 Symmachus
2385 5815 2535 5865 venit
2558 5814 2806 5873 ἐξέλειπον,
2827 5809 3118 5874 defecerunt.
