4030 6388
541 289 647 345 “5

536 422 669 470 των,
700 405 793 460 ἐπὶ
825 405 923 476 τὴν
945 404 1037 459 τοῦ
1067 405 1201 459 Θεοῦ
1236 404 1490 478 πρόνοιαν
1524 407 1880 477 καταφεύγει,
1911 407 2111 476 λέγων’

538 488 751 544 Σῶσόν
771 506 868 559 με,
901 490 1093 557 Κύριε.
1121 488 1285 542 Οὐδὲν
1312 484 1405 542 οὖν
1437 489 1585 553 άλλό,
1613 490 1648 561 ἢ
1679 490 1836 543 τοῦτο
1864 488 2116 543 ἐντεῦθεν

538 574 714 643 δηλοῑο
745 575 857 643 Τῆς
889 573 1093 627 ἄνωθέν
1130 591 1219 644 μοι
1251 576 1412 646 χρεία
1442 575 1641 647 χειρὸς,
1674 575 1775 646 τῆς
1809 576 1981 647 ῥοπῆς
2016 576 2118 644 τῆς

537 656 604 709 ἐκ
644 657 753 710 τῶν
792 656 1066 727 οὐρανῶν,
1108 656 1210 727 τῆς
1257 658 1571 729 συμμαχίας
1603 658 1836 730 ἐκείνης.
1866 660 1978 731 Τὴν
2010 658 2118 729 γάρ

537 740 783 793 ἐναντίαν
814 741 976 793 πᾶσιν
1002 738 1199 793 ὁδεύων
1227 740 1369 806 ὁδὸν,
1401 740 1605 812 πολλῆς
1636 741 1825 811 δέομαι
1850 742 1952 812 τῆς
1986 759 2119 812 προ-

536 822 703 884 νοίας.
732 824 840 876 Καὶ
860 824 956 875 οὐκ
989 818 1131 885 εἶπε,
1161 821 1345 875 Σῶσόν
1383 840 1471 893 με,
1496 824 1578 877 ὅτι
1607 824 1668 877 οὐ
1702 825 1923 893 γέγονεν
1946 826 2115 888 ὅσιος,

535 904 671 971 ἀλλ’,
718 905 837 958 Ὅτι
886 904 1244 959 ἐκλέλοιπεν
1292 905 1493 974 ὅσιος,
1540 907 1754 972 δεικνὺς
1795 910 1877 962 ὅτι
1925 910 2021 963 καὶ
2068 910 2119 963 οἱ

534 988 685 1053 ὄντες
727 988 1031 1054 ἀπώλοντο,
1073 988 1260 1060 ἐπειδὴ
1309 990 1683 1063 ἐπεκράτησεν
1718 993 1751 1062 ή
1783 993 1974 1056 κακία,
2024 993 2120 1046 καὶ

536 1073 884 1143 περιεγένετο
917 1075 950 1144 ή
983 1074 1158 1135 νόσος.
1189 1073 1359 1127 Τοῦτο
1387 1076 1481 1129 καὶ
1514 1075 1724 1140 Παῦλος
1764 1076 2011 1145 φοϐεῖται
2040 1077 2121 1130 λέ-

534 1172 675 1223 γωνο
708 1159 831 1211 Οὐκ
866 1157 1069 1211 οἴδατε
1099 1158 1188 1212 ὅτι
1211 1159 1396 1226 μικρὰ
1424 1158 1570 1229 ζύμη
1598 1159 1745 1214 ὅλον
1776 1162 1841 1214 τὸ
1879 1163 2121 1231 φύραμα

534 1238 730 1307 ζυμοῖ;
764 1240 876 1293 Καὶ
910 1241 1104 1294 πάλιν·
1151 1240 1509 1308 Φθείρουσιν
1549 1240 1665 1311 ἤθη
1710 1244 1949 1312 χρηστὰ
1990 1248 2120 1315 ὀμι-

510 1321 659 1394 ςλιάι
706 1323 906 1375 κακαί.
950 1322 1015 1376 Τί
1056 1323 1224 1385 ἐστιν,
1267 1322 1679 1393 Ὠλιγώθησαν
1709 1328 1768 1381 αἱ
1815 1326 2120 1393 ἀλήθειαι;

509 1401 732 1457 ’Πολλαί
760 1405 895 1457 εἰσιν
919 1406 972 1459 at
1013 1404 1282 1476 ἀλήθειαι.
1320 1406 1589 1478 Καθάπερ
1627 1406 1720 1460 ἐπὶ
1755 1406 1863 1463 τῶν
1898 1410 2120 1479 χρωμά-

534 1502 662 1549 των,
703 1487 797 1539 καὶ
837 1486 946 1540 τῶν
982 1487 1156 1542 ἀλλων
1195 1488 1374 1552 εἰδῶν,
1406 1488 1474 1541 τά
1507 1488 1605 1558 μέν
1644 1491 1791 1543 ἐστιν
1819 1490 2015 1562 ἀληθῆ,
2050 1491 2120 1545 τά

533 1568 592 1619 δὲ
620 1568 809 1640 ψευδῆ,
840 1571 932 1623 καὶ
960 1570 1075 1625 ἔστι
1116 1572 1371 1643 πορφύρα
1414 1571 1561 1645 [H9]
1594 1572 1819 1643 ἀληθὴς,
1857 1575 1951 1627 καὶ
1986 1592 2122 1646 πορ-

536 1649 682 1721 φύρα
708 1651 927 1723 ψευδὴς,
955 1654 1049 1707 καὶ
1081 1654 1175 1707 ἐπὶ
1202 1656 1399 1726 κρόκου
1425 1668 1476 1721 ι,
1514 1656 1610 1708 καὶ
1647 1658 1740 1709 ἐπὶ
1782 1658 1891 1711 τῶν
1932 1657 2115 1721 λίθων,

535 1733 630 1785 καὶ
657 1735 749 1786 ἐπὶ
778 1735 1101 1806 ἀρωμάτων,
1152 1737 1244 1790 καὶ
1279 1738 1372 1791 ἐπὶ
1415 1738 1615 1808 ἐτέρων
1655 1738 1939 1793 τοιούτωνο
1976 1739 2121 1793 οὕτω

532 1815 598 1886 δὴ
637 1818 732 1871 καὶ
768 1820 861 1872 ἐπὶ
891 1820 998 1874 τῶν
1032 1821 1262 1892 ἀρετῶν.
1304 1821 1557 1892 Ἀλήθεια
1600 1823 1709 1892 γὰρ
1738 1823 1798 1875 τὸ
1840 1822 2009 1888 ὄντως
2037 1822 2117 1888 ὃν,

531 1898 726 1967 ψεῦδος
763 1899 819 1953 δὲ
843 1901 903 1954 τὸ
930 1904 1004 1974 μὴ
1037 1904 1116 1958 6v.
1154 1905 1305 1957 Ἐπεὶ⁵
1329 1899 1421 1958 οὖν
1457 1905 1632 1958 ταῦτα
1660 1905 2116 1977 διέστραπτοεκαὶ

531 1982 845 2055 ήμαύρωτο,
871 1985 932 2037 οὐ
960 1986 1059 2056 τὴν
1087 1986 1385 2040 ὑπόστασιν
1419 1987 1763 2042 ἀπολέσαντα
1790 1988 1853 2054 ἐξ
1882 1989 2116 2055 ἐαυτῶν,

531 2063 646 2116 ἀλλ’
692 2065 797 2119 ύπό
852 2066 959 2120 τῶν
1008 2068 1312 2141 ἀνθρώπων
1350 2071 1789 2140 φυγαδευθέντα⁶
1827 2072 1916 2126 διὰ
1963 2072 2122 2126 τοῦτο

531 2147 631 2201 οὐκ
655 2143 776 2202 εἷπε
806 2150 985 2220 μόνον,
1014 2152 1096 2206 ὅτι
1133 2154 1542 2224 Ὡλιγώθησαν
1566 2158 1626 2210 al
1657 2155 1953 2227 ἀλήθειαι,
1977 2156 2118 2222 ἀλλ’,

544 2227 674 2283 Ἇπό
714 2230 834 2285 τῶν
876 2232 1024 2288 υίῶν
1058 2234 1177 2288 τῶν
1210 2236 1558 2305 ἀνθρώπων,
1591 2238 1922 2309 προσέθηκε,
1961 2238 2121 2292 τοῦτο

530 2313 665 2396 αὐτὸ
696 2313 930 2384 δηλῶσαι
976 2317 1316 2389 βουλόμενος.
1365 2322 1565 2376 Σκόπει
1603 2321 1682 2374 δέ’
1722 2324 1877 2377 Ἔστι
1917 2324 2119 2396 κόσμος

531 2395 767 2468 ἀληθής’
803 2397 919 2452 ἐστι
953 2402 1047 2454 καὶ
1076 2401 1298 2473 ψευδής.
1328 2404 1424 2468 Τίς
1456 2400 1549 2459 οὖν
1578 2406 1606 2457 6
1643 2405 1850 2476 ἀληθὴς
1878 2395 2117 2475 κόσμος;

543 2478 603 2531 Ὀ
634 2480 761 2550 περὶ
790 2481 985 2552 ψυχήν.
1015 2484 1110 2548 Τίς
1138 2485 1194 2537 δέ
1228 2485 1464 2558 ψευδής;
1502 2488 1565 2542 Ὀ
1598 2489 1725 2559 περὶ
1755 2489 1935 2561 σῶμα.
1963 2492 2118 2545 Ἔστι

534 2561 763 2646 πλοῦτος
788 2564 1013 2638 ἀληθής
1044 2566 1159 2621 ἐστι
1190 2569 1280 2621 καὶ
1307 2568 1529 2641 ψευδής.
1553 2572 1769 2643 Ψευδὴς
1790 2575 1818 2625 6
1840 2572 1950 2628 τῶν
1978 2592 2115 2646 χρη-

535 2643 742 2714 μάτων,
791 2647 997 2719 ἀληθὴς
1045 2651 1074 2703 6
1106 2649 1215 2704 τῶν
1265 2652 1725 2724 κατορθωμάτων.
1777 2643 2119 2711 Ἔστινηεύξ-

533 2728 856 2801 φροσύνη,ή
899 2732 999 2802 μὲν
1038 2733 1274 2805 ψευδὴς,
1311 2737 1345 2807 ή
1389 2736 1445 2789 δέ
1487 2737 1725 2809 ἀληθὴς,
1770 2741 1862 2792 καὶ
1907 2740 2115 2811 κάλλη,

532 2816 628 2868 καὶ
657 2815 982 2880 δυναστεῖαι,
1012 2817 1107 2870 καὶ
1141 2818 1311 2883 δόξαι.
1350 2820 1489 2873 Ἀλλ’
1530 2824 1578 2876 οἱ
1624 2823 1840 2887 πλείους
1868 2824 1977 2879 τῶν
2023 2826 2117 2879 ἀν-

532 2896 785 2980 θρώπων,
835 2898 934 2970 τὴν
984 2900 1245 2973 ἀλήθειαν
1282 2904 1486 2958 τούτων
1537 2906 1797 2976 ἀφέντες,
1831 2909 1900 2964 τὰ
1944 2909 2115 2980 ψευδῆ

528 2979 833 3063 διώκουσιν.
863 2983 1074 3056 Ὥσπερ
1111 2985 1219 3058 γάρ
1260 2985 1407 3042 ἔστιν
1440 2988 1727 3062 ἄνθρωπος
1750 2979 1977 3063 ἀληθὴς,
2022 2994 2119 3047 καὶ

528 3061 759 3147 ψευδής·
793 3065 997 3139 ἀληθὴς
1033 3067 1132 3139 μὲν
1160 3071 1188 3121 6
1222 3068 1330 3133 ζῶν
1375 3072 1469 3126 καὶ
1509 3061 1768 3144 ἐνεργῶν,
1808 3061 2018 3147 ψευδὴς
2056 3076 2116 3131 δὲ

524 3146 571 3231 6
594 3148 1007 3219 γεγραμμένος·
1038 3150 1181 3205 οὐτω
1216 3151 1280 3223 δὴ
1312 3154 1423 3208 ,καὶ⁸
1455 3156 1548 3210 ἐπὶ
1591 3156 1701 3211 τῶν
1730 3158 1939 3231 ἀρετῶν
1969 3146 2116 3215 ἐστιν

537 3229 686 3286 ἰδεῖν.

606 3312 672 3383 β’.
691 3313 925 3371 Μάταια
949 3314 1257 3384 ἐλάλησεν
1277 3309 1534 3388 ἕκαστος
1552 3321 1703 3390 πρὸς
1723 3322 1832 3378 τὸν
1849 3326 2118 3395 πλησίον

533 3398 739 3452 αὐτοῦ.
761 3401 940 3467 Χείλη
970 3399 1161 3464 δόλια,
1192 3402 1261 3455 ὲν
1286 3403 1497 3471 καρδίᾳ
1521 3406 1620 3458 καὶ
1648 3406 1719 3460 ἐν
1751 3408 1966 3477 καρδίᾳ
1987 3410 2118 3465 ἐλά-

533 3483 738 3547 λησαν
766 3481 941 3536 κακά.
975 3482 1168 3547 ’Ἄλλος
1204 3484 1388 3555 φησὶν,
1432 3486 1529 3541 Ἐν
1566 3488 1782 3558 καρδίᾳ
1809 3491 1970 3559 ἄλλῃ
2011 3486 2116 3547 καί

535 3562 696 3633 ἄλλῃ
744 3564 939 3619 λαλεῖ.
987 3565 1092 3619 Δύο
1139 3568 1339 3632 κακίας
1387 3568 1535 3639 λέγει
1590 3571 1845 3636 ἐνταῦθα,
1892 3577 1986 3630 καὶ
2035 3577 2117 3632 ὅτι

538 3648 740 3716 μάταια
785 3647 1071 3720 ἐλάλησαν,
1107 3651 1201 3704 καὶ
1242 3652 1323 3704 ὅτι
1377 3652 1514 3725 πρὸς
1553 3653 1647 3708 τὸν
1678 3654 1934 3727 πλησίοψ
1969 3658 2003 3728 ἢ
2047 3659 2116 3714 τά

532 3733 703 3804 ψευδῆ
761 3735 965 3806 μάταιά
1018 3754 1202 3806 φησιν,
1248 3737 1383 3810 ἢτὰ
1434 3739 1664 3811 περιττά
1719 3742 1813 3795 καὶ
1859 3743 2114 3815 ἀνόνητα.

534 3816 783 3871 Τοιοῦτόν
810 3835 862 3871 τι
887 3820 982 3873 καὶ
1006 3819 1036 3872 6
1066 3817 1277 3885 Παῦλός
1299 3838 1430 3892 φησι
1455 3821 1631 3892 λέγων
1651 3840 1664 3854 ·
1691 3827 1789 3894 Μὴ
1817 3827 2118 3894 ψεύδεσθε

531 3901 620 3979 εἰς
662 3899 996 3968 ἀλλήλους.
1041 3904 1152 3955 Καὶ
1178 3905 1240 3957 τὸ
1269 3903 1333 3973 δὴ
1380 3907 1778 3979 χαλεπώτερον,
1806 3911 1886 3964 ὅτι
1916 3912 2118 3977 πάντες

532 3976 672 4052 ἦσαν
719 3982 1119 4054 διεφθαρμένοι.
1165 3985 1256 4038 Διὸ
1288 3989 1388 4041 οὐκ
1437 3983 1610 4053 εἶπεν,
1653 3976 1711 4044 Ὀ
1749 3992 1922 4059 δεῖνα,
1960 3997 2053 4048 καὶ

534 4066 703 4132 δεῖνα,
748 4065 888 4129 ἀλλ’,
919 4066 1238 4134 Ἕκαστος.
1285 4070 1419 4123 Οὐδὲ
1450 4072 1561 4144 γὰρ
1580 4069 1648 4144 ἧν
1689 4075 1877 4140 ἁπλῶς
1924 4078 2117 4131 ἐπιπό-

534 4147 685 4211 λαιος
713 4151 746 4219 ἡ
778 4149 967 4213 κακία,
996 4149 1132 4202 ἀλλὰ
1167 4151 1432 4216 κάτωθεν,
1466 4156 1560 4208 καὶ
1590 4156 1699 4209 ἀπὸ
1732 4158 1979 4229 καρδίας.
2020 4162 2116 4214 Ἑν

536 4229 751 4298 καρδίᾳ
782 4231 880 4284 καί
904 4232 975 4284 ἐν
992 4233 1225 4300 καρδίᾳ,
1241 4234 1377 4308 ὅπερ
1402 4236 1589 4307 ἐτερος
1619 4239 1977 4313 ἑρμηνευτὴς,
2020 4244 2116 4297 Ἑν

536 4313 749 4400 καρδίᾳ
786 4313 944 4384 ἄλλῃ
979 4316 1077 4369 καὶ
1122 4315 1305 4385 ἄλλῃ,
1346 4314 1486 4384 εἷπε,
1530 4321 1796 4376 διδάσκων
1829 4324 1911 4378 ὅτι
1944 4325 2115 4400 πολλὴ

533 4398 720 4470 διπλόη
774 4400 952 4452 αὐτῶν
1000 4402 1058 4453 ἐν
1107 4400 1325 4472 καρδίᾳ.
1363 4402 1534 4456 Τοῦτο
1579 4405 1853 4475 πολεμίων
1888 4398 2114 4465 πάντων

535 4483 872 4553 πικρότερον.
896 4484 958 4537 Οί
992 4483 1091 4554 μὲν
1119 4484 1228 4555 γάρ
1248 4486 1352 4538 εἱσι
1380 4486 1601 4556 φανεροὶ
1627 4489 1720 4540 καὶ
1745 4488 1893 4558 δῆλοι
1920 4491 1969 4554 ι),
1991 4493 2113 4546 ὅθεν

534 4564 629 4617 καὶ
657 4565 982 4633 εὐφύλακτοι
1015 4567 1280 4635 γίνονται·
1305 4561 1448 4621 οὗτοι
1468 4568 1525 4620 δὲ
1549 4569 1735 4638 ἕτερον
1770 4579 2113 4641 προσωπεῖον

535 4646 979 4716 προϐαλλόμενοι,
1017 4649 1110 4702 καὶ
1159 4649 1344 4719 ἕτερον
1390 4650 1562 4715 ὄντες,
1603 4651 1947 4725 δυσφώρατοι
1997 4662 2111 4723 τοῖς

533 4729 1032 4801 ἐπιϐουλευομένοις
1057 4731 1424 4799 καθίστανται,
1457 4733 1565 4787 τῶν
1597 4735 1665 4788 τὰ
1692 4735 1819 4808 ξίφη
1847 4742 2109 4810 κρυπτὸν-

531 4831 641 4868 των
668 4813 817 4878 ὅντες
864 4814 1041 4885 πολλῷ
1087 4814 1475 4887 χαλεπώτεροι.
1506 4816 1953 4887 Ἐξολοθρεύσει
1990 4827 2110 4879 Κύ-

529 4916 660 4969 ριος
692 4896 889 4951 πάντα
942 4898 1013 4951 τὰ
1067 4900 1237 4967 χείλη
1291 4897 1364 4951 τὰ
1407 4898 1579 4952 δόλια
1598 4941 1614 4967 ,
1666 4902 1763 4955 καὶ
1820 4904 2111 4974 γλῶσσαν

530 4981 1058 5055 μεγαλορῤήμονα,
1106 4980 1248 5047 τοὺς
1298 4981 1575 5048 εἰπόντας
1595 4999 1608 5013 ·
1662 4983 1783 5052 Τὴν
1820 4988 2113 5055 γλῶσσαν

531 5066 702 5136 ἡμῶν
733 5064 1209 5136 ιιεγαλυνοῦμεν.
1236 5063 1450 5129 Ἀλλος,
1474 5067 1990 5139 Δυναστεύσομεν.
2029 5075 2111 5129 Τὰ

532 5151 707 5217 χείλη
752 5148 922 5219 ἡμῶν
957 5149 1093 5218 παρ’
1130 5147 1275 5218 ’ἡμῖν
1313 5147 1501 5201 ἐστιν.
1532 5148 1756 5213 Ἀλλος,
1793 5152 1918 5206 Σὺν
1964 5157 2111 5225 ἡμῖν

532 5232 806 5300 πάρεστι.
844 5232 941 5296 Τίς
977 5232 1145 5301 ἡμῶν
1176 5232 1380 5300 κύριός
1415 5231 1620 5295 ἐστιν;
1650 5233 1858 5299 Ἀλλος,
1892 5238 1986 5303 Τίς
2011 5258 2109 5293 κυ-

530 5315 755 5379 ριεύσει
813 5314 1012 5382 ἡμῶν;
1058 5310 1212 5377 Εἶδες
1261 5312 1585 5383 κηδεμονίαν
1636 5313 1941 5386 Προφήτου,
1990 5323 2104 5385 πῶς

534 5394 675 5463 ὑπὲρ
712 5395 891 5449 αὐτῶν
926 5397 1175 5469 εὖχεται;
1203 5399 1277 5452 Οὐ
1315 5396 1425 5469 γὰρ
1456 5397 1520 5469 δὴ
1550 5398 1669 5450 κατ’
1698 5399 1873 5452 αὐτῶν
1899 5404 2016 5457 ἐστι
2046 5408 2107 5461 τὸ

600 5518 627 5546 ⁸
651 5515 903 5584 $jc§aviL
930 5527 984 5568 et
1002 5522 1101 5584 alii,
1126 5529 1274 5584 atque
1306 5523 1374 5572 ita
1395 5523 1521 5584 legit
1544 5521 1815 5575 Genlianus
1835 5524 2102 5581 Hervelus.

540 5572 923 5645 InlqutLMorel:
945 5583 1027 5645 καὶ
1049 5572 1123 5629 ἐπὶ
1142 5572 1317 5645 κᾷὁκου
1338 5572 1497 5632 ἀροεῖ.

601 5633 628 5670 δ
652 5636 790 5708 (Ζοξὶ).
813 5646 866 5687 et
891 5642 1040 5708 §a_\fi!.
1064 5633 1252 5708 φοϐεροὶ
1274 5646 1355 5708 καί
1375 5646 1525 5702 δῆλοι.
1556 5644 1843 5708 Ριιιιιοροδι
1862 5651 1999 5701 Colb.
2024 5656 2104 5702 καὶ

542 5694 689 5757 ἕτεροι
720 5696 860 5751 ὄντες.
896 5702 1023 5750 Editi
1044 5694 1122 5750 καὶ
1147 5694 1302 5766 ἕτερον
1325 5694 1469 5763 ὄντες,
1502 5712 1554 5753 et
1576 5707 1646 5755 sic
1679 5694 2093 5770 liefgi‘li

1221 289 1278 346 S.
1317 289 1599 347 JOANNIS
1633 287 2120 347 CHRYSOSTOMI
2157 290 2474 351 ARCHIEP.
2514 293 3065 353 CONSTANTINOI".
3677 303 3760 357 M6

2218 412 2525 482 εἰρημένον,
2571 411 2687 465 ἀλλ’
2727 412 2866 482 ὐπέρ
2906 411 3105 465 αὐτῶν.
3143 411 3217 464 Οὐ
3259 411 3368 484 γὰρ
3408 409 3553 467 εἶπεν
3587 416 3761 482 αὐτοὺς

2216 496 2533 561 ἀπολέσθαι,
2572 497 2708 550 ἀλλά
2760 497 2859 568 τὴν
2909 495 3107 550 κακίαν
3151 497 3529 567 ἀφανισθῆναι.
3558 499 3628 551 Οὐ
3667 503 3762 571 γὰρ

2218 576 2387 642 εἶπεν,
2427 580 2825 652 Ἐξολοθρεύσει
2846 579 3049 650 Κύριος
3086 579 3470 647 αὐτοὺς,ἀλλὰ,
3507 581 3579 635 Τὰ
3607 584 3761 651 χείλη

2218 665 2289 716 τὰ
2319 661 2513 717 δόλια.

2291 753 2359 814 γ’.
2391 746 2501 800 Καὶ
2531 746 2692 801 πάλιν
2718 746 2839 816 οὐχὶ
2872 745 2971 817 τὴν
2997 745 3206 809 οὐσίαν,
3238 746 3375 800 ἀλλά
3405 746 3501 817 τὴν
3521 746 3763 815 γλῶτταν,

2217 828 2315 900 τὴν
2336 829 2613 893 ἀπόνοιαν,
2645 829 2735 883 τὸν
2763 830 2911 883 δόλον
2936 829 3288 901 ἀναιρεθῆναι
3318 829 3477 896 ἀξιοῖ,
3497 830 3591 901 τὴν
3618 832 3766 902 ὑπερ-

2218 912 2453 982 ηφανίαν
2474 913 2792 983 ἐκκοπῆναι.
2838 912 3132 982 κωμῳδῶν
3167 912 3222 965 δὲ
3256 912 3436 965 αὐτῶν
3458 912 3551 983 τὴν
3576 914 3766 979 ἄνοιαν,

2220 996 2374 1066 φησί’
2399 994 2474 1049 Τὰ
2501 997 2672 1065 χείλη
2696 995 3011 1065 ήμῶνπαρ⁹
3033 995 3177 1065 ἡμῖν
3199 997 3348 1049 ἐστι.
3381 997 3475 1062 Τίς
3495 994 3656 1065 ἡσιιῶν
3676 998 3767 1050 κύ-

2215 1080 2345 1149 ριός
2370 1079 2536 1142 ἐστι;
2567 1079 2924 1149 Μαινομένων
2946 1079 3040 1133 καὶ
3059 1079 3426 1151 παραφρόνων
3453 1080 3521 1132 τὰ
3550 1080 3765 1151 ῥήματα.

2219 1164 2319 1217 Διὰ
2364 1164 2429 1235 δὴ
2461 1163 2619 1218 τοῦτο
2661 1166 2690 1218 6
2730 1162 2942 1228 Παῦλος
2977 1164 3307 1226 ἀπεναντίας
3338 1166 3519 1227 αὐτοῖς
3555 1164 3769 1233 φθεγγό-

2222 1265 2382 1319 μενος
2423 1249 2700 1319 παραινεῖο
2728 1249 2851 1301 Οὐκ
2895 1246 3038 1300 ἐστὲ
3082 1246 3330 1309 ἑαυτῶν,
3373 1244 3543 1315 τιμῆς
3577 1246 3772 1316 ἠγορά-

2218 1333 2421 1399 σθητε·
2463 1332 2556 1384 καὶ
2586 1330 2798 1384 κελεύει
2832 1329 2966 1400 μηδὲ
2994 1331 3206 1393 ἐαυτοίς
3236 1328 3355 1402 ζῇν.
3383 1331 3457 1383 Οὐ
3495 1330 3564 1383 σά
3589 1329 3772 1383 ἐστιτὰ

2218 1417 2393 1490 χείλη,
2424 1416 2576 1490 [120]
2619 1418 2801 1489 φησὶν,
2834 1416 2971 1471 ἀλλὰ
3009 1416 3104 1470 τοῦ
3149 1417 3439 1472 Δεσπότου.
3474 1416 3637 1480 Αὐτὸς
3677 1416 3772 1487 γὰρ

2218 1501 2471 1572 ἐποίησεν
2505 1501 2663 1565 αὐτὰ,
2695 1501 2856 1563 αὐτὸς
2885 1500 3305 1568 κατεσκεύασεν,
3340 1500 3499 1563 αὐτὸς
3529 1501 3665 1572 ζωὴν
3705 1501 3775 1552 ἐνι

2220 1586 2500 1641 έπνευσεν.
2542 1585 2703 1640 Ἀλλά
2720 1588 2783 1640 σὺ
2800 1587 2975 1656 ἐχειςς
3001 1586 3138 1639 Ἀλλ’
3166 1587 3226 1639 οὐ
3250 1585 3407 1639 πάνθ’
3420 1586 3520 1639 ὅσα
3531 1584 3713 1657 ἔχομεν
3728 1594 3770 1648 ο,

2217 1667 2392 1723 ταῦτα
2430 1668 2697 1739 ἡμέτεραι
2740 1668 2862 1721 ἐπεὶ
2898 1670 2992 1722 καὶ
3040 1670 3296 1741 χρήματα
3336 1667 3553 1739 ἔχομεν,
3593 1660 3774 1737 ἐτέρων

2219 1752 2781 1823 παρακαταθεμένων·
2806 1754 2900 1805 καὶ
2925 1752 3031 1823 γῆν
3055 1742 3412 1824 μισθούμεθα,
3445 1748 3641 1820 ἐτέρων
3657 1752 3775 1820 ἡμῖν

2217 1835 2549 1889 δεδωκότων.
2580 1833 2737 1887 Οὕτω
2765 1834 2829 1906 δὴ
2861 1837 2955 1889 καὶ
2979 1837 3061 1888 σοὶ
3078 1834 3249 1889 ταῦτα
3277 1835 3621 1905 ἐμίσθωσενὸ
3637 1832 3773 1896 Θεὸς,

2217 1922 2317 1993 οὐχ
2360 1922 2446 1974 ἵνα
2487 1919 2727 1982 ἀκάνθας
2770 1920 2964 1991 φέρῃς,
3000 1919 3113 1973 ἀλλ’
3159 1919 3248 1973 ἵνα
3296 1919 3588 1988 σπέρματα
3626 1916 3776 1980 είςτδ

2218 2007 2488 2078 χρήσιμον
2517 2003 2846 2077 μεταϐάλῃς·
2864 2005 2961 2073 οὐχ
2984 2003 3071 2056 ἵνα
3090 2003 3372 2067 ἀπόνοιαν,
3393 2003 3493 2073 οὐχ
3515 2003 3599 2055 ἴνα
3618 2002 3774 2063 δόλον,

2218 2089 2334 2144 ἀλλ’
2375 2091 2464 2144 ἵνα
2508 2086 3033 2160 ταπεινοφροσύνην,
3070 2087 3187 2140 ἀλλ’
3224 2087 3312 2141 ἵνα
3351 2085 3643 2157 εὐφημίαν,
3672 2084 3775 2138 ἀλλ’

2218 2173 2307 2226 ῖνα
2365 2174 2588 2245 ἀγάπην
2641 2173 2875 2245 ποιήσῃς
2932 2171 3001 2224 δι’
3053 2171 3234 2225 αὐτῶν
3287 2170 3621 2241 βλαστάνειν.
3679 2169 3779 2222 Καὶ

2218 2257 2531 2329 ὀφθαλμοὺς
2569 2255 2791 2320 ἔδωκεν,
2827 2257 2927 2328 οὐχ
2963 2256 3050 2309 ἵνα
3103 2254 3375 2308 ἀκόλαστα
3412 2253 3632 2325 βλέπῃς,
3672 2252 3776 2307 ἀλλ’

2220 2343 2307 2396 ἵνα
2338 2343 2659 2413 σωφροσύνῃ
2702 2342 2902 2405 αὐτοὺς
2942 2340 3311 2412 καλλωπίζῃςο
3343 2339 3438 2391 καὶ
3464 2342 3664 2409 χεῖρας,
3691 2338 3779 2407 οὐχ

2219 2427 2306 2479 ἵνα
2348 2426 2609 2498 πλήττῃς,
2660 2424 2777 2479 ἀλλ’
2824 2425 2911 2478 ἴνα
2952 2425 3126 2496 ἐλεῇς.
3172 2423 3297 2488 Πῶς
3345 2422 3401 2476 δὲ
3451 2422 3546 2477 καὶ
3595 2420 3775 2489 λέγεις,

2216 2510 2297 2562 ὅτι
2350 2509 2427 2562 Τὰ
2472 2509 2645 2578 χείλη
2690 2507 2860 2577 ἡμῶν
2894 2509 3032 2575 παρ’
3081 2505 3229 2575 ἡμῖν
3276 2504 3469 2571 ἐστιν,
3523 2504 3644 2558 ὅταν
3690 2502 3778 2572 τῆς

2219 2591 2493 2663 ἁμαρτίας
2544 2590 2682 2646 αὐτά
2736 2593 2895 2662 ποιῇς
2954 2589 3138 2654 δοῦλα,
3183 2591 3311 2643 ὃταν
3366 2588 3467 2659 τῆς
3525 2585 3777 2658 πορνείας,

2216 2677 2344 2731 ὅταν
2384 2676 2480 2745 τῆς
2528 2673 2909 2748 ἀκαθαρσίας;
2973 2673 3069 2740 Τίς
3124 2672 3294 2743 ἡμῶν
3338 2672 3546 2741 κύριός
3594 2670 3778 2729 ἐστινξ

2222 2761 2287 2813 ’Ὤ
2338 2757 2645 2813 διαῶλικοῦ
2718 2757 2989 2830 ῥήματοςί
3051 2755 3098 2809 ὣ
3160 2756 3338 2827 ψυχῆς
3398 2750 3778 2827 δαιμονὼδουςῐ

2226 2843 2410 2914 Ὁρᾷς,
2441 2842 2715 2913 ἄνθρωπε,
2743 2843 2843 2912 τὴν
2865 2840 3026 2911 φύσιν
3065 2840 3284 2894 ἃπασαν
3317 2836 3779 2909 ἀνακηρύττουσαν

2214 2927 2309 2982 τοῦ
2343 2926 2617 2979 Δεσπότου
2651 2942 2746 2980 σου
2775 2926 2875 2997 τὴν
2908 2926 3080 2996 ἰσχὺν,
3120 2925 3220 2993 τὴν
3262 2921 3476 2991 σοφίαν,
3504 2922 3602 2992 τὴν
3638 2917 3779 2990 κηδεε

2220 3014 2429 3084 μονίαν,
2474 3012 2576 3084 τὴν
2627 3010 2884 3082 πρόνοιαν
2908 3026 2922 3041 ·
2966 3009 3029 3065 τὸ
3076 3008 3239 3079 σῶμά
3289 3023 3405 3069 σου,
3460 3004 3560 3076 τὴν
3597 3002 3779 3073 ψυχὴν,

2215 3101 2313 3174 τὴν
2344 3100 2512 3172 ζωὴν,
2547 3098 2615 3153 τά
2652 3097 2923 3169 ὁρώμενα,
2955 3097 3026 3150 τὰ
3063 3095 3290 3167 ἀόρατα,
3347 3093 3566 3147 ᾶπαντα
3613 3089 3779 3160 σχεδὸν

2215 3191 2411 3253 εἰπεῖν,
2425 3188 2608 3259 φωνὴν
2620 3186 2850 3256 ἀφιέντα
2863 3185 2956 3238 καὶ
2970 3182 3413 3255 ἀνακηρύττοντα
3422 3179 3521 3233 τοῦ
3537 3184 3788 3250 Δημιουρ-

2214 3277 2313 3348 γοῦ
2357 3279 2458 3348 τὴν
2508 3276 2765 3348 δύναμιν,
2820 3274 2916 3328 καὶ
2961 3273 3177 3342 λέγεις’
3214 3272 3311 3337 Τίς
3363 3268 3540 3340 ἡμῶν
3595 3265 3780 3335 κύριός

2213 3366 2381 3431 ἐστι;
2434 3363 2606 3418 Τοῦτο
2665 3362 2890 3433 μανίας,
2946 3359 3104 3415 τοῦτο
3168 3357 3584 3431 παραπληξίας,
3636 3353 3779 3408 τοῦτο

2214 3454 2617 3526 διεφθαρμένης
2665 3452 2862 3523 ψυχῆς.
2924 3450 3024 3505 Διά
3076 3449 3234 3503 τοῦτο
3273 3446 3342 3502 τὰ
3396 3446 3569 3518 μυρία
3624 3440 3778 3498 κακά.

2228 3541 2366 3596 Ἀλλ’
2403 3535 2551 3596 οὗτοι
2576 3542 2674 3612 μὲν
2723 3541 2943 3609 λέγουσι
2963 3555 2978 3570 ο
3024 3539 3120 3603 Τίς
3152 3535 3322 3606 ἡμῶν
3348 3533 3558 3604 κύριός
3587 3533 3777 3595 ἐστιν,

2221 3630 2405 3684 Ἄλλοι
2445 3630 2503 3683 δέ
2554 3628 2649 3682 τὸν
2702 3628 2802 3699 μὲν
2861 3625 3138 3696 Δεσπότην
3196 3618 3522 3695 ὁμολογοῦσι
3543 3663 3559 3687 ,
3609 3621 3698 3674 τὸν
3729 3618 3781 3671 δὲ

2217 3719 2347 3790 περὶ
2387 3716 2488 3788 τῆς
2538 3716 2772 3788 κρίσεως
2805 3714 3088 3787 ἀναιροῦσι
3145 3712 3303 3781 λόγον
3340 3712 3435 3764 καὶ
3493 3710 3592 3782 τῆς
3632 3706 3781 3762 κολά-

2218 3822 2358 3869 σεως
2380 3845 2395 3872 ,
2441 3803 2702 3877 βραχείας
2742 3801 2966 3874 χάριτος
2999 3799 3242 3872 μεγάλην
3280 3797 3580 3869 ὠνούμενοι
3633 3794 3780 3849 κόλα-

2218 3910 2324 3958 σιν,
2340 3893 2434 3947 καὶ
2451 3892 2769 3963 βουλόμενοι
2781 3890 2861 3961 τῷ
2877 3889 2951 3962 μὴ
2971 3888 3283 3961 μεμνῆσθαι
3299 3888 3526 3957 γεέννης
3540 3899 3780 3955 παραμυ-

2216 3979 2429 4034 θεῖσθαι
2457 3981 2708 4043 ἐαυτοὺς,
2734 3977 3055 4032 λανθάνουσι
3083 3977 3171 4029 διὰ
3203 3974 3305 4045 τῆς
3330 3973 3563 4043 ἀφοϐίας
3589 3970 3780 4038 ταύτης

2217 4069 2297 4132 είς
2315 4068 2377 4121 τὸ
2406 4065 2678 4139 βάραθρον
2712 4066 2939 4129 ἑαυτοὺς
2963 4064 3066 4135 τῆς
3096 4062 3374 4125 ἀπωλείας
3406 4061 3777 4131 ἐμϐάλλοντες.

2215 4156 2309 4209 Διὸ
2347 4154 2653 4226 παρακαλῶ
2694 4154 2792 4208 καὶ
2840 4152 3151 4225 μεμνῆσθαι
3193 4150 3441 4221 γεέννης,
3482 4150 3578 4203 καὶ
3613 4145 3780 4200 διαλέ-

2215 4243 2408 4313 γεσθαι
2438 4243 2567 4316 περὶ
2607 4242 2863 4312 γεέννης·
2886 4241 3029 4295 οὕτω
3065 4239 3358 4293 διάπλαττε
3394 4236 3667 4309 εὐμορφία
3688 4233 3781 4304 τήν

2214 4336 2413 4407 ψυχήν.
2445 4334 2590 4389 Πολὺ
2623 4332 2733 4404 γὰρ
2770 4331 2834 4384 τὸ
2877 4331 3149 4404 χρήσιμον
3189 4328 3300 4381 τῶν
3344 4326 3522 4394 λόγων
3561 4322 3778 4377 τούτων.

2216 4421 2352 4473 Οὐδέ
2385 4418 2496 4490 γὰρ
2539 4417 2728 4480 ἀπλῶς
2774 4415 3074 4485 ἠπείλησεν
3109 4412 3279 4483 αὐτὴν
3322 4413 3351 4464 6
3388 4409 3544 4472 Θεὸς,
3580 4409 3671 4463 καὶ
3700 4408 3779 4459 ἐνι

2214 4507 2404 4560 τεῦθεν
2434 4506 2535 4577 ήδη
2561 4504 2727 4575 δήλην
2754 4500 3170 4573 ἐποίησεν,·άλλ’
3195 4500 3282 4552 ἵνα
3306 4497 3384 4568 τῷ
3409 4496 3562 4566 φόϐῳ
3588 4494 3779 4564 ποιήσῃ

2218 4595 2483 4667 βελτίους.
2516 4592 2617 4645 Διὰ
2643 4590 2805 4645 τοῦτο
2834 4591 2931 4644 καὶ
2963 4591 2991 4642 6
3030 4587 3276 4650 διάϐολος
3312 4587 3491 4640 πάντα
3522 4584 3667 4638 ποιεῖ
3692 4580 3780 4633 καὶ

2216 4679 2689 4755 πραγματεύεται,
2723 4678 2960 4748 ἐξαιρεῖν
2992 4675 3165 4745 αὐτῆς
3196 4673 3295 4744 τὴν
3342 4674 3565 4744 μνήμην
3601 4668 3776 4740 βουλό-

2216 4787 2397 4840 μενος.
2431 4767 2523 4839 Μὴ
2567 4767 2749 4820 τοίνυν
2784 4764 3013 4818 ἔκϐαλλε
3043 4762 3141 4833 τὴν
3184 4762 3426 4832 μνήμην,
3458 4759 3592 4831 μηδὲ
3622 4757 3774 4824 λέγε’

2213 4857 2279 4910 Τί
2307 4856 2464 4909 λυπῶ
2493 4854 2731 4926 ἐμαυτὸν
2761 4853 2914 4923 παρὰ
2941 4850 3163 4922 καιρόν;
3189 4846 3349 4918 Παρὰ
3371 4845 3561 4917 καιρὸν
3603 4844 3775 4912 λυπῇ;

2224 4947 2432 5000 Ἐκείνό
2463 4940 2579 4998 ἐστι
2606 4943 2759 5014 παρά
2786 4942 2977 5013 καιρὸν
3022 4941 3229 5009 ἀλγεῖν,
3260 4941 3388 4994 ὅταν
3411 4941 3467 4993 ἐν
3492 4940 3561 5009 τῇ
3591 4935 3777 5008 γεέννῃ

2210 5036 2402 5106 ἀλγῇς.
2434 5032 2540 5087 Τοῦ
2566 5031 2853 5086 λυπεῖσθαι
2883 5029 3073 5099 καιρὸς
3094 5023 3269 5091 οὗτος,
3293 5028 3394 5080 οὐκ
3418 5027 3646 5088 ἐκεῖνος.
3674 5023 3777 5076 Καὶ

2210 5122 2368 5175 τοῦτο
2399 5121 2671 5174 δείκνυσιν
2696 5119 2724 5171 6
2755 5115 3012 5180 πλούσιος
3043 5118 3071 5169 6
3100 5116 3195 5169 ἐπὶ
3217 5115 3494 5184 Λαζάρου,
3525 5113 3586 5176 ὃς
3615 5109 3775 5183 μυρία

2208 5207 2474 5279 λυπηθεὶς
2493 5207 2647 5260 οὐδὲν
2663 5205 2893 5274 ὤνησεν.
2922 5205 2986 5257 El
3013 5204 3070 5256 δέ
3094 5202 3366 5273 εὐκαίρως
3391 5202 3647 5272 ῆλγησεν,
3681 5198 3777 5249 οὐκ

2208 5297 2275 5350 ἂν
2302 5295 2505 5348 ἔπαθεν
2542 5295 2698 5364 κᾶπερ
2717 5291 2939 5346 ἔπαθεν.
2979 5290 3232 5346 ’Ἕνεκεν
3249 5289 3360 5358 τῆς
3384 5286 3775 5354 ταλαιπωρίας

2207 5384 2327 5436 τῶν
2352 5378 2639 5450 πτωχῶνν
2664 5378 2763 5434 καί
2804 5379 2911 5434 τοῦ
2943 5376 3281 5447 στεναγμοῦ
3326 5374 3444 5429 τῶν
3482 5374 3771 5439 πενήτων,

2206 5471 2323 5525 νῦν
2349 5467 2790 5537 ἀναστήσομαι,
2819 5467 2979 5537 λέγει
3007 5468 3237 5532 Κύριος.
3268 5462 3534 5533 Θήσομαι
3563 5461 3634 5515 ἐν
3662 5474 3773 5511 σω-

2271 5595 2293 5623 ε
2340 5590 2422 5639 Sic
2461 5604 2522 5640 ex
2569 5590 2840 5641 Barberino
2884 5591 3053 5640 codice
3103 5588 3365 5641 legendum
3416 5588 3596 5637 indicat
3641 5584 3774 5634 Hen-

2205 5654 2337 5702 ricus
2377 5651 2606 5710 Savilius,
2660 5656 2818 5702 Antea
2878 5665 2995 5702 vero
3042 5648 3303 5714 legebatur
3346 5650 3401 5698 οὐ
3443 5651 3629 5704 πάντως
3666 5648 3768 5701 ικο·

2206 5731 2308 5777 μεν,
2335 5726 2612 5776 perperam.
