4030 6424
273 342 363 400 liii

289 473 379 528 set,
405 459 626 515 castoris
655 468 863 517 contra
897 460 1261 525 tendentibus,
1289 460 1525 529 confugit
1559 459 1624 513 ad
1650 460 1740 513 Dei
1773 473 1900 528 pro-

304 557 603 623 videntiam,
638 556 878 612 dicens:
942 557 1159 612 Salvum
1208 571 1284 608 me
1314 554 1418 623 fac,
1472 552 1710 607 Domine.
1766 550 1906 605 Nihil

303 666 418 721 ergo
460 650 551 703 hic
604 649 758 703 aliud
808 665 974 720 quam
1024 648 1126 703 hoc
1165 647 1468 717 significat:
1504 646 1747 715 Superna
1777 643 1907 698 mihi

308 760 455 798 manu
485 756 628 811 opus
683 750 791 809 est,
839 741 1045 796 etelesti
1089 754 1208 809 ope,
1242 748 1298 793 et
1340 739 1431 792 illo
1460 737 1640 792 divino
1687 736 1904 790 auxilio.

306 835 430 887 Cum
465 834 613 887 enim
638 833 782 886 viam
810 831 1078 903 ingrediar
1113 830 1358 884 omnibus
1403 831 1748 893 contrariam,
1789 842 1906 881 ma-

306 943 401 996 gna
431 925 566 979 mihi
595 940 735 994 opus
764 933 847 979 est
876 923 1224 993 providentia.
1259 921 1327 975 Et
1350 936 1453 976 non
1485 919 1655 974 dixit:
1685 918 1904 974 Salvum

307 1035 389 1072 me
415 1018 522 1082 fac,
547 1017 805 1086 quoniam
850 1031 954 1070 non
984 1023 1064 1071 est
1087 1025 1301 1068 sanctus
1335 1011 1488 1076 :sed,
1518 1011 1770 1079 Quoniam
1812 1010 1904 1064 de-

315 1111 421 1180 fecit
451 1119 689 1176 sanctus,
718 1107 1011 1162 ostendens
1037 1120 1132 1160 eos
1156 1106 1316 1160 etiam
1339 1104 1428 1174 qui
1455 1111 1629 1168 erant,
1656 1101 1902 1173 periisse,

317 1212 598 1271 postquam
630 1200 853 1254 invaluit
888 1199 1092 1262 vitium,
1127 1207 1181 1252 et
1225 1196 1442 1252 morbus
1467 1197 1709 1265 superior
1737 1194 1906 1250 factus

313 1303 413 1346 est.
447 1293 568 1347 Hoc
615 1291 811 1346 Paulus
837 1304 1047 1360 quoque
1076 1288 1225 1343 timet
1250 1287 1436 1342 dicens
1467 1303 1480 1339 :
1518 1285 1736 1340 Nescitis
1774 1284 1907 1355 quod

317 1400 496 1452 parun:
530 1383 766 1452 fermenti
793 1390 947 1435 totam
972 1396 1188 1434 massam
1217 1382 1484 1448 [ermentat
1511 1377 1586 1450 (1.
1614 1375 1791 1432 Cor.5.
1815 1375 1908 1446 6)?

315 1478 383 1533 Ει
405 1490 599 1531 rursus
633 1493 646 1528 :
691 1474 1031 1543 Corrumpunt
1072 1474 1231 1527 bonos
1259 1487 1420 1526 mores
1448 1470 1702 1540 colloquia
1753 1483 1909 1538 prava

317 1567 480 1641 (Ibid.
515 1567 605 1622 15.
632 1567 757 1636 55).
800 1565 935 1634 Quid
982 1575 1065 1621 est
1109 1574 1284 1618 autem
1314 1605 1328 1630 ,
1374 1563 1653 1616 Diminutte
1681 1571 1796 1615 sunt
1825 1576 1910 1614 ve-

315 1663 536 1716 ritates?
584 1661 762 1716 Multa:
825 1669 950 1715 sunt
1007 1659 1278 1713 veritates.
1343 1655 1801 1723 Quemadmodum
1855 1655 1908 1708 in

315 1757 622 1822 coloribus,
651 1764 704 1810 et
726 1754 844 1809 aliis
873 1753 1160 1824 generibus
1182 1795 1198 1820 ,
1227 1752 1328 1806 alia
1354 1749 1568 1821 quidem
1596 1756 1721 1803 sunt
1761 1762 1906 1811 vera,

318 1849 426 1902 alia
458 1848 616 1912 falsa,
650 1856 704 1901 et
741 1855 822 1901 est
849 1860 1081 1915 purpura
1122 1859 1272 1910 vera,
1309 1852 1362 1897 et
1391 1856 1622 1912 purpura
1674 1839 1826 1903 falsa,
1857 1850 1911 1892 et

314 1941 366 1994 in
400 1956 566 1995 croco
587 1939 692 2010 (α),
715 1939 765 1993 in
791 1939 1068 2008 lapidibus,
1097 1937 1148 1990 in
1179 1935 1526 1999 aromatibus,
1549 1941 1601 1988 et
1623 1932 1740 1986 aliis
1764 1932 1909 2001 ejus-

316 2034 465 2088 modi
502 2052 518 2088 :
550 2033 620 2087 ita
653 2034 810 2087 etiam
841 2033 892 2085 in
934 2030 1239 2084 virtutibus.
1272 2028 1482 2082 Veritas
1503 2026 1647 2082 enim
1665 2024 1909 2094 estquod

313 2143 442 2181 vere
469 2135 556 2181 est
586 2144 601 2180 :
632 2125 964 2181 mendacium
995 2132 1172 2178 autem
1207 2121 1350 2192 quod
1376 2135 1480 2175 non
1502 2128 1606 2174 est.
1646 2119 1908 2186 Quoniam

307 2234 444 2288 ergo
465 2219 585 2273 haec
611 2218 817 2272 inversa
839 2226 891 2271 et
910 2216 1192 2270 obscurata
1216 2213 1444 2278 fuerant,
1470 2226 1574 2264 non
1600 2209 1740 2279 quod
1758 2223 1908 2262 suam

311 2311 685 2381 perdidissent
728 2309 1104 2372 substantiam,
1131 2305 1225 2361 sed
1255 2304 1397 2376 quod
1420 2303 1488 2359 ab
1519 2301 1823 2357 hominibus
1843 2301 1910 2356 de

308 2405 498 2461 medio
531 2404 740 2460 sublata
786 2403 1050 2456 fuissent:
1085 2408 1364 2471 propterea
1396 2413 1502 2452 non
1533 2395 1667 2451 dixit
1711 2395 1906 2460 solum,

306 2496 605 2551 Diminutw
654 2503 797 2560 sunt,
828 2493 921 2548 sed
967 2492 1180 2562 adjecit,
1223 2491 1268 2545 Α
1318 2491 1437 2560 ﬁliis
1485 2491 1766 2554 hominum,
1809 2489 1909 2542 hoc

310 2591 488 2662 ipsum
502 2590 694 2644 volens
714 2587 1028 2658 signiﬁcare.
1048 2585 1336 2642 Considera
1365 2594 1562 2639 autem.
1579 2583 1676 2638 Est
1691 2591 1911 2636 ornatus

270 2757 272 2759 j
308 2697 494 2747 verus,
526 2689 612 2736 est
638 2681 798 2736 etiam
825 2679 1008 2733 falsus.
1039 2678 1169 2747 Quis
1194 2686 1276 2732 est
1303 2691 1432 2746 ergo
1462 2689 1619 2730 verus
1648 2672 1910 2729 ornatus?

309 2774 410 2840 Qui
436 2782 526 2828 est
552 2773 605 2826 in
638 2771 832 2825 anima.
863 2769 992 2836 Quis
1027 2778 1109 2824 est
1136 2776 1314 2824 autem
1353 2765 1556 2822 falsus?
1585 2765 1686 2834 Qui
1719 2772 1808 2820 est
1847 2764 1904 2818 in

309 2879 566 2934 corpore.
601 2863 743 2917 Sunt
765 2861 963 2916 divitiae
984 2875 1146 2925 verte,
1179 2867 1304 2914 sunt
1328 2858 1487 2914 etiam
1515 2856 1683 2912 falsae.
1714 2855 1908 2920 Falsre,

310 2956 670 3026 pecuniarum
695 2971 709 3007 :
759 2969 922 3020 verae,
955 2961 1099 3008 recte
1128 2950 1412 3006 factorum.
1440 2949 1536 3004 Est
1565 2948 1748 3003 lartitia
1797 2947 1912 3002 haec

307 3047 533 3114 quidem
557 3059 710 3110 vera,
742 3043 828 3098 illa
849 3058 976 3098 vero
1006 3043 1155 3109 falsa,
1183 3042 1309 3096 item
1334 3039 1777 3111 pulchritudines,
1811 3053 1912 3107 po-

311 3137 523 3202 tentias,
569 3143 627 3191 et
672 3135 862 3205 gloria.
902 3133 1007 3189 Sed
1039 3133 1270 3188 maxima
1300 3146 1422 3203 pars
1461 3131 1758 3196 hominum,
1815 3128 1911 3182 ho-

311 3244 432 3282 rum
469 3228 700 3282 veritate
741 3226 945 3291 relicta,
998 3241 1116 3294 quae
1160 3223 1292 3278 falsa
1339 3231 1464 3278 sunt
1501 3221 1838 3293 persequitur
1895 3238 1908 3274 :

251 3363 274 3378 ,
314 3321 454 3374 sicut
493 3319 646 3374 enim
680 3327 762 3373 est
790 3318 949 3372 homo
979 3331 1137 3372 verus
1179 3325 1234 3371 et
1260 3314 1457 3371 falsus:
1489 3330 1647 3369 verus
1672 3312 1909 3384 quidem,

312 3409 405 3479 qui
435 3409 569 3463 vivit
593 3416 650 3462 et
677 3417 959 3477 operatur;
984 3407 1148 3462 falsus
1168 3415 1344 3461 autem
1372 3406 1460 3476 qui
1477 3407 1654 3476 pictus
1679 3412 1763 3460 est
1790 3421 1804 3458 :
1839 3403 1911 3458 ita

312 3501 478 3555 etiam
503 3501 694 3556 videre
728 3513 1013 3570 possumus
1040 3499 1092 3553 in
1117 3498 1424 3553 virtutibus.

415 3593 494 3646 De
548 3593 721 3646 cordis
774 3591 1089 3662 duplicitate.
1132 3621 1203 3631 —
1248 3591 1303 3645 3.
1351 3588 1498 3644 Vana
1547 3589 1741 3659 loquuti
1798 3596 1914 3642 sunt

314 3687 669 3757 unusquisque
720 3686 791 3739 ad
846 3686 1135 3756 proximum
1191 3700 1360 3738 suum.
1421 3682 1583 3737 Labia
1615 3682 1814 3748 dolosa,
1859 3683 1918 3737 in

312 3783 474 3836 corde
497 3791 546 3834 et
561 3781 714 3833 corde
737 3779 930 3849 loquuti
953 3789 1069 3832 sunt
1089 3779 1244 3832 mala.
1293 3776 1444 3831 Alius
1468 3775 1638 3842 dixit,
1662 3773 1728 3828 In
1767 3775 1918 3829 corde

315 3876 423 3928 alio
449 3883 498 3927 et
525 3874 631 3926 alio
662 3872 902 3942 loquitur.
933 3871 1048 3925 Duo
1077 3870 1164 3925 hic
1190 3868 1318 3924 dicit
1347 3868 1492 3935 vitia,
1523 3877 1578 3923 et
1607 3866 1750 3937 quod
1779 3881 1912 3920 vana

319 3964 536 4033 loquuti
563 3963 692 4028 sint,
722 3971 772 4016 et
800 3960 944 4032 quod
981 3960 1222 4030 proximo
1265 3973 1365 4014 suo
1393 3975 1406 4012 :
1438 3957 1525 4013 vel
1550 3972 1610 4012 ea
1640 3971 1759 4026 quae
1786 3954 1918 4011 falsa

319 4064 450 4111 sunt
471 4055 606 4109 dicit
633 4067 790 4119 vana,
820 4053 904 4108 vel
933 4068 996 4107 ca
1026 4067 1144 4122 qua:
1171 4061 1295 4106 sunt
1318 4049 1585 4121 superflua
1613 4058 1668 4104 et
1689 4048 1916 4102 inutilia.

323 4147 458 4202 Tale
487 4146 614 4216 quid
639 4146 798 4201 etiam
829 4144 958 4199 dicit
998 4143 1190 4199 Paulus
1220 4160 1234 4196 :
1269 4143 1353 4196 Ne
1374 4141 1654 4196 mentimini
1681 4140 1750 4194 ad
1787 4141 1918 4194 invi-

328 4259 434 4296 cem
464 4241 691 4313 (Coloss.
723 4240 777 4294 5.
825 4237 915 4311 9).
949 4239 1016 4293 Et
1062 4237 1206 4307 quod
1255 4244 1339 4291 est
1380 4236 1619 4290 omnium
1669 4235 1922 4304 gravissi-

327 4348 500 4396 mum,
531 4345 720 4386 omnes
737 4338 888 4385 erant
916 4329 1172 4398 corrupti.
1209 4328 1275 4382 Et
1320 4327 1440 4382 ideo
1463 4341 1570 4381 non
1620 4326 1774 4393 dixit,
1815 4325 1920 4392 hic,

332 4425 422 4478 vel
451 4423 568 4488 ille,
617 4421 732 4489 sed,
768 4421 1139 4492 Unusquisque.
1185 4419 1370 4489 Neque
1399 4419 1542 4473 enim
1579 4427 1691 4473 erat
1722 4426 1924 4471 tantum

331 4515 548 4579 vitium,
581 4513 720 4582 quod
751 4522 955 4567 nataret
983 4513 1035 4565 in
1076 4509 1358 4580 superficie
1386 4525 1399 4562 :
1423 4508 1517 4563 sed
1557 4517 1674 4564 erat
1720 4509 1771 4562 in
1800 4523 1925 4576 pro-

335 4606 527 4672 fundo,
555 4615 609 4660 et
635 4606 686 4659 in
717 4605 898 4660 corde.
929 4603 998 4657 In
1033 4603 1182 4657 corde
1209 4611 1254 4655 et
1293 4603 1344 4655 in
1385 4601 1536 4655 corde
1566 4617 1584 4654 :
1628 4599 1770 4670 quod
1794 4600 1928 4654 alius

338 4702 612 4769 interpres
651 4697 801 4764 dixit,
839 4695 908 4750 In
957 4697 1110 4751 corde
1138 4695 1240 4749 alio
1281 4703 1328 4748 et
1377 4694 1479 4747 alio
1516 4709 1536 4749 :
1567 4692 1769 4748 docens
1809 4707 1930 4747 esse

339 4807 592 4863 magnam
624 4793 676 4846 in
699 4790 862 4846 corde
888 4790 1274 4860 duplicitatem.
1306 4789 1418 4844 lloc
1453 4797 1536 4843 est
1559 4787 1805 4842 omnibus
1830 4785 1930 4839 ho-

339 4886 519 4939 stibus
561 4883 824 4938 acerbius.
874 4881 953 4936 llli
1007 4882 1148 4937 enim
1179 4889 1302 4935 sunt
1356 4879 1547 4949 aperti,
1581 4876 1721 4932 unde
1771 4876 1931 4931 etiam

342 4977 501 5031 facile
545 4983 769 5047 possunt
793 4975 968 5030 caveri
997 4991 1010 5028 :
1042 4973 1094 5029 hi
1126 4989 1255 5029 vero
1281 4988 1403 5028 cum
1436 4972 1598 5027 aliam
1647 4984 1932 5041 personam

343 5085 455 5138 pra:
493 5083 554 5122 se
584 5068 775 5134 ferant,
805 5078 860 5122 et
901 5068 1009 5121 sint
1043 5065 1209 5126 aliud,
1259 5066 1326 5121 ab
1354 5066 1419 5120 iis
1470 5064 1662 5134 quibus
1710 5063 1937 5119 tendunt

342 5161 571 5215 insidias
599 5174 706 5213 non
736 5158 888 5214 facile
928 5157 1402 5229 deprehenduntur
1421 5199 1436 5225 ,
1467 5157 1634 5211 multo
1663 5157 1937 5227 graviores

346 5253 410 5305 iis
431 5251 523 5321 qui
545 5249 748 5320 gladios
775 5249 1124 5305 abscondunt.
1153 5250 1206 5304 4.
1241 5247 1506 5319 Disperdet
1526 5246 1778 5301 Dominus
1805 5248 1927 5300 uni-

1384 341 1742 401 EXPOSITIO
1782 339 1849 396 IN
1888 337 2212 396 PSALMDM
2250 337 2342 391 XI.

3504 337 3600 395 HG

2012 455 2108 509 stri
2133 451 2524 508 dominabitur?
2558 451 2744 506 Vidistt
2789 453 3060 524 quomodo
3081 467 3266 508 eorum
3307 469 3601 524 curatuge—

2010 549 2082 603 rit
2103 547 2384 617 propheta,
2415 545 2678 616 quomodo
2697 561 2792 616 pro
2822 547 2900 601 eis
2926 548 3081 602 orat?
3105 545 3286 617 Neque
3308 549 3450 603 enim
3471 562 3606 602 cou-

2013 648 2092 694 tra
2119 639 2263 708 ipsos
2300 646 2403 702 est,
2436 637 2487 691 id
2519 637 2660 707 quod
2691 637 2891 692 dictum
2934 648 3035 704 est,
3081 639 3174 693 sed
3204 641 3466 710 proipsis.
3499 639 3598 693 Net

2011 746 2114 800 que
2142 731 2282 784 enim
2310 730 2481 783 oravit
2511 738 2570 783 ut
2600 729 2968 798 perderentur,
3000 732 3092 786 sed
3115 743 3173 786 ut
3201 747 3386 786 eorum
3405 733 3592 786 vitium

2011 820 2078 874 dc
2102 820 2278 874 medio
2310 820 2608 874 tolleretur.
2642 819 2759 874 Non
2800 820 2934 875 dixit
2989 823 3154 888 enim,
3210 823 3408 878 Perdet
3459 823 3605 893 ipsos

2010 914 2291 980 Dominus,
2316 913 2430 979 sed,
2459 913 2620 967 Labia
2641 913 2840 968 dolosa.

2079 1005 2132 1058 2.
2170 1003 2292 1058 Νοη
2328 1005 2506 1071 nostri,
2538 1005 2626 1058 sed
2652 1004 2853 1059 Domini
2874 1022 3064 1060 sumus.
3100 1005 3305 1060 Domini
3333 1007 3603 1078 potentiam

2012 1098 2244 1150 universa
2272 1105 2504 1150 creatura
2532 1097 2794 1166 pradicet.
2822 1126 2896 1137 —
2920 1097 2989 1151 Et
3015 1113 3199 1153 rursus
3231 1113 3333 1152 non
3359 1098 3606 1152 substan-

2011 1188 2159 1251 tiam,
2177 1186 2269 1241 scd
2299 1187 2554 1257 linguam,
2574 1187 2955 1258 arrogantiam,
2985 1186 3226 1243 fraudem
3254 1189 3364 1242 vult
3383 1189 3602 1254 auferri,

2011 1279 2316 1349 superbiam
2346 1279 2605 1334 exscindi.
2639 1279 2872 1334 lrridens
2899 1288 3077 1334 autem
3095 1295 3280 1334 eorum
3303 1279 3603 1346 stultitiam,

2011 1369 2160 1436 dicit,
2186 1369 2346 1422 Labia
2373 1379 2547 1423 nostra
2572 1370 2713 1439 apud
2736 1387 2826 1424 nos
2855 1379 2994 1424 sunt.
3017 1370 3142 1437 Quis
3165 1379 3330 1425 noster
3357 1369 3606 1424 Dominus

2013 1463 2135 1516 est?
2188 1463 2502 1517 lusanorum
2531 1472 2584 1518 et
2629 1473 2808 1518 mente
2839 1473 3116 1534 captorum
3162 1463 3344 1518 verba.
3377 1463 3443 1517 Et
3486 1463 3607 1517 ideo

2013 1553 2208 1608 Paulus
2230 1569 2385 1610 secus
2401 1570 2559 1624 quam
2587 1555 2621 1608 ii
2643 1554 2888 1624 loquens,
2908 1555 3127 1609 suadet:
3155 1553 3276 1608 Non
3295 1554 3409 1608 estis
3431 1554 3603 1618 vestri,

2013 1646 2172 1715 pretio
2199 1647 2352 1715 empti
2382 1648 2501 1700 estis
2529 1645 2605 1718 (I.
2627 1646 2742 1701 Cor.
2775 1647 2937 1702 6.19.
2957 1647 3085 1718 20):
3117 1655 3168 1701 ct
3195 1646 3346 1716 jubet
3375 1661 3468 1699 cos
3497 1662 3602 1698 non

2013 1738 2247 1808 sibiipsis
2270 1739 2474 1793 vivere.
2491 1737 2610 1792 Non
2634 1748 2758 1792 sunt
2780 1747 2868 1792 tua
2899 1739 3057 1806 labia,
3079 1737 3173 1793 sed
3194 1736 3401 1791 Domini
3426 1736 3601 1806 (Rom.

2015 1832 2100 1886 14.
2137 1831 2214 1901 7).
2248 1830 2364 1900 Ipse
2389 1831 2530 1886 enim
2558 1846 2620 1885 ea
2653 1830 2796 1896 fecit,
2816 1831 2930 1900 ipse
2951 1828 3278 1894 construxit,
3306 1828 3418 1898 ipse
3441 1828 3601 1881 vitam

2015 1924 2312 1993 iuSpiravit.
2342 1924 2410 1977 At
2443 1932 2498 1977 tu
2528 1922 2734 1978 habes?
2770 1922 2877 1978 Sed
2918 1937 3022 1976 non
3060 1921 3238 1975 omnia
3279 1934 3398 1990 quae
3437 1918 3600 1973 habe-

2013 2029 2160 2078 mus,
2205 2025 2385 2068 nostra
2425 2023 2548 2069 sunt
2589 2032 2602 2068 :
2645 2015 2898 2084 pecunias
2936 2014 3078 2068 enim
3120 2013 3416 2076 habemus,
3469 2026 3601 2080 quas

2013 2107 2099 2160 alii
2152 2106 2292 2176 apud
2341 2121 2440 2160 nos
2486 2106 2881 2176 deposuerunt:
2913 2115 2966 2160 et
2993 2119 3151 2174 agros
3189 2103 3483 2157 conductos
3511 2103 3604 2155 has

2012 2198 2220 2264 bemus,
2253 2212 2388 2268 quos
2421 2198 2510 2252 alii
2553 2197 2704 2252 nobis
2745 2197 3030 2251 dederunt.
3073 2196 3149 2250 lta
3183 2195 3300 2250 haec
3319 2194 3479 2249 etiam
3509 2193 3602 2247 tibi

2013 2291 2212 2346 locavit
2251 2290 2526 2353 Christus,
2571 2305 2676 2344 non
2719 2299 2775 2344 ut
2808 2289 2950 2344 feras
2996 2288 3210 2357 spinas,
3241 2286 3336 2340 scd
3377 2295 3432 2339 ut
3474 2299 3603 2340 con-

2013 2393 2196 2438 vertas
2221 2383 2427 2437 semina
2457 2381 2523 2435 ad
2552 2376 2614 2435 id'
2641 2381 2782 2450 quod
2814 2388 2898 2434 est
2923 2379 3084 2443 utile;
3119 2394 3223 2432 non
3268 2386 3322 2432 ut
3353 2391 3606 2445 arrogan-

2015 2473 2166 2536 tiam,
2199 2489 2302 2526 non
2338 2481 2393 2526 ut
2417 2471 2622 2534 dolum,
2651 2470 2746 2525 sed
2791 2479 2850 2524 ut
2881 2468 3255 2530 humilitatem,
3287 2476 3340 2520 et
3369 2465 3602 2530 laudem,

2013 2583 2076 2623 ac
2102 2566 2558 2630 benedictionem,
2589 2563 3040 2633 dilectione-mque
3080 2577 3176 2631 per
3201 2575 3262 2615 ea
3304 2558 3607 2630 germinare

2013 2673 2190 2714 cures.
2215 2658 2282 2712 Et
2307 2656 2456 2712 dedit
2477 2657 2686 2726 oculos,
2707 2671 2814 2710 non
2839 2663 2898 2708 ut
2927 2651 3192 2722 impudice
3219 2650 3481 2720 aspicias:
3510 2647 3604 2702 sed

2014 2759 2074 2806 ut
2099 2751 2244 2820 ipsos
2273 2765 2434 2804 ornes
2462 2748 2816 2827 temperantia
2838 2749 2855 2802 :'
2877 2753 2931 2801 et
2962 2759 3174 2809 manus,
3205 2758 3314 2797 non
3342 2749 3400 2795 ut
3425 2739 3604 2802 ferias,

2015 2845 2108 2900 sed
2140 2854 2199 2898 ut
2222 2845 2619 2914 eleemosynam
2647 2841 2912 2912 largiaris.
2936 2837 3216 2905 Quomodo
3246 2845 3422 2889 autem
3449 2832 3600 2896 dicis,

2016 2933 2177 2988 Labia
2209 2943 2382 2988 nostra
2404 2943 2523 2987 sunt
2551 2933 2691 3002 apud
2732 2947 2845 2997 nos,
2874 2928 3088 2996 quando
3116 2942 3176 2981 ea
3219 2923 3422 2995 peccati
3455 2937 3606 2976 serva

2017 3027 2229 3093 feceris,
2271 3027 2486 3097 quando
2531 3023 2921 3088 fornicationis,
2963 3019 3178 3089 quando
3219 3013 3608 3072 immunditite?

2020 3121 2145 3188 Quis
2185 3129 2256 3174 est
2301 3129 2469 3173 noster
2505 3117 2797 3171 Dominus?
2838 3115 2882 3170 Ο
2915 3113 3136 3170 verbum
3187 3109 3542 3166 diabolicum!
3574 3122 3610 3159 ο

2015 3213 2248 3267 animam
2280 3209 2705 3266 da‘moniacam!
2752 3207 2934 3274 Vides,
2980 3221 3012 3260 ο
3065 3205 3245 3268 homo,
3299 3201 3607 3256 universam

2016 3313 2315 3359 creaturam
2347 3301 2644 3374 prmdicare
2688 3299 2898 3355 Domini
2937 3298 3012 3352 tui
3046 3295 3359 3367 potentiam,
3393 3291 3608 3359 sapien-

2019 3397 2167 3462 tiam,
2195 3411 2406 3461 curam,
2443 3391 2875 3464 providentiam;
2921 3402 3117 3458 corpus
3146 3397 3313 3450 tuum,
3351 3382 3607 3441 animam,

2017 3489 2204 3552 vitam,
2225 3503 2353 3558 qua?
2369 3485 2470 3540 sub
2499 3491 2778 3553 aspectum
2801 3481 3021 3545 cadunt,
3043 3487 3098 3533 et
3122 3493 3240 3547 quae
3263 3491 3365 3530 non
3389 3471 3608 3536 cadunt,

2018 3579 2198 3633 omnia
2226 3576 2614 3648 propemodum
2640 3589 2828 3629 vocem
2855 3571 3151 3628 emittentia
3181 3566 3401 3623 laudare
3429 3572 3614 3635 poten-

2021 3671 2146 3724 tiam
2171 3670 2412 3736 artificis,
2438 3681 2493 3723 et
2517 3667 2688 3722 dicis:
2723 3664 2850 3730 Quis
2880 3663 3130 3716 Dominus
3157 3668 3324 3712 noster
3350 3655 3459 3711 est?
3501 3654 3614 3708 lloc

2021 3771 2106 3818 est
2145 3762 2361 3828 furoris,
2391 3761 2493 3815 hoc
2535 3758 2792 3828 stuporis,
2826 3757 2931 3810 hoc
2959 3752 3196 3820 corrupti
3245 3749 3429 3804 animi.
3479 3747 3611 3801 Pro-

2021 3861 2206 3924 pterea
2252 3863 2380 3906 sunt
2429 3851 2565 3906 mala
2599 3847 3032 3906 innumerabilia.
3061 3843 3165 3898 Sed
3196 3843 3247 3896 hi
3275 3841 3488 3912 quidem
3534 3837 3614 3892 di-

2024 3955 2180 4000 cunt:
2205 3946 2332 4012 Quis
2357 3952 2428 3998 est
2457 3952 2626 3997 noster
2648 3940 2896 3994 Dominus
2915 3941 2940 3993 2
2967 3939 3069 3994 Alii
3094 3935 3378 3991 Dominum
3400 3931 3613 4001 quidem

2024 4036 2371 4100 conﬁtentur,
2400 4034 2660 4104 judicium
2692 4040 2870 4085 autem
2902 4038 2959 4086 et
2983 4042 3172 4099 ptenas
3199 4025 3498 4097 propositas
3523 4037 3615 4075 au-

2027 4128 2225 4193 ferunt,
2256 4127 2406 4182 brevi
2435 4124 2770 4196 jucunditate
2796 4137 3048 4192 magnum
3080 4118 3181 4173 sibi
3210 4125 3451 4171 ementes
3492 4127 3617 4181 sup—

2028 4220 2266 4288 plicium,
2300 4227 2354 4272 et
2377 4217 2505 4270 dum
2548 4215 2735 4269 volunt
2775 4228 2836 4267 se
2877 4225 3146 4274 recreare,
3177 4205 3318 4277 quod
3360 4203 3619 4275 gehennae

2031 4326 2135 4364 non
2185 4309 2563 4373 meminerint,
2611 4322 2708 4378 per
2755 4306 2897 4358 hanc
2947 4302 3296 4358 securitatem
3339 4305 3622 4364 metusque

2031 4403 2349 4457 vacuitatem
2391 4402 2442 4454 in
2490 4413 2741 4468 magnum
2774 4395 3022 4449 interitus
3067 4407 3125 4446 se
3167 4387 3477 4444 barathrum
3518 4385 3621 4439 im-

2031 4493 2322 4564 prudentes
2349 4492 2658 4547 immittunt.
2686 4489 2750 4541 Et
2770 4488 2891 4541 ideo
2920 4499 3050 4554 rogo
3067 4490 3127 4536 ut
3148 4481 3405 4552 gehennze
3430 4476 3621 4532 memi-

2033 4587 2200 4650 neris,
2217 4584 2283 4638 de
2299 4582 2539 4653 gehenna
2558 4578 2821 4648 loquaris:
2841 4576 2910 4629 ita
2928 4575 3160 4629 animam
3179 4583 3322 4625 tuam
3337 4580 3622 4638 compone,

2037 4676 2421 4745 pulchramque
2448 4687 2509 4725 ac
2525 4671 2778 4725 decoram
2813 4666 2986 4722 effice.
3022 4665 3206 4734 Magna
3249 4662 3391 4716 enim
3436 4661 3628 4714 horum

2035 4766 2321 4821 verborum
2339 4762 2560 4816 utilitas.
2579 4759 2692 4814 Non
2711 4757 2855 4812 enim
2874 4757 3013 4811 Deus
3034 4771 3152 4808 eam
3175 4765 3378 4807 temere
3399 4750 3629 4805 minatus

2039 4866 2143 4922 est,
2158 4865 2318 4926 atque
2332 4852 2669 4908 manifestam
2683 4850 2809 4905 hinc
2822 4847 3082 4904 reddidit:
3098 4845 3192 4901 sed
3213 4844 3263 4899 id
3277 4845 3404 4898 fecit
3417 4853 3473 4896 ut
3484 4850 3628 4896 metu
3719 4845 3726 4850 '

2039 4951 2288 5006 meliores
2315 4947 2584 5004 redderet.
2604 4945 2670 4999 Et
2691 4945 2812 5000 ideo
2833 4943 3080 4999 diabolus
3100 4942 3275 4995 omnia
3301 4937 3425 4992 facit
3445 4945 3500 4990 et
3518 4947 3632 4987 mo-

2043 5043 2203 5110 litur,
2259 5041 2376 5110 ejus
2435 5039 2622 5094 volens
2671 5039 2883 5093 auferre
2939 5035 3274 5091 memoriam.
3335 5028 3456 5083 Noli
3511 5039 3628 5079 eam

2044 5133 2302 5188 memoria
2347 5131 2544 5202 ejicere
2593 5147 2610 5184 :
2661 5145 2764 5184 nec
2809 5128 2993 5183 dicas:
3039 5125 3148 5181 Cur
3197 5137 3283 5177 me
3332 5121 3632 5187 importuna

2044 5226 2276 5281 afficiam
2323 5223 2582 5280 tristitia?
2634 5223 2944 5292 lmportuna
2996 5219 3099 5272 erit
3129 5212 3364 5276 tristitia,
3412 5205 3630 5279 quando

2047 5318 2262 5388 angeris
2308 5317 2358 5369 in
2411 5313 2694 5385 gehenna;
2730 5312 2830 5366 hoc
2877 5317 2961 5364 est
3009 5316 3218 5375 tempus
3247 5299 3497 5363 tristitiae,
3531 5311 3635 5352 nou

2051 5409 2200 5463 illud.
2235 5408 2301 5460 Et
2327 5406 2428 5460 hoc
2452 5403 2690 5459 ostendit
2733 5401 2824 5456 ille
2868 5399 3130 5453 Lazarum
3152 5391 3454 5462 despiciens
3491 5388 3637 5444 dives

2053 5501 2202 5574 (Luc.
2240 5499 2324 5553 16.
2368 5498 2486 5567 25),
2536 5497 2620 5550 cui
2670 5495 2804 5549 nihil
2851 5489 3165 5561 profuerunt
3206 5481 3639 5544 innumerabiles,

2054 5592 2246 5663 quibus
2282 5589 2634 5652 afficiebatur,
2661 5583 2942 5640 molestias.
2985 5581 3040 5636 Si
3069 5589 3250 5635 autem
3301 5578 3353 5631 in
3406 5584 3646 5642 tempore

2053 5683 2332 5749 doluisset,
2351 5697 2457 5734 non
2485 5694 2546 5734 ea
2581 5693 2768 5748 passus
2795 5684 2944 5733 esset
2964 5689 3084 5745 qua:
3109 5685 3298 5743 passus
3322 5678 3424 5725 est.
3445 5669 3498 5725 6.
3521 5667 3648 5721 Pro-

2057 5794 2165 5851 pter
2192 5777 2444 5832 miseriam
2473 5774 2682 5842 inopum
2719 5781 2766 5825 et
2796 5769 3036 5841 gemitum
3077 5779 3360 5837 pauperum
3398 5774 3532 5816 nunc
3563 5774 3654 5813 cx-

347 5359 492 5397 oersa
520 5343 654 5396 labia
681 5341 886 5408 dolosa,
918 5343 1147 5413 linguam
1172 5341 1569 5411 magniloquam,
1600 5340 1653 5394 5.
1683 5339 1770 5410 qui
1797 5339 1941 5393 dixe-

349 5446 468 5488 runt
490 5434 779 5505 :Linguam
803 5440 1029 5488 nostram
1060 5434 1516 5504 magni/icabimus.
1551 5431 1698 5486 Alius
1721 5473 1735 5497 ,
1766 5430 1942 5483 Denti-

355 5528 613 5581 nubimur.
645 5525 807 5580 Labia
849 5535 1025 5580 nostra
1062 5525 1202 5594 apud
1230 5543 1320 5578 nos
1360 5533 1495 5578 sunt.
1529 5524 1700 5590 Alius,
1748 5523 1944 5575 Adsunt

357 5620 634 5676 nobiscum.
693 5618 822 5686 Quis
850 5627 1018 5673 noster
1059 5618 1309 5673 Dominus
1335 5617 1456 5672 est?
1503 5617 1672 5686 Alius,
1707 5616 1832 5685 Quis
1856 5632 1948 5670 no-

419 5790 494 5857 (α)
527 5799 606 5844 tlte
627 5805 794 5853 voces,
821 5796 866 5842 et
889 5802 942 5842 ut
961 5801 1118 5855 croco,
1144 5790 1323 5840 desunt
1345 5791 1393 5840 in
1417 5789 1578 5840 Morel.
