4030 6402
556 309 654 363 117

551 435 774 489 surgam,
807 416 927 469 dicit
971 411 1233 468 Dominus.
1269 408 1463 463 Ponant
1493 409 1544 462 in
1570 407 1806 471 salutari,
1836 407 2141 476 ﬁducialitcr

546 529 697 582 agam
722 513 774 563 in
802 511 931 579 ipso.
957 508 1125 571 Alius,
1157 505 1393 559 Statuam
1437 502 1662 556 salutare
1684 503 2013 571 conspicuum
2039 498 2135 569 (ιι).

624 601 920 654 ΑάΙιοιιαιὶο
946 599 1014 650 ad
1050 595 1368 667 patientiam.
1390 624 1461 634 -ο
1481 594 1638 648 Disce
1659 600 1852 663 quanta
1879 592 1946 644 sit
1973 592 2139 646 virtus

545 692 879 749 humilitatis.
928 690 1230 757 Pauperum
1259 695 1343 740 est
1381 686 1616 755 potentia
1661 686 2025 755 (pauperum,
2056 684 2137 738 in-

546 799 728 855 quam,
757 796 945 836 eorum
974 779 1065 850 qui
1096 787 1226 833 sunt
1251 776 1469 832 contriti
1500 775 1720 846 corde),
1765 783 1848 828 est
1897 775 1948 828 in
1981 774 2137 829 malis

542 873 915 946 patrocinium.
963 869 1081 925 Non
1129 868 1276 925 enim
1328 868 1514 933 vitam,
1566 881 1665 921 nec
1711 873 1993 931 virtutem,
2042 864 2136 919 sed

543 965 805 1020 malorum
853 961 1260 1034 perpessionem
1290 959 1419 1014 dicit
1459 959 1630 1014 Deum
1657 959 1912 1023 excitare,
1935 967 1989 1012 et
2012 972 2136 1011 eum

538 1056 608 1111 ad
654 1055 983 1125 supplicium
1011 1061 1067 1108 et
1097 1052 1385 1107 vindictam
1430 1065 1678 1105 evocare.
1710 1048 1880 1104 Tanta
1912 1063 1999 1103 res
2028 1056 2132 1112 est,

535 1150 582 1203 si
614 1148 706 1203 tibi
756 1148 849 1201 ﬁat
890 1145 1116 1216 injuria,
1163 1159 1281 1200 eam
1320 1142 1464 1199 ferre
1508 1141 1631 1197 forti
1673 1140 1885 1206 animo;
1932 1149 2133 1193 tantam

540 1240 681 1294 Dens
711 1254 894 1293 curam
922 1237 1061 1308 gerit
1090 1251 1275 1291 eorum
1317 1234 1408 1305 qui
1434 1234 1738 1288 afﬁciuntur
1760 1231 2130 1287 contumeliis:

536 1328 784 1383 maximae
826 1327 1155 1383 defensionis
1196 1327 1314 1381 loco
1343 1336 1426 1381 est
1468 1326 1744 1380 calamitas
1771 1331 1827 1379 et
1871 1336 2127 1377 a'rumna.

535 1420 720 1490 Magna
761 1430 845 1476 est
882 1420 963 1476 vis
1006 1419 1252 1491 ejulatus,
1281 1434 1401 1490 qum
1446 1432 1735 1488 supernum
1762 1424 1949 1471 evocat
1976 1416 2131 1469 auxi-

541 1514 689 1567 lium.
734 1513 964 1578 Timete,
1009 1513 1329 1584 quicumque
1370 1526 1633 1583 pauperes
1661 1510 1853 1582 injuria
1896 1508 2125 1564 afﬁcitis.

537 1606 755 1661 llabetis
784 1623 879 1663 vos
920 1607 1232 1677 potentiam,
1265 1621 1415 1676 opes,
1458 1604 1754 1676 pecuniam,
1797 1612 1851 1659 et
1886 1602 2127 1674 judicum

531 1698 995 1754 benevolentiam:
1036 1699 1129 1754 sed
1154 1698 1349 1753 habent
1371 1699 1445 1753 illi
1477 1713 1624 1753 arma
1645 1696 1882 1751 omnium
1915 1696 2128 1750 validis-

529 1792 686 1855 sima,
730 1793 923 1855 luctus,
972 1801 1027 1846 et
1072 1791 1323 1860 ejulatns,
1376 1791 1623 1861 ipsasque
1672 1789 1892 1859 injurias
1938 1804 2058 1858 qua:
2095 1802 2127 1842 e

528 1884 677 1938 ca-lis
704 1884 957 1938 auxilium
981 1884 1274 1938 attrahunt.
1306 1883 1429 1937 llatc
1452 1896 1598 1937 arma
1628 1880 1817 1936 domos
1841 1878 2122 1942 ell‘odiunt,

529 1978 646 2033 lucc
692 1978 1038 2034 fundamenta
1082 1986 1349 2041 evertunt,
1387 1977 1501 2032 haec
1544 1977 1789 2032 civitates
1817 1974 2119 2037 destruunt,

527 2068 642 2123 lure
672 2071 904 2140 integras
947 2080 1135 2139 gentes
1175 2070 1558 2139 submergunt;
1602 2069 1833 2139 gemitus
1878 2066 2000 2122 dico
2030 2081 2123 2120 eo-

525 2176 665 2226 rum,
704 2162 794 2232 qui
838 2161 1142 2216 afﬁciuntur
1174 2162 1387 2230 injuria.
1429 2160 1633 2215 Bonum
1664 2174 1848 2215 eorum
1883 2157 2119 2212 animum

527 2253 666 2307 licus
708 2262 1002 2319 reveretur,
1032 2251 1247 2324 quando
1287 2251 1425 2307 mala
1457 2252 1740 2321 patientes,
1774 2249 1978 2303 nullum
2010 2264 2123 2302 ma-

523 2343 630 2398 lum
663 2344 884 2399 verbum
927 2346 1224 2414 proferunt,
1268 2344 1363 2399 sed
1411 2351 1618 2398 tantum
1663 2352 1902 2413 gemunt,
1929 2351 1983 2396 et
2023 2356 2117 2395 sua

523 2435 662 2491 mala
693 2435 994 2505 deplorant.
1024 2435 1161 2503 Quid
1193 2444 1277 2491 est
1301 2446 1500 2500 autem,
1534 2435 1739 2490 Ponant
1785 2437 1839 2489 in
1880 2435 2115 2500 salutari,

520 2525 829 2592 ﬁduciuliter
865 2542 1016 2596 agant
1046 2526 1098 2579 in
1125 2526 1279 2596 ipso?
1308 2526 1440 2581 Cum
1471 2525 1684 2593 ﬁducia,
1712 2526 1904 2596 inquit,
1933 2535 2118 2592 aperte

520 2626 575 2669 et
602 2616 887 2672 manifeste
912 2632 1007 2672 eos
1035 2616 1346 2683 defendam,
1383 2626 1440 2672 ut
1482 2632 1671 2672 omnes
1695 2616 2011 2687 intelligant.
2050 2618 2117 2671 Et

521 2707 862 2776 quandonam
893 2723 998 2763 non
1028 2717 1317 2763 conservat
1352 2722 1448 2764 eos
1478 2708 1653 2778 palam
1699 2718 1754 2763 et
1797 2707 2115 2762 m‘anifcste?

517 2798 927 2871 Nonnumquam
951 2801 1003 2856 id
1031 2800 1154 2857 facit
1179 2817 1287 2856 non
1318 2800 1617 2866 manifeste,
1636 2803 1730 2858 sed
1756 2801 1921 2857 clam:
1943 2816 2114 2871 neque

518 2894 660 2947 enim
682 2907 818 2962 opus
841 2892 1002 2948 habet
1017 2908 1079 2948 ea
1095 2909 1214 2963 qua:
1239 2902 1322 2948 est
1339 2893 1409 2948 ab
1429 2884 1737 2948 hominibus
1760 2893 1946 2964 gloria.
1962 2892 2112 2948 Nunc

518 2993 719 3052 autem,
736 2987 985 3056 quoniam
999 2986 1292 3042 verisimile
1306 2987 1679 3041 eratinimicos
1698 2987 2111 3057 irruere,eisqne

523 3075 802 3143 insultare,
820 3085 874 3132 et
897 3076 1223 3147 exprobrare
1251 3077 1393 3148 quod
1413 3077 1575 3133 Deum
1598 3092 1705 3133 non
1729 3077 1989 3133 haberent
2012 3079 2109 3133 ad~

512 3166 770 3236 jutorem,
812 3175 870 3222 ut
914 3168 990 3223 illi
1027 3182 1241 3240 quoque
1291 3168 1708 3224 emendarentur
1758 3178 1813 3224 et
1860 3169 2111 3225 meliores

516 3260 723 3325 ﬁerent,
743 3275 864 3315 cum
890 3262 1220 3329 experientia
1249 3260 1567 3316 didicissent
1590 3260 1801 3316 Domini
1825 3261 2106 3328 auxilium,

514 3353 735 3422 Aperte,
756 3352 943 3422 inquit,
960 3352 1151 3409 faciam
1176 3368 1273 3423 pro
1301 3353 1379 3408 eis
1398 3353 1645 3410 salutem.
1666 3353 1719 3407 7.
1748 3352 1966 3425 Eloquia
1994 3352 2108 3407 Do-

513 3445 660 3511 mini,
691 3444 891 3515 eloquia
933 3454 1101 3510 casta,
1145 3455 1411 3516 argentum
1456 3445 1573 3516 igne
1596 3446 1959 3513 examinatum,
1983 3463 2107 3517 pro-

512 3534 680 3588 batum
699 3545 864 3590 terrai.
887 3536 954 3591 Et
968 3537 1238 3607 quomodo
1254 3548 1378 3593 sunt
1397 3537 1510 3593 huic
1527 3553 1592 3594 ex
1611 3538 1676 3594 iis
1691 3554 1810 3609 qua:
1827 3539 1969 3595 dicta
1986 3550 2109 3596 sunt

511 3627 892 3696 consequentia
916 3628 939 3681 ‘t
976 3627 1205 3683 Pulchre
1234 3628 1546 3683 admodum.
1570 3628 1649 3685 Ne
1688 3628 1803 3685 haec
1827 3631 1987 3698 enim,
2020 3632 2104 3686 in-

508 3716 643 3786 quit,
662 3718 979 3774 existimetis
1001 3728 1204 3776 temere
1222 3720 1364 3775 dicta
1386 3735 1507 3776 esse
1532 3720 1823 3793 inanesque
1845 3732 1900 3778 et
1919 3736 2109 3792 super-

509 3822 773 3863 vacaneas
805 3824 926 3866 esse
966 3811 1142 3866 minas
1168 3828 1182 3865 :
1210 3820 1337 3867 sunt
1373 3812 1517 3867 enim
1559 3827 1690 3882 pura
1718 3813 1834 3883 ejus
1856 3813 2040 3880 verba,
2072 3830 2102 3867 a

509 3898 791 3955 mendacio
842 3900 1030 3957 libera.
1096 3901 1558 3969 Quemadmodum
1609 3904 1752 3959 enim
1821 3914 2101 3976 argentum

511 3990 732 4059 ignitum
761 3991 893 4044 nihil
921 3990 1082 4045 habet
1108 3992 1340 4046 alienum
1364 4002 1420 4048 et
1443 3993 1825 4064 adulterinum,
1843 3996 1914 4051 ita
1941 3997 2101 4051 etiam

511 4081 605 4135 Dei
639 4080 831 4147 verba,
863 4096 981 4151 qua:
1012 4080 1240 4147 dixerit,
1271 4084 1492 4139 omnino
1530 4086 1749 4141 evenire
1776 4096 2006 4157 oportet.
2036 4087 2105 4143 Et

508 4167 631 4225 ideo
678 4170 808 4225 dicit
852 4188 866 4224 :
912 4170 1193 4243 Argentum
1237 4174 1354 4245 igne
1400 4175 1786 4243 examinatum,
1836 4178 2102 4247 probatum

508 4275 677 4321 terrte.
706 4263 874 4329 Alius,
915 4261 1166 4335 Ignitum,
1199 4264 1379 4320 cedens
1422 4275 1590 4321 terrae.
1623 4266 1881 4324 llebrmus
1922 4279 2099 4325 autem

511 4370 607 4425 pro
625 4370 691 4410 eo
714 4355 855 4426 quod
886 4365 989 4420 est,
1018 4355 1216 4412 cedens
1246 4365 1424 4424 terrm,
1443 4358 1597 4425 dixit,
1615 4357 1786 4415 Baalil
1811 4360 1975 4416 laares
1997 4362 2095 4435 (b),

505 4445 611 4500 hoc
631 4455 740 4509 est,
759 4446 952 4514 fusum,
969 4448 1020 4503 in
1050 4457 1246 4504 terram
1264 4449 1455 4506 ﬂuens.
1480 4449 1764 4521 Purgatum
1789 4455 2095 4525 septuplum.

577 4539 630 4593 5.
675 4539 858 4594 Vidisti
883 4541 1153 4610 quomodo
1177 4541 1320 4612 quod
1347 4559 1531 4599 verum
1557 4553 1662 4611 est,
1690 4552 1745 4600 et
1765 4560 1793 4599 a
1821 4546 2101 4602 mendacio

503 4630 739 4685 alienum
769 4673 784 4695 ,
833 4649 927 4701 per
979 4635 1377 4691 similitudinem
1434 4637 1676 4693 materiai
1741 4639 2101 4695 ostenderit?

515 4722 964 4791 quemadmodum
1002 4725 1146 4780 enim
1189 4727 1317 4781 illud
1362 4727 1537 4783 fusum
1560 4770 1575 4794 ,
1606 4730 1828 4799 ignitum
1849 4772 1866 4798 ,
1898 4742 1950 4787 et
1995 4732 2099 4788 hoc

505 4828 651 4882 saepe
678 4827 915 4883 passum,
943 4826 1025 4871 est
1043 4816 1112 4870 ab
1140 4816 1311 4873 aliena
1345 4819 1566 4873 materia
1590 4820 1845 4889 alienum,
1875 4838 2100 4878 accura-

505 4907 713 4962 tissime
736 4913 1015 4975 purgatum
1048 4924 1061 4960 :
1096 4906 1165 4961 ita
1191 4908 1351 4963 etiam
1379 4909 1473 4966 Dei
1500 4910 1706 4978 prolata
1734 4914 2016 4968 sententia.
2040 4916 2093 4970 8.

506 4999 610 5064 Tu,
634 4998 872 5065 Domine,
899 4999 1116 5055 servabis
1144 5018 1255 5067 nos,
1284 5010 1329 5055 et
1350 5005 1600 5059 custodies
1628 5021 1721 5060 nos
1743 5005 1804 5059 ab
1834 5007 1929 5061 hac
1949 5024 2100 5078 gene—

498 5094 695 5150 ratione
720 5102 771 5149 et
810 5094 864 5148 in
906 5095 1166 5149 saeculum.
1200 5095 1379 5163 Alius,
1417 5095 1678 5155 Custodies
1715 5101 1872 5170 ipsos.
1905 5102 2054 5157 Alius
2078 5144 2093 5169 ,

560 5230 633 5304 (ai
656 5231 713 5283 In
735 5238 915 5304 tamen,
935 5240 1039 5304 reg»
1060 5243 1234 5304 ςιεττςριον
1256 5244 1423 5304 meum:
1440 5239 1552 5304 Haec
1573 5234 1917 5304 interpretatio
1935 5242 2093 5304 (graeca

499 5299 579 5340 est
593 5293 860 5364 symmschl
1042 5293 1235 5342 videtur
1256 5293 1384 5366 aliud
1411 5294 1624 5367 legisse,
1650 5293 1794 5359 quam
1818 5300 1867 5346 in
1890 5299 2095 5348 Hebraeo

499 5351 646 5401 hodie
668 5362 842 5403 iaceat.
868 5354 927 5403 Vt
963 5368 993 5403 e
1015 5369 1064 5403 tn
1085 5354 1314 5403 Hexaths
1339 5364 1534 5403 nostris.

498 5351 646 5419 hodie
665 5354 842 5419 jaceat.
868 5351 993 5404 Vide
1015 5356 1064 5404 in
1085 5354 1314 5419 Hexaplis
1337 5351 1534 5419 nostris.

564 5411 636 5483 (lt)
668 5411 929 5483 lacrimae,
958 5428 1088 5483 ρωῃλ
1106 5411 1249 5483 λάιρςξ.
1268 5416 1402 5467 Colb.
1425 5426 1477 5468 et
1496 5419 1635 5468 Savil.
1655 5432 1922 5483 Βααλὶνλὰαρς.
1940 5422 2093 5471 Prima

501 5486 596 5521 vox
621 5475 745 5525 haud
769 5475 1011 5541 duhie_8ic
1034 5475 1262 5541 legenda,
1280 5494 1429 5539 ιιαιλῖλ,
1451 5493 1561 5531 nam
1584 5484 1633 5530 in
1658 5475 1984 5532 ltebraico’sir.
2006 5484 2093 5532 ha-

502 5555 679 5639 ben-1c,
1077 5535 1344 5612 secundam
1368 5535 1535 5615 vocem
1559 5567 1629 5616 sic
1651 5565 1930 5628 exprimunt
1950 5567 2089 5616 Savil.

502 5630 843 5707 ςξ-ςρξρςλάιρς
864 5650 953 5697 pro
966 5648 1122 5707 ’λάβρῳ
1147 5638 1209 5707 in
1238 5642 1572 5707 antiquissimo
1593 5642 1769 5707 Codice
1795 5656 1859 5692 cx
1881 5658 1979 5707 quo
2000 5657 2091 5694 ex-

500 5695 768 5772 Eelgpsimtm
782 5695 1066 5772 opusculum
1082 5702 1303 5772 (trigonis
1320 5695 1370 5772 ᾗιὶ
1389 5703 1548 5752 fronte
1568 5695 1936 5772 ltexaplorum'a
1953 5707 2089 5760 nobis

504 5749 707 5812 editum,
731 5769 777 5816 p.
803 5749 881 5814 81,
905 5758 1013 5807 δεῦε
1036 5771 1126 5807 vox
1151 5749 1265 5835 ihs:
1568 5749 1976 5833 otior—{quini};

1192 298 1247 353 S.
1289 295 1568 354 JOANNIS
1605 294 2085 350 CllRYSOSTOMl
2127 291 2447 350 ARCIIIEP.
2492 294 3029 352 (IONSTANTINOP.
3715 305 3797 360 με

2254 406 2514 462 Custodies
2542 407 2654 472 ipsa
2674 448 2688 472 ,
2719 419 2763 463 et
2789 408 3103 463 conservatis
3131 425 3223 464 nos
3246 409 3307 463 ab
3336 411 3431 465 hac
3454 415 3744 481 generatione
3763 430 3801 472 et

2247 501 2299 554 in
2327 501 2586 555 sceculum.
2630 501 2798 565 Alius,
2821 501 2947 556 Cum
2976 504 3328 573 generatione,
3355 521 3466 573 qut:
3487 516 3555 559 est
3587 507 3636 560 in
3660 524 3799 563 που·

2246 592 2369 646 lum.
2398 592 2450 646 9.
2484 590 2547 645 In
2571 592 2779 645 circuitu
2802 593 2945 663 impii
2973 594 3257 648 ambulant.
3281 594 3449 662 Alius,
3477 596 3799 654 Ambulabunt.

2245 683 2426 747 Alius,
2457 682 2523 738 In
2565 685 2781 737 circuitu
2828 684 3100 754 impiorum
3155 685 3502 741 ambulabunt.
3545 688 3800 746 Secundum

2243 775 2560 829 altitudinem
2604 785 2743 830 tuam
2780 777 3131 847 multiplicasti
3174 780 3310 848 ﬁlios
3353 780 3622 837 hominum.
3652 784 3802 854 Aliu-=,

2247 867 2465 934 Quando
2490 868 2697 922 exaltati
2724 871 2912 939 fuerint
2942 870 3063 926 viles
3083 871 3308 941 ﬁliorum
3338 872 3610 930 hominum.
3637 876 3802 944 Alius,

2243 960 2537 1016 Secundum
2566 962 2883 1016 altitudinem
2910 978 3066 1031 parco
3093 965 3245 1033 empti
3270 964 3390 1033 filiis
3416 965 3686 1020 hominum.
3713 968 3804 1024 lle-

2242 1052 2417 1109 hrmus
2446 1062 2646 1120 autem,
2680 1054 2867 1109 Charm
2889 1053 3078 1108 zolloth
3109 1055 3252 1110 lebne
3276 1055 3442 1109 Adam
3464 1055 3563 1130 (a).
3589 1056 3680 1125 Tu,
3713 1059 3801 1113 Do-

2239 1146 2374 1200 mine
2391 1188 2405 1212 ,
2429 1147 2679 1201 custodiet
2705 1164 2829 1213 nos,
2862 1157 2908 1201 et
2936 1148 3252 1203 conseruabis
3280 1166 3389 1205 nos.
3419 1150 3553 1206 Vide
3578 1167 3691 1207 eum
3715 1151 3804 1207 frc-

2237 1247 2483 1307 quenter,
2515 1237 2624 1293 imo
2653 1252 2783 1293 vero
2811 1238 3025 1293 assidue
3054 1239 3121 1293 ad
3156 1239 3322 1295 Deum
3350 1239 3652 1313 confugere,
3677 1252 3727 1297 et
3746 1242 3805 1296 ab

2237 1342 2305 1384 eo
2334 1328 2589 1383 auxilium
2633 1338 2862 1398 petere:
2894 1339 2978 1386 est
3020 1330 3163 1386 enim
3206 1333 3629 1402 potentissimum
3675 1336 3805 1389 auxi-

2236 1420 2396 1487 lium,
2426 1420 2568 1491 quod
2612 1421 2758 1477 nullo
2799 1431 3040 1492 tempore
3083 1422 3505 1495 interrumpitur.
3553 1424 3700 1481 Nulla
3733 1442 3799 1492 re,

2235 1511 2440 1582 inquit,
2471 1512 2702 1568 humana
2742 1529 2877 1584 Opus
2917 1514 3195 1570 habemus.
3222 1515 3305 1569 Tu
3347 1515 3492 1571 enim
3518 1530 3609 1584 es,
3634 1517 3800 1587 inquit,

2232 1605 2322 1674 qui
2348 1614 2609 1676 perpetuo
2633 1605 2887 1660 custodis.
2910 1605 3048 1673 Quid
3076 1615 3160 1662 est
3177 1614 3374 1672 autem,
3399 1605 3468 1662 In
3496 1608 3697 1662 circuitu
3718 1610 3801 1663 im-

2234 1696 2306 1763 pii
2345 1696 2649 1750 ambulant?
2676 1696 2982 1752 Sccundum
3008 1696 3362 1769 Septuaginta
3400 1699 3615 1770 quidem
3643 1701 3707 1756 ita
3730 1702 3801 1755 di-

2231 1786 2458 1840 cendum
2512 1799 2641 1842 est:
2694 1787 2916 1842 Etiamsi
2957 1787 3103 1859 impii
3152 1803 3249 1844 nos
3290 1789 3634 1847 circumcirca
3677 1791 3802 1847 obsi-

2230 1876 2411 1945 deant,
2438 1878 2569 1933 nihil
2608 1893 2769 1949 grave
2798 1879 3059 1949 patiemur
3085 1894 3100 1932 :
3134 1894 3234 1935 nos
3256 1879 3400 1935 enim
3436 1896 3732 1949 conservas,
3756 1894 3801 1937 ct

2229 1970 2456 2033 extollis,
2484 1970 2764 2041 clarosque
2790 1980 2843 2026 et
2869 1970 3105 2028 illustres
3130 1971 3329 2028 reddis.
3358 1974 3415 2029 Si
3440 1974 3603 2031 alium
3643 1987 3800 2033 autem

2228 2059 2579 2129 interpretem
2609 2075 2916 2132 sequamur,
2937 2062 3038 2117 hoc
3059 2061 3344 2118 dicendum
3375 2072 3460 2119 est
3488 2084 3503 2118 :
3535 2065 3678 2137 lmpii
3716 2082 3800 2122 es-

2227 2154 2527 2219 trudentur,
2546 2155 2761 2225 quando
2788 2155 2921 2210 viles
2946 2171 3013 2211 ex
3043 2156 3161 2211 ﬁliis
3182 2156 3456 2213 hominum
3482 2160 3798 2215 exaltaveris.

2226 2244 2341 2299 lloc
2366 2252 2449 2299 est
2480 2263 2494 2297 :
2524 2245 2749 2313 Quando
2773 2262 2869 2301 nos
2892 2247 2981 2317 qui
3007 2246 3141 2301 viles
3168 2257 3479 2317 reputamur
3506 2258 3560 2306 et
3586 2260 3802 2305 contem-

2227 2338 2323 2407 pti,
2358 2336 2663 2393 humiliatos
2691 2339 2858 2410 gloria
2888 2339 3132 2395 all'eceris
3158 2382 3172 2406 ,
3200 2341 3450 2412 sejunges
3479 2341 3624 2414 ipsos
3646 2354 3697 2400 et
3716 2360 3801 2399 ex-

2224 2430 2415 2499 pelles.
2447 2430 2584 2498 Quid
2609 2440 2691 2486 est
2712 2439 2921 2496 autem,
2953 2430 3248 2486 Secundum
3284 2433 3606 2489 altitudinem
3638 2437 3801 2489 tuam?

2223 2519 2329 2575 Pro
2357 2537 2422 2576 eo
2459 2522 2603 2593 quod
2641 2530 2725 2577 est
2746 2564 2760 2587 ,
2792 2521 2997 2579 similes
3022 2524 3098 2578 tui
3124 2522 3344 2579 eﬁ'ecisti
3365 2564 3381 2591 ,
3412 2534 3670 2596 quatenus
3697 2528 3797 2582 ﬁeri

2223 2621 2398 2682 potest
2427 2622 2485 2667 ut
2526 2615 2688 2669 homo
2716 2615 2785 2669 sit
2816 2615 3005 2669 similis
3036 2633 3048 2669 :
3082 2614 3359 2670 Faciamus
3400 2617 3546 2672 enim
3568 2660 3582 2685 ,
3609 2619 3794 2688 inquit,

2222 2702 2477 2759 hominem
2504 2705 2574 2759 ad
2615 2706 2887 2777 imaginem
2911 2716 2958 2761 et
2985 2707 3366 2763 similitudinem
3394 2719 3621 2763 nostram
3648 2707 3795 2781 (Ceu.

2221 2798 2272 2852 1.
2302 2795 2415 2869 26).
2441 2798 2592 2865 Quod
2623 2799 2735 2869 ipse
2763 2800 2904 2854 enim
2933 2808 3023 2855 est‘
3044 2800 3096 2854 in
3122 2800 3275 2868 czelo,
3302 2799 3404 2857 hoc
3433 2817 3534 2858 nos
3563 2803 3614 2858 in
3636 2812 3792 2857 terra:

2219 2897 2272 2942 et
2300 2890 2748 2959 quemadmodum
2780 2906 3012 2961 superne
3043 2891 3219 2946 nullus
3246 2900 3329 2947 est
3355 2906 3422 2947 eo
3450 2897 3707 2965 superior,
3737 2893 3797 2948 ita

2217 2982 2395 3037 nullus
2417 2983 2471 3038 in
2495 2995 2636 3040 terra
2661 2994 2744 3039 est
2773 2985 2897 3040 huic
2920 2984 3135 3039 animali
3157 2984 3352 3040 virtute
3376 2986 3588 3042 similis.
3616 2985 3794 3050 Estotr,

2217 3074 2410 3145 inquit,
2442 3074 2631 3129 similes
2662 3075 2831 3130 Patris
2856 3075 3023 3142 vestri,
3054 3076 3139 3145 qui
3167 3086 3241 3130 est
3267 3076 3321 3129 in
3346 3077 3489 3132 caelis
3517 3076 3723 3149 (Matth.
3748 3078 3794 3132 5.

2214 3166 2332 3238 45).
2370 3166 2670 3233 Quinetiam
2712 3167 2945 3223 nominis
2969 3182 3179 3238 quoque
3216 3168 3294 3221 sui
3326 3183 3424 3223 nos
3448 3168 3577 3224 fecit
3604 3168 3797 3238 partici-
3855 3152 3863 3160 ’

2219 3270 2314 3326 pes
2345 3275 2357 3311 :
2388 3256 2501 3327 Ego
2525 3257 2654 3323 dixi,
2688 3258 2879 3328 inqttit,
2906 3257 2995 3312 Dii
3032 3259 3172 3323 estis,
3203 3268 3249 3312 et
3276 3260 3372 3327 ﬁlii
3402 3259 3608 3316 Excelst'
3644 3277 3796 3315 omnes

2215 3346 2386 3415 (Psal.
2417 3348 2619 3421 81.6).
2644 3348 2711 3403 Et
2745 3364 2962 3416 rursus,
2990 3349 3237 3405 Constitui
3264 3361 3310 3404 te
3343 3350 3492 3405 deum
3525 3350 3796 3406 Pharaonis

2213 3440 2409 3510 (Exod.
2454 3441 2506 3494 7.
2554 3441 2660 3512 l):
2693 3450 2749 3497 et
2794 3440 2920 3497 fecit
2945 3452 3003 3498 ut
3042 3451 3185 3498 esset
3222 3442 3397 3513 opifex
3429 3458 3792 3515 corporearqu

2212 3539 2262 3585 et
2306 3532 2761 3602 incorporeorum.
2790 3533 2853 3587 Et
2881 3541 3007 3589 tunc
3029 3532 3242 3603 quidem
3266 3541 3435 3588 mutat
3459 3534 3634 3591 Moses
3659 3548 3793 3589 crea-

2212 3631 2421 3683 turam.
2466 3638 2609 3678 nunc
2649 3634 2827 3679 autem
2870 3624 2962 3680 alii
3003 3622 3105 3679 alia
3143 3624 3455 3681 elementa:
3482 3626 3640 3681 nobis
3679 3642 3794 3681 vero

2208 3714 2464 3784 pnecepit
2492 3728 2590 3769 nos
2612 3715 2756 3785 ipsos
2782 3715 2892 3770 Deo
2918 3716 3174 3787 templum
3204 3724 3502 3772 exstruere.
3536 3717 3649 3771 Etsi
3680 3733 3793 3787 ergo

2209 3819 2316 3859 non
2344 3804 2619 3860 fabriceris
2648 3807 2855 3871 caelum,
2895 3806 2986 3861 Dei
3016 3816 3191 3861 tamen
3222 3807 3479 3877 templum
3532 3808 3794 3863 fabricari,

2210 3893 2305 3969 (1.
2329 3894 2447 3949 Cor.
2473 3898 2526 3952 6.
2559 3895 2671 3969 19).
2714 3897 3003 3967 Propterea
3050 3897 3192 3953 enim
3238 3898 3428 3953 caelum
3472 3914 3687 3970 quoque
3723 3908 3797 3951 est

2208 3985 2543 4055 splendidum
2570 4029 2584 4054 ,
2612 3989 2864 4059 quoniam
2910 3988 3070 4045 habet
3109 3989 3275 4044 Deum
3316 3991 3369 4045 in
3412 3989 3532 4061 ipso
3562 3990 3791 4045 habitan-

2209 4087 2315 4134 tem
2351 4097 2365 4134 :
2394 4081 2503 4135 imo
2531 4095 2659 4136 vero
2684 4089 2740 4135 et
2784 4096 2883 4136 nos
2918 4096 3015 4152 per
3048 4080 3341 4136 Christum.
3385 4080 3793 4137 Conresuscitarit

2207 4172 2371 4238 enim,
2399 4182 2447 4226 et
2473 4189 2565 4226 nos
2593 4174 2862 4228 consedere
2899 4176 3015 4246 fecit
3042 4176 3093 4229 in
3120 4175 3312 4230 daturis
3339 4176 3392 4229 in
3421 4178 3561 4232 ccelis
3587 4177 3791 4248 (Ephcs.

2205 4263 2260 4317 2.
2286 4264 2367 4335 6),
2398 4274 2448 4319 et
2474 4264 2642 4333 dedit,
2674 4276 2732 4320 ut
2760 4266 2959 4335 majora
2990 4266 3288 4323 faceremus
3315 4267 3401 4336 iis,
3429 4284 3550 4339 qua:
3582 4270 3691 4340 ipse
3721 4269 3792 4323 fe-

2205 4353 2297 4409 cit.
2332 4354 2495 4427 Signa
2515 4355 2676 4421 enim,
2715 4357 2904 4426 inquit,
2924 4372 3036 4428 qua:
3060 4373 3151 4429 ego
3180 4359 3335 4430 facio,
3363 4359 3470 4429 ipse
3493 4376 3691 4430 quoque
3722 4361 3793 4429 fa-

2206 4446 2320 4513 ciet,
2346 4456 2392 4500 et
2430 4448 2629 4518 majora
2669 4448 2747 4501 his
2786 4448 2932 4517 faciet
2958 4446 3134 4518 (Joan.
3170 4449 3256 4503 M.
3287 4449 3399 4513 12).
3436 4450 3504 4505 Et
3542 4453 3595 4506 in
3621 4450 3786 4505 Veteri

2207 4535 2549 4591 Testamento
2575 4536 2662 4591 hic
2686 4538 2899 4608 quidem
2928 4553 3075 4593 mare
3099 4540 3324 4593 mutavit
3345 4538 3539 4610 (Exod.
3577 4542 3660 4596 11.
3683 4541 3739 4595 SI
3756 4554 3792 4605 ).

2206 4626 2298 4681 ille
2327 4643 2454 4682 vero
2493 4627 2661 4682 solem
2706 4628 2950 4695 frenavit,
2980 4629 3114 4683 alius
3156 4630 3335 4684 lunam
3372 4630 3531 4699 jussit
3585 4649 3793 4686 manere

2207 4717 2391 4788 (Iosue
2420 4718 2509 4773 10.
2539 4718 2661 4788 15),
2687 4718 2822 4773 alius
2852 4734 3035 4774 rursus
3079 4720 3131 4773 in
3180 4735 3237 4774 se
3277 4719 3456 4775 radios
3484 4723 3676 4776 avertit
3702 4723 3720 4790 (
3742 4723 3788 4774 4.

2205 4809 2333 4878 Reg.
2373 4809 2464 4865 20.
2504 4810 2593 4880 11)
2626 4827 2637 4861 :
2667 4810 2817 4880 pueri
2846 4821 3025 4866 autem
3055 4811 3107 4865 in
3148 4810 3363 4867 fornace
3388 4813 3639 4869 elementi
3668 4831 3794 4883 opr-

2202 4902 2467 4956 rationem
2499 4900 2816 4972 alligarunt,
2844 4910 2899 4957 et
2937 4900 3152 4957 ﬂamma
3184 4902 3455 4958 insaniens
3500 4905 3721 4969 silebat,
3744 4913 3793 4955 et

2201 4992 2411 5064 alligata
2449 4993 2696 5049 sibilahat
2738 4992 2912 5065 (Dan.
2941 4994 2997 5049 ’5.
3045 4993 3138 5049 25.
3169 5012 3278 5066 sqq.
3302 4993 3347 5066 ).
3393 4995 3601 5052 Norunt
3639 4997 3789 5052 etiam

2201 5083 2328 5139 ferte
2355 5086 2587 5139 revereri
2614 5084 2708 5141 Dei
2733 5085 2935 5141 amicos
2961 5084 3126 5157 (Dan.
3146 5086 3200 5142 6.
3230 5087 3323 5159 22)
3350 5106 3363 5141 :
3396 5098 3449 5143 et
3482 5088 3605 5144 licet
3634 5089 3789 5142 fames

2201 5184 2426 5244 urgeat,
2465 5174 2819 5231 modestiores
2849 5186 3025 5232 tamen
3059 5176 3209 5231 ﬁunt.
3237 5177 3337 5246 Qui
3383 5189 3506 5233 sunt
3542 5182 3679 5250 gula!
3708 5178 3792 5233 de-

2198 5265 2317 5331 diti,
2348 5275 2692 5322 revereantur
2716 5266 2950 5323 ferarum
2981 5267 3374 5326 abstinentiam.
3405 5271 3609 5329 Leones
3648 5270 3789 5325 vide-

2199 5366 2325 5411 runt
2353 5357 2650 5426 Danielem,
2680 5368 2735 5413 et
2760 5359 3157 5416 moderatiores
3176 5359 3349 5416 effecti
3390 5373 3514 5417 sunt
3539 5380 3551 5416 :
3584 5377 3683 5417 nos
3702 5378 3792 5415 vc-

2198 5449 2431 5504 nientem
2463 5450 2528 5504 ad
2551 5466 2649 5505 nos
2673 5448 2869 5504 Filium
2904 5451 2996 5506 Dei
3026 5450 3287 5517 videntes,
3306 5453 3657 5523 sapientiores
3688 5468 3788 5507 non

2198 5541 2499 5597 reddimur.
2532 5542 2831 5599 Maluerunt
2858 5543 2936 5598 illi
2961 5541 3102 5600 fame
3131 5545 3324 5615 perire,
3356 5560 3515 5616 quam
3552 5555 3790 5600 sanctum

2198 5650 2392 5703 corpus
2419 5645 2638 5705 tangere
2670 5652 2683 5689 :
2715 5651 2815 5691 nos
2841 5636 3042 5692 nudum
3069 5637 3337 5694 Christum
3363 5651 3419 5695 et
3446 5638 3583 5694 fame
3614 5637 3788 5693 confe-

2261 5774 2334 5835 (αὶ
2370 5773 2526 5825 Voces
2544 5773 2762 5824 Hebraeae
2780 5784 2913 5831 sunt.
2938 5782 3059 5834 mn
3086 5754 3349 5836 931511157
3374 5783 3485 5834 ΞΠ)
