4030 6462
234 327 329 385 ιιι
1464 352 1827 412 EXI‘OSITIO
1859 353 1926 410 ΙΝ
1962 355 2295 423 Ρελωιυιι
2331 367 2419 422 XI.
3460 379 3560 435 NB

244 448 459 515 τηρὶῳ.
517 455 1065 532 παῤῥησιιίσομαι
1109 464 1180 519 ἐν
1220 464 1399 530 αὐτῷ.
1459 467 1669 534 Ἄλλος,
1724 468 1884 535 Τάξω
1986 477 2301 532 πατοῦσιν.
2351 479 2562 543 Ἄλλος,
2605 482 3146 549 Περιπατήσουσιν.
3187 487 3400 553 Ἄλλος,
3448 495 3558 546 ιιίῖη

258 543 561 615 σωτήρων
586 550 909 621 ἐμφανές.
1983 575 2110 638 φίλῳ
2137 572 2372 626 ἀσεϐῶν
2385 543 2957 645 ἐμπεριπατήσουσι.
2986 581 3146 636 Κατὰ
3176 583 3240 637 τὸ
3441 543 3557 643 σου

336 685 496 741 Μάθε
543 690 703 765 πόση
745 695 855 766 τῆς
902 700 1408 773 ταπεινοφροσύνης
1453 703 1488 773 ἡ
1542 702 1718 773 ἰσχύς.
1762 704 1884 757 Τῶν

280 786 527 858 πενήτων
568 788 609 860 ἡ
650 788 905 864 δύναμις
947 795 1219 869 (πενήτων
1262 798 1427 867 λέγω,
1472 799 1584 853 τῶν
1625 800 1724 871 τὴν
1763 801 1882 856 διά-

283 901 428 939 νοιαν
454 890 1007 963 συντετριμμένων),
1029 893 1124 948 τοῦ
1157 895 1345 959 κακῶς
1387 897 1618 968 πάσχειν
1649 899 1799 952 ἐστὶν
1847 902 1881 970 ἡ

284 982 595 1055 ἀντίληψις.
614 986 762 1040 Οὐδὲ
787 987 899 1060 γὰρ
924 988 1038 1060 βίον
1055 990 1287 1046 ἐνταῦθά
1310 1010 1494 1065 φησιν,
1515 993 1637 1046 οὐδὲ
1657 994 1878 1065 ἀρετὴν,

288 1078 421 1132 ἀλλὰ
436 1079 500 1133 τὸ
516 1080 763 1152 πάσχειν
783 1085 990 1150 κακῶς,
1010 1085 1164 1157 φησὶ,
1179 1087 1338 1142 τοῦτο
1352 1088 1542 1160 ἀνίστη
1550 1106 1601 1143 σι
1612 1089 1704 1144 τὸν
1724 1090 1877 1154 Θεὸν,

297 1165 445 1239 μει]
466 1170 566 1221 καὶ
588 1170 913 1226 ἐκκαλεῖται
937 1175 1072 1245 πρὸς
1098 1176 1372 1248 τιμωρίαν
1390 1179 1486 1232 καὶ
1516 1179 1749 1250 ἄμυναν.
1777 1181 1870 1234 Το-

292 1257 482 1312 σοῦτόν
505 1260 629 1313 ἐστι
659 1262 725 1314 τὸ
753 1261 1101 1335 ἀδικούμενον
1117 1266 1302 1337 φέρειν
1324 1268 1612 1337 γενναίως,
1642 1270 1878 1343 τοσαύτη

289 1351 401 1405 τῶν
430 1354 901 1426 ὲπηρεαζομένων
933 1356 1082 1427 παρὰ
1100 1357 1195 1410 τοῦ
1221 1357 1355 1411 Θεοῦ
1384 1361 1418 1429 ἡ
1449 1360 1706 1432 πρόνοια,
1757 1362 1879 1416 ἀντὶ

291 1441 566 1512 μεγίστης
601 1445 929 1515 συνηγορίας
954 1446 986 1514 ἡ
1024 1445 1277 1517 συμφορὰ
1302 1447 1397 1500 καὶ
1418 1447 1496 1519 τῷ
1520 1450 1748 1520 πάσχειν
1777 1467 1875 1504 κα-

287 1531 405 1595 κῶς
430 1533 722 1605 γινομένη.
762 1535 985 1607 Μεγάλη
1020 1536 1115 1589 τοῦ
1146 1538 1452 1608 στεναγμοῦ
1501 1541 1535 1611 η
1580 1542 1752 1611 ἰσχὺς,
1776 1541 1877 1612 τὴν

288 1620 503 1674 ἀνωθεν
533 1622 779 1677 καλοῦσα
816 1627 1006 1697 ῥοπήν.
1033 1627 1308 1699 Φοϐήθητε
1333 1630 1447 1682 ὅσοι
1485 1632 1610 1694 τοὺς
1639 1631 1876 1702 πένητας

284 1708 759 1781 ἀδικεῖτε.Ἕχετε
785 1711 1010 1785 δύναμιν
1033 1716 1207 1786 ὑμεῖς,
1230 1719 1323 1771 καὶ
1352 1718 1600 1785 πλοῦτον,
1627 1720 1721 1773 καί
1742 1723 1876 1791 χρή-

285 1816 463 1868 ματα,
517 1801 617 1854 καὶ
667 1800 936 1858 δικαστῶν
974 1804 1220 1879 εὔνοιαν⁸
1272 1807 1389 1862 ἀλλ’
1422 1808 1636 1880 ἔχουσιν
1677 1813 1873 1865 ἐκεῖνοι

283 1892 523 1945 πάντων
547 1893 893 1964 ἰσχυρότερον
909 1895 1090 1961 ὅπλον,
1118 1898 1247 1962 τούς
1270 1901 1608 1971 στεναγμοὺς
1627 1901 1721 1954 καὶ
1747 1903 1875 1966 τοὺς

280 1982 555 2055 θρήνους,
584 1986 679 2039 καὶ
720 1987 851 2040 αὐτὸ
878 1987 940 2042 τὸ
971 1988 1294 2054 ἀδικεῖσθαι,
1337 1990 1481 2063 άπερ
1523 1994 1623 2063 τὴν
1656 1995 1721 2046 ὲκ
1764 1994 1872 2047 τῶν

280 2074 545 2146 οὐρανῶν
568 2078 865 2130 ἐπισπᾶται
887 2080 1222 2151 συμμαχίαν.
1240 2080 1410 2136 Τοῦτο
1428 2083 1488 2136 τὸ
1508 2083 1672 2139 ὅπλον
1695 2085 1872 2148 οἰκίας

278 2164 601 2234 ἀνορύττει,
640 2166 797 2220 τοῦτο
830 2167 1107 2238 θεμελίους
1132 2171 1463 2241 κατέσκαψε,
1501 2171 1657 2225 τοῦτο
1688 2172 1872 2238 πόλεις

276 2246 504 2310 ἀνεῖλε,
549 2248 709 2302 τοῦτο
758 2250 1027 2324 ὁλόκληρα
1075 2252 1202 2324 ἔθνη
1246 2257 1633 2308 κατεπόντισε·
1681 2272 1871 2310 στενα-

276 2332 469 2402 γμοὺς
502 2332 872 2404 ἀδικουμένων
891 2335 1193 2409 ἀνθρώπων
1207 2337 1368 2406 λέγω.
1390 2339 1629 2393 Δίδεῖται
1663 2340 1762 2412 τὴν
1786 2342 1870 2394 εὐ-

276 2427 650 2500 γνωμοσύνην
674 2431 854 2485 αὐτῶν
879 2435 907 2487 6
923 2434 1073 2498 Θεὸς,
1093 2437 1218 2490 ὅταν
1236 2436 1417 2500 κακῶς
1438 2437 1738 2508 πάσχοντες
1764 2455 1868 2508 μη-

274 2520 374 2573 δὲν
394 2522 637 2592 πονηρὸν
655 2524 924 2595 ὲκφέρωσι
952 2527 1125 2598 ῥῆμα,
1155 2528 1452 2593 στενάζωσι
1479 2528 1535 2583 δὲ
1561 2529 1740 2600 μόνον,
1772 2531 1869 2585 καὶ

278 2611 668 2684 ἀποδύρωνται
718 2616 786 2668 τὰ
830 2617 1004 2672 οίκεῖα
1038 2619 1201 2674 κακά.
1234 2620 1299 2673 Τί
1340 2618 1397 2673 δέ
1429 2622 1564 2685 ἐστι,
1597 2620 1867 2693 Θήσομαι

275 2707 352 2757 ἐν
381 2708 682 2775 σωτηρίῳ,
713 2709 1198 2782 παρρησιάσομαι
1221 2712 1292 2765 ὲν
1319 2710 1478 2777 αὐτῷ
1494 2730 1514 2778 ;
1550 2713 1707 2767 Μετὰ
1732 2716 1866 2786 παῤ-

275 2800 505 2869 ῥησίας,
538 2800 726 2869 φησὶν,
751 2799 930 2855 αὐτῶν
953 2802 1332 2872 προστήσομαι
1359 2804 1612 2876 φανερῶς
1642 2804 1737 2857 καὶ
1765 2804 1863 2873 δή-

272 2889 405 2954 λως,
422 2891 567 2945 ὥστε
603 2893 803 2955 πάντας
826 2893 1036 2962 μαθεῖν.
1050 2893 1160 2945 Kal
1181 2891 1310 2946 πότε
1330 2893 1391 2946 οὐ
1409 2893 1659 2964 φανερῶς
1676 2891 1859 2958 σώζει;

275 2986 474 3038 Ἔστιν
502 2984 593 3036 ὅτε
619 2985 680 3036 οὐ
714 2984 983 3055 φανερῶς,
1009 2982 1143 3037 ἀλλὰ
1175 2984 1347 3055 λάθρα
1367 3000 1381 3015 ·
1415 2984 1535 3038 οὐδὲ
1563 2984 1671 3055 γὰρ
1693 2983 1860 3037 δεῖται

268 3076 375 3144 τῆς
406 3073 568 3146 παρὰ
598 3073 900 3145 ἀνθρώπων
930 3074 1105 3146 δόξης.
1130 3075 1266 3131 Νυνὶ
1294 3075 1372 3141 δὲ,
1402 3075 1590 3148 ἐπειδὴ
1619 3075 1765 3140 εἰκὸς
1791 3072 1860 3147 ἦν

266 3167 397 3229 τοὺς
439 3165 675 3236 ἐχθροὺς
721 3166 848 3229 τοὺς
890 3165 1069 3218 αὐτῶν
1106 3167 1479 3237 ἐπεμϐαίνειν,
1522 3167 1856 3232 ἐνάλλεσθαι,

268 3256 557 3320 ὀνειδίζειν
591 3255 795 3319 αὐτοῖς,
822 3254 900 3319 ὼς
934 3256 1033 3308 οὐκ
1064 3255 1243 3326 ἔχουσι
1276 3257 1408 3310 Θεὸν
1451 3256 1674 3328 βοηθὸν,
1715 3257 1857 3312 ὥστε

268 3347 569 3411 κάκείνους
608 3364 686 3400 σω
701 3346 1060 3417 ;ρονισθῆναι,
1094 3350 1190 3401 καὶ
1217 3347 1469 3416 γενέσθαι
1498 3348 1757 3418 βελτίους,
1789 3352 1854 3419 τῇ

266 3440 442 3510 πείρᾳ
476 3437 747 3508 μαθόντας
779 3436 874 3491 τοῦ
903 3438 1171 3499 Δεσπότου
1198 3439 1297 3509 τὴν
1323 3440 1662 3510 συμμαχίαν,
1682 3441 1854 3494 Φανε-

268 3530 384 3601 ρῶς
412 3532 716 3601 ποιήσομαι
753 3529 851 3600 τὴν
876 3529 1013 3600 ὑπὲρ
1039 3529 1218 3583 αὐτῶν
1261 3530 1557 3602 σωτηρίαν,
1593 3530 1744 3602 φησί.
1780 3531 1855 3585 Τὰ

264 3623 449 3691 λόγια
486 3621 727 3688 Κυρίου,
764 3620 940 3689 λόγια
974 3620 1145 3690 ἁγνά’
1180 3620 1463 3689 ἀργύριον
1507 3623 1852 3691 πεπηρωμέ-

264 3729 401 3777 νον,
426 3711 704 3780 δοκίμιον
730 3709 806 3781 τῇ
828 3708 924 3781 γῇ.
948 3711 1058 3765 Kal
1087 3710 1213 3765 ποία
1234 3708 1369 3781 αὐτη
1403 3711 1691 3765 ἀκολουθία
1716 3714 1853 3785 πρὸς

263 3802 337 3855 τὰ
370 3802 679 3875 εἰρημένας
710 3800 886 3873 Πολλὴ
922 3802 1014 3855 καὶ
1048 3801 1296 3871 συνεχής.
1331 3800 1422 3872 Μὴ
1460 3798 1569 3873 γὰρ
1606 3802 1670 3873 δὴ
1696 3803 1850 3874 νομί-

268 3909 400 3964 σητε
446 3891 640 3955 ταῦτα,
675 3894 860 3961 φησὶν,
901 3891 1090 3956 ἁπλῶς
1125 3890 1396 3961 εἰρῆσθαι,
1442 3891 1577 3962 μηδὲ
1621 3892 1850 3962 ἀπειλὴν

267 3978 413 4036 εἶναι
448 3983 728 4053 περιττήν·
769 3980 979 4053 καθαρὰ
1006 3980 1170 4035 αὐτοῦ
1214 3982 1329 4035 ἐστι
1375 3981 1444 4034 τὰ
1473 3984 1711 4053 ῥήματα,
1741 3982 1850 4036 ἁπ-

266 4072 593 4143 ηλλαγμένα
623 4070 871 4140 ψεύδους.
906 4072 1116 4141 ’Ὠσπερ
1142 4068 1251 4141 γὰρ
1287 4072 1316 4123 6
1348 4069 1585 4143 ἄργυρος
1614 4073 1642 4124 ὀ
1676 4085 1850 4124 πεπυ-

271 4164 519 4234 ρωμένος
542 4163 692 4216 οὐδὲν
716 4161 991 4233 ἀλλότριον
1012 4161 1122 4233 ἔχει
1151 4164 1246 4216 καὶ
1265 4161 1437 4228 νόθον,
1462 4161 1604 4216 οὕτω
1625 4162 1721 4215 καὶ
1754 4161 1846 4214 τοῦ

268 4256 406 4310 Θεοῦ
438 4256 508 4310 τὰ
540 4257 781 4329 ῥήματα,
804 4255 947 4327 ᾇπερ
972 4255 1039 4309 ἂν
1065 4255 1216 4329 εἴπῃ,
1248 4255 1467 4320 πάντως
1493 4255 1721 4325 ἐκϐῆναι
1745 4256 1842 4309 δεῖ.

270 4349 364 4401 Διό
396 4364 584 4419 φησιν·
636 4348 931 4416 Ἀργύριον
960 4345 1409 4416 πεπυρωμένον,
1453 4346 1725 4415 δοκίμιον
1772 4344 1847 4414 τῇ

271 4443 369 4513 τῇ.
405 4442 621 4506 Ἄλλος,
667 4443 1118 4511 Πεπυρωμένον,
1166 4442 1399 4512 χωροῦν
1436 4440 1511 4509 τῇ
1546 4440 1643 4509 γῆ.
1687 4443 1747 4494 '0
1787 4442 1845 4495 δὲ

280 4534 534 4607 Ἑϐραῖος
564 4534 686 4587 ἀντὶ
713 4534 827 4599 τοῦ,
849 4533 1089 4602 Χωροῦν
1113 4532 1190 4603 τῇ
1215 4532 1314 4602 γῇ,
1356 4534 1587 4588 Βααλίλ
1623 4533 1844 4602 λάαρες

271 4621 412 4690 εἷπε,
444 4626 711 4691 τουτέστι,
750 4626 811 4679 τό
841 4627 1228 4697 χωνευόμενον,
1258 4625 1317 4678 τὸ
1366 4627 1490 4697 ῥέον
1535 4629 1593 4680 ἐν
1638 4629 1702 4695 τῇ
1746 4630 1837 4697 γῇ.

271 4723 791 4793 Κεκαθαρισμένον
813 4722 1255 4786 ὲπταπλασίως.

339 4862 409 4915 δ’.
434 4858 587 4925 Εἶδες
611 4861 726 4926 πῶς
752 4863 991 4917 δείκνυσι
1011 4862 1072 4916 τὸ
1106 4862 1354 4932 ἀψευδὲς,
1382 4863 1443 4917 τὸ
1470 4861 1752 4933 ἀληθεῦον,
1773 4865 1839 4934 τῇ

271 4955 441 5009 εἰκόνι
474 4955 574 5026 τῆς
605 4954 766 5025 ὐλης;
794 4955 980 5025 ῶσπερ
1015 4954 1125 5027 γὰρ
1155 4956 1332 5010 ἐκεῖνο
1368 4957 1430 5010 τὸ
1454 4956 1741 5026 χωνευθὲν,
1779 4957 1841 5010 τὸ

274 5045 544 5118 πυρωθὲν,
576 5045 637 5099 τὸ
669 5045 926 5110 πολλάκις
964 5046 1123 5101 τοῦτο
1149 5046 1342 5113 παθὸν,
1380 5047 1658 5118 ἀλλότριόν
1691 5051 1840 5102 ἐστιν

270 5138 553 5210 ἀλλοτρίας
580 5136 730 5210 ὕλης,
760 5138 1232 5210 ἐκκεκαθαρμένον
1257 5138 1396 5210 μετά
1417 5140 1722 5211 ἀκριϐείας·
1749 5140 1840 5193 οὐ·

270 5248 376 5295 τως
420 5233 454 5300 ἠ
509 5230 782 5299 ἀπόφασις
830 5228 927 5282 τοῦ
970 5229 1123 5283 Θεοῦ.
1158 5229 1263 5294 Σὺ,
1306 5229 1503 5299 Κύριε,
1543 5231 1839 5300 φυλάξεις

269 5326 445 5397 ἡμᾶς.
472 5329 569 5381 καὶ
602 5324 983 5393 διατηρήσεις
1001 5323 1160 5394 ἡμᾶς
1182 5326 1301 5381 ἀπὸ
1331 5324 1443 5394 τῆς
1466 5328 1675 5396 γενεᾶς
1701 5331 1839 5384 ταύ-

274 5436 394 5488 της,
429 5417 525 5472 καὶ
554 5420 640 5484 είς
657 5419 765 5471 τὸν
794 5413 998 5471 αἰῶνα.
1023 5416 1234 5482 Ἄλλος,
1267 5418 1562 5484 Φυλάξεις
1594 5420 1834 5485 αὐτούς.

277 5511 478 5575 Ἄλλος,
519 5509 818 5576 ὼλάξεις
865 5509 1036 5574 αὐτὰ,
1093 5509 1194 5564 καὶ
1243 5508 1624 5578 διατηρήσεις
1678 5509 1837 5579 ἡμᾶς

274 5600 382 5655 ἀπὸ
409 5600 518 5669 τῆς
540 5599 754 5671 γενεᾶς
771 5599 1013 5673 ταύτης,
1040 5599 1136 5653 καί
1163 5601 1247 5664 εὶς
1270 5617 1289 5653 ι
1306 5600 1377 5654 ὸν
1394 5598 1597 5654 αἰῶνα.
1622 5600 1833 5666 Ἄλλος,

276 5694 406 5763 Ἅμα
426 5692 501 5761 τῇ
533 5691 709 5759 γενεᾷ
744 5689 822 5759 τῇ
849 5691 1071 5756 αἰωνίᾳ.
1106 5691 1318 5754 Κύκλῳ
1345 5701 1397 5745 c.‘
1426 5690 1661 5755 ἀσεϐεῖς
1679 5707 1837 5759 περιη-

556 5807 843 5866 Ριτιιοι..
893 5805 1008 5863 Gn.
1057 5804 1177 5867 LV.

1981 665 2417 735 ἐπολυὼρησας
2445 669 2587 735 τοὺς
2613 670 2786 736 υἱοὺς
2815 672 2937 726 τῶν
2965 674 3310 744 ἀνθρώπων.
3344 681 3557 747 Ἀλλος,

1983 763 2161 816 Ὅταν
2190 764 2513 833 ὐψωθῶσιν
2535 768 2588 819 οί
2618 767 2886 835 εὐτελεῖς
2900 769 3020 824 τῶν
3034 771 3180 826 υἱῶν
3201 772 3319 827 τῶν
3341 775 3560 847 ἀνθρώ-

1981 871 2129 911 πων.
2170 858 2417 930 Ἕτερος,
2454 860 2617 915 Κατὰ
2661 861 2728 915 τὸ
2774 863 2932 933 ὕψος
2968 864 3121 939 [122]
3164 870 3557 942 εὐωνισμένοι

1980 949 2101 1016 τοῖς
2137 950 2290 1018 υἱοῖς
2321 952 2440 1005 τῶν
2482 954 2827 1022 ἀνθρώπων.
2877 958 2937 1011 '0
2966 958 3025 1011 δὲ
3079 961 3347 1034 Ἐϐραῖος,
3393 965 3557 1035 Χὰρμ

1978 1038 2189 1106 ζολλῶ,
2236 1043 2391 1114 φησὶ,
2434 1045 2620 1114 λεϐνὴ
2668 1047 2861 1116 Ἀδάμ.
2900 1048 3007 1115 Σὺ,
3039 1053 3234 1121 Κύριε,
3263 1056 3555 1126 φυλάξεις

1978 1130 2155 1202 ἡμᾶς,
2182 1133 2281 1187 καὶ
2311 1133 2700 1205 διατηρήσεις
2736 1138 2914 1206 ἡμᾶς.
2942 1141 3084 1212 Ὅρα
3125 1148 3384 1216 συνεχῶς,
3420 1150 3555 1217 μᾶλ-

1976 1223 2066 1277 λον
2092 1224 2147 1277 δὲ
2174 1218 2439 1296 διηνεκῶς
2461 1228 2554 1281 ἐπὶ
2575 1228 2665 1282 τὸν
2691 1229 2824 1284 Θεὸν
2845 1233 3280 1302 καταφεύγοντα,
3300 1240 3554 1297 κάκεῖθεν

1975 1315 2242 1388 ζητοῦντα
2269 1318 2368 1391 τὴν
2396 1321 2717 1391 συμμαχίαν
2746 1338 2759 1352 ο
2790 1324 2885 1376 καὶ
2911 1325 3022 1397 γὰρ
3052 1328 3334 1401 παναλκὴς
3356 1332 3390 1402 ἡ
3420 1331 3552 1403 βοή-

1975 1409 2117 1472 θεια,
2150 1410 2327 1463 οὐδενὶ
2362 1411 2769 1484 διακοπτομένη
2813 1416 3010 1489 χρόνῳ.
3043 1420 3270 1485 Οὐδενὸς
3303 1423 3414 1477 τῶν
3461 1426 3554 1479 ἁν-

1974 1504 2262 1576 θρωπίνων
2308 1507 2562 1578 δεόμεθα,
2614 1511 2777 1582 φησί·
2812 1513 2877 1565 σύ
2938 1512 3047 1584 γὰρ
3090 1516 3120 1568 ὁ
3175 1514 3459 1584 φυλάττων
3501 1514 3554 1570 εἷ

1971 1596 2257 1667 διηνεκῶς.
2281 1596 2347 1650 Τί
2373 1599 2513 1661 ἐστι,
2544 1602 2762 1668 Imm,»
2785 1605 2840 1657 οἱ
2863 1603 3103 1672 ἀσεϐεῖς
3120 1609 3551 1676 περιπατοῦσι;

1972 1687 2131 1742 Κατὰ
2162 1688 2404 1759 μὲντοὺς
2429 1683 2843 1764 Ἐϐδομήκοντα
2873 1696 3019 1751 οὕτω
3045 1698 3286 1766 λεκτέον,
3321 1702 3402 1755 ὅτι
3431 1702 3549 1757 Κᾶν

1971 1778 2328 1834 κυκλὼσωσιν
2376 1782 2425 1835 οί
2451 1782 2690 1849 ἀσεϐεῖς,
2729 1787 2883 1843 οὐδὲν
2924 1790 3269 1862 πεισόμεθα’
3305 1793 3400 1847 καὶ
3440 1794 3550 1866 γὰρ

1971 1870 2263 1939 φυλάττεις
2282 1873 2451 1944 ἡμᾶς,
2465 1876 2561 1928 καὶ
2582 1880 2960 1951 μετεωρίζεις,
2980 1881 3073 1936 καὶ
3088 1883 3334 1949 ἐνδόξους
3349 1889 3545 1951 ποιεῖς.

1968 1962 2127 2018 Κατὰ
2167 1963 2224 2018 δὲ
2260 1965 2352 2018 τὸν
2388 1965 2576 2037 ἕτερον
2620 1971 2968 2046 ἑρμηνευτὴν
3011 1974 3173 2029 τοῦτο
3217 1977 3441 2049 ῥητέονο
3483 1982 3547 2034 Oi

1967 2052 2185 2119 ἀσεϐεῖς
2215 2055 2639 2127 ὲξωσθήσονται,
2670 2062 2800 2116 ὅταν
2828 2065 2958 2129 τοὺς
2984 2066 3226 2132 εὐτελεῖς
3246 2070 3372 2133 τοὺς
3399 2071 3547 2133 υἱοὺς

1965 2144 2076 2198 τῶν
2109 2146 2416 2219 ἀνθρώπων
2456 2149 2709 2222 ὐψὼσῃςο
2741 2154 3042 2222 τουτέστιν,
3075 2157 3204 2211 ὅταν
3233 2160 3379 2230 ἡμᾶς
3421 2163 3547 2223 τοὺς

1967 2237 2357 2309 νομιζομένους
2386 2237 2527 2295 εἶναι
2562 2244 3100 2319 εὐκαταφρονήτους,
3142 2252 3269 2314 τοὺς
3301 2269 3546 2307 τεταπει·

1966 2329 2242 2399 νωμένους
2261 2330 2514 2406 δοξάσῃς,
2543 2336 2878 2410 ἀποστήσεις
2893 2341 3093 2406 αὐτοὺς
3110 2344 3205 2397 καὶ
3218 2343 3541 2417 διακρούσῃ.

1963 2422 2032 2475 Τί
2057 2422 2113 2476 δέ
2144 2425 2281 2491 ἐστι,
2312 2427 2475 2485 Κατὰ
2497 2426 2564 2481 τὸ
2586 2429 2745 2498 ὕψος
2770 2447 2919 2499 σου;
2962 2434 3108 2489 Ἀντὶ
3128 2436 3247 2500 τοῦ,
3292 2437 3544 2509 Ὁμοίους

1965 2533 2062 2570 σου
2090 2516 2374 2589 ἐποίησας,
2415 2520 2493 2584 ῶς
2534 2520 2807 2594 ἀνθρώπῳ
2861 2524 3086 2580 δυνατὸν
3133 2525 3273 2582 εἶναι
3320 2529 3538 2600 ὅμοιον·

1962 2609 2320 2680 Ποιήσωμεν
2368 2611 2478 2684 γάρ
2527 2613 2845 2683 ἄνθρωπον
2894 2620 3024 2673 κατ’
3068 2622 3297 2686 εἰκόνα,
3351 2623 3538 2693 φησὶν,

1962 2700 2276 2769 ἡμετέραν,
2307 2703 2406 2758 καὶ
2444 2708 2572 2760 καθ’
2600 2708 2903 2777 ὁμοίωσιν.
2931 2710 3110 2783 Ὅπερ
3127 2712 3237 2784 γάρ
3266 2715 3414 2766 ἐστιν
3444 2715 3543 2767 αὐ-

1959 2790 2054 2855 τὸς
2084 2793 2144 2845 ὲν
2169 2794 2406 2866 οὐρανῷ,
2442 2797 2602 2851 τοῦτο
2632 2801 2791 2869 ἡμεῖς
2822 2801 2913 2856 ἐπὶ
2939 2802 3039 2872 τῆς
3065 2804 3197 2874 γῆς’
3229 2804 3324 2858 καὶ
3353 2804 3541 2876 ὥσπερ

1958 2883 2135 2948 οὐδεὶς
2163 2885 2328 2939 αὐτοῦ
2361 2886 2634 2959 ἀνώτερος
2664 2888 2797 2954 ἄνω,
2828 2888 3003 2955 οὕτως
3018 2893 3193 2957 οὐδεὶς
3206 2895 3297 2947 ἐπὶ
3317 2896 3416 2967 τῆς
3435 2895 3540 2966 γῆς

1956 2970 2054 3025 τοῦ
2084 2973 2225 3037 ζώου
2263 2975 2456 3030 τούτου
2487 2979 2630 3033 κατὰ
2655 2980 2857 3051 ἀρετὴν
2884 2982 3090 3052 ὅμοιος.
3122 2986 3397 3050 Γίνεσθε,
3433 3006 3535 3059 φη-

1958 3063 2065 3127 σὶν,
2095 3063 2286 3134 ὅμοιοι
2300 3069 2406 3121 τοῦ
2433 3068 2665 3135 Πατρός
2684 3068 2852 3139 ὑμῶν
2869 3071 2975 3125 τοῦ
2994 3073 3066 3125 ἐν
3089 3075 3215 3142 τοῖς
3236 3078 3532 3145 οίφανοῐς.

1957 3153 2070 3206 Kal
2115 3153 2211 3208 τοῦ
2240 3155 2507 3227 ὀνόματος
2538 3158 2595 3210 δὲ
2642 3161 2776 3229 ἡμῖν
2810 3161 3144 3229 μετέδωκεν·
3185 3164 3333 3235 Ἐγὼ
3374 3164 3532 3233 εἶπα,

1959 3244 2093 3297 Θεοί
2118 3244 2279 3309 ἐστε,
2305 3246 2462 3316 φησὶ,
2498 3247 2597 3301 καὶ
2634 3249 2753 3303 υἱοὶ
2807 3251 3089 3319 Ὑψίστου
3137 3253 3382 3323 πάντες.
3424 3260 3535 3312 Kal

1956 3333 2119 3387 πάλιν
2136 3351 2149 3364 ·
2185 3334 2426 3391 Τέθεικά
2453 3352 2527 3391 σε
2560 3338 2698 3393 θεὸν
2721 3340 2948 3410 Φαραώ.
2975 3344 3082 3397 Kal
3101 3345 3429 3419 δημιουργὸν
3457 3346 3532 3403 εἷ-

1953 3439 2042 3475 ναι
2074 3424 2297 3494 ἐποίησε
2323 3426 2420 3480 καὶ
2455 3430 2786 3499 σωματικῶν
2819 3433 2913 3486 καὶ
2940 3434 3270 3506 ἀσωμάτων.
3305 3439 3416 3493 Kal
3438 3439 3532 3493 νῦν

1956 3513 2057 3582 μὲν
2081 3513 2180 3582 τὴν
2215 3517 2395 3571 κτίσιν
2424 3519 2453 3571 ὁ
2488 3521 2730 3593 Μωῦσῆς
2770 3526 3120 3594 μεταϐάλλει,
3148 3527 3244 3582 νῦν
3272 3529 3327 3582 δὲ
3353 3530 3530 3602 ἕτεροι

1951 3605 2116 3677 ἕτερα
2145 3612 2385 3678 στοιχεῖα
2409 3615 2433 3642 ⁸
2452 3625 2466 3638 ·
2500 3612 2631 3681 ἡμῖν
2660 3612 2717 3667 δὲ
2737 3614 2968 3681 ἐπέταξε
2997 3616 3122 3671 ναὺν
3154 3619 3300 3691 αὐτῷ
3325 3622 3529 3687 κτίζειν

1950 3701 2101 3770 ἡμᾶς
2137 3701 2356 3765 αὐτούς.
2405 3704 2525 3757 Κᾶν
2560 3703 2742 3758 τοίνυν
2789 3707 2849 3759 οὐ
2890 3707 3230 3781 δημιουργῇς
3280 3712 3527 3782 οὐρανὸν,

1950 3789 2086 3846 ἀλλὰ
2111 3794 2467 3865 δημιουργεῖς
2508 3796 2634 3848 ναὸν
2668 3795 2827 3853 Θεοῦ.
2872 3797 3022 3852 Ἐπεὶ
3069 3802 3163 3853 καὶ
3190 3802 3416 3872 οὐρανὸς
3441 3803 3530 3856 διὰ

1947 3880 2107 3935 τοῦτο
2126 3882 2400 3955 λαμπρὸς,
2414 3886 2603 3957 ἐπειδὴ
2617 3886 2749 3939 Θεὸν
2767 3888 2882 3958 ἔχει
2906 3891 3265 3945 κατοικοῦντα
3282 3894 3339 3946 ὲν
3354 3893 3523 3962 αὐτῷ·

1952 3973 2154 4042 μᾶλλον
2197 3975 2253 4027 δὲ
2286 3973 2373 4028 διὰ
2413 3976 2654 4046 Χριστοῦ
2686 3979 2779 4031 καὶ
2815 3980 2981 4050 ἡμᾶς.
3015 3981 3341 4052 Συνήγειρε
3393 3984 3523 4056 γὰρ,

1949 4065 2103 4133 φησὶ,
2140 4064 2239 4117 καὶ
2266 4064 2675 4120 συνεκάθισεν
2705 4066 2862 4137 ἡμᾶς
2894 4069 2964 4124 ἐν
2985 4067 3154 4138 δεξιᾷ
3184 4073 3255 4126 ἐν
3275 4072 3400 4141 τοῖς
3426 4078 3525 4129 οὺ-

1939 4153 2181 4222 ρανοῖς’
2214 4156 2308 4208 καὶ
2333 4155 2563 4226 μείζονα
2595 4157 2762 4212 ἔδωκε
2789 4163 2965 4214 ποιεῖν
2989 4153 3065 4216 ὧν
3086 4163 3246 4228 αὐτὸς
3277 4165 3521 4236 ἐποίησε.

1953 4244 2028 4299 Τὰ
2070 4246 2178 4317 γὰρ
2233 4247 2474 4317 σημεῖα,
2517 4248 2719 4321 φησὶν,
2774 4249 2814 4305 d
2859 4251 2974 4323 ἐγὼ
3006 4254 3192 4321 ποιῶ,
3246 4257 3525 4324 κάκεῖνος

1944 4336 2207 4405 ποιήσει,
2239 4337 2338 4392 καὶ
2360 4338 2603 4406 μείζονα
2629 4340 2856 4397 τούτων
2883 4344 3143 4411 ποιήσει.
3167 4349 3278 4402 Καὶ
3305 4349 3399 4402 ἐπὶ
3422 4350 3522 4418 τῆς

1945 4424 2190 4489 Παλαιᾶς
2222 4429 2250 4482 6
2286 4429 2385 4499 μὲν
2432 4430 2532 4501 τὴν
2578 4431 2856 4489 θάλασσαν
2898 4436 3217 4507 μετέϐαλεν,
3250 4441 3279 4492 6
3321 4439 3378 4492 δὲ
3429 4442 3521 4494 τὸν

1942 4514 2096 4584 ἥλιον
2118 4517 2391 4588 ὲχαλίνου,
2422 4521 2450 4573 6
2478 4521 2536 4574 δὲ
2561 4521 2660 4594 τὴν
2688 4523 2918 4596 σελήνην
2945 4526 3129 4596 μένειν
3159 4528 3463 4591 ἐκέλευσεν,
3491 4536 3520 4585 6

1941 4604 1998 4658 δὲ
2038 4607 2200 4661 πάλιν
2234 4613 2313 4673 είς
2351 4612 2542 4666 ἑαυτὸν
2576 4614 2675 4678 τὰς
2714 4614 2938 4682 ἀκτῖνας
2972 4618 3346 4692 ἀπέστρεφενυ
3385 4625 3434 4676 οἱ
3462 4624 3520 4678 δὲ

1944 4697 2136 4761 παῖδες
2175 4700 2233 4751 ἐν
2270 4703 2335 4770 τῇ
2372 4702 2589 4773 καμίνῳ
2639 4703 2734 4757 τοῦ
2771 4707 3036 4777 στοιχείου
3083 4711 3184 4780 τὴν
3239 4712 3520 4784 ἐνέργειαν

1942 4787 2238 4860 ἐπέδησαν,
2265 4792 2359 4877 καὶ
2387 4794 2686 4866 μαινομένη
2718 4797 2751 4868 ἡ
2783 4796 2913 4866 φλὸξ
2934 4801 3110 4869 ἐσίγα,
3135 4803 3230 4857 καὶ
3258 4803 3516 4877 δεδεμένη

1942 4876 2215 4949 ἐσύριζεν.
2251 4874 2373 4934 Οἶδε
2398 4880 2494 4936 καὶ
2516 4882 2682 4954 θηρία
2713 4886 2979 4940 αἰδεῖσθαι
2996 4888 3130 4943 Θεοῦ
3159 4889 3344 4959 φίλους
3364 4874 3391 4923 ’ν
3415 4874 3518 4946 κᾶν

1943 4969 2098 5039 λιμὸς
2119 4971 2425 5043 ἀναγκάζῃ,
2454 4974 2862 5049 φιλοσοφώτερα
2889 4978 3119 5046 γίνεται.
3151 4981 3517 5035 Λῐδείσθωσαν

1940 5060 1991 5111 οἱ
2019 5062 2429 5135 γαστρίμαργοι
2454 5064 2552 5136 τὴν
2575 5067 2905 5137 ἐγκράτειαν
2924 5071 3032 5123 τῶν
3049 5071 3273 5143 θηρίων.
3290 5074 3516 5137 Λέοντες

1940 5145 2085 5204 εἶδον
2112 5152 2207 5206 τὸν
2240 5153 2459 5226 Δανιὴλ,
2497 5156 2588 5209 καὶ
2617 5158 3018 5231 ἐφιλοσόφησαν
3040 5178 3054 5192 ο
3080 5165 3241 5233 ἡμεῖς
3266 5163 3357 5216 τὸν
3386 5164 3517 5218 Υίὸν

1938 5242 2035 5295 τοῦ
2069 5241 2204 5298 Θεοῦ
2242 5244 2532 5316 βλέποντες
2562 5249 2859 5321 ἐρχόμενον
2891 5253 3027 5323 πρὸς
3067 5256 3235 5324 ἡμᾶς,
3269 5256 3330 5309 οὐ
3361 5255 3513 5325 φιλο-

1942 5333 2236 5404 σοφοῦμεν.
2263 5336 2485 5391 Είλοντο
2514 5339 2710 5393 ἐκεῖνοι
2734 5340 3101 5412 διαφθαρῆναι
3130 5342 3293 5414 λιμῷ,
3317 5345 3409 5398 καὶ
3436 5347 3512 5418 μὴ

1939 5423 2181 5493 ἅψασθαι
2236 5426 2331 5480 τοῦ
2383 5425 2633 5496 σώματος
2684 5430 2780 5484 τοῦ
2828 5432 3020 5499 ἀγίου⁶
3074 5434 3234 5504 ἡμεῖς
3280 5436 3515 5507 ὁρῶντες

1939 5513 2148 5586 γυμνὸν
2169 5514 2261 5568 τὸν
2284 5517 2518 5585 Χριστὸν
2548 5520 2974 5591 περιερχόμενον
2999 5523 3092 5577 καὶ
3114 5522 3256 5596 λιμῷ
3278 5526 3515 5597 τηκόμευ

2001 5703 2023 5731 ⁸
2048 5702 2259 5765 Στοιχεῖα
2280 5704 2421 5753 dccsl
2447 5703 2494 5751 in
2519 5701 2654 5755 Co1b.
2680 5709 2733 5754 et
2753 5703 2901 5755 Savi].

3133 5814 3178 5874 9
