2015 3196
298 156 344 183 ςπι
653 149 680 176 S.
700 149 841 178 JOANNIS
860 150 1107 179 CIIRVSOSTOMI
1132 150 1291 178 ARCIIE'P.
1313 151 1587 180 CONSTANTINOP.
1880 158 1923 185 liii

296 217 383 237 meam
397 208 543 239 miseriam,
558 208 651 234 saltent
666 211 776 241 propter
790 206 859 233 illius
872 206 1050 240 arrogantiam
1065 210 1092 234 ct

295 255 446 291 superbiam
466 253 562 281 exaudi
583 260 635 280 me.
649 252 682 279 Et
696 253 759 287 quid
776 252 866 286 petis?
880 252 913 279 Ut
934 259 1026 279 vmcas
1042 252 1092 279 ini-

298 301 401 329 micos?
427 300 484 327 Non
514 299 564 326 huc
586 298 661 330 dicit,
685 298 743 330 scd,
763 298 797 325 Ut
816 298 999 325 illuminentur
1021 297 1092 325 oculi

295 347 394 379 cordis,
411 345 618 380 utexpellantur
632 344 759 373 tenebrat.
775 351 834 377 qum
849 348 910 370 sunt
923 342 1014 370 offusa:
1030 351 1092 378 per~

295 392 391 426 spicaci
407 392 502 418 anim-.e
525 389 661 422 facultati,
683 394 710 416 et
725 389 906 423 intelligentim
919 389 1025 416 oculum
1041 389 1091 415 ob-

295 442 444 466 scurarum.
469 437 526 464 lloc
548 443 622 471 peto,
644 435 765 462 Illumina
787 435 874 462 oculos
899 443 978 462 uicos.
994 435 1020 463 5.
1039 434 1090 461 Nc-

293 483 395 518 qttando
410 483 479 509 dicat
492 483 611 510 inimicus
623 489 703 511 ructu,
717 488 777 507 cum
794 489 836 507 tne
849 480 944 508 viderit
963 481 1090 507 deturba-

296 535 351 556 tqu
367 529 400 556 ad
415 533 528 555 mortem
544 527 644 562 peccati
661 535 668 553 :
687 526 730 553 lla
746 527 867 561 prmvalui
890 526 1010 553 adversus
1022 534 1088 552 eum.

293 574 383 609 Ipsum
399 573 540 608 superavi;
555 572 625 607 quod
640 571 762 599 volebam
777 572 868 599 videre
878 592 885 603 ,
901 571 952 598 hoc
968 571 1032 598 milli
1048 580 1092 598 ac-

293 621 367 648 cidit.
382 619 450 653 Quid
473 624 528 651 est,
551 617 678 645 I’rrevalui
700 617 819 644 adversus
838 625 893 644 eum
905 617 917 643 .9
931 617 988 643 Etsr
1004 625 1050 651 per
1062 623 1091 644 se

296 670 400 692 nonest
416 665 501 694 fortis.
513 668 604 691 contra
620 671 664 690 me
678 663 785 697 quidem
799 668 873 689 certe
883 667 923 690 cst
938 663 1022 690 fortis.
1038 662 1090 689 No-

295 716 349 738 stra
363 710 453 738 clades
465 711 488 737 ei
504 709 581 737 affert
595 709 679 741 vires,
693 716 808 743 eumque
821 708 907 736 reddit
917 713 1052 744 potentem
1064 710 1092 736 ei

297 758 422 789 validum,
434 762 460 784 ct
472 756 712 792 inexpugnabilem.

330 802 358 829 2.
371 801 458 828 Hostis
471 801 586 828 cladibus
598 801 690 827 nostris
702 800 783 826 evadit
794 800 1014 836 fortium—Vides
1028 808 1087 833 nos,

295 849 401 884 quando
417 856 568 883 peccatnus,
584 855 636 875 non
650 847 735 874 solum
752 847 874 881 nosipsos
886 846 1017 874 dedecore
1032 846 1090 873 affi—

295 904 366 926 cere,
382 895 503 930 perdere,
515 895 547 921 ad
563 898 675 921 mortem
687 893 830 926 deducere,
845 893 891 920 sed
902 901 934 920 eo
946 892 1016 928 quod
1028 892 1089 919 victi

295 949 395 973 sumus,
411 941 534 968 inimicos
545 945 651 968 nostros
661 939 762 967 validos
776 944 950 974 potentesque
960 939 1089 974 prtcdica-

296 996 325 1015 re
342 997 347 1013 :
363 996 411 1014 nec
425 988 475 1014 hoc
489 987 586 1019 solum,
601 986 648 1013 sed
659 987 738 1014 etiam
750 994 797 1014 eos
811 986 837 1012 in
849 993 943 1020 magna
958 986 1049 1013 ltclitia
1062 990 1091 1013 et

293 1034 469 1061 exsultatione
482 1033 625 1061 collocare.
651 1033 730 1067 Papa:
741 1054 750 1066 ,
772 1037 880 1067 quanta:
894 1037 935 1059 est
950 1032 1068 1059 stultitia;
1080 1053 1087 1065 ,

295 1080 385 1115 quanti
399 1081 515 1115 stuporis
528 1079 691 1107 adversariis
703 1079 832 1106 adversus
844 1080 948 1114 scipsos
959 1079 1030 1107 ferre
1042 1087 1090 1106 au-

293 1126 402 1156 xilium.
416 1131 444 1153 et
457 1126 507 1158 iis,
521 1127 565 1162 qui
581 1125 697 1153 animam
713 1130 830 1152 nostram
843 1126 998 1153 excruciant
1009 1131 1035 1152 et
1048 1125 1089 1152 af-

293 1172 387 1207 fligunt
398 1192 404 1204 ,
420 1172 518 1199 laetitia:
536 1179 643 1199 causam
657 1177 686 1199 et
699 1171 883 1199 exsultationis
895 1171 1007 1198 afferre!
1022 1171 1089 1198 Vide

293 1222 358 1251 quot
370 1217 495 1244 absurda.
510 1217 577 1244 Cum
592 1217 727 1244 inimicum
742 1217 850 1244 vincere
863 1221 1000 1251 oporteret
1016 1216 1090 1253 (lm-

294 1263 391 1290 becillw
402 1263 472 1290 enim
488 1264 562 1297 facite
574 1267 632 1290 sunt
648 1263 704 1298 ejus
718 1264 822 1298 framuz
831 1263 857 1288 in
872 1263 948 1296 ﬁnem
958 1283 965 1294 ,
980 1267 1003 1289 et
1016 1263 1089 1297 periit

293 1309 386 1344 impius
398 1308 481 1345 (Paul.
492 1308 519 1336 9.
529 1309 554 1336 7.
564 1309 603 1341 6),
615 1316 686 1341 cum,
700 1309 816 1343 inquam,
824 1308 932 1335 vincere
942 1312 1087 1343 oporteret,

293 1356 443 1388 vincimur;
458 1362 507 1382 nec
522 1355 546 1382 id
561 1355 657 1387 solum.
669 1355 715 1382 sed
730 1356 810 1382 etiam
824 1354 940 1382 validum
953 1362 984 1382 ac
995 1361 1089 1389 potcn-

294 1405 347 1427 tem
363 1401 500 1428 reddimus
516 1408 523 1427 :
539 1408 588 1428 nec
602 1408 719 1435 eousque
732 1401 802 1428 sistit
813 1400 946 1428 dementia
961 1405 987 1428 et
999 1406 1089 1429 extre-

293 1454 354 1473 mus
375 1446 483 1474 morbus
503 1452 610 1479 noster,
631 1446 677 1474 sed
693 1454 756 1482 qua:
775 1447 798 1474 ei
821 1447 900 1474 etiam
923 1446 1042 1474 Ia‘titiam
1062 1451 1089 1474 et

292 1493 495 1520 exsultationem
517 1492 629 1519 alTerant
642 1499 837 1526 comparamus.
861 1492 963 1520 Revera
980 1497 1022 1520 est
1036 1501 1085 1520 ex-

294 1544 378 1566 trema
393 1539 519 1572 ebrietas,
532 1544 559 1566 et
570 1544 703 1566 summum
718 1538 815 1565 malum
830 1543 978 1572 peccalutn.
992 1538 1088 1565 Exsol-

293 1584 379 1611 tubuut
395 1585 403 1599 ¹
414 1604 422 1617 ,
436 1584 457 1611 si
471 1589 552 1611 motus
567 1586 649 1619 fuero.
662 1583 728 1610 Tres
738 1590 835 1611 causas
847 1583 925 1610 affert
938 1583 1065 1618 propheta
1079 1604 1086 1615 ,

294 1635 324 1657 ut
334 1630 475 1657 Dominutn
486 1634 592 1657 moveat
601 1633 757 1663 exoretque,
769 1634 797 1656 ut
809 1629 942 1664 respiciat,
954 1630 1086 1657 etfaciem

293 1683 369 1705 suam
391 1679 545 1707 convertat,
560 1679 588 1702 et
607 1674 665 1709 ejns
685 1674 831 1702 orationem
853 1674 977 1702 exaudiat
993 1684 1000 1702 :
1017 1668 1088 1702 vires

292 1722 461 1750 inimicorum
474 1743 481 1755 ,
497 1726 525 1749 ct
542 1726 604 1748 ante
624 1721 650 1748 id
672 1721 833 1765 erectione‘m
853 1726 881 1748 et
899 1721 1086 1749 exaltationent

293 1777 402 1802 eorum;
419 1768 525 1796 tertium
535 1788 542 1799 .
561 1767 677 1794 ltetitiam
692 1771 718 1794 cl
733 1767 937 1794 exsultationem
952 1768 1068 1802 ipsorum
1078 1788 1086 1799 ,

293 1814 485 1850 propemodum
496 1813 588 1841 dicens
598 1822 604 1840 :
613 1813 640 1841 Si
652 1820 705 1840 non
715 1817 823 1847 propter
833 1820 919 1840 meam
928 1813 1086 1845 orationem,

293 1868 343 1888 nec
357 1865 465 1895 propter
476 1867 565 1887 meam
585 1859 719 1887 miseriam
734 1860 870 1886 convertis
883 1859 915 1886 ad
935 1867 978 1887 me
993 1859 1086 1887 faciem

294 1913 365 1934 luant
375 1927 383 1940 ,
398 1906 527 1938 Domine;
544 1905 638 1932 saltem
654 1909 763 1940 propter
777 1905 945 1932 inimicorum
958 1912 1086 1940 arrogan-

294 1955 367 1987 tiam,
384 1961 417 1982 eo
431 1953 500 1988 quod
514 1960 575 1980 suas
588 1953 659 1980 vires
667 1956 817 1984 (ostentant,
832 1956 860 1979 et
872 1952 924 1979 sibi
936 1952 1014 1979 valde
1028 1952 1086 1987 pla-

293 2006 354 2027 cent
367 2008 374 2025 :
387 2001 511 2034 quoniam
527 1999 593 2026 mcis
606 1998 684 2026 malis
698 1998 839 2031 laetantur,
855 2002 882 2025 et
893 2005 984 2025 casum
998 2005 1086 2025 meum

293 2044 415 2072 irrident.
432 2044 533 2071 Exaudi
546 2052 595 2076 me,
611 2044 728 2071 illumina
742 2044 828 2070 oculos
841 2051 917 2070 utros.
933 2043 1015 2071 Aufer
1027 2050 1087 2078 gra-

294 2098 352 2117 vem
366 2097 489 2117 somnum
499 2090 529 2116 in
542 2089 657 2124 peccatis
670 2089 736 2116 meis
750 2097 757 2116 :
771 2097 823 2124 qtto
835 2089 937 2124 sopitus
948 2096 1087 2125 propemo-

294 2136 356 2163 dum
379 2136 411 2163 ad
433 2135 528 2162 anima:
549 2138 662 2162 inertem
685 2134 853 2161 dormitando
868 2134 997 2162 deductus
1015 2143 1085 2162 sum.

294 2182 322 2209 Si
341 2182 413 2209 enim
436 2189 450 2208 ει
471 2181 614 2208 securitate
629 2185 671 2207 tua
691 2184 792 2207 tantum
813 2185 919 2207 emotus
938 2179 1032 2213 fuero,
1047 2181 1087 2207 eis
1112 2176 1121 2180 ’

295 2228 384 2255 Ιςιέιίιίιι
396 2248 404 2261 ,
419 2227 502 2262 gloria
515 2248 522 2259 ,
538 2232 565 2254 et
581 2227 664 2253 vir-tus
686 2226 736 2253 hoc
755 2233 815 2254 esse
832 2227 1001 2254 existimatur
1015 2235 1022 2254 :
1037 2226 1088 2254 hoc

294 2274 400 2301 nomine
413 2281 442 2300 sc
453 2273 553 2307 iactant
563 2294 570 2304 ,
587 2279 613 2300 et
626 2272 676 2300 sibi
693 2272 771 2299 valde
783 2272 903 2307 placent,
917 2276 1032 2307 suntque
1046 2273 1088 2299 in-

295 2319 463 2351 tolerabiles;
477 2320 500 2346 si
513 2324 601 2346 autem
612 2319 646 2345 ad
660 2323 772 2345 mortem
784 2317 859 2344 fuero
871 2317 1010 2349 deductus,
1023 2316 1087 2352 quid

293 2364 311 2391 ii
325 2371 376 2391 non
389 2363 521 2391 fecerint?
535 2363 615 2390 Vides
626 2371 704 2398 quam
719 2370 843 2396 maguum
857 2362 984 2390 damnum
996 2363 1088 2390 existi-

294 2414 349 2436 met
365 2408 493 2443 propheta
505 2428 513 2441 ,
528 2413 555 2435 et
570 2408 651 2437 nihilo
667 2408 754 2434 minus
767 2415 846 2442 quam
861 2415 966 2442 poenam
981 2415 1013 2435 ac
1025 2415 1088 2443 sup:

292 2455 400 2492 plicium
411 2476 419 2487 ,
434 2462 603 2482 communem
623 2454 757 2481 inimicum
772 2454 861 2481 lzetitia
875 2454 983 2482 allicere
994 2475 1002 2487 ,
1017 2460 1044 2482 et
1060 2459 1088 2481 ut

294 2503 351 2536 ipse
373 2505 468 2536 potens
489 2500 666 2534 excelsusque
686 2499 822 2532 videatur,
836 2499 953 2527 eflicere.
974 2499 1002 2527 Si
1016 2500 1088 2527 enim

295 2549 352 2575 btec
373 2554 425 2574 non
444 2546 609 2573 existimaret
629 2545 697 2572 mala
717 2545 832 2572 maxima
848 2549 876 2572 et
890 2545 1066 2572 intolerabilia
1078 2566 1086 2577 .

292 2601 344 2620 non
367 2593 426 2619 hate
449 2592 633 2626 proposuisset
653 2590 686 2617 ad
708 2591 791 2617 Deum
811 2590 988 2625 placandum,
1010 2595 1037 2618 et
1055 2590 1087 2618 ad

294 2640 377 2674 ipsius
396 2639 611 2666 benevolentiam
626 2636 822 2664 attrahendam.
840 2637 877 2663 Ita
891 2637 970 2663 etiatn
985 2644 1034 2664 nos
1048 2636 1088 2663 fa-

293 2701 317 2725 p.
330 2695 387 2723 5-8,
401 2695 467 2719 unde
479 2694 560 2718 Morel.
574 2700 615 2718 sua
635 2695 745 2723 sumpsit.
767 2697 819 2716 Post
833 2692 871 2725 illa
883 2697 965 2716 autem
977 2693 1051 2716 verba
1064 2693 1089 2725 in

294 2723 381 2750 Codice
391 2725 529 2751 Colbertino
538 2725 647 2756 qutedant
660 2725 810 2755 adjiciuntur.
820 2724 851 2746 ab
864 2725 899 2751 iis,
910 2730 963 2756 qua}
974 2724 996 2756 in
1007 2726 1048 2747 Met
1056 2723 1089 2747 el.

294 2762 339 2785 per
349 2759 411 2780 totas
422 2756 500 2779 ferme
508 2753 611 2786 quatuor
621 2753 720 2785 paginas
728 2755 846 2781 feruntur,
857 2758 907 2777 ιυιο
915 2753 974 2777 ςτιιιο
983 2755 1088 2777 diversa.

295 2789 342 2809 Hoc
354 2791 436 2810 autem
444 2785 546 2815 hujusce
558 2785 650 2809 Culicis
661 2786 851 2809 additamentum
860 2801 867 2813 ,
885 2786 949 2815 quod
961 2791 1032 2808 unam
1045 2785 1092 2808 cir~

297 2817 357 2839 citer
376 2819 486 2847 paginam
503 2816 651 2846 compleret,
669 2816 763 2840 videtur
776 2821 790 2839 a
802 2815 899 2839 librario
908 2815 1011 2846 quodam
1022 2815 1091 2846 adje-

301 2850 372 2869 αιιιιι.

331 2877 339 2891 ι
358 2875 415 2901 Bibl.
427 2876 527 2906 habent,
544 2875 690 2901 Tribulantes
700 2882 738 2901 mc
748 2874 909 2901 exsultabant.

1148 206 1258 239 ciamus,
1271 213 1297 234 et
1307 208 1508 236 consideremus
1518 214 1546 237 et
1555 210 1746 239 contendamus
1758 219 1792 240 ne
1802 212 1925 242 inimicum

1146 252 1312 286 exaltemus,
1329 261 1362 280 ne
1378 259 1511 288 potentem
1526 255 1653 283 faciamus
1663 277 1671 288 ,
1687 264 1720 283 ne
1734 257 1822 285 laititia
1834 259 1924 286 afﬁcia-

1146 307 1216 332 mus,
1232 300 1280 327 scd
1295 305 1387 327 contra
1401 306 1427 328 et
1443 301 1580 333 bumiletn,
1591 307 1616 328 et
1629 302 1769 337 ahjeclum,
1781 309 1809 331 et
1820 305 1926 332 imbecil-

1146 344 1211 377 lmn,
1229 345 1385 381 tristemque
1398 351 1424 373 et
1437 346 1583 374 demissum
1598 347 1749 376 reddamus.
1765 349 1793 376 Si
1806 350 1874 377 enim
1888 360 1927 379 eos

1145 391 1189 424 qui
1206 396 1348 425 peccarunt
1362 412 1369 423 ,
1386 396 1459 418 recte
1473 397 1500 419 et
1514 400 1547 419 ex
1562 393 1659 420 virtute
1673 401 1702 420 sc
1716 402 1809 429 gerere
1822 396 1925 427 viderit.

1146 435 1203 461 haec
1222 436 1310 462 omnia
1330 436 1408 463 simul
1425 437 1543 464 liunt..6.
1559 436 1614 471 Ego
1627 444 1710 465 autem
1727 440 1752 466 in
1766 441 1927 468 misericordia

1145 485 1189 507 :ua
1202 481 1309 516 speravi.
1326 481 1394 515 Quid
1409 489 1473 517 ergo
1487 487 1560 511 recte
1570 484 1653 511 fecisti
1666 489 1694 511 ut
1706 490 1790 519 petas,
1804 491 1832 513 ut
1846 495 1927 514 rursus

1146 530 1172 553 te
1192 527 1336 560 respiciat,
1359 533 1387 553 ut
1409 532 1479 554 tuam
1504 529 1652 556 orationem
1674 530 1816 564 exaudiat,
1839 536 1865 558 nt
1883 537 1927 559 tua:

1145 573 1243 599 tuentis
1259 573 1328 600 oculi
1346 573 1548 601 illuminentur?
1569 575 1700 602 nudenatn
1715 582 1804 604 autem
1820 577 1874 605 haec
1887 579 1926 605 tibi

1144 624 1236 652 speras
1259 618 1366 646 futura?
1388 620 1483 647 Dicant
1503 622 1627 656 quidem,
1649 623 1748 657 inquit,
1764 624 1825 656 alii,
1839 625 1860 651 si
1873 626 1926 660 quid

1144 665 1247 698 possint
1267 665 1378 693 dicere:
1394 674 1444 702 ego
1462 672 1551 695 autem
1568 676 1649 695 unum
1664 670 1721 696 scio
1733 691 1740 703 ,
1758 678 1838 698 unum
1856 672 1925 705 dicit,

1143 718 1251 738 omnem
1271 719 1345 746 spem
1360 720 1445 739 meam
1462 713 1488 740 in
1505 714 1549 740 illo
1563 714 1667 741 colloco
1684 724 1690 741 :
1706 715 1769 742 illud
1786 717 1848 743 mihi
1871 726 1925 752 pru-

1143 764 1214 792 pono
1226 778 1233 789 ,
1249 758 1460 785 misericordiam
1479 763 1550 786 tuam
1563 779 1571 791 ,
1590 764 1662 787 tuam
1685 760 1861 789 clementiam.
1879 762 1926 798 Ego

1143 807 1237 835 autem,
1253 802 1347 838 inquit,
1362 804 1389 829 in
1404 804 1576 830 misericordia
1587 810 1631 831 tua
1641 807 1750 838 speravi.
1769 806 1860 834 Vidisti
1875 816 1926 842 pro-

1141 847 1230 882 pheta:
1244 848 1441 876 humilitatem?
1456 850 1543 876 vidisti
1563 850 1633 884 pium
1647 855 1674 877 et
1686 856 1791 885 gratum
1813 853 1859 879 viri
1877 854 1926 880 ani-

1143 895 1235 920 mum?
1250 894 1326 922 Licet
1347 899 1438 929 posset
1462 896 1662 922 innumerabilia
1688 904 1701 922 a
1726 904 1755 924 se
1778 902 1848 925 recte
1866 898 1924 924 facta

1142 938 1232 966 dicere
1244 960 1251 971 ,
1268 944 1296 966 et
1310 947 1356 974 per
1370 948 1400 967 ea
1417 940 1500 967 Deum
1520 948 1632 968 exorare
1643 962 1650 973 ,
1666 949 1758 969 eorum
1774 942 1837 969 nihil
1852 942 1907 970 dicit
1917 964 1924 975 ,

1141 985 1188 1012 sed
1203 985 1234 1012 ad
1250 986 1335 1012 solam
1353 985 1473 1020 confugit
1488 987 1535 1014 Dei
1554 987 1776 1015 misericordiam.
1791 988 1863 1016 Unde
1875 990 1923 1016 ειη-

1142 1038 1200 1057 rum
1212 1036 1265 1064 est,
1280 1032 1352 1058 illutn
1367 1039 1427 1059 cuin
1441 1032 1497 1059 base
1508 1033 1582 1064 dicit,
1595 1040 1703 1068 nempe.
1718 1034 1750 1061 Si
1761 1035 1809 1070 feci
1819 1035 1888 1067 illud,
1900 1036 1926 1062 Si

1140 1076 1244 1103 retribui
1257 1077 1326 1104 mala
1338 1086 1385 1112 pro
1399 1078 1470 1104 bonis
1485 1078 1494 1113 (
1510 1077 1579 1105 μιαί.
1590 1079 1618 1106 7.
1633 1079 1659 1106 4.
1673 1079 1710 1115 5)
1722 1100 1731 1113 ,
1751 1085 1779 1107 et
1798 1088 1856 1115 qum
1873 1087 1925 1108 sunt

1142 1121 1311 1157 hujusmodi,
1331 1124 1356 1150 in
1375 1131 1497 1159 magnam
1514 1124 1658 1152 adductum
1675 1126 1859 1153 necessitatem
1877 1126 1924 1153 hzrc

1140 1167 1231 1195 dicere
1246 1177 1253 1195 :
1268 1176 1327 1203 qua:
1342 1169 1363 1195 si
1378 1177 1430 1196 non
1441 1169 1519 1202 adsit,
1532 1169 1596 1197 nihil
1609 1170 1674 1197 dicit
1687 1171 1793 1198 illorum
1804 1193 1810 1204 ,
1825 1172 1868 1198 sed
1883 1174 1924 1198 nii-

1140 1213 1313 1240 sericordiam
1322 1219 1352 1241 et
1364 1214 1410 1241 Dei
1417 1214 1590 1242 clementiam
1602 1223 1650 1250 pro
1660 1217 1732 1243 omni
1745 1217 1924 1251 supplicatione

1141 1260 1274 1294 proponit.
1292 1259 1392 1288 Deinde
1404 1260 1541 1288 conlidens
1553 1262 1609 1288 fore
1625 1266 1653 1288 ut
1666 1269 1715 1296 spe
1728 1270 1782 1289 non
1795 1262 1923 1290 frustrare-

1143 1311 1194 1337 tur,
1209 1306 1362 1340 subjttnxit,
1379 1306 1523 1334 Enultabit
1535 1316 1579 1334 cor
1591 1316 1674 1334 meum
1685 1309 1712 1335 in
1724 1310 1831 1336 salutari
1844 1315 1892 1335 lno.

1177 1351 1323 1379 Gratiarum
1336 1354 1403 1380 actio
1416 1359 1476 1380 ante
1489 1354 1647 1388 beneﬁcium.
1662 1370 1698 1374 —
1711 1355 1805 1383 Vidisti
1820 1357 1921 1383 animam

1141 1397 1209 1425 bene
1222 1399 1394 1433 sperantem?
1407 1399 1495 1432 Petiit,
1504 1404 1534 1427 et
1548 1400 1700 1435 priusquam
1712 1402 1853 1436 acceperit,
1866 1407 1922 1428 latn-

1140 1453 1220 1480 quam
1240 1446 1285 1480 qui
1300 1447 1462 1481 accepisset,
1478 1447 1533 1482 agit
1550 1447 1666 1482 gratias.
1681 1455 1713 1475 ac
1732 1448 1789 1475 Deo
1803 1450 1869 1476 canit
1883 1449 1922 1484 hy-

1141 1499 1243 1525 mnum,
1256 1493 1399 1528 omniaque
1412 1493 1474 1520 facit
1487 1501 1546 1527 qua:
1560 1495 1696 1528 praemissa
1710 1499 1784 1522 sunt.
1799 1495 1920 1523 Undcnatu

1140 1542 1228 1564 autem
1247 1542 1289 1565 est
1310 1542 1363 1565 tam
1384 1538 1453 1566 bona
1467 1546 1515 1573 spe
1529 1539 1674 1573 prteditus?
1697 1540 1734 1567 Ex
1751 1541 1797 1575 pio
1812 1545 1838 1569 et
1858 1546 1922 1576 grato

1141 1584 1249 1617 animo,
1272 1592 1305 1611 ex
1328 1592 1425 1620 magno
1447 1590 1474 1612 et
1497 1585 1647 1613 vehementi
1667 1586 1756 1614 studio
1779 1587 1919 1622 petitionis:

1139 1629 1240 1656 sciebat
1252 1637 1313 1657 eum
1326 1630 1371 1665 qui
1384 1630 1423 1658 sic
1433 1635 1546 1666 peteret,
1556 1639 1571 1658 a
1583 1631 1637 1659 Deo
1650 1633 1782 1666 exaudiri,
1794 1640 1824 1660 ex
1838 1640 1922 1667 magno

1140 1675 1228 1702 cordis
1243 1676 1333 1703 calore
1345 1680 1372 1703 et
1386 1676 1538 1711 agitatione.
1555 1677 1786 1710 Quemadmodum
1806 1685 1866 1712 ergo
1882 1678 1919 1712 qui

1139 1722 1257 1757 segniter
1268 1727 1294 1749 et
1306 1722 1470 1757 negligenter
1481 1727 1584 1757 petunt,
1597 1723 1677 1750 etiam
1690 1730 1751 1750 cum
1768 1724 1918 1758 acceperint,

1140 1769 1183 1795 vix
1205 1768 1375 1795 donationem
1398 1768 1515 1795 sentiunt
1535 1777 1542 1795 :
1564 1769 1597 1795 ita
1618 1768 1663 1803 qtti
1681 1768 1789 1796 intcnso
1807 1769 1888 1796 studio
1900 1773 1922 1795 et

1140 1815 1292 1842 vehementi
1303 1814 1383 1841 animi
1393 1815 1564 1841 contentione
1574 1818 1681 1849 petunt,
1690 1815 1771 1841 etiam
1783 1815 1921 1850 priusqnzun

1139 1861 1292 1895 acreperint
1303 1882 1310 1894 ,
1324 1868 1359 1888 ex
1372 1868 1469 1895 magna
1487 1865 1512 1887 et
1528 1867 1593 1895 pura
1608 1867 1654 1887 sua
1668 1860 1810 1888 all'ectione
1826 1860 1921 1895 perinde

1140 1915 1171 1935 ac
1186 1911 1208 1935 sl
1221 1908 1397 1942 accepissent,
1411 1907 1509 1934 donum
1524 1906 1653 1939 sentiunt,
1667 1905 1757 1933 divina
1769 1907 1851 1941 gratia
1864 1906 1921 1932 la-ti-

1139 1954 1203 1980 tiam
1224 1958 1301 1980 antea
1323 1953 1483 1980 immittente
1498 1961 1504 1979 :
1519 1957 1546 1979 et
1561 1956 1701 1987 propterea
1719 1957 1803 1986 agunt
1815 1953 1920 1987 gratias.

1139 2003 1167 2027 et
1184 1999 1219 2026 ab
1240 1999 1396 2034 accipiendo
1417 2006 1469 2026 non
1493 1998 1571 2034 longe
1591 1998 1698 2026 absunt.
1724 1997 1865 2025 Exsultabit
1886 2005 1922 2023 ror

1139 2053 1221 2073 meum
1234 2048 1260 2072 in
1272 2045 1378 2072 salutari
1393 2049 1444 2072 tuo.
1461 2045 1527 2077 lloe,
1544 2045 1643 2080 inquit,
1658 2052 1744 2072 meam
1758 2046 1870 2072 animam
1882 2044 1922 2070 lato

1140 2091 1197 2118 tilia
1217 2091 1318 2124 afﬁcit,
1333 2091 1403 2126 quod
1417 2098 1432 2117 a
1451 2095 1479 2118 te
1497 2090 1610 2118 salutem
1630 2094 1808 2124 assequatur;
1829 2090 1921 2117 laetatur

1139 2137 1227 2164 anima
1241 2144 1315 2168 mea,
1329 2136 1400 2172 quod
1412 2137 1470 2171 ejus
1483 2137 1519 2164 sis
1529 2137 1612 2165 salus.

1174 2180 1201 2207 5.
1217 2179 1310 2207 Vidisti
1330 2180 1552 2209 exsultationem.
1568 2184 1596 2206 et
1609 2179 1828 2212 exsultationem;
1844 2178 1921 2207 inimi-

1140 2232 1231 2253 corum
1242 2225 1445 2252 exsultationem
1455 2230 1563 2260 propter
1572 2226 1685 2260 lapsum,
1694 2230 1722 2253 et
1729 2226 1920 2253 exsultationem

1140 2273 1236 2300 animat
1251 2277 1361 2308 propter
1377 2273 1510 2308 propriam
1529 2272 1661 2299 salutem?
1684 2273 1728 2299 Illa
1743 2277 1786 2300 est
1799 2270 1919 2306 improbi;

1141 2319 1199 2347 lucc
1217 2323 1259 2346 est
1275 2325 1368 2346 eorum
1385 2319 1430 2353 qui
1444 2322 1646 2345 conservantur.
1665 2318 1711 2345 illa
1728 2322 1770 2345 est
1784 2317 1887 2345 exitium
1898 2319 1922 2341 et

1141 2365 1198 2400 ejus
1219 2365 1264 2399 qui
1286 2364 1424 2392 videbatur
1446 2365 1580 2391 exsultare
1592 2383 1600 2395 ,
1616 2368 1643 2390 et
1662 2364 1720 2397 ejtts
1738 2367 1845 2398 propter
1860 2359 1920 2395 quod

1141 2411 1307 2443 exsultabat;
1324 2410 1381 2437 haec
1393 2414 1435 2437 est
1447 2409 1519 2436 salus
1531 2414 1557 2436 et
1573 2409 1706 2436 restitutio
1718 2408 1778 2443 ejus
1789 2408 1834 2443 qui
1844 2405 1921 2434 exsul-

1141 2462 1189 2485 tat.
1206 2457 1261 2485 Hac
1273 2464 1337 2492 ergo
1347 2456 1522 2484 exsultatione
1531 2460 1561 2482 et
1573 2456 1662 2482 laetitia
1675 2455 1797 2482 laetemur
1806 2459 1832 2482 et
1841 2452 1921 2480 exsul-

1141 2508 1229 2531 temus
1241 2512 1247 2530 :
1259 2502 1330 2530 illam
1346 2502 1476 2537 fugiamus
1488 2506 1515 2529 et
1527 2508 1691 2528 aversemur.
1704 2499 1814 2527 Cantabo
1824 2498 1921 2529 Domitia

1141 2551 1183 2585 qui
1196 2550 1261 2577 bona
1273 2549 1359 2576 tribuit
1372 2549 1445 2581 mihi,
1456 2553 1481 2575 et
1493 2547 1603 2582 psallam
1617 2548 1712 2574 nomini
1726 2546 1827 2574 Domini
1838 2544 1922 2572 altissi-

1142 2596 1188 2622 mi.
1213 2595 1411 2622 Monumentum
1424 2614 1432 2626 ,
1448 2593 1532 2627 inquit
1544 2613 1551 2624 ,
1567 2591 1646 2626 hujus
1666 2592 1787 2620 beneﬁcii
1802 2590 1922 2618 canticum

1144 2641 1257 2668 Domino
1269 2640 1379 2667 offeram
1389 2659 1397 2670 ,
1412 2638 1483 2674 quod
1496 2646 1539 2665 me
1553 2638 1682 2665 beneficio
1695 2637 1814 2665 aﬂ’ecerit
1823 2656 1830 2667 ,
1844 2634 1922 2662 inimi-

1143 2695 1203 2714 cum
1218 2686 1345 2714 humilem
1360 2690 1387 2713 et
1403 2685 1537 2718 abjectum
1551 2684 1715 2717 reddiderit,
1730 2682 1868 2719 ignominia
1882 2681 1921 2707 itu-

1145 2733 1275 2768 pleverit,
1299 2731 1459 2759 imbecillum
1486 2729 1654 2762 ostenderit,
1679 2737 1765 2756 meam
1788 2726 1922 2755 exaudierit

1144 2779 1302 2810 orationem,
1318 2778 1344 2804 in
1359 2784 1402 2804 me
1416 2777 1517 2804 vultum
1532 2783 1610 2803 suum
1625 2776 1802 2807 converterit,
1818 2774 1922 2801 discussa

1145 2825 1257 2859 caligine
1270 2828 1297 2852 et
1311 2822 1427 2850 tenebris
1439 2842 1447 2855 ,
1462 2830 1509 2857 per
1522 2830 1588 2857 quas
1603 2822 1636 2850 ad
1650 2827 1762 2849 mortem
1775 2821 1873 2849 ferebar
1885 2828 1890 2845 :
1903 2823 1921 2842 ιιι

1146 2874 1255 2908 propter
1276 2869 1334 2904 ejus
1356 2868 1471 2896 salutare
1496 2867 1654 2902 exsultans,
1676 2872 1808 2902 tamquam
1827 2859 1921 2898 aliquod
