4030 6402
397 295 497 353 155
1533 299 1903 359 ΕΧΙ’081Τ10
1940 300 2011 357 IN

2117 301 2379 360 iALMUM
2417 301 2554 358 XLI.
3593 306 3694 363 {56

406 422 466 469 ut
491 412 609 484 ipse
639 427 813 485 supra
839 414 1084 487 indicat;
1115 415 1453 487 alteriusque
1491 417 1869 488 responsionis
1902 432 2012 488 spei

2117 434 2180 472 en
2211 418 2391 485 affert,
2419 433 2635 488 nempe,
2664 418 2954 490 Μακάριος
2988 419 3131 492 ἀνὴρ
3160 421 3189 475 ό
3226 422 3564 494 φοϐούμενος
3603 425 3700 479 τὸν

412 508 635 581 Κύριον,
661 506 870 563 Beatus
898 510 981 564 vir
1005 510 1095 579 qui
1122 510 1271 564 timet
1293 508 1620 575 Dominum,-
1652 510 1816 566 aliam
1850 510 1979 564 item
2008 529 2012 557 π

2117 512 2259 583 ,κοήν
2290 511 2458 567 refert
2495 526 2659 582 supra
2693 512 3049 579 Athanasius,
3076 529 3295 584 nempe,
3323 515 3444 569 ὀτι
3480 516 3562 581 είς
3603 515 3701 569 τὸν

416 602 587 657 αἰῶνα
606 600 669 656 τὸ
701 602 855 667 ἔλεος
887 602 1081 671 αὐτοῦ,
1113 602 1376 671 Quoniam
1407 605 1464 658 in
1491 604 1750 660 secutum
1779 605 2012 660 miserior.

2117 624 2146 660 a
2195 606 2334 677 ejus.
2385 606 2513 665 Haec
2556 608 2720 680 igitur
2763 609 3129 679 respondebat
3169 611 3426 681 populus,
3465 610 3701 666 diacono

416 711 511 756 aut
544 701 830 757 sacerdote
860 702 1286 773 praecinentibus
1315 709 1410 757 aut
1431 702 1776 775 legentibus;
1807 703 2104 774 multasque
2138 716 2292 764 erant
2323 704 2639 776 hujusmodi
2669 704 2910 759 ὑπακοαί
2954 720 3051 761 seu
3087 708 3477 777 responsiones,
3522 701 3703 774 inquit

417 797 868 868 Chrysoslomus.

485 893 609 949 Jan:
640 895 908 965 quaeritur
939 894 1164 967 quinam
1199 895 1564 966 respondendi
1590 899 1786 953 modus
1808 905 1976 963 esset,
2003 910 2069 951 ac
2089 896 2444 967 quandonam
2477 897 2713 969 populus
2742 900 3120 970 responderet.
3146 899 3306 957 Certe
3328 899 3454 957 illas
3483 916 3704 971 respon-

416 992 606 1045 siones
639 1004 746 1045 non
774 992 967 1056 semel,
994 1001 1090 1047 aut
1117 991 1220 1057 bis,
1245 1002 1343 1046 aut
1364 1002 1467 1058 ter,
1489 992 1583 1048 sed
1613 1007 1758 1063 saepe
1776 993 2011 1048 emissas
2033 1008 2066 1047 a
2093 992 2295 1062 populo
2336 990 2507 1047 fuisse
2537 993 2742 1048 diserte
2782 995 2861 1049 ait
2898 994 3366 1065 Cbrysostomus;
3399 994 3545 1049 unde
3579 993 3699 1064 pla-

416 1098 555 1137 num
587 1081 750 1139 fuerit
782 1083 1041 1154 p0pnlum
1068 1085 1376 1140 alternatim
1406 1100 1532 1141 cum
1563 1085 1796 1141 diacono
1841 1086 1925 1141 vel
1983 1086 2269 1142 sacerdote
2310 1086 2553 1143 locutum
2596 1087 2806 1142 fuisse:
2841 1087 3194 1158 quandonam
3242 1096 3425 1142 autem
3461 1089 3694 1157 populus

415 1177 721 1233 :lternaret
744 1192 926 1245 voces,
953 1177 1304 1234 subindicare
1335 1179 1549 1236 videtur
1592 1194 1759 1249 supra
1790 1178 2128 1235 Athanasius
2166 1194 2292 1235 cum
2340 1182 2457 1238 ait:
2502 1180 2565 1236 In
2609 1180 2797 1235 throno
2851 1180 3037 1235 sedens
3089 1181 3315 1247 prwcepi
3355 1181 3605 1246 diacono,
3639 1189 3699 1234 ut

419 1268 698 1323 Psalmum
728 1269 934 1340 legeret,
963 1271 1258 1342 populoque
1287 1280 1345 1325 ut
1373 1271 1732 1342 responderet,
1768 1271 2035 1338 Quoniam
2066 1273 2123 1327 in
2151 1282 2407 1327 aeternum
2450 1272 2823 1327 misericordia
2855 1272 2991 1341 ejus.
3032 1268 3138 1326 Ubi
3175 1269 3452 1325 Psalmum
3489 1271 3705 1324 videtur

416 1368 712 1440 designare
745 1367 1011 1437 CXXXV,
1041 1371 1098 1427 in
1127 1385 1238 1442 quo
1264 1370 1466 1442 singuli
1503 1387 1698 1428 versus
1726 1371 1987 1428 desinunt
2022 1372 2076 1426 in
2107 1369 2371 1436 Quoniam
2398 1373 2456 1427 in
2489 1381 2743 1426 aternum
2785 1370 3155 1425 misericordia
3179 1368 3295 1439 ejus
3322 1383 3342 1423 :
3388 1381 3702 1438 quanquam

417 1477 528 1514 non
552 1461 732 1517 ausim
765 1462 950 1519 dicere
985 1463 1128 1519 hanc
1165 1463 1416 1534 ὑπακοήν
1451 1463 1582 1520 huic
1613 1463 1717 1520 soli
1763 1462 1985 1520 Psalmo
2028 1465 2325 1533 addictam,
2366 1479 2468 1522 nec
2509 1465 2668 1520 alteri
2716 1478 2979 1536 umquam
3009 1472 3252 1535 aptatam
3283 1460 3454 1518 fuisse
3500 1462 3555 1517 in
3598 1458 3706 1514 illis

414 1556 793 1614 Orientalibus
826 1557 1107 1614 Ecclesiis.

490 1650 570 1705 Ex
595 1650 703 1707 hoc
724 1650 1015 1707 Athanasii
1044 1651 1166 1708 loco
1195 1649 1608 1723 deprehendere
1639 1649 1788 1716 licet,
1821 1649 1876 1705 ni
1907 1649 2087 1714 fallor,
2125 1665 2236 1721 quo
2264 1660 2446 1720 pacto,
2472 1665 2695 1721 quoque
2739 1658 2987 1722 tempore
3034 1648 3394 1722 responderet
3444 1646 3702 1718 p0pnlus,

414 1736 779 1817 eamdemque
817 1748 1025 1817 pluries
1063 1749 1475 1819 responsionem
1509 1754 1797 1820 repeteret.
1836 1746 1909 1803 Ut
1939 1757 2123 1803 autem
2171 1763 2261 1804 res
2300 1749 2553 1818 exemplo
2591 1748 2879 1813 doceatur,
2924 1750 3100 1820 ipsam
3144 1748 3427 1819 ὑπακοήν,
3462 1747 3579 1803 sive
3620 1765 3706 1802 re-

416 1846 776 1916 sponsionem,
807 1859 837 1899 a
863 1844 1255 1917 Chrysostomo
1282 1852 1645 1901 memoratam
1679 1844 1991 1915 saepiusque
2023 1845 2244 1900 allatam
2288 1844 2343 1898 in
2384 1845 2623 1899 medium
2659 1844 3016 1901 adducemus.
3071 1843 3345 1899 Diaeonus
3397 1842 3512 1899 sive
3550 1843 3707 1912 quis-

418 1944 563 2008 piam
595 1926 736 1998 alius
764 1941 1062 2013 incipiebat
1090 1961 1104 1998 :
1134 1944 1232 1997 'Ov
1256 1944 1462 2016 τρόπον
1493 1943 1749 1999 ἐπιποθεῖ
1772 1943 1805 2014 ή
1835 1941 2012 2010 ἔλαφοι

2117 1942 2155 1996 τὶ
2193 1941 2296 2005 τὰς
2335 1940 2522 2013 πηγάς
2559 1941 2669 1995 τῶν
2713 1940 2954 2009 ὑδάτων,
2987 1939 3162 2005 οὕτως
3198 1940 3453 1994 ἐπιποθεῖ
3483 1941 3517 2012 ή
3554 1940 3702 2013 ψυχή

421 2054 528 2108 μου
559 2035 694 2107 πρὸς
730 2034 810 2103 σὲ,
843 2035 872 2088 ό
901 2034 1038 2101 Θεός
1066 2050 1080 2089 :
1121 2034 1583 2103 Quemadmodum
1610 2034 1877 2091 desiderat
1902 2051 2083 2090 cervus
2111 2036 2180 2090 ad
2212 2036 2382 2106 fontes
2413 2052 2696 2107 aquarum,
2726 2036 2805 2089 ita
2836 2036 3104 2089 desiderat
3153 2034 3335 2088 anima
3378 2048 3494 2087 mea
3524 2033 3595 2086 ad
3630 2042 3703 2098 te,

425 2132 585 2187 Deus.
623 2131 921 2202 Repetebat
942 2133 1122 2204 primo
1152 2133 1385 2204 populus
1407 2133 1555 2188 hunc
1584 2147 1825 2198 versum,
1860 2133 1960 2186 ’ον
1984 2149 2012 2184 τ

2117 2148 2208 2195 ιον,
2240 2141 2347 2187 etc.
2378 2131 2646 2202 Pergebat
2689 2130 2997 2185 diaconus:
3034 2127 3325 2200 Ἐδίψησεν
3362 2125 3567 2197 ἡψυχή
3600 2140 3704 2195 μου

421 2230 559 2299 πρὸς
580 2229 674 2283 τὸν
698 2229 834 2283 Θεὸν
860 2229 954 2285 τὸν
982 2228 1183 2295 ζῶνταο
1219 2230 1353 2285 πότε
1380 2229 1488 2298 ἔξω
1516 2230 1611 2285 καὶ
1636 2229 1960 2302 ὀφθήσομαι·
1988 2247 2012 2284 1

2117 2228 2390 2301 προσώπῳ
2435 2228 2533 2282 τοῦ
2585 2227 2765 2284 Θεοῦε
2810 2227 2991 2284 Sitivit
3039 2228 3222 2282 anima
3273 2241 3393 2281 mea
3438 2224 3509 2278 ad
3534 2221 3704 2277 Deum

419 2327 617 2391 uirum,
642 2335 747 2382 etc.
776 2325 1109 2383 Resumebat
1141 2328 1376 2399 populus
1408 2343 1651 2393 versum,
1691 2330 1788 2382 'Ov
1812 2328 2012 2400 τρόπον

2119 2327 2314 2393 moon,
2344 2336 2399 2382 et
2430 2328 2511 2383 sic
2557 2342 2735 2398 usque
2768 2327 2835 2382 ad
2880 2328 3043 2381 linem
3085 2324 3324 2387 Psalmi;
3372 2324 3445 2378 ita
3494 2330 3557 2378 ut
3593 2335 3706 2376 non

419 2423 617 2487 semel,
647 2431 745 2479 aut
768 2424 874 2488 bis,
899 2431 997 2479 aut
1026 2433 1126 2488 ter,
1153 2425 1270 2491 sed,
1304 2433 1365 2480 ut
1394 2424 1472 2479 ait
1509 2440 1677 2495 supra
1712 2424 2176 2497 Chrysostomus,
2219 2424 2426 2495 pluries
2462 2424 2579 2480 haec
2619 2423 2838 2496 ὑπακοή
2895 2438 2992 2478 seu
3043 2421 3314 2490 responsio
3343 2418 3704 2490 proferretur.

422 2517 490 2570 I-It
520 2515 604 2571 sic
633 2514 904 2587 intelligas
940 2515 1010 2570 de
1039 2515 1163 2571 aliis
1192 2515 1508 2585 hujusmodi
1537 2516 2028 2587 responsionibus;
2074 2516 2225 2572 verbi
2271 2531 2460 2584 causa,
2514 2514 2712 2570 Beatus
2754 2515 2836 2570 vir
2877 2515 2968 2586 qui
3007 2515 3154 2569 timet
3204 2513 3495 2568 Dominum
3522 2526 3541 2564 :
3583 2525 3709 2581 quae

420 2618 548 2680 post
573 2609 1042 2680 singulos-versus
1068 2623 1098 2664 a
1127 2608 1340 2679 populo.
1362 2608 1731 2680 repetebatur.
1777 2608 1950 2679 Igitur
1980 2608 2285 2663 ὑπακούειν
2329 2616 2415 2664 est
2455 2608 2789 2677 respondere,
2832 2606 2929 2661 illo
2967 2621 3165 2676 nempe
3216 2603 3425 2659 modo:
3466 2601 3706 2671 ὑπακοή,

416 2701 733 2769 responsio;
756 2698 1088 2770 ὑποψάλλειν
1110 2709 1293 2754 autem
1329 2709 1414 2755 est
1435 2700 1726 2765 succinerc,
1755 2701 1979 2771 quando
2011 2700 2012 2751 Ῐ

2122 2701 2266 2756 Imus
2297 2699 2416 2772 μετ’
2445 2699 2611 2772 ᾠδῆς,
2638 2716 2759 2754 cum
2784 2708 2944 2753 cantu
2965 2738 2981 2764 ,
3030 2708 3092 2752 ut
3129 2696 3208 2751 ait
3252 2694 3707 2766 Chrysostomus,

417 2795 723 2864 profertur.
755 2792 1087 2849 Ἐπακούειν
1117 2795 1285 2850 etiam
1306 2795 1560 2851 eumdem
1589 2794 1889 2866 aliquando
1916 2793 2284 2867 signiﬁcatum
2312 2793 2517 2851 habere
2545 2792 2907 2865 probavimus
2939 2791 2997 2846 in
3019 2789 3378 2847 Onomastico
3402 2787 3470 2844 ad
3499 2787 3706 2843 calcem

418 2892 666 2961 Operum
697 2890 1003 2947 Athanasii.

436 2998 3688 3019 W—

811 3112 925 3169 ΕῙΣ
964 3112 1100 3170 ΤΟΝ
1134 3114 1254 3170 MA'
1289 3113 1612 3169 ‘FAAMON.

424 3224 449 3261 σ
479 3209 596 3264 ⁸ον
625 3206 851 3278 τρόπον
884 3204 1161 3278 ἐπιποθεῖ
1195 3206 1235 3274 ἠ
1266 3206 1494 3278 ἔλαφος
1536 3203 1636 3278 ἐπὶ
1665 3201 1774 3278 τὰς
1809 3202 2006 3278 πηγάς

498 3282 617 3335 τῶν
649 3273 902 3333 ὖδάτων.
939 3295 959 3329 ι
991 3276 1103 3330 Καὶ
1155 3273 1322 3342 τίνος
1366 3273 1542 3342 χάριν
1571 3277 1605 3329 ὀ
1637 3273 2005 3343 nautaequ-

496 3352 607 3405 τὸν
630 3351 776 3414 ,βίον
811 3347 1177 3415 είσενεχθεὶς
1200 3341 1327 3415 μετ’
1354 3341 1516 3412 ᾠδῆς
1544 3341 1865 3414 dediderat.
1890 3341 2006 3396 Kal

498 3421 633 3491 περὶ
660 3418 772 3488 τῆς
800 3416 910 3501 τρῦ
949 3417 1098 3471 Θεοῦ
1122 3415 1551 3487 μακροθυμίας.

500 3526 570 3573 α’.
611 3517 797 3587 Ὑμεῖς
835 3514 934 3587 μὲν
968 3514 1118 3586 ἡμᾶς
1154 3513 1497 3584 ἐθαυμάζετε
1536 3510 1759 3583 πρώην,
1786 3510 1876 3563 ὅτε
1912 3506 2008 3563 τὸν

425 3606 559 3677 περὶ
575 3601 673 3656 τοῦ
696 3598 1035 3671 Μελχισεδὲκ
1052 3599 1389 3669 έκινήσαμεν
1414 3597 1595 3664 λόγον,
1623 3597 1722 3648 ἐπὶ
1739 3592 1814 3664 τῷ
1842 3593 2005 3665 μήκει

425 3688 537 3743 τῶν
563 3684 894 3758 είρημένωνυ
929 3679 1044 3751 ἐγὼ
1078 3681 1137 3734 δὲ
1174 3681 1321 3752 ὑμᾶς
1350 3679 1662 3750 ἐθαύμαζον
1690 3678 1785 3730 ἐπὶ
1812 3681 1880 3749 τῇ
1908 3677 2009 3747 τῆς

430 3770 747 3843 ἀκροάσεως
775 3765 1053 3839 προθυμίᾳ
1090 3781 1151 3818 τε
1179 3764 1274 3818 καὶ
1309 3760 1546 3829 συνέσει,
1577 3761 1673 3815 καὶ
1697 3761 1778 3814 ὅτι
1808 3775 2012 3830 μακρο-

427 3856 593 3927 τέρου
620 3852 715 3907 τοῦ
752 3852 913 3921 λόγου
941 3848 1323 3923 προελθόντος,
1348 3849 1510 3920 μέχρι
1538 3845 1727 3927 τέλους
1756 3859 2008 3927 παρηκο-

429 3924 735 4011 λουθήσατε
780 3938 945 4007 ἡμῖν·
992 3934 1169 3990 καίτοι
1198 3950 1264 4002 γε
1318 3933 1379 3987 οὐ
1430 3930 1643 4003 μακρὸς
1686 3924 1753 4000 ἦν
1840 3925 2011 4011 ’λόγος

434 4006 618 4094 μόνον,
653 4006 915 4076 ἀλλὰκαὶ
950 4017 1271 4089 δυσχέρειαν
1307 4012 1421 4086 εἶχε
1455 4013 1680 4082 πολλήν.
1714 4008 1853 4094 Ἀλλ’
1885 4006 2012 4062 οὔτε

430 4092 493 4160 τὸ
519 4108 713 4178 μῆκος,
734 4101 854 4157 οὗτε
882 4104 916 4174 ή
942 4100 1199 4155 δυσκολία
1220 4098 1318 4170 τὴν
1352 4097 1626 4169 ὑμετέραν
1654 4092 1850 4178 ῆλεγξε
1880 4108 2015 4178 προς

433 4173 651 4263 θυμίαν.
668 4188 805 4260 Φέρε
826 4182 918 4242 οὖν
949 4186 1078 4256 ὑμῖν
1104 4182 1340 4254 ἀμοιϐὴν
1365 4178 1653 4250 ἀποδῶμεν
1685 4176 1895 4263 ἐκείνου
1916 4173 2011 4229 τοῦ

433 4259 620 4337 πόνου,
656 4259 996 4340 σαφεστέραν
1024 4266 1163 4339 πρὸς
1200 4266 1344 4337 ὑμᾶς
1380 4264 1620 4335 τήμερον
1655 4259 2013 4330 ποιησάμενοι

430 4358 532 4427 τὴν
553 4356 809 4420 διάλεξιν.
824 4353 957 4408 Οὐδὲ
982 4351 1091 4422 γάρ
1121 4349 1413 4403 ἐπιτείνειν
1436 4348 1525 4401 ἀεὶ
1543 4346 1624 4400 δεῖ
1647 4347 1746 4417 τὴν
1772 4344 2012 4398 διάνοιαν

432 4443 541 4496 τῶν
562 4436 847 4514 ἀκροατῶν
865 4436 1280 4508 (διαρῤήγνυται
1296 4434 1406 4503 γάρ
1429 4432 1683 4503 ταχέως),
1702 4428 1826 4514 ούτε
1842 4428 2013 4514 laici?

435 4526 522 4579 ἀεὶ
553 4507 654 4578 καῖ
679 4507 923 4577 ἀνιέναι·
963 4507 1060 4573 καὶ
1098 4519 1207 4589 γὰρ
1245 4515 1497 4569 ἐντεῦθεν
1542 4512 1821 4585 ἀργοτέρα
1861 4507 2013 4583 [0151]

434 4608 647 4678 γίνεται
673 4604 853 4660 πάλιν.
877 4602 969 4656 Διδ
996 4600 1292 4655 ποικίλλειν
1317 4599 1425 4671 χρὴ
1445 4597 1507 4651 τὸ
1532 4597 1633 4667 τῆς
1662 4593 2014 4678 διδασκαλίας

433 4676 594 4756 sax,
622 4689 716 4743 ml.
737 4688 832 4741 νῦν
868 4685 966 4757 μὲν
988 4682 1550 4754 πανηγυρικωτέρων,
1590 4678 1687 4732 νῦν
1719 4677 1777 4731 δὲ
1808 4676 2014 4745 ἀγωνι-

435 4774 779 4846 στικωτέρων
804 4756 1073 4827 ἅπτεσθαι
1095 4768 1292 4836 λόγων.
1314 4767 1525 4836 Ὠσπερ
1547 4756 1640 4816 οὖν
1662 4761 1781 4846 τότε
1806 4760 2013 4829 ἔλεγον,

429 4863 514 4916 ὅτι
541 4862 591 4914 οί
612 4844 891 4928 ποιμένες,
918 4853 1027 4907 τῶν
1062 4852 1243 4907 λύκων
1267 4851 1531 4905 ἐπιόντων
1560 4850 1628 4919 τῇ
1664 4844 1892 4917 ποίμνῃ,
1915 4846 2016 4915 τὴν

434 4945 673 5014 σύριγγα
716 4941 949 5010 ἀφέντες
971 4977 988 5001 ,
1020 4937 1117 5007 τὴν
1169 4934 1466 5005 σφενδόνην
1501 4928 2012 5014 μεταχειρίζονται*

382 5010 393 5027 ’
430 5010 586 5082 οὕτω
611 5010 709 5079 νῦν
751 5024 815 5095 δὴ
847 5018 1235 5092 παρελθουσῶν
1268 5017 1377 5070 τῶν
1416 5013 1621 5087 ἑορτῶν
1651 5013 1763 5066 τῶν
1793 5012 2016 5066 Ἰουδαῖ-

431 5113 569 5176 κῶν,
600 5110 649 5163 οἳ
676 5107 856 5162 λύκων
884 5105 1141 5158 ἁπάντων
1162 5100 1271 5155 εἰσὶ
1293 5099 1688 5171 χαλεπώτεροι,
1718 5096 1817 5166 τὴν
1858 5112 2018 5163 σφεν-

428 5199 590 5268 δόνην
622 5192 782 5248 πάλιν
825 5190 1057 5259 ἀφέντες
1079 5227 1095 5250 ,
1128 5186 1222 5239 ἐπὶ
1260 5185 1362 5257 τὴν
1401 5183 1640 5268 σύριγγα
1668 5179 2014 5268 ὲπανᾳίωμεν·

431 5262 701 5341 καῖ’τοίις
739 5270 1280 5345 ἀγωνιστικωτέρους
1325 5264 1746 5327 ἀναπαύσαντες
1802 5262 2014 5329 λόγους,

429 5362 637 5432 ἑτέρων
667 5344 833 5413 τινῶν
881 5353 1236 5424 σαφεστέρων
1282 5348 1553 5419 ἁψώμεθα
1574 5386 1598 5432 ,_
1630 5346 1733 5432 τῆν
1781 5344 2017 5432 κιθάραν

426 5426 604 5515 αὐτὴν
631 5442 726 5497 τοῦ
759 5440 925 5495 Δαυῖδ
954 5433 1498 5515 μεταχειριζόμενοι,
1517 5430 1613 5515 καὶ
1644 5428 1744 5499 τὴν
1772 5426 2018 5515 ὑπακοὴν

429 5533 512 5595 εἰς
539 5510 707 5600 μέσον
733 5528 986 5594 ἄγοντες,
1011 5523 1077 5592 ῆν
1094 5521 1335 5577 ἅπαντες
1366 5512 1726 5600 ὑπεψάλαμεν
1755 5510 2013 5600 τήμερρνῖ

429 5591 552 5677 Τίς·
578 5609 671 5666 οὖν
708 5591 859 5663 ἐστιν
898 5608 933 5675 ἡ
979 5591 1223 5671 ὑπακοή;
1276 5600 1380 5652 Ὃν
1410 5597 1635 5665 τρόπον
1680 5591 1954 5677 ἐπιποθεῖ
1977 5593 2016 5660 ἡ

431 5675 656 5767 eum
686 5693 787 5748 ἐπὶ
820 5689 931 5754 τὰς
981 5684 1177 5754 πηγὰς
1217 5680 1336 5736 τῶν
1362 5678 1618 5744 ὑδάτων,
1658 5676 1847 5743 οὕτως
1886 5675 2014 5733 ἐπι-

433 5766 601 5840 ποθεῖ
622 5785 658 5843 ἠ
689 5777 868 5843 ψυχή
894 5790 1011 5839 μου
1045 5784 1113 5840 πί
1126 5771 1193 5836 ἐς
1212 5768 1307 5834 σὲ,
1328 5769 1357 5821 r1
1385 5766 1548 5829 Θεός.

2177 3110 2400 3165 Μᾶλλον
2427 3110 2485 3163 δὲ
2520 3111 2822 3179 ἀναγκαῖον
2859 3108 3034 3161 εἰπεῖν
3064 3107 3297 3180 πρῶτον,
3325 3108 3469 3172 τίνος
3502 3108 3689 3163 ἕνεκεν

2105 3193 2134 3247 ό
2153 3192 2368 3264 ψαλμδς
2389 3194 2470 3257 είς
2492 3193 2586 3246 τὸν
2614 3191 2729 3262 βίον
2758 3192 3133 3262 εἰσενήνεκται
3153 3191 3247 3246 τὸν
3270 3191 3561 3264 ἡμέτερον,
3593 3192 3690 3245 καὶ

2111 3279 2227 3348 μετ’
2248 3277 2392 3349 ᾠδῆς
2424 3277 2660 3349 μάλιστα
2695 3275 2835 3348 αὕτη
2862 3277 2896 3347 ἡ
2927 3276 3237 3347 προφητεία
3263 3276 3500 3345 λέγεται.
3533 3276 3690 3339 Τίνος

2106 3357 2200 3417 οὗν
2220 3360 2408 3415 ἕνεκεν
2439 3361 2657 3430 λέγεται
2697 3359 2816 3431 μετ’
2847 3359 3012 3431 ᾠδῆς,
3038 3361 3291 3415 ἄκουσον·
3324 3359 3561 3423 Πολλοὺς
3579 3359 3691 3413 τῶν

2108 3444 2414 3516 ἀνθρώπων
2448 3443 2684 3498 κατιδὼν
2706 3444 2737 3496 ό
2766 3441 2899 3506 Θεὸς
2932 3442 3333 3517 ρᾳθυμοτέρους
3375 3442 3553 3506 ὄντας,
3594 3444 3691 3496 καὶ

2110 3528 2247 3599 πρὸς
2296 3527 2398 3598 τὴν
2449 3527 2558 3580 τῶν
2611 3525 3001 3595 πνευματικῶν
3047 3526 3357 3594 ἀνάγνωσιν
3413 3526 3692 3598 δυσχερῶς

2110 3610 2356 3680 ἔχοντας,
2390 3610 2486 3663 καὶ
2516 3609 2609 3663 τὸν
2633 3607 2845 3660 ἐκεῖθεν
2871 3608 2969 3677 οὐχ
3004 3608 3172 3678 ἡδέως
3199 3609 3570 3680 ὑπομένοντας
3594 3607 3693 3662 κά·-

2113 3709 2305 3763 ματον,
2348 3691 2725 3761 ποθεινότερον
2757 3689 2987 3759 ποιῆσαι
3017 3689 3112 3742 τὸν
3142 3691 3305 3744 πόνον
3345 3690 3688 3761 βουλόμενος,

2110 3774 2321 3829 καὶτοῦ
2344 3775 2594 3844 καμάτου
2613 3773 2714 3844 τὴν
2736 3771 2990 3840 αἴσθησιν
3014 3772 3404 3842 ὑποτεμέσθαι,
3427 3772 3691 3843 μελῳδίαν

2110 3856 2337 3928 ἀνέμιξε
2368 3858 2435 3926 τῇ
2480 3854 2815 3926 προφητείᾳ,
2870 3855 2957 3908 ἵνα
3003 3853 3081 3925 τῷ
3115 3854 3306 3925 ῥυθμῷ
3350 3854 3446 3908 τοῦ
3495 3854 3692 3925 μέλους

2110 3937 2603 4010 ψυχαγωγούμενοι
2632 3937 2852 4002 πάντες,
2880 3935 3020 4009 μετὰ
3039 3936 3239 4007 πολλῆς
3264 3937 3363 4008 τῆς
3385 3936 3691 4009 προθυμίας

2111 4025 2240 4083 τοὺς
2285 4023 2464 4095 ἱεροὺς
2490 4022 2890 4091 ἀναπέμπωσιν
2923 4019 3074 4091 αὐτῷ
3106 4020 3328 4091 ὕμνους.
3355 4020 3521 4073 οὐδὲν
3558 4020 3689 4090 γὰρ,

2113 4107 2267 4161 οὐδὲν
2289 4105 2465 4170 οὕτως
2484 4106 2737 4174 ἀνίστησι
2766 4105 2971 4175 ψυχὴν,
2993 4104 3088 4158 καὶ
3112 4104 3324 4174 πτεροῖυ
3345 4104 3439 4156 καὶ
3459 4103 3560 4172 τῆς
3587 4103 3693 4173 γῆς

2114 4189 2476 4252 ἀπαλλάττει,
2515 4188 2611 4241 καὶ
2637 4188 2745 4241 τῶν
2776 4188 2872 4241 τοῦ
2915 4186 3167 4258 σώματος
3195 4186 3418 4239 ἀπολύει
3454 4186 3691 4256 δεσμῶν,

2116 4275 2213 4327 καὶ
2249 4272 2562 4342 φιλοσοφεῖν
2603 4274 2778 4335 ποιεῖ,
2829 4270 2925 4323 καὶ
2972 4271 3191 4323 πάντων
3239 4269 3544 4338 καταγελᾷν
3586 4269 3693 4323 τῶν

2120 4355 2414 4425 βιωτικῶν,
2450 4354 2526 4416 ώς
2558 4353 2718 4424 μέλος
2745 4353 3087 4423 συμφωνίας.
3115 4353 3210 4405 καὶ
3246 4350 3435 4422 ῥυθμῷ
3475 4350 3694 4418 συγκεί-

2120 4456 2279 4510 μενον
2306 4438 2448 4491 θεῖον
2479 4432 2654 4508 ᾆσμα.
2682 4434 2839 4489 Οὕτω
2867 4434 2998 4503 γοῦν
3028 4434 3184 4505 ήμῶν
3208 4435 3243 4503 ἠ
3275 4433 3434 4502 φύσις
3466 4432 3603 4502 πρὸς
3625 4432 3695 4486 τά

2115 4522 2340 4594 ᾄσματα
2380 4520 2478 4573 καὶ
2509 4519 2580 4571 τὰ
2611 4518 2748 4589 μέλη
2780 4518 2952 4587 ἡδέως
2982 4517 3093 4586 ἔχει
3118 4517 3212 4570 καὶ
3238 4516 3474 4579 οἰκείως,
3498 4516 3574 4578 ὡς
3599 4517 3695 4569 καὶ⁹

2114 4606 2185 4659 τά
2240 4603 2520 4675 ὑπομάζια
2569 4600 2757 4654 παιδία
2806 4598 3321 4672 κλαυθμυριζόμενα
3365 4598 3460 4652 καὶ
3501 4598 3696 4670 δυσχε-

2118 4689 2393 4761 ραίνοντα,
2430 4683 2574 4739 οὕτω
2603 4681 3115 4754 κατακοιμίζεσθαι.
3145 4685 3212 4736 Al.
3244 4683 3375 4752 γοῦν
3417 4681 3597 4735 τίτθαι
3638 4686 3696 4736 ὲν

2116 4775 2237 4836 ταῖς
2283 4769 2553 4838 ἀγκάλαις
2591 4768 2734 4822 αὐτὰ
2776 4767 3164 4837 βαστάζουσαι,
3207 4766 3471 4829 πολλάκις
3510 4766 3699 4820 ἀπιοῦ-

2120 4855 2211 4909 σαί
2231 4870 2292 4907 τε
2315 4853 2411 4906 καὶ
2438 4850 2781 4914 ὲπανιοῦσαι,
2818 4850 2913 4903 καί
2936 4867 3055 4904 τινα
3086 4851 3268 4912 αὐτοῖς
3298 4848 3699 4919 κατεπᾴδουσαι

2117 4937 2339 5009 ᾅσματα
2363 4933 2611 4998 παιδικὰ,
2650 4933 2823 4996 οὕτως
2855 4932 3034 4986 αὐτῶν
3069 4932 3139 4985 τὰ
3171 4932 3415 5003 βλέφαρα
3448 4947 3692 4984 κατακοι-

2121 5022 2361 5092 μίζουσι.
2393 5019 2491 5073 Διά
2522 5017 2684 5072 τοῦτο
2712 5018 2804 5072 καὶ
2837 5016 3108 5087 ὁδοιπόροι
3138 5015 3399 5077 πολλάκις
3430 5014 3572 5066 κατά
3605 5030 3699 5081 με·

2120 5103 2396 5176 σημὸρίαν
2414 5100 2728 5165 ἐλαύνοντες
2743 5099 3036 5168 ὑποζύγια,
3056 5098 3272 5170 ᾅδοντες
3287 5095 3445 5149 τοῦτο
3465 5092 3697 5176 ποιοῦσι,

2118 5187 2216 5258 τὴν
2240 5188 2307 5239 ὲκ
2341 5187 2439 5255 τῆς
2475 5184 2784 5255 ὁδοιπορίας
2806 5182 3183 5251 ταλαιπωρίαν
3220 5179 3339 5241 ταῖς
3367 5176 3530 5247 ᾠδαῖς
3562 5175 3698 5258 Exsi-

2119 5257 2240 5333 ναις
2268 5267 2775 5339 παραμυθούμενοι.
2812 5266 2925 5335 Οὐχ
2956 5262 3225 5331 ὁδοιπόροι
3255 5259 3313 5313 δὲ
3350 5259 3530 5328 μόνον,
3563 5257 3700 5312 ἀλλά

2120 5353 2215 5407 καὶ
2250 5352 2481 5423 γηπόνοι
2512 5348 2956 5420 ληνοϐατοῠντες,
2992 5345 3087 5399 καὶ
3121 5345 3451 5414 τρυγῶντες,
3477 5342 3572 5395 καὶ
3597 5343 3690 5412 ἀμ-

2123 5436 2320 5499 πέλους
2369 5433 2788 5506 θεραπεύοντες,
2818 5430 2911 5483 καὶ
2939 5427 3068 5483 ἀλλο
3096 5427 3277 5480 ὁτιοῦν
3320 5424 3701 5496 ἐργαζόμενοι.

2122 5519 2383 5580 πολλάκις
2427 5505 2634 5587 ᾅδουσι.
2669 5514 2780 5567 Καὶ
2825 5511 3019 5565 ναῦται
3062 5508 3513 5579 mattulam-ivre;
3546 5505 3702 5561 τοῦτο

2126 5600 2391 5656 ποιοῦσιν.
2417 5598 2556 5668 Ἤδη
2586 5597 2644 5650 δὲ
2675 5596 2770 5649 καὶ
2799 5597 3053 5663 γυναῖκες
3085 5591 3488 5663 ίστουργοῦσαι,
3516 5590 3609 5644 καὶ
3636 5594 3701 5659 τῇ

2125 5682 2339 5753 κερκίδι
2368 5682 2495 5745 τοὺς
2530 5681 2807 5750 στήμονας
2837 5674 3278 5747 συγκεχυμένους
3307 5674 3700 5743 διακρίνουσαι.

2126 5770 2386 5834 πολλάκις
2421 5768 2521 5841 μὲν
2560 5765 2653 5820 καὶ
2694 5763 2818 5817 καθ’
2848 5760 3047 5833 ἑαυτὴν
3084 5758 3315 5828 ἑκάστη,
3352 5756 3610 5820 πολλάκις
3645 5756 3701 5810 δὲ
