4030 6440
360 362 455 422 lb‘l

380 484 786 554 discernentes,
817 500 977 557 stupe
997 482 1215 556 quidem
1240 520 1259 549 ,
1290 487 1344 536 et
1368 494 1465 551 per
1493 492 1552 533 se
1578 475 1823 547 singulae,
1855 486 2005 542 saepe

395 591 569 637 autem
598 579 769 635 etiam
790 592 994 634 omnes
1012 573 1349 631 concorditer
1388 584 1548 625 unam
1570 569 1859 639 quamdam
1882 580 2001 620 me-

403 676 601 733 lodiam
629 673 957 729 concinnant.
1000 669 1114 725 Hoc
1140 676 1321 723 autem
1342 665 1544 719 faciunt
1573 662 1847 726 mulieres,
1888 659 2003 713 via-

414 779 584 833 tores,
605 764 860 836 agricolas
888 770 946 819 et
969 770 1166 827 nautae,
1195 759 1287 830 qni
1312 773 1378 812 ex
1399 770 1562 826 opere
1596 751 1839 809 iaciendo
1877 765 2005 806 θυεμ

414 863 610 933 cipitur
657 859 901 915 laborem
954 864 1116 911 cantu
1162 851 1429 909 consolari
1483 849 1766 907 volentes.
1819 852 2007 915 utpote

413 971 541 1011 cum
564 952 765 1016 anima,
798 952 845 1004 si
869 962 1087 1004 carmen
1108 955 1163 1000 et
1201 944 1468 1000 canticum
1493 939 1741 1004 audierit,
1774 937 2005 992 molesta

413 1060 473 1106 et
509 1047 748 1103 difticilia
768 1046 838 1099 sit
866 1042 1069 1097 facilius
1100 1040 1409 1093 toleratura.
1437 1033 1701 1103 Quoniam
1733 1045 1866 1101 ergo
1897 1029 2002 1083 hoc

415 1155 591 1213 genus
616 1134 987 1194 delectationis
1008 1141 1091 1187 est
1118 1138 1319 1185 nostris
1340 1126 1534 1180 animae
1558 1122 1717 1178 valde
1743 1121 2006 1185 innatum,

425 1251 499 1291 ne
545 1230 821 1289 daemones
871 1228 1065 1283 lasciva
1094 1235 1151 1280 et
1184 1221 1485 1279 meretricia
1522 1218 1728 1274 cantica
1757 1215 2007 1272 introdu-

416 1334 631 1387 centes,
656 1321 836 1378 omnia
856 1323 1183 1382 everterent,
1216 1314 1467 1369 Psalmos
1489 1311 1634 1366 Deus
1654 1307 1925 1380 opposuit,
1946 1313 2009 1360 ut

416 1433 483 1472 ex
512 1431 578 1471 ea
610 1429 670 1469 re
690 1410 846 1467 simul
873 1415 1158 1478 caperetur
1183 1404 1428 1473 voluptas
1449 1408 1506 1456 et
1534 1399 1755 1454 utilitas.
1804 1398 1879 1452 Ex
1906 1411 2006 1450 ex-

418 1508 589 1563 ternis
633 1504 778 1560 enim
809 1500 1032 1556 canticis
1060 1497 1340 1559 damnum,
1367 1502 1422 1549 et
1447 1491 1667 1548 exitium
1693 1531 1713 1556 ,
1742 1495 1799 1544 et
1840 1486 2007 1541 multa

414 1598 603 1671 gravia
642 1593 965 1669 invehuntur
994 1609 1006 1644 :
1036 1605 1159 1644 nam
1193 1602 1316 1644 cum
1346 1601 1468 1657 quo:
1487 1591 1613 1638 sunt
1636 1584 1689 1636 in
1718 1580 1805 1636 his
1830 1579 2005 1634 canti-

416 1693 499 1747 cis
527 1688 814 1745 lasciviora
855 1695 912 1741 et
935 1682 1193 1751 iniquiora
1217 1723 1233 1748 ,
1271 1678 1511 1750 partibus
1555 1677 1749 1732 animae
1788 1671 2005 1728 insede-

421 1783 533 1837 rint
560 1821 578 1844 ,
626 1793 747 1834 eam
775 1774 1183 1832 imbecilliorem
1222 1769 1453 1827 reddunt
1478 1777 1534 1823 et
1566 1764 1867 1820 molliorem
1897 1782 1911 1817 :
1941 1778 2009 1817 ex

420 1872 651 1928 Psalmis
677 1878 855 1925 autem
884 1864 1247 1937 spiritualibus
1270 1861 1403 1917 lucri
1428 1859 1644 1932 quidem
1678 1858 1966 1928 plurimum
1989 1895 2005 1921 ,

426 1963 660 2018 maxima
706 1969 885 2015 autem
938 1958 1136 2013 utilitas
1185 1953 1512 2024 insignisque
1542 1948 1919 2010 sanctificatio,
1953 1956 2009 2002 et

419 2056 598 2111 omnis
630 2051 983 2124 philosophiae
1013 2048 1223 2105 occasio
1252 2045 1596 2116 processerit,
1622 2057 1743 2098 cum
1772 2048 1827 2096 et
1847 2039 2007 2094 verba

422 2149 654 2203 animam
680 2145 897 2214 expiem
915 2185 930 2210 ,
960 2151 1016 2198 et
1047 2151 1265 2217 sanctus
1289 2137 1518 2209 Spiritus
1545 2136 1601 2191 in
1623 2134 1864 2190 canentis
1898 2133 2015 2187 ani-

421 2256 565 2295 mam
603 2238 850 2294 celeriter
893 2234 1122 2289 advolet.
1172 2231 1326 2300 Quod
1376 2232 1520 2283 enim
1548 2227 1637 2299 qui
1674 2234 2009 2282 canuntcum

423 2332 769 2402 intelligentia
796 2368 814 2395 ,
840 2336 1035 2382 vocent
1059 2324 1288 2394 Spiritus
1329 2322 1580 2392 gratiam,
1611 2318 1734 2373 audi
1762 2316 1890 2388 quid
1921 2316 2007 2370 di-

424 2434 515 2480 cat
543 2424 737 2479 Paulus
765 2438 778 2475 :
810 2418 989 2473 Nolite
1010 2416 1247 2470 inebriari
1275 2415 1412 2478 uino,
1438 2412 1493 2466 in
1518 2428 1616 2483 quo
1650 2420 1723 2464 est
1754 2409 1961 2464 luxuria
1990 2422 2009 2461 :

421 2516 513 2571 sed
544 2511 829 2584 implemini
880 2508 1102 2580 Spiritu.
1146 2505 1430 2576 Snbjungit
1460 2511 1638 2559 autem
1668 2503 1830 2557 etiam
1859 2515 2012 2571 quae-

422 2624 547 2664 nam
579 2608 648 2661 sit
675 2603 931 2674 implendi
963 2601 1136 2656 ratio:
1167 2597 1410 2653 Conantes
1449 2605 1495 2650 et
1521 2594 1793 2665 psallentes
1819 2592 1873 2645 in
1900 2607 2013 2645 cor-

424 2702 575 2754 dibus
594 2697 767 2753 vestris
796 2694 1014 2750 Domino
1040 2690 1258 2763 (Ephes.
1288 2690 1341 2744 5.
1371 2688 1459 2744 18.
1487 2688 1595 2759 19).
1627 2685 1762 2755 Quid
1800 2693 1904 2750 est,
1947 2682 2014 2737 In

425 2791 660 2847 cordibus
688 2788 863 2843 vestris
882 2785 907 2841 .9
926 2786 1061 2841 Cum
1094 2781 1462 2852 intelligentia,
1502 2780 1675 2850 inquit
1699 2795 1713 2832 :
1736 2786 1796 2834 ttt
1816 2792 1924 2832 non
1953 2790 2014 2831 os

425 2884 667 2956 quidem,
717 2881 908 2951 inquit,
934 2877 1097 2935 verba
1128 2875 1401 2947 loquatur,
1451 2887 1606 2928 mens
1645 2880 1822 2926 autem
1863 2880 2015 2925 extra

425 2983 668 3030 versetur
717 2971 951 3043 undique
994 2982 1193 3039 vagans
1225 2984 1238 3021 ε
1268 2965 1365 3023 sed
1414 2971 1475 3020 ut
1506 2965 1683 3035 lingua
1730 2962 1799 3017 ab
1826 2960 2013 3016 anima

426 3065 692 3121 audiatur.
1198 3050 1199 3053 “

500 3154 556 3211 2.
583 3154 934 3212 Conuiuiorum
980 3152 1198 3207 cantica.
1247 3149 1420 3206 Simili
1476 3147 1653 3220 probat
1679 3189 1694 3215 ,
1737 3145 1800 3201 ab
1853 3145 2020 3217 epulis

430 3255 717 3323 gratiarum
738 3250 986 3304 actionem
1013 3245 1343 3302 reddendam.
1372 3273 1446 3284 -—
1473 3243 1542 3299 Et
1568 3241 2017 3314 quemadmodum

433 3346 522 3400 ubi
546 3351 632 3401 est
656 3357 871 3400 omnum
893 3381 907 3406 ,
939 3355 1005 3396 eo
1036 3338 1182 3410 porci
1199 3345 1557 3395 concurrunt:
1586 3334 1673 3389 ubi
1699 3343 1874 3389 autem
1897 3342 2023 3388 sunt

434 3446 674 3492 aromata
725 3444 783 3491 et
825 3433 1057 3500 sufﬁtus,
1081 3445 1211 3502 apes
1240 3426 1345 3486 illic
1373 3428 1612 3483 habitant
1639 3445 1652 3482 :
1682 3426 1753 3482 ita
1782 3426 1868 3482 ubi
1899 3433 2025 3480 sunt

435 3528 649 3597 quidem
675 3525 977 3583 meretricia
1002 3524 1229 3590 cantica,
1262 3522 1369 3577 illic
1393 3529 1790 3591 congregantur
1814 3518 2021 3574 daemo-

436 3637 533 3676 nes
561 3639 576 3675 :
608 3620 693 3675 ubi
717 3627 896 3673 autem
922 3616 1127 3671 cantica
1154 3614 1471 3684 Spiritualia,
1500 3614 1626 3666 illnc
1656 3612 1870 3666 advolat
1900 3611 2013 3679 Spi-

435 3716 571 3769 ritus
597 3713 785 3782 gratia,
816 3726 937 3781 qua:
963 3724 1025 3764 os
1051 3707 1350 3764 sanctiﬁcat
1369 3707 1695 3763 etanimam.
1725 3706 1853 3762 Haec
1877 3705 2021 3771 dico,

437 3823 546 3861 non
575 3811 635 3860 ut
661 3820 755 3860 vos
786 3812 992 3858 tantum
1046 3800 1270 3856 laudetis
1290 3841 1305 3865 ,
1347 3801 1440 3854 sed
1471 3808 1529 3853 ut
1578 3798 1717 3853 ﬁlios
1744 3806 1799 3853 et
1824 3813 2024 3853 uxores

437 3898 823 3956 doceatis'talia
852 3904 1071 3952 cantare
1118 3894 1345 3959 cantica,
1372 3908 1479 3947 non
1506 3892 1678 3947 solum
1709 3891 1762 3945 in
1794 3889 2027 3946 texendo

438 3994 613 4049 aliove
638 4007 805 4063 opere
835 3988 1102 4054 faciendo,
1134 3987 1229 4043 sed
1282 3986 1518 4042 maxime
1561 3985 1613 4039 in
1644 3999 1853 4040 mensa.
1893 3981 2025 4039 Cum

438 4086 581 4142 enim
600 4082 866 4149 diabolus,
897 4090 955 4136 ut
973 4080 1259 4152 plurimum
1311 4078 1596 4133 insidietur
1635 4077 1688 4130 in
1719 4074 1981 4131 conviviis
2010 4117 2026 4142 ,

438 4178 751 4242 ebrietatis,
799 4174 1048 4246 ingluviei
1076 4215 1094 4241 ,
1146 4174 1393 4243 risusque
1446 4169 1668 4241 profusi,
1713 4177 1769 4225 et
1816 4169 2028 4225 remissi

439 4268 602 4323 animi
630 4267 832 4323 auxilio
863 4275 1085 4321 utatur:
1119 4273 1250 4318 tunc
1293 4261 1525 4316 maxime
1550 4266 1767 4330 oportet
1804 4268 1859 4314 et
1904 4268 2029 4313 ante

440 4376 709 4427 mensam,
739 4367 796 4415 et
825 4366 948 4429 post
975 4371 1218 4412 mensam
1246 4395 1263 4421 ,
1315 4369 1375 4409 se
1427 4353 1638 4408 munire
1690 4350 2027 4406 Psalmorum

441 4452 713 4523 praesidio,
744 4460 800 4506 et
827 4449 986 4505 simul
1013 4462 1136 4504 cum
1170 4461 1339 4501 uxore
1364 4460 1427 4500 ac
1457 4443 1642 4498 liberis
1673 4452 1955 4513 surgentes
1998 4456 2028 4495 a

441 4543 711 4610 convivio,
746 4542 975 4614 hymnos
1000 4553 1186 4595 sacros
1220 4540 1329 4593 Deo
1363 4551 1583 4592 canere.
1618 4530 1672 4590 Si
1703 4536 1850 4589 enim
1898 4530 2033 4589 Pau-

442 4635 546 4700 lus,
577 4637 663 4691 cui
690 4633 1042 4690 intolerabilia
1069 4630 1277 4701 ﬂagella
1309 4628 1694 4693 imminebant,
1722 4640 1845 4681 cum
1886 4625 2031 4695 ligno

443 4729 687 4799 alligatus
713 4728 766 4781 in
807 4740 1024 4781 carcere
1075 4723 1363 4789 habitaret,
1404 4719 1580 4775 media
1606 4726 1785 4785 nocte,
1815 4718 2030 4788 quando

445 4830 535 4876 est
554 4818 804 4873 omnibus
832 4831 1053 4871 somnus
1075 4813 1518 4884 iucundissimus,
1551 4825 1673 4865 cum
1706 4809 1817 4864 Sila
1857 4809 2026 4864 Deum

445 4922 705 4983 perpetuo
731 4910 999 4974 laudabat,
1021 4918 1077 4965 et
1098 4924 1197 4964 nec
1223 4908 1397 4973 locus,
1424 4922 1523 4962 nec
1548 4915 1778 4976 tempus,
1799 4919 1901 4959 nec
1922 4905 2035 4959 sol-

446 5005 770 5071 licitudines,
801 5019 901 5060 nec
922 5003 1098 5058 somni
1131 5001 1393 5074 tyrannis,
1426 5014 1524 5055 nec
1546 5000 1623 5054 illi
1653 5000 1864 5053 labores
1887 5039 1902 5063 ,
1935 5014 2037 5055 nec

446 5099 687 5164 dolores,
715 5112 816 5151 nec
841 5096 1128 5166 quidquam
1172 5093 1318 5148 aliud
1348 5108 1469 5147 eum
1500 5092 1676 5163 coegit
1707 5090 2034 5145 modulatio-

448 5208 570 5247 nem
609 5190 754 5245 illam
802 5191 1159 5246 intermittere
1189 5188 1335 5258 (Act.
1379 5188 1467 5241 16.
1490 5186 1585 5255 25)
1619 5204 1632 5242 :
1666 5187 1833 5240 multo
1866 5184 2036 5256 magis

447 5302 569 5352 nos,
590 5286 677 5357 qui
695 5284 932 5356 jucunde
960 5283 1214 5349 vivimus,
1248 5290 1303 5337 ct
1335 5281 1427 5336 Dei
1468 5278 1624 5335 bonis
1656 5277 1903 5344 fruimur,
1941 5279 2037 5350 hy-

448 5393 636 5440 mnos,
664 5377 859 5447 quibus
889 5376 1000 5431 Deo
1025 5376 1213 5446 gratia:
1240 5383 1499 5444 agantur,
1527 5380 1742 5442 oportet
1767 5370 2034 5436 emittere,

449 5479 507 5523 ut
534 5469 580 5524 si
602 5470 685 5523 vel
706 5469 964 5532 ebrietas,
993 5468 1076 5521 vel
1131 5466 1397 5537 ingluvies
1425 5473 1623 5518 nostrm
1662 5463 1858 5517 anima:
1883 5472 2039 5531 turpe

447 5569 544 5614 aut
570 5560 859 5615 absurdum
890 5558 1015 5626 quid
1064 5557 1275 5623 iecerit,
1304 5555 1393 5609 ubi
1426 5554 1663 5625 ingressa
1693 5552 1856 5609 fuerit
1887 5553 2039 5624 psal-

1580 353 1943 416 EXPOSH'IO
1977 349 2043 410 lN
2081 353 2406 412 PSALSIUM
2433 355 2575 414 XLI.

3606 374 3705 433 158

2117 472 2438 526 remanserit
2454 473 2686 539 macula,
2710 483 2775 530 ea
2793 486 3031 533 extracta
3060 490 3247 550 puram
3271 496 3513 544 mensam
3533 504 3707 548 osten-

2110 565 2240 617 dunt
2274 564 2510 622 :itanos
2536 582 2749 638 quoque
2769 569 3023 627 faciamus
3070 588 3169 643 pro
3218 578 3458 636 balsamo
3502 599 3565 639 os
3606 587 3708 641 im.

2112 654 2318 723 pientes
2343 655 2573 712 melodia
2601 659 2860 728 spirituali
2885 681 2903 717 ι
2935 673 2993 719 ut
3015 667 3062 720 si
3089 678 3155 721 ex
3185 673 3484 740 saturitate,
3514 677 3616 731 ulla
3649 678 3705 733 in

2110 748 2287 802 anima
2332 749 2540 805 macula
2585 757 2921 822 remanserit,
2966 769 3087 813 eam
3132 774 3228 829 per
3274 763 3421 822 illam
3463 769 3708 824 modula-l

2110 839 2310 897 tionem
2337 842 2745 913 abstergamus,
2786 855 2842 901 et
2880 850 3041 904 simul
3081 862 3271 910 omines
3316 865 3521 915 alentes
3555 861 3706 919 dica-

2109 943 2231 993 mus
2276 951 2294 988 ε
2339 932 2621 990 Deiectum
2654 950 2766 1004 nos,
2813 940 3049 1009 Domine,
3093 946 3146 1000 in
3177 949 3377 1016 {actura
3414 960 3522 1021 tua,
3570 964 3622 1010 et
3652 959 3708 1014 in

2110 1026 2348 1122 operibus
2368 1040 2631 1122 manuum
2674 1040 2887 1087 tuarum
2919 1037 3281 1095 εωευτταιήηιαε
3315 1042 3483 1113 (Psat.
3513 1045 3707 1122 91.5).

2112 1116 2240 1172 Post
2268 1118 2618 1187 psalmodiam
2647 1128 2827 1177 autem
2851 1124 3079 1181 addatur
3099 1131 3259 1185 etiam
3281 1137 3471 1202 oratio,
3502 1151 3558 1193 ut
3582 1116 3705 1196 cum

2111 1209 2289 1265 anima
2337 1211 2506 1280 ipsum
2552 1223 2765 1283 quoque
2819 1215 3043 1272 domum
3084 1224 3499 1284 sanctificemm.
3562 1231 3711 1290 Sicut

2111 1300 2258 1355 enim
2300 1300 2392 1371 qui
2430 1303 2642 1369 mimos,
2696 1313 2753 1360 et
2797 1308 3106 1377 saltatores,
3144 1321 3198 1368 et
3236 1316 3487 1374 mitiores
3528 1336 3709 1380 mere-

2115 1397 2273 1451 trices
2310 1394 2653 1453 introduth
2680 1399 2735 1453 in
2758 1402 3020 1469 eomivin,
3061 1404 3334 1463 daemones
3360 1419 3413 1464 et
3432 1411 3707 1472 diabolum

2111 1487 2238 1543 ilice
2266 1497 2491 1553 vocant,
2534 1496 2591 1544 ct
2618 1491 2809 1548 domos
2834 1503 2957 1549 suas
2983 1495 3205 1566 implent
3232 1499 3388 1558 hellis
3414 1503 3711 1564 innumeris

2113 1578 2263 1650 (hinc
2286 1589 2435 1636 certe
2459 1581 2761 1652 zelotypus,
2794 1583 3074 1653 adulteria,
3105 1598 3310 1659 stupra,
3342 1604 3396 1648 et
3421 1596 3525 1650 alia
3551 1596 3711 1653 inmt-

2114 1673 2328 1742 mera):
2359 1672 2429 1726 ita
2454 1673 2542 1743 qui
2579 1683 2775 1730 vocant
2799 1676 2963 1732 Duvid
2985 1690 3109 1734 cum
3137 1682 3361 1749 cithara,
3387 1684 3529 1743 intus
3557 1688 3714 1746 Chrio

2111 1768 2253 1816 suum
2280 1774 2376 1832 per
2400 1764 2579 1833 ipsum
2615 1772 2826 1821 vocant.
2851 1768 2959 1825 Ulli
2981 1778 3159 1827 autem
3191 1782 3274 1829 est
3295 1774 3561 1848 Christus,
3593 1786 3714 1838 nul.

2116 1855 2199 1911 ius
2228 1857 2436 1912 daemon
2467 1859 2687 1928 quidem
2716 1860 2942 1930 ingredi,
2970 1864 3054 1919 vel
3086 1867 3266 1935 potius
3295 1886 3362 1925 ne
3390 1871 3566 1929 obiter
3589 1877 3710 1945 qui-

2113 1948 2240 2003 dem
2267 1949 2536 2019 inspicere
2560 1961 2726 2008 ausus
2747 1952 2907 2009 fuerit
2938 1972 2957 2010 :
2983 1966 3081 2025 pax
3125 1970 3305 2016 autem
3326 1999 3344 2029 ,
3368 1973 3421 2019 et
3464 1964 3713 2037 dilectio,

2111 2045 2171 2096 et
2214 2043 2393 2095 ornnia
2443 2047 2713 2114 tamquam
2754 2056 2818 2099 ex
2864 2041 3098 2102 futilibus
3124 2050 3263 2107 DOIIa
3294 2059 3709 2123 promttnabnnt.

2115 2134 2193 2192 llli
2223 2136 2445 2192 domum
2467 2148 2623 2192 suam
2643 2139 2840 2195 iaciunt
2866 2140 3167 2211 theatrum;
3223 2152 3276 2200 tu
3319 2149 3607 2206 ecclesiam
3632 2156 3713 2210 l‘ac

2118 2236 2262 2283 tuam
2291 2229 2690 2285 domunculmn.
2725 2231 2827 2287 Ubi
2852 2234 3001 2289 enim
3024 2243 3108 2290 est
3135 2239 3392 2307 psalmus,
3441 2252 3496 2297 et
3519 2248 3714 2312 oratio,

2116 2320 2392 2375 cichorea
2421 2321 2828 2392 prophetarum,
2880 2337 2934 2381 et
2981 2328 3097 2397 pius
3153 2333 3459 2389 canentium
3480 2338 3713 2406 animus,

2120 2412 2588 2468 nonaberravcrit
2629 2416 2892 2485 quispiam
2954 2422 3043 2490 qui
3086 2420 3229 2478 hunc
3278 2435 3475 2482 coetum
3521 2428 3718 2486 dixerit

2117 2502 2422 2557 ecclesiam.
2453 2500 2673 2560 Etiamsi
2706 2509 2810 2561 vim
2835 2509 3123 2566 verborum
3158 2524 3264 2568 non
3303 2521 3536 2585 noveris,
3583 2518 3718 2578 doce

2119 2593 2325 2649 interea
2375 2594 2548 2665 ipsum
2597 2611 2659 2652 os
2706 2599 2867 2655 verba
2905 2601 3107 2658 dicere.
3156 2605 3527 2666 Sanctificatur
3569 2613 3715 2669 enim

2119 2687 2279 2741 etiam
2307 2687 2485 2758 lingua
2512 2698 2606 2759 per
2627 2691 2812 2759 verba,
2856 2695 3071 2764 quando
3099 2708 3163 2753 ea
3191 2700 3440 2757 dicuntur
3472 2717 3719 2777 prmnpto

2119 2785 2172 2834 ct
2197 2781 2358 2835 alacri
2383 2781 2583 2837 animo.
2617 2782 2675 2840 Si
2714 2798 2813 2841 nos
2859 2787 3003 2857 ipsos
3042 2789 3426 2850 dcduXerimus
3464 2798 3532 2853 ad
3581 2799 3720 2858 hanc

2120 2874 2582 2942 consuetudinem,
2638 2890 2738 2933 nec
2792 2890 2974 2935 nostra
3015 2893 3240 2952 sponte,
3284 2903 3384 2943 nec
3414 2902 3508 2958 per
3532 2904 3720 2949 socor-

2125 2961 2273 3018 diam
2317 2964 2599 3034 pulchrum
2646 2966 2748 3023 hoc
2796 2973 3270 3039 prietermittemos
3318 2978 3674 3036 ministerium
3701 3025 3718 3050 ,

2123 3066 2277 3110 more
2330 3056 2415 3112 Vel
2461 3057 2656 3113 invitos
2707 3070 2809 3115 nos
2878 3074 3107 3133 augente
3168 3066 3312 3123 hunc
3369 3072 3465 3130 Dei
3518 3075 3721 3131 cultum

2123 3148 2366 3219 quotidie
2413 3156 2689 3220 peragere.
2751 3153 2806 3207 in
2850 3153 2950 3210 hac
3006 3159 3402 3227 modulatione,
3460 3175 3557 3220 seu
3604 3168 3725 3238 quis

2126 3240 2289 3297 fuerit
2314 3244 2466 3297 senio
2498 3244 2795 3314 confectus,
2838 3262 2932 3303 seu
2957 3248 3192 3321 juvenis,
3230 3268 3326 3310 seu
3354 3270 3484 3313 voce
3508 3274 3722 3330 aspera,

2126 3344 2223 3389 seu
2274 3337 2449 3391 omnis
2493 3337 2707 3407 penitus
2750 3342 2959 3397 numeri
3008 3344 3255 3414 ignarus,
3310 3348 3444 3405 nihil
3492 3352 3542 3407 ei
3595 3354 3725 3408 vitio

2126 3424 2361 3481 dabitur.
2410 3427 2567 3495 Quod
2617 3431 2759 3485 enim
2791 3431 2876 3487 hic
2904 3436 3181 3504 (primitur,
3213 3447 3295 3493 est
3321 3441 3498 3496 sobria
3524 3443 3722 3511 anima,

2127 3531 2283 3575 mens
2310 3521 2554 3592 vigilans,
2586 3535 2683 3578 cor
2707 3535 3105 3595 compunctum,
3145 3529 3316 3587 valida
3347 3535 3503 3600 ratio,
3528 3548 3724 3605 expur-

2128 3624 2247 3684 gata
2286 3616 2635 3670 cmncientia.
2682 3617 2736 3672 Si
2782 3617 2897 3674 haec
2946 3619 3183 3688 habens,
3240 3624 3514 3694 ingressus
3564 3624 3727 3684 fueris

2132 3707 2189 3759 in
2229 3715 2471 3762 sanctum
2519 3708 2611 3763 Dei
2649 3708 2904 3776 chorum,
2945 3711 3097 3780 juxta
3143 3715 3318 3783 ipsum
3372 3713 3540 3775 David
3586 3728 3730 3775 stare

2131 3798 2354 3865 poteris.
2415 3798 2512 3853 llic
2559 3814 2665 3854 non
2727 3805 2808 3855 eSt
2859 3815 2994 3871 opus
3039 3802 3281 3871 cithara,
3331 3822 3506 3877 neque
3552 3813 3731 3865 nervis

2131 3889 2393 3955 extensis,
2440 3906 2614 3960 neque
2651 3891 2876 3961 plectro,
2910 3907 3012 3948 nec
3055 3902 3189 3960 arte,
3234 3911 3333 3952 nec
3364 3898 3487 3953 ullis
3534 3898 3732 3956 instru-

2134 3984 2331 4040 mentis
2364 4002 2377 4038 :
2403 3985 2499 4039 sed
2528 3986 2575 4040 si
2602 3988 2755 4055 velis,
2799 3988 3025 4057 tcipsum
3056 3989 3260 4049 efﬁcies
3286 3993 3545 4050 citharam
3564 4038 3580 4064 ,
3608 4009 3731 4053 cum

2133 4076 2310 4131 carnis
2353 4078 2592 4132 membra
2635 4079 3063 4149 morti'licaveris,
3103 4093 3159 4139 et
3196 4086 3395 4141 anima:
3446 4103 3566 4142 cum
3606 4104 3731 4143 coro

2138 4178 2266 4236 pore
2299 4170 2585 4239 pulchrum
2623 4179 2941 4226 concentum
2989 4172 3252 4229 eﬂ'e'ceris.
3318 4176 3542 4245 Quando
3589 4179 3731 4233 enim

2137 4271 2247 4315 non
2289 4263 2620 4331 concupierit
2658 4276 2785 4318 caro
2833 4264 3095 4320 adversus
3142 4266 3397 4335 Spiritum
3441 4268 3634 4339 (Gatat.
3677 4271 3733 4326 5.

2138 4351 2250 4421 Π),
2298 4352 2391 4409 sed
2426 4354 2567 4409 illius
2594 4353 2756 4425 jussis
2784 4357 3027 4423 cesserit,
3069 4367 3125 4412 et
3152 4370 3273 4419 eam
3304 4359 3535 4414 tamdem
3564 4360 3736 4417 duxe-

2135 4446 2253 4500 rit’
2300 4446 2352 4501 in
2405 4447 2545 4500 viam
2598 4448 2857 4516 optimam
2887 4456 2943 4503 et
2969 4451 3199 4504 maxime
3221 4451 3608 4518 admirabilem,
3666 4455 3737 4510 ita

2138 4538 2423 4594 melodiam
2453 4538 2653 4595 efﬁcies
2679 4540 3032 4610 spiritualem.
3057 4541 3176 4596 Non
3205 4541 3289 4598 hii:
3319 4556 3453 4613 Opus
3478 4553 3560 4600 est
3590 4555 3735 4613 arto,

2141 4642 2260 4701 mne
2287 4633 2449 4703 longo
2472 4638 2714 4701 tempore
2745 4632 3020 4702 perﬁcitur
3054 4651 3068 4687 :
3101 4630 3197 4689 sed
3233 4635 3370 4691 bona
3405 4644 3607 4691 tantum
3637 4654 3738 4691 vo-

2142 4722 2362 4787 luntate,
2382 4730 2437 4778 et
2454 4734 2719 4794 generoso
2744 4724 2910 4779 animi
2939 4726 3180 4782 instituto
3207 4738 3342 4797 opus
3367 4736 3469 4794 est,
3497 4743 3561 4786 ac
3590 4730 3738 4787 brevi

2142 4824 2385 4889 tempore
2425 4817 2581 4889 periti
2627 4818 2936 4874 evademus.
2988 4818 3107 4875 Non
3145 4832 3281 4892 optts
3325 4829 3409 4877 est
3459 4822 3600 4889 loco,
3633 4839 3738 4878 non

2142 4926 2277 4982 epus
2321 4919 2404 4967 est
2444 4921 2705 4982 tempore,
2760 4912 2853 4967 sed
2897 4913 2950 4967 in
2993 4913 3140 4969 omni
3181 4915 3320 4982 loco,
3350 4917 3573 4971 etomni
3604 4925 3738 4972 tem-

2142 5018 2295 5075 pore,
2328 5002 2453 5060 licet
2492 5012 2673 5060 mente
2699 5018 2912 5061 canere.
2939 5002 3073 5060 Nam
3102 5007 3216 5063 sive
3244 5008 3295 5062 in
3326 5007 3442 5062 foro
3476 5009 3737 5077 ambules,

2146 5098 2260 5153 sive
2285 5096 2390 5153 iter
2411 5096 2749 5168 ingrediaris,
2783 5096 2896 5153 sive
2921 5112 3042 5152 cum
3072 5099 3259 5153 amicis
3287 5099 3587 5165 consideas,
3622 5100 3744 5153 licet

2145 5191 2381 5253 excitare
2410 5192 2668 5258 animum,
2695 5192 2819 5247 licet
2846 5193 2933 5246 vel
2961 5188 3156 5245 tacenti
3180 5191 3431 5245 clamare.
3477 5192 3547 5245 Ita
3579 5193 3739 5248 etiam

2147 5282 2322 5339 Moses
2345 5280 2629 5348 clamabat,
2662 5293 2718 5338 et
2746 5280 2884 5338 Deus
2914 5282 3164 5337 audiebat
3192 5279 3388 5350 (Exod.
3419 5282 3503 5338 l4.
3532 5283 3645 5352 l5).
3680 5286 3743 5339 Et

2148 5380 2191 5432 si
2223 5374 2386 5433 fueris
2412 5376 2617 5447 epifex,
2665 5379 2866 5445 poteris
2893 5375 2945 5429 in
2973 5374 3185 5429 ofﬁcina
3214 5374 3409 5429 sedens
3435 5387 3489 5432 et
3516 5391 3744 5448 operans

2150 5470 2396 5542 pSallere.
2446 5469 2513 5523 Et
2537 5470 2579 5522 si
2608 5468 2761 5522 miles
2790 5465 2885 5534 sis,
2932 5474 3024 5521 aut
3053 5466 3240 5522 sedeas
3266 5468 3318 5520 in
3337 5464 3558 5536 judicio,
3599 5481 3745 5539 ι-οιο-

2150 5567 2228 5616 ris
2251 5562 2352 5617 hoc
2378 5563 2548 5632 ipsum
2582 5560 2779 5617 facere.

450 5652 667 5718 modia,
725 5651 909 5707 omnia
949 5651 1037 5705 illa
1075 5651 1216 5705 mala
1271 5657 1326 5704 ct
1356 5647 1595 5719 improba
1637 5647 1856 5702 consilia
1901 5646 2040 5701 resi-
2136 5660 2141 5665 ’

452 5733 602 5789 liam.
633 5738 697 5794 Et
724 5734 1178 5809 quemadmodum
1203 5735 1442 5790 nonnulli
1471 5733 1665 5788 divites
1688 5728 1907 5799 impleta
1929 5730 2042 5784 bal.

446 5846 599 5889 samo
628 5835 850 5907 spongia
872 5849 1089 5891 mensas
1118 5831 1431 5904 abstergunt
1461 5870 1473 5882 .
1513 5839 1564 5882 ut
1606 5828 1648 5884 si
1677 5842 1739 5883 cx
1767 5825 1902 5881 cibis
1930 5824 2036 5880 ulla

2214 5760 2243 5835 ξ.
2359 5757 2547 5835 Rutilii
2574 5761 3051 5835 coniecturtelﬁdes.
3084 5763 3383 5819 adhibeatur
3400 5804 3417 5832 ,
3467 5770 3737 5834 legendum

2152 5822 2267 5886 erit,
2291 5826 2339 5874 in
2363 5824 2576 5874 soconda
2606 5838 2837 5887 persona,
2869 5821 3091 5876 duxeris.
