4030 6402
407 320 514 377 159

480 436 533 490 3.
577 432 807 488 Ceniitus
827 431 1034 504 spiritus
1056 431 1166 500 quis
1191 431 1274 484 sit.
1294 460 1365 469 —
1382 428 1528 483 Licet
1555 428 1716 483 etiam
1755 427 1871 482 sine
1899 443 1992 482 vo-

407 544 470 581 ce
503 527 751 596 psallere,
784 542 902 581 cum
933 539 1083 579 mens
1129 524 1269 578 intus
1297 533 1535 578 resonet.
1567 522 1682 577 Non
1721 524 1865 577 enim
1897 521 1994 576 bn-

407 617 642 672 minibus
671 617 931 680 eanimus,
959 614 1052 669 sed
1082 614 1222 680 Deo,
1267 615 1356 683 qui
1387 622 1561 682 potest
1592 613 1680 668 vel
1705 612 1869 668 corda
1895 628 1992 667 au-

409 709 546 774 dire,
577 717 632 762 et
657 708 708 762 in
734 709 924 761 ruentis
949 715 1144 761 nostra:
1169 720 1360 760 arcana
1383 704 1609 774 ingredi.
1642 705 1754 760 lloc
1781 719 1994 775 quoque

411 799 604 853 Paulus
633 799 920 853 ostendens
948 795 1290 863 vociferatur,
1335 795 1556 850 dicens:
1588 794 1710 866 Ipse
1763 796 1992 865 Spiritus

404 887 692 956 interpellat
738 904 830 957 pro
855 887 995 940 nobis
1017 887 1282 956 gemitibus
1303 886 1742 940 inenarrabilibus.
1767 885 1869 952 Qui
1895 902 1994 939 au-

406 993 505 1032 tem
528 989 782 1032 scrutatur
809 978 986 1042 corda,
1013 978 1104 1030 scit
1130 977 1254 1048 quid
1281 976 1528 1030 desideret
1557 977 1784 1046 Spiritus
1807 1018 1822 1042 ,
1853 976 1991 1047 quod

407 1070 686 1124 secundum
708 1069 872 1123 Deum
895 1069 1112 1138 postulet
1130 1085 1222 1138 pro
1245 1069 1433 1122 sanctis
1458 1067 1640 1140 (llam.
1670 1068 1724 1123 8.
1755 1067 1843 1123 26.
1874 1065 1991 1140 27).

405 1165 514 1218 lloc
543 1173 721 1217 autem
752 1161 984 1226 dicebat,
1033 1176 1139 1215 non
1185 1160 1326 1230 quod
1354 1159 1584 1230 Spiritus
1609 1169 1866 1229 gemeret,
1893 1158 1991 1214 sed

401 1256 544 1325 quod
569 1255 666 1310 viri
696 1254 1021 1324 spirituales,
1065 1253 1157 1322 qui
1189 1252 1388 1308 habent
1412 1251 1552 1306 dona
1597 1251 1827 1322 Spiritus
1851 1291 1867 1317 ,
1897 1267 1992 1320 pro

403 1345 719 1416 propinquis
748 1354 996 1408 orantes,
1027 1355 1082 1397 et
1107 1341 1526 1412 supplicationes
1561 1340 1869 1406 offerentes,
1889 1339 1994 1396 hoc

404 1439 774 1493 l'acerentcum
791 1436 1204 1506 compunctione
1219 1444 1272 1489 et
1286 1434 1590 1504 gemitibus.
1617 1433 1728 1488 Hoc
1748 1448 1846 1487 nos
1861 1449 1994 1503 quo-

405 1544 506 1597 que
551 1528 838 1591 faciamus,
881 1535 936 1580 et
973 1525 1211 1596 quotidie
1253 1525 1418 1579 Deum
1467 1524 1868 1593 interpellemus
1897 1539 1991 1593 per

402 1621 638 1690 psalmos
667 1629 723 1674 et
749 1619 1037 1674 orationes.
1067 1617 1146 1673 Ne
1183 1627 1363 1673 autem
1391 1618 1554 1672 verba
1580 1616 1754 1671 solum
1795 1615 1991 1670 oll‘era-

403 1729 538 1778 lltltS,
572 1711 667 1766 sed
701 1711 869 1782 ipsam
894 1711 1053 1764 etiam
1084 1709 1317 1764 sciamus
1361 1708 1465 1762 vim
1509 1709 1844 1775 dictionum,
1892 1722 1992 1778 agn

403 1805 572 1870 ipsum
593 1803 749 1872 hujus
769 1801 959 1856 Psalmi
979 1800 1293 1870 prooemium
1312 1801 1364 1854 in
1383 1799 1617 1854 medium
1639 1797 1992 1854 adducamus.

402 1895 554 1962 Quod
581 1904 664 1950 est
707 1910 836 1964 ergo
865 1893 1224 1962 prooemium?
1266 1891 1710 1960 Quemadmodum
1740 1891 1993 1946 desiderat

395 2004 570 2042 cervus
594 1987 662 2040 ad
686 1989 846 2058 fontes
864 2002 1112 2056 aquarum
1130 2027 1145 2051 ,
1191 1986 1264 2039 ita
1290 1985 1544 2039 desiderat
1573 1985 1747 2037 anima
1770 1999 1883 2035 mea
1923 1982 1992 2035 ad

399 2095 466 2147 te,
492 2080 648 2134 Deus.
681 2080 775 2134 Hic
798 2090 882 2133 est
903 2094 1022 2133 mos
1046 2077 1360 2143 amantium,
1387 2090 1625 2131 amorem
1643 2075 1856 2130 silentio
1881 2089 1988 2128 non

400 2173 592 2238 celare,
625 2171 723 2228 sed
747 2173 1024 2228 enuntiare
1044 2171 1254 2236 vicinis,
1285 2177 1341 2224 et
1361 2168 1540 2224 dicere
1568 2182 1628 2222 se
1653 2181 1855 2223 amare.
1888 2167 1990 2220 Ar-

398 2265 532 2320 dens
552 2265 694 2320 enim
725 2280 811 2320 res
831 2274 915 2321 est
933 2274 1123 2319 natura
1148 2261 1472 2327 dilectionis,
1495 2275 1595 2315 nec
1620 2267 1794 2330 potest
1812 2259 1992 2314 anima

398 2360 683 2423 sustinere,
717 2369 772 2412 ut
795 2372 913 2412 eam
939 2355 1154 2411 silentio
1171 2355 1466 2422 teneat.gEt
1492 2353 1612 2407 ideo
1636 2367 1825 2408 amans
1855 2367 1989 2422 quo-

397 2463 505 2517 quo
551 2448 747 2502 Paulus
789 2447 1001 2503 dicebat
1047 2447 1338 2502 Corinthiis
1369 2463 1382 2500 :
1410 2445 1483 2500 0s
1528 2455 1756 2499 nostrum
1797 2445 1866 2497 ad
1905 2460 1990 2499 vos

395 2551 630 2610 apertum
655 2550 748 2607 est,
781 2540 1032 2595 Corinthii
1061 2539 1154 2612 (1.
1183 2539 1302 2594 Cor.
1330 2538 1384 2594 6.
1420 2538 1509 2608 11)
1536 2555 1550 2591 :
1583 2539 1685 2593 hoc
1711 2548 1819 2606 est,
1870 2538 1987 2595 Non

398 2647 615 2699 possum
643 2633 942 2698 continere,
980 2641 1034 2687 et
1058 2631 1274 2687 silentio
1301 2646 1546 2702 premere
1593 2629 1931 2686 dilectionem
1962 2673 1981 2698 ,

395 2722 488 2776 sed
529 2738 621 2776 vos
648 2737 862 2792 semper
888 2731 943 2778 et
970 2723 1185 2793 ubique,
1209 2731 1264 2777 et
1315 2723 1367 2776 in
1409 2729 1586 2776 mente
1614 2730 1669 2776 et
1707 2722 1763 2775 in
1808 2721 1986 2792 lingua

395 2813 734 2868 circumfero.
771 2814 844 2868 Ita
870 2816 1028 2869 etiam
1053 2815 1141 2870 hic
1165 2816 1353 2870 beatus
1381 2815 1549 2869 Deum
1580 2829 1786 2880 amans,
1813 2823 1868 2869 et
1892 2830 1984 2869 ar-

394 2907 528 2960 dens
549 2920 754 2971 amore,
783 2922 888 2960 non
910 2916 1086 2977 potest
1108 2907 1410 2960 inanimum
1434 2906 1687 2961 inducere
1714 2914 1771 2960 ut
1793 2915 1986 2975 taceat,

393 2999 485 3052 sed
507 2999 791 3069 aliquando
818 3000 1033 3069 quidem
1065 2999 1191 3054 dicit
1215 3017 1228 3052 :
1269 2998 1706 3065 Quemadmodum
1732 2998 1987 3054 desiderat

391 3106 564 3143 cervus
583 3091 651 3144 ad
673 3093 835 3161 fontes
851 3107 1120 3160 aquarum,
1139 3093 1212 3145 ita
1231 3091 1481 3145 desiderat
1501 3093 1675 3145 anima
1695 3107 1805 3144 mea
1824 3093 1893 3146 ad
1912 3103 1982 3160 te,

393 3181 549 3237 Deus.
577 3183 876 3254 Aliquando
903 3193 1084 3239 autem
1109 3184 1266 3249 Deus,
1296 3183 1433 3240 Deus
1457 3202 1618 3252 meus,
1641 3187 1711 3240 ad
1739 3197 1787 3242 te
1812 3187 1877 3242 de
1904 3187 1987 3241 lu-

392 3291 449 3328 re
468 3274 640 3344 vigilo.
671 3274 843 3329 Sitit-it
869 3276 936 3328 ad
961 3285 1008 3330 te
1027 3277 1200 3329 anima
1224 3293 1353 3340 mea,
1383 3277 1512 3331 sicut
1541 3288 1675 3332 terra
1699 3279 1982 3347 inaccessa,

391 3367 500 3420 sine
526 3382 680 3437 aqua,
709 3376 757 3420 et
782 3366 980 3420 deserta
1006 3367 1024 3439 (
1048 3366 1194 3421 Psul.
1219 3367 1306 3422 62.
1334 3367 1407 3440 1).
1432 3367 1506 3423 Ita
1530 3371 1672 3425 enim
1695 3371 1826 3426 dixit
1847 3372 1984 3427 alius

393 3459 675 3526 interpres.
693 3458 954 3526 Quoniam
977 3459 1119 3514 enim
1147 3475 1255 3513 non
1282 3469 1460 3530 potest
1483 3463 1721 3517 oratione
1741 3479 1980 3519 amorem

394 3549 700 3614 ostendere,
741 3549 848 3604 huc
875 3559 929 3606 et
961 3551 1084 3605 illuc
1109 3551 1222 3606 obit
1249 3567 1494 3620 quzerens
1521 3555 1829 3626 exemplum
1855 3598 1871 3622 ,
1924 3565 1982 3612 ut

393 3638 476 3692 vel
503 3654 564 3693 ea
591 3641 797 3696 ratione
827 3641 978 3696 nobis
999 3657 1152 3696 suum
1182 3659 1422 3699 amorem
1449 3644 1668 3713 indicet,
1700 3655 1757 3702 et
1780 3649 1981 3704 amoris

389 3744 489 3784 nos
513 3733 669 3787 faciat
691 3734 994 3805 participes.
1019 3735 1080 3788 Ei
1103 3750 1232 3800 ergo
1268 3737 1566 3805 credamus,
1599 3747 1654 3794 et
1689 3739 1768 3795 sic
1793 3755 1979 3798 amare

391 3819 711 3880 ediscamus.

457 3917 643 3972 Amare
671 3918 832 3973 Deum
860 3937 1128 3990 possumus
1149 3962 1163 3986 ,
1209 3924 1300 3976 etsi
1336 3940 1442 3978 non
1468 3925 1747 3980 videamus.
1771 3957 1844 3969 -
1866 3926 1979 3983 Nec

390 4011 535 4065 dicat
582 4012 714 4065 mihi
768 4014 1073 4082 quispiam:
1110 4014 1175 4068 Et
1219 4016 1490 4083 quomodo
1534 4032 1749 4085 possunt
1795 4035 1978 4074 amare

389 4101 577 4168 Deum,
603 4117 762 4171 quem
793 4117 898 4156 non
928 4103 1084 4158 video
1105 4103 1131 4156 ?
1160 4105 1351 4159 Multos
1377 4107 1522 4160 enim
1552 4124 1818 4176 amamus,
1852 4113 1975 4167 licet

386 4209 482 4247 ens
507 4210 611 4248 non
661 4193 969 4261 videamus,
1021 4197 1470 4266 quemadmodum
1514 4201 1716 4256 amicos
1765 4215 1975 4260 nosnos

391 4303 614 4358 peregre
633 4288 917 4355 proiectos,
935 4289 1017 4343 vel
1041 4288 1198 4350 lilios,
1221 4291 1303 4342 vel
1329 4301 1594 4358 parentes,
1624 4293 1706 4347 vel
1723 4304 1974 4365 cognatos

387 4379 753 4434 necessarios:
783 4395 882 4435 nec
907 4379 972 4434 ad
1003 4379 1054 4434 id
1083 4380 1248 4434 ullum
1266 4381 1416 4436 affert
1440 4383 1593 4437 nobis
1620 4384 1972 4454 impedimen-

387 4481 495 4522 ltltll
516 4470 654 4539 quod
684 4485 778 4526 eos
802 4487 910 4526 non
931 4471 1227 4536 videamus,
1254 4473 1360 4528 imo
1380 4489 1509 4528 vero
1537 4477 1636 4530 hoc
1667 4476 1836 4546 ipsum
1863 4495 1973 4532 ma-

382 4563 463 4630 gis
492 4563 741 4616 accendit
771 4578 1008 4619 amorem
1029 4605 1044 4632 ,
1094 4573 1150 4619 et
1185 4573 1342 4636 auget
1368 4566 1715 4623 desiderium.
1758 4569 1825 4626 Et
1853 4571 1972 4626 ideo

386 4654 453 4706 de
483 4653 628 4706 Mose
647 4668 860 4722 quoque
883 4654 1069 4709 dicens
1101 4656 1315 4722 Paulus,
1345 4659 1484 4727 quod
1523 4660 1722 4715 relictis
1754 4663 1973 4719 thesau-

385 4745 456 4798 ris
500 4752 556 4798 et
595 4743 806 4811 opibus,
857 4745 1113 4814 regnique
1160 4746 1420 4812 claritate,
1480 4759 1536 4804 et
1577 4753 1721 4805 omni
1777 4755 1883 4808 alio
1915 4757 1966 4811 in

382 4838 616 4909 lEgypto
643 4836 950 4906 splendore,
975 4838 1158 4892 maluit
1178 4855 1297 4893 cum
1319 4839 1518 4896 Judmis
1537 4843 1697 4915 afﬂigi
1726 4863 1740 4899 :
1775 4847 1968 4905 deinde

384 4946 480 4984 uos
508 4942 724 4983 causam
749 4927 969 4993 docens,
1003 4929 1145 4999 quod
1173 4929 1288 4984 lucc
1319 4933 1494 4985 ouuiia
1525 4932 1722 4989 faceret
1749 4950 1968 5008 propter

383 5023 570 5085 lieutu,
598 5020 793 5090 adjecit
823 5035 839 5073 :
867 5019 1177 5074 Intvisibilem
1200 5023 1332 5075 enim
1360 5031 1614 5096 tamquam
1651 5028 1823 5083 uidens
1848 5048 1964 5087 sus-

378 5115 525 5168 tinuit
573 5112 592 5185 (
622 5113 779 5167 Hebr.
816 5113 902 5166 11.
933 5113 1004 5168 25
1030 5143 1057 5152 -
1085 5113 1208 5184 27).
1258 5113 1372 5168 Νοη
1413 5115 1559 5171 vides
1613 5118 1777 5173 Deum
1802 5161 1818 5186 ,
1867 5123 1964 5178 sed

379 5207 526 5260 vides
550 5205 667 5273 ejus
694 5215 988 5271 creaturas,
1019 5205 1168 5259 vides
1193 5206 1309 5273 ejus
1329 5221 1490 5275 opera
1516 5248 1530 5272 ,
1575 5208 1763 5263 ciuium
1782 5251 1796 5276 ,
1847 5219 1962 5265 ter-

372 5313 512 5360 rain,
543 5305 595 5349 ct
626 5313 789 5351 mare.
818 5297 918 5364 Qui
947 5307 1122 5352 autem
1153 5297 1344 5368 diligit,
1371 5299 1414 5352 si
1442 5298 1618 5354 dilecti
1650 5315 1784 5370 opus
1814 5300 1964 5359 vide-

377 5388 466 5448 rit,
488 5387 529 5438 si
553 5386 813 5450 calceum,
845 5387 890 5439 si
918 5397 1142 5452 vestem,
1173 5389 1216 5441 si
1237 5388 1462 5458 quodvis
1491 5389 1632 5444 aliud
1653 5433 1667 5457 ,
1716 5393 1962 5449 accendi-

375 5487 479 5530 tur.
503 5477 619 5531 Non
649 5480 794 5534 vides
822 5481 1010 5548 Deum,
1032 5483 1129 5537 sed
1149 5483 1296 5539 vides
1317 5484 1432 5552 ejus
1457 5483 1704 5551 famulos,
1732 5488 1955 5554 amicos,

375 5567 541 5630 viros,
573 5567 806 5634 inquam,
837 5581 1074 5636 sanctos,
1104 5581 1160 5628 et
1181 5575 1268 5643 qui
1299 5575 1494 5630 habent
1514 5575 1651 5644 apud
1673 5593 1792 5632 eum
1826 5579 1961 5633 fidu-

376 5657 537 5709 ciam.
572 5655 694 5708 Illos
720 5675 857 5714 nunc
874 5661 1097 5716 observa
1118 5674 1168 5718 et
1197 5667 1333 5730 cole,
1363 5676 1418 5720 et
1442 5663 1664 5722 habebis
1690 5684 1795 5723 non
1838 5670 1956 5725 leve

376 5744 622 5796 solatium
647 5748 717 5800 tui
748 5749 1016 5809 desiderii.
1064 5756 1270 5812 Etenim
1312 5759 1363 5813 in
1391 5757 1695 5815 hominibus
1724 5779 1827 5816 non
1859 5777 1942 5817 so-

1067 318 1126 375 s.
1163 314 1440 374 JOAN‘NIS
1475 312 1952 369 cunvsosroul
1996 314 2317 371 AttCHlEP.
2355 317 2893 382 CONSTANTINOP.

3585 340 3677 396 160

2106 451 2214 506 lum
2241 463 2453 510 nostros
2480 457 2702 524 amicos,
2727 461 2822 515 sed
2846 477 2942 517 eos
2969 465 3130 520 etiam
3161 468 3254 538 qui
3278 469 3350 526 ab
3371 470 3474 530 illis
3501 490 3680 532 aman-

2104 555 2209 611 tur,
2238 560 2420 600 amarc
2440 550 2834 605 consuevimus.
2868 552 2937 607 Et
2961 555 3006 609 si
3031 555 3229 614 dixerit
3254 563 3511 633 quispiam
3537 584 3596 623 ex
3623 571 3680 625 iis

2099 637 2194 706 qui
2217 646 2464 692 amantur
2487 653 2520 692 a
2549 641 2723 709 nobis,
2756 642 2909 701 Hunc
2940 649 3022 702 vel
3058 651 3206 706 illum
3235 653 3428 726 diligo,
3459 670 3514 714 et
3554 659 3599 716 si
3640 665 3682 718 is

2102 727 2366 784 beneﬁcio
2388 731 2568 802 aliquo
2607 733 2770 789 fuerit
2806 736 3052 804 adiectus,
3105 758 3205 814 ego
3247 762 3333 802 me
3373 748 3682 811 beneﬁcium

2100 821 2374 889 accepisse
2401 823 2650 880 existim
2679 844 2693 881 :
2723 830 2904 884 omnia
2947 830 3172 891 facimus
3199 847 3254 892 et
3294 855 3636 909 procuramus
3661 890 3680 916 ,

2103 919 2160 962 ut
2187 913 2410 982 perinde
2431 929 2493 968 ac
2517 915 2562 969 si
2588 917 2839 974 dilectum
2872 923 3197 992 videremus,
3221 932 3292 985 ita
3321 947 3479 990 omne
3499 937 3548 992 in
3563 913 3678 996 eum

2100 1002 2339 1101 studium
2377 1009 2741 1101 ostendamus.
2794 1013 2904 1069 [loc
2943 1017 3117 1087 ipsum
3149 1021 3202 1074 in
3233 1023 3448 1082 Christo
3477 1045 3678 1101 quoque

2099 1096 2368 1193 praeclare
2385 1098 2558 1193 facere
2585 1118 2892 1172 possumus.
2916 1110 3096 1168 Dixit:
3129 1116 3298 1189 Diligo
3316 1096 3612 1193 pauperes:-
3630 1138 3679 1184 et

2098 1189 2145 1242 si
2183 1189 2216 1242 ii
2245 1189 2370 1244 boni
2407 1191 2608 1262 aliquid
2641 1202 2966 1269 acceperint,
3006 1207 3230 1274 perinde
3259 1189 3327 1266 aer
3351 1214 3396 1268 si
3421 1189 3549 1285 ipse
3596 1236 3678 1274 re-

2098 1282 2360 1352 cepissem
2383 1325 2397 1348 ,
2443 1287 2612 1344 reddo
2639 1296 3122 1353 remunerationem
3159 1300 3380 1374 (Matth.
3425 1282 3510 1362 19.
3551 1310 3675 1379 21).

2099 1377 2203 1432 Pro
2228 1379 2307 1434 eis
2333 1380 2578 1438 colendis
2600 1391 2654 1437 et
2677 1385 3024 1445 sublevandis
3063 1394 3195 1448 nihil
3229 1411 3336 1453 non
3387 1377 3674 1459 faciamus:

2098 1473 2210 1530 imo
2223 1490 2351 1531 vero
2370 1478 2423 1534 in
2447 1479 2600 1556 ipsos
2610 1497 2796 1540 omnes
2811 1495 3023 1542 nostras
3039 1488 3314 1548 facultates
3329 1493 3536 1551 effunda
3544 1514 3681 1567 mus,

2097 1567 2378 1624 credentes
2407 1586 2504 1639 per
2541 1573 2687 1642 ipsos
2728 1575 2897 1632 Deum
2932 1581 3098 1636 alere.
3141 1583 3290 1650 Quod
3321 1588 3463 1641 enim
3493 1589 3616 1645 dum
3644 1593 3683 1648 ii

2097 1659 2334 1726 aluntur,
2365 1662 2479 1730 ipse
2501 1664 2696 1730 alitur,
2727 1668 2850 1724 audi
2879 1671 3008 1742 quid
3041 1673 3186 1729 dicat
3223 1675 3470 1735 Christus
3505 1699 3516 1734 :
3551 1681 3679 1738 Esu-

2096 1751 2308 1806 rientem
2334 1771 2414 1809 me
2437 1756 2650 1823 vidistis,
2675 1759 2865 1831 inquit,
2888 1775 2936 1818 et
2964 1765 3161 1822 aluistis
3184 1784 3203 1823 :
3233 1771 3500 1839 sitientem,
3528 1787 3575 1829 et
3591 1793 3678 1847 po-

2096 1853 2204 1897 tum
2229 1845 2438 1902 dedistis
2463 1864 2483 1902 :
2510 1851 2726 1918 nudum,
2758 1863 2804 1908 et
2833 1872 2913 1909 me
2939 1861 3205 1929 operuistis
3233 1862 3445 1933 (Matth.
3470 1867 3562 1922 25.
3589 1845 3670 1925 35.

2096 1935 2204 2010 56)
2225 1954 2238 1992 :
2271 1939 2570 2012 multasque
2599 1943 2749 2000 dedit
2776 1947 2930 2004 nobis
2953 1951 3190 2010 rationes
3209 1956 3403 2026 quibus
3420 1962 3680 2030 possimus

2097 2037 2341 2084 nostrum
2369 2033 2529 2088 solari
2559 2034 2909 2094 desiderium.

2165 2121 2403 2178 Amorem
2449 2127 2548 2180 tria
2589 2130 2881 2186 conciliant.
2933 2131 3274 2194 Pulchritudo
3325 2140 3443 2196 Dei.
3470 2174 3542 2186 —
3563 2145 3686 2201 Jam-

2093 2226 2225 2268 vero
2251 2214 2385 2270 alias
2414 2231 2626 2288 quoque
2646 2220 2746 2275 tria
2765 2231 2889 2276 sunt
2910 2240 3028 2294 qua:
3048 2241 3286 2285 amorem
3312 2233 3456 2302 apud
3482 2250 3578 2290 nos
3599 2237 3678 2292 ef-

2096 2304 2258 2360 ficere
2289 2322 2684 2366 eonsueverunt
2701 2355 2718 2379 ,
2761 2313 2934 2372 forma
2959 2322 3220 2390 corporis,
3248 2327 3558 2394 magnitudo
3586 2329 3678 2385 be-

2094 2396 2294 2465 neficii,
2327 2400 2412 2456 vel
2436 2402 2578 2471 quod
2597 2403 2666 2457 ab
2688 2420 2758 2460 eo
2780 2421 3040 2464 amemur.
3087 2411 3520 2488 Unumquodque
3542 2423 3676 2476 enim

2094 2501 2281 2543 eorum
2313 2505 2410 2559 per
2453 2508 2513 2547 se
2561 2503 2740 2564 potest
2785 2497 2848 2551 in
2889 2501 3047 2556 nobis
3091 2519 3330 2560 amorem
3377 2523 3674 2578 procreare.

2093 2580 2206 2636 Etsi
2235 2583 2379 2638 enim
2402 2586 2607 2642 nullum
2634 2588 2950 2647 beneﬁcium
2977 2595 3046 2650 ab
3086 2597 3264 2668 aliquo
3287 2607 3668 2672 acceperimus,

2092 2675 2268 2730 solum
2293 2688 2474 2734 autem
2505 2681 2806 2752 audiamus,
2829 2701 2950 2742 eum
2979 2704 3078 2745 nos
3106 2703 3364 2762 perpetuo
3386 2711 3599 2766 amare,
3624 2709 3677 2753 ut

2091 2771 2180 2840 qui
2209 2787 2308 2827 nos
2333 2773 2512 2830 laudet
2538 2786 2592 2830 et
2616 2776 2934 2846 admiretur,
2958 2782 3006 2837 ei
3037 2784 3319 2841 confestim
3343 2790 3676 2861 conglutina-

2090 2878 2231 2929 mur,
2262 2872 2316 2919 et
2344 2880 2466 2920 eum
2509 2875 2776 2939 tamquam
2827 2872 3223 2932 benefactorem
3267 2879 3541 2952 diligimus
3571 2900 3594 2936 :.
3626 2886 3680 2940 in

2090 2955 2202 3009 Deo
2228 2965 2406 3012 autem
2439 2974 2544 3014 non
2573 2961 2678 3018 hoc
2696 2964 2892 3032 solum,
2923 2967 3018 3022 sed
3042 2967 3158 3024 haec
3184 2971 3347 3028 etiam
3368 2975 3473 3030 tria
3502 2977 3674 3033 videre

2091 3046 2216 3103 licet
2247 3058 2416 3119 tanta,
2443 3062 2498 3108 et
2520 3063 2628 3108 tam
2668 3056 2894 3128 insignia
2914 3101 2932 3128 ,
2961 3069 3018 3116 ut
3041 3063 3184 3118 nulla
3209 3079 3272 3120 ea
3299 3069 3471 3136 possit
3510 3071 3678 3141 expli-

2088 3154 2213 3196 care
2238 3144 2430 3198 oratio.
2477 3145 2544 3200 Et
2569 3147 2799 3215 primum
2831 3151 3169 3220 pulchritudo
3205 3156 3346 3211 illius
3374 3158 3547 3214 beatae
3569 3203 3584 3228 ,
3625 3171 3676 3217 et

2087 3233 2156 3288 ab
2181 3235 2398 3290 interitu
2432 3237 2620 3295 aliena:
2641 3251 2868 3309 natura,
2896 3260 2983 3299 res
3007 3254 3090 3300 est
3104 3247 3346 3316 qumdam
3375 3251 3600 3318 infinita,
3626 3261 3680 3308 et

2086 3329 2231 3384 nulla
2249 3331 2456 3388 ratione
2477 3335 2794 3402 superabilis
2819 3338 2860 3403 ⁸,
2885 3353 3005 3408 quae
3035 3353 3251 3396 omnem
3275 3344 3497 3400 excedit
3516 3345 3673 3400 ratio-

2087 3435 2230 3486 nem,
2263 3431 2319 3478 et
2344 3437 2558 3478 omnem
2589 3426 2774 3497 etfugit
2808 3431 3202 3500 cogitationem.
3248 3433 3484 3501 Quando
3503 3448 3680 3492 autem

2087 3511 2535 3580 pulchritudinem
2557 3517 2844 3586 audiveris,
2873 3521 3007 3576 nihil
3025 3537 3344 3593 corporeum
3367 3529 3679 3599 suspiceris,

2085 3621 2119 3660 o
2138 3606 2351 3671 dilecte,
2382 3609 2475 3663 sed
2505 3611 2725 3680 gloriam
2747 3614 3032 3683 quamdam
3060 3616 3459 3690 incorpoream,
3489 3632 3542 3678 et
3562 3638 3670 3677 ma-

2083 3703 2442 3773 gniﬁcentiam
2475 3704 2814 3764 ineffabilem.
3331 3733 3336 3738 '

2153 3795 2208 3850 4.
2256 3795 2405 3853 Hanc
2445 3797 2625 3867 itaque
2664 3801 2943 3857 declarans
2982 3804 3242 3875 propheta
3291 3807 3507 3864 dicebat
3547 3825 3560 3862 :
3609 3807 3674 3865 Et

2083 3885 2358 3956 Seraphin:
2400 3891 2598 3944 stabant
2644 3893 2698 3946 in
2738 3894 2950 3947 circuitu
2975 3897 3082 3966 ejus
3106 3937 3121 3960 ,
3169 3907 3217 3951 et
3253 3898 3451 3954 duabus
3478 3902 3675 3969 quidem

2082 3980 2260 4048 pennis
2281 3980 2472 4034 vultum
2502 3983 2730 4053 tegebant
2753 4025 2770 4049 ,
2820 3985 3016 4040 duabus
3053 4003 3170 4042 vero
3214 3990 3454 4061 tegebant
3488 3993 3669 4063 pedes,

2081 4068 2280 4124 duabus
2305 4082 2472 4125 autem
2494 4073 2727 4128 volabant
2745 4085 2794 4129 et
2818 4075 3126 4146 clamabant,
3157 4080 3400 4145 Sanctus,
3428 4083 3664 4146 Sanctus,

2081 4159 2303 4217 Sanctus
2331 4161 2482 4234 (lsai.
2516 4167 2568 4220 6.
2595 4165 2650 4219 2.
2679 4165 2733 4239 5)
2754 4207 2770 4234 ,
2813 4184 2879 4224 ex
2918 4183 3136 4241 stupore
3156 4214 3171 4238 ,
3201 4189 3267 4228 ex
3297 4174 3671 4242 admiratione,

2079 4270 2146 4308 ex
2177 4254 2270 4309 illo
2297 4256 2509 4322 decore,
2543 4273 2608 4313 ex
2629 4259 2815 4328 gloria.
2848 4261 2915 4316 Et
2942 4279 3126 4318 rursus
3158 4265 3320 4319 David
3343 4281 3466 4321 cum
3496 4279 3671 4322 mente

2078 4345 2518 4414 apprehendisset
2562 4347 2700 4404 hanc
2729 4351 2898 4420 ipsam
2927 4352 3098 4408 beata:
3142 4355 3281 4412 illius
3311 4367 3516 4412 natum
3553 4358 3666 4428 pul~

2077 4439 2454 4505 chritudinem,
2475 4451 2528 4497 et
2548 4443 2771 4512 gloriam
2801 4444 3182 4516 obstupuisset,
3211 4449 3423 4504 dicebat
3448 4468 3461 4504 :
3486 4451 3666 4504 Accin-

2076 4547 2191 4601 gere
2223 4531 2395 4602 gladio
2426 4544 2511 4588 tuo
2536 4551 2690 4603 super
2711 4536 2877 4605 femur
2907 4549 3072 4604 tuum,
3115 4542 3479 4610 potentissime,
3509 4543 3666 4612 specie

2077 4634 2163 4676 tua
2200 4634 2246 4676 et
2294 4623 2672 4692 pulchritudine
2698 4637 2787 4681 tua
2831 4627 3002 4700 (Psal.
3034 4630 3122 4685 44.
3168 4632 3221 4686 4.
3252 4632 3331 4703 5).
3376 4633 3664 4704 Propterea

2075 4714 2250 4770 Moses
2276 4716 2424 4770 illum
2451 4733 2595 4787 saepe
2620 4720 2868 4789 cupiebat
2894 4720 3094 4786 videre,
3126 4723 3229 4779 hnc
3244 4740 3428 4780 amore
3456 4725 3660 4780 saucia-

2076 4815 2179 4874 tus,
2207 4817 2260 4862 et
2292 4809 2433 4862 illam
2459 4825 2646 4864 amans
2668 4812 2889 4882 gloriam
2918 4812 3114 4882 (Exod.
3141 4816 3230 4870 53.
3263 4817 3372 4886 l3).
3404 4817 3662 4883 Quocirca

2072 4900 2284 4955 dicebat
2325 4917 2536 4972 quoque
2567 4903 2844 4974 Philippus
2876 4922 2890 4958 :
2926 4905 3149 4961 Ostende
3183 4909 3324 4962 nobis
3356 4909 3586 4972 Patrem,
3620 4920 3663 4961 et

2071 4995 2249 5065 sti/ﬁcit
2293 4995 2434 5048 nobis
2475 4993 2656 5068 (Joan.
2703 4997 2790 5051 14.
2819 4997 2898 5067 5).
2949 4996 3044 5052 Vel
3089 5000 3264 5068 potius
3313 5015 3662 5071 qumeumquc

2070 5088 2362 5142 dixerimus
2382 5131 2396 5152 ,
2423 5104 2492 5142 ne
2521 5103 2741 5158 parvum
2767 5090 2979 5160 quidem
3007 5133 3020 5156 ,
3055 5090 3163 5145 imo
3191 5107 3260 5146 ne
3282 5092 3421 5148 exile
3445 5093 3658 5160 quidem

2069 5181 2348 5251 vestigium
2402 5181 2544 5236 illius
2588 5180 2798 5236 decoris
2843 5182 3136 5250 poterimus
3190 5185 3476 5253 explicare.
3555 5183 3659 5240 Sed

2065 5275 2152 5328 vis
2195 5273 2451 5329 beneficia
2495 5273 2926 5329 enumeremus?
2976 5273 3054 5328 Ne
3095 5289 3158 5328 ea
3204 5276 3415 5343 quidem
3462 5279 3658 5346 poterit

2067 5366 2238 5420 oratio
2259 5367 2534 5434 consequi.
2563 5365 2629 5420 Et
2651 5365 2771 5420 ideo
2796 5364 3006 5420 dicebat
3035 5366 3229 5420 Paulus
3253 5383 3266 5419 :
3300 5365 3475 5420 Gratia
3493 5377 3653 5419 autent

2069 5457 2286 5512 Domino
2316 5467 2522 5529 propter
2550 5458 2740 5511 donum
2766 5459 2877 5529 ejus
2906 5458 3244 5512 inenarrabile
3287 5464 3305 5526 (
3333 5459 3386 5512 2.
3431 5459 3551 5513 Cor.
3597 5459 3646 5512 9.

2066 5551 2179 5621 15).
2209 5553 2273 5608 Et
2301 5567 2484 5607 rursus
2513 5570 2526 5606 :
2561 5552 2688 5619 Qua:
2703 5553 2879 5607 oculus
2901 5569 3002 5608 non
3026 5554 3171 5620 uidit,
3199 5564 3246 5608 et
3268 5553 3408 5606 auris
3435 5571 3534 5607 non
3563 5571 3650 5607 au—

2127 5716 2153 5780 ‘_
2179 5722 2258 5762 me
2283 5727 2456 5780 voces,
2481 5720 2526 5780 et
2555 5713 2688 5766 nulla
2723 5717 2906 5768 ratione
2937 5715 3224 5780 superabilis
3243 5751 3257 5777 ,
3281 5715 3457 5766 desunt
3482 5716 3531 5764 in
3556 5728 3648 5766 uuo

2055 5777 2231 5828 Codice
2254 5777 2378 5839 apud
2403 5776 2542 5827 savil.
