4030 6418
441 357 518 414 ’59

493 481 566 547 γ’.
587 472 822 541 Ἔξεστι
867 477 968 530 καὶ
1007 475 1173 546 χωρὶς
1201 473 1380 543 φωνῆς
1405 471 1649 542 ψάλλειν,
1673 475 1771 544 τῆς
1803 473 2040 536 διανοίας

439 567 580 622 ἔνδον
608 565 878 638 ⁴ι’γχούσης.
928 567 1007 619 Οὐ
1061 565 1167 636 γάρ
1206 564 1514 635 ἀνθρώποις
1567 564 1862 634 ψάλλομεν,
1906 563 2041 618 ἀλλὰ

443 655 562 725 Θεῷ
590 653 666 724 τῷ
701 653 996 724 δυναμένῳ
1023 654 1116 706 καὶ
1147 652 1370 722 καρδίας
1410 652 1660 714 ἀκοῦσαι,
1691 652 1784 705 καὶ
1838 653 1918 713 εἰς
1969 652 2039 704 τὰ

448 742 735 812 ἀπόρρητα
761 742 860 809 τῆς
901 740 1140 802 διανοίας
1193 740 1353 809 ἡμῶν
1409 738 1688 794 εἰσελθεῖν.
1721 741 1829 792 Καὶ
1865 739 2040 793 ταῦτα

448 829 658 892 Παῦλος
689 828 1098 899 ἐνδεικνύμενος
1119 826 1236 897 βοᾷ,
1267 827 1462 895 λέγων·
1492 829 1650 881 Αὐτὸ
1689 827 1756 880 τὸ
1798 827 2041 896 Πνεῦμα

447 918 798 986 ἐντυγχάνει
836 915 991 984 ὑπὲρ
1011 915 1178 984 ἡμῶν
1207 916 1564 985 στεναγμοῖς
1593 915 1938 982 ἀλαλήτοις.
1977 917 2040 970 '0

447 1004 520 1057 δὲ
549 1003 810 1074 ἐρευνῶν
843 1003 950 1067 τὰς
977 1002 1243 1071 καρδίας,
1286 999 1410 1056 εἶδε
1433 1004 1490 1056 τί
1517 1004 1584 1057 τὸ
1613 1005 1887 1072 φρόνημα
1932 1004 2039 1058 τοῦ

450 1093 814 1160 Πνεύματος.
838 1090 924 1143 ὅτι
942 1091 1090 1144 κατὰ
1111 1090 1257 1144 Θεὸν
1281 1091 1632 1160 ἐντυγχάνει
1660 1093 1812 1161 ὑπὲρ
1835 1092 2037 1163 ἁγίων.

450 1177 626 1230 Τοῦτο
660 1177 715 1230 δὲ
740 1177 945 1245 ἔλεγεν,
1001 1178 1098 1231 οὐκ
1140 1178 1327 1249 ἐπειδὴ
1385 1179 1450 1232 τὸ
1479 1178 1702 1250 Πνεῦμα
1730 1179 2037 1244 ἐστέναξεν,

449 1265 570 1317 ἀλλ’
595 1265 782 1334 ἐπειδὴ
810 1265 858 1316 οἱ
894 1267 1254 1334 πνευματικοὶ
1283 1267 1496 1337 ἄνδρες,
1551 1269 1600 1321 οἰ
1629 1267 1698 1320 τὰ
1726 1269 2038 1339 χαρίσματα

451 1351 546 1405 τοῦ
577 1351 890 1421 Πνεύματος
921 1351 1152 1420 ἔχοντες,
1187 1353 1328 1424 ὑπὲρ
1354 1354 1462 1407 τῶν
1487 1354 1713 1424 πλησίον
1735 1357 2037 1425 εὐχόμενοι,

451 1439 546 1491 καὶ
575 1439 674 1502 τὰς
705 1439 982 1508 ἱκετηρίας
1008 1439 1389 1511 ἀναφέροντες,
1423 1442 1560 1510 μετὰ
1581 1441 1925 1506 κατανύξεως
1945 1445 2040 1495 καὶ

452 1529 775 1598 στεναγμῶν
811 1529 968 1581 τοῦτο
996 1530 1228 1584 ἐποίουν.
1269 1530 1440 1583 Τοῦτο
1468 1532 1562 1584 καὶ
1586 1533 1749 1602 ήμεῖς
1772 1532 2036 1602 ποιῶμεν,

449 1618 547 1670 καὶ
572 1616 695 1670 καθ’
730 1617 966 1686 ἑκάστην
1007 1617 1219 1688 ἡμέραν
1254 1618 1670 1690 ἐντυγχάνωμεν
1696 1618 1776 1688 τῷ
1803 1619 1921 1690 Θεῷ
1949 1619 2039 1672 διά

449 1722 512 1757 τε
536 1704 766 1774 ψαλμῶν
795 1706 888 1758 καὶ
911 1705 1101 1775 εὐχῶν.
1141 1707 1256 1761 Ἵνα
1287 1707 1345 1760 δὲ
1389 1706 1463 1778 μὴ
1490 1707 1558 1761 τὰ
1614 1709 1833 1778 ῥήματα
1878 1708 2038 1777 μόνον

454 1793 870 1862 προσ-φέρωμεν,
902 1791 1037 1845 ἀλλά
1070 1792 1167 1862 τὴν
1197 1792 1424 1862 δύναμιν
1453 1794 1624 1864 αὐτὴν
1652 1793 1880 1864 εἰδῶμεν
1929 1794 2037 1848 τῶν

457 1880 689 1948 ῥήσεων,
710 1880 862 1950 φέρε,
886 1880 948 1931 τὸ
987 1880 1267 1950 προοίμιον
1306 1880 1438 1934 αὐτὸ
1465 1880 1560 1933 τοῦ
1591 1880 1808 1950 ψαλμοῦ
1840 1882 1918 1944 είς
1943 1881 2038 1951 μέ-

455 1981 546 2016 σον
572 1965 888 2033 ἀγάγωμεν.
913 1966 978 2018 Τί
999 1962 1091 2019 οὖν
1112 1969 1226 2019 ἐστι
1249 1967 1310 2020 τὸ
1334 1967 1645 2039 προοίμιον;
1683 1967 1794 2021 "Or
1816 1968 2039 2034 τρόπον

449 2053 726 2108 ἐπιποθεῖ
741 2053 778 2119 ἠ
796 2053 1020 2122 ἔλαφος
1043 2053 1142 2106 ἐπὶ
1175 2053 1282 2119 τὰς
1314 2053 1511 2123 πηγὰς
1525 2053 1645 2106 τῶν
1666 2053 1920 2117 ὑδάτων,
1938 2055 2038 2107 οῦ-

452 2157 565 2204 τως
579 2139 849 2192 ἐπιποθεῖ
861 2140 900 2206 ἡ
921 2138 1090 2207 ψυχή
1114 2157 1233 2209 μου
1259 2125 1408 2208 πρὸς
1424 2141 1520 2206 σὲ,
1539 2144 1572 2195 ό
1599 2141 1765 2207 Θεός.
1785 2141 2037 2194 Τοιοῦτον

451 2226 558 2277 τῶν
596 2225 844 2296 ἐρώντων
868 2226 930 2277 τὸ
963 2225 1100 2290 έθος,
1131 2227 1204 2296 μὴ
1235 2227 1485 2297 κατέχειν
1537 2230 1662 2298 σιγῇ
1711 2229 1804 2281 τὸν
1835 2227 2033 2299 ἔρωτα,

453 2312 565 2364 ἀλλ’
583 2315 663 2376 εἰς
682 2314 808 2376 τοὺς
836 2313 1058 2384 πλησίον
1082 2314 1355 2384 ἐκφέρειν,
1377 2315 1471 2367 καὶ
1496 2314 1673 2383 λέγειν
1697 2315 1777 2368 ὅτι
1800 2315 2036 2384 φιλοῦσι.

450 2400 664 2471 θερμὸν
707 2400 814 2470 γάρ
859 2418 910 2453 τι
958 2402 1190 2472 πρᾶγμα
1220 2401 1319 2471 τῆς
1369 2402 1590 2472 ἀγάπης
1627 2403 1661 2472 ή
1708 2402 1889 2472 φύσις,
1945 2403 2039 2455 καὶ

453 2490 580 2558 σιγῇ
632 2487 844 2554 στέγειν
896 2487 1064 2558 αὐτήν
1119 2487 1218 2540 οὐκ
1272 2488 1337 2541 ἂν
1375 2488 1620 2558 ἀνέχοιτο
1661 2489 1694 2558 ή
1737 2488 1903 2558 ψυχή.
1939 2489 2039 2542 Διά

450 2575 610 2628 τοῦτο
637 2576 730 2628 καὶ
763 2575 972 2638 Παῦλος
1008 2575 1159 2646 ἐλεγε
1192 2574 1494 2646 Κορινθίοις
1530 2576 1719 2646 φιλῶν·
1755 2576 1825 2630 Τὸ
1847 2578 2040 2646 στόμα

450 2662 624 2731 ἡμῶν
638 2661 863 2731 ἀνέῳγε
891 2661 1039 2729 πρὸς
1069 2661 1240 2731 ὑμᾶς,
1270 2659 1598 2730 Κορίνθιοι⁸
1616 2663 1882 2726 τουτέστι,
1908 2663 2038 2714 Στέ-

451 2767 570 2818 γειν
601 2753 696 2804 καὶ
727 2753 849 2821 σιγῇ
880 2751 1126 2820 κατέχειν
1155 2751 1254 2822 τὴν
1280 2752 1498 2822 ἀγάπην
1527 2751 1590 2804 οὐ
1622 2749 1874 2820 δύναμαι,
1903 2749 2040 2804 ἀλλὰ

450 2838 541 2892 διὰ
583 2837 782 2901 παντὸς
820 2839 983 2908 ὑμᾶς,
1033 2839 1126 2891 καὶ
1176 2837 1472 2909 πανταχοῦ,
1518 2839 1614 2891 καὶ
1658 2837 1752 2891 ἐπὶ
1783 2838 1884 2908 τῆς
1919 2840 2038 2891 δια-

449 2927 622 2988 νοίας,
657 2926 750 2978 καὶ
787 2925 878 2978 ἐπὶ
915 2925 1018 2995 τῆς
1063 2925 1308 2996 γλώττης
1353 2926 1655 2997 περιφέρω.
1693 2925 1849 2979 Οὕτω
1893 2926 1987 2979 καὶ
2011 2927 2040 2978 ό

456 3015 725 3085 μακάριος
747 3006 904 3076 οὗτος
940 3012 1108 3082 φιλῶν
1135 3013 1228 3066 τὸν
1255 3013 1407 3076 Θεὸν,
1438 3014 1532 3066 καὶ
1561 3014 1846 3084 καιόμενος
1878 3013 1936 3065 ἐν
1961 3013 2040 3082 τῷ

453 3101 650 3170 φιλεῖν,
705 3101 807 3153 οὐκ
843 3101 1092 3170 ἀνέχεται
1126 3101 1302 3170 σιγᾷν,
1363 3099 1498 3153 ἀλλὰ
1525 3102 1655 3154 ποτέ
1705 3102 1805 3171 μέν
1852 3116 2035 3171 φησιν’

459 3191 568 3240 Ὃν
599 3188 819 3254 τρόπον
848 3185 1173 3255 ἐπιποθεῐὴ
1206 3187 1430 3256 ἔλαφος
1452 3187 1550 3240 ἐπὶ
1570 3187 1678 3253 τὰς
1697 3188 1894 3257 πηγὰς
1921 3188 2042 3244 τῶν

453 3277 708 3338 ὑδάτων,
731 3277 917 3342 οὕτως
939 3276 1214 3330 ἐπιποθεῖ
1243 3278 1281 3344 ἡ
1323 3277 1493 3346 ψυχή
1521 3296 1640 3348 μου
1695 3280 1844 3348 πρὸς
1874 3282 1968 3339 σὲ.
2007 3286 2040 3336 ό

458 3362 618 3426 Θεός·
635 3361 762 3413 ποτέ
783 3361 861 3413 δέ·
880 3361 932 3412 ’0
958 3361 1122 3428 Θεὸς,
1144 3364 1176 3415 ὀ
1209 3364 1350 3428 Θεός
1359 3380 1500 3431 μου,
1522 3364 1670 3432 πρὸς
1690 3364 1766 3419 σὲ
1783 3367 2036 3434 ὅρθρίζω.

465 3450 756 3518 Ἐδίψησέ
785 3466 858 3503 σε
879 3451 918 3518 ἡ
949 3449 1118 3518 ψυχή
1150 3468 1294 3519 μου,
1327 3453 1408 3516 ὡς
1436 3451 1510 3521 m'
1551 3453 1768 3518 ἄϐατος
1801 3455 1899 3507 καί
1939 3454 2042 3508 άν-

455 3537 635 3604 υδρος
657 3538 754 3590 καί
787 3537 1006 3605 ἔρημος
1033 3548 1080 3590 α.
1111 3537 1265 3591 Οῦτω
1294 3539 1403 3609 γὰρ
1430 3539 1617 3609 ἔτερος
1645 3541 1752 3594 τῶν
1776 3543 2040 3612 ἑρμηνευ-

452 3625 560 3677 τῶν
593 3621 762 3678 εἶπεν.
805 3623 1020 3694 Ἐπειδὴ
1066 3625 1173 3696 γάρ
1197 3624 1340 3694 λόγῳ
1366 3627 1714 3697 παραστῆσαι
1743 3629 1835 3681 τὸν
1862 3628 2039 3699 ἔρωτα

455 3715 552 3766 οὐκ
576 3713 766 3784 ἰσχύει,
819 3713 1166 3783 περιέρχεται
1218 3714 1393 3784 ζητῶν
1434 3715 1754 3786 ὑπόδειγμα,
1814 3717 1900 3770 ἵνα
1937 3717 2040 3770 κᾶν

455 3801 594 3854 οὕτω
651 3801 713 3853 τὸ
761 3801 980 3870 φίλτρον
1025 3803 1156 3870 ἡμῖν
1213 3801 1548 3870 ἐνδείξηται,
1599 3802 1692 3854 καὶ
1752 3805 2040 3867 κοινωνοὺς

458 3893 655 3961 ποιήσῃ
684 3889 780 3942 τοῦ
804 3890 1021 3960 ἔρωτος.
1061 3889 1382 3959 Πειθώμεθα
1409 3890 1590 3944 τοίνυν
1617 3890 1786 3961 αὐτῷ,
1810 3892 1902 3945 καὶ
1936 3892 2040 3963 μά-

458 3977 640 4047 θωμεν
667 3977 837 4040 οὕτως
873 3979 896 4028 ἐ
903 3979 1023 4047 ρᾷν.

526 4064 635 4116 Καὶ
667 4068 740 4134 μή
779 4081 867 4134 μοι
897 4063 1101 4131 λεγέτω
1157 4082 1257 4127 τις·
1288 4066 1398 4118 Καὶ
1445 4065 1564 4128 πῶς
1607 4064 1840 4136 δύναμαι
1866 4065 2039 4134 φιλεῖν

454 4153 544 4205 τὸν
572 4153 705 4206 Θεὸν
731 4153 788 4204 ὃν
820 4153 880 4206 οὐ
925 4153 1144 4222 βλέπω;
1186 4155 1296 4208 Καὶ
1325 4155 1434 4224 γάρ
1467 4155 1694 4218 πολλοὺς
1737 4157 1834 4225 οὐχ
1865 4155 2038 4226 ὀρῶν·

453 4258 545 4302 τες
604 4240 882 4310 φιλοῦμεν,
930 4235 1042 4293 οἷον
1085 4243 1212 4304 τοὺς
1259 4243 1317 4294 ἐν
1350 4242 1628 4314 ἀποδημίᾳ
1663 4241 1848 4311 φίλους
1883 4242 2041 4305 ὄντας

456 4329 610 4399 ἡμῖν,
631 4328 664 4397 ἢ
689 4328 878 4390 παῖδας
902 4329 994 4380 καὶ
1014 4329 1273 4398 πατέρας,
1297 4329 1330 4398 ἢ
1363 4333 1641 4396 συγγενεῖς
1664 4329 1756 4382 καὶ
1783 4329 2038 4393 οἰκείους·

457 4415 549 4469 καὶ
577 4416 730 4468 οὐδὲν
757 4416 964 4481 γίνεται
981 4415 1209 4484 κώλυμα
1237 4417 1302 4468 ἐκ
1328 4415 1420 4468 τοῦ
1451 4415 1528 4486 μὴ
1551 4417 1704 4486 όρᾷν,
1753 4415 1869 4468 ἀλλ’
1907 4418 2041 4471 αὐτὸ

452 4503 519 4573 δὴ
547 4501 705 4554 τοῦτο
726 4502 955 4571 μάλιστα
984 4501 1267 4554 ἐκκαίειτὸ
1295 4501 1535 4574 φίλτρον,
1559 4501 1710 4566 αὔξει
1739 4502 1831 4555 τὸν
1854 4503 2036 4558 πόθον.

457 4589 555 4642 Διά
571 4588 729 4642 τοῦτο
759 4589 851 4642 καὶ
883 4590 1011 4660 περὶ
1029 4589 1307 4652 Μωῦσέως
1339 4590 1510 4657 λέγων
1529 4591 1556 4643 ό
1576 4589 1806 4655 Παῦλος,
1834 4591 1916 4643 ὃτι
1943 4609 2042 4645 κα-

454 4676 700 4730 ταλιπὼν
721 4676 1044 4747 θησαυροὺς,
1064 4679 1156 4731 καὶ
1185 4677 1432 4742 πλοῦτον,
1463 4679 1558 4730 καὶ
1584 4677 1855 4747 βασιλείας
1885 4696 2042 4749 περι-

456 4765 702 4831 φάνειαν,
731 4764 824 4816 καὶ
874 4765 974 4834 τὴν
1002 4763 1169 4834 ἀλλην
1217 4765 1434 4819 ἃπασαν
1466 4764 1823 4836 λαμπρότητα
1853 4765 1949 4836 τήν
1983 4769 2041 4820 ἐν

453 4851 735 4922 Αἰγύπτῳ,
766 4851 937 4904 εἵλετο
979 4852 1115 4922 μετὰ
1144 4852 1251 4905 τῶν
1309 4852 1575 4906 Ἰουδαίων
1627 4853 2034 4923 κακουχείσθαι·

455 4938 578 4996 εἶτα
613 4942 709 5011 τήν
740 4942 914 4994 αἰτίαν
940 4943 1086 5011 ἡμᾶς
1128 4941 1410 5006 διδάσκων,
1464 4942 1545 4994 ὅτι
1571 4942 1634 5011 δή
1655 4941 1828 4994 ταῦτα
1861 4942 2039 4995 πάντα

455 5031 630 5082 ἐποίει
651 5029 738 5082 διὰ
760 5030 850 5082 τὸν
879 5029 1034 5094 Θεὸν,
1082 5028 1408 5101 προσέθηκε·
1464 5030 1574 5083 Τὸν
1621 5029 1732 5098 γὰρ
1783 5030 2040 5098 ἀόρατον

454 5118 538 5183 ὡς
569 5115 720 5184 ὀρῶν
763 5115 1078 5186 ἐκαρτέρει.
1118 5117 1227 5185 Οὐχ
1259 5117 1390 5186 ὁρᾷς
1421 5116 1514 5168 τὸν
1561 5116 1712 5178 Θεὸν,
1743 5116 1857 5169 ἀλλ’
1888 5115 2037 5189 [155]

453 5208 588 5276 ὁρᾷς
624 5207 690 5258 τὰ
707 5205 1178 5275 δημιουργήματα,
1213 5206 1344 5276 ὁρᾷς
1377 5204 1541 5257 αὐτοῦ
1567 5206 1636 5258 τά
1673 5205 1830 5276 ἔργα,
1875 5206 2040 5276 οὐρα-

455 5296 567 5355 νὸν,
599 5293 689 5346 καὶ
715 5294 838 5362 γῆν.
868 5293 963 5346 καὶ
998 5291 1282 5345 θάλατταν.
1330 5293 1389 5345 '0
1427 5293 1482 5344 δὲ
1509 5290 1697 5360 φιλῶν,
1731 5291 1830 5345 κᾶν
1878 5292 2037 5364 ἔργον

457 5382 542 5452 ἴδη
572 5381 663 5433 τοῦ
697 5380 1040 5451 φιλουμένου,
1069 5379 1171 5432 κᾶν
1199 5378 1467 5450 ὑπόδημα,
1517 5378 1619 5432 κᾶν
1641 5379 1874 5448 ἱμάτιον,
1931 5380 2037 5432 κᾶν

452 5468 632 5520 ὁτιοῦν
656 5469 862 5538 ἕτερον,
901 5465 1358 5536 διαθερμαίνεται.
1404 5467 1515 5537 Οὐχ
1560 5467 1691 5536 ὁρᾷς
1738 5465 1827 5517 τὸν
1882 5464 2034 5527 Θεὸν,

454 5557 570 5610 ἀλλ’
597 5558 723 5628 ὁρᾷς
744 5555 914 5610 αὐτοῦ
933 5555 1058 5617 τοὺς
1083 5553 1317 5618 οἰκέτας,
1333 5555 1457 5617 τοὺς
1475 5553 1681 5622 φίλους,
1704 5553 1830 5616 τοὺς
1851 5552 2038 5621 ἁγίους

465 5794 475 5802 _
517 5733 540 5762 ³
579 5731 657 5790 Ὠς
682 5739 740 5794 γῆ
768 5731 1014 5786 ἄϐατος...
1062 5730 1252 5791 ἔρημος.
1298 5728 1416 5787 Quis
1439 5729 1691 5790 interpres
1717 5728 1783 5778 ila
1824 5729 2033 5778 verterit

460 5803 688 5857 Ignoralm

1581 354 1955 412 EVPOSITIO
1996 355 2063 410 IN
2098 354 2434 411 PSALMUM
2482 354 2618 410 XLI.

3626 357 3732 414 {60

2145 471 2344 543 ἄνδρας
2397 473 2542 542 λέγω
2595 473 2690 526 καὶ
2743 473 3052 544 παρρησίαν
3090 473 3330 543 ἔχοντας.
3384 473 3733 546 Θεράπευσον

2144 561 2385 625 ἐκείνους
2400 561 2517 623 νῦν,
2551 563 2646 615 καὶ
2687 561 2828 625 ἕξεις
2849 563 2942 615 τοῦ
2973 562 3137 616 πόθου
3171 563 3524 634 παραμυθίαν
3548 565 3608 617 οὺ
3634 567 3733 634 τὴν

2141 649 2433 719 τυχοῦσαν.
2463 650 2573 702 Καὶ
2623 649 2732 719 γὰρ
2762 651 2849 702 ἐπ’
2882 649 3204 721 ἀνθρώπων.
3231 651 3352 722 οὐχὶ
3394 651 3520 714 τοὺς
3547 651 3731 720 φίλους

2141 737 2301 808 ήμῶν
2331 738 2511 807 μόνον,
2542 736 2678 790 ἀλλά
2702 738 2797 790 καὶ
2829 739 2954 801 τοὺς
2979 738 3070 790 ὑπ’
3122 738 3346 790 ἐκείνων
3379 738 3732 808 φιλουμένους

2145 824 2319 893 φιλεῖν
2341 824 2629 894 εἰώθαμεν.
2679 823 2798 878 Κᾶν
2849 826 2974 896 είπῇ
3001 843 3084 888 τις
3134 825 3243 878 τῶν
3281 826 3571 896 ἐρωμένων
3625 827 3732 880 τῶν

2142 912 2445 982 ἡμετέρων,
2474 913 2674 968 ὃτιΤὸν
2703 911 2849 964 δεῖνα
2879 910 3036 979 φιλῶ,
3097 911 3201 964 κᾶν
3229 912 3434 975 ἐκεῖνός
3479 929 3532 964 τι
3583 911 3732 982 πάθῃ

2141 999 2399 1070 χρηστὸν,
2461 998 2572 1066 ἐγὼ
2621 999 2722 1066 τῆς
2781 998 3099 1070 εὐεργεσίας
3156 998 3450 1052 ἀπολαύειν
3504 998 3730 1068 νομίζωο

2142 1087 2318 1140 πάντα
2344 1087 2606 1157 ποιοῦμεν
2645 1086 2740 1140 καὶ
2796 1087 3318 1157 πραγματευόμεθα,
3354 1087 3542 1157 ὥσπερ
3570 1086 3733 1141 αὐτὸν

2138 1174 2230 1228 τὸν
2269 1173 2539 1246 ἐρώμενον
2564 1174 2817 1245 ὁρῶντες,
2844 1173 2985 1228 οὕτω
3016 1176 3196 1228 πᾶσαν
3231 1176 3356 1245 περί
3387 1176 3591 1229 ἐκεῖνον
3614 1179 3733 1228 ἐπι-

3761 1157 3772 1220 ι

2139 1260 2415 1325 δείξασθαι
2452 1262 2707 1332 σπουδήν.
2764 1261 2983 1328 Ἔξεστι
3039 1261 3196 1314 τοῦτο
3218 1263 3311 1314 καλ¹
3343 1261 3435 1314 ἐπὶ
3477 1261 3571 1315 τοῦ
3596 1264 3732 1332 Χρι-
3765 1335 3769 1341 _

2141 1347 2268 1400 στοῦ
2299 1348 2644 1418 κατορθῶσαι
2668 1347 2783 1402 νῦν.
2815 1344 3004 1410 Εἶπεν.
3033 1349 3113 1401 ὅτι
3141 1350 3278 1412 Τοὺς
3302 1349 3541 1418 πένητας
3569 1350 3730 1418 φιλῶ·
3764 1349 3771 1418 ᾖ

2138 1437 2241 1490 κᾶν
2275 1431 2418 1492 οὑτοί
2443 1456 2494 1491 τι
2521 1438 2766 1492 πάθωσιν
2784 1439 3005 1506 ἀγαθὸν,
3035 1437 3109 1500 ὡς
3137 1439 3297 1502 αὐτὸς
3325 1439 3729 1504 ἀπολελαυκὼς,

2138 1523 2311 1587 οὕτως
2363 1525 2663 1594 ἀποδίδωμι
2721 1526 2821 1594 τὴν
2870 1526 3127 1596 ἀμοιϐήν.
3185 1526 3373 1579 Πάντα
3419 1528 3732 1598 ποιήσωμεν

2140 1611 2281 1681 ὑπὲρ
2305 1612 2402 1681 τῆς
2434 1613 2512 1674 εἰς
2542 1611 2737 1675 αὐτοὺς
2787 1611 3101 1682 θεραπείας
3147 1613 3348 1683 μᾶλλον
3383 1613 3440 1666 δέ
3461 1615 3638 1668 πάντα
3666 1617 3733 1668 τὰ

2138 1699 2266 1750 ὄντα
2298 1697 2623 1768 κενώσωμεν
2658 1701 2736 1761 εἰς
2775 1700 2994 1762 αὐτοὺς,
3029 1699 3375 1765 πιστεύοντες
3401 1701 3489 1754 διὰ
3527 1701 3732 1755 τούτων

2136 1783 2227 1836 τὸν
2255 1784 2386 1838 Θεὸν
2408 1785 2645 1856 τρέφειν.
2684 1786 2807 1838 ’Ότι
2837 1786 2947 1855 γὰρ
2994 1787 3156 1850 αὐτὸς
3210 1788 3471 1858 τρέφεται
3524 1789 3732 1842 τούτων

2134 1872 2505 1942 τρεφομένων,
2524 1874 2752 1928 ἄκουσον
2773 1875 2865 1927 τοῦ
2891 1875 3128 1946 Χριστοῦ
3158 1876 3209 1928 τί
3243 1892 3396 1946 φησι·
3426 1875 3732 1930 Πεινῶντά

2131 1977 2208 2028 με
2236 1961 2342 2030 γὰρ
2367 1961 2574 2027 εἴδετε,
2630 1961 2785 2030 φησὶ,
2820 1964 2914 2015 καί
2947 1963 3254 2031 ἐθρέψατεο
3284 1964 3574 2033 διψῶντα,
3629 1967 3727 2016 καὶ

2135 2047 2474 2100 ὲποτίσατε’
2530 2049 2780 2118 γυμνὸν,
2812 2049 2907 2102 καὶ
2963 2050 3361 2117 περιεϐάλετε·
3403 2052 3498 2105 καὶ
3528 2051 3730 2112 πολλᾶς

2137 2136 2268 2204 ἡμῖν
2295 2134 2495 2190 ἔδωκεν
2528 2135 2782 2207 ἀφορμὰς
2811 2137 2904 2189 τοῦ
2943 2138 3388 2207 παραμυθεῖσθαι
3441 2139 3532 2192 τὸν
3566 2141 3729 2192 πόθον

2136 2223 2226 2276 τὸν
2257 2223 2546 2293 ἡμέτερον.

2213 2311 2420 2376 Ἄλλως
2467 2311 2523 2364 δὲ
2569 2311 2661 2366 τὸν
2694 2311 2873 2384 ἔρωτα
2917 2313 3009 2367 τὸν
3052 2315 3182 2384 παρ’
3215 2317 3347 2386 ἡμῖν
3387 2315 3514 2386 τρία
3555 2316 3728 2369 ταῦτα

2137 2403 2306 2453 ποιεῖν
2371 2401 2592 2467 εἴωθεν,
2658 2403 2691 2472 ἢ
2755 2401 3027 2471 εὐμορφία
3079 2401 3363 2472 σώματος,
3417 2403 3450 2472 ἢ
3507 2403 3728 2474 εὐεργε-

2141 2489 2263 2553 σίας
2317 2489 2575 2560 μέγεθος,
2623 2490 2656 2561 ἢ
2698 2490 2759 2544 τὸ
2807 2492 3074 2560 φιλεῖσθαι
3115 2495 3246 2564 παρ’
3281 2493 3470 2548 αὐτοῦ.
3510 2493 3729 2546 Τούτων

2139 2575 2246 2647 γάρ
2314 2575 2543 2630 ἕκαστον
2595 2578 2726 2630 αὐτὸ
2786 2579 2905 2631 καθ’
2976 2581 3135 2634 ἐαυτὸ
3193 2581 3413 2634 δύναται
3478 2581 3728 2649 ἐμποιεῖν

2141 2663 2361 2734 φίλτρον
2387 2665 2538 2734 ήμῖν.
2567 2666 2683 2718 Κᾶν
2699 2665 2805 2736 γάρ
2833 2666 2996 2736 μηδὲν
3027 2661 3176 2738 ὦμεν
3204 2664 3264 2721 εὖ
3295 2669 3558 2731 παθόντες
3580 2669 3730 2731 παρά

2137 2768 2301 2815 τινος,
2334 2752 2619 2823 ἀκούωμεν
2638 2753 2716 2816 δὲ,
2738 2754 2818 2806 ὅτι
2847 2753 3016 2823 φιλῶν
3038 2757 3184 2826 ἡμᾶς
3210 2756 3460 2820 διατελεῖ,
3490 2757 3729 2809 ἐπαινῶν

2137 2839 2310 2908 ἡμᾶς,
2344 2839 2440 2892 καὶ
2485 2840 2777 2908 θαυμάζων
2799 2881 2815 2906 ,
2854 2841 3056 2904 εὐθέως
3081 2841 3231 2912 αὐτῷ
3282 2840 3726 2912 συγκολλώμεθα,

2140 2926 2234 2979 καὶ
2268 2926 2569 2998 στέργομεν
2601 2928 2675 2990 ὡς
2708 2928 3020 2998 εὐεργέτην·
3072 2929 3164 2981 ἐπὶ
3209 2929 3304 2982 τοῦ
3357 2928 3492 2982 Θεοῦ
3524 2929 3579 2981 δὲ
3607 2930 3729 2998 οὐχὶ⁹

2139 3013 2311 3068 ταῦτα
2340 3016 2520 3084 μόνον,
2543 3015 2678 3068 ἀλλὰ
2711 3016 2805 3068 καὶ
2823 3016 2892 3068 τὰ
2920 3015 3044 3087 τρία
3072 3017 3245 3069 ταῦτα
3268 3017 3415 3069 ἔστιν
3448 3017 3576 3070 ἰδεῖν
3607 3018 3726 3086 μεθ’

2142 3101 2450 3173 ὑπερϐολῆς
2475 3102 2778 3172 τοσαύτης,
2832 3102 2965 3173 ὅσην
3016 3102 3136 3155 οὐδὲ
3180 3102 3337 3171 λόγος
3379 3103 3728 3174 παραστῆσαι

2140 3189 2442 3260 δυνήσεται.
2490 3190 2601 3242 Καὶ
2639 3189 2892 3260 πρῶτον,
2943 3189 3005 3242 τὸ
3053 3189 3248 3253 κάλλος
3295 3189 3394 3261 τῆς
3451 3191 3728 3260 μακαρίας

2141 3278 2356 3347 ἐκείνης
2383 3277 2476 3330 καὶ
2526 3277 2804 3348 ἀκηράτου
2859 3276 3092 3345 φύσεως,
3131 3277 3211 3330 ὅτι
3249 3277 3527 3348 ἀμήχανον
3587 3278 3729 3330 οὓτω

2143 3365 2259 3428 πώς
2282 3366 2397 3417 ἐστι
2419 3365 2513 3418 καὶ
2541 3365 2752 3435 ἄμαχον
2776 3366 2825 3426 δ,
2859 3365 2952 3419 καὶ
2982 3365 3160 3419 πάντα
3195 3366 3520 3438 ὑπερσαῖνον
3547 3365 3726 3434 λόγον,

2141 3452 2236 3505 καὶ
2267 3453 2444 3505 πᾶσαν
2484 3451 2750 3520 ἐκφεῦγον
2783 3452 3040 3507 διάνοιαν.
3087 3452 3296 3516 Κάλλος
3324 3454 3380 3506 δὲ
3411 3455 3538 3507 ὃταν
3564 3454 3729 3506 ἀκού-

2143 3555 2262 3612 σῃς,
2310 3539 2475 3610 μηδὲν
2509 3539 2820 3610 σωματικὸν
2866 3540 3235 3613 ὑποπτεύσῃς,
3287 3539 3560 3611 ἀγαπητὲ,
3591 3541 3727 3592 ἀλλὰ

2141 3625 2432 3697 ἀσώματόν
2483 3643 2602 3679 τινα
2655 3627 2812 3690 δόξαν
2867 3629 2962 3681 καὶ
3027 3627 3500 3698 μεγαλοπρέπειαν
3549 3629 3726 3698 ἄφρα-

2143 3731 2176 3766 σ
2177 3731 2287 3768 τον.

2210 3801 2503 3872 δ’.Ταύτην
2524 3797 2615 3856 οὖν
2637 3803 2666 3854 ό
2694 3804 2983 3874 προφήτης
3005 3803 3277 3872 ἐκφαίνων
3307 3803 3480 3871 ἔλεγε·
3511 3803 3619 3857 Καὶ
3654 3806 3726 3859 τὰ

2141 3892 2435 3960 Σεραςσεὶμ
2451 3891 2841 3955 εἱστήκεισαν
2871 3893 3075 3956 κύκλῳ
3104 3892 3308 3956 αὐτοῦ,
3344 3892 3442 3945 καὶ
3471 3892 3596 3957 ταῖς
3614 3894 3726 3961 μὲν

2140 3976 2283 4029 δυσὶ
2309 3977 2558 4044 πτέρυξι
2576 3977 3032 4032 κατεκάλυπτον
3047 3978 3113 4030 τὸ
3139 3979 3484 4045 πρόσωπον,
3514 3978 3726 4044 ταῖςδὲ

2141 4063 2283 4117 δυσί
2300 4064 2752 4119 κατεκάλυπτον
2764 4065 2906 4130 τοὺς
2923 4065 3132 4130 πόδας,
3155 4064 3285 4131 ταῖς
3299 4065 3367 4117 δὲ
3382 4065 3565 4118 δυσίν
3579 4067 3718 4118 ἐπέ-

2139 4167 2335 4213 τοντο,
2365 4150 2463 4204 καί
2490 4150 2735 4217 ἔκραζον
2755 4165 2800 4217 ο,
2833 4153 3046 4220 Ἄγιος,
3071 4153 3258 4221 ἅγιος,
3287 4153 3472 4222 ἅγιος,
3499 4153 3605 4206 ἀπὸ
3621 4153 3687 4222 τῆ
3695 4171 3722 4216 ς

2141 4237 2476 4308 ἐκπλήξεως,
2507 4238 2614 4290 ἀπὸ
2639 4238 2734 4291 τοῦ
2764 4238 3059 4308 θαύματος,
3090 4240 3196 4292 ἀπὸ
3245 4240 3345 4308 τῆς
3389 4240 3726 4308 εὐπρεπείας

2142 4325 2377 4395 ἐκείνης,
2438 4325 2546 4378 ἀπὸ
2573 4325 2672 4396 τῆς
2729 4325 2907 4396 δόξης.
2945 4327 3054 4378 Καὶ
3095 4326 3256 4378 πάλιν
3287 4328 3314 4378 ό
3355 4325 3516 4378 Δαυῒδ
3557 4343 3722 4378 κατα-

2127 4414 2342 4484 νοήσας
2373 4413 2505 4466 αὐτὸ
2536 4414 2694 4466 τοῦτο
2725 4413 2786 4466 τὸ
2826 4413 3041 4476 κάλλος,
3080 4415 3173 4466 καὶ
3210 4411 3310 4482 τὴν
3334 4411 3489 4475 δόξαν
3523 4413 3726 4466 ἐκπλα·

2142 4500 2258 4567 γείς
2306 4499 2398 4568 τῆς
2440 4498 2715 4571 μακαρίας
2746 4500 2961 4568 ἐκείνης
2997 4499 3232 4567 φύσεως,
3270 4498 3454 4566 ἔλεγε·
3485 4501 3726 4566 Περίζὶυ-

2143 4601 2246 4640 σαι
2275 4587 2390 4652 τὴν
2402 4587 2707 4654 ῥομφαίαν
2720 4600 2835 4639 σου
2856 4586 2952 4640 ἐπὶ
2981 4587 3090 4638 τὸν
3105 4587 3301 4654 μηρόν
3327 4603 3461 4651 σου,
3481 4588 3722 4652 δον-ατε,

2142 4671 2217 4738 τῇ
2246 4672 2555 4738 ὡραιότητί
2575 4686 2692 4724 σου
2717 4671 2914 4737 καὶτῷ
2935 4673 3145 4726 κάλλει
3167 4689 3306 4726 σου.
3335 4673 3432 4726 Διά
3458 4673 3616 4726 τοῦτο
3634 4678 3724 4726 καὶ

2141 4761 2382 4828 Μωῦσῆς
2434 4761 2698 4831 ἐπεθύμει
2740 4761 2997 4824 πολλάκις
3033 4763 3196 4816 αὐτὸν
3233 4763 3382 4824 ἰδεῖν,
3412 4763 3488 4832 τῷ
3517 4763 3725 4833 φίλτρῳ

2139 4847 2368 4916 τρωθεὶς
2401 4846 2595 4917 τούτῳ,
2615 4848 2820 4918 καὶτῆς
2847 4848 3003 4919 δόξης
3024 4851 3237 4920 ἐκείνης
3259 4851 3421 4921 ἐρῶν.
3447 4850 3543 4903 Διὰ
3570 4851 3726 4903 τοῦτο

2144 4934 2238 4987 καὶ
2263 4934 2527 4997 Φίλιππος
2553 4934 2707 5003 ἔλεγε
2727 4953 2739 4966 ο
2776 4935 2986 4999 Δεῖξον
3014 4937 3159 5005 ¹ἡμῖν
3195 4937 3303 4991 τὸν
3334 4935 3585 5004 Πατέρα,
3624 4937 3724 4988 καὶ

2146 5021 2298 5093 [156]
2329 5021 2501 5090 ἀρκεῖ
2538 5023 2704 5091 ἡμῖν.
2742 5024 2958 5077 Μᾶλλον
2989 5025 3045 5078 δέ
3079 5026 3178 5078 ὃσα
3215 5024 3282 5078 ἂν
3315 5025 3579 5093 εἴπωμεν,
3604 5023 3724 5076 οὐδὲ

2145 5110 2358 5180 μικρὸν.
2390 5111 2509 5163 οὐδὲ
2535 5112 2773 5182 ἀμυδρὸν
2788 5114 2930 5183 ἴχνος
2950 5130 3002 5165 τι
3025 5113 3123 5182 τῆς
3146 5112 3478 5184 εὐπρεπείας
3505 5111 3722 5180 ἐκείνης

2142 5199 2495 5269 παραστῆσαι
2529 5199 2892 5270 δυνησόμεθα.
2923 5199 3085 5252 Ἀλλὰ
3101 5199 3200 5262 τὰς
3227 5199 3543 5269 εὐεργεσίας
3559 5197 3723 5270 βούλῃ

2141 5285 2554 5356 καταλέξωμεν;
2597 5287 2737 5339 Ἀλλ’
2787 5287 2906 5338 οὐδέ
2940 5285 3144 5347 ταύτας
3178 5285 3333 5352 λόγος
3371 5285 3722 5355 παραστῆσαι

2139 5371 2447 5441 δυνήσεται.
2481 5374 2577 5426 Διὰ
2603 5373 2762 5427 τοῦτο
2796 5376 2823 5425 ό
2854 5371 3067 5435 Παῦλος
3098 5372 3250 5439 έλεγε
3271 5390 3284 5401 ’
3334 5373 3512 5440 Χάρις
3542 5373 3609 5425 δὲ
3643 5372 3724 5438 τῷ

2139 5462 2336 5528 Κυρίῳ
2363 5461 2461 5512 ἐπὶ
2488 5460 2562 5528 τῇ
2591 5460 2997 5529 ἀνεκδιηγήτῳ
3031 5461 3218 5515 αὑτοῦ
3244 5461 3451 5529 δωρεᾷ.
3483 5462 3588 5515 Καὶ
3619 5463 3722 5515 πά-

2140 5545 2252 5600 λιν·
2290 5550 2350 5600 Ἀ
2400 5549 2707 5617 ὀφθαλμός
2760 5551 2871 5601 οὐκ
2903 5544 3044 5611 εἶδε,
3073 5547 3168 5600 καί
3199 5545 3307 5614 οὖς
3328 5552 3436 5602 οὐκ
3465 5549 3718 5618 ἤκουσε,

2202 5722 2230 5760 b
2253 5724 2345 5770 Καὶ
2367 5721 2551 5787 ᾇμαχον
2571 5723 2716 5772 deesl
2747 5723 2797 5772 in
2817 5737 2913 5772 uno
2947 5727 3054 5775 cod.
3080 5726 3207 5787 apud
3240 5725 3388 5774 Savil.

2205 5789 2226 5817 ε
2253 5787 2303 5834 In
2327 5783 2628 5834 ediliuuibus
2660 5788 2754 5833 τῶν
2783 5789 2841 5836 0'
2861 5783 3209 5847 ἐπέταντοξκαὶ
3239 5788 3488 5850 ὶκέκραγεν
3515 5783 3714 5847 legitur.

3765 1379 3779 1438 ί
