4030 6434
288 370 370 429 ὶνλ

307 489 419 544 diuit
441 533 459 556 ,
498 501 549 546 et
597 494 658 548 in
688 511 799 550 τοι·
844 496 1070 550 hominis
1114 510 1211 547 non
1251 490 1618 557 ascenderunt,
1662 505 1775 559 qua:
1799 487 1939 542 Deus

318 585 631 653 preparavit
668 586 741 640 iis
783 591 883 658 qui
925 588 1099 655 ipsum
1127 585 1342 653 diligunt
1375 582 1465 654 (1.
1500 582 1617 637 Cor.
1644 579 1703 635 2.
1725 579 1821 651 9).
1872 579 1942 634 Et

334 692 514 736 rursus
540 696 558 733 :
594 677 644 734 0
674 680 910 734 altitudo
938 679 1245 742 divitiarum,
1275 684 1323 729 et
1345 675 1630 747 sapientiae,
1656 682 1703 729 et
1719 674 1942 729 scientia

346 770 453 835 Dei,
487 786 638 841 quam
665 770 1027 825 inserutabilia
1054 778 1170 823 sunt
1186 767 1386 839 judicia
1413 768 1543 832 eius,
1568 774 1615 819 et
1634 764 1939 834 imperresti-

346 863 529 939 gabiles
553 864 653 918 vite
687 864 802 933 ejus
842 859 1023 931 (Rom.
1056 861 1143 915 11.
1173 857 1301 930 '53)!
1346 856 1479 928 Ejus
1522 864 1700 911 autem
1740 854 1794 908 in
1843 868 1941 908 uos

350 970 589 1011 amorem
615 968 862 1025 quaenam
888 950 1168 1021 explicarit
1193 948 1401 1003 oratio?
1439 946 1573 1002 Eum
1595 951 1745 1000 certe
1768 941 1945 998 admi-.

349 1063 476 1103 rans
507 1045 722 1101 diccbat
739 1043 975 1099 Joannes
999 1060 1010 1096 :
1042 1040 1131 1097 Sic
1152 1040 1292 1095 enim
1312 1038 1450 1093 Deus
1478 1037 1656 1092 dilexit
1671 1033 1937 1098 mundum,

351 1148 405 1193 ut
438 1137 638 1193 Filium
658 1152 811 1192 suum
838 1136 983 1189 daret
1006 1133 1321 1203 unigenitum
1350 1129 1531 1203 (Joan.
1564 1130 1617 1184 ‘5.
1650 1126 1766 1197 l6).
1788 1125 1941 1193 Quod

353 1233 397 1287 si
426 1232 514 1286 vis
552 1229 672 1300 ejus
711 1226 873 1282 verba
901 1225 1120 1290 audire,
1149 1231 1209 1278 et
1242 1222 1567 1292 cogndscere
1594 1216 1939 1278 desiderium,

353 1324 475 1379 audi
499 1321 628 1393 quid
649 1320 791 1376 dicat
814 1334 911 1391 per
936 1315 1247 1388 prophetam
1273 1332 1289 1370 :
1324 1311 1586 1383 Numquid
1626 1310 1946 1366 obliviscetur

348 1418 539 1471 mulier
587 1414 810 1469 misereri
850 1423 1088 1466 natorum
1128 1408 1259 1463 uteri
1312 1406 1431 1463 sui?
1478 1403 1634 1472 Quod
1677 1402 1723 1457 si
1769 1416 1944 1456 eorum

351 1510 507 1563 etiam
535 1507 857 1561 obliviscatur
878 1505 1079 1567 mulier,
1126 1517 1217 1571 ego
1248 1509 1415 1554 tamen
1441 1515 1542 1553 non
1578 1496 1843 1550 obliviscar
1871 1493 1945 1547 tui

355 1602 509 1670 (leni.
536 1600 628 1655 i9.
670 1597 782 1670 15).
833 1594 904 1652 Et
940 1596 1077 1651 sicut
1112 1594 1201 1648 hic
1228 1592 1474 1649 dicebat:
1506 1586 1945 1656 Quemadmodum

356 1695 614 1750 desiderat
629 1708 800 1747 cervus
828 1690 897 1744 ad
918 1694 1082 1762 fontes
1106 1702 1376 1760 aquarum,
1404 1685 1479 1738 ita
1501 1682 1752 1738 desiderat
1774 1680 1947 1734 anima

356 1804 471 1841 mea
494 1785 562 1837 ad
584 1793 651 1847 te,
680 1781 848 1837 Deus:
869 1781 941 1835 ita
960 1779 1118 1835 etiam
1137 1778 1263 1832 dicit
1287 1774 1533 1831 Christus
1557 1789 1573 1826 :
1606 1770 1947 1839 Quemadmo-

359 1878 481 1931 dum
508 1882 773 1945 congregat
797 1870 991 1943 gallina
1010 1869 1175 1940 pullos
1203 1884 1323 1922 suos
1344 1908 1359 1933 ,
1378 1866 1452 1919 ita
1470 1864 1607 1919 colui
1641 1876 1948 1933 congregare

358 1970 495 2039 filios
512 1976 725 2031 uestros,
747 1976 794 2018 et
819 1963 1054 2018 noluistis
1082 1960 1292 2036 (Matth.
1320 1959 1411 2015 23.
1444 1958 1559 2028 '57).
1611 1955 1681 2010 Et
1714 1968 1898 2009 rursus
1928 1969 1945 2009 :

360 2060 509 2115 Sicut
548 2058 812 2111 miseretur
864 2062 1009 2124 pater
1055 2053 1276 2122 ﬁliorum
1320 2065 1528 2104 suorum
1547 2089 1562 2115 ,
1598 2047 1836 2101 misertus
1877 2054 1948 2097 est

362 2150 610 2203 Dominus
629 2162 798 2202 eorum
820 2146 911 2217 qui
928 2147 1095 2215 ipsum
1133 2142 1309 2196 timent
1336 2138 1510 2212 (Psal.
1548 2137 1676 2193 £02.
1718 2135 1834 2208 15).
1884 2136 1950 2190 Et

358 2255 587 2298 rursus:
622 2239 874 2306 Quoniam
916 2235 1193 2293 secundum
1229 2232 1549 2287 altitudinem
1585 2229 1698 2286 caeli
1743 2245 1777 2282 α
1815 2238 1949 2282 terra

359 2333 678 2402 conﬁrmavit
698 2330 949 2385 Dominus
976 2327 1371 2382 misericordiam
1393 2341 1539 2380 suam
1556 2320 1709 2395 super
1722 2322 1949 2376 timentes

359 2429 528 2498 ipsum
545 2423 706 2494 (Ibid.
729 2422 897 2494 ωλι).
925 2422 991 2477 Et
1013 2417 1459 2491 quemadmodum
1480 2413 1738 2487 propheta
1766 2426 1952 2468 exem-

360 2521 508 2589 plum
573 2516 765 2587 quaerit
819 2522 880 2569 ut
930 2527 1087 2569 suum
1130 2508 1378 2566 ostendat
1428 2506 1752 2563 desiderium
1800 2521 1815 2557 :
1877 2504 1949 2557 ita

362 2583 525 2667 etiam
556 2583 696 2663 Deus
721 2606 890 2662 utitur
916 2602 1232 2675 quibusdam
1269 2598 1531 2668 exemplis
1549 2638 1567 2665 ,
1596 2605 1660 2652 ut.
1681 2594 1949 2667 signiticet
1978 2583 1985 2589 ’

359 2703 519 2759 nobis
564 2716 716 2755 suum
764 2712 1003 2753 amorem
1052 2702 1252 2751 nostrae
1313 2693 1521 2749 salutis.
1577 2689 1648 2745 Et
1689 2687 1948 2759 propheta

361 2793 579 2867 quidem
608 2792 743 2847 dixit
766 2804 980 2846 cervam
1022 2788 1313 2850 sitientem,
1353 2793 1408 2838 et
1436 2792 1635 2837 tetram
1656 2780 1903 2835 adustam
1931 2796 1949 2832 ς

366 2893 506 2946 Deus
534 2898 711 2944 autem
740 2885 1056 2956 gallinarum
1077 2883 1130 2936 in
1150 2880 1326 2951 pullos
1347 2881 1645 2943 caritatem,
1667 2886 1723 2931 et
1738 2885 1951 2947 patrum

363 2997 545 3038 curam
570 2995 636 3034 ac
660 2975 1092 3041 sollicitudinem,
1118 2984 1174 3029 et
1208 2972 1327 3027 caeli
1361 2986 1391 3025 a
1416 2980 1561 3025 terra
1590 2967 1949 3028 altitudinem,

366 3084 422 3130 et
448 3081 679 3127 matrum
708 3070 911 3124 viscera
935 3109 952 3133 ,
985 3081 1091 3120 non
1136 3063 1276 3135 quod
1323 3062 1493 3117 solum
1541 3070 1747 3116 tantum
1784 3066 1948 3121 amet,

366 3175 624 3238 quantum
643 3169 813 3217 mater
831 3159 1018 3222 lilium,
1045 3156 1139 3213 sed
1155 3155 1406 3227 quoniam
1428 3154 1510 3208 his
1529 3150 1951 3214 deﬁnitionibus,

366 3256 604 3326 regulis,
633 3262 690 3309 et
724 3250 985 3320 exemplis
1023 3264 1128 3302 non
1152 3257 1277 3303 sunt
1308 3245 1449 3316 apud
1474 3259 1573 3299 nos
1607 3244 1710 3298 alia
1749 3241 1952 3311 majora

368 3350 516 3418 signa
540 3354 598 3402 et
612 3352 919 3415 argumenta
934 3340 1202 3395 amicitias.
1226 3337 1356 3392 Nam
1378 3336 1518 3408 quod
1538 3350 1761 3390 nosnon
1782 3334 1955 3389 solum

370 3448 574 3493 tantum
601 3443 747 3490 amet
767 3476 782 3499 ,
812 3441 1065 3503 quantum
1098 3440 1270 3485 mater
1298 3428 1382 3499 pia
1428 3427 1566 3482 ﬁlios
1591 3467 1605 3490 ,
1653 3424 1750 3481 sed
1795 3425 1956 3479 etiam

370 3534 537 3589 multo
565 3530 767 3600 magis,
797 3526 922 3582 audi
957 3523 1085 3595 quid
1119 3522 1250 3578 dicit
1287 3540 1301 3576 :
1347 3520 1499 3589 Quod
1536 3521 1581 3573 si
1612 3520 1763 3573 etiam
1801 3517 1957 3570 oblita

372 3627 525 3699 fuerit
548 3634 708 3678 mater
730 3622 958 3691 ﬁliorum
982 3633 1209 3681 suorum,
1239 3632 1330 3687 ego
1360 3624 1527 3668 tamen
1556 3614 1628 3666 tui
1661 3628 1763 3666 non
1783 3610 1960 3664 oblivi-

371 3734 487 3773 scar
514 3715 675 3790 (lsai.
708 3712 797 3769 49.
830 3710 947 3779 15).
998 3709 1111 3764 lloc
1156 3716 1334 3762 autem
1378 3705 1591 3760 dicebat
1630 3702 1956 3773 signiﬁcans,

372 3825 529 3866 suum
562 3810 617 3863 in
645 3820 745 3862 nos
769 3801 1094 3860 desiderium
1132 3813 1255 3855 esse
1295 3796 1442 3853 omni
1478 3795 1704 3851 caritate
1730 3792 1961 3847 naturali

373 3901 666 3958 ardentius.
719 3896 841 3954 Hac
871 3903 1050 3949 autem
1085 3890 1266 3947 omnia
1292 3887 1434 3958 apud
1458 3888 1688 3955 teipsum
1717 3884 1963 3938 conside-

373 4009 467 4060 ra,
514 4001 571 4046 et
611 4001 848 4042 amorem
890 3983 1262 4039 vehementem
1309 3975 1572 4033 accendes
1594 4016 1610 4042 ,
1656 3974 1963 4043 claramque

375 4086 647 4141 ﬂannnam
692 4079 1120 4151 resplendentem
1161 4072 1397 4130 caritatis
1435 4068 1655 4127 eﬂieies.
1698 4065 1963 4134 Quoniam

375 4191 506 4249 ergo
532 4175 665 4230 nihil
700 4172 837 4244 apud
866 4185 966 4226 nos
1011 4167 1254 4225 homines
1299 4179 1453 4235 teque
1488 4161 1631 4218 solet
1671 4156 1966 4214 accendere

377 4269 697 4332 amicitiam,
726 4275 785 4321 ut
819 4262 1034 4319 assidue
1073 4258 1385 4316 meminisse
1424 4254 1808 4311 beneﬁciorum
1842 4265 1965 4321 quae

378 4360 689 4431 accepimus
718 4358 862 4412 :-ltoc
885 4356 1044 4410 etiam
1068 4354 1122 4407 in
1148 4353 1258 4407 Deo
1278 4349 1555 4405 faciamus.

451 4450 705 4518 Beneﬁcia
748 4447 842 4503 Dei
880 4446 939 4501 in
976 4460 1092 4499 nos.
1131 4471 1205 4485 —
1237 4442 1391 4512 Apud
1427 4454 1525 4495 nos
1567 4436 1967 4493 consideremus

381 4554 732 4615 quacumque
756 4539 883 4593 fecit
907 4544 1130 4609 propter
1150 4547 1274 4596 nos,
1298 4533 1470 4602 ipsum
1493 4529 1686 4585 caelum
1702 4567 1719 4593 ,
1744 4536 1962 4588 terram,

380 4649 551 4701 mare,
578 4646 756 4687 aerem
787 4648 803 4684 :
834 4645 953 4701 quae
974 4629 1027 4683 in
1052 4637 1194 4682 terra
1223 4633 1371 4690 sunt,
1398 4623 1639 4685 arbores,
1666 4620 1847 4675 varios
1862 4616 1969 4672 ilo-

381 4742 492 4792 res,
509 4725 774 4796 iumenta,
795 4719 998 4790 reptilia
1031 4735 1045 4771 :
1093 4732 1155 4772 ea
1176 4732 1297 4786 qua?
1323 4726 1451 4772 sunt
1478 4714 1530 4767 in
1548 4710 1687 4765 mari
1726 4727 1740 4764 :
1771 4723 1890 4780 quae
1907 4709 1968 4763 in

382 4831 510 4873 aere
529 4814 710 4871 medio
733 4832 750 4869 :
776 4822 917 4868 astra
940 4825 1065 4882 qum
1092 4819 1216 4864 sunt
1241 4808 1292 4861 in
1321 4806 1454 4862 caelo
1478 4846 1493 4869 ,
1531 4803 1722 4867 solem,
1768 4800 1968 4864 lunam.

382 4920 439 4965 et
474 4917 534 4963 ut
572 4905 742 4961 semel
780 4904 990 4970 diam,
1039 4901 1218 4957 omnia
1258 4913 1379 4970 qua:
1406 4895 1690 4959 videntur,
1725 4892 1963 4962 fulgura,

385 5012 687 5069 temporum
710 4995 984 5068 pulchrum
1012 4992 1257 5048 ordinem
1279 5032 1295 5055 ,
1335 4989 1438 5045 diei
1465 4998 1519 5044 et
1554 4987 1728 5042 noctis
1753 4999 1972 5039 succes-

381 5094 631 5153 sionem,
674 5103 878 5143 animos
914 5086 1314 5141 conversiones.
1366 5080 1612 5135 Animam
1655 5075 1933 5146 inspiravit
1956 5114 1971 5138 ,

383 5185 651 5240 rationem
685 5179 934 5244 donavit,
964 5177 1198 5231 maximo
1222 5173 1504 5228 honoravit
1532 5170 1780 5239 imperio.
1832 5166 1975 5220 Misit

384 5274 632 5345 angelos,
657 5273 802 5327 misit
820 5269 1127 5341 prophetas,
1157 5276 1342 5337 postea
1382 5263 1574 5318 Filium
1610 5275 1767 5315 suum
1793 5260 1976 5329 unige-

387 5371 584 5425 nitum.
634 5366 702 5421 Et
744 5373 863 5433 post
902 5363 988 5417 illa
1014 5373 1200 5416 rursus
1240 5361 1355 5427 ipse
1386 5370 1601 5428 quoque
1635 5362 1692 5408 et
1719 5368 1814 5422 per
1834 5366 1897 5406 se
1922 5361 1977 5405 et

390 5476 491 5533 per
516 5458 710 5514 Filium
740 5454 1072 5525 unigenitum
1114 5450 1360 5505 hortatur
1406 5457 1463 5502 ut
1491 5457 1546 5500 tu
1581 5442 1848 5507 servaris;
1878 5455 1981 5497 nec

388 5530 569 5607 cessat
598 5549 791 5604 Paulus
817 5548 873 5601 in
899 5545 1216 5600 hodiernum
1244 5555 1413 5609 usque
1446 5539 1590 5594 diem
1611 5537 1795 5591 dicere
1826 5550 1841 5587 :
1874 5530 1978 5585 Pro

391 5643 596 5700 Christo
624 5640 872 5711 legatione
897 5635 1176 5709 fungimur,
1224 5648 1403 5701 nempe
1454 5630 1562 5684 Deo
1609 5644 1700 5699 per
1738 5642 1833 5681 nos
1854 5625 1979 5678 lior-

391 5746 548 5799 tante,
576 5734 894 5788 obsecramus
908 5744 1002 5799 pro
1018 5726 1238 5789 Christo,
1250 5721 1644 5777 reconciliamini
1657 5717 1764 5773 Deo
1777 5713 1978 5789 βίον.

1472 370 1832 432 EXPOSITIO
1864 372 1933 432 IN
1972 372 2292 430 PSALMUM
2334 370 2466 427 XLI.

3536 375 3638 432 169.

2047 496 2295 557 acceptas
2332 487 2594 557 primitias
2631 488 2905 544 Concidere
2935 488 3053 559 fecit
3082 505 3236 560 super
3260 505 3457 547 omnem
3491 500 3638 560 prin-

2047 579 2292 649 cipatum,
2327 586 2622 647 potestatem
2646 620 2661 643 ,
2707 587 2754 632 et
2795 578 3145 646 dominatum,
3189 588 3238 633 et
3264 595 3414 634 omne
3454 597 3638 637 nomen

2046 671 2185 743 quod
2206 671 2498 726 nominatur
2524 687 2625 725 non
2655 672 2819 725 solum
2845 672 2899 725 in
2925 671 3018 725 hoc
3042 672 3260 738 saeculo,
3291 673 3380 726 sed
3406 673 3558 727 etiam
3583 675 3637 729 in
3707 651 3722 662 ’

2046 768 2218 836 futuro
2249 762 2466 837 (Epiros.
2508 764 2563 819 1.
2612 762 2727 833 2|).
2774 762 2927 818 Nune
2972 779 3100 819 vere
3142 773 3226 819 est
3271 775 3633 836 opponuntur]

2044 855 2225 911 dicere
2255 871 2269 909 :
2299 855 2424 921 Quis
2449 855 2682 924 loquetur
2705 855 2955 926 potentias
2993 854 3220 917 Domini,
3249 866 3297 909 et
3325 858 3529 913 auditas
3553 862 3635 928 [η-

2046 951 2141 1002 riet
2179 964 2352 1002 omnes
2392 946 2713 1002 laudationes
2752 949 2863 1018 ejus
2900 946 3074 1017 (Psal.
3105 949 3228 1005 £05.
3256 949 3357 1019 2)?
3400 949 3471 1004 Et
3510 950 3638 1004 illud

2047 1054 2234 1094 rursus
2265 1057 2278 1092 ε
2313 1040 2450 1103 Quid
2478 1038 2749 1093 retribuam
2775 1037 3017 1102 Domino,
3046 1055 3139 1108 pro
3158 1038 3389 1094 omnibus
3408 1055 3523 1111 qum
3544 1056 3636 1093 re-

2049 1130 2223 1184 tribuit
2248 1128 2581 1202 mihi(Psal.
2612 1129 2734 1185 115.
2760 1129 2892 1201 £2)?
2936 1128 3074 1198 Quid
3113 1130 3254 1183 enim
3295 1139 3469 1199 potest
3510 1144 3634 1185 cum

2050 1219 2153 1275 hoc
2184 1221 2385 1276 honore
2410 1220 2663 1289 conferri,
2690 1221 2792 1276 nisi
2814 1219 3027 1291 quando
3048 1220 3295 1290 primitias
3312 1222 3523 1291 generis
3540 1236 3641 1275 no—

2048 1312 2167 1376 stri,
2195 1313 2335 1382 quod
2359 1312 2413 1366 in
2436 1321 2541 1366 tam
2569 1312 2753 1367 multis
2781 1310 3037 1376 offendit,
3068 1311 3209 1381 quod
3251 1311 3536 1380 ignominia
3580 1321 3640 1367 et

2048 1403 2311 1460 dedecore
2339 1415 2420 1460 est
2449 1403 2719 1469 allectum,
2736 1405 2794 1458 in
2822 1412 2970 1458 tanta
2992 1403 3180 1459 sedent
3206 1404 3507 1467 altitudine.
3526 1413 3644 1458 tau-

2051 1505 2213 1569 toque
2263 1500 2467 1553 honore
2514 1497 2969 1553 nune'iruuntur?
3009 1494 3121 1553 Nec
3167 1512 3300 1552 vero
3339 1498 3643 1553 communia

2048 1592 2224 1647 solum
2244 1590 2531 1656 beneﬁcia,
2559 1590 2653 1646 sed
2682 1590 2841 1645 etiam
2874 1590 3084 1660 propria
3106 1596 3160 1643 et
3184 1589 3391 1658 privata
3421 1588 3561 1659 apud
3587 1598 3646 1643 te

2052 1694 2260 1752 reputa,
2291 1682 2741 1753 quemadmodum
2783 1682 2830 1737 si
2851 1681 3065 1751 quando
3084 1679 3281 1737 fuisses
3314 1681 3525 1739 delatus
3551 1696 3648 1751 per

2051 1774 2396 1835 calumniam,
2417 1773 2692 1827 absolutus
2713 1786 2863 1830 esset
2890 1773 2958 1827 θαι)
2982 1773 3358 1828 accusatione:
3372 1772 3418 1828 si
3434 1772 3648 1843 quando

2051 1880 2174 1920 cum
2201 1864 2374 1919 media
2395 1871 2453 1919 et
2474 1865 2793 1932 intempesta
2816 1872 2973 1918 nocte
3000 1862 3280 1919 incidisses
3302 1863 3362 1918 in
3386 1862 3642 1927 latrones,

2052 1957 2334 2026 eﬂ‘ugisses
2384 1957 2593 2011 illorum
2621 1956 2843 2012 insidias
2871 1972 2887 2010 :
2915 1956 2961 2010 ei
2990 1955 3210 2025 quando
3238 1970 3303 2011 ex
3328 1955 3528 2011 damno
3551 1957 3647 2011 tibi

2053 2049 2201 2103 illato
2229 2057 2285 2103 te
2300 2048 2706 2117 mpedivisses:
2736 2048 2780 2101 si
2806 2061 2927 2102 eum
2946 2047 3003 2101 in
3036 2046 3283 2101 morbum
3309 2060 3525 2116 gravem
3560 2047 3648 2101 in.

2051 2140 2297 2207 cidisses,
2328 2148 2604 2195 recreatus
2631 2153 2800 2195 esses.

2122 2234 2181 2289 ὕ.
2224 2233 2433 2303 Reputa
2458 2247 2584 2302 quae
2611 2246 2712 2301 per
2737 2238 2903 2286 totum
2940 2238 3083 2283 tuam
3113 2230 3275 2284 vitam
3318 2228 3570 2299 acmpisti
3619 2246 3650 2285 a

2058 2324 2169 2379 Deo
2213 2324 2498 2388 beneﬁcia,
2550 2323 2767 2377 omnino
2811 2336 2873 2376 ea
2913 2320 3179 2390 permulta
3224 2321 3490 2387 invenies,
3543 2336 3647 2375 nou

2057 2417 2234 2474 solum
2256 2418 2308 2472 in
2335 2425 2449 2472 tota
2474 2417 2607 2481 vita,
2636 2415 2737 2471 sed
2766 2413 2851 2469 vel
2877 2414 2930 2468 in
2959 2428 3068 2467 uno
3095 2412 3189 2468 die
3216 2430 3232 2467 :
3256 2414 3304 2466 si
3323 2413 3483 2469 vellet
3503 2413 3649 2471 Deus

2054 2511 2236 2567 omnia
2261 2510 2539 2576 beneﬁcia,
2566 2507 2766 2580 quibus
2789 2520 2890 2561 nos
2920 2504 3160 2576 quotidie
3202 2504 3366 2559 afﬁcit
3388 2545 3403 2570 ,
3444 2505 3654 2574 improt-

2055 2602 2311 2658 dcntihus
2340 2601 2495 2657 nobis
2520 2608 2578 2656 et
2615 2598 3002 2660 nescientibus.
3055 2598 3109 2653 in
3154 2596 3389 2652 medium
3436 2594 3649 2659 aﬁ'errc,

2056 2711 2128 2751 ne
2172 2709 2236 2749 ea
2260 2694 2476 2765 quidem
2528 2706 2848 2749 enumerare
2883 2703 3187 2760 possemus.
3217 2690 3361 2755 Quod
3384 2687 3655 2743 daemones

2058 2786 2305 2842 feruntur
2331 2800 2427 2855 per
2455 2783 2599 2838 hunc
2627 2781 2847 2838 aerem?
2883 2789 3013 2850 quot
3039 2779 3278 2833 adversa
3325 2778 3655 2847 potestates?

2056 2878 2115 2935 Si
2141 2894 2270 2950 ergo
2289 2879 2369 2932 eis
2391 2876 2566 2932 solum
2597 2875 2932 2944 permitteret
2958 2871 3255 2929 terribilem
3302 2869 3451 2924 illum
3495 2884 3651 2924 suum

2060 2979 2115 3025 et
2138 2969 2464 3024 horrendum
2486 2975 2760 3036 aspectum
2777 2964 2932 3019 nobis
2954 2962 3261 3026 ostendere,
3280 2976 3457 3016 annon
3476 2973 3657 3016 mente

2059 3058 2498 3118 dimovercmur?
2537 3072 2715 3112 annon
2754 3054 3093 3127 periremus?
3117 3068 3296 3109 annon
3323 3055 3545 3109 omnino
3570 3051 3657 3106 in-

2061 3150 2385 3209 teriremus?
2424 3150 2551 3205 Hac
2576 3149 2754 3203 omnia
2783 3154 3128 3217 reputantes,
3169 3157 3270 3200 nec
3303 3160 3409 3198 non
3436 3153 3653 3214 peccata

2063 3256 2410 3315 quaecumque
2454 3241 2542 3296 vel
2589 3248 2802 3309 Sponte,
2833 3237 2921 3291 vel
2952 3236 3239 3291 inscientes
3283 3234 3654 3290 admiuimus‘

2062 3336 2214 3404 (nam
2243 3333 2347 3388 hoc
2369 3345 2581 3403 quoque
2612 3344 2717 3385 non
2747 3337 2829 3384 est
2860 3328 3083 3397 parium
3112 3324 3464 3395 reputantium
3494 3324 3661 3379 bene-

2064 3425 2265 3492 ﬁcium,
2290 3423 2433 3494 quod
2463 3437 2568 3477 non
2599 3421 2822 3492 singulis
2845 3419 3036 3475 diebus
3058 3419 3199 3473 Deus
3222 3427 3405 3472 nostra
3424 3416 3657 3470 ulcisca-

2064 3529 2154 3573 tur
2193 3514 2434 3587 delieta),
2470 3515 2765 3585 poterimus
2796 3512 2962 3566 Deum
2989 3510 3233 3580 diligere.
3261 3508 3488 3577 Quando
3516 3508 3659 3562 enim

2064 3606 2381 3678 cogitaveris
2411 3613 2541 3673 quot
2571 3612 2784 3672 peccata
2811 3600 3053 3671 quotidie
3092 3598 3409 3661 committis.
3432 3607 3488 3652 et
3531 3606 3664 3665 quot

2066 3699 2287 3769 singulis
2312 3698 2502 3752 diebus
2535 3696 2796 3751 bcnetioia
2826 3693 3053 3762 accipis,
3083 3700 3281 3763 quanta
3314 3692 3405 3745 Dei
3432 3690 3660 3745 lenitate

2066 3804 2120 3849 et
2143 3791 2430 3848 clementia
2457 3788 2668 3852 frueris,
2696 3797 2755 3841 et
2780 3785 2925 3856 quod
2944 3785 2995 3841 ei
3032 3785 3177 3839 Deus
3202 3784 3459 3837 mla-isset
3483 3780 3662 3851 (ututi.-

2065 3887 2154 3941 die
2174 3885 2243 3941 de
2264 3885 2376 3938 tuis
2403 3882 2636 3952 peccatis
2664 3893 2850 3949 ptenas
2874 3892 3086 3932 sumere
3108 3916 3125 3941 ,
3156 3891 3224 3930 ne
3260 3874 3410 3929 brevi
3445 3873 3659 3943 quidem

2070 3987 2310 4045 tempore
2334 3974 2584 4037 vixisses,
2609 3970 2792 4043 (prout
2822 3968 2951 4023 dicit
2975 3967 3232 4037 propheta
3250 3984 3267 4018 ε
3293 3965 3354 4020 Si
3374 3965 3663 4033 iniquitates

2070 4068 2424 4133 observaveris,
2471 4065 2720 4129 Domine,
2751 4061 2998 4125 Domine,
3027 4058 3137 4129 quis
3174 4056 3435 4113 sustitebit
3483 4054 3656 4129 [Ρωι.

2071 4163 2196 4222 129.
2226 4162 2359 4236 5]?)
2389 4160 2437 4215 ei
2480 4172 2607 4229 ages
2641 4156 2862 4227 gratias,
2893 4162 2949 4209 et
2994 4151 3125 4206 nihil
3165 4151 3270 4206 erit
3295 4150 3388 4205 tibi
3414 4164 3575 4220 grave
3600 4164 3665 4203 ac

2070 4255 2357 4311 molestum
2385 4265 2570 4307 eorum
2608 4263 2733 4319 qua:
2775 4244 3067 4301 acciderint
3119 4258 3133 4294 :
3180 4241 3280 4296 sed
3324 4240 3566 4305 videbis,
3608 4250 3666 4295 te

2310 4346 2589 4400 innumera
2616 4341 2773 4408 longe
2796 4338 3041 4408 graviora
3062 4333 3404 4396 accidissent,
3428 4330 3664 4387 nondum

2072 4448 2253 4495 tamen
2279 4436 2493 4491 dedisse
2528 4445 2713 4502 pennas
2737 4443 2872 4497 ηυδε
2908 4439 3187 4480 memoras
3214 4442 3226 4476 :
3254 4432 3312 4476 ct
3342 4423 3416 4477 ita
3445 4420 3667 4475 amictus

2074 4544 2324 4603 magnum
2346 4526 2612 4583 accendes
2636 4520 2963 4577 desiderium
2985 4559 3001 4582 ,
3030 4527 3085 4570 et
3110 4515 3313 4586 poteris
3328 4514 3515 4568 dicere
3538 4528 3665 4567 cum

2073 4625 2331 4695 propheta
2365 4638 2379 4674 :
2409 4615 2848 4687 Quemadmodum
2896 4610 3150 4664 desideret
3192 4622 3365 4660 cervus
3398 4607 3468 4660 ad
3499 4608 3661 4676 fontes

2073 4729 2357 4786 aquarum,
2392 4712 2470 4764 ita
2507 4707 2759 4763 desiderat
2808 4704 2981 4757 anima
3002 4717 3115 4755 mea
3142 4699 3211 4753 ad
3241 4710 3319 4757 te,
3365 4696 3525 4755 Deus.
3568 4697 3664 4752 Est

2072 4817 2250 4864 autem
2280 4818 2460 4873 operte
2488 4800 2713 4871 pretium
2742 4810 3004 4867 quaerere.
3035 4807 3262 4861 quantum
3284 4791 3351 4845 de
3374 4805 3535 4846 causa
3562 4788 3666 4842 hoc

2076 4903 2271 4958 animal
2304 4901 2364 4956 in
2402 4898 2636 4953 medium
2666 4892 2969 4948 adduxerit.
2998 4889 3200 4944 Cervus
3224 4895 3313 4940 est
3340 4883 3662 4945 sitibundus.

2077 5008 2135 5053 et
2152 4997 2275 5052 ideo
2299 4995 2602 5063 frequenter
2627 4988 2795 5043 currit
2816 4984 2881 5038 ad
2911 4983 3087 5038 fontes
3114 4993 3393 5051 aquarum.
3425 4977 3670 5031 Efﬁcitur

2077 5102 2255 5145 autem
2278 5084 2576 5143 si-tibundus
2600 5094 2653 5137 et
2674 5097 2701 5133 a
2727 5088 2933 5133 natura.
2958 5085 3013 5130 et
3038 5090 3105 5128 ex
3128 5089 3193 5127 oo
3210 5070 3359 5141 quod
3380 5078 3662 5137 serpentes

2079 5181 2360 5244 comedat,
2392 5189 2445 5232 ct
2482 5176 2698 5229 illorum
2729 5174 2900 5225 alatur
2924 5165 3261 5235 corporibus.
3308 5161 3453 5231 Ergo
3476 5171 3533 5213 tu
3557 5157 3667 5211 hoc

2080 5291 2291 5350 quoque
2313 5272 2401 5328 fac
2428 5288 2443 5325 :
2471 5277 2774 5347 serpentem
2802 5261 3182 5331 intelligihilem
3198 5257 3423 5313 comede
3446 5268 3672 5323 :pecea-

2082 5344 2369 5423 tum-humi
2413 5344 2724 5432 prosterno,
2766 5365 2821 5410 et
2842 5353 3045 5423 poteris
3070 5349 3220 5403 sitire
3260 5347 3353 5401 Dei
3379 5344 3666 5402 desiderio.

2081 5453 2539 5529 Quemadmodum
2565 5449 2708 5505 enim
2733 5445 2870 5500 mala
2891 5438 3216 5497 conscientia
3236 5435 3403 5492 efﬁcit
3430 5449 3531 5490 nos
3554 5448 3672 5488 sor-

2083 5527 2257 5618 didos,
2275 5559 2330 5605 et
2356 5545 2573 5601 adducit
2602 5555 2700 5597 nos
2723 5540 2788 5594 ad
2812 5533 3241 5604 desperationem
3265 5546 3280 5583 :
3313 5532 3405 5591 ita,
3422 5527 3469 5581 si
3489 5541 3668 5581 nostra

2148 5688 2163 5710 ‘
2195 5682 2313 5738 Hic,
2334 5681 2465 5731 teste
2487 5673 2674 5729 Savilio,
2698 5672 2748 5720 in
2772 5666 2949 5738 Codice
2972 5661 3121 5738 Regio
3142 5662 3290 5738 faris;
3300 5658 3669 5738 legiturlqut'a-

2097 5718 2823 5809 cum‘éiié’siBTuE.'§tizTéitiiqua
2846 5718 3118 5791 ignorantis:
3139 5718 3671 5785 beneﬁcia‘accipintus,

392 5826 450 5884 ε.
476 5826 594 5883 ξοδ.
627 5825 691 5881 Et
715 5838 782 5880 ne
802 5822 891 5876 hic
917 5818 1130 5886 quidem
1160 5814 1420 5879 constitit,
1450 5811 1546 5867 sed
1579 5826 1646 5867 ex
1677 5818 1768 5865 tua
1798 5810 1987 5861 natm‘a
2091 5811 2137 5857 et
2154 5805 2343 5870 peccata
2363 5805 2541 5852 nostra.
