4030 6414
494 346 600 401 165

485 473 700 532 peccata
729 459 874 516 humi
902 457 1363 530 prostraverimus,
1387 453 1431 508 si
1454 449 1844 521 improbitatem
1869 465 2072 520 expur-

1225 337 1282 394 S.
1322 333 1598 393 JOANNIS
1631 332 2109 391 CHRYSOSTOMI
2145 330 2464 390 ARCIIIEP.
2505 334 3043 392 CONSTANTINOP.
3652 349 3738 402 liii

2187 463 2248 504 ea
2279 450 2544 518 patiantur
2571 461 2789 520 promer
2807 466 2929 505 eum
2957 467 3113 521 quem
3137 451 3378 523 diligunt.

482 557 810 627 gaverimus,
841 552 1134 623 poterimus
1162 547 1428 616 respicere
1454 543 1522 600 ad
1545 541 1820 614 spirituale
1857 540 2074 597 deside-
2103 561 2158 571 κ-
2253 540 2307 598 6.
2329 542 2589 610 Quocirca
2613 543 2806 598 Paulus
2827 560 3197 614 quoque,cum
3219 558 3361 602 esset
3383 548 3434 603 in
3452 550 3744 620 quotidiani:

484 651 648 715 rium,
697 663 818 703 eum
863 657 1052 714 magna
1080 641 1242 695 animi
1271 639 1548 693 alacritate
1575 637 1741 691 Deum
1768 648 1983 698 vocare,
2019 642 2075 688 et

485 740 939 796 vehementiorem
964 749 1202 790 amorem
1219 731 1538 797 accendere,
1563 745 1663 785 nec
1679 728 1858 783 verbis
1877 728 2071 792 solum,

485 830 580 886 sed
609 830 768 884 etiam
798 827 950 883 factis
978 826 1081 880 hoc
1109 837 1426 894 responsum
1447 821 1746 876 succinere.
1789 819 2072 888 Propterea

485 927 628 979 enim
675 921 910 991 psalmos
955 918 1108 973 nobis
1137 916 1334 972 cecinit
1380 915 1468 970 ille
1510 914 1736 977 beatus,
1767 910 1853 966 vel
1899 912 2076 982 potius

483 1013 653 1084 gratia
683 1012 913 1081 Spiritus
935 1050 953 1074 ,
1006 1024 1112 1063 non
1157 1017 1214 1061 ut
1238 1006 1399 1062 verba
1427 1013 1629 1060 tantum
1658 1004 1933 1068 dicamus,
1976 1001 2072 1057 sed

485 1120 581 1160 eos
609 1103 764 1159 factis
790 1117 1002 1172 quoque
1034 1099 1373 1154 meditemur.
1421 1097 1498 1152 Ne
1534 1111 1662 1166 ergo
1709 1094 1983 1150 existimes
2025 1103 2078 1148 te

487 1204 764 1265 propterea
793 1193 899 1246 huc
920 1191 1146 1262 ingredi,
1178 1198 1235 1244 ut
1261 1189 1420 1244 verba
1456 1197 1659 1242 tantum
1689 1187 1866 1250 dicas,
1899 1184 1992 1240 sed
2020 1193 2079 1238 ut

485 1286 705 1354 quando
754 1283 1025 1346 succinis,
1076 1295 1391 1349 responsum
1441 1278 1569 1334 illud
1617 1287 1768 1348 pacta
1811 1289 2076 1331 conventa

487 1393 610 1432 esse
635 1377 929 1431 arbitreris.
955 1373 1177 1440 Quando
1197 1373 1338 1427 enim
1369 1370 1569 1426 dixeris
1597 1387 1610 1424 :
1639 1367 2077 1436 Quemadmodum

487 1470 741 1525 desiderat
771 1485 943 1522 cervus
972 1467 1039 1520 ad
1066 1467 1229 1534 fontes
1253 1480 1522 1534 aquarum,
1546 1463 1616 1516 ita
1638 1461 1887 1515 desiderat
1907 1461 2080 1514 animo

488 1579 602 1617 mea
626 1563 694 1615 ad
717 1571 786 1625 te,
815 1560 953 1614 Deus
982 1575 1000 1613 :
1038 1574 1159 1612 cum
1188 1559 1297 1612 Deo
1341 1564 1548 1625 pactum
1591 1553 1788 1617 fecisti,
1820 1553 2078 1623 scripsisti

489 1654 847 1727 syngrapham
872 1654 1075 1721 absque
1100 1650 1285 1705 charta
1324 1659 1380 1703 et
1410 1655 1709 1702 atramento
1728 1687 1744 1714 ,
1777 1661 1907 1700 voce
1951 1660 2078 1712 pro-

490 1749 662 1804 fessus
708 1760 759 1803 te
801 1749 973 1816 ipsum
1017 1745 1238 1815 diligere
1276 1744 1394 1813 plus
1431 1741 1712 1808 omnibus,
1759 1750 1816 1795 et
1856 1740 1988 1808 nihil
2028 1740 2079 1794 ei

491 1840 768 1911 praeferre,
797 1838 1021 1907 ejusque
1047 1851 1230 1890 amore
1255 1834 1466 1889 ardere.
1492 1833 1546 1889 Si
1571 1848 1700 1902 ergo
1732 1847 1981 1902 egressus
2005 1833 2079 1886 vi-

487 1931 635 1986 deris
666 1929 954 1984 formosam
990 1926 1222 1996 aliquam
1263 1933 1319 1980 et
1355 1924 1677 1995 impudicam
1719 1923 1994 1978 mulierem
2030 1932 2082 1977 te

491 2023 854 2086 inescautem,
889 2027 946 2073 et
973 2017 1041 2072 ad
1067 2017 1148 2072 sui
1179 2031 1416 2070 amorem
1447 2015 1800 2086 pellicieutem
1825 2057 1840 2080 ,
1869 2014 1956 2070 dic
1980 2015 2028 2068 ei
2062 2031 2076 2067 :

491 2113 607 2169 Non
635 2127 854 2184 possum
884 2119 936 2164 te
972 2108 1154 2179 sequi,
1185 2123 1307 2164 cum
1336 2108 1446 2162 Deo
1475 2117 1686 2177 pactum
1713 2108 1831 2174 feci,
1860 2117 1916 2162 et
1942 2123 2081 2176 prm-

489 2208 729 2263 seutibus
753 2205 1026 2271 fratribus,
1051 2203 1440 2268 sacerdotibus,
1455 2202 1782 2266 doctoribus,
1808 2201 2084 2270 professus

487 2313 608 2354 sum
637 2308 691 2354 et
718 2298 937 2369 promisi
965 2313 1060 2366 per
1077 2310 1395 2366 reaponsum
1423 2294 1580 2360 illud,
1624 2309 1711 2349 me
1738 2308 1860 2348 eum
1897 2293 1967 2347 ita
1998 2293 2082 2346 di-

491 2392 678 2461 ligere,
713 2389 1149 2456 Quemadmodum
1178 2388 1428 2443 desiderat
1456 2403 1631 2440 ceruus
1653 2386 1724 2439 ad
1745 2389 1910 2454 fontes
1925 2403 2084 2455 aqua-

490 2499 625 2537 rum.
671 2482 871 2536 Vereor
899 2491 1049 2550 pacta
1090 2488 1347 2534 conventa
1374 2477 1707 2549 transgredi,
1748 2477 1893 2532 illum
1922 2493 2082 2532 unum

491 2576 750 2644 deinceps
773 2589 1015 2627 amorem
1043 2571 1289 2626 meditor.
1309 2570 1364 2627 Si
1389 2571 1582 2632 videris
1601 2579 1877 2641 argentum
1895 2570 1947 2624 in
1967 2569 2084 2627 foro

488 2670 650 2725 situm
673 2711 688 2734 ,
719 2677 809 2722 aut
836 2675 1012 2720 vestes
1036 2680 1225 2720 aureas
1242 2707 1257 2730 ,
1286 2664 1420 2718 alios
1457 2664 1690 2733 gloriose
1730 2662 2040 2718 incedentes
2064 2705 2079 2729 ,

489 2756 716 2827 stipatos
743 2753 969 2817 famulis,
1001 2761 1054 2805 ct
1084 2751 1338 2806 habentes
1363 2765 1530 2820 equos
1556 2749 1719 2804 frenis
1753 2750 1952 2804 auratis
1971 2790 1987 2815 ,
2017 2765 2085 2804 ne

491 2856 546 2902 te
571 2853 782 2901 moveat
810 2845 895 2899 illa
925 2858 1142 2916 pompa,
1169 2841 1262 2897 sed
1297 2840 1388 2895 tibi
1416 2856 1598 2896 rursus
1628 2851 1853 2907 cane,et
1878 2840 2084 2894 dictum

489 2943 684 2993 animae
717 2955 729 2990 :
760 2937 927 2991 Paulo
955 2946 1080 2988 ante
1101 2934 1392 2989 cecinimus
1417 2972 1435 2999 ,
1485 2931 1923 2998 Quemadmodum
1947 2933 2084 2986 desi-

485 3035 636 3086 derat
668 3047 844 3084 cervus
889 3029 957 3082 ad
996 3032 1159 3096 fontes
1193 3042 1476 3095 aquarum,
1515 3028 1589 3079 ita
1631 3025 1879 3079 desiderat
1913 3026 2085 3080 anima

491 3141 604 3178 utea
631 3123 699 3176 ad
726 3132 792 3185 te,
824 3121 1001 3184 Deus;
1027 3130 1081 3175 et
1105 3119 1245 3189 quod
1273 3119 1530 3188 scriptum
1559 3124 1642 3172 cst
1657 3117 1812 3172 nobis
1836 3116 2085 3171 attribui-

489 3229 633 3280 mus,
666 3213 827 3282 idque
851 3223 1091 3266 nostrum
1122 3226 1242 3266 esse
1267 3211 1507 3266 fecimus.
1533 3209 1672 3264 Nihil
1692 3225 1819 3280 ergo
1843 3224 2086 3266 amemus

488 3321 678 3361 eorum
708 3320 827 3374 quae
855 3304 922 3356 ad
953 3302 1090 3357 hanc
1115 3302 1276 3355 vitam
1304 3302 1590 3370 pertinent,
1615 3309 1673 3354 ut
1694 3301 1784 3354 ille
1805 3317 1958 3354 amor
1983 3317 2085 3355 no-

492 3397 574 3450 bis
603 3408 766 3463 purus
793 3401 1006 3446 maneat
1031 3400 1087 3445 et
1109 3390 1336 3460 integer,
1362 3398 1418 3444 et
1442 3406 1509 3444 ne
1547 3389 1749 3444 divisus
1798 3389 1888 3443 fiat
1914 3390 2083 3445 imbe-

490 3489 681 3542 cillior.
708 3486 800 3541 lla:
826 3485 1022 3539 divitim
1040 3498 1228 3537 omnes
1249 3483 1482 3547 divitias,
1510 3497 1722 3536 omnem
1751 3481 2084 3548 thesaurum,

490 3593 706 3633 omnem
727 3577 973 3648 gloriam,
1003 3589 1218 3629 onmem
1239 3573 1706 3638 existimationem,
1733 3587 1947 3627 omnem
1971 3574 2089 3628 cla-

495 3670 708 3724 ritatem
757 3668 912 3722 nobis
955 3665 1135 3735 largiri
1187 3671 1458 3734 poterunt.
1500 3663 1604 3717 Eas
1631 3663 1990 3728 obtineamus,
2032 3673 2088 3718 et

492 3761 636 3816 nulla
667 3775 728 3814 re
761 3759 863 3814 alia
894 3757 1191 3828 egebimus.
1220 3755 1277 3810 Si
1302 3755 1446 3809 enim
1476 3754 1564 3823 qui
1613 3753 1754 3822 turpi
1792 3768 1979 3808 amore
2008 3761 2089 3808 te-

492 3861 709 3911 nentur,
728 3860 781 3906 et
798 3850 1024 3918 alicujus
1043 3848 1250 3918 puellae,
1264 3861 1408 3915 saepe
1421 3847 1580 3900 etiam
1599 3843 1876 3910 deformis,
1894 3844 2086 3898 ardore

493 3942 890 4005 incenduntur,
925 3955 1023 3994 nec
1067 3949 1348 4008 parentum
1397 3937 1590 3999 minas,
1644 3950 1743 3990 nec
1790 3936 2084 3990 amicorum

491 4034 768 4096 convicia,
823 4045 923 4086 nec
967 4030 1194 4084 aliorum
1243 4027 1532 4082 multorum
1576 4027 1847 4098 quidpiam
1892 4037 2084 4083 curant

493 4123 988 4194 reprehensionem,
1033 4120 1128 4176 sed
1173 4119 1239 4174 ad
1289 4120 1433 4173 illam
1477 4129 1743 4190 tamquam
1770 4120 1838 4174 ad
1863 4134 2085 4189 scopum

494 4215 798 4277 tendentes,
829 4223 884 4268 et
910 4212 1128 4267 domum
1151 4211 1471 4281 despiciunt,
1499 4221 1554 4266 et
1575 4222 1851 4281 paternam
1873 4212 2088 4268 heredi-

491 4315 697 4372 tatem,
747 4305 974 4376 gloriam
1028 4312 1085 4357 et
1143 4301 1628 4368 existimationem,
1684 4307 2087 4375 amicorumque

489 4398 892 4454 adhortationes
941 4402 1331 4461 contemnunt,
1373 4395 1703 4452 mstimantes
1750 4411 1810 4451 se
1839 4413 2083 4467 magnam

493 4489 692 4544 habere
717 4489 858 4542 circa
887 4487 1007 4544 haec
1032 4489 1209 4542 omnia
1237 4487 1680 4552 consolationem,
1709 4488 1753 4542 si
1778 4489 1917 4558 apud
1946 4489 2086 4543 ami-

491 4595 611 4634 cam
645 4590 846 4634 tantum
879 4582 930 4636 in
976 4581 1147 4652 pretio
1173 4588 1230 4634 et
1258 4580 1464 4633 honore
1507 4577 1724 4646 fuerint,
1774 4579 1900 4636 licet
1940 4580 2084 4648 vilis,

494 4671 722 4736 famosa,
753 4679 814 4726 et
839 4686 1192 4741 quaecumque
1221 4686 1284 4724 ea
1305 4670 1501 4725 fuerit:
1534 4670 1624 4740 qui
1655 4671 1820 4726 Deum
1842 4680 1900 4725 ut
1927 4685 2090 4740 opor-

495 4770 574 4817 tet
596 4762 843 4831 diligunt,
875 4762 1176 4817 sentientne
1199 4777 1447 4832 umquam
1472 4779 1591 4832 qua:
1617 4773 1742 4817 sunt
1763 4763 1903 4817 inter
1923 4762 2090 4818 homi-

494 4871 595 4912 ues
618 4862 711 4909 aut
737 4854 1015 4924 praeclara,
1043 4864 1134 4909 aut
1154 4854 1418 4910 molesta?
1441 4854 1550 4910 Nec
1570 4857 1846 4924 praesentis
1868 4857 2086 4927 quidem

493 4949 617 5002 vita:
645 4961 892 5016 pompam
915 4945 1335 5015 apprelieudcnt.
1368 4955 1428 5000 ut
1453 4947 1544 5017 qui
1572 4947 1638 5001 ad
1668 4947 1815 5002 illum
1846 4963 2085 5004 amorem

487 5039 806 5108 dirigantur,
839 5036 933 5092 sed
955 5052 1168 5090 omnem
1197 5037 1447 5092 ridebunt
1467 5039 1899 5108 prosperitatem,
1918 5048 1970 5094 et
2000 5055 2086 5094 res

489 5148 679 5188 omines
706 5131 962 5187 adversus
988 5140 1333 5186 contemnent
1355 5171 1372 5197 ,
1411 5141 1468 5184 ut
1493 5133 1581 5202 qui
1612 5132 1719 5185 sint
1747 5131 1946 5202 alligati
1993 5132 2085 5186 Dei

491 5223 798 5287 desiderio,
831 5233 884 5278 et
930 5223 1059 5276 nihil
1088 5222 1232 5276 aliud
1273 5231 1496 5276 cernant
1542 5231 1896 5293 praeterquam
1939 5224 2086 5278 illum

497 5317 694 5381 solum,
723 5325 778 5370 et
802 5332 926 5371 eum
952 5332 1170 5385 semper
1198 5318 1465 5386 cogitent,
1510 5325 1565 5370 et
1597 5330 1656 5371 se
1695 5331 1815 5372 esse
1841 5317 2087 5373 onmibus

495 5405 760 5460 beatiores
799 5407 1126 5463 existiment.
1185 5407 1334 5463 Licet
1374 5406 1429 5461 in
1469 5417 1822 5477 paupertate,
1867 5409 1991 5465 licet
2033 5411 2085 5464 in

499 5498 813 5563 ignominia,
844 5496 969 5554 licet
997 5501 1048 5553 iu
1081 5501 1322 5566 vinculis,
1358 5501 1481 5556 licet
1510 5501 1562 5556 in
1593 5501 1988 5568 afﬂictionibus,
2017 5505 2086 5556 li-

497 5596 583 5640 cet
610 5589 714 5641 siut
734 5591 784 5642 in
807 5591 1062 5645 extremis
1083 5593 1234 5647 malis
1268 5610 1282 5646 :
1313 5594 1364 5647 in
1392 5594 1642 5648 omnibus
1667 5609 1785 5664 qua;
1813 5594 2090 5663 patiuntur

498 5676 883 5737 existimabunt
910 5700 969 5737 se
983 5684 1215 5739 melioris
1232 5701 1349 5740 esse
1369 5687 1706 5751 conditionis,
1729 5703 1886 5757 quam
1910 5704 2086 5758 reges,

500 5765 866 5828 admirabilem
898 5775 1180 5842 quamdam
1199 5777 1458 5834 habentes
1471 5781 1914 5848 consolationem,
1944 5784 2085 5852 quod

2183 633 2475 698 mortibus,
2506 635 2556 688 in
2584 635 2919 701 carceribus,
2949 637 3002 690 in
3033 636 3322 708 naufragiis
3341 681 3356 703 ,
3389 640 3438 695 in
3467 641 3741 699 solitudini-

2183 726 2315 790 bus,
2350 727 2400 780 in
2431 725 2656 796 ﬂagellis
2679 767 2694 793 ,
2728 728 2780 782 in
2811 727 3282 785 innumerabilibus
3311 731 3427 788 aliis
3459 735 3740 805 suppliciis,

2183 816 2448 887 gaudebat
2469 857 2483 880 ,
2517 818 2815 874 exsultabat
2837 830 2892 872 et
2919 820 3246 889 gloriabatur
3291 823 3380 892 (2.
3413 821 3525 878 Cor.
3555 825 3636 880 ll.
3661 827 3749 882 33-

2182 907 2284 978 27)
2318 925 2332 964 :
2365 918 2420 962 et
2450 923 2590 961 nunc
2617 909 2829 980 quidem
2861 910 3071 966 dicebat
3104 931 3116 964 :
3149 911 3274 966 Non
3313 915 3474 970 solum
3516 927 3670 971 autem
3706 922 3749 973 in

2183 1015 2272 1068 spe
2312 1000 2489 1068 gloriae
2530 997 2658 1065 Dei,
2701 1001 2789 1054 sed
2835 1003 2985 1055 etiam
3026 1002 3305 1074 gloriamur
3342 1006 3393 1058 in
3431 1007 3753 1076 aﬂlictionibns

2187 1090 2370 1160 (Rom.
2401 1091 2454 1146 5.
2486 1090 2541 1144 2.
2575 1092 2630 1161 5)
2655 1108 2670 1155 ς
2699 1108 2841 1146 nunc
2871 1105 3050 1148 autem
3080 1110 3266 1151 rursus
3293 1111 3310 1151 :
3340 1095 3543 1152 Gaudeo
3570 1101 3618 1153 in
3646 1117 3747 1167 pus-

2183 1180 2428 1247 siouibus,
2454 1190 2503 1234 et
2527 1183 2778 1251 adimpleo
2802 1200 2916 1256 qua:
2939 1185 3116 1239 desunt
3144 1188 3486 1257 aﬂiictiouibus
3511 1189 3684 1245 Christi
3708 1194 3753 1246 in

2183 1289 2336 1328 carne
2363 1291 2474 1328 mea
2503 1274 2720 1343 (Coloss.
2757 1280 2806 1332 ί.
2837 1277 2962 1349 24);
2990 1288 3045 1334 et
3069 1283 3290 1350 gratiam
3315 1297 3430 1336 eam
3462 1300 3569 1338 rem
3594 1297 3752 1352 vorat,

2185 1365 2255 1418 ita
2281 1367 2545 1421 confitens
2577 1376 2632 1422 et
2659 1367 2844 1423 dicens
2874 1387 2888 1424 ε
2921 1369 3082 1424 Nobis
3116 1375 3186 1424 ita
3219 1374 3375 1442 gratis
3401 1391 3432 1426 a
3458 1374 3649 1430 Christo
3669 1380 3753 1431 do-

2185 1467 2360 1510 natum
2379 1467 2472 1524 est,
2501 1470 2557 1513 ut
2581 1476 2680 1514 non
2702 1462 2864 1515 solum
2881 1456 2934 1515 in
2955 1463 3118 1532 ipsum
3142 1466 3425 1534 credamus,
3448 1467 3536 1520 sed
3554 1480 3605 1521 at
3624 1471 3758 1522 etiam

2188 1567 2282 1617 pro
2309 1551 2421 1620 ipso
2458 1553 2714 1622 patiamur
2742 1553 2760 1623 (
2784 1552 3016 1625 Philipp.
3050 1557 3100 1610 1.
3133 1556 3202 1612 29
3220 1557 3260 1626 ).
3290 1558 3401 1614 Nos
3429 1575 3633 1630 quoque
3658 1572 3756 1616 stu-

2186 1640 2406 1696 deamus
2444 1658 2565 1698 esse
2606 1643 2796 1699 eodem
2839 1650 3019 1700 animo
3042 1689 3057 1712 ,
3089 1657 3144 1702 et
3170 1663 3357 1704 omnes
3385 1667 3504 1721 qua:
3543 1652 3758 1708 incidunt

2188 1734 2461 1789 molestias
2482 1776 2496 1798 ,
2529 1735 2734 1806 placide
2763 1747 2818 1792 et
2849 1738 3092 1796 lubenter
3120 1741 3370 1797 feramus.
3405 1744 3567 1801 Ferre
3597 1755 3757 1802 autem

2189 1826 2482 1892 poterimus
2500 1866 2516 1893 ,
2546 1827 2591 1882 si
2629 1827 2796 1882 Deum
2825 1829 2895 1884 ita
2921 1832 3310 1899 amaverimus,
3339 1844 3397 1888 ut
3421 1837 3616 1890 amavit
3650 1854 3760 1906 prn-

2190 1918 2368 1988 pheta.
2396 1919 2512 1975 Non
2541 1921 2717 1977 solum
2743 1925 2887 1978 enim
2912 1941 2977 1980 ex
3010 1941 3267 1997 responso
3289 1929 3381 1983 illo
3405 1930 3520 2001 ejus
3543 1946 3761 1986 amorem

2189 2012 2370 2067 videre
2396 2028 2698 2082 possumus,
2722 2017 2813 2071 sed
2841 2018 3002 2072 etiam
3025 2034 3090 2074 ex
3115 2021 3193 2074 eis
3217 2036 3337 2090 quae
3363 2034 3761 2093 consequuntur.

2187 2101 2321 2156 Cum
2370 2104 2512 2159 enim
2554 2104 2778 2161 dixisset
2811 2126 2823 2160 :
2856 2108 3294 2175 Quemadmodum
3333 2114 3582 2168 desiderat
3608 2133 3764 2170 cert-as

2189 2195 2257 2248 ad
2277 2200 2442 2264 [antes
2460 2214 2727 2266 aquarum,
2754 2202 2826 2253 ita
2851 2201 3099 2255 desiderat
3119 2203 3290 2257 anima
3314 2222 3426 2258 mea
3451 2207 3519 2258 ad
3538 2216 3602 2271 te,
3623 2205 3761 2268 Deus,

2189 2288 2463 2357 subjuuxit
2485 2289 2667 2346 dicens
2693 2308 2705 2344 :
2728 2291 2782 2345 3.
2809 2291 2979 2346 Sitivit
3003 2293 3173 2347 animo
3197 2311 3308 2348 utea
3333 2298 3402 2348 ad
3423 2295 3584 2350 Deum
3603 2297 3765 2366 fortem

2190 2381 2356 2436 vivum
2385 2398 2404 2436 :
2427 2383 2631 2453 quando
2665 2384 2860 2437 veitiain
2898 2393 2942 2438 et
2980 2385 3232 2456 apparebo
3272 2399 3391 2443 ante
3430 2390 3608 2459 facient
3645 2388 3766 2442 Dei!

2191 2473 2306 2528 Non
2339 2473 2472 2529 dixit
2498 2492 2513 2530 :
2541 2475 2749 2530 Amavit
2779 2477 2956 2531 anima
2987 2493 3103 2532 mea
3135 2477 3301 2533 Deum
3327 2480 3507 2534 vivum
3531 2519 3546 2545 ,
3574 2496 3731 2549 neque
3750 2522 3762 2542 ,

2192 2565 2387 2620 Dilexit
2426 2569 2600 2620 anima
2649 2583 2768 2622 mea
2811 2567 2974 2622 Deum
3017 2567 3196 2623 vivum
3225 2585 3240 2624 :
3273 2569 3368 2624 sed
3397 2579 3458 2625 ut
3482 2571 3767 2626 05tendcret

2189 2655 2456 2724 allectum,
2490 2673 2729 2713 amorem
2771 2659 2914 2714 sitim
2947 2660 3180 2726 vocavit,
3212 2661 3369 2717 ambo
3402 2663 3556 2718 nobis
3580 2663 3766 2734 signifi-

2189 2763 2320 2805 cans
2339 2791 2353 2814 ,
2385 2759 2439 2804 et
2467 2751 2715 2806 ardorem
2745 2752 2944 2806 amoris
2963 2794 2979 2818 ,
3007 2762 3063 2807 et
3085 2753 3325 2823 ejusdem
3355 2758 3764 2825 perpetuitatem.

2192 2839 2653 2908 Quemadmodum
2681 2843 2824 2898 enim
2852 2844 2942 2913 qui
2973 2845 3186 2908 sitiunt,
3217 2861 3324 2900 non
3354 2845 3462 2901 hoc
3491 2847 3544 2901 in
3573 2860 3672 2901 uno
3693 2846 3769 2899 die

2193 2933 2486 3006 patiuntur,
2511 2943 2566 2988 et
2592 2933 2818 3001 duobus,
2852 2945 2907 2990 et
2932 2937 3124 3001 tribus,
3150 2937 3242 2991 sed
3285 2951 3379 3006 per
3408 2947 3573 2993 totam
3603 2939 3765 2997 vitam.

2193 3024 2261 3080 ad
2303 3023 2407 3080 hoc
2436 3039 2536 3080 nos
2559 3024 2787 3082 ducente
2814 3037 2998 3081 natura
3032 3043 3048 3082 :
3077 3027 3146 3081 ita
3175 3033 3335 3083 etiam
3367 3029 3556 3085 beatus
3585 3029 3666 3084 ille
3689 3072 3700 3094 ,
3725 3039 3770 3081 et

2192 3131 2380 3172 omnes
2410 3117 2601 3184 sancti,
2631 3133 2739 3172 non
2765 3133 2870 3172 uno
2896 3118 3071 3172 solum
3099 3118 3186 3173 die
3213 3119 3431 3174 fuerunt
3455 3122 3508 3176 iu
3533 3136 3771 3190 compun-

2191 3211 2370 3264 ctione
2392 3249 2407 3274 ,
2439 3209 2577 3264 sicut
2601 3208 2754 3264 nmlti
2781 3209 3024 3264 homines
3047 3250 3064 3276 ,
3093 3225 3193 3265 nec
3221 3211 3431 3267 duobus
3451 3253 3468 3277 ,
3496 3227 3596 3268 nec
3621 3211 3770 3267 trilms

2194 3302 2333 3372 (hoc
2360 3301 2502 3357 enim
2531 3315 2637 3356 non
2665 3311 2808 3356 esset
2836 3302 3164 3373 mirandum)
3187 3345 3201 3366 ,
3235 3303 3328 3358 sed
3357 3304 3576 3360 assidue
3601 3315 3652 3361 et
3676 3305 3772 3358 siu-

2191 3397 2329 3465 gulis
2366 3396 2556 3451 diebus
2588 3395 2836 3466 religiose
2863 3411 3046 3452 amare
3073 3398 3492 3466 perseverabant
3513 3440 3527 3462 ,
3556 3408 3610 3454 et
3634 3413 3770 3451 amo-

2193 3503 2304 3543 rem
2336 3489 2618 3558 augebant.
2649 3487 2800 3554 Quod
2833 3488 3046 3558 quidem
3085 3491 3200 3559 ipse
3235 3506 3452 3561 quoque
3489 3491 3773 3562 significatus

2192 3579 2402 3634 dicebat
2434 3597 2447 3633 :
2479 3579 2649 3634 Sitivit
2692 3579 2865 3632 anima
2901 3596 3012 3634 utea
3050 3579 3118 3633 ad
3159 3579 3325 3635 Deum
3365 3584 3550 3652 fortem
3587 3583 3768 3643 rivum,

2191 3671 2349 3725 simul
2390 3681 2444 3725 et
2479 3685 2693 3726 causam
2724 3671 2910 3726 volens
2946 3671 3126 3728 dicere
3149 3715 3164 3739 ,
3194 3683 3250 3726 ut
3289 3689 3382 3742 per
3416 3683 3471 3728 te
3506 3673 3735 3730 ostendat
3757 3712 3771 3735 ,

2191 3762 2463 3832 quomodo
2491 3765 2612 3833 quis
2640 3764 2808 3818 Deum
2839 3766 2918 3819 sic
2943 3780 3125 3821 amare
3167 3767 3353 3836 possit.
3385 3767 3500 3822 Hoc
3523 3768 3661 3822 enim
3688 3768 3772 3820 de.

2191 3854 2410 3908 claravit
2437 3870 2532 3923 per
2555 3869 2615 3908 ea
2641 3871 2760 3924 qua:
2787 3865 3102 3924 sequuntur,
3131 3873 3251 3910 cum
3278 3856 3414 3912 dixit
3441 3877 3454 3911 :
3485 3859 3654 3914 Sitivit
3677 3858 3775 3909 rmi-

2191 3965 2277 4000 ma
2307 3965 2419 4000 mea
2442 3947 2510 4000 ad
2539 3946 2704 4001 Deum
2725 3990 2742 4014 ,
2769 3958 2824 4002 et
2852 3948 3121 4018 subjuugit
3158 3948 3333 4003 Vivum
3355 3967 3374 4003 :
3402 3950 3772 4023 propemodum

2192 4037 2424 4093 suadens
2446 4047 2502 4092 et
2530 4038 2829 4094 vociferans
2861 4039 3110 4094 omnibus
3145 4042 3234 4110 qui
3281 4043 3445 4097 rebus
3487 4043 3640 4112 hujus
3663 4043 3774 4096 vita:

2193 4127 2403 4203 inhiant
2428 4146 2442 4183 :
2466 4128 2605 4195 Quid
2631 4128 2683 4182 in
2707 4143 2931 4198 corpora
2959 4130 3238 4185 insanitis?
3258 4131 3381 4201 quid
3408 4148 3632 4203 corpora
3650 4147 3774 4185 aina-

2194 4197 2307 4273 tis‘i
2328 4217 2454 4287 quid
2496 4219 2719 4288 gloriam
2749 4197 3108 4274 desideratis?
3131 4221 3258 4292 quid
3278 4197 3663 4294 concupiscitis
3687 4239 3775 4274 vn-

2196 4309 2486 4378 luptatem?
2531 4309 2672 4365 Nihil
2706 4326 2893 4366 eorum
2931 4322 3109 4366 manet
3137 4324 3190 4367 et
3215 4314 3343 4368 vivit
3369 4327 3659 4385 perpetrm,
3689 4312 3774 4368 scd

2193 4401 2384 4457 difﬂuit
2411 4411 2466 4458 et
2493 4404 2726 4473 prietcrit
2744 4445 2756 4468 ,
2785 4415 2840 4459 et
2865 4413 2949 4459 est
2977 4406 3164 4460 umbra
3191 4407 3396 4462 inanius
3414 4447 3430 4475 ,
3463 4409 3775 4476 somniisque

2121 4539 2134 4556 ,
2195 4493 2436 4552 fallacius
2460 4536 2474 4560 ,
2507 4509 2571 4548 ac
2595 4496 2751 4549 citius
2780 4512 2937 4566 quam
2968 4497 3116 4552 verni
3158 4498 3319 4555 ﬂores
3347 4501 3702 4570 corrumpitur
3728 4507 3776 4550 et

2193 4585 2394 4640 interit.
2426 4584 2618 4650 Quidni
2648 4587 2790 4640 enim
2821 4587 2978 4641 citius
3000 4588 3274 4664 corrumpi
3314 4589 3488 4644 dicam
3527 4599 3582 4645 et
3619 4589 3776 4644 inter-

2195 4675 2274 4731 ire
2293 4718 2307 4741 ,
2335 4691 2457 4731 cum
2487 4676 2588 4730 alia
2603 4677 2834 4746 .quidem
2876 4693 2975 4731 nos
3014 4678 3318 4749 relinquant
3344 4681 3504 4736 simul
3534 4695 3652 4736 eum
3683 4679 3774 4731 vita

2194 4767 2466 4836 praesenti,
2488 4767 2591 4822 alia
2614 4768 2773 4822 etiam
2799 4778 2924 4824 ante
2943 4768 3342 4826 dissolvantur?
3368 4770 3572 4827 Incerta
3593 4781 3672 4828 est
3697 4785 3779 4825 co-

2194 4873 2314 4913 rum
2345 4859 2634 4928 possessio,
2671 4859 2933 4916 instabilis
2957 4877 3143 4916 eorum
3174 4879 3302 4918 usus
3327 4871 3381 4919 et
3405 4864 3605 4933 fruitio,
3633 4865 3775 4919 velox

2191 4959 2278 5003 est
2303 4950 2526 5004 mutatio
2554 4967 2568 5003 :
2598 4951 2650 5004 in
2679 4951 2790 5005 Deo
2815 4962 2991 5008 autem
3018 4953 3146 5008 nihil
3174 4964 3257 5009 est
3279 4955 3564 5024 ejusmodi,
3589 4956 3680 5012 sed
3709 4956 3778 5008 vi-

2192 5042 2270 5095 vit
2294 5043 2507 5112 quidem
2539 5051 2596 5097 et
2624 5054 2804 5100 manet
2829 5055 3087 5114 perpetuo
3110 5087 3124 5110 ,
3164 5047 3360 5102 nullam
3402 5050 3778 5106 mutationem.

2197 5147 2294 5188 uec
2331 5133 2494 5188 ullam
2534 5137 2939 5190 conversionem
2981 5137 3299 5208 suscipiens.
3328 5139 3554 5195 Caducis
3579 5154 3702 5209 ergo
3731 5147 3778 5191 et

2195 5225 2582 5280 momentaneis
2607 5225 2810 5282 relictis
2828 5269 2845 5293 ,
2872 5242 2993 5282 eum
3020 5229 3110 5298 qui
3141 5238 3224 5284 est
3251 5240 3486 5285 mternus
3512 5244 3566 5286 et
3595 5245 3776 5303 perpe-

2195 5327 2317 5372 tuus
2343 5334 2604 5374 amemus.
2636 5318 2819 5390 Neque
2845 5321 2987 5375 enim
3021 5320 3134 5376 ﬁeri
3173 5332 3381 5391 potest,
3415 5333 3470 5377 ut
3509 5325 3597 5394 qui
3639 5324 3774 5378 illum

2194 5420 2357 5476 amat,
2389 5408 2594 5479 pudore
2622 5426 2872 5478 umquam
2902 5410 3205 5467 afﬁciatur:
3236 5412 3346 5468 lieri
3383 5428 3488 5468 nou
3532 5421 3703 5482 potest
3730 5419 3777 5464 ut

2194 5503 2263 5558 ab
2287 5519 2353 5559 eo
2379 5504 2588 5560 excidat
2615 5522 2627 5557 :
2657 5507 2771 5561 fieri
2800 5522 2906 5561 non
2940 5517 3115 5576 potest
3139 5518 3198 5563 ut
3221 5524 3285 5563 eo
3308 5525 3464 5580 quem
3493 5519 3656 5574 amat,
3687 5511 3771 5564 de-

2197 5596 2469 5651 stituatur.
2498 5596 2598 5666 Qui
2623 5607 2766 5652 amat
2791 5600 3045 5669 pecunias
3069 5643 3083 5664 ,
3111 5601 3194 5656 vel
3233 5611 3406 5656 morte
3432 5601 3737 5656 adveniente
3756 5637 3771 5660 ,

2198 5691 2278 5744 vel
2308 5691 2468 5745 etiam
2498 5699 2622 5745 ante
2651 5703 2878 5747 mortem
2909 5692 3141 5747 nudatur
3170 5694 3233 5748 iis
3260 5709 3380 5764 qua:
3403 5693 3685 5748 desiderat.
3716 5689 3767 5742 Ei

2197 5792 2410 5847 quoque
2445 5784 2534 5854 qui
2577 5794 2892 5853 praesentem
2921 5795 3060 5838 amat
3099 5785 3352 5853 gloriam,
3384 5789 3612 5858 idipsum
3643 5796 3774 5850 sepe
