4030 6440
282 350 379 410 l8?)

300 466 507 525 accidit.
539 469 869 543 Corporum
915 485 1092 529 autem
1138 471 1475 545 pulchritudo
1500 487 1646 543 saepe
1675 472 1738 526 iis
1764 514 1777 538 ,
1807 486 1929 543 qum

317 564 563 637 indicta
606 580 787 635 sunt,
831 568 1006 624 multo
1046 567 1201 624 citius
1240 566 1640 639 exstinguitur:
1671 576 1726 623 et
1753 566 1930 621 omnia

324 675 437 730 quae
467 658 536 713 ad
562 659 708 715 hanc
733 661 904 716 vitam
926 702 942 730 ,
968 669 1027 716 ut
1053 661 1219 715 semel
1245 659 1419 715 dicam
1439 701 1454 725 ,
1480 660 1778 729 pertinent,
1808 669 1935 715 sunt

330 752 523 810 caduca
548 762 607 809 et
636 765 1037 819 momentanea,
1065 768 1128 808 ac
1154 753 1461 822 priusquam
1489 751 1665 808 adsint
1682 762 1742 808 et
1770 766 1933 822 appa-

330 857 513 912 reant,
558 848 804 917 protinus
840 848 1110 904 resiliunt.
1155 846 1521 917 Spiritualium
1564 854 1741 901 autem
1780 861 1933 902 amor

328 951 520 995 contra
546 955 606 996 se
633 939 817 1003 habet,
849 940 1063 996 assidue
1090 940 1235 1011 viget
1256 948 1312 994 et
1339 938 1511 1004 ﬂoret,
1541 953 1647 994 non
1674 939 1822 994 novit
1847 953 1932 995 se-

334 1034 480 1086 nium
502 1072 519 1097 ,
552 1047 661 1086 non
696 1031 921 1101 suscipit
956 1038 1274 1087 vetustatem
1296 1072 1311 1097 ,
1344 1044 1444 1084 nec
1481 1030 1574 1086 ulli
1614 1030 1928 1093 mutationi,

328 1124 713 1190 conversioni,
740 1134 796 1180 et
835 1124 1146 1195 ignorantiae
1189 1123 1486 1178 futurorum
1516 1132 1601 1178 est
1630 1122 1927 1189 obnoxius;

335 1216 432 1270 sed
472 1215 563 1269 hic
600 1214 758 1270 etiam
790 1213 946 1280 juvat
976 1228 1070 1269 eos
1107 1213 1195 1284 qui
1235 1212 1543 1282 possident,
1568 1227 1669 1267 eos
1697 1212 1931 1283 undique

334 1306 501 1360 vallat
524 1346 541 1370 ,
562 1319 761 1374 eosque
782 1304 874 1375 qui
908 1320 974 1360 ex
1014 1304 1123 1357 vita
1152 1303 1509 1365 excesserint,
1539 1317 1645 1357 non
1676 1302 1926 1367 dimittit,

334 1396 433 1452 sed
462 1412 568 1451 una
592 1411 715 1450 cum
744 1396 848 1452 illis
875 1395 1258 1467 peregrinatur,
1288 1403 1344 1449 et
1373 1410 1474 1449 una
1501 1409 1622 1449 cum
1653 1395 1754 1449 illis
1783 1410 1930 1449 recc-

330 1491 447 1553 dit,
476 1499 532 1545 et
562 1490 690 1560 ipsis
713 1488 1059 1544 luminaribus
1082 1503 1177 1544 eos
1206 1488 1382 1543 reddit
1423 1488 1513 1542 illo
1539 1488 1626 1543 die
1650 1488 1926 1543 clariores.

328 1583 469 1651 Qua:
518 1582 733 1652 quidem
779 1583 956 1637 sciens
994 1596 1205 1651 quaque
1256 1581 1444 1634 beatus
1487 1580 1691 1644 David,
1738 1580 1788 1633 in
1835 1580 1927 1634 Dei

332 1688 524 1728 amore
554 1672 951 1742 perseveravit,
980 1684 1321 1739 amoremque
1351 1671 1490 1724 intus
1506 1671 1791 1725 continere
1822 1686 1927 1724 non

330 1766 621 1832 sustumit,
651 1764 745 1821 sed
767 1764 1105 1820 audientibus
1129 1764 1273 1819 omni
1300 1764 1510 1819 ratione
1538 1763 1714 1834 ignem
1744 1773 1929 1818 osten-

326 1858 466 1911 dere
480 1855 779 1921 mnendit,
798 1871 907 1926 quo
929 1856 1068 1910 intus
1088 1855 1330 1911 ardebat.
1354 1852 1486 1909 Cum
1508 1855 1651 1910 enim
1670 1854 1925 1910 dixisset:

332 1949 507 2000 Sitivit
538 1948 708 2002 (mima
746 1963 854 2000 mea
882 1946 950 1999 ad
981 1945 1145 2000 Deum
1171 1949 1352 2018 fortem
1370 1947 1543 2000 vivum
1568 1987 1582 2009 ,
1610 1945 1883 2014 subjuuxit
1905 1962 1923 1999 :

332 2039 562 2107 Quattdo
586 2038 782 2092 veniam
808 2047 855 2092 et
879 2038 1136 2107 apparebo
1159 2048 1277 2091 ante
1296 2038 1478 2107 {aciem
1511 2036 1604 2090 Dei
1624 2038 1651 2092 1'
1679 2037 1807 2093 Vide
1834 2053 1926 2092 ar-

330 2132 548 2184 dentem
577 2129 867 2196 hominem,
896 2129 1017 2186 vide
1050 2130 1454 2184 inﬂammatum.
1483 2129 1668 2186 Sciens
1698 2131 1838 2185 enim
1869 2145 1928 2186 se

326 2242 457 2278 carni
488 2224 610 2279 hinc
630 2225 939 2292 recesserit,
960 2239 1089 2280 eum
1118 2240 1238 2279 esse
1273 2224 1531 2289 visurum,
1562 2239 1629 2278 ne
1653 2234 1927 2293 exspectat

324 2318 551 2386 quidem
588 2316 899 2372 dilationem
929 2333 944 2371 :
975 2332 1285 2387 moramque
1310 2331 1419 2370 non
1463 2317 1686 2385 patitur,
1716 2315 1809 2372 sed
1843 2318 1928 2372 hic

323 2410 489 2463 nobis
510 2409 758 2479 spiritum
775 2408 1019 2465 ostendit
1041 2410 1416 2479 apostolicum.
1444 2408 1654 2464 Etenim
1684 2407 1772 2463 ille
1794 2424 1927 2479 quo-

325 2518 435 2573 que
476 2501 858 2573 itgemiscebat
895 2509 1110 2572 propter
1138 2500 1538 2569 diuturnitatem
1585 2500 1739 2570 hujus
1768 2516 1924 2571 pcre-

324 2594 669 2665 gtinationis.
704 2593 945 2663 ildipsum
982 2593 1102 2647 huic
1140 2608 1353 2663 quoque
1393 2593 1659 2647 usuveuit.
1698 2591 1767 2646 Et
1806 2590 1927 2645 ideo

327 2686 576 2750 dicebat,
617 2684 835 2750 Quando
870 2685 1065 2739 veniam
1093 2694 1140 2738 et
1165 2683 1421 2756 apparebo
1453 2692 1573 2739 ante
1608 2684 1791 2753 facient
1826 2681 1926 2738 Dei

328 2779 425 2849 (2.
459 2778 575 2832 Cor.
607 2778 662 2833 5.
686 2776 722 2831 Ξ
740 2776 805 2850 )‘I
835 2776 901 2831 Et
925 2778 970 2832 si
1002 2787 1145 2832 esset
1170 2776 1385 2847 quidem
1429 2776 1667 2846 privatus
1692 2775 1883 2846 aliquis
1905 2815 1921 2841 ,

326 2871 652 2939 humilisque
676 2878 735 2924 et
757 2870 1033 2939 abjectus,
1062 2879 1116 2924 et
1143 2870 1328 2924 vivens
1357 2870 1408 2924 in
1437 2878 1776 2940 paupertate,
1808 2884 1923 2923 ma-

324 2977 490 3035 guum
525 2962 742 3033 quidem
778 2971 924 3018 esset
966 2961 1049 3018 vel
1088 2962 1166 3017 sic
1194 2963 1354 3015 vitam
1386 2968 1712 3033 pucsentem
1738 2970 1923 3017 conte-

322 3069 513 3110 mnere
540 3072 554 3106 :
588 3053 684 3109 sed
720 3069 825 3109 non
863 3063 1007 3109 esset
1038 3054 1117 3108 ita
1162 3069 1409 3124 magnum
1432 3094 1446 3120 ,
1478 3063 1537 3107 ut
1571 3068 1714 3107 nunc
1741 3069 1922 3121 regem

324 3147 511 3203 videre
530 3147 698 3202 tantis
718 3146 992 3202 fruentem
1016 3146 1225 3203 deliciis
1242 3186 1257 3211 ,
1286 3155 1553 3215 tantaque
1579 3146 1762 3217 gloriae
1788 3161 1923 3201 eon-

324 3252 550 3303 sortem.
576 3240 991 3297 iuuumembiles
1010 3240 1260 3295 victorias
1279 3248 1691 3310 ctmsequntum,
1717 3240 1769 3294 in
1796 3240 1924 3294 mai-

326 3333 395 3386 tis
419 3332 580 3387 bellis
605 3332 862 3388 victorem
887 3332 1034 3386 omni
1058 3348 1123 3387 ex
1146 3342 1302 3401 parte
1322 3333 1551 3397 clarum,
1583 3332 1843 3403 insignem
1867 3341 1924 3387 et

322 3425 625 3489 illustrem;
652 3426 772 3480 tunc
810 3426 990 3481 munia
1020 3427 1276 3491 ἰπωι-ω,
1304 3427 1553 3500 divitias,
1577 3427 1840 3495 gloriam,
1870 3438 1923 3483 et

320 3531 512 3572 ontnes
538 3516 799 3583 delicias,
826 3516 895 3572 ad
914 3516 1092 3571 futura
1118 3526 1313 3573 autem-
1326 3519 1568 3588 aspirare
1593 3530 1647 3572 et
1667 3519 1877 3574 inhiare
1902 3537 1916 3575 :

321 3607 431 3662 hoc
451 3616 534 3663 est
557 3608 732 3678 magni
757 3607 1030 3679 cujusdam
1052 3618 1109 3663 et
1129 3609 1324 3664 excelsi
1351 3610 1533 3673 animi,
1566 3610 1666 3665 hoc
1690 3622 1775 3665 est
1800 3612 1919 3665 aui-

320 3716 424 3754 mm
456 3717 575 3770 qua:
604 3710 814 3756 tenetur
850 3701 1031 3756 studio
1068 3701 1374 3773 sipientiae,
1402 3711 1455 3758 et
1490 3703 1695 3759 cadesti
1733 3719 1919 3760 anmre

316 3808 449 3849 vere
474 3803 633 3864 capta
654 3805 759 3851 est.

390 3889 448 3942 7.
476 3888 612 3943 nam
639 3904 737 3945 nos
760 3905 973 3960 quoque
1003 3890 1306 3953 itaitemar,
1336 3906 1405 3947 ne
1438 3891 1720 3963 pricsentia
1746 3892 1918 3947 admi-

313 3995 519 4043 remur,
552 3988 614 4034 ιιι
647 3980 972 4036 admiremur
1002 3981 1181 4036 intum
1216 4000 1229 4036 :
1259 3982 1341 4037 vel
1377 3983 1555 4051 potius
1587 3983 1919 4040 admiremur

311 4073 524 4137 futura,
555 4089 623 4130 ne
660 4073 986 4130 admiremur
1022 4075 1323 4145 praesentia.
1359 4075 1414 4131 Si
1441 4075 1585 4133 enim
1610 4076 1665 4131 iu
1694 4076 1798 4131 illis
1823 4091 1917 4131 oo-

308 4167 550 4238 gitandis
575 4177 832 4238 perpetuo
857 4184 1154 4234 versemur,
1178 4177 1234 4227 et
1255 4184 1480 4240 regnum
1504 4170 1784 4233 carlorum,
1814 4170 1916 4225 im-

308 4258 696 4314 mortalitatem
721 4301 736 4323 ,
780 4260 937 4315 vitam
976 4276 1097 4331 qtae
1121 4276 1410 4331 numquam
1433 4261 1681 4328 desinet,
1706 4261 1912 4317 ducen-

309 4350 438 4407 dam
488 4367 614 4407 cum
663 4352 864 4422 angelis
908 4352 1206 4417 choream,
1252 4352 1483 4409 futuram
1523 4369 1652 4409 cum
1694 4353 1913 4411 Christo

308 4443 800 4509 “venationem,
825 4444 1050 4515 gloriam
1080 4446 1224 4501 illam
1250 4461 1370 4517 quae
1396 4461 1687 4516 numquam
1732 4447 1913 4503 interit

308 4545 402 4591 aut
423 4536 815 4605 corrumpitur;
836 4537 1001 4592 vitam
1023 4547 1202 4594 autem
1221 4538 1291 4592 ab
1310 4539 1455 4594 omni
1478 4538 1666 4595 dolore
1682 4539 1907 4596 liberam

306 4626 455 4697 apud
486 4642 590 4682 nos
614 4627 759 4697 ipsos
780 4629 1204 4692 consideremus,
1229 4639 1289 4685 et
1315 4630 1455 4700 quod
1486 4632 1754 4703 lacrymar,
1780 4646 1909 4703 pro-

310 4720 427 4782 bra,
462 4719 763 4786 mdedicta,
791 4735 957 4786 mors,
984 4721 1223 4785 tristitia,
1251 4722 1425 4787 labor,
1454 4732 1724 4789 senectus,
1759 4740 1906 4778 mor-

311 4811 432 4876 bus,
466 4810 748 4881 ςγδι-ἰωὰ).
774 4826 1066 4883 paupertas
1089 4820 1144 4868 et
1171 4813 1459 4875 calumnia,
1491 4813 1740 4878 viduitas,
1776 4830 1906 4884 prc-

304 4916 491 4960 catum
514 4913 572 4959 et
591 4904 990 4971 condemnatio,
1018 4921 1172 4974 poem
1199 4917 1248 4963 et
1278 4907 1615 4976 supplicium,
1640 4920 1694 4963 ct
1713 4908 1757 4961 si
1778 4908 1905 4978 quid

306 5005 394 5049 est
433 4994 581 5050 aliud
618 4996 668 5051 in
708 4996 811 5051 vita
846 4998 1098 5067 praesenti
1132 4998 1414 5053 molestum
1433 5008 1498 5054 et
1528 4998 1779 5055 acerbum
1801 5041 1814 5060 ,
1840 5015 1904 5055 ea

303 5086 492 5140 mimi:
525 5087 744 5155 captdsa
789 5097 911 5143 sitm
942 5105 956 5140 :
986 5088 1108 5143 loco
1143 5098 1326 5143 autem
1366 5104 1554 5144 eorum
1602 5091 1904 5145 introducta

302 5187 439 5233 sunt
478 5195 600 5247 pax,
628 5180 844 5247 lenius,
885 5182 1259 5243 uiansuetudo.
1292 5181 1527 5247 dilectio,
1553 5181 1762 5248 ltctitia,
1791 5185 1906 5252 glo—

302 5273 387 5326 ria
404 5315 425 5339 ,
455 5275 648 5339 honor,
676 5275 948 5344 splendor,
981 5285 1031 5330 et
1056 5276 1160 5330 alia
1179 5318 1197 5343 ,
1222 5293 1346 5346 qua:
1369 5292 1442 5331 ne
1481 5286 1660 5345 posset
1688 5278 1902 5347 quidem

302 5367 486 5420 oratio
516 5369 790 5438 consequi,
821 5368 954 5422 nihil
999 5384 1097 5423 nos
1127 5385 1300 5425 rerum
1332 5370 1507 5439 capiet
1535 5372 1900 5441 pra-sentiunt,

306 5457 405 5513 sed
457 5459 748 5527 petierimus
795 5476 894 5516 nos
935 5476 1149 5531 quoque
1195 5462 1374 5517 dicere
1426 5478 1545 5516 cum
1602 5461 1899 5530 propheta,

304 5547 531 5613 Quando
554 5551 746 5605 ueniam
774 5561 824 5605 et
851 5552 1107 5621 apparebo
1135 5562 1253 5607 ante
1277 5553 1458 5622 faciem
1480 5551 1620 5607 Dei?
1645 5564 1698 5607 et
1730 5556 1798 5607 ita
1824 5555 1903 5608 af-

304 5640 478 5695 ὤπυιε
502 5656 603 5698 nec
626 5659 710 5698 res
731 5645 1027 5713 splendide
1052 5652 1107 5699 et
1126 5644 1381 5705 secandis
1409 5660 1507 5698 nos
1525 5643 1774 5711 ederent,
1798 5662 1900 5702 nec

308 5731 602 5790 insolentes
617 5735 897 5803 efficient;
930 5752 1027 5792 nec
1057 5752 1174 5806 qua:
1202 5744 1329 5792 sunt
1352 5737 1577 5791 molesta
1604 5752 1672 5792 ac
1688 5739 1894 5807 gravia,

307 5827 519 5883 tristitia
544 5829 816 5894 aflieieut;
850 5845 957 5883 non
1000 5829 1193 5883 invidia
1215 5869 1229 5894 ,
1266 5843 1371 5887 non
1395 5843 1527 5881 vana
1557 5827 1721 5898 gloria
1743 5871 1760 5896 ,
1785 5845 1896 5887 non

1460 357 1818 416 EXPOSITIO
1857 357 1921 413 IN
1963 357 2283 418 PSALMUM
2326 364 2461 421 XLI.

3432 398 3438 404 ·
3532 374 3637 429 NG

2041 472 2238 544 aliquid
2260 476 2403 533 aliud
2428 494 2525 535 nos
2553 496 2799 552 umquam
2826 482 3027 539 ell‘cret.
3054 486 3130 540 Nc
3153 487 3255 541 huc
3278 503 3405 559 ergo
3433 498 3635 544 temere

2038 565 2418 638 ingrediamnr.
2446 588 2619 643 neque
2641 591 2894 646 reSponsa
2918 578 3281 648 perfunctorie
3301 582 3632 655 omittamus,

2039 659 2132 713 sed
2159 676 2221 715 ea
2248 676 2345 730 pro
2382 662 2573 720 baculo
2610 678 2885 724 sumentes
2913 670 3269 740 egrediamur.
3298 670 3509 730 Sufficit
3533 690 3631 730 au-

2040 755 2144 804 tem
2174 752 2537 824 unusquisque
2565 770 2753 812 versus
2777 767 2834 813 ut
2857 758 3010 814 nobis
3036 772 3312 832 comparet
3343 763 3633 833 plurimum

2040 838 2412 911 philosophiae,
2445 852 2503 898 ut
2530 846 2763 919 corrigat
2786 848 3093 919 dogmatum
3125 855 3468 922 sententiam,
3497 865 3551 912 et
3579 869 3635 911 nt

2037 931 2223 988 ail’crat
2251 937 2538 992 maximam
2561 939 2682 994 vitae
2707 940 2988 998 utilitatem
3016 961 3030 998 :
3058 953 3110 1000 et
3130 945 3178 1001 si
3205 961 3634 1019 unamquamque

2036 1022 2321 1081 dictionem
2343 1038 2529 1085 exacte
2550 1039 2967 1100 perscrutemur,
2990 1034 3276 1093 admodum
3298 1038 3487 1096 uberes
3509 1041 3633 1097 inde

2036 1111 2240 1179 fructus
2258 1116 2595 1189 colligemus.
2621 1120 2808 1193 Neque
2834 1126 2977 1179 enim
3004 1138 3388 1197 paupertatem,
3414 1147 3516 1187 nec
3540 1149 3636 1187 nc-

2033 1204 2212 1274 gotia,
2246 1222 2346 1263 nec
2389 1210 2692 1267 tarditatem
2733 1212 2822 1269 hic
2858 1231 2996 1286 opus
3035 1226 3119 1273 est
3162 1233 3475 1290 praetexere.
3520 1224 3632 1281 Etsi

2035 1296 2178 1351 enim
2205 1299 2278 1354 sis
2304 1314 2525 1371 pauper,
2550 1313 2601 1358 et
2628 1315 2845 1377 propter
2865 1318 3232 1378 paupertatem
3254 1312 3406 1369 libris
3426 1330 3630 1381 careas,

2035 1392 2117 1446 vel
2154 1392 2318 1449 libros
2350 1395 2571 1466 quidem
2608 1396 2809 1455 habeas
2832 1443 2846 1465 ,
2887 1417 2993 1458 non
3040 1413 3289 1477 suppetat
3329 1420 3505 1463 autem
3540 1409 3633 1463 tibi

2035 1485 2238 1552 otium,
2270 1487 2400 1545 mihi
2442 1500 2644 1546 tantum
2689 1509 2948 1565 reaponsa
2992 1496 3327 1555 Psahnornm
3368 1502 3630 1567 observa,

2036 1593 2154 1647 qua:
2178 1578 2269 1634 hic
2295 1580 2605 1638 succinuisti
2635 1599 2740 1640 non
2765 1587 2955 1655 semel,
2987 1602 3093 1643 non
3126 1589 3230 1658 bis,
3269 1607 3373 1645 non
3407 1603 3507 1661 ter,
3535 1596 3634 1649 sed

2032 1681 2180 1736 serpe
2204 1711 2219 1736 ,
2249 1679 2307 1725 et
2331 1686 2395 1725 ex
2426 1688 2491 1727 eo
2521 1689 2764 1745 magnam
2796 1678 2976 1749 capies
3012 1681 3460 1741 consolationem.
3501 1685 3634 1742 Vide

2033 1777 2164 1832 ergo
2191 1775 2447 1833 quantum
2491 1767 2645 1823 nobis
2681 1769 2990 1827 thesnurum
3030 1777 3301 1843 aperuerit
3338 1777 3422 1833 vel
3459 1779 3634 1848 ipsum

2029 1868 2372 1923 responsum.
2401 1855 2511 1913 Nec
2539 1857 2666 1914 mihi
2699 1859 2842 1916 dicat
2873 1863 3134 1934 quispiam
3154 1906 3170 1929 ,
3202 1868 3339 1922 Ante
3363 1867 3632 1940 interpre-

2037 1944 2291 1999 tationem
2336 1947 2641 2002 nesciebam
2675 1950 2806 2020 quid
2846 1953 3071 2009 valeret.
3132 1954 3261 2010 Nam
3307 1958 3467 2012 etiam
3506 1970 3634 2015 ante

2035 2035 2527 2106 interpretationem
2566 2043 2709 2095 omni
2755 2053 2993 2114 tempore
3028 2062 3055 2098 a
3099 2047 3315 2104 volente
3342 2059 3633 2123 utcumque

2032 2129 2267 2183 animum
2296 2130 2551 2188 adhibere
2581 2134 2718 2189 bene
2758 2147 2932 2204 po:e.~t
2960 2139 3178 2211 intelligi
3208 2157 3548 2212 responsum.
3576 2146 3633 2202 Si

2032 2223 2175 2275 enim
2217 2222 2443 2292 teipsum
2485 2227 2823 2283 solummodo
2846 2230 3096 2287 docueris
3123 2233 3303 2289 dicere
3328 2278 3341 2299 ,
3368 2236 3631 2304 Quemad-

2031 2314 2237 2367 modum
2267 2316 2519 2371 deaiderat
2546 2336 2721 2375 cervas
2745 2323 2813 2375 ad
2834 2326 2999 2395 fontes
3025 2340 3272 2395 aquarum
3291 2369 3305 2392 ,
3329 2329 3402 2381 ita
3431 2330 3633 2384 deside-

2030 2414 2111 2458 rat
2138 2406 2310 2459 anima
2335 2423 2445 2462 mea
2468 2410 2537 2463 ad
2560 2420 2629 2477 te,
2661 2409 2799 2468 Deus
2825 2429 2844 2467 :
2863 2413 3017 2468 aitirit
3039 2417 3210 2470 anima
3239 2433 3350 2472 mea
3372 2419 3441 2473 ad
3470 2417 3631 2474 Dt‘tllﬂ

2030 2494 2211 2563 fortem
2241 2499 2409 2553 vivum
2440 2519 2456 2554 :
2487 2503 2692 2572 quando
2730 2506 2924 2559 vruiam
2956 2517 3002 2561 et
3031 2508 3286 2578 apparebo
3314 2520 3431 2566 ante
3450 2511 3631 2582 faciem

2028 2585 2175 2642 Dei?
2203 2589 2253 2643 id
2287 2592 2371 2646 vel
2414 2604 2537 2648 ante
2582 2595 3077 2666 interpretationem
3118 2598 3391 2659 suﬁ'ecerit
3431 2604 3525 2660 tibi
3565 2606 3631 2660 ad

2031 2695 2246 2737 omnem
2278 2683 2718 2741 introducendam
2759 2688 3170 2761 philosophiam.
3202 2692 3385 2765 Neque
3414 2694 3515 2750 hoc
3540 2713 3630 2750 so-

2031 2772 2165 2841 lum,
2194 2774 2287 2830 sed
2315 2777 2474 2831 etiam
2503 2781 2921 2851 unumquodque
2952 2798 3266 2853 responsum
3294 2777 3625 2843 easdemno-

2029 2864 2113 2921 bis
2137 2869 2493 2938 suppeditabit
2522 2871 2756 2927 divitias.
2786 2873 2917 2928 Nam
2945 2877 2988 2930 si
3017 2892 3206 2932 rursus
3231 2877 3430 2934 dixeris
3458 2897 3471 2933 :
3500 2878 3630 2934 Bea-

2024 2968 2110 3014 tus
2138 2962 2215 3015 vir
2237 2962 2323 3031 qui
2353 2963 2489 3016 timet
2514 2963 2791 3018 Dominum
2820 2966 2841 3036 (
2863 2965 3004 3022 Paul.
3039 2969 3160 3024 111.
3194 2970 3246 3041 1)
3274 2989 3286 3023 :
3315 2981 3370 3025 et
3393 2974 3630 3042 potueris

2028 3052 2169 3109 scire
2196 3053 2450 3122 quidnam
2488 3055 2557 3108 sit
2590 3055 2647 3109 id
2689 3056 2828 3126 quod
2870 3057 3004 3113 dicis
3033 3079 3046 3112 :
3077 3074 3183 3115 non
3217 3061 3436 3117 divitem
3462 3103 3479 3130 ,
3519 3079 3627 3119 non

2029 3143 2347 3214 principem,
2376 3160 2480 3199 non
2498 3144 2822 3214 formosum,
2846 3164 2955 3204 non
2979 3164 3103 3206 eum
3127 3152 3217 3224 qui
3238 3152 3380 3208 valet
3400 3154 3625 3219 viribus,

2029 3249 2134 3287 non
2163 3249 2284 3288 eum
2311 3235 2401 3306 qui
2433 3235 2575 3290 mdes
2604 3238 2844 3306 possidet
2873 3240 3183 3311 magnificas
3207 3284 3222 3308 ,
3256 3258 3360 3297 non
3387 3258 3511 3300 eum
3537 3247 3627 3316 qui

2027 3329 2162 3397 gerit
2186 3329 2547 3399 magistratus,
2580 3347 2684 3385 non
2709 3347 2832 3386 eum
2860 3332 2950 3402 qui
2980 3334 3030 3388 in
3060 3336 3205 3409 regia
3231 3336 3485 3406 nutritur,
3504 3340 3627 3394 nul-

2020 3421 2136 3474 lum
2162 3420 2393 3491 denique
2419 3423 2580 3477 alium
2605 3466 2620 3490 ,
2655 3425 2753 3478 nisi
2786 3441 2905 3479 eum
2936 3426 3025 3495 qui
3053 3437 3135 3482 est
3166 3429 3288 3496 pius
3316 3446 3377 3485 ac
3405 3432 3623 3503 religio-

2025 3527 2118 3566 sus
2140 3552 2156 3577 ,
2186 3513 2273 3584 qui
2301 3514 2478 3567 studio
2509 3516 2787 3584 sapientia:
2825 3525 3070 3584 tenetur,
3093 3521 3186 3590 qui
3223 3521 3391 3577 Deum
3434 3523 3581 3580 timet
3608 3567 3622 3589 ,

2026 3603 2242 3659 beatum
2271 3605 2435 3661 duces
2458 3648 2472 3671 ,
2502 3621 2607 3662 non
2636 3608 2809 3663 solum
2849 3619 3068 3680 propter
3096 3611 3269 3666 futura
3291 3654 3305 3678 ,
3336 3615 3430 3671 sed
3460 3616 3621 3672 etiam

2018 3708 2247 3766 promer
2273 3698 2577 3767 praesentia.
2607 3699 2740 3754 Nam
2771 3701 2930 3756 etiam
2960 3703 3010 3757 in
3043 3703 3144 3760 bac
3168 3706 3272 3759 vita
3299 3705 3386 3762 hic
3410 3723 3623 3781 quoque

2016 3798 2106 3843 est
2132 3789 2225 3845 illo
2254 3791 2541 3859 potentior.
2577 3791 2710 3846 Nam
2742 3792 2788 3847 si
2820 3793 3039 3848 morbus
3065 3795 3385 3867 quandoque
3414 3800 3621 3855 invase-

2020 3880 2110 3941 rit,
2136 3879 2230 3935 ille
2254 3881 2466 3950 quidem
2498 3881 2714 3937 indutus
2736 3897 2970 3956 putpura
3002 3885 3134 3940 nihil
3162 3903 3190 3942 a
3220 3890 3539 3948 satellitibus
3562 3907 3621 3949 et

2021 3972 2252 4042 superbo
2283 3973 2375 4027 illo
2400 3975 2652 4029 exteriori
2687 3986 2942 4046 apparatu
2981 3977 3200 4051 juvatur
3233 3979 3302 4035 ad
3337 3983 3614 4040 solandant

2021 4066 2393 4134 aegritudinem
2414 4110 2429 4134 ,
2462 4068 2555 4124 sed
2584 4070 2918 4129 domes:icis.
2964 4074 3272 4141 parentibus
3291 4119 3305 4143 ,
3335 4078 3615 4135 omnibus-

2020 4172 2125 4227 que
2153 4160 2521 4227 prarscntibus,
2546 4172 2607 4216 et
2629 4163 2806 4217 aureis
2831 4165 3067 4220 vestibus
3095 4183 3256 4237 super
3277 4185 3396 4224 eum
3429 4175 3617 4242 positis

2019 4261 2179 4322 atque
2218 4242 2532 4319 substratis,
2570 4255 2713 4324 jacet
2749 4256 2839 4312 ille
2867 4258 3062 4314 ardens
3095 4261 3256 4316 veluti
3293 4262 3346 4317 in
3378 4263 3617 4324 fornace.

2013 4342 2117 4423 Qui
2149 4353 2227 4398 est
2258 4354 2434 4399 autem
2465 4346 2582 4414 pius
2602 4389 2616 4410 ,
2647 4356 2700 4401 et
2741 4348 2902 4401 [ictum
2932 4349 3111 4411 timet,
3138 4366 3249 4406 non
3286 4362 3475 4423 patre,
3506 4372 3611 4411 non

2018 4450 2205 4501 servo,
2239 4452 2342 4490 non
2384 4437 2493 4490 nilo
2536 4438 2644 4492 alio
2689 4451 2985 4508 prasente,
3024 4449 3301 4512 postquam
3332 4444 3386 4499 in
3423 4447 3609 4502 creltnn

2016 4544 2124 4583 non
2155 4544 2329 4599 saepe,
2358 4529 2451 4584 sed
2482 4529 2563 4584 bis
2587 4543 2636 4585 et
2668 4541 2749 4585 ter
2778 4534 3049 4603 suspexit,
3072 4547 3290 4591 omnem
3330 4537 3471 4591 illam
3498 4539 3612 4593 for-

2018 4636 2201 4676 nacem
2232 4622 2504 4679 exstinxit.
2541 4621 2652 4676 Hoc
2677 4625 2838 4678 etiam
2876 4625 3070 4680 viderit
3102 4626 3364 4698 quispiam
3395 4633 3610 4689 evenire

2015 4716 2069 4770 in
2099 4716 2259 4771 rebus
2282 4716 2551 4783 adversis,
2582 4725 2638 4771 et
2676 4717 2727 4770 in
2759 4719 3005 4774 omnibus
3026 4735 3146 4790 quae
3174 4721 3445 4792 inopinato
3465 4726 3608 4781 acci-

2013 4810 2178 4875 dunt,
2205 4823 2298 4865 eos
2332 4808 2543 4879 quidem
2573 4811 2660 4878 qui
2698 4810 2897 4865 divitiis
2934 4809 3193 4880 afﬂuunt,
3222 4815 3458 4889 clarique
3486 4828 3610 4871 sunt

2013 4912 2067 4957 et
2089 4903 2340 4972 insignes,
2366 4899 2569 4956 turbari
2595 4918 2608 4954 :
2632 4916 2727 4957 eos
2751 4917 2928 4957 au'em
2951 4904 3037 4973 qui
3062 4913 3187 4960 sunt
3212 4907 3304 4976 pii,
3330 4918 3383 4962 et
3402 4910 3608 4978 sapieno

2014 4994 2102 5048 tiae
2142 4992 2402 5058 studiosi,
2433 4994 2610 5047 omnia
2650 4993 2791 5048 ferre
2822 4994 2975 5050 facile
2999 5004 3050 5051 et
3080 4997 3307 5067 placide.
3330 4998 3447 5055 iam
3476 5017 3607 5054 vero

2010 5095 2137 5140 ante
2164 5100 2226 5140 ea
2257 5085 2459 5152 omnia,
2488 5086 2531 5139 si
2560 5085 2690 5139 nihil
2713 5101 2874 5156 grave
2899 5090 3159 5156 evenerit,
3186 5089 3304 5158 ejus
3324 5091 3411 5161 qui
3440 5091 3604 5148 Deum

2008 5180 2163 5235 timet
2189 5180 2519 5235 conscientia
2544 5189 2630 5235 est
2655 5188 2711 5234 et
2734 5179 2921 5250 majori
2951 5189 3006 5235 et
3033 5181 3311 5236 sineeriori
3337 5183 3606 5254 voluptate

2011 5273 2202 5342 plena,
2233 5287 2391 5340 quam
2429 5271 2610 5327 divitis
2649 5272 2849 5326 anima.
2884 5271 2979 5327 ille
3016 5273 3196 5338 enim,
3238 5274 3339 5328 etsi
3379 5287 3604 5332 externo

2008 5367 2132 5423 cibo
2169 5365 2437 5432 fruatur‘,
2478 5364 2691 5435 gravius
2729 5363 3018 5417 afﬂictatur
3046 5364 3294 5420 omnibus
3332 5370 3421 5439 qui
3459 5368 3604 5424 fame

2010 5467 2291 5523 vexantur,
2317 5458 2442 5513 dum
2465 5472 2558 5511 sua
2587 5456 2724 5510 mala
2750 5457 2803 5510 in
2833 5455 3144 5511 memoriam
3172 5457 3387 5530 redigit,
3407 5471 3463 5516 et
3480 5477 3602 5519 cum

2009 5551 2147 5606 mala
2176 5549 2305 5604 vivit
2344 5549 2671 5605 conscientia
2701 5566 2715 5602 :
2751 5547 2839 5602 hic
2879 5558 3059 5603 autem
3083 5591 3100 5617 ,
3137 5549 3264 5606 licet
3298 5556 3607 5610 necessario

2009 5644 2264 5698 alimento
2291 5647 2505 5707 careat,
2532 5640 2636 5695 erit
2663 5639 3018 5710 tranquilliori
3050 5650 3106 5696 et
3143 5640 3388 5698 alacriori
3419 5645 3601 5702 animt)

2009 5752 2166 5808 quam
2191 5736 2224 5789 ii
2247 5733 2336 5805 qui
2365 5732 2611 5788 fruuntur
2633 5731 2880 5787 omnibus
2900 5730 3130 5798 deliciis,
3154 5744 3208 5789 ut
3234 5735 3324 5804 qui
3349 5735 3486 5792 bona
3507 5750 3603 5806 Spe

2072 5835 2090 5863 ³
2124 5834 2369 5879 ttervetus
2395 5840 2406 5874 :
2442 5824 2529 5875 etsi
2545 5831 2749 5876 externa
2773 5823 3241 5891 voluptatefraatar.
3540 5838 3547 5847 ·
