4030 6406
471 370 567 428 lt}?

469 491 661 552 alatur,
687 495 740 540 et
762 496 978 539 suorum
1003 488 1146 533 recte
1175 476 1429 529 factorum
1459 464 1916 523 remunerationes
1936 474 2068 529 quo-

460 582 598 636 tidie
625 585 917 648 exspectet.
945 574 1046 627 Sed
1081 587 1144 624 ne
1177 565 1400 636 longiori
1431 573 1584 617 utens
1609 559 1852 613 oratione
1881 554 2060 606 videar

471 674 665 727 afferre
694 666 989 723 molestiam
1012 705 1025 728 ,
1058 661 1364 729 relinquens
1392 656 1455 708 iis
1484 655 1571 723 qui
1610 658 1735 707 sunt
1763 648 1916 717 paulo
1946 654 2059 697 stu-

473 765 736 820 diosiores
759 756 1038 829 legendum
1070 748 1485 821 unumquodque
1509 742 1844 813 responsum,
1869 747 1921 790 ct
1947 750 2063 805 qua:

475 864 529 913 in
556 874 622 915 co
645 858 742 911 sita
775 863 875 917 est,
908 848 1250 904 scrutaudzun
1281 844 1406 905 vim,
1433 840 1517 893 hic
1543 838 1718 892 finiam
1744 832 2059 893 orationem,

478 954 565 1007 illa
605 948 836 1005 suadens
878 954 1074 999 vestra:
1113 934 1421 999 dilectioni,
1465 941 1520 986 ut
1565 944 1671 983 non
1712 926 1835 980 hinc
1875 924 2067 977 frustra

478 1037 827 1114 egrediamini
850 1077 866 1103 ,
898 1035 993 1090 sed
1026 1044 1281 1100 responsa
1326 1037 1592 1094 tamquam
1635 1018 1946 1084 margaritas
1977 1029 2067 1066 su-

480 1144 710 1200 mentes,
741 1148 803 1187 ea
832 1129 975 1185 danti
1005 1133 1258 1196 perpetuo
1282 1116 1611 1176 conservetis
1640 1124 1692 1167 ct
1720 1104 2065 1168 meditemini,

466 1228 773 1296 amicisque
798 1232 850 1277 ct
878 1218 1134 1274 uxoribus
1160 1230 1219 1269 ea
1252 1210 1430 1266 omnia
1455 1205 1643 1262 dicatis
1668 1221 1679 1255 :
1705 1211 1758 1255 et
1782 1201 1825 1255 si
1851 1198 1953 1253 ulla
1977 1208 2072 1249 vos

489 1327 645 1376 vexet
667 1287 831 1370 annui
863 1305 1211 1382 perturbatio,
1238 1302 1281 1359 si
1306 1300 1567 1355 excitetur
1590 1291 1874 1362 cupiditas,
1898 1289 1941 1341 si
1973 1287 2071 1348 ira,

485 1422 579 1470 aut
601 1408 803 1482 qumvis
833 1406 932 1459 alia
959 1418 988 1456 a
1021 1398 1227 1454 ratione
1251 1394 1423 1449 aliena
1457 1385 1787 1462 perturbatio
1811 1424 1825 1448 ,
1851 1396 1911 1434 ea
1939 1378 2075 1431 τις.δί-

488 1508 593 1562 due
619 1472 835 1557 .caualis
864 1512 878 1550 :
906 1503 962 1549 ut
991 1502 1045 1546 ct
1080 1492 1134 1545 in
1180 1488 1280 1542 hac
1315 1487 1418 1539 vita
1464 1494 1655 1551 magna
1699 1472 2077 1543 tranquillitate

491 1601 749 1660 fruamur,
779 1599 831 1644 et
857 1590 909 1643 in
942 1590 1115 1641 futura
1139 1585 1245 1636 vita
1274 1581 1408 1635 bona
1436 1587 1637 1631 teterna
1668 1581 2077 1638 consequamur,

488 1689 659 1762 gratia
694 1696 745 1740 et
787 1680 1113 1752 benignitate
1140 1672 1349 1731 Domini
1384 1667 1550 1727 nostri
1579 1665 1704 1721 Jesu
1731 1660 1927 1718 ChriSti
1946 1701 1960 1724 ,
1989 1671 2082 1727 per

492 1797 649 1852 quem
682 1789 735 1833 ct
763 1790 883 1830 cum
915 1749 1019 1844 quo
1059 1768 1199 1825 Patri
1232 1775 1284 1820 et
1321 1772 1504 1819 sancto
1532 1757 1750 1830 Spiritui
1778 1754 1848 1809 sit
1872 1749 2038 1822 gloria
2064 1790 2079 1813 ,

496 1872 776 1942 imperimu
803 1908 818 1934 ,
850 1867 1051 1930 honor,
1077 1874 1216 1915 mute
1245 1865 1296 1912 et
1325 1867 1570 1923 Semper,
1596 1858 1650 1904 et
1677 1848 1729 1902 in
1759 1844 1950 1901 smcnla
1980 1856 2081 1894 sa:-

473 1966 753 2019 ‘rulorum.
790 1963 978 2015 Amen.

928 2087 990 2143 IN
1020 2081 1341 2141 PSALMUM
1368 2077 1528 2135 XlJll
1564 2076 1658 2145 (η).

836 2206 905 2259 ⁷1.
950 2199 1183 2255 Victoriae
1217 2195 1407 2250 aut-tori
1439 2192 1559 2262 ﬁliis
1580 2189 1730 2245 Core.

498 2318 553 2377 ἳ.
585 2323 736 2384 Deus,
764 2316 971 2372 auribus
991 2313 1172 2369 nostris
1196 2309 1499 2368 audivimus,
1521 2314 1684 2375 patres
1706 2300 1862 2354 nostri
1888 2312 2090 2351 annun-

573 2417 821 2469 tiaverttnt
868 2405 1008 2463 nobis
1046 2420 1174 2475 opus
1213 2400 1346 2470 quod
1379 2405 1615 2465 aperatus
1639 2409 1690 2446 es
1718 2392 1778 2444 in
1803 2390 1975 2443 diebus
2006 2403 2092 2438 eo-

574 2524 710 2571 rum,
741 2514 788 2559 et
826 2504 881 2555 in
928 2498 1101 2552 diebus
1145 2492 1386 2563 antiquis.
1431 2490 1582 2543 Alius
1619 2486 1881 2552 interpres
1910 2480 2003 2543 ait,
2030 2476 2096 2530 In

488 2598 497 2604 ’
577 2599 748 2654 diebus
779 2590 1047 2668 prioribus.
1072 2587 1239 2652 Alius,
1267 2582 1332 2637 In
1362 2581 1535 2635 diebus
1561 2577 1621 2631 ab
1651 2576 1813 2629 initio.

581 2739 631 2793 l.
664 2734 817 2790 Hunc
853 2726 1123 2784 Psalmum
1167 2720 1294 2775 dicit
1338 2712 1598 2786 propheta
1634 2724 1737 2763 non
1778 2722 1840 2761 es
1875 2717 2100 2774 persona

508 2828 744 2903 propria,
783 2821 876 2879 sed
914 2835 980 2874 ex
1019 2828 1242 2887 persona
1292 2806 1745 2866 Maccabaaorum,
1795 2813 2016 2854 narrans
2051 2803 2106 2850 et

512 2887 806 2992 praedicens
848 2927 964 2984 qua:
1007 2908 1178 2963 futura
1222 2911 1375 2957 erant
1423 2900 1473 2953 in
1520 2898 1609 2951 illo
1636 2904 1897 2962 tempore.
1948 2887 2105 2942 Tales

515 3014 659 3071 enim
701 3018 825 3064 sunt
875 3001 1145 3077 propheta:
1188 3017 1201 3054 :
1251 2994 1427 3050 omnia
1474 3000 1713 3060 tempora
1766 2990 2103 3055 percurrunt,

517 3103 818 3178 prmscntia,
866 3096 1157 3171 prmterita,
1206 3090 1397 3145 futura.
1440 3086 1666 3154 Quinam
1702 3088 1823 3135 sunt
1849 3087 2024 3133 autem
2055 3076 2107 3129 hi

516 3171 821 3257 blaccabzei,
849 3188 1082 3261 quidque
1120 3182 1259 3253 passi
1303 3188 1447 3245 sunt,
1478 3185 1534 3231 et
1557 3171 1685 3244 quid
1726 3171 1984 3233 fecerunt,
2016 3180 2113 3220 ne-

517 3289 807 3346 cessarium
841 3290 924 3337 est
957 3279 1183 3349 primum
1214 3272 1411 3333 dicere,
1469 3275 1527 3321 ut
1571 3266 1678 3321 sint
1705 3260 1967 3331 apertiora
1994 3271 2113 3326 qua:

521 3382 575 3440 in
606 3383 920 3448 argumento
969 3369 1237 3425 dicuntur.
1280 3363 1319 3417 li
1346 3360 1510 3424 enim,
1555 3371 1677 3412 cum
1707 3351 1991 3407 invasisset
2016 3347 2114 3403 Ju-

524 3439 695 3528 da'ani
719 3462 1035 3527 Antiochus,
1062 3458 1151 3529 qui
1176 3456 1349 3511 dictus
1386 3460 1469 3506 est
1500 3448 1821 3519 Epiphanes,
1854 3451 1908 3495 et
1935 3439 2114 3493 omnia

522 3565 855 3620 devaslasset
890 3563 943 3611 et
970 3552 1164 3607 multos
1200 3547 1289 3618 qui
1329 3554 1454 3598 tunc
1495 3547 1668 3604 erant,
1696 3552 1725 3590 a
1759 3534 1941 3603 patriis
1970 3529 2120 3586 iusti-

526 3656 651 3711 tutis
680 3651 889 3708 resilirc
924 3644 1210 3713 corgisset,
1258 3638 1667 3707 permanserunt
1711 3626 1862 3683 illmsi
1905 3625 1974 3679 ab
2017 3623 2121 3677 illis

531 3739 995 3811 tentationibns(l.
1027 3732 1258 3790 Maccub.
1287 3731 1339 3785 l.
1368 3729 1449 3783 ll.
1473 3723 1633 3797 sqq.):
1661 3731 1711 3776 et
1732 3717 1943 3790 quando
1962 3730 2123 3785 grave

528 3837 741 3908 quidem
772 3804 969 3887 bellum
1010 3823 1307 3896 ingruebat,
1339 3832 1440 3873 nec
1464 3814 1751 3887 quidquam
1779 3815 2022 3880 poterant
2048 3804 2123 3860 fa-

532 3899 651 3985 cere
703 3923 844 3996 quod
892 3918 1189 3990 prodesset,
1233 3927 1292 3968 se
1328 3904 1743 3964 abscondebam.
1771 3900 1925 3970 Quod
1963 3899 2124 3955 etiam

533 3993 773 4075 fecerunt
793 4012 1036 4084 apostoli.
1066 4008 1180 4064 Non
1206 4006 1346 4060 enim
1376 4015 1588 4071 semper
1613 4004 1906 4069 priesentes
1926 3993 1978 4047 in
2014 4004 2128 4046 me-

532 4112 618 4165 dia
644 4105 914 4162 irruebant
942 4098 1196 4172 pericula,
1224 4094 1317 4150 sed
1353 4104 1749 4159 nonnumquam
1790 4095 1844 4141 et
1869 4084 2129 4155 fugientes

535 4213 589 4257 et
619 4201 844 4255 latentes
861 4191 1143 4250 cedebant.
1174 4187 1461 4257 Postquam
1488 4191 1664 4236 autem
1693 4192 1880 4251 parum
1907 4175 2133 4246 respirao

538 4300 746 4359 verant,
778 4278 1321 4360 tamquamgenerosi
1345 4273 1559 4349 quidam
1599 4269 1831 4327 Ieunculi
1857 4284 1920 4323 ex
1963 4265 2131 4322 antris

537 4386 865 4447 exsilientes,
896 4388 950 4435 et
976 4393 1007 4434 e
1044 4373 1264 4432 latebris
1306 4377 1662 4439 emergentes,
1693 4361 1999 4419 statuebant
2025 4375 2133 4415 non

538 4496 600 4537 se
626 4477 853 4550 amplius
880 4471 1024 4528 solos
1044 4479 1284 4531 servare,
1308 4461 1401 4520 sed
1423 4461 1580 4515 etiam
1602 4457 1756 4521 alios,
1780 4463 2135 4524 quotcumque

542 4546 762 4642 possent
792 4586 808 4623 :
835 4574 889 4622 et
911 4563 1184 4620 civitatem
1214 4567 1271 4614 et
1298 4555 1569 4627 regionem
1594 4563 1807 4605 omnem
1851 4546 2133 4609 obeuntes,

542 4665 872 4733 eollegerunt
894 4664 1154 4730 quotquot
1171 4657 1489 4709 invenerunt
1524 4646 1697 4702 adhuc
1733 4656 1893 4699 sanos
1922 4652 1972 4695 et
2005 4642 2141 4694 inte-

545 4732 723 4830 gros:
752 4764 807 4811 et
847 4752 1042 4806 multos
1089 4748 1250 4804 etiam
1293 4745 1382 4816 qui
1428 4740 1760 4804 laborabant,
1813 4745 1868 4790 et
1903 4732 2138 4801 corrupti

547 4858 720 4913 erant,
762 4847 815 4901 in
863 4853 1057 4900 statum
1097 4840 1376 4912 pristinum
1425 4836 1767 4904 redegerunt,
1796 4830 1875 4884 eis
1924 4841 2142 4897 persua-

546 4946 758 5010 dentes,
790 4939 965 4996 redire
991 4935 1060 4990 ad
1106 4934 1279 5005 legem
1325 4927 1571 4999 patriam.
1612 4925 1781 4978 Deum
1822 4920 1964 4975 enim
1994 4918 2141 4972 dice-

550 5038 679 5093 bant
706 5047 826 5089 esse
856 5028 1144 5099 benignum
1171 5031 1226 5080 et
1248 5021 1586 5082 clementem,
1631 5029 1730 5069 nec
1752 5026 2002 5082 umquam
2024 5008 2144 5062 adi-

549 5142 699 5186 mere
723 5125 976 5190 salutem,
1015 5133 1136 5191 qum
1177 5111 1532 5186 proficiscitur
1556 5124 1620 5163 ex
1652 5103 1981 5176 paenitentia.
2022 5101 2145 5155 lltec

551 5233 730 5277 autem
751 5216 1010 5277 dicentes,
1026 5209 1333 5265 habuerunt
1351 5202 1615 5258 delectum
1639 5196 1855 5252 fortium
1885 5194 2141 5247 virorum.

553 5312 669 5369 Non
697 5309 840 5365 enim
870 5321 969 5377 pro
996 5301 1269 5362 uxoribus,
1300 5294 1485 5351 liberis
1515 5299 1569 5346 et
1596 5287 1823 5351 ancillis,
1855 5284 2145 5356 patrizeque

553 5401 836 5459 eversione
874 5405 927 5452 et
965 5391 1292 5465 captivitate,
1323 5383 1417 5441 sed
1442 5397 1544 5455 pro
1568 5381 1687 5452 lege
1711 5390 1765 5435 et
1791 5377 1957 5449 patria
1984 5390 2148 5443 repu-

557 5496 695 5551 blica
732 5488 1038 5562 pugnabant
1065 5503 1078 5538 :
1109 5498 1293 5540 eorum
1330 5486 1510 5534 autem
1546 5474 1652 5529 dux
1684 5480 1799 5527 erat
1826 5470 1987 5524 Deus.
2015 5465 2146 5521 Cum

559 5599 689 5652 ergo
714 5559 884 5638 aciem
903 5576 1212 5646 dirigerent,
1236 5582 1290 5629 et
1306 5569 1548 5643 proprias
1572 5581 1635 5621 ex
1645 5571 1904 5635 ponerent
1924 5559 2145 5622 animas,

628 5762 703 5832 (tt)
740 5761 950 5832 inlinunt:
968 5755 1366 5832 “militumne'tju
1383 5756 1659 5832 sequlc‘t‘ttes
1692 5746 1871 5797 utimur
1891 5741 2152 5793 {Iudicibus

566 5811 726 5883 negati
754 5824 869 5875 toea
895 5830 946 5870 et
968 5818 1107 5878 esse,
1134 5827 1184 5869 et
1206 5811 1485 5869 (ζου)ρηὶηὸ
1510 5811 1586 5861 l0.

1191 363 1245 416 S.
1286 353 1563 414 JUANNiS
1601 339 2076 405 CllltYSOSl‘OMl
2125 336 2440 393 ARCIllEl’.
2470 320 3004 387 CONSTANTINOP.

3642 322 3730 382 lCB

2173 454 2462 507 fundebant
2503 449 2855 512 adversarios,
2898 461 3001 499 non
3045 441 3208 496 armis
3240 440 3477 499 fidentes,
3510 440 3596 493 sed
3628 441 3731 494 loco

2168 545 2341 599 (ιηιιιὶε
2357 553 2637 597 artnaturze
2658 555 2843 610 paginae
2866 551 3079 591 causam
3105 532 3352 587 sufficere
3369 531 3629 586 ducentes.
3663 534 3733 588 Ad

2169 636 2363 689 bellum
2395 644 2570 687 autem
2600 641 2811 693 euntes,
2845 644 2948 681 non
2979 625 3265 696 tragmdias
3291 624 3612 687 excitabant,
3640 640 3735 679 nan

2171 742 2349 795 paeana
2381 724 2661 787 cant-haut,
2688 722 2822 774 sicut
2845 718 3081 773 nonnulli
3111 717 3337 779 faciunt;
3363 731 3465 768 non
3488 715 3736 770 adscisce-

2172 819 2290 870 hau'
2319 817 2577 877 tibicines,
2612 823 2665 866 ut
2698 813 2756 865 fit
2786 812 2835 864 in
2863 810 2979 863 aliis
3007 807 3199 862 castris
3231 821 3246 862 :
3278 807 3371 861 sed
3416 805 3503 859 Dei
3531 821 3742 875 superne

2172 909 2423 961 auxilium
2461 904 2794 964 invocabant,
2822 911 2873 955 ut
2910 902 3150 961 adessd,
3169 914 3323 968 opem
3358 895 3540 961 fen'et,
3569 907 3619 950 et
3645 912 3743 949 ma-

2176 1017 2299 1053 nutu
2334 1000 2614 1068 praeberet,
2662 1004 2874 1065 propter
2910 1008 3069 1061 quem
3111 990 3309 1045 bellum
3355 990 3625 1058 gerebant,
3661 1003 3747 1056 pro

2174 1092 2326 1159 Cujus
2368 1089 2531 1158 gloria
2587 1086 2951 1141 decertabant.
3001 1083 3286 1136 Videamus
3332 1095 3460 1149 ergo
3497 1080 3616 1149 quid
3647 1079 3749 1130 lucc.

2177 1195 2348 1238 castra
2385 1184 2474 1236 Dei
2504 1185 2805 1248 loquantur,
2833 1196 2951 1250 qua:
2989 1186 3111 1231 sunt
3141 1176 3400 1247 spiritttali
3436 1176 3631 1227 munita
3669 1156 3750 1226 an-

2180 1278 2324 1337 xilio.
2352 1292 2472 1330 cum
2505 1284 2626 1328 sunt
2659 1274 2842 1327 hostes
2882 1287 3213 1340 aggressum.
3251 1266 3405 1333 Deus,
3444 1268 3641 1318 auribus
3666 1282 3750 1318 no-

2179 1370 2295 1424 stris
2327 1368 2632 1421 audirintus.
2675 1365 2807 1432 Quia
2843 1365 2985 1418 enim
3032 1360 3273 1416 nonnulli
3320 1373 3504 1413 eorum
3532 1358 3617 1427 qui
3644 1372 3753 1409 cum

2183 1460 2311 1531 ipsis
2345 1458 2552 1512 stabant
2589 1458 2641 1511 in
2685 1457 2820 1520 acie,
2848 1452 3093 1509 Antiochi
3132 1450 3546 1511 multitudinem,
3576 1450 3755 1501 instru-

2186 1559 2326 1605 ctam
2366 1550 2556 1614 acictu,
2606 1558 2659 1601 et
2685 1546 2958 1599 victoriam
2991 1544 3267 1607 videntes,
3307 1540 3555 1609 quodque
3595 1539 3757 1592 omnia

2185 1643 2357 1713 primo
2394 1641 2594 1711 impetu
2629 1639 2896 1708 cepisset,
2945 1636 3318 1705 prOprIamque
3363 1629 3759 1686 imbecillitatem

2187 1747 2234 1791 et
2270 1735 2585 1805 paucitatem
2627 1730 3056 1793 considerantes,
3095 1727 3367 1781 molliores
3407 1735 3557 1779 erant
3585 1733 3637 1777 et
3673 1723 3761 1774 itu-

2192 1829 2491 1883 becilliorcs
2526 1844 2539 1879 τ
2579 1841 2765 1880 eorum
2811 1824 3018 1876 animus
3057 1820 3377 1889 spiritusque
3424 1819 3687 1881 excitans,
3719 1825 3766 1868 et

2183 1920 2478 1977 ostendens
2503 1919 2553 1972 in
2584 1918 2675 1972 Dei
2701 1917 2859 1970 ductu
2888 1914 3193 1968 universum
3232 1911 3392 1965 situm
3419 1924 3562 1975 esse,
3584 1918 3636 1963 et
3659 1908 3767 1961 als-

2192 2030 2295 2084 que
2322 2012 2579 2077 exercitu,
2605 2010 2648 2064 si
2679 2010 2723 2062 is
2741 2024 2896 2078 Opem
2926 2007 3077 2071 ferat,
3112 2020 3266 2075 posse
3295 2004 3466 2073 parari
3491 2001 3766 2061 victoriam,

2195 2106 2362 2158 instar
2405 2100 2725 2173 precationis
2778 2099 3126 2168 compositam
3162 2102 3468 2150 suasionem
3505 2105 3559 2147 et
3588 2093 3769 2147 exhor-

2198 2196 2450 2249 tationem
2481 2193 2635 2247 eﬂert
2677 2191 2741 2245 ad
2772 2190 3183 2253 commilitones,
3214 2197 3268 2241 ct
3318 2187 3486 2240 Deum
3517 2184 3772 2253 alloquens

2196 2301 2290 2341 eos
2318 2285 2669 2355 promptiores
2710 2281 2883 2336 reddit
2909 2290 2963 2334 ct
2999 2280 3306 2353 alacriores.
3351 2276 3465 2331 Non
3498 2284 3579 2330 est
3615 2282 3773 2328 autem

2200 2378 2315 2431 hac
2357 2391 2512 2445 parva
2552 2390 2675 2445 pars
2716 2371 3119 2427 adhortationis.
3165 2369 3347 2438 Neque
3392 2369 3538 2423 enim
3586 2374 3771 2420 tantum

2202 2470 2391 2525 virium
2426 2468 2697 2523 habuisset
2744 2466 2807 2519 ad
2856 2479 2951 2519 eos
2991 2478 3245 2519 conversa
3297 2460 3494 2525 oratio,
3548 2459 3676 2513 sicut
3718 2456 3777 2509 atl

2204 2564 2373 2619 Deum
2404 2561 2623 2615 directa.
2657 2559 2723 2613 Et
2752 2558 2872 2611 ideo
2902 2554 3196 2627 procedens
3222 2552 3362 2607 dixit
3393 2568 3408 2604 τ
3441 2550 3564 2605 Non
3609 2551 3657 2603 in
3681 2548 3779 2617 gia-

2204 2655 2289 2708 dio
2315 2670 2406 2708 suo
2436 2651 2763 2724 possederunt
2793 2658 2999 2712 tetram,
3030 2655 3078 2700 et
3111 2644 3316 2698 dextera
3343 2659 3519 2697 eorum
3561 2657 3656 2694 non
3691 2639 3781 2692 sul-

2194 2747 2337 2802 eavit
2375 2762 2458 2799 eos
2496 2742 2563 2815 (υ.
2596 2743 2673 2813 4).
2708 2741 2817 2795 Hoc
2842 2747 2924 2795 est
2951 2737 3092 2792 enim
3136 2735 3250 2806 ejus
3286 2735 3371 2804 qui
3400 2747 3499 2788 eos
3528 2739 3719 2786 recreat
3738 2739 3783 2781 et

2208 2839 2398 2903 reficit,
2431 2836 2518 2905 qui
2549 2846 2669 2889 sunt
2702 2831 2932 2887 molliori
2963 2837 3017 2885 et
3051 2826 3386 2883 imbecilliori
3416 2827 3597 2879 animo
3626 2822 3685 2876 ad
3716 2822 3785 2873 la-

2212 2930 2369 2985 bores
2399 2926 2785 2997 suscipiendos,
2806 2925 2895 2995 qui
2919 2919 3459 2993 qumruntvicloriam
3484 2934 3548 2973 ex
3564 2918 3783 2971 humana

2212 3037 2392 3077 rerum
2419 3020 2576 3074 serie.
2602 3017 2787 3073 Omnis
2816 3030 2944 3085 ergo
2972 3015 3085 3069 haec
3111 3012 3347 3084 precatio
3386 3020 3469 3064 cst
3510 3009 3575 3063 ad
3614 3006 3787 3061 milites

2214 3112 2535 3175 adhortatio,
2560 3126 2679 3182 qua:
2705 3108 2857 3179 jubet
2884 3107 3061 3162 omnia
3094 3107 3146 3160 in
3181 3106 3343 3159 [tcum
3372 3104 3660 3174 conjicere,
3691 3109 3787 3153 sta-

2217 3215 2472 3276 tuereque
2490 3221 2563 3260 ex
2592 3218 2688 3273 spe
2721 3202 2772 3257 in
2798 3201 2945 3255 illum
2975 3198 3206 3269 pendere
3232 3196 3538 3251 victoriam.
3580 3199 3685 3247 (:ur
3712 3206 3790 3244 au-

2221 3306 2327 3352 tem
2359 3312 2462 3351 non
2486 3295 2623 3349 dixit
2643 3294 2904 3359 absolute,
2934 3289 3266 3351 Audivimus,
3294 3287 3411 3350 sed,
3437 3284 3644 3340 Nostris
3667 3282 3790 3336 auri-

2220 3391 2310 3446 bus
2338 3386 2660 3443 audivimus!
2684 3386 2923 3453 Quanam
2965 3383 3106 3437 enim
3136 3380 3236 3434 alia
3263 3377 3506 3447 corporis
3543 3385 3686 3446 parte
3708 3388 3794 3425 au-

2222 3483 2403 3541 ditur?
2444 3479 2708 3550 Numquid
2757 3493 2877 3548 quze
2919 3476 3167 3530 dicuntur
3208 3486 3334 3525 sunt
3376 3462 3797 3539 supervacanea?

2226 3575 2417 3631 Absit:
2449 3574 2542 3629 sed
2597 3572 2682 3625 hic
2725 3580 2807 3623 est
2858 3581 2975 3621 mos
3026 3561 3327 3619 communis
3380 3560 3677 3621 hominum,
3710 3554 3799 3624 qui

2225 3667 2442 3741 quando
2461 3666 2635 3736 aliqua
2664 3669 2901 3726 narrant,
2929 3659 2995 3713 de
3015 3657 3207 3727 quibus
3233 3662 3355 3708 sunt
3383 3652 3510 3706 facti
3541 3649 3797 3706 certiores,

2228 3772 2280 3817 et
2311 3775 2395 3815 res
2426 3772 2643 3828 magnas
2671 3763 2725 3809 et
2756 3751 2932 3821 magni
2960 3749 3213 3821 ponderis
3244 3746 3502 3809 referunt,
3540 3744 3604 3798 iis
3628 3742 3800 3811 quibus

2229 3870 2291 3910 ca
2315 3869 2417 3908 non
2444 3861 2566 3906 sunt
2596 3862 2762 3919 usque
2790 3846 2922 3900 adeo
2943 3855 3109 3908 certa,
3133 3854 3291 3895 aures
3311 3852 3529 3907 semper
3549 3834 3802 3903 adjiciunt,

2227 3948 2471 4004 dicentes
2498 3960 2557 3998 se
2581 3942 2801 3998 auribus
2831 3937 3117 3991 audivisse.
3164 3932 3276 3987 Non
3322 3931 3374 3985 in
3412 3931 3514 3984 hac
3539 3938 3708 3983 autem
3731 3940 3808 3979 so~

2233 4039 2341 4093 lum
2371 4037 2601 4099 actione,
2629 4031 2722 4088 sed
2749 4030 2908 4086 etiam
2938 4028 2990 4082 in
3014 4027 3133 4081 aliis
3165 4024 3265 4078 hoc
3295 4024 3467 4092 ipsum
3497 4022 3667 4075 facere
3692 4031 3807 4071 cou-

2235 4130 2525 4190 suevimus,
2559 4133 2772 4180 nostros
2811 4121 3046 4190 ipsorum
3077 4129 3265 4170 sensus
3291 4111 3646 4183 producentes
3667 4109 3713 4161 iu
3740 4116 3808 4160 te-

2235 4221 2566 4280 stimonium.
2612 4216 2708 4272 Est
2742 4228 2875 4285 ergo
2902 4225 3086 4267 eorum
3114 4207 3203 4277 qui
3244 4206 3425 4261 Volunt
3473 4204 3631 4258 fidem
3659 4199 3811 4254 facere

2236 4314 2490 4378 auditori,
2522 4324 2679 4366 aures
2705 4306 3011 4377 adiungere.
3045 4300 3177 4356 Nam
3208 4301 3262 4353 in
3288 4297 3459 4353 oculis
3483 4297 3666 4358 etiam,
3694 4302 3744 4347 et
3764 4291 3809 4342 in

2239 4408 2484 4465 nianibus
2514 4402 2617 4459 hoc
2643 4402 2813 4472 ipsum
2837 4395 3076 4459 facimus,
3109 4402 3168 4446 ut
3186 4388 3402 4461 quando
3421 4387 3652 4442 dicimus
3677 4400 3689 4436 :
3713 4380 3810 4437 Hae

2241 4501 2398 4555 nibus
2446 4493 2643 4549 nostris
2670 4471 3041 4561 palpavintus.
3086 4482 3340 4537 Dicebant
3384 4478 3515 4532 item
3560 4471 3813 4547 apostoli:

2246 4592 2373 4659 Quae
2402 4588 2629 4642 viderunt
2658 4582 2791 4636 oculi
2829 4577 3008 4641 nostri,
3052 4587 3098 4630 et
3130 4589 3310 4629 ntanus
3343 4580 3533 4626 nostra:
3556 4573 3816 4623 contrecta-

2243 4692 2415 4739 rerunt
2446 4682 2519 4751 (Ι.
2551 4676 2708 4731 Joan.
2748 4677 2797 4729 ι.
2836 4671 2905 4744 l).
2930 4670 3064 4724 \‘ide
3092 4677 3267 4723 autem
3298 4680 3483 4720 eorum
3512 4662 3600 4717 vel
3625 4661 3739 4715 hinc
3760 4671 3814 4710 ex

2247 4775 2505 4848 protemio
2531 4772 2799 4830 virtutem,
2828 4766 2916 4836 qui
2943 4779 3064 4819 cum
3089 4770 3164 4816 tot
3191 4769 3245 4814 ct
3267 4766 3407 4814 tanta
3435 4765 3652 4827 propter
3674 4753 3818 4806 Deum

2247 4871 2387 4941 passi
2415 4875 2617 4930 essent,
2639 4879 2666 4916 a
2692 4861 2855 4932 patria
2888 4867 2941 4912 et
2966 4857 3209 4910 libertate
3238 4850 3580 4905 excidissent.
3612 4842 3822 4914 pericula

2247 4959 2521 5020 adiisscnt,
2564 4954 2651 5009 alii
2682 4961 2857 5005 autem
2897 4948 2949 5001 in
2977 4945 3149 5014 fugam
3177 4941 3301 5006 acti,
3335 4947 3543 4993 montes
3567 4945 3622 4990 et
3658 4932 3823 4987 solitu-

2248 5054 2401 5108 dines
2446 5050 2913 5118 persequerentur,
2966 5037 3099 5091 nihil
3148 5048 3333 5089 eorum
3381 5029 3594 5086 interim
3640 5026 3823 5084 dicunt,

2249 5116 2519 5205 videlicet,
2548 5137 2659 5192 l-loe
2688 5143 2742 5189 et
2771 5131 2899 5186 illud
2929 5128 3067 5201 passi
3099 5139 3287 5181 sumus
3312 5132 3523 5194 propter
3554 5128 3626 5181 te,
3652 5116 3717 5172 da
3745 5128 3826 5168 no-

2254 5237 2335 5291 bis
2360 5232 2654 5289 auxilium:
2687 5225 2780 5280 sed
2824 5233 3092 5292 tamquam
3144 5216 3259 5270 haec
3302 5215 3381 5269 eis
3418 5212 3687 5270 deessent,
3724 5218 3829 5275 qua!

2249 5328 2371 5397 jure
2395 5322 2585 5378 afferre
2616 5324 2851 5389 possent,
2886 5327 2985 5368 nec
3034 5309 3278 5365 fiduciam
3311 5321 3374 5361 ex
3416 5302 3527 5358 suis
3576 5300 3722 5355 factis
3750 5302 3826 5347 ha-

2254 5420 2462 5482 berent,
2508 5415 2573 5469 ad
2611 5428 2675 5467 ea
2706 5428 2822 5480 qua:
2866 5408 3006 5462 Deus
3044 5402 3334 5471 majoribus
3375 5399 3586 5453 illorum
3628 5396 3827 5451 fecerat,

2255 5509 2585 5579 confugiunt.
2616 5504 2722 5558 Eos
2747 5500 2890 5555 enim
2928 5497 3017 5569 qui
3050 5494 3295 5550 fiduciam
3325 5506 3430 5546 nou
3472 5488 3688 5547 habent.
3731 5482 3829 5533 hanc

2259 5602 2433 5657 facere
2462 5613 2565 5651 non
2596 5606 2676 5650 eSt
2708 5589 3028 5651 mirandum,
3075 5602 3198 5641 cum
3249 5585 3393 5654 ipsos
3435 5579 3498 5633 ad
3548 5580 3649 5631 huc
3675 5571 3829 5629 trahat

2261 5694 2550 5751 necessitas
2581 5707 2594 5744 :
2623 5704 2743 5744 cum
2774 5696 2953 5743 autem
2996 5682 3091 5749 illi,
3124 5680 3211 5750 qui
3240 5676 3486 5747 quoniam
3520 5682 3665 5727 recte
3707 5670 3829 5720 fece-

2264 5795 2411 5851 runt,
2441 5783 2718 5853 magnifice
2757 5777 2899 5850 loqui
2946 5783 3191 5848 possunt,
3238 5770 3416 5825 nolunt
3445 5782 3505 5822 ex
3539 5766 3603 5820 iis
3628 5758 3831 5822 servari,
