4030 6438
297 427 384 486 luti

313 550 401 607 sed
426 565 495 605 ex
520 548 624 605 Dei
672 549 1044 623 benignitate,
1076 566 1176 622 qua
1214 550 1268 605 in
1309 558 1486 622 patres
1516 566 1643 606 usus
1683 556 1788 617 est,
1829 547 1935 602 huc

320 655 397 701 est
420 658 679 719 magnum
707 654 1096 718 argumentum
1115 658 1297 700 eorum
1319 641 1671 703 humilitatis:
1705 638 1932 713 prompti

326 747 497 793 autem
529 749 585 797 et
610 736 811 792 alacris
840 740 927 793 sul
959 737 1119 792 animi
1147 752 1250 791 non
1289 749 1513 807 parvam
1560 733 1686 788 hinc
1726 747 1938 805 quoque

331 846 541 889 causam
572 838 838 886 statuunt.
871 829 1080 886 Sufllcit
1106 829 1243 884 enim
1278 828 1372 884 Dei
1401 828 1485 883 vel
1511 826 1626 882 sola
1652 823 1938 900 appellatio

330 925 393 981 ad
423 924 757 998 proﬂiganda
789 923 933 983 bella
966 924 1260 979 innumera.

408 1018 466 1072 2.
502 1016 689 1072 Patres
710 1017 862 1089 ofﬁcii
880 1017 963 1071 sui
987 1026 1271 1075 monentur.
1289 1014 1643 1073 Historiarum
1672 1029 1934 1070 sacrarunt

336 1110 551 1167 utilitas.
580 1139 653 1150 —
678 1127 699 1162 ι
736 1107 920 1163 Patres
947 1108 1105 1165 nostri
1129 1106 1551 1162 annuntiaverunt
1581 1105 1742 1159 nobis.
1775 1123 1794 1157 ι
1830 1104 1939 1158 Au-

337 1204 467 1273 dite,
491 1212 753 1276 quotquot
775 1202 1002 1257 tiliorum
1031 1200 1228 1256 nullam
1250 1216 1432 1256 curam
1450 1199 1634 1270 geritis
1657 1216 1669 1252 :
1690 1197 1937 1269 quicum-

337 1313 440 1370 que
468 1312 565 1352 eos
612 1294 863 1353 carmina.
894 1293 1155 1350 diabolica
1203 1301 1458 1350 canentes
1500 1290 1763 1357 toleratis,
1804 1303 1935 1343 con-

340 1389 582 1445 temnitis
602 1404 732 1443 vero
760 1386 967 1442 divinas
1005 1386 1358 1443 narrationes.
1390 1381 1496 1440 Sed
1539 1398 1644 1437 non
1690 1380 1741 1435 hi
1787 1379 1933 1452 ejus-

339 1480 507 1548 modi,
536 1480 646 1535 sed:
672 1481 726 1535 in
772 1478 1185 1537 narrationibus.
1217 1478 1592 1548 prmclarorum
1636 1474 1731 1530 Dei
1772 1471 1938 1529 facto-

338 1591 459 1629 rum
487 1574 646 1628 vitam
684 1571 899 1629 assidue
947 1570 1361 1639 consumebant;
1401 1570 1457 1629 et
1491 1568 1684 1641 duplex
1731 1567 1934 1622 lucrum

339 1667 628 1723 faciebant.
673 1664 806 1721 Nam
858 1671 910 1725 et
956 1664 1046 1736 qui
1095 1664 1358 1721 beneficio
1397 1662 1574 1721 allecti
1603 1670 1776 1727 erant,
1808 1660 1935 1723 dum

338 1758 723 1815 beneficiorum
767 1758 1197 1820 recordarentur,
1230 1756 1480 1817 meliores
1507 1753 1807 1811 evadebant
1838 1771 1852 1809 :
1883 1762 1947 1825 et,

340 1849 433 1923 qui
472 1866 536 1905 ex
571 1849 673 1906 illis
714 1849 816 1904 orti
854 1856 1028 1913 erant,
1060 1864 1164 1907 non
1210 1863 1430 1918 parvum
1483 1847 1577 1902 Dei
1618 1846 1938 1920 cognitionis

339 1949 714 2012 argumentum
743 1940 1027 1996 sumebant
1053 1955 1116 1996 ex
1162 1939 1245 1997 his
1285 1937 1699 2005 narrationibus,
1726 1946 1778 1993 et
1806 1937 1960 1992 inci-.

340 2036 592 2089 labantur
615 2032 682 2090 ad
707 2031 1014 2091 imitandam
1042 2032 1310 2087 virtutem.
1338 2030 1431 2089 Eis
1468 2030 1610 2085 enim
1639 2028 1760 2089 libri
1785 2035 1957 2084 erant.

340 2140 433 2181 ora
461 2140 670 2191 eorum,
700 2124 789 2195 qui
819 2123 964 2192 ipsos
1007 2132 1339 2197 genuerunt,
1367 2122 1648 2193 omnisque
1677 2121 1865 2177 schola
1878 2130 1955 2179 et

338 2217 520 2273 omnis
546 2216 771 2275 diatriba
809 2215 906 2275 has
932 2216 1161 2274 habebat
1189 2216 1544 2283 narrationes,
1576 2213 1771 2286 quibus
1806 2213 1938 2269 nihil

337 2321 458 2367 erat
479 2308 786 2381 jucundius,
828 2308 959 2364 nihil
997 2310 1196 2365 utilius.
1251 2307 1311 2365 Si
1351 2307 1494 2363 enim
1538 2323 1717 2362 rerum
1765 2307 1937 2361 solum

340 2402 696 2466 narrationes,
727 2399 1046 2477 tabulasque,
1076 2409 1130 2457 et
1158 2399 1404 2470 figmenta
1432 2400 1606 2454 soleat
1631 2414 1775 2470 saepe
1801 2396 1939 2454 mul-

341 2505 423 2548 tos
449 2493 715 2553 consolari
758 2492 1031 2551 auditores
1060 2508 1074 2546 :
1116 2492 1284 2547 multo
1321 2491 1493 2565 magis
1531 2489 1648 2547 haec
1674 2506 1794 2563 qua:
1819 2504 1937 2545 ma-

339 2601 502 2655 gnam
529 2584 884 2640 ostendebant
921 2583 1351 2652 beneficentiam,
1378 2583 1693 2656 potentiam,
1721 2582 1938 2655 sapien-

340 2677 492 2741 tiam,
538 2690 743 2743 curam,
775 2683 830 2731 et
871 2690 976 2733 una
1003 2689 1124 2734 cum
1150 2672 1753 2745 voluptate~auditorem
1793 2673 1940 2728 exci-

343 2769 563 2831 tabant,
595 2775 648 2822 et
672 2767 955 2825 meliorem
981 2765 1302 2827 reddebant.
1335 2764 1443 2832 Qui
1475 2764 1622 2824 enim
1654 2764 1786 2821 dum
1812 2764 1935 2821 haec

341 2859 1045 2935 agerenturinterl‘uerant,
1058 2865 1113 2919 et
1131 2859 1250 2915 visu
1270 2866 1624 2932 exceperant,
1638 2872 1702 2914 ea
1714 2856 1959 2921 auditulw;

342 2953 660 3017 tradebant,
683 2960 736 3011 et
763 2951 832 3007 ad
861 2950 1019 3007 [idem
1050 2948 1355 3005 faciendam
1384 2966 1495 3006 non
1514 2950 1699 3008 minus
1717 2950 1957 3007 valebat

340 3046 762 3116 auditus,quam
779 3045 953 3102 visus.
967 3041 1086 3098 Non
1106 3042 1290 3101 minus
1305 3042 1450 3098 enim
1465 3043 1819 3100 eredebantii
1837 3043 1956 3115 qui

340 3156 454 3194 non
484 3138 799 3204 adfuerant,
824 3152 927 3197 nec
954 3136 1230 3201 viderant,
1257 3150 1422 3207 quam
1449 3136 1487 3190 ii
1518 3136 1611 3205 qui
1642 3136 1936 3193 adfuerant

338 3240 395 3289 et
416 3231 671 3287 viderant
709 3250 721 3286 :
762 3232 871 3286 hoc
902 3244 1125 3301 quoque
1148 3244 1244 3285 eos
1280 3244 1389 3284 non
1421 3244 1616 3301 parum
1641 3229 1937 3285 exercebat

341 3324 409 3375 a:l
430 3323 616 3383 ﬁdem.
646 3322 947 3378 Videamus
969 3328 1152 3376 autem
1184 3321 1279 3393 qui
1301 3320 1602 3384 narrarint,
1627 3329 1681 3376 ct
1710 3336 1839 3375 num
1863 3320 1965 3376 si-.

341 3415 488 3468 milis
526 3412 840 3485 argumenti
872 3412 1247 3468 meminerint.
1293 3410 1397 3479 Qui
1427 3413 1577 3468 enim
1611 3420 1697 3469 est
1729 3412 1961 3484 aliquid.

341 3515 659 3577 rogaturus,
679 3513 733 3560 et
753 3504 1088 3576 postulatum
1107 3512 1529 3571 consecuturus,
1560 3521 1625 3570 ex
1656 3505 1782 3560 data
1815 3507 1957 3562 aliis.

339 3598 519 3668 gratia
550 3614 675 3653 cum
697 3604 913 3671 oportet
947 3604 1128 3667 petere
1150 3596 1371 3652 similia.
1392 3596 1548 3664 Quod
1579 3606 1761 3654 autem
1788 3597 1937 3662 dico,

340 3701 427 3748 est
458 3691 767 3761 ejusmodi:
795 3690 932 3762 petit
955 3690 1158 3761 aliquis
1183 3689 1425 3747 famulus
1449 3706 1478 3744 a
1508 3692 1669 3747 nobis
1695 3693 1936 3748 donum:

342 3785 386 3840 si
410 3784 715 3840 ostenderit
734 3784 904 3839 alium
925 3799 1147 3855 quoque
1169 3785 1221 3839 id
1237 3785 1540 3855 accepisse,
1556 3785 1849 3840 maximam
1864 3785 1941 3840 af-

250 3942 267 3956 .
341 3878 449 3932 lert
474 3876 772 3943 rationem,
797 3891 898 3934 cur
921 3877 975 3934 id
995 3876 1189 3933 debeat
1205 3877 1476 3950 accipere,
1507 3878 1614 3935 nisi
1629 3877 1943 3947 exemplum

339 3968 506 4023 laedat
539 3966 872 4023 differentia.
910 3967 1281 4027 Dill'erentiam
1318 3977 1502 4024 autem
1535 3967 1661 4024 dico
1692 3983 1943 4040 persona:

342 4063 427 4119 vel
465 4067 565 4119 rei.
594 4061 809 4118 Sienim
841 4064 935 4135 qui
956 4062 1753 4134 accepit,,talis.sit,qualisqui
1784 4064 1937 4133 petit,

340 4156 480 4211 ruit]
501 4155 649 4227 quod
675 4156 898 4226 petitur,
922 4155 1125 4218 simile,
1146 4162 1258 4212 stat
1279 4157 1587 4231 exemplum
1608 4173 1622 4211 :
1646 4157 1731 4212 sin
1754 4165 1936 4215 autem

343 4246 435 4306 ille
462 4248 686 4321 quidem
712 4246 837 4319 jure
865 4246 1106 4322 accepit,
1128 4247 1220 4302 hic
1253 4257 1437 4303 autem
1469 4264 1579 4304 non
1613 4248 1825 4315 itidem,
1850 4263 1941 4319 po-

343 4342 647 4399 stulatione
659 4341 852 4411 majori
871 4343 1151 4413 eritopus.
1170 4341 1409 4403 Necesse
1421 4352 1505 4399 est
1525 4350 1705 4397 autem
1723 4341 1777 4396 id
1791 4342 1938 4413 quod

345 4435 473 4489 dico
486 4433 840 4489 manifestum
855 4432 1039 4493 facere
1056 4452 1120 4491 ex
1137 4434 1777 4506 Scriptttris.Chanana2a
1791 4440 1941 4507 post-

345 4542 513 4597 quam
539 4524 866 4591 audiit,Non
885 4536 964 4582 est
987 4529 1182 4583 bonum
1200 4528 1438 4599 accipere
1463 4544 1651 4597 panem
1675 4528 1937 4598 ﬁliorum,

344 4632 393 4673 et
428 4617 561 4672 dare
582 4617 823 4689 canibus,
843 4619 979 4679 dicit
1005 4638 1017 4674 :
1052 4618 1260 4685 Etiam,
1283 4619 1541 4677 Domine:
1558 4637 1684 4675 nam
1699 4632 1748 4679 et
1772 4621 1941 4676 catuli

338 4706 495 4759 edunt
522 4706 597 4761 de
619 4707 985 4763 micismense
1003 4707 1324 4767 dominorum
1351 4726 1561 4764 suorum
1605 4708 1821 4781 (Matth.
1849 4709 1939 4765 15.

341 4800 433 4857 26.
461 4799 579 4873 ‘27).
610 4800 673 4856 Et
698 4799 899 4858 Paulus
920 4817 1108 4865 rursus
1138 4804 1154 4835 ⁸
1184 4801 1446 4867 scribens,
1478 4802 1725 4858 dicebat:
1760 4802 1822 4859 Si
1849 4801 1939 4858 alii

340 4905 521 4948 restria
564 4895 819 4963 potestatis
859 4907 978 4950 sunt
1025 4896 1315 4968 participes,
1349 4898 1510 4951 multo
1539 4896 1701 4968 magis
1744 4912 1838 4951 nos
1860 4896 1937 4969 (l.

341 4986 463 5040 Cor.
493 4985 546 5041 9.
585 4986 673 5056 l2)
703 5004 716 5040 :
749 5003 816 5042 ex
851 5003 1093 5058 persona:
1120 4988 1421 5047 differentia
1449 5005 1509 5046 se
1536 4990 1807 5062 plusjuris
1836 4990 1939 5045 ha-

341 5080 471 5137 bere
498 5080 808 5139 ostendeus.
855 5082 925 5137 Et
961 5098 1147 5141 rursus
1181 5083 1424 5141 scribens
1451 5084 1517 5140 ad
1546 5083 1937 5156 Philemonem,

335 5172 566 5227 dicebat
590 5189 603 5229 :
631 5173 765 5242 Quia
804 5175 993 5231 uiscera
1032 5186 1324 5234 sanctorum
1372 5180 1719 5251 requieverunt
1755 5195 1845 5251 per
1872 5188 1937 5247 te,

339 5269 504 5335 frater
532 5283 550 5318 :
578 5276 779 5343 propter
803 5268 951 5339 quod
969 5270 1183 5324 multam
1217 5270 1460 5349 ﬁduciam
1498 5270 1687 5327 habens
1711 5273 1766 5328 in
1794 5271 1940 5328 Citri-

338 5368 419 5410 sto
459 5354 588 5415 Iesu
619 5359 905 5430 imperandi
952 5361 1040 5414 tibi
1069 5362 1203 5435 quod
1246 5362 1313 5416 ad
1339 5378 1443 5417 rem
1471 5363 1704 5434 pertinet,
1736 5376 1942 5435 propter

338 5449 607 5505 caritatem
641 5452 802 5522 magis
840 5452 1044 5507 obsecro
1078 5452 1321 5525 (Philem.
1356 5471 1405 5509 υ.
1436 5456 1488 5510 7.
1522 5454 1598 5529 8).
1639 5456 1736 5512 Hic
1767 5466 1938 5514 estex

334 5559 493 5614 :rquo
536 5546 858 5617 exemplum.
886 5546 1114 5614 Quando
1139 5548 1281 5611 enim
1310 5548 1514 5622 primus
1554 5547 1714 5607 fuerit
1737 5551 1826 5621 qui
1854 5566 1942 5606 ae-

335 5635 500 5704 ccpit,
524 5635 688 5693 veluti
731 5639 1016 5708 quamdam
1047 5639 1283 5697 secundo
1328 5639 1542 5708 ianuam
1572 5643 1763 5711 aperit,
1791 5642 1837 5700 si
1868 5643 1941 5700 si-

334 5727 478 5781 milis
505 5728 578 5782 sit
606 5727 694 5799 qui
727 5738 812 5784 est
859 5729 1140 5800 petiturus,
1188 5731 1270 5795 vel
1299 5732 1344 5789 si
1391 5733 1576 5789 eadem
1628 5742 1791 5807 petat.
1826 5733 1941 5791 Non

394 5906 409 5937 ⁸
452 5905 505 5959 lu
531 5905 700 5961 Morel.
724 5920 838 5969 vox,
866 5908 1247 5971 rttrsttshtleest.

1435 427 1793 490 EXPOSITIO
1832 428 1903 485 IN
1936 428 2253 487 PSALMUM
2295 434 2477 490 XLIII.
3552 445 3651 501 ΠΟ

2053 547 2228 605 solum
2255 560 2543 606 autonrvcx
2578 552 2665 621 iis,
2701 569 2820 625 quae
2863 557 2984 614 aliis
3013 557 3134 615 data
3177 570 3321 627 sunt,
3362 563 3455 620 sed
3490 581 3554 622 ex
3585 567 3650 622 iis

2046 639 2205 695 etiam
2236 654 2363 711 quas
2398 642 2580 703 invnos
2624 644 2769 716 ipsos
2806 657 2963 707 antea
3007 650 3201 708 collata
3243 664 3386 721 sunt,
3416 656 3474 715 lit
3502 673 3646 727 θωνα

2045 731 2537 803 ιίιιὶιιευροθιυιςιιὶο
2579 753 2592 791 :
2627 737 2771 807 quod
2800 740 2960 795 etiam
2999 740 3122 801 fecit
3157 743 3355 802 Paulus
3396 746 3641 804 scribens

2042 823 2109 881 ad
2140 823 2528 896 Philippenses,
2550 839 2613 885 et
2633 830 2816 886 dicens
2842 851 2854 887 :
2881 833 3134 901 Quoniam
3155 846 3201 891 et
3228 835 3644 895 Thessalonicam

2044 915 2199 968 semel
2222 926 2267 969 et
2297 916 2478 972 iterum
2520 920 2656 990 quod
2698 921 2825 979 mihi
2868 926 2982 980 usui
3029 926 3258 995 futurum
3302 939 3411 984 erat
3438 931 3644 986 misistis

2047 1006 2305 1079 (Philipp.
2330 1011 2384 1065 4.
2419 1011 2531 1084 16).
2565 1013 2631 1071 Ει
2661 1014 2782 1072 ideo
2813 1015 2961 1075 inulti
2988 1017 3080 1088 qui
3106 1020 3284 1075 multis
3309 1020 3508 1079 donant
3538 1024 3638 1079 hoc

2043 1100 2380 1171 prmcipiunt,
2411 1117 2480 1161 nc
2506 1102 2557 1161 id
2585 1102 2766 1161 dicant
2799 1105 2918 1164 aliis
2944 1124 2955 1158 :
2989 1123 3058 1163 ne
3085 1109 3136 1164 in
3164 1126 3327 1169 unum
3354 1114 3489 1171 facta
3513 1129 3607 1188 gra
3628 1146 3641 1156 -

2043 1191 2137 1260 tia,
2165 1192 2213 1248 ei
2241 1193 2331 1265 qui
2358 1193 2524 1260 dedit,
2558 1196 2755 1257 multos
2785 1199 3038 1268 petitores
3068 1202 3285 1269 excitet,
3316 1213 3496 1275 utpote
3516 1221 3641 1263 cum

2044 1298 2149 1337 non
2198 1286 2364 1355 possit
2409 1287 2796 1359 subterfugium
2839 1292 3080 1350 invenire
3116 1297 3206 1369 qui
3236 1297 3405 1366 dedit,
3437 1302 3645 1369 quomi.

2042 1390 2145 1431 nus
2172 1376 2265 1435 det
2286 1378 2422 1437 aliis.
2465 1379 2533 1437 Et
2563 1380 2665 1436 hoc
2689 1382 2905 1453 quidem
2947 1385 3139 1445 merito
3159 1386 3350 1459 jubent
3374 1390 3639 1459 homines,

2043 1474 2101 1523 ut
2145 1468 2235 1537 qui
2282 1468 2460 1529 dando
2512 1469 2642 1527 fiant
2685 1475 3076 1547 pauperiores:
3109 1478 3248 1535 Deus
3297 1490 3491 1542 autem
3519 1499 3647 1541 con-

2043 1563 2122 1614 tra
2151 1558 2404 1629 praedicat
2443 1570 2500 1617 et
2537 1564 2832 1638 proclamat
2864 1582 2931 1623 ea
2967 1583 3086 1639 qua:
3121 1569 3217 1627 dat
3257 1556 3397 1642 aliis,
3441 1584 3498 1631 ut
3525 1576 3645 1634 aliis

2044 1648 2204 1704 etiam
2255 1652 2492 1721 praebeat
2539 1657 2875 1716 occasionem
2927 1676 3116 1720 rursus
3176 1664 3246 1721 ab
3292 1681 3360 1723 eo
3407 1670 3641 1739 petendi.

2042 1739 2228 1797 Danda
2250 1744 2395 1801 enim
2423 1746 2654 1817 majores
2674 1749 2792 1824 ejus
2804 1754 3174 1814 ostenduntur
3189 1758 3409 1817 divitiae.
3436 1762 3505 1821 Et
3525 1761 3647 1819 ideo

1996 1872 2001 1875 ς
2043 1832 2173 1927 dicit
2202 1835 2399 1894 Paulus
2433 1856 2447 1895 :
2477 1838 2579 1906 Qui
2608 1841 2753 1899 dives
2774 1855 2849 1901 est
2895 1847 2949 1901 in
2993 1865 3189 1920 omnes,
3230 1861 3276 1911 rt
3301 1870 3456 1927 super
3474 1872 3647 1913 omnes

2042 1926 2330 2021 invocantes
2357 1946 2471 1988 eum
2494 1930 2670 2005 (Rom.
2704 1935 2790 1994 l0.
2822 1938 2933 2011 12).
2977 1939 3165 1999 Vidisti
3214 1926 3405 2005 novam
3452 1965 3647 2021 quatu-

2044 2018 2169 2081 dam
2220 2031 2465 2085 naturam
2515 2024 2866 2086 divitiarum?
2910 2032 3040 2089 Eam
3089 2047 3144 2093 tu
3190 2054 3403 2110 quoque
3439 2018 3647 2100 imitare

2044 2116 2511 2193 magnificentiam.
2560 2122 2786 2195 Quando
2832 2129 2976 2189 enim
3021 2145 3152 2200 opes
3206 2134 3467 2205 repositas
3517 2154 3647 2197 eon-

2043 2211 2359 2282 sumpseris,
2383 2219 2510 2270 tunc
2539 2213 2682 2285 ipsas
2725 2219 2894 2289 magis
2930 2221 3151 2292 augebis
3181 2241 3197 2282 :
3230 2226 3274 2281 si
3300 2236 3477 2284 autem
3507 2230 3646 2285 lnfo~

2043 2301 2210 2373 deris,
2241 2304 2384 2375 ipsas
2425 2315 2553 2367 tunc
2588 2310 2757 2382 magis
2786 2312 3078 2373 diminucs.
3106 2316 3172 2377 Et
3210 2317 3335 2389 quid
3365 2322 3557 2383 mirum
3603 2325 3647 2379 sl

2046 2392 2149 2450 hoc
2192 2396 2386 2455 accidit
2430 2398 2485 2459 in
2533 2400 2921 2470 spiritualibus,
2973 2419 3094 2466 cum
3143 2405 3248 2467 hoc
3290 2396 3381 2471 fiat
3403 2411 3566 2469 etiam
3595 2415 3647 2470 in

2043 2488 2388 2549 carnalibus?
2428 2491 2485 2550 Si
2514 2493 2633 2567 quis
2675 2495 2819 2557 enim
2862 2512 3080 2568 propter
3108 2502 3494 2572 parcimoniam
3536 2506 3646 2562 fru-

2044 2589 2284 2643 mentum
2313 2582 2460 2639 domi
2508 2585 2669 2643 situm
2710 2603 2818 2649 non
2861 2593 3274 2661 consumpserit,
3317 2611 3417 2653 nec
3448 2597 3500 2652 in
3534 2607 3648 2655 ter-

2045 2686 2159 2726 ram
2181 2673 2397 2762 jecerit,
2442 2675 2494 2735 id
2521 2678 2794 2737 vermibus
2824 2681 3165 2743 exedendum
3203 2685 3362 2742 tradit
3393 2702 3409 2741 :
3439 2689 3521 2745 sin
3550 2705 3647 2746 au—

2048 2774 2155 2822 tem
2177 2766 2512 2839 disperserit,
2534 2771 2793 2844 majorem
2822 2789 3054 2835 messem
3073 2776 3310 2848 colliget.

2116 2858 2171 2915 5.
2216 2859 2441 2918 Divitem
2477 2879 2675 2923 summa
2703 2878 2999 2937 paupertas.
3049 2900 3113 2911 -—
3144 2870 3342 2930 Audite
3381 2883 3641 2946 quotquot

2045 2949 2177 3008 estis
2196 2951 2333 3009 tardi
2364 2951 2881 3028 adeleemosyaam.
2913 2958 3107 3019 Audite
3135 2961 3227 3032 qui
3254 2963 3405 3020 vobis
3432 2965 3648 3023 divitias.

2044 3044 2308 3105 servando
2336 3045 2661 3107 diminuitis.
2697 3051 2891 3111 Audite
2924 3054 3015 3124 qui
3057 3054 3225 3111 nihilo
3250 3058 3445 3114 melius
3471 3060 3644 3117 aﬂ'eeti

2046 3136 2404 3209 eSIis,.quam.
2436 3140 2527 3210 qui
2572 3150 2696 3203 sunt
2747 3143 2802 3202 in
2828 3144 3062 3201 somniis
3101 3147 3314 3205 divites.
3344 3148 3477 3219 Qua:
3523 3167 3647 3208 sunt

2045 3228 2189 3286 enim
2246 3234 2526 3301 prmacmia
2553 3274 2569 3300 ,
2614 3237 2995 3296 suntsomnio
3036 3237 3205 3297 nihilo
3257 3241 3645 3301 meliura:sed

2046 3321 2499 3392 quemadmodum
2539 3327 2629 3397 qui
2679 3329 2732 3384 in
2785 3330 3011 3389 somniis
3040 3331 3142 3388 sibi
3174 3333 3423 3393 videntur
3447 3335 3648 3397 habere

2048 3416 2320 3485 pecunias,
2353 3416 2477 3473 licet
2500 3417 2701 3482 fuerint
2740 3424 2902 3492 regias
2942 3439 3087 3495 gaza:
3113 3425 3343 3493 domini.
3366 3444 3488 3485 cum
3531 3430 3648 3488 dies

2046 3505 2302 3574 illuxerit,
2331 3516 2456 3566 sunt
2481 3510 2718 3571 omnium
2749 3515 3072 3591 pauperrimi
3097 3534 3110 3570 :
3139 3517 3210 3576 ita
3256 3519 3420 3577 etiam
3461 3522 3511 3576 iu
3544 3521 3644 3577 vita

2046 3599 2322 3667 praesenti,
2352 3600 2443 3671 qui
2473 3601 2605 3661 nihil
2633 3603 2767 3661 illuc
2783 3604 2996 3665 auferre
3018 3608 3271 3677 potuerit,
3295 3619 3379 3668 est
3404 3613 3645 3668 omnium

2047 3693 2445 3763 pauperrimus,
2472 3694 2595 3755 licet
2614 3696 2793 3756 omnia
2820 3699 3150 3767 possederit;
3185 3702 3237 3757 in
3261 3704 3485 3760 somniis
3503 3706 3646 3761 enim

2046 3783 2217 3841 solum
2243 3784 2392 3843 dives
2415 3784 2529 3844 fuit.
2560 3787 2615 3843 Si
2646 3789 2778 3849 velis
2794 3804 2924 3860 ergo
2944 3790 3075 3845 mihi
3093 3793 3381 3852 ostendero
3401 3794 3643 3861 diuitem,

2047 3882 2174 3931 tunc
2224 3877 2354 3931 mihi
2396 3877 2629 3939 ostende
2665 3881 2880 3951 quando
2912 3881 3075 3942 fuerit
3113 3884 3264 3953 dies,
3316 3888 3534 3959 quando
3591 3892 3645 3946 in

2047 3965 2194 4023 illam
2224 3968 2450 4038 patriam
2478 3971 2905 4033 recesserimus;
2935 3990 3078 4033 nunc
3108 3986 3287 4035 autem
3314 3988 3634 4052 ttonpoteru

2045 4057 2354 4119 discernere
2379 4059 2596 4119 divitem
2625 4071 2682 4121 et
2708 4079 3019 4135 pauperem.
3051 4067 3167 4125 Non
3195 4071 3340 4128 enim
3360 4083 3441 4131 εει
3466 4089 3645 4130 rerum

2047 4150 2271 4219 veritas,
2297 4151 2390 4208 sed
2422 4154 2597 4224 potius
2622 4167 2751 4215 sunt
2770 4157 3008 4229 jucunda
3028 4171 3083 4217 et
3101 4163 3343 4231 speciosa
3366 4166 3644 4223 vocabula.

2045 4242 2505 4315 Quemadmodum
2535 4247 2678 4307 enim
2707 4251 3245 4323 nonnulliappellant
3269 4272 3445 4315 cmcos
3497 4269 3647 4317 πολυ-

2044 4343 2319 4407 ελέποντας,
2350 4335 2453 4393 hoc
2498 4348 2601 4407 est,
2624 4340 2867 4403 multum
2896 4343 3155 4410 videntes,
3186 4346 3312 4404 licet
3339 4364 3426 4408 res
3452 4367 3645 4408 nomen
3690 4358 3694 4362 '

2047 4441 2155 4483 non
2181 4436 2456 4501 sequatur,
2483 4429 2593 4486 imo
2630 4433 2667 4492 ii
2696 4435 2807 4493 sint
2842 4436 3073 4501 maxitne
3107 4440 3481 4498 non.videntes
3519 4461 3532 4498 :
3576 4445 3647 4501 ita

2048 4520 2209 4579 etiam
2237 4538 2431 4579 nomen
2458 4523 2683 4582 divitum
2720 4527 2807 4586 hic
2845 4527 2968 4587 dico
2993 4529 3325 4589 circumferri
3345 4549 3537 4596 eorum
3555 4540 3646 4610 qui

2049 4612 2181 4669 nihil
2222 4613 2331 4676 illic
2368 4616 2661 4691 possident.
2689 4618 2915 4687 Quando
2955 4623 3099 4679 enim
3143 4624 3233 4682 hic
3266 4625 3418 4685 dives
3464 4628 3645 4699 fuerit,

2047 4713 2176 4763 tunc
2200 4721 2323 4767 eum
2351 4708 2464 4765 scio
2493 4710 2723 4768 maxime
2747 4727 2867 4771 esse
2890 4729 3224 4787 pauperem:
3255 4720 3529 4780 nlsienim
3559 4740 3649 4782 es-

2048 4808 2132 4857 set
2155 4799 2309 4859 valde
2353 4815 2579 4872 pauper,
2612 4818 2718 4862 non
2752 4805 2908 4865 valde
2948 4807 3260 4872 ditescant.
3289 4814 3649 4883 Quemadmo-

2048 4889 2173 4947 dum
2198 4891 2341 4954 enim
2368 4907 2590 4962 ctecum,
2624 4896 2724 4955 nisi
2754 4899 2974 4957 omnino
2997 4912 3143 4960 esset
3161 4918 3503 4974 crematus,
3528 4927 3648 4969 non

2049 4983 2412 5056 appellassent
2457 4985 2632 5057 ipsum
2685 4996 3054 5057 πολνθλέποντα,
3085 4994 3188 5053 hoc
3235 5005 3354 5065 est,
3421 5000 3644 5056 multum

2049 5074 2319 5137 videntem
2345 5093 2360 5141 ;
2392 5076 2462 5131 ita
2489 5078 2575 5134 hic
2599 5080 2759 5135 etiam
2784 5082 3077 5152 putandum
3107 5095 3210 5142 est.
3237 5087 3490 5159 Deposita
3517 5106 3646 5161 ergo

2049 5168 2368 5242 deceptione
2397 5174 2694 5241 nominum,
2719 5178 2996 5237 veritatem
3018 5179 3356 5249 arripiamus.
3375 5181 3485 5238 nos
3504 5184 3648 5240 enirn

2051 5278 2157 5321 non
2199 5265 2502 5325 consistunt
2545 5266 2598 5325 in
2642 5269 2970 5338 nominibus,
3003 5270 3098 5326 sed
3129 5287 3308 5328 rerum
3351 5284 3536 5332 natura
3565 5279 3643 5333 cf-

2053 5357 2202 5431 llngit
2219 5360 2432 5416 nomina
2454 5376 2518 5417 ex
2543 5363 2754 5432 propria
2779 5363 3094 5421 substantia.
3122 5364 3219 5423 llic
3236 5378 3456 5427 vocatur
3473 5368 3644 5437 dives,

2052 5452 2148 5512 sed
2179 5468 2284 5511 non
2309 5463 2410 5513 est.
2457 5453 2525 5511 Et
2564 5456 2834 5524 quomodo
2864 5473 2991 5512 non.
3019 5467 3122 5525 est,
3161 5462 3377 5531 quando
3402 5465 3645 5520 .multum

2053 5545 2279 5617 argenti,
2307 5544 2530 5603 multum
2561 5546 2699 5611 auri,
2731 5546 2934 5616 lapides
2974 5551 3210 5619 pretiosi,
3240 5563 3428 5610 vestes
3442 5569 3642 5621 aurem,

2053 5646 2109 5692 et
2134 5637 2309 5695 omnia
2350 5637 2450 5692 alia
2478 5637 2527 5695 ei
2557 5636 2813 5699 affluunt?
2841 5640 3103 5707 Quoniam
3149 5660 3256 5701 non
3295 5661 3508 5713 surum,
3550 5663 3651 5704 nec

2054 5737 2255 5796 veneti,
2289 5744 2388 5791 nec
2420 5729 2682 5801 pecuniae.
2725 5729 2820 5788 sed
2861 5731 3203 5806 elcemosyns
3243 5734 3368 5792 facit
3405 5737 3647 5795 divitem.

2058 5821 2185 5877 lla‘c
2201 5821 2343 5878 enim
2375 5830 2500 5877 sunt
2536 5820 2760 5890 fanum,
2792 5823 2908 5880 haec
2948 5825 3086 5897 ligna
3127 5838 3182 5884 et
3223 5829 3439 5900 stipula.
3467 5830 3649 5898 Qualis

2062 5914 2223 5984 enim,
2265 5915 2368 5983 dic,
2406 5917 2869 5986 quiesmvestium
2896 5917 3121 5976 amictus
3151 5921 3297 5979 illum
3323 5923 3655 5983 adterribilc
