4030 6400
512 351 573 409 τι
1189 350 1248 407 s.
1285 347 1563 407 JOANNIS
1601 347 2070 408 cnnvsosrout
2112 348 2432 409 ARCHIEP.
2470 331 3006 408 coxsraxrtxor.

473 466 606 523 illud
632 463 860 522 tribunal
892 461 1092 519 nudum
1127 470 1356 517 stantem
1397 460 1609 533 operire
1644 461 1879 531 poterit?
1915 461 2066 530 Quod

471 559 868 627 pertimescens
900 554 1095 610 Paulus
1130 552 1339 607 dicebat
1368 568 1383 608 :
1424 552 1481 607 Si
1512 552 1713 623 quidem
1751 551 1935 617 induti,
1969 569 2068 605 non

474 650 599 702 nudi
624 650 931 718 reperiemur
961 644 1035 716 (2.
1084 643 1204 699 Cor.
1236 644 1288 699 5.
1319 642 1396 716 ὅ).
1427 642 1555 711 Qua:
1587 643 1825 713 pecunia:
1866 657 1988 696 eum
2015 642 2065 695 in

476 740 772 809 periculum
815 737 1099 792 adductum
1144 744 1395 806 poterunt
1428 734 1703 789 eximere?
1747 735 1835 804 qui
1885 733 2064 789 famuli

477 840 722 901 poterunt
753 828 939 882 adesse
978 826 1199 882 domino
1223 828 1311 896 qui
1342 823 1674 896 flagellatur?
1694 842 1812 896 qtne
1839 825 2067 879 domas?

476 924 564 992 qui
597 922 800 993 lapides
831 920 1088 991 pretiosi?
1116 934 1236 990 qua:
1264 918 1451 973 balnea
1483 925 1730 986 poterunt
1757 916 2066 987 abstergere

473 1013 660 1069 sordes
686 1023 962 1082 susceptas
994 1027 1061 1067 ex
1103 1010 1366 1083 peccatis?
1392 1010 1681 1081 Quousque
1715 1009 1956 1079 vosipstis
1983 1025 2067 1064 se-

470 1104 698 1159 ducitis?
745 1117 1023 1174 quousque
1076 1117 1254 1157 rerum
1310 1102 1585 1156 veritatem
1639 1115 1745 1155 non
1796 1099 2015 1154 cernitis
2048 1142 2064 1165 ,

472 1196 568 1251 sed
596 1196 822 1250 somniis
850 1194 1086 1259 initiatis,
1115 1210 1235 1250 cum
1278 1208 1446 1267 prepe
1473 1203 1526 1248 et
1573 1193 1623 1247 in
1657 1192 1858 1248 foribus
1882 1193 1950 1246 sit
1974 1192 2065 1262 ju-

471 1286 714 1342 dicium?
746 1286 850 1344 Sed
898 1295 1231 1343 revertamur
1255 1287 1319 1341 ad
1364 1301 1424 1339 ea
1469 1301 1587 1356 qua)
1615 1295 1736 1339 sunt
1773 1288 2063 1355 preposita.

477 1379 658 1434 Patres
687 1381 844 1433 nostri
883 1378 1307 1432 annuntiaverunt
1334 1377 1475 1430 nobis
1503 1393 1629 1446 Opus
1667 1376 1801 1445 quod
1826 1375 1988 1445 fecisti
2013 1375 2063 1427 in

472 1472 650 1527 diebus
690 1488 882 1538 eorum,
935 1471 988 1524 in
1040 1471 1214 1525 diebus
1258 1470 1492 1540 antiquis.
1543 1470 1724 1523 Potest
1763 1468 1921 1522 etiam
1964 1466 2065 1522 hoc

474 1563 692 1618 verbum
722 1562 857 1617 sumi
884 1561 1196 1632 anagogice.
1229 1561 1340 1616 Etsi
1369 1560 1512 1615 enim
1546 1560 1650 1614 illis
1681 1570 1858 1629 patres
1884 1574 2066 1613 narra-

474 1664 686 1721 verunt,
721 1663 894 1709 tamen
928 1654 1081 1708 nobis
1122 1653 1280 1708 etiam
1325 1651 1473 1706 dedit
1509 1652 1598 1706 Dei
1639 1651 1830 1720 gratia,
1867 1660 1921 1709 ut
1946 1665 2063 1719 quae

470 1747 610 1816 apud
649 1747 770 1801 illos
810 1746 950 1801 facta
991 1754 1135 1811 sunt,
1175 1760 1269 1815 per
1298 1744 1464 1799 sancti
1507 1744 1735 1814 Spiritus
1777 1742 2062 1798 adventum

471 1839 822 1894 disceremus.
864 1836 1143 1905 Quomodo
1183 1844 1360 1890 autem
1405 1835 1599 1905 poterit
1639 1835 1899 1905 quispiam
1950 1833 2065 1887 lucc

470 1944 686 1984 sumere
730 1926 1054 1998 anagogice?
1102 1926 1155 1982 Si
1202 1942 1262 1981 ea
1305 1926 1483 1980 trahat
1506 1925 1572 1979 ad
1616 1925 1866 1994 prtt'clara
1912 1937 2063 1978 nova:

467 2022 650 2091 gratiae
678 2019 935 2085 facinora,
961 2019 1101 2090 quod
1142 2019 1203 2073 in
1240 2019 1430 2073 cadum
1459 2017 1648 2072 sublati
1691 2016 1880 2083 simus,
1921 2015 2064 2084 quod

467 2127 635 2185 regno
660 2111 807 2184 digni
835 2111 1002 2166 simus
1034 2110 1221 2177 habiti,
1250 2111 1389 2181 quod
1425 2111 1563 2165 Deus
1592 2108 1753 2163 homo
1781 2107 1950 2164 factus
1971 2108 2060 2175 sit,

466 2205 606 2274 qttod
638 2203 812 2258 solvat
840 2202 1210 2257 intermedium
1234 2203 1376 2273 scpis
1407 2200 1706 2255 maceriam.
1739 2197 1845 2255 Sed
1876 2200 2061 2254 redea-

468 2309 591 2352 mus
617 2295 682 2350 ad
714 2295 1011 2350 historiam.
1034 2293 1176 2365 Opus
1195 2295 1330 2366 quod
1358 2303 1593 2364 operatus
1617 2310 1668 2349 es
1697 2294 1749 2347 in
1773 2293 1946 2347 diebus
1974 2309 2060 2346 eo-

464 2404 598 2454 rum,
639 2388 691 2442 in
740 2386 914 2441 diebus
953 2387 1191 2457 antiquis.
1232 2385 1472 2441 Meminit
1516 2385 1793 2454 cujusdam
1832 2384 2062 2455 antiqua:

466 2477 807 2544 narrationis,
834 2485 886 2531 et
912 2492 1032 2547 qua:
1079 2476 1333 2546 praeclare
1356 2475 1483 2530 olim
1511 2475 1645 2531 facta
1673 2484 1796 2530 sunt
1825 2474 2057 2530 adducit.

466 2569 529 2624 lit
550 2583 646 2623 cur
666 2583 771 2622 non
802 2567 1030 2637 alicujus
1061 2568 1180 2621 novi
1214 2566 1499 2622 meminit?
1516 2566 1778 2634 Quoniam
1802 2565 1943 2636 apud
1962 2566 2060 2621 ho-

465 2659 635 2714 mines
663 2658 878 2731 quidem
913 2657 1038 2728 jure
1080 2674 1165 2725 ea,
1206 2673 1326 2729 qua:
1370 2667 1493 2713 sunt
1520 2672 1710 2713 recens
1750 2668 1886 2723 acta,
1936 2672 2063 2712 nar-

464 2767 644 2807 ramus
668 2771 683 2807 :
712 2759 768 2807 et
786 2767 880 2821 per
904 2766 964 2806 ea
993 2752 1136 2821 ipsos
1156 2750 1493 2817 attrahimus,
1527 2752 1864 2821 quiaeorum
1888 2751 2058 2806 imbe-

463 2844 587 2897 cilla
641 2852 726 2898 est
778 2842 1084 2897 memoria:
1130 2842 1240 2897 Deo
1285 2851 1462 2896 autem
1513 2857 1664 2912 aeque
1713 2851 1837 2896 sunt
1883 2842 2060 2896 omnia

461 2934 697 3006 cognita,
726 2944 783 2991 et
821 2944 1024 3000 vetera,
1072 2944 1127 2989 et
1170 2948 1324 2989 nova.
1354 2933 1487 2988 Ecce
1530 2935 1710 2999 enim,
1762 2935 1964 3003 inquit,
2007 2944 2061 2988 tu

461 3026 737 3097 cognovisti
765 3027 955 3093 omnia,
988 3026 1259 3079 novissima
1287 3034 1334 3079 et
1358 3026 1567 3098 antiqua
1598 3023 1770 3099 (Psal.
1824 3026 1946 3082 138.
1979 3026 2057 3098 5).

462 3117 584 3171 ΝἱΙίΙ
639 3126 818 3171 autem
864 3115 1032 3171 refert
1080 3132 1149 3171 an
1206 3125 1465 3179 veterem,
1512 3132 1579 3171 an
1636 3131 1826 3171 novam
1874 3133 2058 3172 [ιιι-ιη-

463 3210 665 3265 tionem
705 3209 827 3279 quis
871 3208 1087 3271 dixerit,
1134 3209 1295 3264 modo
1324 3210 1395 3263 sit
1420 3211 1691 3280 preposito
1711 3211 2056 3265 conveniens.

462 3302 762 3369 Quamnam
830 3312 1009 3357 autem
1062 3302 1173 3356 vult
1233 3302 1503 3372 antiquam
1561 3302 1743 3357 dicere
1797 3304 2060 3357 narratio-

468 3395 641 3451 nem?
683 3394 996 3450 Audiamus.
1038 3396 1091 3450 3.
1145 3394 1337 3450 Manus
1384 3405 1469 3448 tua
1510 3378 1678 3467 gente;
1726 3395 2057 3468 disperdidit,

464 3499 512 3543 et
557 3488 798 3559 pluntasti
842 3504 929 3542 eos
968 3507 987 3542 :
1031 3488 1253 3559 amisisti
1296 3488 1538 3559 populos,
1587 3498 1640 3542 et
1677 3489 1913 3560 expulisti
1955 3506 2062 3549 eos.

465 3579 846 3651 Agnovistisne
899 3579 1169 3651 quodnam
1226 3580 1420 3634 bellum
1466 3579 1648 3647 dicat,
1693 3596 1848 3651 quam
1891 3581 2061 3636 victo-

472 3672 630 3739 riam,
661 3671 802 3742 quod
833 3670 1135 3742 troporum?
1164 3685 1369 3741 opusne
1412 3671 1638 3737 habetis,
1672 3681 1728 3726 ut
1759 3671 1810 3727 id
1851 3686 1880 3725 a
1908 3672 2063 3728 nobis

463 3762 804 3819 declaretur?
834 3763 1094 3818 Existimo
1118 3763 1333 3835 quidem
1362 3763 1559 3819 multos
1582 3764 1693 3836 jam
1736 3752 2062 3821 intellexisse

463 3855 608 3925 quod
636 3855 873 3921 dicitur;
927 3866 1147 3926 propter
1181 3872 1276 3911 eos
1304 3865 1484 3911 autem
1518 3859 1607 3926 qui
1645 3857 1910 3926 ignorant,
1962 3870 2056 3911 ne-

464 3961 616 4002 cesse
644 3947 949 4016 estaliquid
993 3958 1231 4002 nostrmu
1271 3946 1486 4003 addere.
1517 3948 1754 4016 Quorum
1791 3965 1918 4020 ergo
1950 3959 2059 4003 tro-

471 4052 730 4104 pmorum,
758 4051 991 4107 quorum
1033 4036 1326 4093 facinorum
1378 4040 1661 4094 meminit?
1703 4041 1901 4096 Eorum
1942 4057 2062 4112 quae

469 4131 523 4183 in
575 4128 840 4201 Egypto,
880 4143 1067 4183 eorum
1115 4145 1234 4199 qua:
1280 4131 1332 4184 in
1368 4131 1618 4196 deserto,
1645 4147 1831 4188 eorum
1858 4149 1977 4204 quae
2011 4134 2060 4187 in

469 4230 617 4274 terra
668 4220 1042 4291 promissionis
1100 4220 1235 4276 facta
1290 4231 1459 4283 sunt,
1510 4223 1593 4277 vel
1653 4224 1828 4293 potius
1874 4241 2060 4280 eorum

467 4329 590 4382 qua:
640 4313 694 4367 in
741 4313 1118 4384 promissione.
1171 4313 1355 4384 Neque
1391 4315 1534 4370 enim
1579 4315 1625 4369 ii'
1658 4318 1745 4386 qui
1783 4331 1845 4372 ex
1895 4317 2064 4389 Egy-

468 4413 561 4474 pto
604 4407 804 4476 egressi
854 4413 1016 4469 sunt,
1060 4416 1418 4476 pervenerunt
1462 4406 1514 4460 in
1565 4406 1923 4473 Palaestinam,
1968 4410 2063 4463 sed

466 4514 656 4554 omnes
698 4499 1005 4555 ceciderunt
1035 4500 1085 4555 iu
1111 4498 1374 4571 deserto~(
1404 4499 1662 4557 Nam”.
1689 4502 1782 4567 2‘5;
1813 4501 1972 4557 Hebr.
2003 4504 2058 4557 3.

472 4590 602 4659 Π).
632 4588 857 4656 Quando
882 4606 1010 4661 ergo
1037 4592 1127 4661 qui
1174 4608 1238 4647 ex
1296 4592 1401 4648 illis
1455 4592 1564 4646 nati
1612 4602 1756 4657 sunt,
1805 4603 1867 4649 et
1887 4595 2060 4664 quiin

467 4682 684 4737 deserto
712 4691 835 4737 sunt
869 4682 1117 4748 educati,
1164 4685 1390 4755 ingressi
1431 4694 1558 4740 sunt
1591 4687 1643 4740 in
1689 4687 2024 4742 Palaestinam
2046 4727 2061 4753 ,

471 4772 665 4843 inquit,
687 4773 767 4826 eis
796 4788 903 4826 non
948 4772 1052 4827 fuit
1065 4788 1201 4841 opus
1229 4775 1414 4840 armis,
1443 4775 1535 4830 sed
1558 4777 1640 4832 vel
1669 4777 1784 4846 ipso
1804 4778 1920 4833 solo
1942 4780 2063 4833 ‘cia-

469 4880 624 4920 more
644 4864 807 4920 urbes
835 4875 1129 4935 ceperunt:
1159 4875 1213 4922 et
1237 4883 1356 4922 cum
1386 4867 1678 4924 .lordanem
1701 4870 2060 4939 transiisscnt,

469 4957 697 5027 primam
727 4956 913 5012 urbem
940 4973 1059 5027 quae
1085 4959 1164 5013 eis
1192 4961 1446 5026 occurrit,
1478 4960 1725 5030 Jericho,
1753 4963 2060 5018 saltantium

469 5051 649 5119 potius
703 5066 863 5120 quam
910 5049 1219 5105 bellantium
1261 5052 1362 5107 ritu
1413 5054 1694 5110 diruerant
1739 5053 2057 5128 (JosueG).

472 5143 677 5199 Armati
706 5145 849 5200 enim
877 5159 982 5198 non
1007 5152 1274 5215 tamquam
1303 5146 1368 5200 ad
1396 5161 1646 5217 pugnam,
1676 5148 1770 5203 sed
1794 5158 2061 5221 tamquam

467 5235 534 5290 ad
580 5236 924 5295 festivitatem
974 5254 1040 5294 ac
1086 5237 1337 5295 choream
1372 5240 1574 5309 egressi
1632 5251 1795 5308 sunt,
1843 5252 2063 5299 ornatus

380 5328 393 5331 "
480 5328 658 5396 petius
685 5330 890 5399 gratia,
921 5347 1081 5400 quam
1135 5341 1191 5386 ut
1237 5334 1461 5387 tutiores
1503 5342 1683 5389 essent
1711 5375 1726 5401 ,
1766 5337 1930 5390 armis
1978 5334 2060 5392 in-

472 5419 686 5483 structi,
712 5429 767 5475 et
801 5421 970 5476 sacris
990 5422 1227 5477 vestibus
1256 5423 1426 5478 induti
1455 5464 1470 5490 ,
1496 5434 1549 5479 et
1569 5424 1831 5481 habentes
1853 5426 2064 5482 Levitas

480 5508 571 5578 qui
600 5519 777 5566 castra
805 5510 1180 5582 praecedebant
1208 5556 1221 5578 ,
1250 5530 1433 5569 muros
1470 5515 1774 5571 cinxerunt.
1800 5518 1866 5572 Et
1895 5518 2062 5572 videri

468 5607 678 5666 poterat
714 5601 1077 5669 spectaculum
1108 5602 1441 5668 admirabile,
1468 5615 1522 5661 et
1559 5623 1696 5677 pene
1726 5609 2059 5675 incredibile,

478 5698 558 5744 tot
586 5689 746 5744 millia
775 5692 1044 5747 exercitus
1072 5704 1222 5749 certo
1248 5698 1438 5752 ordine
1484 5707 1539 5753 et
1583 5715 1869 5757 numerose
1912 5702 2062 5757 inec.

474 5777 653 5833 tientia
679 5820 694 5846 ,
726 5781 775 5835 in
825 5781 1043 5837 silentio
1071 5799 1280 5839 summo
1311 5828 1323 5852 ,
1354 5787 1681 5859 honesteque
1711 5806 1773 5846 ac
1819 5791 2012 5849 decore
2041 5833 2056 5858 ,

3657 362 3749 418 172

2186 462 2410 534 perinde
2437 478 2503 519 ac
2525 465 2568 520 si
2600 464 2776 519 nullus
2807 466 3037 532 adesset,
3072 481 3191 522 cum
3239 468 3481 527 tubarum
3516 471 3749 546 clangore

2178 567 2233 613 et
2264 556 2626 614 modulatione
2654 557 2834 613 omnia
2865 569 3011 615 recte
3036 562 3287 631 gessisse.
3317 562 3638 624 Erubescant
3666 572 3747 640 qui

2178 648 2567 704 tumultuantur
2596 650 2646 704 in
2675 651 2922 704 ecclesia.
2958 650 3015 706 Si
3060 650 3200 707 cnim
3232 654 3319 709 ubi
3360 655 3498 711 tuba:
3543 674 3750 715 resona-

2177 740 2321 802 bant,
2360 748 2464 793 tam
2499 740 2719 810 pulcher
2764 750 2885 796 erat
2940 743 3105 806 mdo,
3139 753 3193 798 et
3238 754 3381 799 tanta
3421 748 3747 806 moderatio:

2176 832 2263 887 ubi
2306 832 2444 886 Deus
2485 832 2599 903 ipse
2637 832 2901 903 loquitur,
2931 850 3087 904 quam
3125 837 3334 891 veniam
3381 852 3748 911 asquenlur,

2172 923 2263 993 qui
2295 934 2512 994 propter
2540 941 2666 980 suos
2689 926 2946 981 tumultus
2979 927 3296 996 impediunt,
3331 945 3399 985 ne
3428 948 3545 1001 qua:
3574 934 3751 989 dicun-

2174 1023 2280 1079 tur,
2314 1016 2635 1071 audiantur?
2660 1017 2763 1073 Sed
2792 1032 2908 1082 cur,
2943 1019 3136 1090 inquit,
3170 1037 3274 1074 non
3302 1024 3548 1078 meminit
3574 1040 3750 1081 eorum

2173 1111 2261 1179 qui
2286 1118 2633 1165 excesserunt
2656 1127 2720 1167 ex
2745 1110 3019 1184 Egypto?
3048 1114 3313 1179 Quoniam
3341 1131 3530 1171 omnes
3555 1119 3753 1173 cecide-

2174 1213 2332 1270 runt,
2359 1204 2608 1273 quoniam
2660 1219 2847 1275 ptenas
2888 1204 3173 1263 dederunt.
3220 1208 3326 1262 Cur
3358 1218 3535 1264 autem
3578 1227 3754 1265 omnes

2176 1295 2496 1362 perierunt?
2525 1295 2657 1361 Quia
2704 1295 2853 1351 valde
2884 1306 3198 1366 peccaruut.
3235 1297 3371 1353 Hinc
3400 1310 3576 1357 autem
3621 1303 3751 1357 aliud

2170 1399 2384 1455 quoque
2410 1385 2663 1454 providit,
2691 1388 2864 1455 utqui
2898 1386 3236 1442 Palmstinam
3277 1400 3429 1445 erant
3454 1396 3751 1461 occupaturi

2176 1482 2319 1536 mala
2350 1496 2472 1551 quas
2514 1481 2755 1533 erantin
2786 1477 3024 1551 Egypto
3070 1492 3178 1531 non
3220 1477 3495 1540 viderent,
3542 1493 3748 1532 omnem

2175 1589 2369 1643 nempe
2414 1572 2887 1643 superstitionem,
2927 1586 3146 1626 omnem
3199 1571 3555 1640 impietatem,
3605 1579 3656 1625 et
3697 1579 3757 1626 ut'

2173 1664 2725 1735 t‘antteimprobitatis
2750 1664 2960 1719 nullum
2987 1664 3311 1733 magistrum
3334 1664 3603 1719 haberent
3651 1663 3749 1717 Eos

2173 1756 2319 1811 enim
2349 1755 2421 1809 ita
2451 1762 2863 1825 prmoccuparat
2890 1753 3277 1825 Egyptiorum
3308 1754 3675 1819 consuetudo,
3701 1760 3750 1806 et

2172 1870 2269 1909 eos
2297 1854 2370 1907 ita
2396 1862 2638 1923 ceperat,
2676 1860 2887 1923 utpost
2922 1860 3004 1907 tot
3040 1853 3307 1909 miracula
3343 1869 3409 1909 ne
3449 1855 3504 1908 in
3541 1855 3751 1910 deserta

2174 1947 2392 2018 quidem
2426 1962 2561 2017 pure
2579 1946 2788 2001 erroris
2814 1945 3077 2016 reliquias
3099 1946 3499 2017 abstergerent.
3526 1945 3762 2015 Quodsi

2172 2044 2334 2098 etiam
2355 2043 2629 2114 cepissent
2655 2042 2997 2097 Chananzeos
3017 2041 3296 2112 prio‘ribus
3315 2040 3621 2097 deteriores
3646 2058 3723 2093 ma
3738 2070 3752 2080 -

2172 2135 2521 2206 gistr-is,quo
2555 2149 2663 2189 non
2700 2134 2977 2204 erupisset
3007 2148 3197 2188 eorum
3230 2133 3523 2203 impietas?
3547 2131 3613 2186 Et
3640 2132 3759 2187 ideo

2170 2243 2269 2285 eos
2300 2229 2390 2299 qui
2440 2228 2553 2283 nati
2601 2236 2759 2283 erant
2790 2228 3062 2284 continuit
3108 2228 3163 2283 iu
3198 2228 3439 2290 deserto,
3475 2227 3650 2283 donec
3689 2227 3752 2281 ad

2172 2324 2417 2376 virorum
2445 2330 2661 2377 mtatem
2687 2322 3070 2392 pervenissent
3099 2336 3290 2375 eorum
3322 2319 3439 2374 lilii.

2241 2413 2296 2468 4.
2340 2411 2463 2467 Ηαξο
2491 2420 2672 2468 autem
2708 2412 2984 2483 loquimur
3008 2427 3115 2467 non
3136 2429 3203 2466 ex
3235 2411 3416 2475 nobis,
3440 2408 3539 2466 sed
3559 2426 3589 2465 e
3611 2410 3765 2465 δοῖ-μ

2174 2502 2353 2574 pturis
2395 2502 2741 2572 deprompta.
2775 2497 2912 2556 Nam
2959 2518 3055 2573 per
3105 2498 3449 2556 Ezechielem
3490 2500 3634 2557 Deus
3660 2501 3753 2555 hoc

2172 2596 2351 2668 ipsum
2375 2596 2457 2649 eis
2474 2595 2790 2666 exprobrat,
2812 2593 3105 2664 quodcum
3134 2608 3229 2648 eos
3250 2597 3302 2647 in
3321 2593 3603 2649 desertum
3630 2592 3752 2648 edn.

2169 2688 2365 2754 sisset,
2384 2696 2440 2743 et
2469 2688 2700 2741 multum
2730 2701 2853 2741 cum
2871 2685 2953 2741 eis
2976 2684 3484 2749 disseruisset,uon
3503 2682 3753 2740 audieba-

2168 2789 2258 2837 tur
2286 2780 2504 2853 (Ezeclt.
2527 2779 2617 2835 20.
2648 2780 2755 2851 10).
2779 2778 2884 2834 Sed
2904 2793 3010 2849 qua
3028 2778 3097 2833 de
3119 2778 3581 2848 causajussiteos
3596 2778 3755 2832 armis

2168 2874 2347 2939 indui,
2370 2889 2497 2928 cum
2529 2881 2718 2927 essent
2738 2869 3052 2942 aggressuri
3083 2866 3346 2925 Iericho?
3369 2866 3590 2925 Fuisset
3617 2867 3765 2924 enim.

2169 2965 2627 3027 admirabilius.si
2648 2964 2750 3019 hoc
2770 2962 3035 3019 fecissent
3050 2963 3170 3018 sine
3184 2961 3375 3017 armis.
3394 2962 3484 3016 Sci
3499 2961 3624 3017 licet
3639 2976 3754 3016 cmn

2162 3060 2356 3132 jubeat
2385 3058 2591 3131 aliquid
2620 3042 2921 3112 humanum
2955 3053 3161 3120 facere,
3203 3063 3260 3110 et
3303 3056 3517 3126 aliquid
3564 3054 3757 3111 sensile

2169 3154 2432 3208 auxilium
2463 3152 2735 3222 accipere,
2771 3150 2875 3205 hoc
2904 3148 3037 3205 facit
3062 3164 3121 3209 se
3155 3148 3450 3204 demittens
3478 3147 3549 3203 ad
3572 3162 3765 3203 eorum.

2166 3244 2777 3311 imbecillitatem.Quid
2798 3242 3258 3315 potueruntenim
3280 3240 3673 3296 armael‘licere
3693 3238 3754 3294 ad

2166 3354 2359 3395 muros
2397 3338 2700 3393 diruendas
2728 3338 2751 3391 ?
2779 3336 2912 3407 quid
2945 3350 3075 3391 vero
3107 3324 3333 3405 clangor
3374 3332 3674 3388 tubarum?
3702 3331 3759 3385 Si

2162 3431 2310 3486 enim
2332 3428 2526 3484 fuisset
2539 3428 2741 3483 bellum
2757 3426 3026 3482 adversus
3042 3424 3314 3485 homines,
3326 3422 3347 3476 f
3350 3424 3525 3477 uisset
3543 3420 3765 3492 aliquod.

2163 3530 2505 3578 momentum
2531 3522 2588 3576 in
2621 3519 2793 3574 armis
2822 3516 3199 3589 reponendum
3231 3533 3244 3569 :
3277 3515 3363 3569 sin
3389 3521 3575 3569 autem
3603 3520 3754 3568 erant

2162 3629 2364 3672 casura
2392 3612 2617 3675 mtenia,
2649 3624 2878 3664 curnam
2917 3609 3088 3662 armis
3122 3605 3473 3661 induuntur?
3511 3604 3625 3660 Sub
3653 3601 3765 3658 Ge-

2161 3708 2338 3764 deone
2364 3720 2584 3777 quoque
2609 3705 2706 3773 qui
2730 3698 2874 3773 capti
2901 3705 3052 3767 sunt,
3074 3705 3235 3755 erant
3271 3697 3517 3769 aequales
3549 3699 3637 3758 iis,
3666 3696 3753 3767 qui

2160 3814 2272 3856 non
2304 3797 2450 3868 capti
2485 3803 2616 3851 sunt
2644 3792 2719 3866 (α)
2753 3811 2765 3847 :
2801 3807 2994 3847 omnes
3027 3790 3174 3845 enim
3217 3788 3492 3845 manifesti
3546 3790 3761 3847 fuerunt

2163 3889 2369 3967 (ludio.
2396 3889 2476 3962 7).
2498 3888 2611 3944 Cur
2629 3901 2762 3957 ergo
2780 3885 2897 3939 haec
2925 3882 3101 3938 ﬁunt?
3129 3880 3196 3937 Ut
3221 3882 3319 3952 qui
3343 3882 3455 3935 haec
3479 3881 3772 3952 julzcntttr,

2161 3985 2231 4042 ad
2260 3984 2421 4040 fidem
2456 3982 2819 4038 deducantur.
2858 3977 3057 4033 Anima
3100 3974 3249 4030 enim
3285 3990 3409 4045 qua:
3437 3975 3647 4028 coalita
3682 3980 3764 4027 (τι-ι

2166 4074 2411 4148 corpori,
2441 4082 2493 4127 et
2520 4071 2658 4126 nihil
2682 4084 2945 4140 umquam
2972 4067 3112 4122 vidit
3134 4067 3551 4136 incorporeum,
3572 4075 3625 4121 et
3648 4081 3764 4120 scn-

2162 4168 2424 4227 sibilibus
2443 4166 2639 4229 inhiat,
2668 4161 2737 4217 ab
2756 4164 2824 4218 iis
2847 4176 2971 4232 quae
2990 4158 3243 4213 videntur
3260 4156 3332 4211 ad
3355 4172 3417 4211 ra
3440 4173 3569 4226 qua:
3586 4164 3761 4209 mente

2166 4260 2715 4333 comprehenduntur
2745 4255 2943 4312 deduci
2978 4268 3118 4324 opus
3167 4253 3350 4307 habet.
3400 4249 3569 4306 Unde
3603 4251 3760 4304 etiam

2163 4356 2450 4429 prephetis
2479 4354 2548 4410 de
2579 4356 2685 4407 lteo
2710 4349 3070 4422 loquentibus
3093 4363 3235 4418 opus
3261 4343 3365 4400 fuit
3397 4344 3760 4397 humanormu

2163 4452 2538 4508 membrorum
2560 4445 2900 4507 meminisse,
2924 4457 3034 4497 non
3058 4454 3118 4496 ut
3142 4441 3290 4494 illam
3314 4448 3572 4493 naturam
3595 4451 3625 4489 a
3649 4447 3765 4490 cor-

2162 4544 2421 4613 ruptione
2448 4547 2503 4594 et
2529 4538 2749 4593 interitu
2786 4536 3019 4590 alienam
3051 4532 3120 4588 ad
3161 4531 3537 4587 membrorum
3566 4528 3763 4600 figuras

2164 4630 2608 4706 emngcreut,sed
2630 4639 2688 4684 ut
2721 4627 2958 4682 animam
2979 4626 3033 4681 in
3058 4624 3357 4681 sensilibus
3374 4637 3500 4676 cum
3533 4633 3763 4691 corpore

2164 4730 2461 4789 enutritam
2491 4740 2558 4780 ex
2579 4720 2919 4779 humanisea
2937 4720 3201 4773 docerent
3219 4717 3474 4787 dogmata
3494 4729 3621 4784 qua:
3639 4719 3765 4768 sunt

2166 4839 2335 4896 supra
2367 4814 2963 4882 hominem..Quoniam
2987 4826 3119 4883 ergo
3139 4809 3235 4865 Dei
3263 4807 3518 4880 operatio
3548 4817 3635 4863 est
3665 4803 3759 4858 ali-

2166 4919 2298 4991 quid
2333 4914 2481 4988 quod
2513 4908 2947 4983 apprehenditur
2970 4904 3335 4975 intelligentia
3366 4919 3380 4957 :
3415 4917 3483 4956 ne
3507 4901 3605 4971 qui
3636 4908 3761 4952 tunc

2166 5017 2348 5075 erant,
2385 5023 2494 5061 non
2520 5004 2832 5064 crederent,
2868 4999 3026 5071 ponit
3045 4998 3211 5053 etiam
3239 4993 3449 5065 aliquid
3475 4991 3769 5049 sensibile.

2168 5103 2225 5159 Si
2263 5102 2408 5158 enim
2438 5098 2673 5154 dixisset
2700 5115 2713 5150 :
2744 5091 2802 5149 In
2834 5100 3042 5164 septem
3072 5089 3267 5146 diebus
3295 5094 3578 5144 evertetur
3608 5085 3757 5144 urbs,

2166 5197 2325 5253 vobis
2364 5191 2804 5265 quiescentibus,
2841 5196 2896 5242 et
2930 5183 3063 5240 nihil
3098 5183 3428 5239 facientibus
3475 5199 3487 5235 :
3525 5179 3761 5235 fortasse

2168 5289 2326 5345 multi
2363 5302 2476 5342 non
2505 5282 2877 5338 credidissent
2899 5293 3091 5347 ;.nunc
3120 5285 3303 5330 autem
3346 5274 3462 5329 haec
3491 5277 3759 5343 prmccpla

2167 5379 2332 5437 veluti
2350 5376 2623 5451 quoddam
2639 5373 3054 5430 fundamentum
3069 5368 3325 5424 humana:
3338 5365 3503 5421 menti
3520 5362 3757 5433 subjicit.

2233 5550 2305 5612 (α)
2338 5548 2467 5612 Quod
2489 5548 2561 5612 ait
2579 5547 2950 5612 Chrysostomus
2969 5542 3097 5606 apud
3120 5541 3399 5612 Gedeonem
3423 5549 3510 5587 eos
3530 5537 3615 5612 qui

2168 5602 2521 5674 suntp'tet‘ptales
2537 5602 2695 5674 fuisse
2711 5609 2773 5658 iis
2791 5609 2874 5674 qui
2900 5602 3135 5674 non—sunt
3156 5604 3310 5665 capti,
3327 5602 3489 5674 lapsus
3508 5602 3760 5674 memoria:

2170 5660 2343 5724 savilto
2366 5660 2481 5723 esse
2517 5673 2727 5722 videtur.
2762 5660 2873 5719 mihi
2908 5680 3028 5718 vero
3065 5667 3146 5716 hic
3177 5660 3271 5714 non
3300 5660 3489 5713 constat
3518 5660 3636 5724 qpid
3671 5660 3765 5707 snt

2169 5736 2292 5785 velit
2308 5733 2691 5798 Chrysostomus.
2716 5732 2835 5782 Male
2859 5736 3024 5781 autem
3047 5737 3139 5787 tm,
3174 5737 3372 5776 numero
3406 5730 3759 5786 teqnutes,rer~

2174 5805 2303 5848 terat
2326 5802 2582 5846 Ηθνγοῐιιδ.
