4030 6414
262 404 329 461 1ἶῦ
1405 410 1770 466 EXPOSITIO
1806 411 1834 464 ll

1945 410 2229 468 ’SALMUM
2271 413 2450 469 XLIII.

261 523 307 577 Et
341 535 394 576 ne
424 519 482 574 id
531 523 691 594 quod
723 525 932 581 dicitur
975 526 1289 581 existimetis
1337 541 1456 580 esse
1508 522 1848 579 solummodo

261 615 622 684 cantici-tumin,
673 617 805 672 volo
844 619 1002 673 vobis
1047 633 1264 672 narrare
1307 627 1539 671 veterem
1573 617 1846 670 historiam

262 725 351 778 qua:
389 705 692 762 continuat
721 710 865 780 quod
899 710 1146 764 dicimus.
1192 709 1426 762 Naaman
1475 718 1589 762 erat
1633 695 1849 777 quidam

262 801 417 873 Syrus.
466 799 618 856 Eum
669 817 796 856 cum
852 803 996 872 lepra
1050 802 1346 865 invasisset,
1399 810 1453 856 et
1481 811 1697 871 propter
1725 818 1845 857 eum

268 894 485 948 morbum
518 894 898 959 erubesceret,
925 904 982 949 ut
1005 894 1096 965 qui
1124 894 1176 948 in
1201 893 1434 948 maximo
1466 895 1703 964 periculo
1731 910 1848 948 ver-

261 997 469 1053 saretur,
493 988 650 1044 venit
679 989 731 1043 in
764 988 1098 1044 Palaestinam
1124 988 1406 1060 (brevitate
1428 989 1570 1042 enim
1593 989 1846 1043 utendum

266 1079 370 1151 est),
406 1081 604 1134 vnlens
634 1097 664 1133 a
694 1081 948 1151 propheta
979 1081 1192 1136 liberari
1233 1081 1336 1136 hoc
1362 1080 1520 1135 malo.
1553 1079 1686 1134 tium
1718 1097 1848 1150 ergo

265 1175 502 1237 venisset,
540 1164 597 1228 et
627 1173 680 1226 in
710 1174 804 1226 viri
837 1174 1033 1228 foribus
1059 1174 1407 1239 constitisset,
1440 1175 1646 1228 vocavit
1678 1174 1847 1227 medi-

259 1281 390 1321 cum.
418 1265 514 1320 Ille
542 1275 720 1320 autem
751 1265 1017 1319 exaudivit
1049 1264 1128 1336 (η)
1153 1265 1388 1335 quidem,
1420 1282 1524 1320 non
1555 1275 1730 1320 tamen
1765 1273 1847 1320 est

257 1371 526 1426 rgressus,
558 1356 654 1410 sed
680 1367 883 1410 tantum
915 1357 1093 1421 misit,
1119 1356 1315 1427 jubcns
1345 1373 1464 1412 eum
1513 1357 1638 1426 tingi
1670 1358 1718 1410 in
1748 1357 1848 1411 llu-

255 1450 334 1502 viu
355 1448 615 1504 Jordane.
642 1448 730 1503 llle
746 1459 943 1514 autem,
963 1450 1210 1520 quoniam
1235 1461 1348 1504 erat
1374 1451 1490 1505 leve
1515 1450 1842 1516 mandatum,

255 1541 472 1593 multum
525 1540 728 1596 habens
761 1557 820 1595 cx
871 1543 1128 1609 sensibili,
1176 1551 1232 1598 et
1277 1542 1420 1614 quod
1464 1559 1567 1597 non
1619 1542 1848 1597 habebat

251 1650 298 1698 ιη
319 1652 379 1687 us
401 1635 622 1689 sublimi
649 1637 984 1705 cogitatione,
1012 1653 1115 1694 non
1139 1637 1382 1691 credidit.
1412 1637 1517 1692 Sed
1546 1636 1669 1706 quid
1693 1636 1846 1690 dicit?

248 1727 361 1797 Ego
387 1727 886 1797 dicebam,quoniam
913 1729 1194 1800 egredietur
1219 1728 1286 1781 ad
1309 1745 1404 1793 me,
1426 1738 1470 1782 ct
1498 1731 1714 1797 imponet
1738 1744 1846 1780 nta-

246 1837 365 1871 num
393 1836 565 1883 suam,
593 1828 639 1872 et
665 1821 906 1874 invocabit
951 1821 1108 1874 Deum
1149 1838 1295 1876 suum
1335 1830 1378 1874 et
1411 1820 1602 1875 curabit
1651 1818 1844 1888 lepram

247 1909 320 1980 (1.
357 1909 487 1980 Ite-9.
510 1911 566 1967 5.
601 1913 711 1981 11).
753 1913 906 1966 Vides
928 1913 1196 1982 quomodo
1219 1914 1393 1967 anima
1434 1928 1568 1983 opus
1595 1913 1840 1967 habuerit

247 2017 306 2054 re
356 2003 536 2071 aliqua
591 2003 872 2056 sensibili?
911 2003 1025 2058 Non
1073 2005 1393 2058 existimavit
1439 2005 1580 2059 enim
1633 2005 1840 2072 jnSsum

247 2095 444 2148 n-ediei
493 2096 760 2158 sulticere,
804 2096 895 2150 sed
949 2113 1104 2150 manu
1153 2113 1287 2166 Opus
1336 2097 1517 2162 luisse,
1547 2097 1686 2166 quod
1729 2107 1845 2151 erat

243 2185 634 2240 imbecillitatis
664 2188 802 2256 ejus,
831 2189 919 2257 qui
946 2189 1248 2242 curabatur.
1280 2189 1448 2243 Porro
1496 2189 1658 2242 nitilta
1705 2205 1842 2258 quo-

241 2295 346 2348 que
393 2279 495 2332 alia
529 2279 653 2334 hinc
695 2281 848 2334 nobis
893 2282 1189 2335 solvuntur.
1240 2281 1364 2336 ldeo
1409 2282 1652 2336 Christus
1682 2282 1841 2336 etiam

241 2388 351 2426 nun
401 2388 616 2442 semper
644 2374 806 2427 verbo
851 2384 1024 2438 sanat,
1069 2374 1159 2427 sed
1192 2374 1350 2428 etiam
1392 2391 1551 2428 manu
1578 2392 1594 2441 ;
1625 2377 1844 2430 immisit

243 2468 392 2520 enim
446 2482 661 2520 manum
692 2469 743 2520 in
769 2484 827 2520 os
858 2477 912 2521 et
940 2469 989 2520 in
1020 2469 1251 2538 linguam
1282 2489 1295 2522 :
1327 2477 1380 2522 et
1407 2469 1597 2522 alicubi
1627 2468 1840 2538 quidem

239 2559 410 2612 γυῐὺο
459 2559 597 2626 solo,
648 2559 839 2615 alicubi
892 2569 1068 2614 autem
1123 2562 1396 2616 voluntate
1443 2562 1614 2614 solum
1661 2562 1840 2615 omnia

241 2654 469 2720 faciens,
519 2656 738 2709 curabat
782 2671 876 2710 eos
905 2657 992 2724 qui
1023 2656 1350 2711 accedebant
1401 2655 1590 2725 (Marc.
1636 2657 1686 2709 '7.
1721 2655 1835 2726 55).

240 2749 420 2815 Quare
477 2766 608 2819 ergo
671 2749 774 2805 hoc
835 2749 1110 2805 faciebat?
1151 2751 1378 2819 Propter
1425 2751 1838 2805 imbecillitatem

246 2858 436 2895 eorum
465 2843 554 2911 qui
586 2843 927 2896 accedebant.
961 2843 1023 2896 Et
1055 2852 1109 2895 ut
1152 2844 1289 2896 scias
1320 2842 1418 2897 hoc
1445 2841 1641 2896 factum
1676 2825 1842 2900 luisse

239 2946 464 3004 p"0plcr
493 2949 678 2988 eorum
721 2936 1153 2999 imbecillitatem,
1188 2935 1428 2988 laudabat
1459 2951 1552 2989 eos
1578 2937 1664 3005 qui
1697 2937 1840 3005 ejus-

239 3028 386 3081 modi
429 3027 588 3081 rebus
634 3028 853 3082 minimc
887 3043 1020 3097 opus
1052 3027 1324 3082 haberent.
1359 3029 1520 3082 Amen
1557 3029 1720 3094 enim,
1754 3029 1837 3080 in-

238 3120 376 3187 quit,
427 3121 539 3172 dico
588 3120 744 3185 vobis,
789 3137 888 3172 non
927 3119 1092 3173 inveni
1141 3128 1332 3172 tantam
1383 3120 1535 3189 [idem
1580 3122 1631 3174 in
1672 3119 1840 3174 Israel

248 3214 456 3281 (tlattlt.
492 3215 547 3269 8.
603 3213 691 3284 10)
727 3213 1195 3283 :qt'tandoquidem
1248 3229 1352 3267 non
1408 3214 1566 3268 traxit
1612 3231 1736 3268 eum
1784 3214 1838 3268 in

243 3305 459 3360 domum
485 3321 638 3359 suam
661 3307 921 3370 centurio,
943 3304 1036 3360 sed
1053 3306 1186 3359 dixit
1211 3305 1542 3375 ejusjussum
1565 3304 1835 3360 sufﬁcere.

240 3398 298 3452 li
337 3398 564 3451 Ezt-chia
609 3399 684 3467 (4.
717 3398 826 3469 Reg
877 3396 965 3468 18)
1012 3398 1190 3467 itaque
1218 3397 1349 3453 nihil
1380 3398 1485 3452 tale
1532 3397 1608 3462 lit,
1635 3397 1729 3452 sed
1757 3405 1840 3452 est

239 3489 582 3543 solummodo
609 3488 899 3557 prtedictio,
933 3498 986 3542 et
1014 3488 1144 3542 nih.l
1186 3487 1478 3542 humanum
1505 3501 1837 3557 assumptum

237 3595 322 3639 cst
357 3603 371 3638 :
403 3583 603 3639 ctideo
630 3586 680 3638 in
710 3599 774 3638 eo
801 3600 1034 3654 quoque,
1065 3585 1152 3654 qui
1182 3587 1360 3638 uxoris
1390 3584 1653 3654 zelotypia
1682 3583 1835 3638 labo—

235 3687 341 3741 rat,
369 3679 519 3746 jussa
545 3687 627 3732 est
648 3692 735 3732 res
759 3677 931 3747 aliqua
957 3677 1188 3731 crassior
1212 3676 1306 3747 (b).
1332 3677 1481 3742 Quod
1501 3679 1544 3731 si
1569 3677 1700 3729 velis
1724 3677 1838 3730 lucc

232 3784 456 3838 qquue
502 3785 716 3824 sumere
745 3770 1030 3839 anagogice
1061 3768 1271 3840 (Omnia
1314 3770 1478 3836 enim,
1511 3769 1699 3838 inquit,
1728 3767 1836 3822 luet:

235 3861 288 3912 in
332 3861 506 3930 ﬁgura
535 3860 821 3913 eveniebant
859 3860 960 3914 illis
987 3876 1007 3914 :
1025 3861 1216 3930 scripta
1241 3870 1355 3913 sunt
1380 3868 1547 3913 autent
1574 3860 1640 3911 ad
1664 3874 1835 3912 corre-

230 3953 453 4005 ctionem
497 3963 740 4017 nostram,
773 3952 840 4004 ad
883 3969 1008 4022 quos
1046 3953 1171 4021 ﬁnes
1195 3953 1496 4006 seculorum
1538 3950 1837 4003 devenerunt

231 4047 311 4112 (l.
347 4044 471 4099 Cor.
506 4047 592 4099 10.
626 4045 735 4115 11),
761 4043 931 4114 cogita
961 4045 1100 4113 apud
1131 4053 1180 4098 te
1206 4041 1436 4113 Optimos
1464 4042 1713 4097 Ecclesia!
1733 4041 1834 4096 do-

232 4150 421 4194 ctores
472 4156 569 4208 pro
610 4140 732 4192 tuba
776 4139 1016 4192 oratione
1056 4146 1265 4192 utentes
1307 4147 1360 4192 et
1404 4136 1831 4192 adversariorum

232 4233 438 4285 mtrnia
468 4231 758 4296 dimeates,
789 4241 841 4285 et
869 4232 1122 4299 populum
1146 4231 1346 4300 integra
1377 4240 1428 4283 et
1452 4230 1682 4299 perfecta
1707 4227 1832 4282 .Iesu

229 4333 512 4378 armatura
541 4333 821 4379 armatum.
851 4325 1067 4393 Septem
1115 4331 1292 4378 autem
1336 4324 1542 4378 dierum
1575 4336 1832 4376 numerus

223 4417 338 4486 jam
369 4427 497 4472 ante
519 4417 671 4471 nobis
697 4419 852 4474 solvit
880 4419 1180 4472 sabbatum.
1199 4416 1380 4486 Neque
1407 4418 1546 4471 enim
1569 4415 1830 4486 ejusmodi

230 4510 367 4578 legis
419 4519 681 4578 prmcepta
729 4510 1090 4578 principaliter
1135 4509 1254 4564 data
1307 4517 1450 4564 sunt.
1485 4509 1548 4563 Et
1596 4508 1716 4562 ideo
1763 4507 1832 4564 de

225 4600 518 4654 sacriﬁciis
569 4599 781 4669 quidem
827 4599 1000 4655 dicit:
1055 4601 1181 4667 Quis
1224 4601 1354 4654 enim
1417 4618 1476 4655 ea
1523 4600 1775 4669 requisivit
1804 4616 1833 4654 e

226 4693 468 4746 manibus
514 4695 684 4747 vestris
713 4692 863 4764 (lsai.
911 4701 964 4748 1.
1011 4695 1138 4765 12)?
1182 4695 1248 4748 Et
1291 4709 1516 4748 rursus:
1564 4693 1830 4764 Numquid

224 4795 347 4838 tota
395 4793 444 4838 et
487 4801 660 4839 carnes
703 4798 892 4840 sam-tu:
932 4790 1161 4856 auferent
1209 4797 1412 4856 peccata
1445 4797 1530 4840 tua
1563 4784 1695 4858 (Jer.
1738 4787 1825 4841 11.

227 4880 324 4947 15)
344 4880 370 4933 τ
403 4878 472 4933 Et
499 4894 679 4932 rursus
710 4898 724 4932 :
757 4878 1022 4950 Numquid
1049 4880 1238 4933 hostias
1275 4891 1322 4932 et
1350 4879 1602 4947 sacriﬁcia
1640 4878 1827 4933 obtuli-

222 4973 320 5024 stis
355 4971 482 5023 milii
515 4971 565 5025 in
609 4973 797 5026 deserto
827 4973 1160 5042 quadraginta
1201 4973 1347 5025 armis
1378 4973 1552 5040 (Amos
1583 4973 1636 5027 5.
1683 4970 1822 5042 25)?

226 5063 296 5117 Et
326 5079 514 5116 rueris
548 5082 560 5116 :
595 5063 696 5118 Cur
725 5065 847 5117 mihi
878 5063 1032 5128 a/Tcrs
1073 5065 1189 5117 thus
1215 5080 1276 5117 ea:
1321 5063 1482 5128 Saba,
1527 5073 1572 5116 et
1603 5064 1827 5119 (inamo-

222 5172 372 5207 mum
405 5156 468 5208 de
490 5166 619 5209 terra
645 5157 920 5227 longinqua
945 5154 1078 5224 (λεν.
1111 5157 1164 5210 ϐ.
1193 5154 1336 5227 ‘20)?
1365 5156 1426 5208 lit
1454 5155 1642 5208 iterum
1677 5173 1690 5208 :
1719 5154 1822 5209 Sa-

220 5248 483 5316 criﬁcium
522 5257 568 5301 ct
595 5249 894 5302 oblationem
925 5251 1128 5303 uoluisti
1160 5247 1330 5320 (Psal.
1367 5248 1453 5303 59.
1485 5249 1558 5316 7).
1594 5248 1658 5302 Et
1702 5265 1822 5302 rnr-

287 5381 368 5441 tu)
402 5381 459 5431 In
476 5389 652 5446 Gram.
676 5393 871 5442 ἱιπίιουσι.
904 5391 1017 5442 Quae
1048 5383 1245 5446 quidem
1284 5397 1378 5432 vox
1420 5382 1496 5446 hic
1532 5389 1673 5446 recte
1696 5382 1824 5446 verti

219 5450 425 5503 tuest,
450 5444 731 5509 exaudiret;
767 5448 934 5496 nescio
970 5460 1030 5494 au
1066 5442 1237 5505 etiam,
1258 5443 1538 5509 respondit;
1575 5442 1657 5495 vel
1696 5443 1823 5494 forte

219 5513 502 5569 utrumque
514 5506 869 5569 complectitur.

287 5567 366 5628 (b)
387 5566 522 5633 savii.
548 5583 561 5617 :
585 5589 608 5633 ει
622 5566 668 5618 Si
685 5571 933 5633 historiam
955 5570 1199 5631 respiciat,
1214 5570 1370 5633 inquit
1384 5569 1578 5618 doctiss.
1599 5566 1822 5633 Alienus,

217 5627 266 5694 4__
282 5627 402 5694 Reg.
440 5629 497 5680 20
517 5671 534 5694 ,
556 5631 700 5694 plane
726 5627 1442 5694 t'elragaturccntextus'ipse;
1467 5644 1574 5678 nam
1600 5641 1748 5694 versu
1772 5628 1820 5686 7,

217 5691 403 5740 dicitur
433 5691 673 5755 accipiant
697 5691 962 5756 canistrum
985 5691 1186 5756 ﬁcorum
1206 5729 1219 5752 ,
1248 5691 1342 5743 etei
1381 5694 1458 5756 sin
1479 5700 1643 5756 autem
1668 5691 1822 5756 histo-

213 5763 344 5801 riam
379 5754 542 5820 inniut
563 5756 613 5805 4.
641 5763 756 5820 Reg.
787 5756 861 5820 19.
892 5755 918 5804 7
958 5754 1107 5820 c152
1129 5790 1141 5812 ,
1166 5756 1228 5820 de
1277 5754 1585 5820 irzedietione
1624 5755 1821 5820 quidem

213 5825 442 5876 tenuare
472 5813 810 5876 videturfsed
851 5831 945 5866 non
980 5817 1102 5866 adeo
1139 5813 1285 5866 clare
1309 5821 1372 5865 de
1415 5813 1627 5864 Ezechiae
1645 5813 1764 5864 Bde.
1790 5828 1813 5857 ι

214 5875 278 5932 4’-
308 5889 400 5942 σεο
419 5893 509 5929 non
535 5875 817 5952 \‘ideuquid
839 5880 969 5928 dubii
995 5879 1055 5927 de
1084 5881 1290 5928 Ezeelne
1317 5877 1408 5927 li'le
1437 5878 1563 5925 nasci
1589 5877 1757 5939 Iussit.

3452 435 3552 492 174

1954 542 2044 583 sus
2069 547 2082 582 :
2114 528 2380 602 Numquid
2409 537 2700 592 holocausta
2741 549 2788 593 et
2815 542 3068 608 sacriﬁcia
3094 543 3194 596 vult
3221 541 3360 598 Deus
3391 545 3430 611 ί,
3450 561 3549 598 an-

1955 643 2073 688 non,
2116 637 2171 680 ut
2212 628 2257 682 ei
2287 631 2547 683 obcdiatur
2574 631 2650 702 (Ι.
2683 633 2810 704 Reg.
2846 635 2931 690 15.
2963 635 3104 706 ‘39.)?
3131 636 3198 690 Et
3226 653 3410 692 rursus
3441 653 3455 691 :
3487 637 3547 690 Si

1953 717 2194 770 voluisses
2222 720 2551 788 sacriﬁcium,
2579 721 2826 776 dedissent
2853 724 3020 795 (Psal.
3053 727 3140 781 50.
3179 727 3287 798 18).
3324 727 3390 782 Et
3433 744 3546 781 rur-

1953 823 2042 860 sus
2068 823 2082 860 ε
2112 809 2315 862 Auditio
2342 811 2472 864 bona
2498 829 2650 879 super
2685 816 2991 882 sacri/icium
3039 817 3117 878 (1.
3149 817 3270 889 Reg.
3311 819 3394 873 15.
3425 818 3543 890 22).

1955 902 2017 954 Et
2063 902 2252 956 iterum
2299 902 2433 957 festa
2475 904 2695 973 ejiciens
2741 907 2948 976 inquit:
2985 909 3115 962 Odia
3155 910 3329 973 habui,
3381 913 3548 980 repuli

1953 995 2080 1062 festa
2110 1004 2294 1051 vestra.
2346 995 2503 1067 Aufer
2531 1014 2562 1050 a
2591 1014 2670 1050 me
2709 1015 2886 1052 sonum
2915 1002 3220 1054 canticorum
3251 1013 3470 1065 tuorum,
3501 1014 3545 1056 et

1950 1094 2151 1140 emtum
2174 1104 2478 1157 organorum
2507 1099 2705 1142 tuorum
2733 1108 2832 1144 non
2872 1092 3139 1145 exaudiam
3171 1093 3346 1157 (Amos
3367 1095 3420 1150 5.
3452 1093 3542 1149 Si.

1949 1177 2066 1251 9.5).
2101 1180 2186 1246 Et,
2233 1180 2381 1234 Diem
2409 1199 2649 1252 magnum
2693 1201 2792 1236 non
2836 1185 3079 1246 sustineo,
3120 1195 3166 1238 et
3207 1187 3456 1256 jejuni-am
3499 1198 3547 1240 et

1953 1274 2106 1342 ferias
2149 1275 2254 1326 odit
2292 1276 2463 1328 anima
2492 1293 2602 1329 mea
2652 1275 2797 1348 (Isai.
2836 1279 2887 1330 1.
2945 1278 3032 1331 15.
3072 1277 3179 1346 14).
3224 1279 3287 1330 Et
3315 1294 3498 1332 rursus
3530 1297 3542 1332 :

1956 1367 2073 1420 Non
2104 1378 2175 1420 est
2215 1368 2307 1420 hoc
2327 1369 2584 1439 jejunium
2610 1369 2744 1438 quod
2769 1369 2896 1438 elegi
2923 1367 3075 1440 (Isai.
3113 1370 3200 1424 58.
3236 1370 3309 1439 5).
3344 1369 3546 1423 Rursus

1953 1474 2165 1528 quoque
2208 1459 2418 1513 dicebat
2465 1460 2752 1515 Ezechiel:
2790 1460 2931 1514 Dabo
2978 1461 3113 1514 vobis
3161 1471 3410 1530 prcecepta
3441 1478 3541 1513 non

1952 1550 2099 1615 bona,
2145 1552 2196 1604 in
2225 1551 2404 1621 quibus
2448 1570 2548 1606 non
2590 1554 2760 1607 riuetis
2801 1554 2853 1606 iu
2892 1554 3016 1621 ipsis
3044 1552 3252 1626 (Ezeclt.
3285 1553 3376 1608 ΩΟ.
3421 1552 3540 1622 9-5).

1954 1644 2026 1698 Ita
2055 1647 2216 1700 etiam
2245 1647 2523 1701 sabbatum
2568 1647 2653 1701 hic
2677 1649 2920 1701 solvitur.
2945 1648 3047 1702 Sed
3075 1663 3171 1702 cur
3212 1649 3340 1703 dicit
3366 1666 3379 1700 :
3418 1649 3543 1715 Quis

1950 1737 2057 1789 lucc
2088 1738 2338 1803 requisivit
2367 1739 2429 1790 de
2457 1738 2685 1791 "niuibus
2712 1740 2884 1792 vestris
2904 1740 2929 1792 ?
2978 1739 3088 1794 lloc
3121 1739 3270 1793 vobis
3301 1739 3544 1809 relinquo

1952 1831 2266 1886 Solvendum
2301 1849 2312 1884 :
2347 1832 2588 1900 poteritis
2613 1839 2793 1885 autem
2827 1832 2949 1885 talia
2994 1832 3252 1894 invenire,
3284 1832 3328 1886 si
3357 1847 3540 1902 puram

1951 1923 2110 1976 vitam
2143 1924 2375 1993 egeritis.

2021 2016 2073 2069 5.
2107 2015 2162 2068 Si
2190 2015 2330 2069 enim
2360 2014 2663 2069 Cornelium
2709 2022 2924 2084 propter
2950 2015 3112 2068 vitam
3152 2016 3406 2084 optimam
3439 2030 3538 2069 vo-

1948 2109 2088 2162 civit
2119 2109 2168 2161 id
2213 2123 2530 2162 arcanorum
2560 2108 2919 2177 cognitionem
2953 2108 3084 2179 (Act.
3122 2109 3207 2162 10.
3237 2109 3292 2176 4)
3320 2151 3333 2172 ,
3363 2117 3417 2162 et
3443 2125 3541 2162 eu—

1949 2199 2204 2260 nuchum,
2235 2198 2375 2267 quod
2407 2198 2646 2252 studiose
2682 2199 2916 2269 legeret,
2957 2198 3023 2252 ad
3075 2198 3150 2252 rei
3181 2199 3539 2268 cognitionem

1947 2291 2164 2346 deduxit
2195 2293 2330 2362 (Δί-ι.
2363 2293 2415 2346 8.
2448 2291 2537 2344 27.
2566 2293 2738 2361 sqq.):
2771 2291 2939 2344 multo
2972 2292 3138 2360 magis
3180 2308 3272 2345 vos
3318 2291 3408 2360 qui
3430 2293 3541 2359 jam

1949 2387 2106 2440 iidem
2138 2385 2408 2456 assequuti
2457 2385 2587 2438 estis
2608 2427 2622 2448 ,
2652 2385 2694 2438 si
2724 2394 2924 2438 rectam
2955 2370 3114 2437 vitam
3161 2382 3503 2438 ostenderitis
3524 2425 3539 2445 .

1947 2477 2160 2532 docebit
2189 2493 2307 2547 qua:
2333 2485 2455 2530 sunt
2494 2476 2876 2531 nianil'estiora.
2909 2476 3370 2544 Quemadmodum
3395 2478 3538 2530 enim

1947 2572 2050 2624 vita
2084 2570 2355 2624 immunda
2387 2579 2466 2624 est
2499 2569 2914 2638 impedimento,
2944 2572 3228 2640 quominus
3250 2587 3310 2626 ea
3337 2587 3540 2642 cogno-

1947 2674 2162 2719 seantur
2197 2665 2276 2735 (ut
2304 2663 2432 2718 dicit
2462 2664 2692 2718 Paulus:
2725 2662 2845 2716 Non
2885 2664 3028 2734 potui
3068 2665 3206 2733 loqui
3246 2665 3380 2717 vobis
3411 2674 3540 2718 tam-

1945 2773 2095 2825 quam
2122 2755 2491 2826 spiritualibus,
2523 2756 2760 2826 quoniam
2785 2755 2897 2809 lites
2925 2764 3041 2809 sunt
3071 2756 3206 2810 vobis
3248 2765 3298 2810 et
3325 2767 3535 2809 conten-

1947 2849 2105 2902 tiones
2145 2847 2165 2921 [
2194 2850 2234 2902 1.
2267 2847 2383 2901 Cor.
2409 2849 2462 2902 5.
2494 2848 2540 2901 1.
2573 2846 2627 2919 5]
2654 2865 2666 2912 ;
2699 2857 2752 2901 et
2790 2863 2975 2901 rursus
3013 2846 3175 2902 Isaias
3203 2866 3218 2902 :
3244 2848 3388 2901 Scire
3433 2849 3538 2900 vias

1946 2956 2083 2993 meas
2110 2938 2466 2992 desiderabant
2490 2981 2504 3002 ,
2534 2947 2586 2990 ut
2614 2939 2834 3008 populus
2854 2939 2941 3008 qui
2956 2935 3072 3007 fecit
3087 2937 3350 3007 justitiam
3375 2933 3530 3007 [lsai.

1945 3031 2034 3086 58.
2067 3029 2122 3103 ‘2]
2148 3031 2164 3100 )
2191 3050 2202 3083 :
2237 3032 2314 3084 sic
2343 3031 2446 3083 vita
2479 3029 2678 3083 munda
2726 3039 2778 3083 et
2808 3030 3080 3098 quaerendi
3107 3030 3339 3082 studium
3381 3045 3538 3082 manu

1943 3125 2165 3179 ducunt.
2201 3124 2420 3192 Quaerite
2466 3123 2607 3175 enim
2627 3163 2644 3188 ,
2676 3122 2882 3191 inquit,
2915 3132 2960 3174 et
2984 3121 3242 3174 invenietis
3269 3119 3417 3190 (Luc.
3445 3121 3533 3174 11.

1943 3218 2020 3288 9).
2053 3217 2190 3286 Quin
2219 3216 2376 3270 etiam
2407 3216 2654 3285 parabola
2683 3216 2820 3282 ejus,
2847 3214 2935 3285 qui
2966 3215 3096 3283 petit
3126 3229 3289 3284 panes
3313 3214 3379 3266 ab
3405 3215 3538 3266 ami-

1943 3326 2026 3375 co,
2079 3311 2167 3380 qui
2217 3309 2322 3378 iam
2376 3309 2712 3372 dormiebat;
2745 3307 2844 3362 hoe
2891 3307 3124 3361 ostendit
3163 3305 3267 3376 (Ib.
3314 3322 3360 3359 υ.
3392 3306 3533 3370 5-8).

1942 3402 2232 3470 Propterea
2263 3400 2514 3456 Salomon
2546 3415 2756 3470 quoque
2777 3400 3024 3469 quoniam
3055 3397 3534 3468 petiitspiritualia,

1943 3511 2004 3549 ea
2033 3496 2190 3548 etiam
2223 3494 2457 3563 accepit,
2501 3491 2621 3562 quae
2676 3507 2780 3546 non
2833 3491 2981 3560 petiit
3034 3492 3111 3559 (5.
3151 3491 3276 3560 Reg.
3325 3491 3378 3544 5.
3424 3491 3533 3558 11).
3565 3550 3578 3560 I

1941 3587 2166 3656 Quando
2193 3596 2370 3641 autem
2399 3595 2454 3640 et
2485 3585 2790 3647 assiduitas,
2817 3593 2870 3637 et
2899 3583 3190 3653 spiritualis
3235 3582 3450 3652 petitio,
3484 3591 3536 3634 et

1941 3694 2072 3748 pura
2129 3679 2235 3732 vita
2307 3677 2572 3744 adfuerit,
2625 3677 2798 3746 cogita
2859 3673 2996 3742 apud
3076 3683 3128 3728 tc
3177 3685 3372 3742 quanta
3435 3672 3537 3726 erit

1944 3770 2239 3841 accipiendi
2287 3769 2512 3824 facultas
2543 3787 2556 3822 :
2587 3769 2732 3837 atqui
2766 3767 2844 3820 vel
2889 3767 3001 3835 ipsa
3034 3781 3127 3834 per
3155 3780 3214 3818 se
3240 3765 3350 3818 sola
3403 3764 3535 3819 assi-

1941 3863 2118 3918 duitas
2172 3863 2456 3933 plurimum
2499 3860 2668 3930 potuit
2701 3877 2714 3911 ε
2743 3857 2873 3912 Dico
2913 3857 3055 3912 enim
3079 3898 3092 3918 .
3124 3856 3332 3926 inquit,
3361 3855 3536 3920 vobis,

1938 3959 2032 4012 etsi
2086 3973 2188 4010 non
2249 3965 2514 4024 propterea
2554 3952 2689 4022 quod
2732 3953 2796 4004 sit
2851 3953 2960 4022 ejus
3010 3951 3204 4003 amicus
3256 3949 3300 4002 ei
3360 3949 3529 4012 dabit,

1940 4059 2148 4120 propter
2185 4047 2549 4116 impudentiam
2595 4055 2759 4098 tmnen
2807 4045 2915 4114 ejus
2969 4043 3106 4095 dabit
3156 4041 3202 4095 ei
3255 4040 3407 4110 (Luc.
3444 4041 3530 4093 11.

1941 4141 2018 4209 8).
2095 4139 2202 4194 Sed
2261 4146 2593 4192 revertamur
2655 4135 2722 4190 ad
2774 4134 3130 4204 propositum.
3195 4133 3337 4202 Opus
3400 4131 3534 4201 quod

1938 4246 2176 4302 aperatus
2200 4248 2253 4286 es
2299 4232 2352 4285 in
2400 4229 2574 4283 diebus
2599 4245 2802 4286 eorum.
2843 4228 2893 4280 in
2934 4226 3108 4280 diebus
3142 4224 3379 4294 antiquis.
3415 4222 3532 4274 Mu-

1941 4345 2034 4380 uus
2107 4336 2191 4379 tua
2263 4334 2431 4396 gentes
2480 4322 2814 4393 disperdidit,
2864 4329 2910 4374 et
2964 4317 3204 4387 pluntasti
3251 4332 3352 4370 eos.
3399 4313 3532 4367 Vide.

1937 4435 2096 4488 quam
2149 4417 2362 4487 proprie
2403 4415 2636 4469 dictione
2674 4429 2798 4466 usus
2822 4421 2925 4466 est.
2960 4409 3074 4463 Non
3103 4422 3188 4469 co,
3221 4406 3408 4474 inquit,
3439 4421 3529 4457 so-

1941 4515 2047 4567 lum
2077 4529 2189 4567 rem
2215 4509 2485 4565 deduxisti
2512 4549 2527 4572 ,
2555 4517 2611 4561 ut
2638 4505 2713 4560 illi
2752 4505 2966 4574 quidem
3002 4503 3295 4565 vincerent,
3330 4497 3380 4552 hi
3405 4513 3531 4550 veru

1939 4607 2281 4660 vincerentur
2312 4620 2322 4653 :
2352 4601 2444 4654 sed
2488 4598 2664 4653 omnia
2717 4596 2923 4664 longius
2969 4599 3376 4663 processerunt;
3410 4589 3532 4642 licet

1937 4706 2094 4751 antea
2123 4709 2332 4764 quoque
2356 4707 2460 4746 non
2489 4704 2642 4759 aequo
2668 4686 2961 4742 certamine
2990 4699 3074 4738 res
3093 4691 3429 4753 gererentur.
3453 4678 3528 4732 llli

1937 4791 2080 4846 enim
2112 4786 2490 4858 possidebant,
2518 4783 2568 4836 bi
2596 4797 2726 4837 vero
2763 4789 2915 4835 erant
2937 4779 3156 4833 advena:
3185 4793 3198 4828 :
3226 4775 3322 4831 sed
3352 4785 3529 4827 tamen

1939 4891 2078 4936 tanta
2111 4880 2244 4934 facta
2269 4887 2351 4932 est
2396 4875 2618 4932 mutatio
2641 4915 2655 4940 ,
2689 4883 2745 4927 ut
2771 4873 2843 4927 illi
2867 4870 3080 4941 quidem
3110 4867 3363 4923 radicitus
3388 4865 3531 4921 evel-

1938 4976 2196 5037 lerentur,
2231 4973 2282 5026 bi
2311 4987 2434 5025 vero
2466 4971 2653 5022 tierent
2678 4967 2826 5020 cives
2851 4973 2904 5019 et
2932 4963 3278 5018 habitatores.
3312 4958 3378 5013 Et
3410 4957 3537 5010 ideo.

1934 5067 2000 5121 de
2047 5067 2148 5120 illis
2177 5063 2390 5134 quidem
2435 5061 2598 5115 dicit:
2633 5057 2820 5112 Manus
2850 5066 2937 5109 tua
2981 5063 3150 5126 gentes
3176 5049 3475 5119 disperdidit

1937 5159 2005 5213 de
2031 5157 2233 5212 iudicis
2254 5166 2433 5210 autem
2457 5195 2471 5218 ,
2499 5150 2776 5206 Plantaeit.
2805 5148 3016 5202 Manum
3059 5155 3236 5198 autem
3264 5141 3387 5195 dicit
3411 5139 3532 5207 ejus

1937 5250 2246 5320 potentiam.
2283 5243 2434 5313 Quod
2471 5245 2514 5298 si
2549 5259 2642 5298 eos
2680 5240 2768 5311 qui
2818 5237 3034 5292 aliunde
3062 5231 3446 5291 adveniebant,
3473 5241 3527 5283 et

1936 5362 2033 5401 nec
2061 5345 2244 5399 urbem
2271 5385 2284 5403 ,
2315 5357 2413 5396 nec
2441 5339 2660 5394 domum
2702 5333 2969 5388 habebant
2992 5331 3046 5384 in
3082 5343 3182 5397 qua
3210 5325 3366 5381 srdes
3395 5324 3523 5393 lige-

1935 5447 2070 5494 ri-nt,
2095 5443 2187 5488 aut
2215 5434 2265 5486 in
2294 5428 2451 5501 q'uam
2492 5445 2549 5482 se
2576 5426 2893 5494 reciperent,
2921 5419 3143 5475 reddidit
3177 5426 3281 5470 tam
3307 5415 3410 5470 rito
3433 5430 3526 5485 po-

1934 5527 2190 5582 tentiores
2237 5523 2301 5577 iis
2331 5521 2419 5591 qui
2449 5521 2592 5573 intus
2637 5515 2945 5571 habitabant
2980 5531 2992 5565 :
3023 5511 3189 5565 multo
3231 5507 3396 5579 magis
3425 5520 3526 5558 nos

1935 5617 2169 5686 paternis
2196 5613 2350 5667 boais
2379 5611 2579 5680 ejectos
2608 5625 2710 5663 non
2739 5606 3016 5674 despiciet.
3051 5603 3184 5671 Quid
3215 5613 3292 5654 est
3321 5611 3516 5669 autem,

1939 5709 2229 5765 I’lantusfil’
2257 5705 2462 5761 Fixisti.
2497 5700 2647 5769 Quod
2678 5709 2758 5754 est
2806 5697 2946 5752 enim
2983 5697 3270 5765 ldautatmu
3303 5737 3314 5755 ,
3353 5694 3407 5744 lit
3436 5692 3514 5743 lir-

1999 5870 2012 5901 ‘
2052 5865 2188 5918 (Zoili.
2206 5901 2220 5929 ,
2247 5863 2517 5915 holocausta
2543 5867 2586 5912 et
2610 5857 2852 5910 columbas
2880 5855 2974 5908 vult
3004 5863 3145 5904 Dens.
