4030 6394
545 383 648 439 £75

542 514 686 553 nunu
729 506 780 551 et
807 495 1014 549 stabile.
1045 490 1179 559 Quid
1211 491 1384 562 igitur,
1408 489 1511 553 die,
1544 501 1758 559 quaeso,
1792 502 1897 538 non
1932 483 2128 552 migra-

541 592 707 645 ruut?
750 606 857 644 non
902 587 1120 642 abducti
1160 594 1285 640 sunt
1317 586 1366 639 in
1401 585 1515 638 loca
1559 582 1732 637 aliena
1760 582 1872 655 (a)?
1905 577 2132 634 Abdurti

541 693 667 737 sunt
690 693 835 738 crete
857 721 870 744 ,
898 680 991 735 sed
1024 695 1129 734 non
1178 686 1396 748 prOptcr
1434 675 1852 732 imbecillitatem
1901 672 2017 743 ejus
2045 671 2131 741 qui

541 775 902 830 collocaverat
923 813 938 835 ,
963 770 1057 827 sed
1091 779 1312 841 propter
1342 768 1529 822 vitium
1575 782 1761 821 eorum
1791 765 1879 834 qui
1916 764 2134 832 plautati

543 878 687 921 sum.
720 866 829 920 Nisi
875 865 1019 919 enim
1064 878 1184 933 qua:
1230 860 1512 925 fecerant,
1546 857 1774 912 fuissent
1805 857 1883 912 eis
1909 855 2133 923 impedi-

542 970 762 1023 mento,
813 957 943 1011 nihil
997 956 1259 1010 vetuisset
1300 952 1587 1022 quominus
1644 949 1787 1005 domi
1837 956 2134 1001 manerent.

540 1052 774 1123 Aﬁiixisti
800 1050 1034 1118 populos,
1063 1057 1108 1102 et
1136 1047 1377 1117 expulisti
1404 1061 1506 1099 eos.
1532 1042 1781 1098 Nonnulli
1807 1042 1988 1095 dicunt
2024 1040 2139 1094 haec

538 1144 641 1197 dici
670 1142 743 1197 de
767 1141 1054 1213 rEgyptiis:
1088 1140 1216 1195 mihi
1246 1148 1423 1193 autem
1453 1136 1663 1191 videtur
1693 1134 1795 1189 hoc
1816 1148 2028 1203 quoque
2058 1131 2139 1184 di-

540 1244 683 1288 ctum
709 1249 831 1289 esse
860 1233 928 1288 dc
962 1232 1228 1304 gentibus.
1262 1232 1392 1286 Nam
1424 1232 1491 1285 de
1532 1230 1639 1285 illis
1667 1243 1879 1298 quoque
1910 1227 2137 1294 sumpsit

541 1326 861 1395 supplicium
883 1366 898 1391 ,
930 1325 983 1379 in
1016 1335 1244 1394 utroque
1279 1337 1429 1378 suam
1473 1320 1765 1374 ostendens
1812 1318 2133 1388 potentiam,

542 1418 595 1471 in
641 1417 885 1473 delendis
911 1417 1118 1471 scilicet
1148 1416 1381 1470 inimicis
1421 1425 1475 1469 et
1517 1415 1627 1466 suis
1653 1409 2053 1466 continuandis.
2081 1408 2134 1462 4.

545 1508 668 1564 Non
713 1511 844 1565 enim
885 1510 939 1564 in
983 1510 1156 1581 gladio
1198 1525 1291 1563 suo
1343 1507 1669 1578 possederunt
1715 1514 1919 1557 terram.
1954 1502 2136 1567 Alius,

546 1600 670 1656 Non
700 1602 830 1655 enim
857 1602 907 1655 in
934 1618 1051 1656 ense
1077 1618 1170 1655 suo
1201 1600 1526 1670 possederunt
1552 1608 1759 1650 terram.
1785 1594 1849 1648 Et
1878 1592 2139 1646 brachium

542 1710 715 1748 eorum
746 1711 846 1748 non
893 1693 1103 1747 salvabit
1131 1710 1250 1758 eos;
1277 1690 1598 1745 sed'dea'teru
1645 1700 1729 1741 tua
1755 1731 1768 1752 ,
1803 1697 1846 1741 et
1878 1686 2138 1740 brarhium

542 1796 704 1851 tuum,
728 1796 775 1841 et
800 1786 1103 1840 illuminatio
1126 1785 1289 1838 vulus
1318 1784 1410 1837 tui.
1436 1783 1584 1837 Alius
1608 1781 1807 1850 inquit,
1836 1778 1966 1831 Lux.
1993 1778 2133 1844 Quo-

543 1877 679 1929 niam
702 1877 1051 1947 complacuiin
1070 1877 1124 1929 iu
1146 1876 1235 1929 eis.
1260 1876 1415 1943 Atqui
1448 1874 1933 1927 vincchautomnes
1951 1868 2136 1922 armati

543 1970 594 2023 in
625 1968 778 2023 bellis
814 1969 1037 2024 :armati
1065 1968 1316 2038 quidem,
1359 1982 1544 2021 verum
1571 1966 1620 2018 id
1655 1981 1757 2017 non
1788 1978 2060 2016 armorum
2087 1961 2136 2014 vi

544 2060 740 2125 fiebat,
773 2060 866 2115 sed
897 2060 987 2115 Dei
1017 2061 1247 2127 virtute,
1271 2059 1359 2128 qui
1401 2056 1660 2112 exercitui
1697 2064 1945 2125 pra-erat.
1980 2050 2139 2107 Vides

552 2152 823 2221 quomodo
847 2153 962 2207 loco
983 2152 1243 2206 orationis
1269 2150 1471 2205 adtexit
1489 2149 1794 2209 consilium,
1819 2146 2051 2200 suadens
2083 2154 2141 2199 ut

543 2243 728 2297 omnia
766 2244 818 2298 in
850 2244 1013 2299 Deum
1041 2242 1365 2314 conjiciant,
1400 2241 1623 2311 ejusque
1661 2239 1884 2294 arbitrio
1913 2238 2136 2307 permit-

544 2335 682 2388 tant?
708 2334 986 2401 Quomodo
1028 2344 1205 2388 autem
1238 2349 1351 2389 rem
1397 2342 1553 2387 vocat
1594 2330 1988 2391 hereditatem,
2017 2343 2137 2381 eum

546 2428 872 2497 patres,avi,
891 2437 946 2484 et
967 2428 1149 2498 proavi
1173 2438 1374 2482 terram
1404 2442 1508 2480 non
1539 2424 1885 2488 obtinuerint,
1913 2423 2006 2477 sed
2035 2422 2139 2474 alio

542 2529 597 2573 et
622 2521 731 2573 alio
752 2528 990 2589 tempore
1032 2519 1337 2588 consumpti
1367 2518 1516 2573 sint?
1544 2517 1676 2583 Quia
1708 2516 1839 2570 facta
1865 2526 1941 2569 est
1971 2514 2137 2582 patri-

543 2610 643 2664 hus
661 2610 958 2679 promissio.
976 2608 1121 2674 Veni,
1142 2610 1328 2679 inquit,
1350 2609 1401 2662 in
1416 2620 1600 2662 terram
1616 2623 1764 2677 quam
1780 2605 1866 2658 tibi
1879 2604 2138 2659 ostendero

547 2700 700 2767 (Gen.
751 2702 841 2756 12.
879 2703 952 2772 1);
983 2709 1058 2765 el,
1093 2701 1235 2755 Dabo
1280 2701 1368 2754 tibi
1396 2711 1601 2764 terram,
1634 2710 1680 2752 et
1705 2699 1881 2754 semini
1907 2712 1991 2750 tuo
2026 2695 2136 2769 (Ib.

544 2795 632 2849 55.
666 2791 774 2867 l5).
803 2794 938 2848 Cum
976 2802 1153 2848 autem
1195 2777 1417 2847 dixisSet
1446 2792 1723 2847 dexteram
1758 2799 1809 2843 et
1834 2789 2131 2853 brachium,

543 2887 794 2953 quoniam
824 2886 981 2955 paulo
1007 2886 1270 2941 craSsiora
1299 2885 1461 2939 verba
1487 2882 1821 2946 memoravit,
1851 2880 1971 2935 vide
1996 2895 2133 2950 quo-

544 2979 705 3032 modo
752 2978 946 3033 attollit
989 2980 1287 3034 orationem
1310 3020 1322 3041 ,
1352 2993 1541 3031 rursus
1587 2976 1911 3045 subjungens
1938 3016 1951 3037 ,
1983 2972 2140 3028 etdi-

543 3086 717 3126 rens:
755 3070 817 3125 Et
848 3071 1153 3125 illuminatio
1199 3072 1368 3125 vultus
1419 3070 1532 3135 tui,
1573 3069 1673 3123 hoc
1698 3078 1814 3131 est,
1856 3065 2134 3131 defensio,

545 3163 902 3232 providentia.
937 3163 1085 3218 Velle
1114 3164 1334 3219 enimet
1365 3163 1555 3218 adesse
1584 3162 1685 3215 illis
1707 3160 1882 3215 solum
1907 3158 2130 3213 suffecc‘

546 3256 632 3309 rit.
667 3254 870 3309 Deinde
911 3254 1071 3309 etiam
1100 3270 1318 3309 oausam
1353 3271 1367 3307 :
1406 3254 1659 3319 Quoniam
1701 3251 2053 3322 complucuisti
2084 3251 2139 3303 iu

545 3349 658 3403 eis:
687 3349 787 3403 hoc
814 3359 916 3415 est,
936 3348 1195 3416 Quoniam
1227 3349 1463 3403 dilexisti
1493 3364 1607 3413 eos,
1628 3348 1879 3418 quoniam
1903 3345 2136 3401 voluisti.

547 3441 656 3494 lies
709 3441 886 3510 itaque
914 3455 1033 3510 quae
1067 3441 1294 3503 lii-bant,
1325 3449 1477 3494 erant
1504 3440 1690 3509 gratia:
1713 3480 1728 3506 ,
1757 3455 1863 3493 non
1895 3447 2038 3493 rrcte
2065 3436 2141 3491 fa-

546 3545 789 3598 etorum,
832 3549 929 3588 nec
960 3534 1007 3588 id
1057 3550 1120 3587 ex
1159 3525 1370 3603 propria
1412 3534 1609 3588 virtute
1655 3533 1925 3602 assequuti
1976 3539 2135 3594 sunt,

548 3625 642 3678 sed
672 3642 734 3679 ex
761 3624 853 3679 Dei
888 3625 1233 3695 benignitate.
1265 3626 1316 3678 ii.
1345 3624 1419 3678 Tu
1446 3642 1496 3678 es
1521 3624 1629 3695 ipse
1653 3641 1742 3679 rex
1769 3641 1907 3678 mcus
1934 3633 1978 3677 et
2000 3622 2140 3677 Deus

546 3734 691 3771 meus
710 3759 723 3783 ,
747 3717 832 3787 qui
858 3717 1071 3772 mandas
1098 3717 1288 3771 salutes
1313 3715 1495 3772 Iacob.
1523 3716 1678 3771 Alius
1696 3758 1709 3782 ,
1738 3715 1790 3769 Μ
1798 3716 1931 3769 anda
1962 3716 2026 3770 de
2051 3731 2139 3769 sa-

550 3808 654 3862 lute
680 3808 860 3863 Jacob.
892 3810 952 3863 Et
979 3825 1222 3879 quamam
1249 3818 1330 3865 est
1359 3810 1472 3865 lune
1498 3808 1923 3879 consequentia?
1953 3807 2139 3878 Magna

548 3900 760 3967 quidem
783 3916 904 3955 cum
935 3901 998 3955 iis
1024 3917 1143 3970 qme
1168 3901 1308 3956 dicta
1337 3912 1479 3955 sunt.
1504 3901 1655 3969 Quod
1691 3900 1831 3956 enim
1861 3899 1991 3954 dicit
2017 3941 2029 3964 ,
2060 3908 2144 3954 est

550 3990 813 4057 ejusmodi
845 4009 858 4046 :
883 3991 991 4046 Nos
1017 3992 1089 4045 ah
1108 3993 1210 4047 illis
1239 3992 1499 4063 originem
1526 3993 1775 4047 duximus
1800 4012 1813 4048 :
1838 4002 1891 4047 et
1919 4002 1971 4046 tu
2001 3993 2143 4047 Deus

554 4083 647 4138 ille
672 4084 788 4153 ipse
808 4098 890 4151 es,
920 4086 1008 4156 qui
1031 4093 1087 4140 et
1109 4095 1235 4140 tunc
1264 4095 1319 4139 ct
1344 4101 1487 4141 nunc
1524 4086 1611 4140 illa
1636 4085 1829 4140 fecisti.
1862 4084 2142 4141 Uudenam

553 4190 680 4245 ergo
710 4185 795 4229 cst
835 4183 977 4229 tanta
1006 4175 1263 4229 mutatio?
1291 4175 1406 4230 Non
1436 4176 1577 4230 enim
1627 4175 1767 4230 alius
1810 4175 2024 4246 quidem
2057 4176 2146 4231 ille

553 4267 716 4330 licus,
747 4273 801 4320 tu
823 4266 977 4333 alius,
1010 4266 1105 4322 sed
1133 4276 1186 4320 tu
1219 4266 1358 4322 idem
1387 4268 1503 4336 ipse
1531 4282 1610 4323 es.

622 4358 676 4414 6.
707 4358 891 4429 Neque
911 4374 1039 4415 vero
1067 4374 1253 4414 rursus
1281 4367 1336 4414 tu
1367 4358 1581 4430 quidem
1605 4374 1683 4425 es,
1704 4373 1804 4428 ego
1829 4373 1957 4414 vero
1982 4359 2145 4413 alium

554 4449 719 4504 Deum
746 4451 875 4505 mihi
899 4450 1173 4519 adscribi),
1187 4450 1278 4507 sed
1304 4450 1385 4505 Tu
1409 4468 1460 4506 es
1475 4466 1568 4505 rea:
1593 4467 1732 4505 meus
1757 4462 1801 4505 et
1824 4451 1957 4504 Deus
1982 4469 2140 4506 meus.

555 4542 638 4597 Ab
660 4544 886 4613 imperio
918 4553 1008 4599 tuo
1030 4560 1133 4600 non
1163 4545 1490 4609 resiluimus,
1520 4544 1683 4599 alium
1713 4544 1907 4600 ducem
1932 4561 2035 4599 non
2066 4546 2149 4599 in-

556 4636 892 4706 scripsimus.
940 4638 1039 4705 Qui
1080 4639 1300 4693 mandas
1339 4640 1528 4694 salutes
1556 4638 1718 4692 λιιι-οὺ
1752 4654 1771 4692 :
1796 4638 1901 4694 hoc
1933 4648 2046 4703 est,
2084 4639 2148 4693 Et

556 4728 698 4781 Deus
746 4727 883 4781 idem
906 4771 921 4795 ,
953 4738 1007 4783 et
1036 4729 1222 4784 eadem
1253 4738 1336 4785 est
1356 4729 1713 4801 providentia.
1745 4729 2028 4786 Undenam
2060 4740 2144 4785 est

555 4835 685 4892 ergo
708 4836 889 4876 rerum
919 4823 1165 4877 mutatio?
1188 4822 1326 4891 Quid
1350 4834 1431 4878 est
1461 4839 1610 4894 ergo,
1639 4824 1740 4891 Qui
1768 4825 2026 4878 mandas?
2048 4824 2147 4889 Qui

557 4914 816 4985 prmcipit,
850 4916 936 4986 qui
963 4915 1115 4986 jubet
1137 4924 1194 4971 ut
1219 4916 1384 4972 Jacob
1411 4925 1678 4973 servetur.
1708 4918 1805 4972 llic
1836 4934 2022 4972 rursus
2051 4933 2144 4972 οῖς-

555 5008 727 5063 tendit
773 5009 960 5063 auxilii
1009 5008 1347 5075 facilitatem,
1380 5020 1435 5064 et
1476 5012 1762 5065 maximam
1803 5021 2143 5080 potestatem.

553 5102 658 5156 Sed
691 5116 864 5179 neque
890 5101 1093 5171 proavi,
1130 5101 1522 5171 nempelacoh,
1556 5102 1670 5156 sine
1691 5117 1849 5157 causa
1882 5103 2144 5169 meminit,

553 5194 658 5249 sed
680 5203 735 5248 ut
764 5209 981 5249 causam
1012 5209 1163 5249 suam
1196 5194 1366 5265 magis
1391 5194 1600 5264 probet,
1631 5194 1748 5263 ejus
1771 5194 2021 5249 virtutem
2049 5194 2147 5247 ad-

554 5287 720 5350 ducit,
753 5288 944 5343 volens
973 5288 1073 5342 sibi
1109 5288 1275 5342 Deum
1320 5286 1548 5342 reddere
1588 5286 1897 5355 propitium.
1925 5286 1976 5341 6.
2008 5284 2071 5339 In
2104 5297 2150 5339 te

553 5379 785 5435 inimicos
812 5391 1009 5436 nostros
1036 5380 1386 5436 vcntilabimus
1411 5396 1591 5435 cornu.
1617 5379 1679 5433 Et
1714 5389 1767 5433 tu
1796 5378 1937 5434 idem
1961 5394 2041 5442 es,
2068 5382 2149 5431 in-

558 5473 694 5542 quit,
726 5482 779 5529 et
807 5474 1140 5544 providentia
1171 5473 1360 5529 eadem
1379 5512 1396 5540 ,
1423 5482 1477 5527 et
1501 5486 1599 5526 nos
1622 5481 1803 5527 nostra
1827 5470 1919 5525 tibi
1949 5471 2149 5525 adseri-

554 5561 750 5630 himus,
781 5574 836 5621 et
850 5566 1053 5622 eisdem
1082 5567 1247 5620 armis
1265 5567 1341 5621 usi
1367 5580 1572 5622 sumus.
1598 5563 1712 5618 Iloc
1737 5564 1879 5619 enim
1911 5564 2010 5618 sibi
2036 5564 2147 5617 vult

554 5654 682 5708 illud
716 5671 732 5712 :
760 5656 824 5711 In
852 5668 899 5714 te
923 5657 1158 5713 inimicos
1180 5667 1378 5716 nostros
1401 5658 1752 5713 ventilabimus
1782 5675 1959 5714 cornu.
1995 5659 2145 5713 Alius

615 5783 688 5856 tu)
720 5789 800 5835 tne
823 5798 867 5856 et
898 5788 1021 5856 infra
1047 5789 1271 5856 quadam
1300 5791 1507 5844 deerant
1546 5795 1592 5843 in
1635 5798 1773 5843 textu
1816 5791 1975 5844 Morel.
1999 5829 2011 5856 ,
2036 5806 2146 5856 quae

552 5856 615 5892 ex
641 5850 957 5912 nanuscriytis
982 5850 1209 5900 restituta
1232 5862 1361 5905 smn.
1654 5885 1665 5891 -

1258 376 1297 432 S
1353 371 1631 430 JOANNIS
1668 362 2148 427 Clll‘sYSOSTOMl
2192 363 2505 419 AllCHlEl‘.
2547 363 3082 422 CONSTANTINOP.
3720 372 3807 428 ης

2244 489 2423 535 autem
2459 480 2585 534 dicit
2615 500 2628 534 :
2661 480 2763 536 Eos
2789 484 2875 552 qui
2916 501 3012 537 nos
3039 483 3261 553 aﬂlfgunt
3288 500 3442 536 cornu
3493 496 3719 552 prmum.
3752 490 3806 543 ls‘t

2240 580 2291 629 in
2339 577 2542 631 nomine
2581 588 2666 631 tuo
2714 595 3013 646 sperncmus
3056 580 3375 648 insurgentes
3405 580 3454 632 in
3498 598 3606 633 uos.
3638 583 3808 645 Alius,

2241 666 2678 723 Concalcahimus.
2712 669 2870 737 Quid,
2903 670 3096 740 inquit,
3128 670 3269 729 dico,
3304 669 3365 722 In
3400 672 3469 723 te?
3504 671 3590 725 Vel
3625 687 3800 729 uemeu

2241 762 2386 815 td'um
2417 762 2586 815 solum
2618 764 2867 817 invocare
2890 763 3088 816 sufﬁcit
3114 762 3178 816 ad
3211 764 3390 817 omnia
3428 766 3637 833 egregie
3665 782 3813 835 pera-

2241 854 2433 925 genda.
2459 854 2573 908 Non
2604 854 2735 909 dixit
2762 856 2928 920 enim,
2949 855 3255 919 Vincamus,
3282 856 3387 918 vel,
3410 856 3779 925 Superabimus
3801 877 3811 889 ·

2241 949 2355 1011 sed,
2391 947 2559 1002 Nihili
2583 948 2823 1002 duremus
2851 990 2863 1012 ,
2892 965 2993 1004 nec
3018 964 3113 1003 eos
3130 964 3253 1005 esse
3277 949 3476 1019 aliquid
3508 952 3812 1019 putabimus.

2244 1042 2355 1094 Hoc
2384 1041 2530 1094 enim
2562 1041 2663 1095 sibi
2698 1042 2807 1097 vult
2842 1040 2975 1096 illud
3002 1059 3014 1094 ε
3042 1041 3106 1095 In
3133 1053 3178 1095 te
3201 1042 3431 1096 inimicos
3458 1052 3653 1097 nostros
3680 1048 3817 1097 venti-

2240 1134 2456 1187 lahinms
2476 1174 2490 1195 ,
2513 1142 2559 1186 et
2588 1134 2643 1186 in
2668 1134 2873 1186 nomine
2899 1144 2985 1188 tuo
3013 1133 3143 1187 nihil
3168 1134 3410 1189 ducemus
3456 1136 3756 1205 insurgentes
3774 1138 3818 1189 iu

2242 1242 2353 1280 nas.
2399 1226 2512 1280 Non
2543 1226 2683 1281 enim
2713 1227 3145 1282 existimabimus
3178 1244 3271 1280 eos
3310 1244 3429 1282 esse
3470 1229 3684 1295 aliquid,
3726 1246 3811 1282 nee

2245 1318 2680 1385 perterrebimur,
2712 1317 2807 1372 sed
2847 1325 3115 1387 tamquam
3144 1321 3234 1387 qui
3266 1317 3415 1370 nilnli
3447 1317 3685 1372 homines
3712 1336 3814 1388 per-

2243 1426 2554 1481 sequemur.
2600 1411 2751 1478 Quod
2802 1410 3116 1482 signiticans
3159 1412 3295 1464 alius
3336 1411 3633 1478 interpres,
3660 1412 3816 1469 dixit;

2243 1500 2661 1556 Conculcabimus
2688 1518 2707 1557 :
2730 1518 2825 1571 per
2869 1503 2975 1556 vim
3031 1512 3236 1572 partam
3289 1503 3573 1557 victoriam
3599 1543 3616 1569 ,
3643 1504 3817 1557 instru-

2243 1603 2383 1648 ctam
2428 1592 2634 1663 absque
2672 1594 2969 1649 certamine
3011 1595 3222 1659 aciem,
3257 1609 3488 1664 pugnam
3540 1595 3654 1648 sine
3691 1605 3816 1649 metu

2243 1686 2550 1740 ostendens.
2582 1686 2634 1739 7.
2680 1684 2801 1739 Non
2838 1686 2973 1739 enim
3001 1687 3053 1739 in
3081 1703 3202 1740 arcu
3243 1703 3352 1740 meo
3380 1686 3610 1754 sperabo.
3646 1688 3780 1742 Alius
3804 1731 3819 1753 ,

2244 1775 2531 1846 Conﬁdam.
2565 1777 2631 1832 Et
2667 1778 2870 1848 gladius
2912 1795 3051 1833 meus
3072 1796 3172 1833 non
3201 1779 3413 1833 salvabit
3457 1796 3554 1833 me.
3590 1781 3651 1834 Et
3676 1797 3819 1849 quare

2245 1868 2327 1924 his
2358 1887 2483 1925 usus
2509 1872 2606 1925 es?
2635 1886 2731 1926 cur
2757 1881 2936 1926 autem
2958 1873 3205 1938 armaris,
3233 1880 3289 1926 et
3313 1889 3496 1926 areum
3525 1883 3577 1928 et
3602 1874 3816 1944 gladium

2249 1965 2493 2019 tractas?
2522 1966 2784 2033 Quoniam
2814 1967 2881 2019 ita
2932 1966 3093 2033 jussit
3137 1967 3277 2021 Deus
3322 1976 3530 2031 noster,
3558 1977 3818 2035 prosterea

2244 2058 2325 2111 eis
2363 2072 2489 2112 usus
2527 2074 2645 2112 sum
2679 2077 2692 2113 :
2720 2060 3026 2113 universum
3057 2070 3237 2113 autem
3268 2059 3318 2112 in
3345 2073 3470 2113 eum
3493 2059 3747 2127 conjicio,
3775 2069 3821 2113 et

2244 2150 2361 2217 ejus
2402 2149 2626 2204 arbitrio
2659 2151 2933 2220 permitto.
2969 2151 3042 2205 lta
3098 2150 3429 2206 docebantur
3466 2151 3669 2206 bellare
3715 2167 3818 2205 cum

2247 2239 2484 2295 inimicis
2530 2243 2912 2308 sensibilihus,
2964 2257 3200 2312 superno
3248 2243 3453 2298 auxilio
3513 2244 3819 2298 munitizita

2246 2331 2406 2384 etiam
2428 2347 2547 2385 cum
2572 2333 2935 2403 sp'ritualibus
2963 2333 3209 2387 inimicis.
3240 2333 3318 2386 Tu
3345 2348 3561 2403 quoque
3582 2376 3596 2400 ,
3629 2334 3821 2404 quando

2244 2422 2499 2478 adversus
2522 2422 2788 2478 diabolum
2823 2423 3017 2478 bellum
3039 2425 3202 2495 geris,
3230 2423 3319 2479 dic
3341 2424 3409 2477 ita
3442 2443 3457 2479 :
3491 2425 3604 2478 Non
3633 2424 3821 2479 confido

2248 2518 2382 2572 meis
2412 2518 2610 2582 armis;
2640 2516 2742 2571 hoc
2783 2527 2865 2571 est
2887 2560 2900 2577 ,
2932 2534 3035 2570 non
3060 2514 3194 2572 mea:
3218 2518 3424 2584 virtuti,
3455 2534 3557 2573 nec
3587 2534 3713 2573 mea:
3748 2519 3821 2586 jio

2246 2610 2424 2674 stitire,
2454 2610 2545 2663 sed
2568 2610 2661 2664 Dei
2687 2610 3087 2664 fllia‘Cl'lCOl'ditll.
3116 2608 3187 2663 Ita
3206 2610 3364 2665 etiam
3384 2610 3455 2665 di.
3473 2611 3597 2665 ehat
3625 2612 3661 2664 Ι)
3678 2612 3818 2664 miel:

2249 2700 2371 2754 Non
2411 2702 2462 2754 in
2502 2703 2718 2773 justitiis
2741 2702 2926 2754 nostris
2954 2702 3320 2770 prosternimus
3355 2703 3719 2757 miserationem
3746 2720 3821 2755 uo-

2246 2805 2405 2847 stram
2432 2802 2548 2847 ante
2576 2802 2622 2846 te
2646 2792 2806 2863 (Dan.
2824 2794 2876 2848 9.
2904 2794 3014 2863 18).
3036 2796 3086 2847 8.
3114 2793 3338 2848 Salvasti
3368 2796 3501 2849 enim
3533 2813 3621 2850 nos
3641 2796 3698 2849 dc
3714 2796 3821 2865 afﬂi—

2246 2884 2470 2954 grntibus
2523 2900 2613 2939 nos
2634 2927 2648 2951 ,
2682 2893 2729 2937 et
2773 2885 2995 2938 odientes
3035 2901 3127 2939 nos
3157 2885 3454 2956 confudisti.
3490 2888 3637 2940 Alius
3662 2928 3678 2954 ,
3709 2888 3821 2952 Quia

2247 2977 2458 3032 servasti
2483 2994 2593 3031 nos.
2624 2977 2759 3045 Quid
2787 2992 2921 3047 opus
2961 2988 3040 3032 est
3066 3019 3081 3043 ,
3110 2979 3281 3049 inquit
3303 3022 3316 3045 ,
3347 2980 3529 3036 dicere
3554 2990 3751 3047 vetera,
3779 2992 3821 3032 et

2247 3084 2367 3137 qua:
2410 3068 2544 3123 facta
2591 3080 2717 3123 sunt
2744 3085 2773 3123 a
2805 3070 3124 3140 majoribus?
3149 3070 3278 3137 Nos,
3315 3072 3519 3141 inquit,
3556 3074 3650 3143 ipsi
3680 3074 3821 3127 hahe-

2249 3175 2369 3214 mus
2395 3160 2560 3214 multa
2594 3162 2812 3231 pignora
2844 3160 3191 3231 providentia:
3213 3204 3228 3226 ,
3256 3172 3317 3217 et
3336 3164 3581 3234 gloriosa
3608 3174 3784 3234 tropa-a
3802 3207 3819 3229 ,

2252 3251 2661 3323 frequentesque
2687 3294 2701 3319 ,
2731 3252 3077 3309 admirabiles
3104 3262 3157 3308 et
3205 3254 3555 3311 incredibiles
3602 3257 3823 3310 \‘lClOt‘ius

2248 3359 2565 3398 enumerare
2595 3359 2897 3414 possumus.
2942 3345 3229 3414 Propterea
3278 3347 3609 3414 enimdixit,
3647 3346 3824 3417 Confu-

2248 3438 2718 3506 disti,ostcndens
2762 3453 2882 3492 eum
2931 3455 3037 3493 non
3062 3439 3232 3493 solum
3281 3455 3378 3494 nos
3425 3441 3717 3505 liberasse,
3743 3456 3825 3495 nec

2251 3529 2617 3584 tantummodo
2645 3529 2906 3599 eripuisse
2929 3571 2943 3595 ,
2967 3529 3062 3585 sed
3088 3545 3209 3585 cum
3248 3547 3442 3603 magno
3463 3532 3721 3589 dedecore
3745 3551 3824 3586 ea-

2253 3640 2371 3679 rum
2416 3625 2631 3694 quinos
2680 3624 3020 3678 invadebant.
3051 3623 3109 3678 9.
3141 3623 3206 3678 In
3246 3623 3357 3679 Deo
3395 3627 3713 3680 laudabimur
3739 3637 3825 3679 tota

2249 3716 2368 3778 die;
2398 3724 2441 3769 et
2470 3716 2521 3769 in
2551 3715 2753 3769 nomine
2782 3724 2868 3769 tuo
2897 3716 3251 3783 conﬁtebimur
3281 3717 3331 3770 in
3366 3717 3633 3772 saxulum.

2326 3809 2443 3863 Dies
2470 3824 2562 3879 pro
2585 3809 2702 3862 vita.
2724 3838 2799 3849 —
2825 3809 2978 3863 Alius
3021 3809 3219 3880 inquit,
3253 3809 3413 3863 Deum
3445 3811 3713 3866 laudamus
3740 3822 3825 3863 toto

2250 3902 2350 3957 die.
2376 3902 2605 3957 Victoria
2629 3901 2844 3971 quidem
2866 3943 2880 3966 ,
2911 3901 3119 3971 inquit,
3155 3904 3411 3972 praeteriit
3436 3945 3450 3968 ,
3485 3904 3641 3961 nobis
3668 3913 3824 3956 autem

2252 4007 2428 4050 manet
2466 3995 2755 4065 gratiarum
2801 3995 2959 4048 actio.
2991 3993 3184 4049 Totum
3223 3997 3369 4050 enim
3396 3996 3540 4050 diem
3568 3996 3723 4063 dicit,
3757 4004 3826 4047 ιυα

2254 4097 2359 4141 tam
2384 4088 2565 4141 vitam.
2590 4086 2704 4142 Non
2734 4088 2877 4142 enim
2899 4102 3191 4154 cessamus,
3221 4088 3426 4157 inquit,
3454 4098 3604 4143 tuum
3629 4088 3825 4143 laudare

2254 4181 2509 4237 auxilium
2538 4188 2592 4235 et
2633 4180 2725 4233 illo
2750 4180 2988 4250 gloriari.
3028 4179 3155 4233 Haec
3181 4187 3265 4234 est
3304 4189 3483 4234 nostra
3512 4180 3711 4249 gloria,
3743 4177 3830 4231 hoc

2252 4275 2584 4345 gloriatiouis
2603 4289 2801 4345 genere
2823 4273 2958 4344 apud
2981 4288 3170 4328 omnes
3192 4272 3409 4339 utimur;
3430 4290 3537 4330 non
3556 4275 3692 4346 quod
3719 4277 3829 4328 cin-

2256 4374 2416 4422 tatcm
2465 4368 2711 4438 magnam
2754 4364 3047 4421 habeamus
3077 4375 3130 4420 et
3152 4366 3520 4420 admirabilem
3547 4408 3561 4432 ,
3585 4382 3682 4421 nec
3705 4362 3827 4435 quod

2255 4460 2409 4532 primi
2434 4461 2732 4525 vincamus,
2758 4474 2856 4511 nec
2882 4457 3020 4529 quod
3051 4457 3249 4511 viribus
3274 4458 3517 4527 corporis
3559 4461 3723 4512 simus
3749 4472 3828 4511 sh-

2255 4555 2368 4626 peri
2408 4568 2495 4608 res
2528 4570 2542 4609 :
2572 4552 2665 4608 sed
2699 4552 2839 4623 quod
2872 4568 3054 4606 verum
3095 4550 3260 4606 Deum
3310 4550 3605 4606 habeamus
3625 4591 3640 4615 ,
3673 4551 3720 4603 in
3746 4548 3831 4601 hoe

2252 4648 2581 4719 gloriamur:
2611 4662 2715 4701 non
2747 4646 2918 4700 solum
2967 4644 3180 4715 quando
3220 4645 3374 4699 nobis
3402 4644 3680 4698 auxiliaris
3701 4686 3716 4710 ,
3746 4639 3827 4695 sed

2256 4740 2413 4796 etiam
2445 4738 2655 4808 quando
2693 4737 2919 4792 deseris.
2958 4737 3067 4792 Hoc
3092 4737 3233 4792 enim
3267 4748 3367 4799 est,
3396 4734 3532 4790 Tota
3561 4736 3643 4789 die
3665 4754 3683 4788 :
3712 4733 3832 4787 sicut

2256 4834 2414 4887 etiam
2443 4832 2566 4886 dicit
2605 4830 2798 4885 Paulus
2828 4850 2842 4883 :
2877 4828 3011 4884 Mihi
3036 4840 3204 4885 autem
3231 4830 3360 4884 absit
3385 4830 3602 4902 gloriari
3626 4872 3640 4893 ,
3671 4827 3762 4882 nisi
3787 4825 3830 4877 in

2254 4943 2402 4980 cruce
2427 4924 2613 4980 Christi
2642 4923 2780 4995 (Gal.
2817 4924 2868 4979 6.
2904 4921 3014 4993 ll).
3049 4923 3198 4977 Nulla
3237 4931 3321 4977 est
3344 4921 3485 4978 enim
3508 4963 3523 4988 ,
3552 4922 3693 4977 nulla
3714 4962 3726 4986 ,
3758 4920 3829 4971 in-

2254 5034 2433 5090 quam,
2467 5025 2548 5071 est
2566 5018 2665 5071 alia
2691 5016 2953 5086 ejusmodi
2976 5016 3168 5084 gloria.
3192 5014 3449 5083 Quocirca
3472 5029 3656 5068 rursus
3682 5010 3830 5064 dicit:

2257 5108 2378 5163 Non
2409 5108 2572 5163 solum
2597 5116 2763 5161 autem
2789 5149 2805 5171 ,
2827 5106 2916 5161 sed
2952 5107 3103 5160 etiam
3131 5106 3405 5177 gloriantes
3443 5104 3495 5158 in
3530 5103 3637 5157 Deo
3667 5102 3828 5172 (Rom.

2255 5200 2446 5269 5.“).
2479 5198 2620 5253 Nihil
2650 5197 2791 5254 enim
2839 5205 3014 5267 potest
3054 5196 3285 5251 conferri
3332 5211 3453 5251 cum
3505 5193 3606 5249 hac
3653 5191 3831 5263 gloria-

2257 5293 2421 5347 tione.
2453 5289 2620 5345 Nemo
2648 5305 2776 5361 ergo
2819 5304 2875 5343 se
2898 5290 3059 5358 jactet
3089 5299 3143 5341 et.
3173 5287 3430 5355 glorietur
3459 5292 3675 5357 propter
3700 5281 3830 5337 divi-

2256 5384 2374 5445 tias,
2407 5397 2564 5438 nemo
2589 5388 2808 5453 propter
2846 5396 2907 5436 ea
2936 5396 3055 5450 qm?
3086 5379 3151 5432 ad
3192 5379 3330 5432 hanc
3360 5378 3519 5431 vitam
3548 5377 3827 5445 pertinent,

2255 5474 2347 5529 sed
2374 5483 2589 5544 propter
2619 5473 2720 5527 hoc
2738 5471 2932 5537 solum,
2960 5471 3101 5540 quod
3136 5470 3325 5524 habeat
3349 5470 3511 5523 Demn
3541 5469 3825 5522 Donriaum.

2258 5569 2367 5623 Hoc
2392 5580 2474 5623 est
2500 5567 2642 5622 οηιηί
2674 5567 2915 5622 libertate
2937 5565 3147 5628 melius,
3176 5564 3274 5617 hoc
3290 5573 3375 5619 est
3399 5563 3526 5632 ipsis
3546 5562 3690 5616 cadis
3712 5574 3832 5630 pne-

2256 5660 2503 5715 stantius.
2535 5658 2589 5713 Si
2621 5658 2763 5714 enim
2789 5656 2948 5726 hujus
2979 5656 3065 5710 vel
3092 5655 3233 5708 illius
3260 5669 3379 5710 esse
3425 5653 3527 5708 dici
3550 5694 3561 5715 .
3584 5646 3828 5723 gloriandi

2255 5752 2589 5807 occasionem
2619 5765 2761 5820 smpe
2789 5749 2964 5804 attulit
2990 5747 3129 5817 apud
3157 5746 3400 5802 homines
3431 5762 3443 5798 :
3477 5746 3644 5814 cogita
3678 5756 3805 5812 quau

2260 5856 2364 5901 tam
2412 5844 2558 5899 allcrt
2605 5843 2825 5915 gloriam
2884 5841 2972 5895 Dei
3021 5856 3139 5895 esse
3184 5839 3307 5895 diri.
3339 5839 3603 5907 Quocirca
3652 5835 3829 5890 ltaului
