4030 6432
270 291 335 350 Ii'l
1354 291 1711 352 EXPOSITIU
1752 291 1814 347 IN
1855 289 2176 348 PSALMUM
2217 289 2398 349 XLIII.

278 452 441 511 quoque
469 436 580 492 hoc
609 453 715 507 pro
752 452 955 510 magna
977 436 1232 507 dignitate
1259 434 1459 504 posuit,
1485 434 1672 488 dicens
1705 451 1717 487 :
1755 431 1855 499 Qui

282 542 408 587 autem
450 528 649 586 Christi
692 542 851 598 sunt,
890 546 1097 584 carnem
1146 527 1510 595 cruciﬁxerunt
1552 524 1754 598 (Gaiat.
1803 525 1858 580 5.

280 626 366 699 24).
394 624 722 696 Diapsatma.
752 625 929 688 Alius,
961 623 1190 693 Semper.
1221 620 1480 676 Hebraeus
1526 628 1704 675 autem
1732 618 1858 672 illud

280 721 342 775 sic
375 718 661 789 exprimit,
698 717 810 775 εει.
867 716 953 772 10.
987 714 1140 769 Nunc
1179 723 1345 768 autem
1386 712 1619 783 reputisti
1663 729 1784 774 nos,
1815 721 1862 763 et

280 811 537 884 confudisti
560 826 673 863 nos.
701 809 872 875 Alius,
899 806 1117 861 Tametsi
1141 803 1373 874 repulisti
1400 819 1513 857 nos.
1545 801 1724 865 Alius,
1756 801 1860 855 Sed

275 907 335 958 tut
356 906 457 959 utre
497 904 743 973 rejecisti.
784 901 847 956 Et
875 917 977 954 non
1024 898 1292 970 egredieris
1337 896 1479 951 Deus
1520 896 1574 949 in
1596 894 1862 948 virtutibus

274 1001 464 1053 nostris.
499 997 674 1056 Alius,
710 993 773 1048 Et
813 1009 915 1047 non
963 989 1299 1063 progredieris
1341 989 1395 1043 in
1421 988 1618 1043 militiis
1646 986 1857 1041 nostris.

279 1090 555 1160 Repulsam
598 1088 741 1143 etiitn
771 1086 950 1141 statim
993 1084 1162 1155 pudor
1205 1081 1465 1153 sequitur,
1515 1089 1571 1134 et
1614 1078 1678 1132 ad
1720 1078 1858 1131 mala

278 1182 511 1256 patienda
537 1195 659 1237 esse
682 1180 932 1235 omnibus
954 1176 1274 1248 expositum.
1305 1175 1538 1229 Virtutes
1565 1181 1744 1226 autem
1770 1169 1857 1224 hic

274 1278 497 1349 appellat
536 1289 724 1331 eorum
765 1272 1064 1342 exercitus,
1105 1264 1540 1339 quandoquidem
1589 1264 1642 1319 in
1671 1263 1752 1317 eis
1777 1269 1861 1315 est

272 1369 409 1439 regis
438 1365 677 1437 potentia
707 1379 720 1416 :
748 1376 869 1418 cum
903 1356 1042 1415 Deus
1082 1356 1183 1414 hoc
1217 1370 1428 1413 summo
1472 1353 1699 1409 consilio
1728 1367 1857 1422 pro-

272 1459 477 1524 viderit,
511 1465 573 1512 ut
594 1462 737 1510 esset
762 1453 864 1507 hoc
893 1450 1136 1521 principi,
1155 1459 1213 1504 et
1238 1449 1303 1504 iis
1340 1447 1428 1518 qui
1459 1445 1576 1515 ejus
1603 1452 1860 1514 reguntur

274 1552 528 1621 imperio,
561 1545 847 1603 vinculum.
879 1543 1012 1599 Nam
1062 1553 1118 1597 et
1140 1557 1235 1597 rex
1280 1541 1345 1595 iis
1393 1553 1533 1609 opus
1570 1536 1729 1592 habet
1767 1536 1856 1606 qui

270 1645 384 1711 ejus
408 1641 579 1712 jussis
598 1645 825 1712 pareant
847 1675 863 1700 ,
888 1645 942 1691 et
970 1635 1027 1690 bi
1046 1649 1111 1690 eo
1134 1633 1221 1704 qui
1253 1632 1357 1687 illis
1382 1630 1564 1701 praesit
1596 1647 1610 1683 :
1640 1636 1694 1684 et
1721 1628 1858 1682 alter

263 1735 485 1790 alterius
531 1731 729 1787 auxilio
770 1729 991 1799 indiget.
1041 1725 1119 1781 Ne
1143 1725 1321 1795 aliqua
1362 1723 1505 1778 enim
1535 1726 1677 1776 esset
1705 1734 1857 1774 arro-

259 1826 463 1898 gantia,
491 1822 669 1880 eﬂ‘ecit
693 1822 832 1877 Deus
855 1861 869 1886 ,
902 1829 960 1874 ut
998 1832 1184 1888 magna
1224 1830 1366 1886 srcpe
1405 1813 1586 1884 parvis
1614 1820 1854 1881 egerem.

264 1919 377 1974 Iloe
420 1916 595 1987 ipsum
640 1913 764 1970 fecit
798 1912 957 1967 etiam
986 1912 1038 1965 in
1077 1909 1239 1964 rebus
1264 1905 1534 1960 inanimis.
1564 1903 1856 1959 Labentem

259 2011 403 2066 enim
435 2010 738 2065 columnam
768 2005 1041 2077 subjectus
1070 2017 1213 2072 saepe
1249 2001 1486 2056 calculus
1514 1998 1721 2054 ﬁrmam
1745 2006 1857 2053 sta-

263 2103 533 2172 bilemque
579 2099 857 2170 pratstitit,
886 2104 940 2152 et
966 2095 1232 2171 navigium
1264 2093 1316 2148 in
1347 2107 1453 2163 quo
1479 2089 1859 2162 quamplurimi

256 2205 386 2250 sunt
410 2201 692 2259 rectores,
724 2203 922 2262 parvus
941 2189 1125 2244 clavas
1147 2187 1330 2257 dirigit
1357 2193 1411 2240 et
1430 2185 1624 2240 liberat
1653 2198 1683 2237 u
1718 2182 1859 2252 peri-

256 2287 415 2341 culis.
444 2285 580 2354 Quid
627 2293 710 2339 est
738 2290 956 2345 autem,
991 2278 1210 2333 Tametsi
1234 2264 1468 2344 repulisti
1496 2291 1588 2330 nos
1616 2276 1642 2330 ρ
1670 2274 1866 2340 Licet,

258 2378 467 2449 inquit,
498 2385 578 2431 tot
602 2384 659 2430 et
688 2381 832 2428 tanta
865 2371 1005 2442 passi
1047 2370 1215 2425 simus
1235 2385 1304 2429 ,a
1329 2379 1381 2424 te
1411 2382 1515 2423 non
1542 2365 1821 2422 deﬁcimus
1841 2406 1855 2431 ,

257 2483 311 2524 te
337 2467 652 2532 laudantes,
678 2465 848 2537 gloria
873 2463 1209 2526 efﬁcientes,
1254 2460 1385 2515 etin
1434 2467 1485 2515 te
1534 2459 1845 2530 gloriantes.

263 2562 347 2615 11.
393 2558 629 2613 Auertiin
671 2571 764 2610 nos
808 2565 942 2609 retro
970 2562 1083 2624 post
1109 2552 1340 2607 inimicos
1384 2559 1601 2605 nostros.
1651 2549 1718 2603 Et
1760 2552 1847 2621 qui

259 2654 475 2706 oderunt
513 2666 637 2713 nos,
670 2645 969 2717 diripiebant
1013 2644 1128 2699 sibi.
1160 2644 1331 2709 Alius,
1364 2641 1589 2697 Posuisti
1638 2657 1730 2697 nos
1771 2658 1861 2696 ea:-

259 2757 445 2800 trentos
490 2742 710 2814 cujusvis
752 2740 963 2794 ini-uici.
1008 2738 1140 2794 Vide
1181 2736 1450 2809 quomodo
1504 2736 1643 2791 mala
1685 2737 1860 2791 verbis

257 2837 499 2901 extollit,
530 2844 585 2891 et
611 2834 968 2890 calamitatem
1000 2831 1177 2888 verbis
1209 2829 1500 2902 anipliticat
1522 2870 1537 2895 ,
1570 2830 1861 2886 ostendens

256 2944 373 2995 eos,
392 2926 606 2982 etiamsi
634 2931 815 2980 essunt
852 2922 1136 2979 admodum
1164 2931 1493 2992 peccatores,
1521 2920 1653 2977 satis
1679 2931 1859 2976 tamen

261 3034 542 3091 pinnarum
570 3018 801 3073 dedisse.

330 3115 386 3167 7.
430 3111 543 3168 Hoc
585 3111 745 3167 etiam
777 3108 1018 3165 fecerunt
1060 3107 1213 3180 pueri
1255 3123 1319 3162 ex
1363 3105 1680 3163 redundanli
1721 3120 1857 3177 qua-

260 3211 383 3264 dam
414 3209 566 3278 conia
592 3208 646 3262 in
682 3206 897 3261 fornace
919 3215 1043 3260 tunc
1070 3211 1326 3259 canentes
1346 3212 1399 3258 et
1417 3201 1660 3257 dicentes
1684 3218 1697 3255 :
1723 3200 1858 3256 Tra-

267 3300 441 3354 didistt'
471 3315 562 3353 nos
598 3298 651 3351 in
697 3311 880 3349 manus
921 3294 1238 3348 inimicorum
1276 3303 1566 3347 nostrorum
1611 3292 1858 3362 pessima-

265 3409 401 3455 rum,
442 3389 1018 3461 praearicatorumque,
1068 3395 1114 3440 et
1161 3385 1269 3457 regi
1308 3384 1501 3455 injusto
1546 3394 1592 3437 et
1640 3384 1858 3454 pessimo

260 3487 399 3540 ultra
435 3499 633 3538 omnem
668 3492 859 3536 terram
886 3478 1043 3551 (Dan.
1070 3480 1121 3534 5.
1151 3478 1268 3545 52).
1310 3477 1380 3532 Et
1421 3491 1609 3532 rursus
1634 3496 1648 3532 :
1672 3476 1857 3531 Immi-

258 3577 368 3631 uuti
394 3590 572 3629 sumus
598 3573 714 3643 plus
732 3587 885 3642 quam
910 3586 1082 3625 omnes
1101 3579 1291 3641 gentes,
1317 3585 1587 3640 sumasque
1601 3568 1821 3623 Immites
1840 3571 1855 3601 ί

255 3671 310 3722 in
330 3669 569 3722 uniuersa
598 3675 732 3719 terra
758 3663 920 3735 (ibid.
949 3678 999 3717 υ.
1028 3662 1143 3731 57).
1177 3662 1287 3717 Iloc
1313 3663 1485 3732 ipsum
1529 3661 1616 3716 hic
1645 3676 1857 3732 quoque

255 3757 547 3829 signiﬁcat,
576 3756 960 3828 propemodum
987 3753 1173 3809 dicens
1200 3770 1213 3807 :
1242 3753 1511 3809 Omnibus
1544 3754 1857 3809 hominibus

254 3852 479 3906 viliores
504 3859 559 3906 et
583 3848 906 3919 abiectiores
941 3860 1152 3912 suetus,
1186 3845 1622 3916 quandoquidem
1670 3861 1858 3902 sumus

262 3954 347 3997 tua
382 3940 574 3997 ntidati
602 3938 932 4011 providentia
964 3956 977 3992 :
1010 3947 1065 3993 et
1095 3952 1193 3993 nec
1222 3952 1461 4007 eousque
1484 3937 1696 4007 quidem
1720 3941 1857 3996 mala

260 4044 450 4091 nostra
486 4040 776 4095 steterunt,
805 4032 897 4087 sed
924 4032 1085 4086 etiam
1114 4031 1296 4101 [incdit
1318 4030 1443 4086 facti
1465 4046 1653 4086 sumus
1678 4033 1857 4087 inimi-

258 4129 357 4195 cis,
388 4128 484 4198 qui
527 4141 627 4181 nos
666 4140 765 4180 suo
792 4124 1015 4180 arbitrio
1037 4123 1370 4179 dividebant.
1412 4124 1530 4180 lloc
1568 4125 1710 4179 enim
1757 4126 1857 4180 sibi

258 4221 376 4276 vult
408 4238 423 4273 :
464 4218 784 4286 Diripiebaut
812 4217 1052 4287 sibiipsis,
1088 4216 1138 4271 id
1182 4225 1289 4284 est,
1330 4218 1478 4273 nullo
1515 4220 1855 4289 pmhibente.

259 4316 349 4370 12.
381 4313 592 4369 Dedisti
626 4328 717 4367 nos
742 4321 1003 4381 tulitquam
1044 4324 1158 4364 oves
1197 4318 1444 4375 escarum,
1478 4319 1524 4364 et
1551 4312 1603 4365 in
1624 4314 1859 4384 gentibus

256 4405 548 4478 ἀειρσάάὶ
576 4420 687 4459 nos.
719 4404 889 4468 Alius,
934 4400 1200 4456 Ventiiesti
1243 4418 1358 4456 nos.
1390 4402 1528 4470 Quid
1567 4413 1670 4471 est,
1706 4403 1859 4459 Tam-

254 4514 413 4569 quam
434 4512 554 4551 oves
566 4493 832 4549 escarum?
860 4493 916 4548 Id
944 4501 1051 4557 est,
1082 4490 1276 4547 Fecisti
1303 4508 1420 4559 nos,
1457 4492 1648 4564 inquit,
1678 4496 1744 4550 ad
1771 4497 1857 4550 in-

254 4587 571 4645 vadendum
606 4585 904 4646 facillimos,
939 4598 1037 4638 nos
1065 4584 1195 4638 viles
1216 4598 1342 4641 esse
1371 4585 1682 4642 ostendens.
1722 4589 1861 4645 Sunt

255 4682 410 4736 enim
455 4679 656 4748 aliqua:
696 4691 824 4731 oves
868 4674 1260 4746 acquisitionis,
1309 4691 1427 4747 qua:
1464 4686 1591 4732 sunt
1624 4691 1764 4748 apta:
1791 4680 1858 4735 ad

252 4773 640 4846 generandtun
668 4787 681 4823 :
711 4782 835 4826 sunt
873 4784 1001 4825 vero
1030 4769 1171 4837 alia},
1198 4783 1321 4838 quae
1364 4780 1584 4841 propter
1623 4774 1856 4841 senium,

253 4865 339 4923 vel
371 4876 602 4936 propter
620 4864 951 4920 sterilitatem
991 4874 1116 4917 sunt
1148 4869 1351 4917 tantum
1386 4864 1545 4920 utiles
1572 4865 1637 4921 ad
1674 4881 1859 4923 come-

252 4958 528 5016 dendum.
558 4957 626 5011 Et
647 4955 789 5027 quod
825 4963 908 5010 est
931 4953 1354 5022 acerbissimum,
1390 4956 1442 5010 in
1480 4966 1668 5027 gentes
1702 4973 1862 5016 erant

249 5051 531 5122 dispersi;
560 5048 805 5120 quodque
828 5048 933 5103 illis
949 5045 1194 5103 omnium
1222 5048 1600 5118 gravissimum
1623 5060 1759 5116 erat,
1794 5069 1862 5109 ne

249 5144 441 5211 legem
458 5140 676 5213 quidem
690 5148 941 5211 poterant
961 5137 1068 5198 illic
1081 5148 1329 5195 accurate
1342 5154 1556 5197 servare
1564 5151 1621 5199 et
1631 5159 1662 5198 a
1676 5146 1863 5215 patria:

248 5235 576 5305 respublica:
602 5232 855 5287 institutis
878 5228 1206 5286 exciderant.
1238 5230 1307 5287 Et
1331 5247 1436 5288 non
1466 5233 1518 5289 in
1542 5251 1702 5292 unam
1727 5253 1863 5308 gen-

248 5336 397 5392 tem,
421 5324 518 5381 sed
542 5323 759 5395 ubique,
787 5321 983 5393 inquit,
1003 5319 1230 5391 dispersi
1255 5337 1462 5388 sumus,
1483 5326 1550 5382 ad
1581 5342 1744 5383 unum
1769 5347 1863 5386 so-

247 5418 399 5484 lum,
421 5431 617 5487 nempe
633 5415 772 5471 male
790 5412 1118 5485 patiendum,
1137 5414 1305 5483 parati
1324 5431 1337 5468 :
1355 5416 1534 5473 ulcisci
1551 5429 1752 5485 autem,
1774 5434 1864 5479 aut

245 5526 462 5567 manus
480 5512 737 5568 extollere
759 5524 867 5564 non
888 5521 1189 5578 possumus.
1210 5506 1320 5562 lIoc
1338 5511 1482 5565 enim
1500 5514 1763 5585 signiﬁcat
1785 5518 1861 5574 si.

245 5603 517 5660 militudo
530 5604 726 5660 ovium.
744 5603 834 5657 15.
849 5596 1131 5680 vendidisti
1143 5603 1389 5670 populum
1406 5615 1545 5662 tuum
1558 5608 1667 5664 sine
1678 5614 1859 5680 pretio.

313 5763 333 5793 ⁵
379 5767 516 5811 Unus
538 5760 701 5825 habet,
725 5773 894 5827 pauet,
914 5772 1020 5825 pro,
1042 5760 1260 5815 humiles.

3473 295 3574 354 I73

1974 408 2147 478 Alius,
2171 407 2235 463 In
2256 425 2358 463 non
2384 410 2685 464 substantia.
2714 408 2881 477 Alius,
2912 406 3029 464 Non
3050 410 3359 467 substantia.
3388 411 3451 466 Et
3471 429 3572 468 non

1970 501 2069 572 fuit
2088 501 2359 554 multitudo
2380 502 2433 555 in
2458 501 2934 556 commutationibus
2954 503 3160 558 nostris.
3186 502 3359 571 Alius,
3382 502 3448 558 Et
3468 520 3569 558 non

1970 593 2187 648 multum
2207 594 2369 665 fecisti
2389 594 2603 665 pretium
2629 610 2823 649 eorum.
2845 594 2997 663 Quod
3019 600 3197 651 autem
3219 597 3296 651 ait
3318 603 3401 652 est
3424 595 3567 666 ejus-

1970 686 2117 741 modi
2152 704 2166 737 :
2198 685 2410 741 videtur
2456 688 2599 741 enim
2639 686 2838 741 dictum
2866 703 2990 744 esse
3026 688 3181 744 valde
3227 690 3514 744 obscurum
3545 705 3561 744 ε

1966 777 2060 831 sed
2092 778 2372 842 attendite,
2405 787 2463 833 ut
2490 778 2730 850 psallatis
2765 794 2886 833 cum
2914 780 3280 852 intelligentia.
3312 778 3451 851 Quid
3479 790 3565 836 est

1964 884 2094 940 ergo
2126 869 2267 940 quod
2296 869 2530 925 dicitur?
2560 870 2728 951 Quam
2773 871 2882 926 sint
2911 872 3043 928 viles
3069 883 3125 929 et
3152 875 3345 945 objecti
3371 885 3562 931 ostend

1964 960 2063 1028 dit,
2097 978 2291 1032 nempe
2316 964 2515 1019 nullius
2538 964 2694 1034 pretii
2720 982 2733 1018 :
2765 973 3033 1035 tamquam
3056 967 3197 1034 vilis,
3224 966 3415 1041 inquit,
3440 988 3563 1041 pre~

1966 1052 2048 1117 tii,
2075 1054 2318 1123 abjeczos
2349 1065 2404 1110 et
2429 1055 2853 1111 contemnendos
2891 1072 2991 1112 nos
3019 1056 3285 1116 dimisisti.
3324 1060 3438 1119 lloc
3462 1070 3561 1122 an‘.

1968 1154 2076 1199 tem
2111 1145 2241 1201 dicit
2265 1161 2416 1201 more
2445 1145 2679 1201 humano
2709 1165 2720 1201 :
2751 1149 2989 1204 solemus
3009 1150 3150 1204 enim
3184 1166 3412 1225 quaeque
3440 1158 3563 1214 vilia

1967 1235 2097 1290 dare
2125 1236 2208 1291 vel
2238 1235 2354 1291 sine
2392 1235 2583 1307 pretio.
2616 1237 2745 1306 Qute
2769 1254 2926 1308 porro
2949 1241 3125 1310 magni
3150 1239 3392 1309 facimus,
3424 1262 3487 1303 ea
3519 1249 3563 1303 si

1966 1327 2279 1395 vendamus,
2309 1344 2504 1400 magno
2530 1331 2704 1400 pretio
2731 1330 3008 1386 vendimus
3037 1350 3049 1383 :
3085 1347 3204 1402 quae
3233 1350 3359 1390 vero
3385 1340 3555 1407 parvi,

1962 1433 2022 1475 ea
2052 1418 2137 1475 vel
2172 1418 2358 1489 gratis.
2396 1419 2675 1489 Improbos
2703 1420 2883 1492 itaque
2907 1436 3092 1476 servos
3112 1424 3200 1478 alii
3225 1426 3442 1495 quidem
3477 1429 3562 1484 din

1963 1509 2127 1564 midio
2154 1510 2345 1580 pretio,
2370 1511 2460 1566 alii
2491 1526 2618 1566 vero
2644 1512 2792 1566 nullo
2822 1521 3046 1581 accepto
3076 1515 3250 1583 pretio
3274 1515 3560 1575 dcdemut.

1962 1601 2019 1658 Si
2050 1604 2243 1659 minori
2273 1614 2456 1659 autem
2488 1606 2661 1676 pretio
2687 1607 2897 1663 tradere
2919 1609 3153 1665 ostendit
3178 1628 3336 1680 quam
3362 1614 3432 1669 sit
3458 1617 3564 1672 vile

1961 1695 2103 1764 quod
2142 1695 2425 1751 venditur:
2457 1697 2607 1752 nullo
2637 1697 2762 1753 dato
2788 1700 2962 1769 pretio
3001 1702 3279 1772 accipere,
3316 1704 3412 1759 sed
3443 1705 3563 1762 sine

1963 1788 2152 1857 pretio,
2196 1788 2368 1842 multo
2395 1789 2587 1859 magis.
2639 1789 2754 1846 Hoc
2800 1807 2930 1864 ergo
2958 1793 3085 1849 dicit
3116 1812 3130 1851 :
3164 1795 3393 1853 Perinde
3422 1814 3486 1854 ac
3514 1801 3562 1855 si

1963 1878 2124 1933 homo
2152 1878 2414 1949 quispiam
2440 1881 2600 1936 rebus
2623 1881 2733 1937 suis
2761 1883 2913 1939 cedat
2936 1888 3054 1940 sine
3081 1888 3273 1956 ptetio,
3300 1889 3371 1943 ita
3398 1891 3562 1947 etiam

1964 1970 2077 2040 ipse
2110 1986 2209 2025 nos
2251 1980 2522 2041 tamquam
2545 1973 2744 2029 nullius
2786 1978 2940 2045 pretii
2974 1977 3245 2044 dimisisti,
3277 1997 3376 2035 nos
3403 1982 3561 2037 valde

1960 2065 2350 2135 Contempsisti.
2379 2066 2491 2121 Hoc
2524 2067 2702 2137 itaque
2728 2070 2991 2140 signiﬁcat
3017 2073 3176 2127 etiam
3208 2089 3306 2143 per
3334 2073 3386 2129 id
3415 2077 3559 2146 quod
3598 2066 3603 2071 ’

1960 2155 2230 2227 subjungit
2260 2174 2273 2209 :
2306 2156 2372 2211 Et
2415 2158 2634 2229 nonfuit
2677 2161 2955 2216 multitudo
2992 2162 3047 2216 in
3082 2168 3593 2223 corumutatiouibus‘

1963 2248 2185 2312 nostris;
2228 2247 2332 2303 hoc
2379 2259 2480 2313 est,
2524 2249 2578 2304 In
2629 2252 2900 2321 emptione
2929 2263 3132 2308 nostra.
3179 2254 3246 2311 Et
3276 2256 3396 2312 ideo
3421 2258 3562 2313 dicit

1962 2337 2118 2407 alius,
2171 2339 2235 2395 In
2270 2343 2639 2413 appretiatione
2679 2354 2876 2412 nostra,
2921 2346 2970 2399 id
3007 2357 3110 2415 est,
3171 2347 3224 2403 in
3254 2348 3561 2406 venditione

1964 2444 2165 2490 nostra.
2215 2435 2451 2491 Pretium
2502 2437 2646 2492 enim
2704 2447 2788 2493 est
2832 2441 3151 2509 permutatio
3177 2458 3190 2495 :
3216 2458 3364 2513 saepe
3412 2446 3558 2499 enim

1961 2539 2178 2580 servum
2213 2525 2426 2594 damus,
2471 2536 2525 2581 et
2571 2543 2760 2582 aurum
2800 2530 2883 2585 vel
2921 2541 3202 2603 argentum
3240 2535 3557 2605 accipimus.

1964 2617 2051 2672 M.
2087 2615 2313 2671 Posuisti
2354 2636 2445 2672 nos
2475 2619 2806 2690 opprobrium
2833 2622 3007 2677 vicinis
3035 2625 3242 2690 nostris,
3275 2627 3561 2682 subsanna-

1963 2710 2147 2765 tionem
2172 2721 2219 2764 et
2245 2711 2470 2766 derisum
2498 2713 2559 2766 iis
2587 2715 2676 2784 qui
2704 2714 2758 2767 in
2796 2715 3013 2769 circuitu
3042 2727 3214 2771 nostra
3244 2730 3381 2773 sunt.
3410 2721 3560 2775 Alius

1961 2803 2110 2868 dicit,
2144 2802 2398 2871 Pompant
2426 2806 2489 2859 iis
2530 2806 2616 2875 qui
2644 2807 2694 2859 in
2724 2806 2941 2861 circuitu
2968 2817 3140 2863 nostra
3164 2821 3303 2865 sunt.
3338 2811 3426 2867 15.
3462 2808 3561 2865 Po-

1961 2896 2106 2950 suisti
2126 2913 2217 2951 nos
2236 2897 2289 2951 in
2318 2898 2613 2968 parabolam
2641 2899 2697 2952 in
2719 2899 2968 2971 gentibus.
3000 2900 3174 2958 Grave
3190 2912 3277 2958 est
3305 2903 3407 2961 hoc
3429 2920 3561 2976 sup-

1960 2989 2179 3059 plicium
2222 2999 2279 3044 et
2323 2990 2682 3058 intolerabile,
2737 2992 2805 3046 ab
2852 2992 3029 3062 impiis
3069 2996 3304 3052 maxime
3347 2998 3558 3066 probris

1961 3080 2123 3147 allici,
2150 3080 2219 3134 ab
2255 3080 2482 3136 inimicis
2512 3080 2631 3137 luce
2660 3081 2790 3152 pati,
2835 3097 2957 3137 esse
2984 3083 3329 3141 circumcirca
3361 3088 3449 3158 qui
3478 3089 3559 3143 in.

1960 3173 2178 3238 saltent,
2202 3183 2255 3227 et
2283 3172 2519 3243 nudique
2543 3173 2814 3229 circumiri
2845 3174 2912 3230 ab
2945 3175 3008 3230 iis
3034 3176 3125 3247 qui
3166 3178 3360 3248 probra
3400 3181 3555 3252 inge-

1963 3271 2105 3318 runt.
2141 3263 2279 3330 Quid
2312 3274 2396 3321 est
2438 3273 2617 3319 autem
2661 3265 2908 3335 parabola
2931 3266 2955 3320 ?
2978 3266 3246 3335 Narratio,
3276 3270 3553 3340 probrum.

1961 3357 2133 3412 Erant
2178 3357 2321 3412 enim
2359 3358 2710 3414 circumcirca
2739 3358 2959 3429 quidam
2991 3361 3262 3428 scelerati,
3293 3363 3554 3435 nulloque

1960 3465 2123 3507 sensu
2154 3451 2383 3522 prtcditi,
2410 3452 2501 3522 qui
2526 3468 2632 3507 non
2660 3451 2834 3508 solum
2879 3468 2985 3508 non
3015 3456 3426 3522 miserebantur,
3454 3460 3560 3513 sed

1960 3543 2171 3614 probris
2208 3544 2367 3599 etiam
2411 3554 2466 3599 et
2508 3544 2848 3599 contumeliis
2898 3545 3222 3614 afﬁcit-bant,
3277 3549 3420 3620 quod
3459 3566 3558 3606 eos

1962 3636 2193 3691 maxime
2221 3636 2469 3708 augebat.
2494 3635 2619 3690 Mihi
2645 3645 2822 3691 autem
2852 3637 3061 3693 videtur
3090 3640 3179 3693 bic
3214 3641 3393 3697 dict-re
3417 3646 3553 3698 Ara-

1960 3726 2077 3794 bas,
2122 3727 2213 3797 qui
2240 3743 2408 3798 prope
2433 3741 2529 3783 eos
2566 3727 2897 3783 habitabant.
2932 3729 3333 3786 Commth
3374 3735 3558 3806 capitis

1959 3819 2011 3873 in
2052 3820 2277 3891 populis.
2316 3819 2490 3886 Alius,
2527 3818 2961 3874 Transmotiouent
2991 3837 3011 3875 :
3040 3820 3296 3876 Hebr-atus
3338 3833 3547 3886 autem.

1963 3910 2216 3967 Manoud.
2247 3911 2343 3967 Vel
2389 3910 2494 3967 hoc
2517 3926 2648 3983 ergo
2668 3911 2819 3978 dicit,
2846 3911 3236 3969 Transmovisti
3287 3930 3383 3971 nos
3408 3933 3423 3982 ;
3471 3919 3551 3971 vel

1961 4019 2057 4073 per
2096 4011 2303 4073 gestum
2335 4011 2513 4058 motus
2539 4003 2730 4073 capitis
2756 4004 2993 4060 ostendit
3025 4005 3177 4061 valde
3202 4007 3436 4064 Immitis
3472 4009 3553 4069 iu-

1961 4095 2264 4150 solentiam.
2292 4096 2378 4152 Hi.
2410 4095 2537 4151 Tota
2564 4096 2648 4152 die
2683 4098 2985 4153 tta-ecundiu
3012 4116 3122 4154 mea
3147 4110 3322 4155 contra
3348 4117 3430 4156 nte
3454 4113 3550 4156 est.

1961 4187 2131 4251 Alius,
2154 4186 2443 4260 Ignominia
2464 4205 2590 4244 mea.
2625 4187 2692 4243 Et
2708 4190 2940 4263 confusio
2966 4192 3117 4263 faciei
3138 4209 3259 4247 utea:
3284 4197 3544 4266 cooperuit

1962 4295 2060 4343 me,
2097 4279 2182 4333 l7.
2216 4296 2245 4333 a
2272 4294 2389 4333 rore
2430 4280 2783 4350 exprobrantis
2827 4290 2874 4335 et
2899 4282 3233 4354 obloquentis.
3284 4284 3453 4349 Alius,
3486 4283 3554 4338 Et

1961 4370 2373 4442 blasphemantis.
2404 4372 2449 4425 Α
2475 4375 2608 4443 facie
2632 4373 2824 4427 inimici
2844 4383 2895 4428 et
2917 4375 3276 4445 perscquentis.
3308 4374 3433 4430 llaec
3459 4390 3554 4431 eos

1963 4461 2129 4531 magis
2151 4477 2309 4532 quam
2341 4463 2602 4532 supplicia
2630 4464 2960 4518 cruciabam.
2989 4464 3120 4532 Quia
3146 4467 3287 4521 enim
3310 4465 3394 4521 eis
3410 4482 3556 4521 sem-

1963 4573 2059 4629 per
2084 4568 2139 4613 et
2159 4558 2374 4614 assidue
2402 4559 2721 4614 eveniebant
2748 4573 2834 4615 res
2858 4560 3131 4627 secundae,
3156 4571 3208 4616 et
3233 4559 3415 4616 hostes
3437 4563 3553 4616 viu-

1962 4652 2176 4719 cebant,
2201 4652 2440 4729 omnium
2477 4662 2601 4707 tunc
2627 4667 2720 4707 ora
2760 4662 2946 4721 aperta
2984 4663 3254 4709 suntcum
3285 4653 3385 4724 ipsi
3411 4655 3554 4711 ceci-

1964 4743 2192 4811 dissent,
2222 4741 2512 4814 atﬁictique
2537 4754 2589 4798 et
2622 4744 2873 4814 prostrati
2900 4755 3084 4800 essent
3108 4763 3122 4800 :
3152 4761 3253 4802 nec
3282 4748 3553 4818 respirare

1964 4837 2183 4908 quidem
2215 4844 2484 4906 poterant,
2511 4836 2607 4892 sed
2653 4845 2971 4907 perpetuum
3016 4837 3333 4908 supplicium
3361 4854 3557 4909 exspe-

1963 4929 2196 4983 ctabant.
2230 4926 2315 4984 18.
2350 4926 2474 4982 Haec
2496 4928 2667 4982 omnia
2691 4940 2928 4983 venerunt
2962 4946 3121 5002 super
3159 4948 3267 4993 nos,
3299 4948 3390 4986 nec
3412 4932 3555 4986 obliti

1963 5037 2138 5075 sumus
2163 5029 2228 5087 te,
2248 5029 2295 5075 et
2321 5019 2491 5091 inique
2514 5036 2617 5074 non
2637 5019 2829 5092 egimus
2856 5021 2909 5076 iu
2933 5031 3228 5076 testantruto
3253 5033 3356 5076 tuo.
3382 5023 3555 5086 Alius,

1969 5113 2080 5168 Nec
2110 5112 2351 5185 fraudem
2398 5113 2611 5186 fecimus
2653 5122 2802 5183 pacto
2847 5123 2953 5167 tuo.
3000 5113 3132 5182 Nos,
3191 5115 3380 5185 inquit,
3432 5116 3553 5169 aliis

1964 5207 2232 5264 contraria
2264 5206 2345 5260 via
2368 5206 2591 5277 ingressi
2619 5223 2825 5262 sumus.
2854 5206 2935 5261 Illi
2964 5206 3130 5270 attito,
3148 5217 3434 5277 antequam
3466 5223 3555 5263 res

1965 5298 2090 5353 ulla:
2109 5297 2348 5354 adversa:
2378 5299 2706 5365 evenissent,
2740 5299 2993 5368 prostrati
3039 5306 3163 5352 sunt
3191 5314 3204 5351 :
3234 5312 3333 5352 nos
3377 5307 3556 5355 autem

1968 5397 2089 5460 post
2111 5404 2198 5445 res
2223 5389 2477 5444 adversas
2499 5403 2794 5459 gravesque
2820 5386 3155 5444 calamitates
3193 5388 3349 5443 lirmo
3373 5398 3428 5445 et
3456 5390 3558 5445 im-

1969 5479 2153 5536 mobili
2175 5481 2358 5535 auimo
2386 5479 2747 5534 constitimus.
2778 5477 2906 5532 Haec
2929 5486 3109 5532 autem
3143 5477 3347 5540 dicunt,
3375 5490 3429 5534 ut
3454 5480 3553 5536 bo-

1969 5586 2093 5626 nam
2115 5585 2265 5640 spem
2291 5570 2594 5639 concipiant
2630 5570 2716 5639 qui
2744 5582 2866 5622 cum
2893 5568 2971 5623 eis
2999 5578 3120 5623 sunt
3152 5569 3447 5626 hortantes.
3496 5572 3563 5626 Et

1970 5662 2090 5717 ideo
2118 5675 2239 5714 cum
2284 5659 2467 5714 Daniel
2513 5669 2567 5715 et
2615 5668 2723 5714 tres
2751 5659 2901 5731 pueri
2945 5659 3171 5716 dicant:
3205 5661 3555 5731 Peccavimus,

1977 5757 2163 5827 injuste
2200 5755 2407 5827 feriatus
2434 5752 2592 5827 (Dan.
2627 5756 2679 5810 3.
2709 5754 2805 5826 29)
2835 5771 2847 5809 :
2897 5752 2951 5809 Iti
2980 5755 3159 5811 dicunt
3189 5774 3201 5808 τ
3233 5755 3354 5811 Non
3397 5759 3568 5829 inique
