4030 6406
521 269 624 325 ίτῖ)

523 383 713 455 egimus
757 381 810 435 in
859 387 1151 436 testamento
1183 386 1267 431 tuo
1294 391 1313 430 :
1339 374 1765 429 commilitonum
1809 370 2021 425 animos
2058 377 2114 424 et

521 473 743 544 spiritus
789 471 1105 526 excitantes.
1153 465 1208 522 Si
1260 467 1426 532 enim,
1474 465 1663 536 inquit,
1712 462 1943 518 maxima
1976 460 2113 529 passi

522 580 730 632 sumus,
762 575 817 620 et
842 564 912 618 ab
938 563 1018 618 eis
1043 561 1302 633 originem
1329 559 1594 621 ducimus,
1632 558 1720 627 qui
1752 556 1958 626 magnis
1986 553 2117 607 alle-

522 660 594 712 cti
626 667 752 712 sunt
790 655 1083 721 beneficiis,
1113 663 1168 709 et
1196 654 1248 708 in
1271 651 1666 708 calamitatibus
1704 651 1925 705 minime
1950 648 2118 704 decli-

524 750 795 813 navimus,
826 763 948 816 spes
973 756 1055 801 est
1086 745 1241 800 nobis
1280 760 1486 814 magna:
1512 744 1719 797 salutis.

597 842 651 897 8.
693 840 843 908 Quod
879 855 1010 909 ergo
1036 839 1145 895 dixi
1181 854 1209 891 a
1256 838 1537 907 principio,
1584 836 1686 891 hoc.
1727 848 1941 905 quoque
1978 846 2118 885 nunc

524 934 666 996 dico.
692 949 787 989 eos
807 934 923 987 vice
947 931 1271 1002 precationis
1294 930 1398 984 illis
1417 930 1615 983 addere
1636 929 1865 994 animos,
1900 924 2119 996 perinde

526 1043 587 1083 ac
614 1028 656 1081 si
688 1028 767 1081 eis
798 1025 1039 1080 dicereut
1079 1042 1092 1077 :
1136 1023 1379 1091 Quanam
1425 1021 1492 1075 de
1534 1036 1693 1075 causa
1735 1034 1885 1087 spem
1934 1017 2118 1071 salutis

526 1119 837 1188 abjecistis?
885 1118 1049 1171 Deum
1083 1116 1343 1170 habemus
1380 1115 1470 1184 qui
1506 1129 1602 1167 nos
1632 1112 1873 1167 defendit
1916 1129 1930 1166 :
1982 1121 2036 1166 et
2073 1110 2118 1165 si

531 1213 657 1282 quid
686 1211 1043 1282 peccavimus,
1074 1210 1204 1263 satis
1235 1224 1508 1277 pinnarum
1549 1206 1829 1277 pendimus
1862 1222 1874 1257 :
1916 1207 1969 1259 in
2004 1213 2119 1258 lett—

530 1304 818 1360 tationibus
858 1302 1061 1357 fortiter
1092 1300 1384 1356 restitimus
1426 1319 1439 1353 :
1484 1314 1603 1353 cum
1631 1298 1719 1368 qui
1746 1298 1905 1352 etiam
1931 1311 2116 1365 pecca-

531 1410 705 1452 torum
733 1411 947 1466 semper
975 1410 1155 1449 curam
1177 1394 1332 1463 gerit,
1368 1394 1466 1446 vim
1504 1392 1694 1446 ducem
1741 1390 2018 1453 habemus,
2067 1399 2122 1444 et

532 1491 652 1546 ideo
690 1489 860 1543 bonus
904 1487 1083 1541 exitus
1124 1497 1207 1539 eSt
1258 1485 1410 1539 nobis
1452 1486 1671 1537 omnino
1703 1481 2116 1553 exSpectandus.

531 1580 667 1648 Quid
693 1589 772 1633 est
800 1589 978 1632 autem
1004 1595 1016 1628 :
1049 1574 1169 1630 Non
1195 1577 1364 1646 inique
1386 1576 1593 1644 fecimus
1613 1574 1663 1626 in
1686 1584 1979 1627 testamento
2000 1574 2122 1627 tuo?

535 1674 646 1728 lloc
674 1682 776 1736 est,
808 1670 922 1726 Non
964 1671 1143 1739 inique
1179 1684 1275 1721 nos
1318 1668 1578 1735 gessimus
1619 1666 1669 1718 in
1715 1666 1778 1719 iis
1812 1681 1929 1734 quas
1970 1666 2122 1719 nobis

530 1763 732 1817 credita
762 1771 905 1827 sunt,
938 1760 1032 1815 sed
1069 1775 1132 1814 ea
1165 1758 1395 1829 perfecte
1427 1757 1830 1811 custodivimus.
1865 1757 1955 1810 Est
1979 1758 2121 1810 enim

534 1856 760 1910 maxima
790 1853 1059 1922 iniquitas.
1089 1850 1302 1922 quando
1342 1850 1460 1920 quis
1498 1850 1885 1919 transgreditur
1929 1849 2120 1920 legem,

530 1965 649 2018 qum
679 1947 931 2011 vindicat,
960 1960 1077 2013 quae
1106 1958 1209 1996 non
1256 1943 1381 1995 sinit
1421 1950 1475 1994 ut
1504 1942 1587 1994 vel
1619 1957 1649 1993 a
1688 1940 1996 2011 propinquis
2041 1940 2123 1993 in-

485 2034 503 2054 ⁸
527 2041 666 2110 jnria
698 2039 1014 2102 aflieiamur,
1045 2046 1099 2092 et
1132 2038 1313 2090 vitium
1346 2036 1617 2104 prohibet;
1663 2038 1876 2105 quando
1902 2036 2020 2105 quis
2042 2042 2126 2089 est

534 2135 774 2201 ingratus
815 2132 865 2183 in
907 2145 1030 2184 cum
1070 2128 1161 2197 qui
1192 2138 1269 2182 tot
1298 2128 1451 2182 nobis
1488 2128 1625 2182 bona
1666 2127 1887 2196 prwbet.
1923 2125 2009 2180 l9.
2059 2124 2124 2178 Et

532 2243 631 2280 non
662 2225 860 2279 recessit
885 2233 1019 2278 rctto
1040 2240 1127 2277 cor
1147 2234 1394 2277 nostrum.
1427 2220 1596 2286 Alius,
1630 2219 1749 2274 Non
1772 2219 2030 2274 abscessit.
2059 2217 2126 2271 Et

532 2333 634 2371 non
660 2315 923 2370 declinasti
961 2315 1162 2368 semitas
1206 2323 1404 2367 nostras
1450 2330 1481 2365 a
1527 2312 1607 2365 ria
1661 2321 1766 2364 tua.
1809 2311 1981 2376 Alius,
2017 2309 2127 2363 Nec

532 2408 780 2464 inclinata
807 2416 923 2461 sunt
949 2421 1063 2477 quae
1087 2422 1179 2459 nos
1207 2406 1430 2475 erigunt.
1462 2405 1633 2468 Alius,
1671 2403 1734 2455 Et
1767 2419 1867 2456 non
1895 2418 2127 2455 aversum

533 2509 607 2555 est
628 2507 761 2552 retro
787 2514 873 2551 cor
894 2509 1139 2562 nostrum,
1169 2512 1259 2548 nec
1284 2495 1600 2549 declinarunt
1627 2510 1825 2564 gressus
1849 2493 2006 2547 nostri
2025 2492 2121 2562 (α).

536 2590 687 2656 Quod
720 2589 866 2657 prius
892 2588 1047 2653 dixit,
1088 2586 1191 2640 hoc
1230 2586 1389 2640 etiam
1429 2586 1514 2641 hic
1543 2585 1693 2651 dicit,
1731 2600 1826 2639 eos
1874 2585 1924 2637 in
1969 2585 2128 2639 tantis

539 2681 803 2737 malorum
840 2679 1089 2734 ﬂuctibus
1131 2695 1197 2733 ne
1241 2678 1505 2731 tantillum
1536 2677 1749 2747 quidem
1783 2678 1960 2746 lapsos
1985 2691 2126 2731 esse.

537 2772 764 2828 Pulchre
801 2782 982 2826 autem
1028 2771 1105 2825 sic
1155 2769 1302 2825 dicit.
1356 2770 1815 2834 Quemadmodum
1854 2770 1995 2823 enim
2043 2770 2129 2824 lex

533 2864 684 2919 ducit
714 2867 764 2917 in
808 2863 1098 2928 anteriora,
1145 2862 1213 2915 ita
1251 2862 1501 2932 iniquitas
1533 2870 1678 2916 retro
1723 2862 1978 2916 transfert
2020 2879 2033 2915 :
2075 2871 2132 2917 et

535 2954 982 3025 quemadmodum
1011 2954 1101 3009 lex
1124 2953 1278 3022 jubet
1304 2965 1446 3008 recta
1475 2954 1554 3006 via
1601 2953 1825 3024 ingredi,
1866 2954 1936 3008 ita
1966 2955 2127 3010 etiam

537 3049 788 3119 iniquitas
839 3048 1067 3103 traducit
1118 3047 1390 3103 hominem
1432 3049 1482 3101 in
1528 3048 1701 3103 locum
1747 3048 2021 3103 desertum
2076 3058 2131 3104 et

539 3146 892 3199 inaccessum.
928 3142 1077 3197 Viam
1110 3158 1241 3213 ergo
1276 3142 1363 3196 hic
1389 3143 1520 3197 dicit
1550 3145 1740 3213 legem.
1769 3145 1898 3199 lllud
1925 3155 2125 3213 autem,

540 3236 840 3302 Dcclinasti,
873 3236 1013 3306 quod
1059 3235 1148 3288 alii
1193 3235 1395 3301 dicunt,
1444 3233 1551 3289 Nec
1587 3237 1828 3290 inclinata
1873 3247 1990 3293 sunt
2018 3254 2130 3306 qua:

539 3345 629 3382 nos
659 3328 876 3398 erigunt,
907 3344 938 3379 a
961 3328 1039 3379 ria
1070 3336 1156 3379 tua
1189 3343 1207 3380 :
1240 3327 1494 3381 llebr.eus
1521 3328 1668 3394 dicit,
1704 3327 1883 3385 Vat/tet
1940 3332 2128 3387 asc/tu-

539 3436 661 3473 rcnu
691 3419 823 3472 meni
853 3420 1007 3472 oracli
1037 3418 1134 3487 (ὑ).
1163 3418 1216 3473 Si
1250 3420 1368 3488 quis
1402 3429 1580 3473 autem
1615 3422 1740 3475 velit
1773 3423 1923 3492 sequi
1966 3424 2131 3480 inter-

540 3511 894 3581 pretationem
925 3507 1290 3580 Septuaginta,
1333 3519 1386 3564 et
1432 3526 1534 3562 non
1568 3512 1813 3574 aliorum,
1842 3514 1993 3576 illud,
2028 3515 2129 3569 De-

539 3605 744 3660 clinain
769 3604 976 3658 scmitas
1003 3612 1199 3657 nostras
1234 3620 1263 3656 a
1296 3604 1375 3656 via
1423 3614 1529 3668 tua,
1572 3603 1674 3658 hoc
1717 3618 1819 3668 est,
1870 3607 2057 3661 Procul
2098 3624 2126 3664 a

541 3698 740 3766 templo
771 3707 860 3750 tuo
889 3709 986 3750 nos
1010 3694 1308 3760 collocasti,
1334 3706 1389 3748 et
1420 3694 1471 3748 in
1500 3695 1671 3749 aliena
1716 3705 1854 3750 terra
1895 3698 2131 3754 habitare

538 3790 735 3843 curasti
768 3807 781 3842 :
820 3787 961 3859 quod
999 3804 1104 3842 non
1143 3788 1507 3856 permittebat,
1543 3798 1593 3840 ut
1640 3788 1817 3843 cultus
1846 3805 2130 3861 peragere-

541 3892 645 3937 tnr.
687 3882 776 3937 20.
812 3882 1065 3948 Quoniam
1115 3881 1392 3936 humiliasti
1437 3898 1531 3936 nos
1575 3883 1627 3936 in
1668 3884 1780 3937 loco
1818 3885 2128 3955 aﬂlictionis.

541 3976 711 4037 Alius,
741 3973 806 4028 In
847 3974 958 4028 loco
995 3973 1296 4027 inlmbitato.
1327 3973 1473 4028 Alius
1494 4015 1508 4038 ,
1538 3973 1603 4028 In
1632 3975 1742 4029 loco
1773 3974 2029 4029 Sirenum.
2064 3976 2131 4030 Et

542 4065 799 4136 conparuit
847 4081 939 4118 nos
986 4063 1163 4116 umbra
1207 4063 1400 4117 mortis.
1452 4064 1624 4130 Alius,
1677 4064 1982 4120 Obstruxisti
2016 4083 2128 4125 nos.

544 4158 671 4211 llaec
699 4153 828 4208 mihi
858 4168 978 4208 esse
1009 4152 1221 4207 videtur
1247 4153 1551 4217 retributio,
1582 4170 1649 4209 eo
1676 4157 1816 4226 quod
1860 4158 2127 4226 superius,

541 4263 663 4301 cum
692 4245 828 4301 mala
854 4253 1152 4310 narrarent,
1184 4244 1427 4300 dicerent
1457 4261 1470 4298 :
1503 4244 1567 4298 Et
1592 4248 1821 4315 confusio
1843 4248 1991 4318 faciei
2011 4268 2135 4305 mea:

542 4336 800 4407 caoitcruit
826 4352 925 4399 me,
951 4352 984 4389 a
1011 4351 1135 4389 race
1168 4335 1519 4406 cattprobt'anlis
1546 4346 1590 4391 et
1615 4338 1963 4409 obloquentis:
1995 4344 2134 4409 Quo-

542 4434 676 4484 niam
699 4429 978 4484 Innuiliasti
1011 4445 1122 4482 nos.

618 4520 809 4577 Umbra
839 4521 1012 4576 mortis
1035 4521 1158 4592 quid
1178 4521 1283 4575 ?—
1303 4520 1356 4576 Si
1385 4521 1504 4592 quis
1530 4522 1599 4576 ita
1639 4525 1905 4594 acceperit.
1947 4535 2003 4581 ιιι
2043 4541 2101 4580 re

547 4616 748 4669 feratur
772 4613 838 4666 ad
870 4612 1020 4675 illud,
1054 4611 1330 4667 Dcclinasti
1355 4614 1558 4668 sentiias
1580 4624 1779 4670 nostras
1803 4633 1835 4670 a
1863 4617 1944 4671 via
1989 4628 2076 4672 tua
2116 4635 2134 4673 :

548 4706 706 4759 habet
739 4704 822 4759 hic
848 4705 1283 4773 consequentiam
1308 4706 1714 4761 convenientem
1754 4710 1935 4764 sensui
1975 4724 2131 4779 quem

545 4799 796 4854 diximus.
828 4795 1100 4865 Signiﬁcat
1126 4796 1266 4850 enim
1297 4798 1565 4866 quomodo
1596 4814 1689 4853 eos
1715 4817 1742 4851 a
1773 4801 1872 4855 viis
1910 4803 2020 4857 suis
2051 4820 2136 4857 re-

548 4892 737 4964 polerit
761 4907 776 4955 ;
809 4889 1033 4958 legibus,
1064 4888 1300 4956 inquam,
1326 4903 1380 4945 et.
1401 4890 1685 4957 institutis;
1713 4908 1912 4964 eostiue
1936 4897 1988 4949 in
2017 4894 2131 4950 loca

548 4987 758 5041 deserta
789 4981 1092 5046 abduxerit,
1136 4989 1189 5034 et
1231 4981 1370 5036 inter
1415 4981 1662 5038 inimicos
1696 4985 1979 5043 dimiserit.
2023 4987 2135 5044 lloc

546 5078 687 5133 enim
736 5071 1001 5146 signiﬁcat
1042 5072 1169 5127 illud
1215 5090 1227 5125 :
1271 5071 1539 5143 Cooperuit
1586 5092 1677 5130 nos
1717 5077 1894 5131 umbra
1924 5080 2135 5144 mortis;

550 5169 780 5239 pericula
803 5167 1006 5228 dicens,
1031 5180 1152 5235 qua:
1174 5175 1402 5220 mortem
1432 5167 1662 5236 pariunt,
1694 5180 1746 5222 et
1772 5170 1964 5239 quibus
1990 5188 2136 5229 mors

548 5275 630 5317 est
657 5262 917 5331 proxima,
951 5277 1056 5329 quo
1098 5273 1257 5314 sensu
1290 5259 1505 5314 dolores
1544 5263 1731 5315 mortis
1760 5272 1811 5316 et
1843 5262 2132 5319 inferorum

553 5364 732 5422 portas
760 5360 914 5406 vocat
941 5349 1238 5420 Scriptura.
1282 5349 1604 5405 lnevitabilia
1640 5362 1817 5408 autem
1844 5370 1966 5409 esse
1999 5360 2133 5411 mala

552 5447 639 5497 hic
669 5458 761 5512 per
802 5441 1046 5497 umbram
1079 5452 1134 5496 et
1161 5443 1553 5512 operimentum
1596 5445 1852 5514 ostendit,
1884 5463 1912 5502 a
1945 5450 2136 5520 quibus

618 5598 694 5716 (ag
721 5606 828 5647 llmc
843 5600 1179 5659 interpretatio
1203 5609 1277 5650 est
1300 5603 1580 5664 Symmachi.

623 5659 672 5713 (ti
728 5667 836 5710 nec
854 5662 1176 5716 rmtermiss't
1196 5661 1333 5712 fuere
1351 5667 1395 5712 in
1420 5672 1580 5716 ttexan

623 5659 694 5716 (tn)
728 5667 836 5726 nec
854 5662 1176 5722 pmtermiss't
1196 5659 1395 5712 fuere'in
1420 5664 1646 5726 ttexaplis
1662 5671 1857 5720 nostris.
1876 5672 2139 5723 ttebraicus

548 5729 713 5769 texuts
732 5722 799 5768 sic
823 5722 993 5782 habet,
1022 5725 1175 5799 ﬁrm
1194 5730 1291 5779 ut:
1310 5732 1483 5782 tam
1504 5722 1637 5784 tm.

1302 258 1343 314 S
1400 255 1680 313 JOANNIS
1706 246 2187 307 CHRYSOSTOMI
2226 246 2543 304 ARClllEP.
2585 246 3119 304 CONSTANTlNOP.

3702 258 3791 317 {80

2224 381 2324 421 nec
2354 366 2592 435 liberari,
2623 385 2719 424 nec
2743 372 2824 425 vel
2852 374 3134 429 minimutn
3159 376 3375 444 quidem
3404 376 3666 445 respirare
3694 395 3792 447 pos

2220 465 2357 515 seni.
2385 460 2476 516 21.
2510 461 2571 517 Si
2591 463 2733 517 obliti
2756 482 2931 520 sumus
2952 483 3133 520 nomen
3155 465 3254 521 Dei
3274 469 3450 533 nostri,
3485 478 3533 521 ct
3555 470 3595 522 si
3629 487 3797 540 expan-

2193 554 2385 609 dimus
2415 572 2595 610 manus
2620 568 2818 613 nostras
2841 561 2910 613 ad
2951 564 3100 614 deum
3137 561 3361 614 alienum
3389 579 3405 615 :
3433 561 3527 615 2‘2.
3569 566 3796 633 numquid

2223 645 2357 701 Deus
2388 650 2602 716 requiret
2632 650 2765 704 ista?
2793 650 2819 703 Ι
2826 668 2915 721 pse
2952 652 3088 705 enim
3132 652 3269 705 novit
3296 652 3590 707 abscondita
3618 656 3793 711 cordis.

2223 738 2332 793 lloc
2361 748 2440 794 est
2473 740 2732 794 bonorum
2763 756 3062 802 servorum.
3087 744 3226 799 male
3255 744 3519 814 patientes
3539 746 3797 801 doainom

2221 832 2401 885 colere
2429 840 2480 886 et
2508 847 2855 900 peiseverare
2890 853 2901 887 :
2943 835 3062 891 lure
3088 845 3216 891 sunt
3242 837 3560 892 documenta
3586 838 3800 907 philoso-

2225 923 2385 992 phiae.
2421 923 2517 978 llic
2546 925 2705 979 etiam
2732 926 2929 980 docent
2957 928 3249 991 auditores,
3281 944 3386 984 non
3412 930 3687 996 simulare,
3712 934 3797 987 sed

2225 1017 2390 1071 Deum
2424 1027 2533 1071 toto
2560 1018 2723 1074 corde
2744 1020 2990 1075 adorare.
3020 1020 3173 1075 Novit
3200 1022 3366 1086 enim;
3391 1024 3582 1094 inquit,
3605 1026 3800 1080 abscon-

2224 1106 2330 1159 dita
2350 1108 2535 1162 cordis.
2558 1108 2683 1162 llaec
2704 1120 2881 1163 autem
2910 1110 3113 1177 dicunt,
3140 1113 3262 1167 illos
3285 1122 3571 1178 terrentes,
3601 1133 3667 1170 ne
3685 1117 3800 1186 quid

2225 1199 2335 1254 Deo
2366 1200 2637 1271 indignum
2666 1202 2921 1273 cogitent.
2955 1204 3084 1258 Vide
3112 1214 3292 1260 autent
3323 1224 3574 1277 tnagnutn
3607 1210 3801 1263 virtutis

2225 1291 2611 1347 incrementum
2639 1311 2652 1347 :
2685 1295 2958 1365 subjungit
2980 1297 3122 1350 enim
3149 1297 3335 1352 dicens
3366 1318 3377 1353 :
3412 1298 3665 1366 Quoniam
3694 1318 3800 1371 pro.

2226 1393 2336 1451 pter
2365 1394 2411 1437 te
2437 1385 2805 1454 mortiﬁcamur
2830 1396 2935 1440 tota
2959 1386 3076 1442 die:
3099 1390 3335 1442 aestimati
3358 1407 3535 1445 sumus
3563 1393 3685 1445 sicut
3704 1409 3804 1445 oves

2225 1477 2509 1531 occisionis.
2542 1478 2786 1549 Magnum
2814 1489 2897 1535 est
2934 1480 3077 1535 enim
3109 1498 3325 1538 manere
3357 1484 3445 1539 Dei
3483 1485 3729 1552 cultores,
3757 1495 3804 1543 ct

2225 1570 2289 1622 ad
2318 1569 2479 1623 alium
2510 1586 2614 1623 nou
2635 1569 2897 1626 defecisse
2927 1590 2939 1625 :
2974 1573 3141 1627 multo
3169 1584 3345 1628 autem
3372 1576 3548 1644 majus
3571 1588 3671 1641 est,
3696 1593 3803 1632 cum

2228 1677 2373 1716 mors
2402 1661 2631 1726 assidue,
2663 1672 2716 1717 et
2744 1663 3050 1733 quotidiana
3102 1665 3335 1732 pericula
3368 1666 3700 1731 immineant,
3738 1680 3805 1722 ta-

2226 1754 2329 1807 lem
2361 1768 2683 1808 eonservare
2710 1753 3069 1809 dilectionem.
3113 1754 3406 1812 Considera
3447 1768 3625 1813 autem
3652 1775 3806 1828 qum-

2230 1855 2339 1900 tum
2372 1847 2440 1900 sit
2463 1862 2631 1916 genus
2663 1846 3035 1916 philosophice,
3066 1864 3185 1902 cum
3230 1851 3347 1919 ipse
3373 1868 3589 1920 quoque
3630 1852 3808 1907 Paulus

2227 1952 2294 1992 eo
2333 1947 2529 2001 utatur,
2578 1937 2991 2007 apostolieorum
3041 1941 3396 2008 periculorum
3445 1944 3702 2010 procellas
3740 1947 3806 2013 (ti)

2228 2045 2551 2084 enumerans
2597 2030 2648 2083 in
2698 2029 2935 2100 Epistola
2974 2031 3041 2085 ad
3085 2032 3357 2086 Romanos
3387 2032 3566 2103 (Rom.
3615 2034 3664 2088 8.
3705 2035 3806 2104 5(5).

2229 2121 2369 2188 Quot
2394 2139 2521 2192 ergo
2553 2122 2606 2176 hi
2636 2124 2850 2178 coronis
2874 2123 3020 2194 digni
3062 2124 3277 2189 fuerint,
3314 2127 3534 2196 quando
3561 2128 3612 2181 in
3648 2127 3807 2183 Veteri

2231 2213 2577 2269 Testamento
2605 2214 2670 2268 ad
2700 2215 2943 2270 eamdem
2968 2231 3272 2271 mensuram
3303 2220 3674 2285 certaminum,
3705 2236 3811 2289 qua:

2232 2307 2568 2375 suscipienda
2597 2316 2751 2361 erant
2776 2306 2830 2361 in
2862 2308 3030 2375 Novo,
3070 2311 3452 2379 pervenerint?
3491 2313 3642 2378 Quod
3683 2320 3808 2367 tum

2232 2398 2361 2453 dicit
2385 2400 2598 2464 Paulus,
2635 2399 2870 2464 Quotidie
2895 2402 3084 2455 morior
3110 2402 3185 2463 (ί.
3213 2401 3333 2457 Cor.
3366 2406 3448 2459 l5.
3475 2402 3590 2476 31),
3621 2406 3668 2458 Ιιί
3695 2423 3811 2474 quo-

2233 2505 2337 2559 que
2354 2490 2532 2545 dicunt
2554 2533 2569 2556 ,
2605 2506 2708 2544 non
2739 2492 3099 2561 experientia,
3130 2510 3226 2549 nec
3253 2507 3448 2549 eventu
3466 2539 3483 2561 ,
3509 2498 3602 2552 sed
3626 2498 3807 2551 animo.

2233 2584 2410 2648 Quare
2449 2591 2627 2638 autem
2658 2583 2806 2649 dicit,
2839 2581 3055 2655 I’rOpter
3077 2586 3163 2638 te?
3186 2585 3405 2641 Licebat
3437 2589 3612 2652 nobis,
3634 2590 3806 2660 inquit,

2233 2677 2484 2743 deficere,
2518 2693 2545 2731 a
2576 2679 2756 2747 patria:
2803 2679 3113 2747 reipublica:
3163 2680 3417 2736 institutis
3458 2684 3721 2746 recedere,
3762 2695 3810 2737 et

2235 2779 2379 2825 tutos
2404 2786 2545 2835 esse,
2573 2772 2665 2826 sed
2695 2771 2961 2827 malumus
2994 2774 3133 2828 male
3164 2776 3291 2844 pati,
3316 2787 3365 2829 et
3390 2779 3565 2846 patria
3596 2779 3809 2832 insliluta

2235 2879 2474 2929 servare,
2503 2880 2660 2935 quam
2696 2875 2974 2935 postquam
3003 2884 3031 2919 a
3059 2867 3244 2937 patriis
3275 2868 3537 2924 institutis
3563 2872 3807 2926 excideri-

2236 2973 2375 3021 mus,
2413 2958 2463 3010 in
2497 2973 2625 3027 pace
2655 2957 2816 3012 vitam
2845 2975 3025 3028 agere.
3056 2958 3322 3014 rEstimati
3353 2978 3535 3016 sumus
3560 2965 3680 3017 sicut
3713 2958 3811 3017 ores

2237 3049 2526 3105 occisionis.
2577 3049 2706 3104 Tam
2756 3049 2930 3116 facile,
2976 3052 3163 3121 inquit,
3207 3068 3306 3105 nos
3348 3052 3677 3109 interimunt.
3729 3056 3809 3109 llic

2235 3157 2412 3200 autem
2461 3148 2693 3203 ostendit
2736 3164 2925 3203 eorum
2965 3153 3447 3208 mansuetudinem.
3501 3155 3606 3211 Sed
3650 3167 3806 3209 tamen

2235 3244 2477 3310 quamvis
2519 3243 2686 3297 simus
2732 3254 2836 3297 tam
2880 3244 3034 3300 facile
3077 3248 3328 3316 expositi,
3366 3247 3527 3304 firmo
3556 3261 3723 3305 tamen
3763 3260 3811 3303 et

2239 3332 2500 3387 immobili
2530 3336 2712 3389 animo
2743 3350 3142 3405 permanemus.
3183 3339 3280 3394 [lic
3304 3340 3469 3395 etiam
3500 3341 3623 3412 jure
3659 3340 3811 3395 admi-

2236 3426 2400 3478 randa
2429 3433 2512 3479 est
2540 3425 2630 3479 Dei
2661 3429 2916 3495 potentia,
2948 3429 3089 3497 quod
3116 3446 3211 3485 eos
3240 3433 3329 3501 qui
3371 3442 3640 3504 tamquam
3681 3433 3808 3487 occi-

2234 3515 2399 3569 sionis
2427 3530 2556 3571 oves
2592 3525 2747 3571 erant
2772 3519 3024 3588 expositi,
3051 3523 3473 3583 conservaverit,
3505 3534 3561 3578 et
3596 3523 3810 3591 quotidie

2235 3607 2526 3662 morientes
2543 3623 2650 3662 non
2664 3608 2846 3665 siverit
2867 3610 2920 3665 in
2939 3619 3164 3666 mortent
3182 3613 3436 3668 incidere.
3457 3615 3551 3671 23.
3577 3614 3807 3684 Exsurge,

2235 3714 2393 3770 quare
2439 3699 2715 3765 obdormis,
2758 3700 3009 3757 Domine?
3058 3704 3228 3769 Alius,
3264 3703 3435 3772 Quare
3477 3721 3533 3761 es
3576 3715 3810 3775 tamquam

2235 3793 2489 3847 dormiens
2507 3794 2533 3848 ?
2552 3795 2722 3859 Alius,
2744 3794 3122 3868 Expergiseere.
3143 3798 3312 3862 Alius,
3337 3798 3558 3871 Evigilo.
3581 3798 3808 3867 Exsurge.

2237 3894 2284 3936 et
2310 3901 2372 3938 ne
2397 3886 2613 3955 repellas
2639 3887 2692 3939 in
2717 3887 2885 3955 ﬂuent.
2916 3887 3007 3943 24.
3039 3888 3211 3955 Quare
3231 3892 3413 3962 facient
3441 3900 3584 3946 tuam
3611 3888 3812 3944 avertis!

2237 3977 2408 4041 Alius,
2436 3979 2737 4032 Abscondis.
2768 3978 3088 4035 Oblivisceris
3113 3982 3302 4050 inopia:
3325 3992 3518 4039 nostra
3543 3992 3593 4039 et
3622 3983 3813 4037 tributa.

2238 4069 2387 4123 tionis
2416 4072 2644 4125 nosti-tv?
2671 4073 2844 4139 Alius,
2878 4071 3095 4129 Malitia!
3121 4084 3326 4130 nostra.
3355 4074 3513 4144 Quod
3539 4085 3710 4132 autem
3738 4074 3812 4128 di-

2237 4161 2331 4229 cit,
2364 4171 2448 4216 est
2472 4164 2733 4230 ejusmodi
2773 4180 2787 4217 :
2823 4164 2983 4220 Potes
3011 4165 3151 4220 mala
3179 4166 3390 4223 solvere
3421 4183 3435 4223 :
3480 4182 3654 4240 neque
3685 4167 3809 4222 enim

2240 4264 2455 4323 pmpter
2481 4264 2624 4308 tuam
2654 4254 3095 4323 imbecillitatem,
3125 4257 3222 4313 sed
3247 4272 3313 4314 ex
3347 4269 3434 4313 tua
3476 4259 3812 4331 permissioue

2240 4346 2354 4400 haec
2373 4347 2522 4401 liunt.
2539 4346 2798 4401 Somnum
2820 4346 2905 4403 hic
2919 4346 3048 4402 dicit
3063 4348 3327 4418 quietem;
3345 4352 3808 4410 exsurrectioueni,

2241 4439 2679 4507 retributionem;
2709 4440 2901 4498 faciem
2927 4457 3077 4509 vero,
3113 4444 3523 4513 protectionem,
3547 4442 3810 4514 providen-

2241 4537 2388 4602 tiam,
2419 4551 2622 4601 euram,
2652 4537 2928 4592 auxilium.

2313 4628 2365 4681 9.
2408 4627 2513 4683 Cur
2530 4627 2835 4684 oblivisceris
2859 4629 3047 4699 inapitz
3073 4632 3295 4685 nostra?
3319 4629 3455 4685 Vide
3479 4643 3664 4685 rursus
3688 4627 3813 4697 pium

2241 4733 2294 4777 et
2318 4733 2526 4793 gratum
2560 4725 2817 4778 animum.
2851 4723 2966 4779 Non
2994 4722 3148 4789 dixit,
3184 4724 3348 4780 Recte
3385 4723 3677 4786 factorum;
3723 4735 3812 4773 non

2241 4817 2395 4879 disit,
2430 4817 2607 4871 Animi
2637 4817 2776 4870 lirtni
2822 4827 2877 4871 et
2917 4816 3238 4880 immobilis;
3283 4833 3387 4870 non
3433 4815 3586 4880 dixit,
3626 4813 3813 4869 Anima:

2244 4907 2480 4977 probata:
2504 4908 2556 4961 in
2590 4907 2974 4962 tentationibus
3000 4906 3025 4959 ἐ
3069 4907 3164 4961 sed
3197 4907 3415 4977 quando
3450 4906 3666 4976 quidam
3710 4915 3816 4956 sese

2244 5010 2490 5070 purgant,
2521 5000 2606 5054 illa
2632 5008 2867 5070 ponunt;
2896 4999 3113 5070 quando
3135 5009 3311 5053 autem
3344 5008 3533 5070 petunt
3555 4999 3811 5054 auxilium,

2242 5108 2309 5147 ex
2338 5093 2398 5152 iis
2426 5103 2482 5147 ut
2510 5092 2648 5147 salvi
2696 5094 2826 5147 fiant
2868 5093 3159 5164 postulant,
3192 5108 3259 5147 ex
3303 5092 3495 5161 quibus
3523 5092 3558 5147 ii
3585 5091 3671 5161 qui
3706 5096 3815 5142 sunt

2242 5184 2607 5239 condemnati.
2634 5183 2925 5251 Quoniam,
2968 5183 3160 5253 inquit,
3192 5184 3322 5238 satis
3364 5198 3637 5253 pinnarum
3663 5182 3813 5235 dede-

2245 5286 2390 5343 runt,
2419 5276 2669 5348 quoniam
2699 5287 2941 5333 extrema
2976 5275 3119 5348 paSsi
3145 5286 3290 5331 sunt.
3333 5277 3444 5332 llec
3487 5278 3647 5331 etiam
3689 5286 3813 5342 εωρη

2308 5495 2381 5557 (α)
2416 5500 2465 5544 tu
2487 5501 2649 5544 σινωεο
2668 5532 2701 5557 ,_
2721 5499 2786 5545 τὰς
2809 5495 2958 5551 νιφάδες
2979 5504 3047 5557 ἲεῑ³ν
3068 5497 3315 5557 ἀποστολιιῧν
3350 5493 3532 5557 ξινδυνω·
3558 5487 3815 5557 ΨΡἯΪὟΪῘ

2246 5546 2440 5621 mephs,
2464 5568 2572 5606 mea
2591 5546 2792 5621 quidem
2812 5546 3089 5621 sententia,
3118 5555 3450 5621 reuerentia.
3473 5558 3564 5607 apo
3586 5546 3813 5621 ιοιξςονξξιι

2247 5610 2573 5682 periculorum
2597 5610 2971 5682 _'muttitudiae_m
3000 5611 3233 5682 :__et_eni_m
3265 5616 3561 5682 vocamen,
3586 5610 3811 5682 «satana-

2247 5660 2971 5742 initiis"egi'ciiiﬁégmoin
3017 5672 3256 5737 Epistolis,
3281 5679 3335 5721 ut
3357 5660 3649 5721 innumerali:
3669 5660 3813 5713 multi-

2252 5742 2466 5795 tudinem
2483 5740 2742 5806 signiticet.
