4030 6394
546 353 651 409 181

519 467 735 540 “ῐ).εγον
757 461 923 534 οῦτοι,
946 469 1155 522 οὐδέπω
1178 468 1304 541 περὶ
1319 466 1545 539 γεέννης
1584 464 1783 528 εἰδότες
1812 462 1984 525 οὐδὲν,
2008 459 2131 513 οὐδὲ

554 571 680 638 περὶ
712 566 1007 635 βασιλείας,
1028 568 1145 621 οὐδέ
1168 566 1395 621 τοιαῦτα
1424 562 1764 635 διδαχθέντες
1802 560 2134 631 φιλοσοφεῖν,

550 663 705 736 [158!
725 666 818 719 καὶ
833 666 1012 720 πάντα
1030 664 1226 736 ἔφερον
1250 663 1468 736 ῥᾳδίως.
1501 663 1631 716 Ὅτι
1658 657 2021 725 ἐταπεινώθη
2049 658 2137 723 είς

549 764 703 833 χοῦν
736 766 775 833 ἡ
803 763 973 833 ψυχὴ
996 764 1165 834 ἡμῶν
1186 781 1199 796 ’
1226 763 1531 831 ἐκολλήθη
1572 764 1659 827 εἰς
1691 761 1812 831 γῆν
1844 760 1882 828 ἠ
1903 758 2137 830 γαστὴρ

550 854 737 926 ἡμῶν.
756 856 971 928 Ἐπειδὴ
984 856 1092 929 γὰρ
1105 851 1278 911 εἶπεν*
1298 853 1696 922 Ἐπιλανϐἀνῃ
1716 850 1824 922 τῆς
1840 851 2138 920 πτωχείας

462 948 471 962 ⁸
549 950 718 1019 ήμῶν
741 968 754 982 ’
796 954 1045 1007 τουτέστι
1071 994 1087 1018 ,
1118 954 1218 1024 τῆς
1264 951 1562 1015 κακώσεως
1581 991 1595 1015 ,
1639 950 1788 1018 λέγει
1819 949 2010 1003 λοιπὸν
2035 949 2135 1019 τὴν

532 1047 814 1102 κάκωσιν.
871 1049 935 1104 Ὃ
976 1049 1033 1103 δὲ
1074 1047 1461 1119 λέγει,-τοῦτό
1505 1050 1670 1101 ἐστιν·
1720 1044 2133 1115 Ἀπολώλαμεν,

549 1138 843 1210 κατωρύγη
854 1155 970 1209 μεν,
1005 1137 1111 1192 τῶν
1135 1138 1343 1210 νεκρῶν
1370 1139 1523 1192 οὐδὲν
1548 1138 1770 1208 ἄμεινον
1788 1135 2129 1207 διακείμεθα.

550 1235 785 1298 Δικαίως
810 1234 854 1288 δ’
876 1233 942 1289 ἄν
972 1253 1056 1299 τις
1077 1236 1220 1290 εἴποι
1246 1237 1341 1291 καί
1358 1236 1479 1289 τῶν
1503 1238 1615 1299 τοῖς
1637 1234 1875 1307 παροῦσι
1904 1250 2134 1306 προστε-

551 1333 796 1400 τηκότων
818 1331 915 1403 τὴν
935 1332 1134 1405 ψυχὴν,
1163 1336 1243 1398 εἰς
1273 1332 1402 1405 χοῦν
1427 1332 1876 1397 τεταπεινῶσθαι,
1910 1331 2003 1387 καὶ
2023 1330 2135 1383 τῶν

552 1430 982 1503 γαστριμάργων
1041 1432 1123 1494 εἰς
1179 1430 1279 1503 τὴν
1328 1430 1433 1502 γῆν
1493 1428 1591 1500 τὴν
1644 1428 1889 1501 γαστέρα
1936 1427 2132 1482 κεκολ-

552 1525 617 1596 λῆ
626 1526 767 1581 σθαι.
1287 1524 1293 1529 ⁷

623 1626 733 1679 Καὶ
766 1626 874 1698 γὰρ
897 1629 926 1682 ὁ
962 1626 1125 1698 ἔρωτι
1152 1624 1593 1697 προσδεδεμένος,
1618 1626 1713 1679 καὶ
1739 1626 1874 1696 πρὸς
1904 1624 1995 1677 τὸν
2028 1641 2134 1694 πη-

551 1722 641 1775 λὸν
671 1722 937 1795 κεχηνὼς,
968 1724 1063 1777 καὶ
1083 1724 1180 1795 τὴν
1208 1723 1498 1794 ἀσώματον
1524 1721 1754 1792 δύναμιν
1774 1722 1872 1792 τὴν
1896 1723 1953 1775 ἐν
1983 1720 2133 1792 αὑτῷ

552 1817 895 1873 καταδουλῶν
918 1822 983 1892 τῇ
1009 1818 1207 1891 σποδῷ,
1236 1819 1463 1883 εἰκότως
1501 1818 1568 1873 ἂν
1589 1818 1764 1873 ταῦτα
1786 1818 1999 1887 λέγοιτο
2030 1818 2134 1871 πά-

553 1932 721 1987 σχειν.
769 1916 837 1968 Τί
878 1918 987 1988 γάρ
1026 1919 1173 1971 ἐστιν
1205 1917 1332 1989 ἄλλο
1372 1917 1570 1981 κάλλος
1609 1915 1896 1988 σώματος,
1941 1917 2055 1971 ἀλλ’
2098 1915 2131 1988 ἦ

551 2011 678 2081 χοῦς
714 2013 807 2066 καὶ
836 2013 1007 2085 πηλὸς
1031 2056 1045 2078 ,
1083 2012 1284 2084 μᾶλλον
1334 2014 1391 2067 δὲ
1426 2014 1754 2071 καὶτούτων
1796 2014 2131 2086 εἰδεχθέστε-

552 2127 679 2180 ρον;
715 2111 779 2163 Εἰ
818 2110 875 2163 δέ
910 2112 1177 2176 ἀπιστεῖς,
1231 2111 1598 2184 περιεργάζου
1626 2114 1752 2177 τοὺς
1785 2113 1994 2183 τάφους
2022 2111 2134 2166 τῶν

545 2205 875 2277 ἀνθρώπων,
911 2208 1005 2261 καὶ
1034 2208 1154 2278 ὄψει
1182 2209 1271 2264 τὸν
1300 2210 1471 2280 πηλὸν
1500 2211 1596 2265 καὶ
1622 2211 1723 2281 τὴν
1754 2209 1924 2264 κόνιν.
1960 2210 2130 2262 Ὅταν

544 2303 656 2375 γάρ
679 2305 951 2375 ἀποθῆται
972 2305 1033 2358 τὸ
1064 2306 1358 2377 πρόσωπον
1384 2307 1484 2377 τὴν
1507 2306 1792 2376 παροῦσαν
1812 2306 1979 2379 ζωὴν,
2010 2308 2132 2361 τότε

549 2402 801 2470 φαίνεται
824 2403 962 2472 ὅπερ
991 2403 1139 2456 ἐστί·
1171 2403 1371 2474 μᾶλλον
1391 2403 1447 2457 δέ
1468 2405 1563 2457 καὶ
1592 2404 1697 2475 πρὸ
1722 2405 1820 2475 τῆς
1850 2406 2131 2478 τελευτῆς.

550 2497 724 2552 Ὅταν
751 2499 861 2568 γὰρ
881 2499 943 2551 τὸ
967 2499 1144 2571 γῆρας
1170 2499 1395 2571 ἐπέλθῃ,
1428 2500 1556 2554 ὅταν
1579 2501 1612 2572 ή
1636 2501 1793 2565 νόσος
1824 2502 2132 2577 ἐπισκήψῃ,

550 2594 671 2650 τότε
702 2596 822 2666 ὄψει
856 2597 917 2649 τὸ
954 2598 1278 2668 φαινόμενον
1300 2615 1311 2627 ·
1342 2598 1514 2668 πηλὸς
1547 2598 1657 2669 γάρ
1691 2600 1841 2652 ἐστιν
1865 2617 1878 2631 ’
1914 2600 2031 2656 ἀλλ’
2058 2603 2134 2665 ὡς

555 2692 717 2762 σοφὸς
744 2693 1096 2766 δημιουργὸς,
1122 2695 1216 2748 καὶ
1244 2693 1303 2760 ἐξ
1325 2694 1577 2759 εὐτελοῦς
1608 2695 1741 2767 ῦλης
1766 2697 1963 2762 κάλλος
1995 2699 2134 2769 ἀμή-

553 2807 713 2860 χανον
742 2791 997 2863 ἐποίησεν
1022 2791 1394 2860 ἐπιγενέσθαι,
1425 2792 1523 2862 οὐχ
1552 2792 1639 2846 ἵνα
1667 2794 1992 2868 πορνεύσῃς,
2018 2795 2133 2850 ἀλλ’

537 2887 640 2941 ’ἵνα
667 2888 766 2959 τῆς
781 2889 988 2952 οἰκείας
1013 2889 1205 2957 σοφίας
1231 2888 1506 2955 ἀπόδειξίν
1536 2906 1616 2944 σοι
1640 2891 2009 2966 παράσχηται.
2042 2894 2134 2966 Μὴ

538 2985 730 3039 ¹’τοίνυν
762 2985 1005 3058 ύῦρίσῃς
1039 2984 1130 3038 τὸν
1170 2985 1439 3057 τεχνίτην,
1485 2986 1621 3057 μηδὲ
1656 2989 1718 3041 τὸ
1758 2988 1920 3061 ἔργον
1967 2992 2135 3047 αὑτοῦ

546 3084 651 3154 τῆς
676 3083 888 3153 σοφίας,
924 3082 1213 3150 ἀσελγείας
1243 3084 1338 3136 καὶ
1367 3085 1624 3155 πορνείας
1663 3086 1921 3141 ὑπόθεσιν
1952 3088 2132 3145 ποιοῦ.

538 3180 730 3251 ’Μέχρι
776 3178 1031 3234 τοσούτου
1065 3179 1313 3250 θαύμαζε
1351 3180 1451 3252 τὴν
1490 3180 1664 3254 ὤραν,
1715 3183 1877 3256 μέχρι
1919 3185 2012 3239 τοῦ
2052 3187 2140 3241 60-

545 3277 714 3343 ξάσαι
747 3276 839 3330 τὸν
868 3277 1140 3347 τεχνίτην,
1185 3278 1499 3349 περαιτέρω
1538 3279 1595 3332 δὲ
1637 3281 1712 3352 μὴ
1743 3282 2036 3356 προέλθῃς,
2075 3285 2139 3339 τὸ

540 3371 727 3438 πάθος
764 3373 1020 3443 ἀλείφων.
1052 3373 1235 3427 Καλὸν
1263 3374 1323 3428 τὸ
1346 3372 1505 3446 ἔργον
1527 3391 1540 3407 ·
1569 3376 1765 3432 οὐκοῦν
1784 3379 1874 3433 τὸν
1899 3381 2139 3452 ἐργασά-

458 3516 464 3521 .
558 3486 720 3539 μενον
766 3473 1121 3541 προσκυνεῖν,
1168 3471 1284 3525 ἀλλ’
1327 3471 1424 3541 οὐχ
1476 3471 1719 3544 ὑϐρίζειν
1763 3477 1892 3548 χρή.
1934 3478 2003 3532 Εἴ
2029 3496 2175 3548 τις,ί

556 3564 680 3618 εἱπέ⁹
713 3581 829 3636 μοι,
869 3567 1108 3636 χρυσοῦν
1133 3568 1425 3641 ἀνδριάντα
1456 3570 1602 3634 τινὸς
1647 3572 1742 3624 καὶ
1768 3572 1953 3628 εἰκόνα
1984 3573 2139 3644 βασι-

544 3662 717 3735 ’λικὴν
741 3661 940 3727 λασὼν,
971 3665 1273 3736 κατῄσχυνε
1310 3666 1556 3738 βορϐόρῳ
1596 3669 1690 3722 καὶ
1723 3668 1932 3742 ἐτέροις
1964 3671 2138 3726 τοιού⁹

554 3776 703 3823 τοις,
731 3759 831 3813 ούκ
868 3759 934 3814 ἂν
972 3760 1071 3832 τὴν
1116 3763 1352 3835 ἐσχάτην
1400 3765 1568 3820 ἔδωκε
1598 3766 1788 3839 δίκην;
1829 3769 1976 3824 Εἰδέ
2009 3773 2038 3826 ὁ
2081 3772 2138 3826 ἐν

544 3859 666 3921 τοῖς
711 3856 1070 3928 ἀνθρωπίνοις
1126 3871 1151 3899 ει
1208 3859 1477 3932 ἀγνώμων
1530 3862 1798 3934 τοσαύτης
1837 3865 2139 3934 ὑπεύθυνός

556 3958 674 4008 ἐστι
703 3956 1000 4035 τιμωρίας,
1035 3958 1065 4009 ὁ
1105 3957 1167 4010 τὸ
1207 3957 1369 4028 ἔργον
1403 3960 1497 4013 τοῦ
1527 3961 1663 4015 Θεοῦ
1703 3962 1943 4039 τοσαύτῃ
1978 3983 2138 4037 περιρ

556 4050 737 4106 ϐαλὼν
772 4051 970 4123 ἀτιμίᾳ
994 4091 1010 4116 ,
1044 4052 1100 4105 τί
1132 4055 1379 4127 πείσεται
1405 4095 1421 4119 ,
1466 4058 1562 4111 καὶ
1594 4058 1829 4127 μάλιστα
1873 4060 2002 4115 ὅταν
2045 4063 2139 4116 καὶ

554 4148 790 4214 γυναῖκα
832 4145 1261 4230 ἔχωνφαίνηται
1300 4150 1329 4202 ό
1360 4151 1532 4206 ταῦτα
1566 4154 1736 4207 ποιῶν
1776 4155 1847 4222 ιις
1896 4156 1989 4229 Μὴ
2031 4159 2138 4232 γάρ

560 4257 649 4311 μοι
677 4241 817 4327 λέγε.
831 4244 931 4315 τῆς
967 4243 1182 4313 φύσεως
1211 4246 1311 4316 τὴν
1357 4246 1672 4318 ἐπιθυμίαν.
1709 4248 1809 4302 Διά
1835 4250 1993 4305 τοῦτο
2031 4254 2139 4325 γὰρ

546 4337 733 4407 γάμος
779 4340 1099 4413 ἐπετράπη,
1142 4341 1230 4396 ῐνα
1280 4341 1354 4413 μὴ
1404 4342 1548 4415 πέρα
1595 4341 1705 4397 τῶν
1736 4345 1952 4401 οἰκείων
1997 4348 2140 4419 ὅρων

555 4432 876 4506 προϐαίνῃς.
926 4436 1035 4491 Θέα
1081 4437 1191 4509 γὰρ
1223 4438 1355 4509 ὅσης
1388 4437 1539 4503 ἀξιος
1596 4438 1691 4512 ἔσῃ
1741 4442 2029 4513 τιμωρίας.
2082 4445 2140 4499 ’0

560 4530 659 4597 μὲν
679 4530 787 4604 γάρ
815 4531 947 4596 Θεὸς
975 4534 1070 4588 καὶ
1095 4535 1196 4605 τῆς
1226 4534 1587 4601 ἀναπαύσεώς
1616 4555 1709 4591 σου
1738 4539 1831 4593 καὶ
1859 4539 1958 4611 τῆς
1983 4540 2141 4613 δόξης

557 4628 906 4697 προενόησεν,
931 4628 1019 4682 ἶνα
1049 4631 1144 4684 καὶ
1171 4629 1406 4703 ἐκλύσῃς
1434 4632 1534 4704 τὴν
1561 4632 1756 4688 λύτταν
1787 4635 1888 4707 τῆς
1926 4637 2141 4706 φύσεως

557 4718 645 4773 διὰ
692 4721 794 4791 τῆς
832 4724 1092 4790 γυναικὸς
1117 4764 1131 4787 ,
1166 4727 1262 4779 καὶ
1305 4726 1604 4792 ἀκινδύνως
1635 4730 1792 4785 τοῦτο
1828 4736 2015 4803 ποιῇς,
2047 4736 2136 4790 καὶ

559 4817 740 4889 πάσης
771 4818 1091 4892 ἀπαλλαγῇς
1118 4822 1525 4893 ἀσχημοσύνης.
1558 4825 1630 4879 Σὺ
1662 4826 1720 4879 δέ
1750 4828 1841 4881 τὸν
1869 4830 2010 4885 οὓτω
2046 4850 2138 4887 σου

558 4915 893 4987 προνοοῦντα
916 4918 981 4972 ἐκ
1003 4921 1316 4992 περιουσίας
1342 4921 1618 4993 ὑϐρίζειςς
1646 4925 1784 4980 Εἰπὲ
1812 4928 1922 5001 γάρ
1952 4948 2062 5001 μοι,
2092 4934 2139 4987 εί

560 5012 635 5086 μὴ
661 5012 930 5087 ἐϐουλήθη
965 5015 1335 5088 νομοθετῆσαι
1372 5019 1571 5090 γάμον,
1602 5021 1774 5093 πόσην
1810 5024 1875 5079 ἂν
1901 5026 2141 5099 ὑπέστης

557 5108 710 5179 βίανς
759 5110 933 5183 πόσην
969 5112 1223 5178 κόλασιν;
1262 5115 1394 5168 Δέον
1427 5110 1519 5169 θῦν
1570 5132 1629 5169 σε
1671 5119 2013 5191 εὐχαριστεῖν
2047 5125 2142 5180 καὶ

556 5203 816 5272 δοξάζειν,
846 5209 928 5262 ὅτι
957 5209 1019 5263 τὸ
1047 5208 1209 5263 πλέον
1232 5209 1538 5282 ὑπετέμετό
1563 5228 1644 5265 σοι
1671 5213 1781 5268 τῶν
1810 5217 2008 5284 πόνων,
2037 5239 2143 5275 πα-

560 5292 826 5375 ραμυθίαν
859 5306 920 5361 ού
958 5307 1058 5381 τὴν
1088 5306 1359 5379 τυχοῦσαν
1391 5310 1687 5381 ἐπινοήσας
1709 5353 1724 5378 ,
1755 5315 1820 5369 σὺ
1842 5314 1899 5369 δὲ
1930 5316 2141 5390 ἐνυϐρί-

560 5396 672 5463 ζεις
700 5400 1051 5473 ἀγνωμόνως,
1065 5405 1160 5458 καὶ
1178 5408 1577 5478 ἀναισχυντεῖς,
1599 5408 1833 5476 καὶτοὺς
1855 5413 2141 5486 κειμένους

562 5490 903 5562 ὺπερῦαίνεις
918 5498 1068 5573 [159]
1088 5501 1265 5573 ὅρους,
1300 5504 1393 5557 καὶ
1417 5502 1514 5575 τὴν
1537 5504 1731 5560 ἐαυτοῦ
1762 5511 2142 5584 καταισχύνεις

624 5649 651 5726 ἶ
685 5646 878 5726 ἶὲϊέοῖς
900 5654 1162 5726 ἀνθρώποις
1182 5659 1308 5726 “es.

564 5705 895 5810 “352112;”
864 5705 1064 5810 γῖναέκα
1102 5705 1380 5786 ἔχῃξήίῖεε.
1433 5723 1525 5774 οδι
1556 5726 1669 5776 ὅταν
1702 5732 1901 5791 γυναῖκα
1922 5736 1949 5783 ὁ
1992 5736 2142 5785 ταῦτα

587 5784 712 5815 κάων
724 5786 966 5833 κεκτηται.

1297 353 1353 409 5.
1389 349 1675 406 JOANNIS
1712 340 2206 403 CIIHYSOSTODH
2246 344 2562 404 ARCHIEP.
2603 351 3150 409 (IUNSTANTINOP.

3683 362 3781 414 182

2237 448 2431 530 δό’ξαν;
2462 465 2576 519 οὐκ
2604 465 2824 531 ἀκούεις
2863 467 3078 522 Παύλου
3110 462 3355 538 λέγοντος
3385 469 3476 523 καὶ
3495 463 3603 538 νῦν,
3627 475 3710 527 καὶ
3735 478 3783 532 ὲν

2238 555 2315 627 τῷ
2347 559 2497 631 μέσῳ
2537 560 2803 631 βοῶντος,
2835 565 3089 634 Φεύγετε
3121 564 3233 633 τὴν
3260 565 3539 634 πορνείαν
3562 609 3577 631 ,
3610 570 3785 639 μᾶλλον

2237 653 2294 707 δὲ
2339 654 2433 708 τοῦ
2471 657 2710 729 Χριστοῦ
2751 657 2846 712 τοῦ
2883 659 2981 730 τὴν
3032 659 3244 713 ἐκείνου
3285 659 3460 732 ψυχὴν
3498 663 3784 736 κινοῦντοςς

2238 753 2303 807 Τί
2328 754 2767 826 καταμανθάνεις
2816 756 3013 821 κάλλος
3047 756 3361 828 ἀλλότριονς
3397 758 3448 812 τί
3477 764 3789 839 αριεργάζῃ

2238 850 2528 921 πρόσωπον
2562 852 2622 903 οὐ
2659 850 2791 917 σόν;
2841 851 2896 905 τί
2935 852 3078 924 φέρῃ
3115 852 3260 906 κατά
3288 854 3578 925 κρημνῶν;
3619 858 3669 910 τί
3692 863 3789 925 τοῖς

2237 943 2798 1016 δικτύοις-ἐμϐάλλεις
2824 948 3019 1001 σαυτόν
3043 965 3058 1014 ;
3089 949 3339 1019 Τείχισόν
3371 967 3462 1003 σου
3489 952 3609 1016 τοὺς
3621 952 3789 1022 ὀφθαλο

2240 1040 2411 1110 μοὺς,
2460 1042 2797 1113 περίφραξόν
2840 1060 2933 1097 σου
2976 1043 3038 1097 τὸ
3078 1043 3269 1115 ὄμμα,
3309 1044 3448 1098 τίθει
3496 1047 3652 1116 νόμον
3693 1052 3791 1114 τοῖς

2234 1138 2553 1207 ὀφθαλμοῖς.
2595 1140 2861 1192 Ἀκουσον
2892 1139 3239 1204 ἀπειλοῦντος
3287 1140 3380 1193 τοῦ
3417 1141 3645 1212 Χριστοῦ
3666 1182 3682 1205 ,
3711 1146 3791 1199 καὶ

2234 1233 2334 1303 τὴν
2364 1234 2657 1289 ἀκόλαστον
2679 1234 2799 1304 ὄψιν
2824 1236 2882 1289 ὲν
2905 1236 3006 1305 ἴσῳ
3037 1236 3282 1307 μοιχείας
3311 1237 3604 1308 κρίνοντος.
3627 1238 3689 1292 Τί
3709 1241 3789 1309 τῆς

2236 1328 2426 1400 ἡδονῆς
2455 1329 2648 1400 ὄφελος
2668 1371 2682 1394 ,
2714 1333 2842 1385 ὅταν
2884 1330 3146 1403 σκώληκα
3171 1332 3366 1405 τίκτῃς
3421 1334 3550 1387 ὅταν
3595 1334 3793 1408 διηνεκῆ

2236 1426 2428 1496 φόὃον;
2452 1427 2580 1479 ὃταν
2615 1426 2885 1480 ἀθάνατον
2916 1426 2995 1498 τῷ
3028 1427 3288 1499 δράσαντι
3323 1431 3627 1502 τιμωρίαν;
3657 1432 3795 1501 Πόσῳ

2235 1521 2442 1593 βέλτιον
2476 1524 2665 1594 μικρὸν
2726 1524 3094 1595 ἀνασχόμενον
3121 1525 3223 1595 τῆς
3266 1524 3387 1595 βίας
3431 1527 3530 1594 τῆς
3573 1527 3676 1581 ἀπὸ
3703 1530 3795 1583 τῶν

2233 1620 2517 1691 ἡμετέρων
2534 1620 2828 1691 λογισμῶν,
2842 1620 3133 1684 διαπαντὸς
3149 1623 3205 1674 ἐν
3221 1622 3404 1675 ἀνέσει
3423 1617 3582 1688 εἶναι,
3610 1625 3642 1695 ἦ
3660 1624 3797 1693 ὀλίγα

2234 1717 2597 1787 χαρισάμενον
2622 1719 2742 1780 ταῖς
2767 1717 2992 1780 ἀτόποις
3019 1717 3339 1788 ἐπιθυμίαις
3370 1717 3614 1773 ἀθάνατα
3642 1737 3795 1791 τιμω-

2238 1811 2446 1883 ρεῖσθαι
2466 1830 2480 1877 ;
2504 1815 2560 1866 Μ
2567 1812 2599 1880 ἡ
2633 1812 2836 1875 τέκνα,
2864 1811 2951 1882 μὴ
2985 1811 3205 1867 ποιεῖτε
3237 1814 3423 1877 οὕτως
3447 1831 3461 1845 ο
3490 1817 3599 1869 οὐκ
3626 1816 3797 1887 ἀγαθὴ

2233 1909 2271 1976 ή
2299 1909 2451 1977 ἀκοὴ
2469 1951 2481 1974 ,
2510 1908 2589 1981 ἢν
2613 1909 2728 1980 ἐγὼ
2751 1911 2953 1966 ἀκούω
2975 1910 3107 1980 περὶ
3136 1909 3322 1982 ὑμῶν.
3353 1909 3485 1966 Οἶδα
3511 1912 3643 1984 πρὸς
3667 1913 3800 1977 τίνας

2228 2006 2262 2057 ὁ
2308 2005 2462 2074 λόγος
2502 2006 2881 2070 ἀποτείνεται,
2929 2005 2990 2060 ού
3041 2006 3175 2078 πρὸς
3206 2007 3454 2073 ἅπαντας
3483 2026 3495 2037 ·
3533 2009 3644 2063 ἀλλ’
3687 2010 3801 2064 ἔνθα

2234 2103 2302 2158 ἂν
2340 2102 2473 2177 εῦρῃ
2507 2104 2565 2157 τὸ
2612 2104 2856 2175 τραῦμα,
2913 2105 3033 2158 ἐκεῖ
3078 2106 3274 2174 ἐπάγει
3310 2105 3370 2158 τὸ
3405 2106 3712 2177 φάρμακον.
3744 2107 3800 2160 Τί

2232 2200 2324 2253 τὸν
2357 2202 2533 2269 γάμον
2572 2200 2851 2268 ύϐρίζεις;
2882 2200 2934 2253 τί
2966 2200 3061 2271 τὴν
3087 2201 3245 2272 εὐνὴν
3279 2202 3525 2268 ἀδικεῖς;
3558 2204 3608 2255 τί
3633 2203 3688 2257 τὸ
3718 2202 3802 2272 μὲ-

2234 2292 2323 2356 λος
2351 2293 2413 2345 τὸ
2445 2293 2535 2346 σὸν
2570 2293 2939 2363 ὲπηρεάξεις;
2978 2293 3031 2348 τί
3064 2292 3162 2364 τὴν
3199 2293 3359 2361 δόξαν
3402 2312 3499 2347 σου
3536 2293 3803 2365 καταισχύ-

2235 2405 2378 2453 νεις;
2406 2390 2681 2459 Ἔκκοψον
2714 2390 2776 2443 τὸ
2811 2388 3002 2453 πάθος,
3035 2389 3191 2443 ἄνελε
3232 2391 3331 2454 τὰς
3360 2392 3597 2462 τρυφάς.
3630 2392 3802 2462 Τρυφὴ

2234 2487 2329 2539 καὶ
2375 2485 2511 2556 μέθη
2546 2486 2721 2556 πηγαὶ
2762 2486 3037 2557 πορνείας.
3075 2486 3171 2539 Ἂν
3212 2490 3278 2558 τῇ
3318 2487 3505 2541 ἀνέσει
3539 2487 3611 2559 μὴ
3642 2490 3806 2559 χρήσῃ

2234 2583 2313 2644 εἰς
2352 2581 2490 2646 δέον,
2547 2582 2743 2651 ἐπάγει
2780 2600 2861 2636 σοι
2904 2582 3100 2652 θλίψιν.
3137 2584 3403 2638 Ἀκουσον
3445 2586 3501 2638 τί
3537 2586 3726 2641 ἔπαθον
3758 2587 3804 2639 οί

2248 2678 2486 2732 Ἰουδαῖοι
2512 2678 2931 2750 πορνεύσαντες,
2958 2682 3007 2733 οἱ
3038 2680 3113 2752 μὴ
3144 2680 3548 2751 μεταλαϐόντες
3578 2682 3804 2753 σώματος

2235 2776 2492 2849 Χριστοῦ,
2514 2778 2560 2830 οἰ
2580 2776 2859 2849 τραπέζης
2892 2778 2965 2849 μὴ
2992 2777 3397 2841 ἀπολαύσαντες
3420 2777 3801 2849 πνευματικῆς.

2235 2873 2402 2941 Μηδὲ
2422 2876 2825 2943 πορνεύωμεν,
2848 2876 3001 2945 φησὶ,
3026 2874 3217 2939 καθώς
3237 2891 3398 2939 τινες
3419 2874 3626 2928 αὐτῶν
3646 2876 3804 2943 mp.

2235 2986 2499 3034 νευσαν,
2541 2973 2635 3025 καὶ
2679 2972 2906 3025 ἔπεσον
2937 2972 3008 3024 ἐν
3038 2970 3147 3041 μιᾷ
3184 2971 3375 3041 ἡμέρᾳ
3423 2973 3624 3026 εἴκοσι
3669 2971 3804 3039 τρεῖς

2237 3066 2523 3137 χιλιάδες.
2575 3062 2846 3131 Ἀνάστα,
2900 3069 3096 3138 ΚίῬιε,
3130 3068 3451 3136 βοήθησον
3511 3069 3676 3139 ἡμῖν.
3719 3067 3803 3121 καί

2235 3163 2537 3229 λύτρωσαι
2562 3164 2716 3233 ἡμᾶς
2743 3164 2949 3218 ἕνεκεν
2976 3164 3084 3219 τοῦ
3108 3166 3400 3235 ὀνόματός
3431 3181 3576 3220 σὀυ.
3611 3162 3805 3227 Ἀλλος,

2238 3262 2285 3314 Σ
2290 3258 2417 3328 τῆθι
2432 3260 3017 3329 ἀντιλαμϐανόμενος
3037 3260 3224 3331 ἡμῶν,
3243 3261 3340 3315 καὶ
3353 3264 3389 3331 ῥ
3399 3262 3543 3319 ὗσαι
3560 3260 3711 3332 ἡμᾶς
3723 3261 3813 3316 διὰ

2237 3356 2304 3409 τὸ
2343 3356 2515 3423 ἔλεός
2554 3372 2690 3412 σου.
2735 3358 2874 3429 Ὅρα
2919 3356 3020 3411 ποῦ
3078 3358 3169 3411 τὸν
3215 3357 3374 3427 λόγον
3428 3358 3805 3411 κατέκλεισαν·

2244 3452 2385 3521 μετά
2418 3452 2589 3524 μυρία
2623 3452 2802 3507 αὐτῶν
2831 3452 3251 3525 κατορθώματα,
3278 3454 3443 3507 πόθεν
3474 3454 3682 3518 ἀξιοῦσι
3715 3450 3810 3505 σώ·

2240 3549 2464 3615 ζεσθαις
2500 3549 2633 3603 Ἀπὸ
2661 3549 2865 3615 ἐλέους,
2881 3551 2986 3602 ἀπὸ
3011 3549 3444 3621 φιλανθρωπίας,
3465 3551 3626 3604 διὰτὸ
3653 3549 3807 3620 ὄνομα

2239 3643 2333 3697 τοῦ
2372 3644 2529 3698 Θεοῦ.
2577 3645 2643 3697 Τί
2680 3647 2853 3708 ἐστιν,
2888 3646 3143 3701 ’Ἕνεκεν
3183 3646 3290 3699 τοῦ
3331 3647 3629 3716 ὀνόματός
3667 3658 3808 3707 σου;

2241 3741 2358 3795 Ἵνα
2392 3741 2465 3812 μὴ
2501 3741 2632 3795 αὐτὸ
2660 3741 2962 3813 gemmea,
2993 3742 3021 3795 δ
3050 3743 3144 3795 καὶ
3167 3742 3330 3805 αὐτὸς
3364 3742 3628 3805 πολλάκις
3657 3740 3807 3808 λέγει.

2239 3839 2320 3893 ὅτι
2346 3837 2499 3892 Ποιῶ
2519 3838 2729 3893 ἕνεκεν
2772 3839 2876 3893 τοῦ
2911 3840 3202 3908 ὀνόματός
3226 3858 3363 3908 μου.
3397 3832 3554 3904 Εἶδες
3578 3855 3813 3893 ταπεινο-

2241 3933 2516 4006 φροσύνην
2562 3935 2655 3989 καὶ
2702 3934 3169 4005 συντετριμμένην
3201 3935 3478 4001 διάνοιαν;
3523 3937 3635 3990 Καὶ
3664 3934 3811 3986 πόθεν

2241 4030 2452 4097 ἀξιοῦσι
2498 4032 2775 4102 σωθῆναι;
2816 4032 2946 4085 Ἀπὸ
2977 4029 3388 4102 φιλανθρωπίας
3413 4072 3429 4097 ,
3461 4033 3575 4087 ἀπὸ
3609 4032 3811 4094 ὲλέους’

2240 4128 2317 4192 ὠς
2341 4129 2390 4181 οἰ
2426 4127 2624 4201 ἔρημοι
2672 4126 3133 4200 κατορθωμάτων,
3168 4126 3245 4191 ὼς
3269 4128 3318 4180 οἱ
3348 4129 3482 4200 μηδέ
3530 4147 3584 4182 τι
3615 4128 3814 4197 ἔχοντες

2239 4222 2515 4295 δικαίωμα
2547 4225 2841 4295 σωτηρίας,
2869 4222 3049 4277 καίτοι
3092 4223 3368 4287 τοσούτοις
3405 4224 3686 4296 κομῶντες
3731 4222 3815 4275 πό-

2239 4336 2356 4384 νοις
2387 4321 2482 4374 καί⁵
2524 4319 2829 4383 κινδύνοις,
2869 4321 2950 4383 είς
2981 4320 3074 4373 τὸν
3113 4320 3246 4374 Θεὸν
3294 4320 3355 4373 τὸ
3385 4323 3494 4375 πᾶν
3543 4321 3815 4391 ἀνέφερον.

2241 4415 2479 4480 Τούτους
2515 4415 2579 4487 δὴ
2612 4415 2706 4469 καὶ
2745 4417 2907 4486 ἡμεῖς
2937 4417 2988 4468 οἰ
3028 4417 3086 4469 ἐν
3113 4417 3180 4487 τῇ
3211 4417 3394 4487 χάριτι
3434 4415 3817 4486 μιμησώμεθα,

2244 4514 2338 4566 καὶ
2366 4510 2524 4577 δόξαν
2554 4513 2965 4583 ἀναπέμςιωμεν
2994 4510 3073 4582 τῷ
3101 4511 3254 4583 Θεῷ,
3278 4505 3323 4581 ᾧ
3363 4512 3396 4583 η
3432 4511 3563 4577 δόξα
3595 4514 3675 4576 εἰς
3703 4511 3817 4573 τοὺς

2244 4611 2447 4673 αἰῶνας
2484 4608 2592 4663 τῶν
2628 4607 2859 4662 αἰώνων.
2906 4609 3099 4679 ’Δμήν.

2512 4778 2667 4853 [I60]
2708 4779 2815 4833 Eu:
2847 4754 2997 4832 TON‘
3023 4780 3135 4832 MA'
3186 4780 3508 4834 ΨΑΛΜΟΝ.

2254 4949 2568 5014 Ἐπινίκιος
2601 4947 2751 5015 ὑπὲρ
2788 4946 2906 5017 τῶν
2932 4947 3133 5001 ἀνθῶν
3168 4948 3288 5001 τῶν
3317 4948 3462 5001 υἱῶν
3490 4951 3668 5017 Κορὲ.
3703 4945 3820 5000 Ἀλ·

2314 5019 2423 5082 λος,
2488 5019 2571 5082 Τῷ
2614 5016 2899 5082 νικοποιῷ
2949 5017 3046 5070 ἐπὶ
3083 5018 3208 5083 τοῖς
3241 5018 3471 5085 κρίνοις
3514 5019 3638 5071 τῶν
3684 5017 3821 5071 υἱῶν

2311 5088 2482 5156 Κορέ.
2523 5089 2581 5159 Ὀ
2609 5087 2667 5159 δὲ
2708 5089 2956 5159 Ἐϐραῖος
2983 5088 3111 5159 ἀντὶ
3136 5089 3254 5149 τοῦ,
3279 5090 3536 5155 Κρίνοις,
3583 5090 3689 5144 Ἀλ
3709 5104 3821 5141 σω·-

2312 5152 2551 5229 σανείμ,
2565 5152 3057 5229 λέγει’Σὺνέσεως
3072 5152 3238 5229 ἆσμα
3258 5152 3346 5224 εἰς
3366 5161 3472 5214 τὸν
3491 5152 3819 5229 ἀγαπητόν.

2316 5225 2530 5293 Ἄλλος,
2551 5229 3000 5300 πιστήμονος
3019 5225 3183 5300 ᾆσμα
3204 5231 3351 5296 πρὸς
3376 5225 3587 5299 φιλίας
3620 5241 3666 5281 ο.
3702 5227 3821 5300 ’.Αλο

2311 5301 2422 5362 λος,
2472 5299 2600 5366 Τοῖς
2626 5296 3038 5368 ἡγιι.τιπή,ιιιένι)ιςζ
3056 5317 3071 5331 ·
3094 5301 3122 5352 ὁ
3150 5299 3207 5353 δέ
3249 5296 3517 5369 Ἐϐραῖος,
3562 5296 3786 5369 Ἰδοθὼᾲ
3806 5336 3821 5355 .

2355 5371 2498 5440 ησίν.
2516 5365 2584 5424 Οἱ
2599 5365 2659 5423 δέ
2677 5365 3105 5440 ’”Εόδομὴκοντα.
3126 5372 3229 5435 Εἰς
3254 5371 3320 5423 τὸ
3342 5365 3515 5434 τέλος
3539 5370 3698 5436 ὑπὲρ
3713 5365 3821 5420 τῶν

2355 5390 2498 5440 ησιν.
2516 5390 2579 5424 υι
2599 5390 2657 5423 οε
2701 5390 3105 5440 ιοοομηκοντα.
3126 5390 3229 5435 εις
3254 5390 3320 5423 το
3342 5390 3515 5434 τεκος
3539 5390 3698 5436 map
3713 5390 3820 5420 των

2312 5390 2890 5509 Χλλοιωθησομένων
2913 5441 3037 5507 τοῖς
3061 5440 3215 5504 υἱοῖς
3243 5440 3411 5510 Κορὲ,
3439 5443 3524 5505 εἰς
3543 5440 3820 5499 σύνεσιν,

3068 5510 3092 5521 ~

2310 5512 2433 5580 ᾠδὴ
2469 5512 2621 5579 ὑπὲρ
2650 5510 2756 5566 τοῦ
2782 5510 3115 5579 ἀγαπητοῦ.

2304 5669 2326 5698 ο
2369 5665 2495 5716 Illud
2535 5675 2612 5715 est
2646 5666 2864 5726 Aqnme;
2910 5667 2994 5715 afli
3030 5679 3125 5714 una
3159 5677 3279 5728 voce
3321 5665 3497 5728 Iegxgn!
3517 5663 3817 5728 ποορ-φιλίας-

2243 5727 2416 5778 Lectio
2434 5728 2533 5783 τοῖς
2553 5722 2877 5789 ἠγαπημένοις
2909 5735 2988 5777 εει
3020 5722 3400 5777 ’Πιεοόοιίοιιίεῖ
3424 5722 3624 5787 Ἰδιθώθ,
3647 5722 3822 5774 melius

2243 5791 2422 5851 ωιόώθ,
2446 5789 2687 5839 Hebraice
2726 5796 2898 5848 111915.
