4030 6434
230 398 303 456 tu
1031 384 1037 389 ’
1443 399 1803 457 sxrosrrto
1842 399 1907 455 IN
1948 380 2273 456 rsa‘nuuu
2307 370 2503 455 xuvf

244 517 342 575 iacit
378 513 624 585 Paulus,
667 525 730 574 et
772 517 873 575 alii
923 516 1220 591 propheta.
1254 518 1424 589 Atque
1475 517 1587 571 haec
1632 516 1687 571 hi
1729 517 1868 570 diee-

250 614 371 678 btnt,
401 623 529 667 cum
557 609 705 666 nihil
735 612 929 668 adimo
972 612 1171 668 scirent
1199 625 1298 667 nec
1341 611 1410 666 de
1453 611 1718 682 gehenna,
1768 626 1868 665 nec

259 710 311 765 de
332 721 517 779 regno.
548 720 662 762 nec
688 706 866 761 ullam
896 704 1073 761 adhuc
1102 706 1257 760 talem
1283 703 1602 759 didicissent
1628 703 1867 772 philoso-

256 802 445 873 phiam,
476 797 782 868 omniaque
809 797 971 854 facile
997 797 1259 853 ferebant.
1291 795 1381 852 25.
1416 796 1668 861 Quoniam
1694 796 1863 850 humi-

256 897 370 950 !iata
394 901 467 947 est
496 891 553 944 in
582 890 798 961 pulvere
833 891 1008 944 anima
1038 899 1210 944 nostra
1242 904 1261 943 :
1296 889 1669 959 conglutinatus
1699 898 1768 942 est
1810 889 1861 942 in

248 997 381 1040 terra
402 984 580 1037 acriter
615 992 811 1036 noster.
840 981 1101 1049 Quoniam
1133 980 1273 1035 enim
1300 979 1433 1034 dixit
1479 996 1493 1033 :
1542 978 1863 1033 Oblivisc.~ris

246 1074 438 1145 inopia
466 1085 685 1139 nostra’,
714 1071 820 1127 hoc
844 1082 946 1137 est,
969 1071 1294 1139 afﬂictionis,
1321 1070 1449 1132 dicit
1471 1070 1722 1140 deinceps
1745 1086 1862 1143 qua;

253 1170 321 1224 sit
347 1166 604 1222 afﬂictio.
652 1165 811 1234 Quod
842 1173 1021 1219 autem
1065 1164 1213 1228 dicit,
1257 1163 1360 1218 tale
1405 1171 1490 1219 est
1538 1181 1550 1218 :
1595 1163 1858 1230 Pet-imus,

244 1259 457 1316 defossi
486 1274 700 1322 sumus,
728 1257 895 1312 nihilo
916 1256 1121 1311 meliori
1144 1270 1327 1311 sumus
1346 1254 1675 1323 conditione,
1702 1271 1858 1325 quam

242 1352 482 1407 mortui.
515 1349 654 1406 Jure
683 1357 865 1404 autem
890 1348 1082 1404 dixerit
1128 1347 1393 1419 quispiam
1440 1363 1624 1402 eorum
1673 1348 1856 1414 etiam,

238 1447 337 1517 qui
375 1446 549 1500 rebus
600 1443 956 1515 prtescutibus
987 1441 1129 1497 afﬁxi
1164 1451 1322 1507 sunt,
1364 1441 1598 1495 animam
1643 1441 1695 1495 in
1743 1450 1848 1495 ter-

238 1552 362 1592 ram
412 1551 545 1592 esse
593 1531 948 1599 humiliatam,
988 1548 1281 1602 eorumque
1309 1532 1395 1603 qui
1424 1531 1565 1603 gnlzc
1596 1532 1854 1597 set-tium,

230 1640 505 1683 ventrem
536 1640 661 1682 esse
690 1636 843 1681 terra:
869 1624 1266 1696 agglutinatum.

314 1716 683 1775 Pulchritudo
707 1718 936 1788 corporis
955 1716 1147 1782 latum;
1169 1719 1220 1770 in
1244 1718 1608 1789 fornicatores;
1628 1716 1859 1784 pulchri-

220 1812 371 1867 tudo
410 1820 669 1882 quatenus
707 1808 1047 1875 admiranda;
1093 1809 1472 1862 matrimonium
1501 1824 1592 1862 cur
1637 1808 1851 1878 permis-

220 1903 713 1960 m.—Eteuim
754 1903 844 1974 qui
882 1917 1068 1958 amore
1105 1902 1314 1958 vinctus
1361 1910 1593 1969 tenetur,
1639 1910 1694 1957 et
1745 1901 1855 1957 luto

226 1996 451 2063 inhiat,
492 1996 971 2066 incorporeamque
996 2008 1117 2065 quae
1148 1995 1202 2049 in
1229 2009 1289 2050 se
1329 2002 1412 2051 est
1438 1994 1743 2050 facultatem
1773 1990 1851 2049 ci-

228 2091 363 2145 neri
394 2090 691 2159 mancipat,
718 2088 837 2158 jure
879 2088 993 2143 lucc
1021 2088 1127 2159 pati
1157 2088 1366 2144 dicatur
1398 2087 1495 2161 (a).
1531 2088 1669 2156 Quid
1710 2090 1852 2144 enim

220 2182 395 2238 aliud
428 2193 514 2237 εει
546 2180 884 2251 pulchritudo
923 2180 1183 2250 cerporis,
1234 2180 1335 2235 nisi
1379 2181 1551 2252 pulvis
1579 2189 1631 2237 ct
1660 2180 1847 2259 lutum,

228 2286 409 2345 atque
442 2275 582 2330 adeo
615 2273 885 2344 quidpiam
922 2272 1005 2327 his
1037 2274 1196 2328 etiam
1224 2272 1514 2329 deformius
1539 2289 1602 2328 ac
1629 2273 1854 2329 tetrius?

227 2366 402 2437 Quod
433 2367 480 2421 si
507 2366 671 2421 ﬁdem
700 2381 808 2421 non
856 2365 1040 2431 habes,
1074 2364 1352 2419 considera
1392 2364 1635 2435 sepulcra
1674 2363 1848 2419 homi-

233 2477 405 2527 num,
442 2469 497 2515 et
526 2458 732 2514 videbis
755 2458 927 2512 lutum
953 2467 1005 2511 et
1031 2458 1323 2528 pulverem.
1355 2456 1579 2525 Quando
1603 2457 1746 2511 enim
1776 2455 1853 2511 fa-

229 2556 353 2610 cies
382 2554 561 2608 vitam
586 2560 905 2622 praesentem
934 2550 1160 2617 exuerit,
1189 2558 1315 2605 tunc
1352 2557 1573 2620 apparet
1615 2549 1667 2604 id
1707 2550 1850 2622 quod

233 2655 361 2711 est;
408 2645 523 2699 imo
554 2657 682 2698 vero
706 2642 865 2697 etiam
896 2651 1022 2696 ante
1050 2652 1299 2696 mortem.
1341 2640 1565 2709 Quando
1594 2642 1735 2696 enim
1767 2658 1853 2697 se-

238 2745 443 2792 nectus
500 2734 797 2799 invaserit,
852 2733 1067 2803 quando
1112 2733 1331 2787 morbus
1384 2732 1670 2801 afﬂixerit,
1726 2744 1849 2789 tunc

240 2832 460 2888 videbis
502 2828 634 2901 quid
687 2836 975 2900 appareat;
1034 2836 1117 2883 cst
1168 2829 1310 2883 enim
1365 2827 1537 2883 lutum
1585 2845 1598 2882 :
1647 2828 1742 2884 sed
1793 2839 1852 2884 ut

242 2925 456 2993 peritus
508 2919 705 2976 artifex
746 2921 832 2975 vel
880 2935 945 2975 ex
998 2920 1086 2974 vili
1138 2928 1193 2974 et
1244 2920 1442 2975 nullius
1485 2921 1639 2991 pretii
1684 2930 1850 2978 mate-

242 3019 322 3073 ria
377 3016 505 3072 fecit
561 3016 831 3086 ingentem
889 3014 1017 3069 oriri
1076 3014 1562 3083 pulcluitudinem,
1622 3030 1728 3070 non
1794 3023 1851 3070 ut

245 3108 572 3174 forniceris,
613 3105 708 3162 sed
739 3115 798 3160 ut
837 3105 928 3160 tibi
970 3120 1120 3159 suam
1156 3106 1464 3162 ostenderet
1505 3107 1845 3177 sapientium.

248 3202 331 3258 Ne
360 3216 491 3273 ergo
526 3199 736 3255 Artiﬁci
769 3198 1015 3269 injuriam
1048 3197 1261 3267 feceris,
1303 3215 1402 3256 nec
1426 3200 1545 3272 ejus
1573 3202 1849 3271 sapientim

257 3310 397 3366 opus
426 3293 588 3365 stupri
613 3303 668 3349 et
699 3292 1045 3361 impudicitia:
1073 3307 1101 3345 a
1132 3301 1184 3348 te
1210 3294 1302 3348 fiat
1327 3294 1568 3348 materia.
1599 3293 1846 3349 Formam

250 3401 491 3457 ornusque
512 3387 729 3452 mirare,
755 3392 810 3437 ut
832 3383 998 3454 gloria
1021 3393 1074 3439 et
1092 3383 1298 3441 honore
1324 3384 1526 3441 afficias
1545 3386 1803 3441 artificem
1829 3401 1844 3451 ;

247 3486 478 3539 ulterius
502 3493 683 3538 autem
707 3498 774 3537 ne
799 3482 1142 3553 progrediare
1163 3524 1179 3549 ,
1202 3483 1365 3538 animi
1394 3484 1847 3553 perturbationem

247 3577 513 3630 excitans.
548 3574 832 3630 Pulchrum
863 3589 999 3643 opus
1027 3592 1041 3629 :
1069 3575 1114 3629 is
1142 3589 1271 3646 ergo
1304 3576 1393 3645 qui
1424 3573 1547 3629 fecit
1566 3616 1581 3641 ,
1610 3584 1694 3629 est
1718 3575 1848 3628 ado-

244 3668 486 3733 randus,
518 3682 628 3722 non
670 3666 992 3722 contumelia
1033 3665 1365 3723 afficiendus.
1413 3667 1468 3723 Si
1509 3667 1667 3738 quis,
1722 3667 1843 3735 die,

245 3776 434 3832 quaeso
453 3805 468 3827 ,
495 3775 714 3816 auream
745 3760 971 3831 alicujus
998 3769 1227 3817 statuam
1257 3770 1310 3817 et
1330 3762 1529 3833 regiam
1558 3761 1843 3833 imaginem

245 3870 410 3910 emno
431 3897 446 3921 ,
476 3864 531 3909 et
557 3852 677 3907 aliis
702 3852 964 3923 ejusmodi
1021 3850 1299 3910 fosdaverit
1320 3893 1336 3919 ,
1386 3867 1566 3910 nonne
1604 3854 1845 3909 ultimum

245 3949 407 4004 luerit
432 3946 795 4017 supplicium?
819 3945 872 4001 Si
896 3953 1073 4001 autem
1095 3947 1184 4018 qui
1207 3947 1344 4003 inter
1374 3946 1619 4002 homines
1642 3948 1847 4016 ingrate

245 4053 295 4094 et
314 4041 587 4097 scelerate
616 4053 676 4094 se
702 4039 838 4109 gerit
863 4081 876 4104 ,
909 4038 1043 4093 tanti
1068 4053 1192 4095 reus
1211 4048 1294 4094 est
1321 4039 1564 4111 supplicii
1592 4057 1605 4094 :
1633 4041 1721 4111 qui
1754 4039 1845 4095 Dei

244 4149 380 4204 Opus
411 4141 565 4187 tanta
609 4129 786 4195 allecit
815 4131 1101 4203 ignominia
1124 4173 1138 4199 ,
1172 4131 1298 4203 quid
1330 4132 1542 4187 tandem
1574 4134 1842 4202 patietur:

244 4237 293 4279 cl
316 4226 560 4280 maxime
588 4224 801 4295 quando
826 4225 913 4295 qui
946 4224 1059 4279 bcec
1088 4224 1246 4289 facit,
1279 4224 1438 4280 habet
1462 4227 1722 4281 uxorem?
1767 4226 1846 4283 Ne

245 4319 374 4373 mihi
432 4317 582 4372 enim
636 4316 836 4372 dixeris
885 4327 1086 4373 natura:
1135 4317 1500 4387 cupiditatem.
1557 4317 1846 4387 Pmpterea

243 4414 385 4467 enim
420 4409 744 4481 permissum
772 4408 866 4464 fuit
899 4409 1318 4475 matrimonium,
1339 4425 1406 4465 ne
1434 4410 1567 4464 ultra
1600 4409 1846 4479 proprios

246 4504 512 4559 terminos
561 4500 976 4573 progredereris.
1032 4501 1165 4557 Vide
1211 4501 1353 4556 enim
1403 4509 1602 4571 quanto
1654 4500 1845 4571 dignus

244 4598 350 4651 eris
404 4594 693 4666 supplicio.
739 4592 871 4649 Nam
903 4593 1040 4648 Deus
1070 4604 1173 4647 ture
1215 4592 1376 4663 quieti
1408 4602 1459 4648 et
1491 4591 1681 4646 honori
1723 4606 1844 4662 pro-

243 4688 445 4758 spexit,
468 4694 529 4741 ut
545 4693 600 4740 ct
628 4694 829 4740 natura:
858 4685 1060 4740 rabiem
1087 4699 1182 4754 per
1203 4698 1425 4739 uxorem
1448 4697 1841 4754 compesceres,

244 4790 297 4836 et
322 4781 429 4834 hoc
458 4776 665 4848 absque
693 4777 803 4832 ullo
839 4776 1075 4847 periculo
1101 4775 1302 4831 faceres
1328 4792 1343 4841 ;
1375 4784 1429 4830 et
1460 4774 1527 4829 ab
1558 4774 1702 4829 omni
1735 4787 1846 4828 tur-

245 4871 491 4943 pitudine
518 4878 573 4925 et
602 4868 864 4924 dedecore
896 4868 1217 4923 liberareris.
1247 4866 1328 4922 Tu
1356 4876 1534 4922 autem
1563 4880 1686 4921 eum
1708 4908 1721 4930 ,
1753 4865 1844 4936 qui

247 4975 449 5019 tantam
474 4963 551 5017 tui
574 4976 751 5016 curam
777 4961 939 5031 gerit,
965 4976 1027 5015 ex
1051 4958 1365 5015 redundanti
1393 4957 1621 5030 quadam
1644 4968 1695 5014 et
1723 4973 1845 5013 exu-

244 5057 456 5112 beranti
481 5055 634 5124 copia
661 5096 675 5121 ,
711 5055 900 5124 injuria
927 5051 1133 5108 afllcis'l
1160 5053 1253 5108 Dic
1277 5053 1418 5107 enim
1444 5051 1572 5107 mihi
1593 5091 1610 5118 ,
1636 5066 1841 5121 quaeso,

246 5150 289 5202 si
309 5148 576 5203 noluisset
595 5147 708 5215 lege
731 5145 834 5201 lata
856 5149 1098 5200 ’statuere
1117 5143 1517 5198 matrimonium
1541 5185 1555 5206 ,
1588 5152 1843 5214 quantum

244 5240 353 5293 vim
372 5281 388 5305 ,
440 5247 494 5293 et
531 5246 787 5308 quantum
817 5236 1109 5291 cruciatum
1137 5234 1520 5291 sustinuisses?
1548 5230 1681 5289 Cum
1715 5248 1844 5304 ergo

245 5338 495 5403 oporteat
524 5338 576 5384 te
612 5328 664 5385 ei
692 5329 890 5401 gratias
919 5343 1111 5402 agere,
1142 5336 1198 5383 et
1224 5329 1394 5399 gloria
1423 5342 1546 5381 eum
1591 5326 1805 5382 afficere
1825 5368 1840 5391 ,

246 5422 387 5495 quod
411 5422 506 5478 tibi
532 5422 818 5476 maximam
844 5419 1041 5474 laboris
1062 5428 1266 5490 partem
1290 5420 1644 5489 amputaverit
1668 5461 1683 5485 ,
1713 5418 1842 5474 dum

251 5516 339 5570 tibi
371 5530 480 5570 non
525 5514 744 5585 vulgare
773 5512 1020 5568 solatium
1064 5513 1420 5584 excogitavit:
1453 5522 1507 5566 tu
1554 5527 1651 5582 per
1692 5527 1843 5566 stun-

253 5628 393 5667 mum
435 5610 623 5682 ingrati
666 5607 833 5663 animi
869 5606 1072 5663 crimen
1114 5622 1234 5662 eum
1276 5606 1596 5661 contumelia
1637 5605 1843 5675 aflicis,

253 5718 457 5759 onmem
511 5701 771 5774 pudorem
823 5699 1009 5766 exuis,
1055 5701 1312 5755 terminos
1357 5698 1450 5753 tibi
1504 5699 1845 5769 pra-scriptos

310 5843 382 5903 to)
415 5843 491 5893 uis
516 5852 716 5904 prorsus
747 5814 1065 5904 sitnilia'vide
1114 5839 1161 5887 in
1186 5837 1329 5899 Epist.
1369 5839 1517 5898 prima
1542 5836 1601 5886 ad
1627 5836 1842 5885 theodo-

256 5902 579 5969 rum'tapsu'm,
604 5909 739 5953 Tum.
766 5902 810 5952 ι.

3469 411 3575 468 18$!

1983 516 2217 570 transilis
2238 556 2253 583 ,
2285 524 2339 571 et
2368 524 2512 571 tuam
2543 516 2763 589 gloriam
2804 520 2999 590 probro
3029 520 3236 581 afficis?
3273 526 3391 584 Non
3418 529 3572 585 audis

1971 608 2191 663 Paulum
2216 617 2268 663 et
2290 623 2430 663 nunc
2452 651 2465 673 ,
2495 618 2551 664 et
2579 610 2629 665 in
2662 611 2838 667 medio
2863 614 3183 673 clamantem
3208 635 3220 673 :
3248 617 3436 693 Fugite
3459 614 3570 694 for-

1970 700 2275 755 nicationem
2306 696 2383 766 (1.
2407 701 2526 756 Cor.
2550 702 2603 757 6.
2637 703 2767 774 i8)?
2787 704 2881 760 Vel
2912 708 3087 777 potius
3105 708 3376 766 Christum
3403 713 3526 769 audi
3548 757 3563 780 ,

1968 793 2057 863 qui
2085 792 2199 863 ejus
2224 802 2404 849 movet
2427 795 2682 851 animum.
2708 798 2818 852 Cur
2842 799 3073 856 alienam
3102 802 3296 860 ediscis
3325 806 3570 875 pulchri-

1969 885 2242 939 tudinem"
2266 901 2364 941 cur
2385 885 2453 941 de
2480 888 2626 943 vultu
2653 903 2759 943 non
2793 898 2881 944 tuo
2909 893 3118 947 curiose
3147 897 3438 951 scrutaris?
3467 913 3566 953 cur

1967 975 2126 1033 ferris
2168 994 2261 1047 per
2291 980 2618 1050 pra'cipitia?
2647 997 2743 1035 cur
2772 982 2972 1037 retibus
3019 986 3242 1055 teipsum
3273 988 3570 1060 illaqueas?

1966 1069 2187 1139 Oppone
2214 1086 2427 1127 murum
2458 1073 2560 1128 tuis
2586 1074 2755 1129 oculis
2774 1115 2789 1141 ,
2817 1081 2935 1129 tuos
2969 1078 3153 1132 oculos
3180 1080 3399 1137 ohstrue
3418 1122 3433 1149 ,
3465 1083 3571 1136 im-

1968 1176 2105 1230 pone
2131 1161 2305 1231 legem
2337 1163 2441 1218 tuis
2463 1165 2650 1220 oculis.
2681 1164 2819 1219 Audi
2846 1166 3114 1222 Christum
3147 1170 3436 1227 minantem
3464 1215 3477 1237 ,
3512 1185 3567 1228 ct

1966 1252 2289 1321 impudicum
2317 1263 2592 1325 aspectum
2634 1264 2900 1326 tamquam
2942 1257 3262 1315 adulterium
3308 1264 3566 1320 condent-

1966 1356 2179 1401 nantem
2212 1344 2425 1414 (Matth.
2450 1350 2503 1404 5.
2530 1349 2645 1418 28).
2678 1350 2813 1418 Quid
2846 1360 2897 1406 te
2918 1351 3070 1421 juvat
3093 1354 3335 1425 voluptas
3355 1398 3369 1423 ,
3400 1373 3569 1428 quan-

1963 1438 2033 1492 do
2052 1454 2113 1493 ca
2133 1456 2366 1497 vermem
2394 1441 2553 1512 parit,
2572 1442 2784 1512 quando
2804 1451 3008 1498 metum
3029 1455 3339 1516 perpetuum
3356 1489 3372 1515 ,
3395 1464 3567 1519 quan-

1962 1530 2033 1585 do
2075 1531 2378 1587 immnrtale
2407 1533 2458 1588 ei
2497 1533 2587 1604 qui
2632 1532 2816 1589 fecerit
2857 1536 3213 1606 supplicium?
3243 1538 3451 1607 Quanto
3479 1549 3563 1595 est

1963 1624 2153 1679 melius
2167 1623 2290 1680 dum
2312 1633 2613 1680 nostrarum
2634 1626 3010 1697 cogitationum
3030 1629 3134 1684 vim
3155 1646 3441 1702 parumper
3455 1647 3561 1687 sus

1965 1715 2214 1783 tinemus,
2234 1717 2334 1773 frui
2358 1729 2610 1789 perpetua
2634 1720 2796 1774 animi
2820 1721 3224 1792 tranquillitate,
3249 1739 3409 1794 quam
3434 1725 3560 1779 dum

1962 1808 2181 1865 nefariis
2224 1811 2423 1867 nostris
2463 1812 2841 1882 cupiditatibus
2871 1814 3142 1884 paululum
3190 1816 3561 1887 indulgemus,

1962 1902 2244 1960 immortali
2269 1906 2508 1961 cruciatu
2528 1904 2702 1960 affici?
2726 1906 2824 1972 Ne,
2843 1924 2872 1960 ο
2894 1908 3010 1977 ﬁlii,
3034 1925 3096 1963 ne
3111 1910 3180 1962 ita
3201 1910 3420 1980 faciatis.
3442 1909 3563 1965 Non

1961 1995 2090 2050 bona
2116 2004 2189 2050 est
2206 2000 2344 2067 fatua
2364 2013 2516 2068 quam
2537 1997 2600 2052 de
2615 1997 2751 2052 vobis
2775 1998 2929 2051 audio
2960 2000 3035 2070 (l.
3065 1998 3187 2071 Reg.
3211 2001 3267 2054 2.
3297 2000 3409 2070 24).
3437 2003 3562 2057 Scin

1959 2086 2027 2142 ad
2054 2102 2188 2158 quos
2212 2087 2468 2158 dirigatur
2493 2088 2689 2155 oratio,
2720 2105 2824 2143 non
2852 2089 2918 2143 ad
2948 2105 3137 2145 omnes
3163 2109 3174 2144 :
3202 2091 3296 2145 sed
3325 2093 3412 2145 ubi
3439 2093 3555 2146 vnl-

1960 2196 2060 2234 nns
2090 2180 2376 2246 invenerit,
2412 2180 2517 2236 illic
2547 2181 2992 2236 medicamentum
3032 2181 3271 2239 adhibet.
3300 2184 3411 2238 Cur
3443 2199 3561 2237 ma-

1960 2275 2265 2329 trimonium
2291 2274 2493 2330 violas?
2515 2290 2612 2330 cur
2631 2274 2804 2330 cubile
2826 2275 3017 2344 injuria
3040 2275 3241 2331 officis?
3261 2292 3357 2332 cur
3377 2293 3516 2331 metu
3531 2310 3551 2318 -

1959 2367 2114 2421 brum
2139 2377 2284 2422 tuum
2311 2367 2499 2423 laedis?
2528 2383 2627 2423 cur
2646 2366 2802 2423 fama:
2830 2376 2935 2423 tuae
2961 2369 3225 2424 maculam
3252 2381 3305 2425 et
3329 2370 3557 2441 ignomi-

1958 2458 2099 2512 niam
2146 2458 2347 2513 inuris?
2378 2459 2642 2515 Exscinde
2686 2459 2851 2514 animi
2893 2458 3382 2529 perturbationem,
3431 2463 3560 2516 tolle

1956 2549 2183 2607 delicias
2211 2552 2288 2622 (l.
2314 2550 2431 2606 Cor.
2456 2551 2508 2607 6.
2540 2552 2670 2623 15).
2700 2552 2912 2607 Delicia-
2934 2552 3076 2607 enim
3101 2561 3155 2607 et
3177 2552 3410 2609 ebrietas
3438 2569 3513 2609 su.
3542 2564 3560 2609 t

1957 2642 2076 2698 fons
2116 2642 2502 2701 fornicationis.
2544 2644 2602 2702 Si
2628 2644 2792 2701 animi
2824 2644 3139 2701 remissione
3169 2660 3273 2700 non
3307 2648 3471 2702 utaris
3501 2658 3557 2700 nt

1955 2746 2200 2807 oportet,
2232 2737 2285 2792 id
2328 2737 2484 2793 all‘ert
2532 2738 2624 2794 tibi
2673 2738 3039 2793 afﬂictionem.
3080 2737 3217 2793 Audi
3256 2738 3382 2808 quid
3412 2742 3555 2810 passi

1955 2830 2061 2886 sint
2083 2830 2342 2899 etJudat-i,
2363 2817 2451 2902 qui
2474 2831 2716 2888 fornicati
2745 2831 2972 2897 fuerant,
2992 2833 3080 2901 qui
3106 2832 3345 2903 corporis
3359 2832 3559 2888 Christi

1957 2938 2062 2977 non
2091 2922 2299 2978 fuerant
2320 2922 2604 2994 participes
2626 2963 2642 2988 ,
2669 2924 2760 2994 qui
2781 2924 3072 2993 spiritualis
3092 2938 3294 2979 mensa:
3321 2922 3552 2978 fructum

1957 3030 2061 3070 non
2107 3024 2477 3086 perceperant.
2510 3014 2621 3070 Nec
2658 3016 2998 3086 fornicemur,
3027 3015 3232 3085 inquit,
3260 3015 3390 3071 sicut
3422 3032 3557 3069 non-

1955 3108 2084 3162 nulli
2126 3124 2299 3163 eorum
2345 3107 2582 3179 fornicati
2625 3115 2743 3162 sunt
2766 3148 2781 3172 ,
2815 3116 2861 3160 ct
2890 3106 3176 3161 ceciderunt
3217 3108 3271 3160 in
3322 3122 3423 3161 uno
3473 3108 3556 3160 die

1953 3203 2130 3274 uiginti
2154 3202 2253 3257 tria
2282 3202 2445 3257 millia
2475 3202 2551 3276 (l.
2582 3203 2700 3258 Cor.
2731 3202 2818 3259 Η).
2847 3202 2925 3275 8).
2954 3202 3044 3258 26.
3078 3202 3347 3274 Exsurge,
3371 3201 3555 3256 Domi-

1953 3310 2051 3362 ne,
2082 3295 2272 3366 adjura
2314 3310 2438 3359 nos,
2486 3305 2533 3349 et
2559 3294 2747 3348 redime
2785 3311 2877 3349 nos
2919 3305 3124 3365 prOpter
3167 3311 3347 3349 nomen
3392 3303 3555 3347 tuum.

1953 3384 2105 3441 Alius
2128 3427 2143 3452 ,
2176 3386 2274 3441 Sta
2299 3402 2391 3441 nos
2418 3386 2692 3456 defendens
2708 3426 2724 3455 ,
2755 3396 2801 3441 et
2825 3386 2985 3441 libera
3015 3403 3107 3441 nos
3134 3396 3337 3457 prapter
3362 3387 3557 3439 miseri-

1948 3480 2178 3535 cordiam
2199 3488 2356 3535 tuam.
2384 3479 2516 3536 Vide
2537 3478 2807 3551 quomodo
2826 3480 3206 3536 eonelnserunt
3221 3480 3516 3534 orationem
3540 3498 3551 3529 :

1954 3582 2076 3640 post
2119 3570 2528 3626 innumerabilia
2567 3586 2686 3642 qua:
2712 3570 2780 3626 ab
2807 3571 2887 3626 eis
2916 3579 3061 3627 recte
3086 3580 3140 3627 et
3164 3585 3232 3625 ex
3259 3570 3454 3625 virtute
3481 3569 3562 3622 fa-

1956 3673 2043 3720 eta
2062 3663 2292 3733 fuerant,
2311 3662 2576 3718 undenam
2598 3663 2823 3717 salutem
2840 3662 3052 3733 assequi
3072 3677 3283 3733 aequum
3296 3674 3510 3717 censent
3535 3664 3557 3712 Ἰ

1959 3758 2003 3810 A
2038 3755 2401 3812 misericordia
2421 3797 2435 3820 ,
2465 3770 2495 3810 a
2537 3756 2863 3827 benignitate
2903 3765 2958 3809 et
2986 3755 3269 3810 clementia
3291 3796 3306 3820 ,
3339 3763 3556 3824 propter

1960 3863 2156 3903 nomen
2188 3848 2297 3902 Dei.
2323 3846 2460 3916 Quid
2481 3856 2565 3903 est
2582 3887 2597 3914 ,
2626 3857 2835 3918 prapter
2861 3864 3043 3902 nomen
3073 3857 3213 3901 tuum
3233 3848 3255 3903 .9
3276 3846 3355 3903 Ne
3381 3848 3553 3916 ipsum

1953 3939 2297 4011 profanetur,
2330 3938 2471 4009 quod
2499 3939 2612 4009 ipse
2643 3939 2800 3994 etiam
2828 3953 2974 4009 smpc
3011 3938 3141 3995 dicit
3174 3956 3187 3992 :
3222 3938 3385 3993 Facio
3436 3956 3553 4010 pro-

1952 4041 2066 4103 pter
2094 4046 2275 4085 nomen
2304 4046 2489 4085 meum.
2517 4029 2760 4085 Vidistin’
2801 4027 3154 4085 humilitatem
3183 4038 3238 4086 et
3265 4030 3551 4085 contritum

1950 4128 2231 4183 animum?
2261 4127 2328 4182 Et
2356 4127 2624 4183 undenam
2652 4135 2839 4197 petunt
2862 4126 3127 4182 salutem?
3154 4127 3199 4181 Α
3228 4127 3509 4182 clementia
3535 4170 3550 4190 ,

1949 4238 1979 4276 a
2007 4220 2402 4286 misericordia;
2425 4230 2676 4292 tanquam
2699 4220 2889 4292 quibus
2910 4229 3053 4275 recte
3078 4219 3211 4275 facta
3238 4219 3551 4280 deﬁcerent.

1950 4326 2001 4371 et
2024 4315 2323 4384 nullajusta
2346 4315 2534 4370 salutis
2559 4329 2719 4369 causa
2743 4320 3091 4384 suppeteret,
3119 4312 3240 4367 licet
3268 4320 3343 4365 tot
3364 4323 3417 4366 et
3439 4320 3551 4364 tan-

1952 4418 2002 4463 ta
2048 4407 2282 4478 pericula
2313 4405 2635 4477 laboresque
2659 4415 2942 4476 susceptos
2962 4404 3165 4473 jactare
3195 4410 3449 4473 possent,
3482 4402 3549 4455 ad

1953 4501 2123 4556 Deum
2163 4509 2353 4555 cuncta
2400 4499 2726 4555 referebant.
2758 4496 2867 4553 Nos
2895 4509 3108 4567 quoque
3131 4536 3148 4560 ,
3179 4496 3269 4566 qui
3301 4495 3352 4549 in
3382 4496 3548 4565 gratia

1948 4606 2154 4659 sumus,
2179 4590 2587 4653 eosimitemur,
2616 4600 2671 4643 et
2701 4589 2810 4643 Deo
2836 4586 3060 4659 gloriam
3090 4588 3432 4642 omittamus:
3464 4586 3549 4641 cui

1947 4685 2116 4756 gloria
2141 4685 2193 4740 in
2217 4683 2409 4739 saecula
2436 4684 2775 4737 smculorum.
2809 4684 3000 4737 Amen.

2416 4839 2480 4894 IN
2520 4838 2845 4896 PSALMUM
2884 4838 3067 4893 XLIV.

1952 4978 2001 5030 l.
2048 4974 2154 5029 Pro
2181 4974 2409 5043 victoria,
2441 4991 2534 5045 pro
2553 4974 2766 5046 floribus
2792 4972 3014 5043 ﬁliorum
3054 4973 3201 5030 Core.
3233 4974 3407 5038 Alius,
3451 4970 3545 5025 Vi-

2019 5069 2194 5122 ctoria:
2231 5068 2428 5121 auctori
2455 5066 2532 5139 (α)
2568 5076 2813 5138 :propter
2842 5066 2951 5121 lilia
2976 5054 3205 5137 ﬁliorum
3249 5066 3395 5120 Care.
3437 5064 3545 5119 He-

2022 5161 2196 5215 hrzrus
2226 5174 2344 5229 pro,
2392 5158 2558 5225 Liliis,
2603 5160 2755 5225 dicit,
2807 5160 2871 5214 Al
2897 5160 3139 5214 sosanim.
3185 5157 3547 5227 lntelligentiat

2021 5253 2273 5307 canticum
2302 5252 2354 5305 in
2382 5252 2640 5307 dilectum.
2688 5252 2859 5316 Alius,
2894 5250 3114 5306 Scientis
3143 5250 3395 5302 canticum
3419 5263 3543 5318 pro-

2022 5354 2130 5415 pter
2159 5343 2457 5397 amicitiam.
2485 5343 2657 5404 Alius,
2682 5340 2903 5396 Dilectis
2922 5357 2941 5395 :
2970 5339 3229 5395 Hebraeus
3257 5347 3433 5392 autem
3464 5337 3547 5391 di-

2022 5438 2115 5502 cit,
2169 5434 2422 5489 Idithotlt.
2472 5434 2839 5505 Septuaginta,
2886 5432 2955 5486 In
3006 5433 3160 5500 ﬁnem
3215 5447 3307 5503 pro
3354 5430 3417 5484 iis
3459 5431 3546 5500 qni

2019 5528 2481 5595 coinmutabuntur,
2506 5528 2627 5597 ﬁliis
2646 5524 2795 5593 Core,
2826 5526 2894 5578 ad
2923 5525 3251 5592 intellectum,
3292 5525 3546 5579 canticum

2020 5640 2113 5693 pro
2138 5622 2339 5678 dilecto.

2024 5814 2095 5873 (tt)
2126 5813 2207 5862 Gr.
2231 5812 2305 5874 τῷ
2333 5809 2581 5870 vixet-ron?»
2622 5806 2741 5855 Hac
2764 5802 2917 5854 lectio
2941 5809 3019 5854 est
3043 5801 3257 5866 Aqunilm,
3298 5808 3354 5852 ut
3376 5802 3549 5874 videas
3638 5794 3641 5799 ’

1962 5900 2009 5946 in
2028 5863 2289 5959 ‘Hexaplis'
2305 5891 2503 5949 nostris.
2532 5863 2677 5951 infra,
2700 5891 2759 5941 At
2781 5887 3013 5978 sosttttim,
3039 5863 3192 5937 Hebr.
3223 5863 3542 5944 auctu-53'.
