4030 6396
600 356 700 409 135

592 469 646 521 2.
693 466 951 522 Eructavit
991 482 1074 519 cor
1108 478 1273 517 meum
1322 460 1523 514 uerbum
1574 461 1776 513 bonum.
1833 458 2001 520 Alius,
2037 455 2180 510 Irre-

737 559 855 629 psit.
886 558 1054 620 Alius,
1089 554 1288 608 Motum
1316 563 1387 607 est
1418 570 1504 606 cur
1534 569 1696 606 meum
1718 551 1863 605 verbo
1891 551 2039 605 bona.

656 677 707 728 i.
750 672 1115 727 Testimonium
1141 671 1459 725 inimicorum
1489 671 1693 725 minime
1713 683 1999 742 suspectum
2016 685 2034 733 ;
2065 685 2184 722 eru-

592 767 744 820 ctutio
777 765 1040 836 prophetia
1064 782 1081 830 ;
1110 764 1356 835 praptteta
1377 761 1547 829 ili/fert
1575 773 1700 816 uate.
1723 793 1797 804 —
1818 763 2017 817 Vellem
2043 776 2185 815 nunc

576 890 579 895 -
604 854 792 910 adesse
816 871 1003 910 ou.nes
1029 854 1242 910 indutos
1272 863 1325 909 et
1360 854 1605 925 gentiles,
1652 865 1703 908 et
1733 856 1834 910 hoc
1861 855 1995 908 libro
2025 870 2053 906 a
2098 853 2188 907 ,Ιη-

609 949 745 1005 dzeis
769 958 1008 1018 accepto,
1040 948 1303 1003 Psalmntn
1333 946 1401 999 ita
1442 948 1635 1017 legere.
1661 946 1844 1016 Neque
1869 948 2010 1000 enim
2043 946 2191 1015 igno-

599 1040 747 1107 ratis,
784 1049 836 1094 et
864 1039 915 1093 in
942 1037 1178 1108 jndiciis,
1214 1048 1266 1092 ct
1309 1038 1504 1107 ubique
1532 1047 1655 1091 tunc
1690 1038 1920 1090 maxime
1948 1051 1978 1090 ι
2017 1037 2192 1104 suspi-

588 1139 750 1190 eione
792 1143 1056 1189 remotum
1086 1148 1207 1187 esse
1255 1146 1433 1185 rerum
1479 1130 1862 1191 testiinonium,
1895 1128 2108 1201 quando
2138 1127 2185 1181 id

589 1225 762 1282 fertur
787 1225 855 1280 ab
886 1226 1132 1281 inimicis.
1158 1224 1225 1281 Ut
1256 1223 1358 1279 hoc
1384 1239 1511 1295 ergo
1534 1223 1693 1278 hodie
1719 1239 1931 1294 quoque
1955 1224 2185 1290 eveniat,

573 1320 941 1377 .exhibeamns
993 1317 1353 1372 testimonium
1395 1332 1459 1371 ex
1506 1315 1797 1378 \’eteri,'ut
1839 1325 1894 1369 et
1937 1315 2104 1369 Judtei
2135 1324 2189 1369 et.

588 1412 818 1478 gentiles
860 1411 1063 1480 pudore
1107 1409 1444 1464 afﬁciantur:
1473 1407 1641 1463 Judazi
1686 1406 1899 1478 quidem
1929 1407 2185 1477 legentes,

597 1515 646 1558 et
699 1520 804 1558 non
856 1502 1252 1573 iutelligentes;
1294 1501 1518 1572 gentiles
1561 1516 1690 1555 vero
1728 1500 2189 1579 videntes‘libros

593 1600 747 1655 nobis
775 1599 955 1654 oﬁ'erri
982 1598 1050 1651 ab
1094 1597 1340 1651 inimicis.
1391 1593 1575 1665 Neque
1600 1595 1740 1649 enim
1771 1604 2023 1662 poterunt
2069 1610 2129 1648 ea
2158 1610 2187 1648 a

594 1694 749 1747 nobis
790 1707 915 1747 esse
961 1690 1185 1744 conﬁcta
1231 1689 1433 1753 dicere,
1480 1702 1598 1740 cum
1646 1703 1752 1740 non
1803 1701 1917 1750 nos,
1966 1687 2059 1740 sed
2099 1686 2186 1749 qui

591 1784 860 1839 Christum
902 1782 1296 1847 crueiﬁxeruut,
1345 1781 1509 1835 libros
1561 1780 1715 1833 nobis
1760 1780 2051 1847 prwbcaul,
2093 1778 2183 1848 qtti

586 1879 659 1931 (lc
700 1877 815 1947 ejus
863 1883 1121 1944 potestate
1164 1874 1467 1943 loquuntur.
1513 1870 1619 1927 Sed
1669 1872 1779 1925 sive
1818 1871 2030 1936 aisunl,
2077 1870 2190 1924 sive

584 1986 721 2031 non,
752 1983 849 2022 nos
876 1974 1061 2020 nostro
1084 1963 1260 2033 ofﬁcio
1291 1965 1591 2033 fungamur,
1621 1972 1675 2017 et.
1705 1963 2075 2033 aggrediantur
2103 1963 2189 2017 in-

588 2036 1183 2127 terpretationcms‘llic
1224 2054 1366 2109 enim
1414 2054 1654 2107 l’salnnts
1694 2055 1744 2107 in
1790 2053 2061 2107 Christum
2106 2064 2188 2109 est

588 2150 903 2221 inscriptus,
933 2158 988 2204 et
1016 2148 1136 2203 ideo
1165 2146 1324 2201 habet
1355 2147 1780 2214 inscriptionem,
1815 2144 1880 2201 In
1923 2147 2186 2212 dilectum,

587 2254 664 2309 et,
697 2239 804 2297 Pro
829 2242 891 2296 iis
919 2241 1007 2311 qui
1030 2238 1493 2295 commutabuntur.
1519 2239 1568 2294 is
1594 2239 1734 2295 enim
1759 2238 1915 2293 nobis
1941 2253 2187 2310 magnam

588 2338 718 2391 iecit
748 2336 1122 2401 mutationem,
1153 2348 1439 2403 rerumque
1460 2334 1865 2389 conversionem
1905 2348 1969 2388 ac
2005 2330 2189 2388 tradu-

586 2428 850 2483 ctionem.
883 2427 1028 2482 ilanc
1056 2428 1407 2482 mutationem
1428 2426 1734 2495 signiﬁcans
1757 2440 1969 2513 quosue
1996 2424 2190 2480 Paulus

590 2519 807 2574 dicebat
828 2537 839 2572 :
863 2517 1034 2582 Quare
1048 2519 1092 2575 si
1103 2536 1203 2589 qua
1218 2519 1272 2572 in
1292 2518 1493 2574 Christo
1510 2531 1638 2571 nova
1654 2525 1887 2571 creatura
1905 2516 1977 2589 (2.
1999 2514 2113 2570 Cor.
2132 2516 2187 2573 5.

595 2615 707 2683 Π).
741 2612 811 2667 Et
848 2611 969 2668 ideo
997 2628 1104 2667 non
1132 2611 1260 2667 dicit
1298 2612 1350 2666 in
1384 2610 1665 2682 principio,
1697 2610 1962 2664 Dixitcor
1987 2624 2186 2664 meum.

595 2704 858 2771 Quoniam
891 2702 1033 2759 enim
1062 2718 1247 2758 eorum
1271 2716 1393 2787 qua}
1430 2701 1746 2757 dicebantur
1774 2700 1904 2756 nihil
1936 2710 2053 2756 erat
2084 2700 2188 2756 hu-

592 2810 834 2860 manum,
880 2794 974 2850 sed
1007 2795 1239 2849 molestia
1272 2810 1335 2849 ac
1363 2794 1658 2864 spiritualia
1701 2802 1818 2849 erat
1846 2801 2185 2859 narraturus,

595 2903 765 2957 eaque
803 2904 906 2943 non
936 2903 1001 2943 ex
1037 2888 1251 2958 propria
1282 2887 1606 2953 inventione,
1633 2886 1729 2943 sed
1760 2902 1824 2942 ex
1853 2886 2031 2942 divina
2059 2901 2193 2957 ope-

592 2985 829 3049 ratione,
872 2980 1222 3037 eructationis
1268 2981 1485 3036 nomine
1515 2979 1618 3035 hoc
1646 2980 1929 3050 signiﬁcat.
1961 2978 2193 3035 Eructa-

592 3090 717 3130 mus
739 3074 881 3150 enim
910 3090 1015 3129 non
1047 3072 1263 3144 quando
1294 3072 1561 3140 volumus,
1586 3072 1679 3127 sed
1708 3072 1851 3128 hunc
1875 3086 2188 3128 sermonem

594 3167 860 3222 habemus
897 3166 1111 3238 quando
1156 3167 1421 3229 volumus,
1470 3181 1701 3236 cumque
1745 3173 1802 3221 ct
1845 3166 2096 3233 dicimus,
2140 3172 2197 3221 et

601 3258 941 3328 reprimimus
970 3276 983 3311 :
1014 3256 1399 3313 eructationem
1419 3266 1597 3313 autem
1628 3273 1732 3313 non
1764 3257 1965 3314 itidem.
2001 3255 2198 3314 Osten-

592 3352 733 3406 dens
784 3351 960 3421 itaque
998 3366 1116 3421 qua:
1144 3348 1395 3403 dicuntur
1436 3365 1540 3403 non
1591 3364 1712 3404 esse
1746 3350 1963 3405 humani
2008 3348 2191 3414 studii,

603 3443 697 3498 sed
725 3442 926 3497 divina:
958 3440 1339 3511 inSpiratiouis,
1370 3454 1489 3511 qua:
1517 3456 1639 3496 eum
1673 3442 1944 3508 incitabat,
1981 3451 2194 3497 eructa-

601 3536 799 3588 tionem
832 3535 1166 3609 proiiltetiam
1195 3533 1498 3601 appellavit.
1543 3532 2002 3600 Quemadmodum
2049 3534 2193 3588 enim

605 3630 658 3682 in
703 3629 1036 3683 crnetatione
1082 3626 1132 3681 id
1160 3626 1301 3697 quod
1343 3627 1418 3693 ﬁt,
1466 3625 1639 3681 oritur
1675 3640 1739 3680 ex
1769 3625 2020 3696 qualitate
2045 3626 2194 3682 cibo-

599 3737 716 3774 rum
744 3738 755 3773 :
789 3719 858 3773 ita
887 3720 1047 3774 etiam
1076 3718 1127 3772 in
1150 3717 1392 3772 doctrina
1426 3716 1709 3787 spirituali.
1738 3715 1885 3771 Talia
1916 3732 2043 3786 ergo
2071 3732 2194 3771 eru-

596 3813 800 3877 ctahat,
838 3811 1012 3880 qualia
1043 3809 1378 3865 comedebat.
1414 3809 1546 3864 Vide
1589 3817 1768 3864 autem
1805 3808 1930 3863 alibi
1981 3824 2196 3879 quoque

600 3904 762 3957 alium
784 3902 1094 3971 prophetam
1128 3902 1264 3955 hanc
1291 3902 1658 3971 operationem
1686 3899 2035 3955 similitudine
2060 3916 2195 3967 sen-

601 3996 742 4049 sibili
786 3995 1196 4063 exprimentem,
1239 4003 1293 4047 et
1341 3992 1586 4048 volumen
1632 3991 1750 4046 libri
1800 3992 2190 4057 comedentem,

598 4087 760 4157 idque
800 4102 920 4141 cum
947 4088 1236 4156 voluptate.
1290 4085 1410 4140 Fuit
1443 4089 1607 4151 enim,
1648 4087 1837 4155 inquit,
1867 4086 1919 4139 in
1963 4101 2048 4139 ore
2085 4102 2195 4140 meo

601 4189 858 4248 tamquam
886 4179 982 4232 mel
1009 4178 1156 4233 dulce
1181 4177 1393 4251 (Ezcclt.
1424 4179 1476 4232 5.
1508 4179 1580 4247 5),
1619 4178 1753 4245 Quia
1781 4193 1907 4248 ergo
1935 4178 2196 4247 Spiritua—

602 4271 705 4325 lem
736 4272 960 4342 gratiam
992 4276 1337 4340 acceperunt,
1389 4271 1468 4323 eis
1507 4284 1720 4340 quoque
1766 4270 1955 4323 similia
1988 4280 2198 4324 eructa—

600 4372 743 4416 wnt.
780 4360 936 4429 Quod
979 4362 1121 4417 enim
1163 4376 1263 4416 nec
1309 4360 1378 4415 de
1415 4358 1518 4414 hac
1566 4360 1898 4415 eructationc
1932 4361 2193 4427 sensibili,

601 4470 699 4508 nec
726 4454 794 4509 de
831 4454 964 4508 cibis
1006 4463 1211 4523 agatur,
1244 4452 1369 4508 audi
1419 4451 1674 4523 quidnam
1713 4460 1939 4517 eructet,
1979 4461 2034 4507 et
2076 4453 2197 4522 quis

600 4548 689 4602 ille
735 4548 804 4601 sit
833 4548 921 4617 qui
944 4557 1181 4603 eructat.
1202 4546 1316 4601 Non
1345 4545 1672 4611 stomachus,
1705 4545 1794 4616 qui
1841 4554 1925 4601 est
1948 4544 2192 4600 ciborum

594 4641 1012 4709 receptaculum,
1063 4640 1158 4697 sed
1204 4656 1318 4694 cor.
1370 4639 1634 4693 Eructarit
1682 4638 1849 4698 enim.
1883 4637 2074 4708 inquit,
2107 4653 2195 4690 cor

597 4750 783 4789 meum.
818 4733 882 4787 Et
905 4732 1032 4802 quid
1061 4732 1312 4788 eructat?
1353 4731 1469 4786 Non
1501 4731 1700 4795 cibum,
1731 4746 1830 4785 nec
1863 4740 2069 4799 potum,
2100 4728 2194 4783 sed

601 4843 721 4897 qua:
749 4834 873 4879 sunt
900 4839 1099 4880 mensae
1129 4834 1449 4894 opportuna,
1479 4821 1681 4876 Bonum
1726 4823 1949 4884 uerbum,
2002 4835 2194 4890 nempe

599 4918 666 4973 de
697 4914 980 4987 Unigenito
1006 4933 1020 4969 :
1044 4915 1090 4970 is
1113 4924 1196 4970 est
1223 4914 1365 4969 enim
1390 4915 1621 4970 maxime
1642 4914 1832 4970 bonus.
1875 4911 2000 4968 Veni
2024 4912 2190 4979 enim,

598 5009 791 5081 inquit,
823 5024 923 5063 non
951 5018 1005 5061 ut
1022 5006 1251 5079 judicent
1281 5005 1548 5072 mundum,
1591 5004 1681 5059 sed
1710 5013 1763 5058 ut
1808 5003 2055 5058 mundum
2085 5003 2194 5056 sal-

594 5122 712 5161 uum
739 5101 1131 5175 faciamdlaau.
1154 5101 1241 5156 12.
1264 5100 1378 5172 47).
1404 5099 1591 5154 Omnia
1616 5098 1764 5152 mitia
1795 5112 1858 5152 ac
1889 5104 2190 5160 mansueta,

594 5198 775 5252 omnia
802 5194 1065 5268 supplicio
1087 5193 1276 5249 libera.
1312 5189 1905 5254 Eruetatautemtalia,
1936 5190 2189 5259 quoniam

595 5308 691 5347 cor
719 5305 875 5345 suum
920 5286 1256 5359 expurgavit.
1293 5284 1753 5355 Quemadmodum
1804 5285 1944 5338 enim
1979 5290 2203 5361 venter,‘

595 5381 811 5455 quando
852 5381 1084 5437 sordidis
1116 5380 1298 5436 succis
1326 5377 1487 5434 fuerit
1518 5376 1726 5447 plenus,
1751 5376 1836 5429 eis
1877 5380 2104 5445 cognata
2137 5382 2192 5426 et

597 5476 895 5531 consimilia
922 5483 1152 5539 eructat,
1181 5473 1274 5527 sed
1315 5469 1530 5542 quando
1570 5466 1939 5529 sanusi‘uerit,
1975 5466 2022 5520 ei
2057 5478 2191 5533 quo-

598 5584 700 5637 que
739 5567 1145 5623 convenientem
1182 5565 1291 5619 edit
1317 5562 1704 5619 eructatiouem
1745 5577 1757 5612 :
1788 5559 1860 5614 ita
1904 5557 2064 5612 etiam
2097 5569 2191 5609 cor

603 5660 874 5726 propheta:
931 5666 1208 5728 postquam
1243 5655 1340 5710 l'nit
1365 5670 1393 5708 a
1437 5653 1670 5725 peccatis
1709 5650 1956 5714 liberant,
1987 5646 2190 5714 accepit

600 5751 820 5817 gratiam
837 5749 1089 5817 Spiritus,
1108 5757 1162 5802 et
1177 5756 1381 5803 eructat
1396 5745 1617 5801 verbum
1637 5743 1855 5799 bonum.
1878 5741 2012 5795 llinc
2028 5738 2188 5792 etiam

602 5838 795 5907 aliquid
835 5839 980 5896 aliud
1012 5838 1285 5907 discimus,
1319 5852 1506 5910 nempe
1537 5834 1821 5908 prophetas
1867 5848 1971 5889 nou
2016 5829 2179 5889 fuisse

1308 348 1363 405 S.
1406 345 1683 403 JOANXIS
1718 341 2195 398 CIIRYSOSTOXII
2242 340 2561 396 AliClilEP.
2605 339 3153 397 CONSTANTINOP.
3766 350 3848 403 ιιςι

2292 454 2429 509 sicut
2446 465 2611 512 vates.
2634 455 2741 512 Illic
2757 457 2899 512 enim
2917 457 3128 528 quando
3145 457 3351 511 themati
3366 459 3591 513 animant
3609 461 3847 532 invaserit,

2293 547 2447 602 orbat
2476 558 2708 604 mentem
2730 564 2791 605 ac
2815 534 3212 620 cogitationem,
3236 561 3287 604 el
3316 555 3571 607 rationem
3611 556 3847 619 obscurat.

2293 650 2346 694 et
2370 641 2438 696 ita
2461 643 2637 697 omnia
2662 643 2736 698 illi
2757 659 2852 699 ore
2874 658 2972 699 suo
3002 645 3308 715 lopzuatur,
3340 656 3515 702 mente
3538 648 3662 705 nihil
3684 644 3849 706 intellié

2292 745 2449 806 gente
2465 751 2649 792 eorum
2667 754 2785 808 quae
2802 737 3111 808 loquuntur,
3137 754 3238 792 non
3256 755 3408 794 secus
3427 756 3492 796 ac
3507 741 3551 795 si
3570 742 3687 796 tibia
3703 745 3851 816 aliqua

2296 830 2578 885 inanimato
2604 831 2867 901 loquatur.
2891 832 3003 886 Hoc
3037 834 3194 888 etiam
3221 833 3350 888 dixit
3370 834 3561 905 aliquis
3586 851 3757 891 eorum
3782 843 3852 909 qui

2294 931 2417 975 sunt
2432 921 2567 991 apud
2586 922 2729 992 ipsos
2743 923 3175 993 philosophorum
3196 924 3297 993 (α),
3318 926 3397 981 his
3411 928 3613 982 verbis:
3632 929 3857 995 Quemad-

2295 1014 2498 1068 modum
2518 1015 2556 1066 ii
2579 1015 2665 1084 qui
2686 1032 2926 1087 responsa
2956 1026 3145 1070 canunt
3167 1027 3213 1071 et
3245 1027 3378 1073 vates
3400 1020 3562 1074 multa
3584 1021 3770 1088 quith
3787 1026 3855 1076 di.

2294 1118 2430 1171 cum,
2450 1124 2618 1161 corum
2634 1118 2797 1161 autent
2814 1124 2928 1174 qum
2944 1109 3137 1176 dicunt,
3156 1110 3284 1164 nihil
3300 1112 3477 1166 .~:ciunt.
3498 1113 3599 1167 Sed
3615 1129 3711 1168 non
3728 1114 3788 1169 ita
3803 1116 3856 1170 fa-

2292 1199 2361 1252 cit
2395 1210 2613 1254 sanctus
2650 1200 2900 1269 Spiritus,
2949 1200 3043 1256 sed
3084 1203 3339 1269 permittit
3370 1188 3437 1257 ὐι
3479 1218 3572 1258 cor
3600 1217 3854 1275 cognoscat

2293 1306 2411 1359 quze
2452 1290 2719 1345 dicuntur.
2766 1291 2819 1346 Si
2866 1293 3010 1346 enim
3057 1308 3162 1346 non
3208 1305 3577 1363 cognosceret,
3618 1299 3853 1367 quomodo

2294 1382 2515 1446 diceret,
2556 1382 2772 1438 Verbum
2807 1384 3035 1440 bomnn?
3071 1386 3287 1441 Harmon
3316 1387 3480 1451 enim,
3513 1398 3689 1458 utpote
3714 1390 3855 1446 hostis

2297 1487 2351 1529 et
2385 1476 2654 1542 inimicus,
2683 1492 2805 1532 cum
2836 1476 3112 1532 hominum
3134 1489 3323 1534 natura
3347 1478 3547 1535 bellum
3569 1462 3701 1550 gerit
3721 1498 3733 1534 :
3757 1482 3856 1552 Spi-

2292 1571 2428 1623 ritus
2461 1579 2638 1623 autem
2683 1578 2921 1636 sanctus,
2965 1578 3021 1623 ut
3065 1569 3156 1639 qui
3202 1571 3368 1627 nostri
3404 1586 3586 1625 curam
3627 1584 3779 1642 gerat,
3813 1584 3854 1627 et

2295 1659 2558 1715 beneﬁcio
2599 1661 2815 1728 aiﬁciat,
2845 1661 2895 1715 id
2923 1663 3028 1730 agit
3060 1663 3229 1732 utqui
3269 1679 3392 1718 cum
3432 1664 3737 1732 suscipiunt,
3764 1667 3852 1718 sint

2295 1767 2483 1807 sensus
2515 1755 2820 1823 participes,
2853 1762 2908 1809 et
2939 1755 3039 1810 illis
3066 1755 3507 1825 intclligentibus,
3542 1757 3731 1812 revelat
3757 1777 3853 1828 qua:

2294 1845 2559 1900 dicuntur.
2597 1845 2723 1900 Dico
2751 1864 2841 1917 ego
2873 1863 3027 1917 opera
3054 1864 3163 1901 mea
3207 1849 3333 1919 regi.
3362 1849 3535 1915 Alius,
3563 1847 3716 1903 Facta
3745 1866 3853 1903 mea.

2294 1935 2553 2004 Qttaznam
2602 1936 2729 1992 dicit
2770 1938 2973 2008 opera?
3018 1938 3381 2009 Prophetiam.
3425 1940 3851 2009 Quemadmodum

2294 2029 2435 2083 enim
2471 2027 2605 2084 fabri
2629 2030 2801 2084 aerarii
2833 2045 2968 2100 Opus
2993 2042 3076 2087 est
3109 2031 3284 2088 facere
3308 2032 3610 2096 dolabram,
3634 2045 3686 2089 et
3708 2036 3853 2088 archi-

2296 2119 2420 2174 tecti
2465 2118 2684 2174 domum
2734 2119 2928 2189 facere,
2983 2135 3038 2177 et
3077 2123 3289 2178 navium
3326 2124 3656 2179 fabricatoris
3693 2141 3852 2180 navem

2294 2211 2637 2282 compingare
2669 2229 2682 2265 :
2717 2212 2786 2266 ita
2828 2221 2912 2268 est
2940 2213 3101 2268 etiam
3133 2215 3406 2285 prophetm
3437 2225 3617 2271 texere
3655 2216 3853 2285 prapbe-

2296 2303 2442 2357 tiam.
2473 2303 2624 2371 Quod
2654 2305 2797 2359 enim
2823 2303 2925 2359 hoc
2950 2321 3162 2376 quoque
3187 2307 3257 2361 sit
3278 2321 3438 2376 opus,
3468 2307 3590 2362 audi
3618 2308 3851 2362 Christum

2294 2396 2563 2452 dicentem
2603 2397 2671 2453 de
2699 2399 2975 2469 apostolis,
3021 2397 3223 2472 Dignus
3250 2411 3324 2455 est
3359 2402 3623 2471 operarius
3663 2403 3852 2456 mercede

2296 2504 2390 2542 sua
2426 2486 2575 2559 (Luc.
2610 2488 2803 2561 10.7).
2840 2489 2905 2544 Et
2932 2490 3126 2546 Paulus
3154 2507 3168 2544 :
3203 2490 3434 2547 Maxime
3462 2496 3551 2562 qui
3579 2493 3787 2548 laborant
3810 2494 3853 2546 in

2296 2578 2444 2631 verba
2464 2588 2511 2632 et
2529 2578 2757 2633 doctrina
2777 2579 2854 2650 (1.
2878 2578 3008 2634 Tim.
3030 2580 3081 2635 5.
3104 2578 3213 2653 i7).
3233 2580 3287 2637 Si
3307 2581 3453 2637 enim
3473 2599 3575 2637 non
3598 2593 3703 2638 erat
3724 2598 3851 2653 opus,

2295 2669 2566 2741 quomodo
2595 2670 2777 2726 habuit
2817 2670 3088 2728 laborem?
3118 2672 3257 2739 Quid
3300 2683 3385 2728 cst
3413 2676 3554 2728 enini
3591 2674 3687 2729 hoc
3719 2689 3854 2744 apere

2298 2761 2677 2832 praestantius?
2704 2762 2831 2834 quid
2869 2778 2995 2819 vero
3019 2763 3244 2855 utilius?
3264 2763 3528 2820 Omnibus
3561 2767 3749 2820 artibus
3771 2779 3857 2817 su-

2298 2853 2513 2910 blimius
2542 2866 2642 2911 est.
2675 2855 2954 2925 Quodnam
3001 2865 3082 2912 est
3112 2853 3239 2928 ergo
3281 2857 3384 2914 hoc
3411 2874 3572 2929 opus,
3601 2858 3730 2928 quod
3762 2857 3852 2926 regi

2299 2944 2466 3001 dicit?
2504 2946 2602 3002 Hic
2628 2947 2883 3019 hymnus,
2925 2948 3041 3003 huc
3070 2948 3369 3019 pr0phetia.
3400 2948 3525 3004 Non
3554 2949 3681 3004 dixit
3710 2957 3853 3002 autem

2299 3038 2509 3094 cuinam
2548 3040 2687 3110 regi,
2719 3040 3024 3111 signiﬁcans
3057 3055 3117 3095 se
3145 3041 3324 3096 dicere
3355 3042 3471 3097 Deo
3510 3042 3854 3096 universorum.

2299 3129 2758 3199 Quemadmodum
2805 3134 2950 3188 enim
2976 3132 3192 3204 quando
3216 3133 3452 3188 dicimus
3491 3148 3666 3204 regem
3692 3132 3850 3186 Persa-
3928 3190 3931 3191 ν

2301 3240 2441 3290 rum,
2469 3239 2575 3280 non
2600 3224 2917 3295 simpliciter
2944 3234 3000 3281 et
3024 3225 3268 3281 absolute
3311 3242 3496 3295 regem
3525 3226 3752 3289 dicimus,
3778 3221 3853 3277 sed

2299 3316 2579 3387 adjicimus
2606 3318 2908 3384 Persarum,
2942 3319 3010 3373 ita
3037 3319 3195 3373 etiam
3245 3320 3655 3385 Armeniorum;
3682 3318 3855 3388 quando

2302 3422 2480 3466 autem
2512 3420 2756 3465 nostrum
2784 3409 3034 3477 dicimus,
3084 3426 3187 3465 non
3221 3409 3490 3467 habemus
3534 3425 3662 3481 Opus
3688 3409 3855 3464 addita-

2302 3511 2506 3567 mento,
2548 3501 2643 3557 sed
2692 3500 2888 3557 sufﬁcit
2934 3502 3089 3555 nobis
3138 3516 3317 3572 regem
3362 3501 3590 3556 dicere:
3619 3501 3683 3573 ita
3725 3502 3854 3553 etiam

2304 3593 2580 3665 prOpheta,
2617 3594 2869 3665 quoniam
2906 3594 3140 3665 loquitur
3183 3594 3252 3649 de
3292 3609 3357 3649 eo
3385 3594 3481 3664 qui
3512 3609 3631 3650 vere
3663 3607 3745 3647 rex
3775 3598 3854 3654 est,

2302 3686 2433 3742 satis
2477 3686 2636 3742 habet
2665 3687 2709 3742 si
2751 3687 2915 3752 dicat,
2950 3686 3098 3758 Regi.
3150 3687 3301 3742 Sicut
3335 3688 3482 3741 enim
3525 3702 3640 3742 cum
3666 3685 3855 3740 dicimus

2302 3782 2746 3850 omnipotentem,
2778 3780 2918 3835 nulla
2945 3796 3078 3852 opus
3119 3780 3378 3835 habemus
3409 3781 3721 3851 adjectione,
3748 3791 3853 3847 quo-

2304 3874 2443 3928 niam
2473 3889 2579 3927 non
2606 3883 2685 3928 est
2712 3874 2846 3928 alius
2868 3873 3250 3942 omnipotens:
3287 3872 3357 3926 ita
3381 3872 3543 3926 etiam
3569 3887 3683 3927 cum
3707 3881 3851 3938 regem

2303 3964 2550 4030 dicimus,
2597 3981 2702 4019 non
2753 3963 3014 4020 habemus
3057 3978 3192 4033 opus
3235 3963 3335 4017 alia
3381 3964 3697 4033 adiectione,
3741 3956 3852 4029 quod

2302 4072 2410 4111 non
2431 4057 2502 4112 sit
2524 4056 2659 4111 alius
2681 4071 2772 4111 rex
2808 4056 2965 4112 Deus.
2998 4055 3245 4124 Alioquin
3266 4063 3446 4109 autem
3479 4055 3525 4109 is
3552 4055 3639 4124 qui
3669 4053 3713 4106 id
3741 4051 3853 4105 dicc-

2302 4145 2395 4201 hat
2432 4162 2524 4201 rex
2553 4156 2689 4200 erat.
2720 4145 2872 4201 Unde
2917 4145 3120 4200 clarum
3163 4153 3245 4199 est
3275 4159 3399 4199 eum
3445 4160 3551 4199 non
3586 4143 3651 4198 de
3676 4139 3853 4195 homine

2301 4238 2503 4302 dicere,
2553 4236 2649 4293 sed
2675 4236 2742 4292 de
2774 4237 2882 4292 Deo
2925 4237 3330 4302 universorum;
3384 4246 3442 4290 et
3482 4235 3602 4290 ideo
3630 4249 3726 4287 non
3753 4230 3853 4285 dixit

2301 4337 2518 4402 βασιλεῖ,
2540 4328 2634 4385 sed
2661 4339 2729 4401 τῷ
2747 4337 2965 4401 βασιλῆ,
2996 4325 3296 4397 adiectione
3335 4326 3551 4382 articuli
3572 4324 3852 4397 peculiarem

2301 4424 2719 4480 dominationem
2744 4421 3054 4478 ostendens.

2371 4519 2427 4572 2.
2470 4515 2669 4572 Deinde
2689 4530 2874 4571 rursus
2893 4513 3173 4570 declarans
3201 4528 3323 4584 quae
3343 4511 3611 4577 dicuntur,
3641 4524 3735 4565 non
3754 4518 3851 4561 esse

2226 4630 2231 4639 ο
2302 4611 2369 4665 ab
2400 4610 2616 4666 homine
2641 4607 2960 4679 excogitata,
2994 4607 3244 4662 meditata
3275 4617 3329 4662 et
3353 4608 3678 4678 composita,
3707 4599 3788 4656 sed
3807 4611 3854 4651 ea

2301 4720 2420 4762 esse
2446 4704 2638 4759 divinm
2665 4702 2870 4775 gratim,
2898 4711 2948 4756 et
2971 4714 3031 4757 se
3051 4709 3256 4755 tantum
3281 4699 3515 4770 linguam
3546 4697 3625 4752 eis
3651 4702 3854 4748 commo-

2299 4798 2478 4865 dasse,
2509 4795 2785 4864 subiunxit
2814 4812 2827 4849 :
2850 4792 3051 4881 Lingua
3072 4808 3185 4846 mea
3207 4792 3435 4845 calcatus
3458 4788 3636 4844 scribat
3660 4781 3858 4839 velociter

2299 4889 2580 4945 scribentis.
2614 4886 2862 4942 Calamus
2883 4879 3061 4939 autem
3086 4898 3147 4938 ea
3166 4882 3371 4947 scribit,
3401 4896 3521 4951 quae
3543 4879 3686 4949 jubet
3701 4883 3855 4931 manus

2297 4984 2415 5054 ejus
2440 4980 2530 5051 qui
2561 4995 2683 5035 eum
2713 4986 2879 5033 tenet.
2910 4976 3063 5031 Alius
3092 4982 3270 5028 autem
3299 4972 3450 5036 dicit,
3482 4971 3678 5041 Lingua
3702 4971 3854 5054 monui

2297 5051 2459 5145 stylus
2481 5071 2657 5127 scribae
2685 5070 2879 5125 celeris.
2913 5066 3047 5136 Quid
3090 5065 3189 5121 sibi
3222 5065 3334 5118 vult
3374 5062 3503 5119 illud
3522 5104 3539 5130 ,
3570 5056 3781 5116 Celeris?
3801 5051 3855 5108 Ut

2297 5183 2364 5223 ex
2394 5182 2459 5222 eo
2485 5180 2699 5236 quoque
2738 5161 2988 5218 ostendat
3016 5159 3262 5229 gratiam.
3308 5156 3407 5223 Qui
3435 5155 3577 5211 enim
3601 5147 3781 5222 aliquid
3801 5160 3853 5199 ex

2297 5277 2356 5316 se
2385 5260 2647 5330 prolatum
2678 5257 2930 5326 loquitur,
2959 5252 3136 5309 differt
3160 5261 3213 5308 et
3242 5260 3557 5314 cunctatur,
3589 5243 3850 5330 meditans,

2297 5329 2626 5423 componens
2647 5391 2661 5416 ,
2708 5347 2993 5418 impeditus
3025 5345 3356 5417 ignoratione
3376 5385 3391 5408 ,
3423 5338 3631 5396 inscitia
3661 5342 3711 5391 et
3744 5329 3852 5385 dila-

2297 5447 2442 5501 tione
2466 5462 2481 5511 ;
2509 5453 2564 5499 et
2590 5444 2751 5498 multa
2779 5447 2905 5495 sunt
2933 5454 3049 5508 qua:
3076 5436 3411 5492 velocitatem
3439 5427 3693 5487 sermonis
3710 5424 3850 5518 inter:

2298 5505 2511 5594 turbant
2538 5555 2550 5590 :
2580 5534 2792 5608 quando
2817 5505 2995 5587 autem
3020 5541 3252 5585 mentem
3277 5538 3456 5581 movet
3477 5522 3719 5593 Spiritus,
3742 5505 3851 5567 uillil

2297 5644 2379 5689 est
2402 5631 2544 5702 quod
2589 5624 3005 5699 impediat;sed
3048 5626 3186 5678 sicut
3244 5635 3398 5691 aqua:
3451 5617 3708 5687 impetus.
3749 5615 3847 5660 cum

2296 5767 2436 5882 99011))
2466 5765 2595 5817 Plato
2634 5765 2683 5815 in
2707 5761 2915 5827 Apolog.
2941 5756 3147 5809 Socratis
3183 5769 3230 5819 p.
3274 5753 3358 5815 υ,
3376 5760 3426 5816 C,
3454 5753 3507 5802 et
3536 5750 3586 5800 in
3604 5748 3788 5797 lenone
3807 5748 3846 5797 P-

2363 5864 2453 5893 ’uo
