4030 6430
225 332 294 395 ὶῧ
1327 345 1695 406 EXPOSITIO
1731 344 1797 401 IN
1841 345 2170 407 PSALML'M
2218 352 2399 411 XLI‘V.

238 458 599 549 Ἐξξιιρεςιξᾷτο
626 465 670 532 ἡ
702 466 931 549 καρδία
948 464 1278 549 pay-.1670}:
1307 464 1802 549 madngnm,

290 532 713 600 Ἐξείρπυσεγ.
762 532 986 602 ΙἌλλος,
1041 532 1314 605 Ἐκικήθη
1356 532 1393 603 ἢ
1440 534 1651 605 καρδία
1686 553 1807 606 μου

290 604 423 676 λόγῳ
448 603 687 675 ἀγαθῷ.

303 750 708 824 α’.Ἔϐουλόμην
725 755 985 826 παρεῖναι
1000 754 1114 809 νυνὶ
1136 752 1418 816 Ἰουδαίους
1445 751 1690 814 ἅπαντας
1713 751 1804 806 καὶ⁴

250 841 509 914 Ἕλληνας,
527 843 700 896 καὶτὸ
722 842 927 914 βιϐλίον
956 843 1110 898 τοῦτο
1128 843 1279 914 παρὰ
1308 842 1577 897 Ἰουδαίων
1602 841 1805 910 λαϐὼν,

246 930 394 995 οὕτως
420 930 735 1000 ἀναγνῶναι
772 931 865 985 τὸν
898 930 1130 1002 ψαλμόν.
1162 932 1308 985 Ίστε
1344 929 1454 1002 γὰρ
1481 930 1653 1001 δήπου
1682 929 1808 983 τοῦ-

241 1034 309 1080 το,
336 1018 419 1071 δτι
459 1017 559 1071 καὶ
593 1020 651 1071 ὲν
696 1019 812 1083 τοῖς
838 1016 1206 1088 δικαστηρίοις
1240 1018 1334 1072 καὶ
1376 1015 1653 1087 πανταχοῦ
1687 1017 1808 1069 τότε

244 1106 464 1176 μάλιστα
499 1104 809 1170 ἀνύποπτος
839 1107 872 1178 η
902 1105 1174 1177 μαρτυρία
1201 1104 1311 1157 τῶν
1336 1104 1679 1176 πραγμάτων
1720 1103 1808 1172 γί-

244 1210 397 1257 νεται,
422 1192 557 1247 ὅταν
587 1193 738 1265 παρά
762 1193 869 1246 τῶν
898 1192 1108 1263 ἐχθρῶν
1138 1190 1278 1262 αῦτη
1309 1191 1560 1263 φέρηται.
1592 1192 1688 1245 Ἵν’
1716 1187 1808 1244 οὖν

240 1289 323 1345 καὶ
355 1284 601 1354 σήμερον
643 1283 797 1337 τοῦτο
830 1282 1089 1353 συμϐαίη,
1123 1282 1231 1336 ἀπὸ
1260 1284 1360 1354 τῆς
1400 1282 1640 1344 Παλαιᾶς
1671 1297 1808 1350 παρ-

231 1370 467 1440 εχόμεθα
495 1370 598 1441 τὴν
625 1370 945 1443 μαρτυρίαν,
981 1371 1068 1424 ἴνα
1092 1370 1185 1423 καὶ
1217 1369 1458 1423 Ἰουδαῖοι
1490 1368 1584 1421 καὶ
1610 1367 1808 1439 Ἔλλη-

231 1472 312 1519 νες
344 1456 840 1527 καταισχύνωνται·
889 1456 1129 1510 Ἰουδαῖοι
1171 1456 1290 1527 μὲν,
1318 1455 1804 1525 ἀναγινώσκοντες,

231 1547 319 1597 καὶ
358 1547 427 1597 οὐ
450 1544 830 1612 γινώσκοντες·
865 1545 1123 1617 Ἕλληνες
1145 1545 1224 1609 δὲ,
1257 1547 1490 1610 ὁρῶντες
1523 1545 1671 1617 παρά
1700 1544 1807 1601 τῶν

227 1630 446 1701 ἐχθρῶν
475 1631 547 1685 τὰ
581 1630 759 1702 βιϐλία
784 1634 912 1703 ἡμῖν
937 1635 1230 1705 φερόμενα.
1268 1635 1343 1687 Οὐ
1371 1633 1478 1703 γὰρ
1504 1633 1675 1704 δήπου
1707 1650 1808 1686 πε-

225 1719 475 1773 πλάσθαι
525 1721 656 1791 παρ’
705 1721 862 1793 ἡμῶν
911 1721 1052 1775 αὐτά
1101 1722 1416 1793 δυνήσονται
1461 1721 1660 1789 λέγειν’
1709 1710 1827 1794 agi

221 1808 413 1879 ἡμῶν,
433 1806 574 1863 ἀλλά
598 1809 705 1862 τῶν
725 1810 815 1863 τὸν
836 1809 1068 1881 Χριστὸν
1089 1809 1514 1881 σταυρωσάντων
1533 1810 1600 1863 τά
1628 1808 1806 1879 βιϐλία
1847 1878 1856 1887 ι

219 1899 629 1969 παρεχομένων
655 1900 787 1969 ἡμῖν
817 1898 887 1952 τά
910 1900 1038 1971 περὶ
1063 1899 1163 1970 τῆς
1187 1898 1352 1953 αὑτοῦ
1382 1899 1664 1969 δυνάμεως
1694 1899 1809 1951 δια-

221 1986 525 2058 λεγόμενα.
568 1985 705 2039 Ἀλλ’
731 1985 842 2041 εἴτε
873 1988 1142 2058 πάρεισιν,
1175 1986 1285 2040 εἴτε
1330 1988 1403 2059 μὴ
1444 1988 1694 2059 πάρεισιν
1719 1979 1809 2040 οῦ-

221 2090 329 2137 τοι,
350 2076 519 2144 ἡμεῖς
547 2073 607 2130 τὸ
634 2074 898 2145 ἡμέτερον
928 2075 1259 2145 ποιήσωμεν,
1284 2076 1377 2128 καὶ
1396 2074 1497 2143 τῆς
1518 2075 1809 2147 ἑρμηνείας

220 2163 521 2234 ἁψώμεθα.
542 2161 633 2227 Εἰς
657 2162 765 2233 γὰρ
790 2163 881 2216 τὸν
908 2163 1138 2234 Χριστὸν
1161 2166 1188 2218 6
1212 2163 1426 2235 ψαλμὸς
1441 2158 1594 2228 οὗτος
1611 2164 1810 2234 ἀναγέ-

219 2267 497 2322 γραπται·
516 2249 596 2303 διὸ
613 2252 723 2316 καὶ,
744 2253 848 2316 Είς
864 2250 971 2304 τὸν
987 2251 1318 2318 ἀγαπητὸν,
1346 2251 1460 2314 καὶ,
1488 2252 1501 2271 '
1518 2251 1670 2320 Υπὲρ
1691 2253 1811 2307 τῶν

222 2334 830 2407 ἀλλοιωθησομένων,
848 2334 947 2405 τὴν
975 2335 1299 2406 προγραφὴν
1317 2335 1453 2407 ἔχει.
1492 2335 1806 2390 Ἀλλοίωσιν

218 2426 333 2495 γὰρ
370 2423 622 2496 μεγάλην
649 2426 778 2496 ἡμῖν
812 2418 967 2487 οὗτος
995 2426 1308 2495 εἰργάσατο,
1340 2426 1436 2479 καὶ
1468 2426 1810 2497 πραγμάτων

224 2511 539 2583 μεταϐολὴν
585 2513 680 2567 καὶ
735 2513 1082 2583 μετάστασιν.
1137 2512 1353 2583 Ταύτην
1390 2513 1490 2583 τὴν
1528 2512 1811 2566 ἀλλοίωσιν

220 2601 403 2671 δηλῶν
432 2603 531 2655 καὶ
556 2601 585 2654 6
613 2599 821 2665 Παῦλος
843 2601 1043 2669 ἔλεγεν·
1080 2601 1262 2657 Ὥστε
1284 2602 1340 2655 ετ
1360 2618 1449 2668 τις
1479 2601 1549 2656 ἐν
1579 2600 1812 2671 Χριστῷ

225 2690 409 2757 καινὴ
448 2690 668 2755 κτίσις.
702 2689 794 2742 Διὸ
845 2688 939 2741 καὶ
971 2689 1268 2760 ἀρχόμενος
1298 2690 1394 2760 οὐχ
1443 2689 1586 2743 οὕτω
1624 2690 1807 2761 φησίν·

230 2774 396 2831 ὴῖπεν
431 2779 469 2847 ή
508 2775 706 2849 καρδία
737 2793 859 2847 μου.
895 2775 1114 2848 Ἐπειδὴ
1141 2775 1250 2849 γάρ
1282 2778 1433 2831 οὐδὲν
1472 2775 1810 2848 ἀνθρώπινον

226 2860 291 2934 ἦν
325 2864 441 2917 τῶν
469 2863 802 2935 λεγομένων,
830 2863 943 2917 ἀλλ’
972 2864 1197 2935 οὐράνια
1228 2864 1323 2918 καὶ
1356 2864 1700 2935 πνευματικά
1728 2863 1809 2917 δι-

227 2952 481 3022 ηγεῖσθαι
516 2950 734 3021 ἔμελλε,
778 2952 870 3005 καὶ
899 2951 999 3004 οὐκ
1032 2950 1091 3015 ἐξ
1132 2950 1337 3015 οἰκείας
1378 2953 1666 3024 εὑρέσεως,
1696 2952 1812 3007 ἀλλ’

227 3042 290 3094 ὲκ
336 3040 491 3103 θείας
543 3038 844 3111 ἐνεργείας,
892 3038 970 3110 τῷ
1014 3038 1237 3108 ὀνόματι
1265 3040 1366 3110 τῆς
1402 3039 1623 3111 ἐρυγῆς
1654 3040 1812 3095 τοῦτο

228 3128 580 3199 παρίστησιν.
632 3127 1000 3199 Ἐρευγὸμεθα
1052 3129 1159 3198 γὰρ
1214 3128 1312 3198 οὐχ
1353 3128 1442 3181 ὅτε
1485 3128 1809 3199 βουλόμεθα·

229 3218 323 3271 τὸν
358 3217 454 3287 μὲν
485 3216 595 3290 γὰρ
627 3215 786 3285 λόγον
827 3214 1018 3271 τοῦτον
1051 3215 1401 3287 φθεγγόμεθα
1433 3217 1521 3270 ὅτε
1564 3216 1823 3290 θέλομεν,

234 3306 333 3358 καὶ
382 3304 630 3374 λέγομεν,
686 3304 782 3360 καὶ
836 3303 1159 3375 κατείχομεν·
1208 3305 1306 3374 τὴν
1366 3303 1424 3358 δὲ
1474 3304 1676 3377 ὲρυγην
1715 3306 1813 3377 οὐχ

230 3392 449 3461 ὁμοίως.
487 3394 713 3456 Δεικνὺς
741 3390 919 3444 τοίνυν
947 3391 1028 3444 ὃτι
1056 3391 1155 3445 ούκ
1187 3390 1536 3463 ἀνθρωπίνης
1574 3394 1815 3464 σπουδῆς

226 3485 343 3535 ἐστι
374 3482 443 3535 τὰ
468 3480 760 3552 λεγόμενα,
784 3480 925 3535 ἀλλὰ
944 3480 1095 3545 θείας
1123 3482 1406 3545 ἐπιπνοίας
1434 3483 1533 3552 τῆς
1560 3485 1814 3555 κινούσης

225 3572 414 3635 αὐτὸν,
436 3571 640 3642 ὲρυγὴν
668 3571 767 3642 τὴν
796 3571 1131 3640 προφητείαν
1164 3570 1444 3624 ἐκάλεσεν.
1475 3572 1686 3642 ’Ὠσπερ
1706 3572 1814 3645 γὰρ

226 3661 319 3713 ἐπὶ
354 3659 455 3729 τῆς
474 3659 701 3729 ὲρυγῆς,
730 3658 828 3729 τῆς
853 3658 960 3711 τῶν
985 3658 1168 3712 σιτίων
1195 3658 1478 3729 ποιότητός
1504 3661 1620 3713 ἐστι
1649 3659 1710 3713 τὸ
1739 3677 1818 3729 γι-

223 3751 472 3820 νόμενον,
500 3747 646 3802 οῦτω
669 3748 764 3802 καὶ
793 3748 885 3801 ἐπὶ
916 3750 1013 3819 τῆς
1040 3748 1417 3819 πνευματικῆς
1438 3748 1811 3814 διδασκαλίας.

224 3836 469 3889 Τοιαῦτα
508 3835 689 3888 τοίνυν
738 3835 1023 3907 ⁴Ιιρειξγετο,
1048 3830 1135 3889 οἶα
1165 3837 1260 3889 καὶ
1299 3838 1548 3890 ἐσιτεῖτο.
1581 3838 1721 3908 Ὅρα
1758 3838 1815 3891 δὲ

222 3925 316 3977 καὶ
345 3922 589 3993 ἀλλαχοῦ
624 3920 811 3994 ἓτερον
840 3924 1123 3994 προφήτην
1156 3923 1384 3995 αἰσθητῇ
1418 3923 1586 3977 εἰκόνι
1612 3924 1816 3995 ταύτην

222 4012 652 4082 παραϐάλλοντα
670 4013 770 4083 τὴν
801 4012 1102 4083 ἐνέργειαν,
1134 4014 1227 4067 καὶ
1256 4013 1500 4067 ἐσθίοντα
1532 4013 1682 4086 [161]
1719 4014 1816 4086 τὴν

223 4102 496 4172 κεφαλίδα
552 4100 647 4155 τοῦ
708 4099 936 4171 βιϐλίου,
986 4101 1079 4157 καὶ
1128 4101 1246 4171 μεθ’
1293 4101 1485 4174 ἡδονῆς
1542 4102 1811 4158 ἐσθίοντα.

232 4191 516 4260 Ἐγένετο
542 4189 670 4261 γὰρ,
708 4190 893 4261 φησὶν,
941 4191 1010 4244 ὲν
1036 4189 1116 4257 τῷ
1153 4188 1379 4260 σώματί
1408 4207 1529 4260 μου
1568 4191 1648 4257 ὠς
1676 4189 1816 4262 μέλι

218 4276 551 4347 τλυκάζον.
588 4279 743 4333 Ἐπεὶ
781 4274 876 4333 οῦν
910 4277 1153 4349 ἐδέχοντο
1182 4278 1279 4348 τὴν
1307 4278 1682 4350 πνευματικὴν
1711 4279 1814 4349 χά-

221 4384 333 4435 ριν,
356 4364 587 4419 τοιαῦτα
613 4366 705 4418 καὶ
729 4364 1043 4437 ήρεύγοντο.
1080 4366 1200 4419 Ὅτι
1241 4364 1346 4437 γὰρ
1378 4366 1437 4418 ού
1463 4366 1589 4438 περὶ
1611 4366 1815 4437 ὲρυγῆς

215 4459 245 4509 6
276 4456 448 4523 λόγος
470 4455 573 4523 τῆς
593 4453 854 4526 αἰσθητῆς
873 4454 1097 4525 ταύτης,
1123 4453 1243 4508 οὐδὲ
1273 4455 1401 4526 περὶ
1424 4456 1628 4521 σιτίων,
1654 4455 1816 4510 ἄκου-

216 4562 315 4599 σον
354 4544 418 4598 τί
448 4542 761 4615 ἐρεύγεται,
801 4544 895 4598 καὶ
918 4543 1002 4608 τίς
1033 4546 1182 4597 ἐστιν
1225 4545 1252 4597 6
1287 4545 1666 4616 ἐρευγόμενος.
1700 4542 1816 4614 Οὐχ

213 4637 242 4687 ὁ
300 4634 588 4704 στόμαχος
632 4634 661 4687 6
704 4632 775 4687 τὰ
818 4633 962 4687 σιτία
1008 4633 1316 4704 δεχόμενος,
1366 4633 1544 4703 ἀλλ’ἢ
1594 4633 1811 4706 καρδία.

226 4722 641 4790 Ἐξηρεύξατο
687 4722 814 4792 γὰρ,
864 4722 1049 4790 φησὶν,
1102 4722 1141 4789 ἡ
1188 4720 1403 4789 καρδία
1443 4737 1583 4790 μου.
1621 4721 1731 4773 Καὶ
1764 4720 1816 4775 τί

209 4812 559 4882 ἑρεύγεται;
591 4810 663 4863 Ού
700 4813 864 4873 σῖτον,
915 4810 1034 4863 οὐδὲ
1068 4809 1245 4874 ποτὸν,
1285 4808 1421 4863 ἀλλά
1464 4808 1533 4865 τὰ
1577 4809 1819 4879 συγγενῆ

210 4904 281 4972 τῇ
322 4899 608 4970 τραπέζῃ,
644 4898 836 4968 Λόγον
869 4897 1115 4967 ἀγαθὸν,
1148 4898 1239 4951 τὸν
1281 4898 1410 4969 περὶ
1444 4896 1538 4950 τοῦ
1574 4898 1816 4965 Μονογε-

208 4986 372 5049 νοῦς·
413 4979 571 5048 οὗτος
603 4985 710 5057 γὰρ
741 4984 973 5055 μάλιστα
1016 4985 1238 5054 ἀγαθόςο
1279 4982 1503 5041 Ἦλθον
1551 4986 1677 5056 γὰρ,
1716 5004 1818 5056 φη-

209 5072 327 5139 όῑν,
384 5076 504 5143 οὐχ
545 5073 645 5126 ἵνα
678 5074 857 5142 κρίνω
889 5073 995 5127 τόν
1027 5075 1280 5143 κόσμον,
1324 5072 1461 5128 ἀλλ’
1502 5074 1602 5127 ἵνα
1639 5073 1817 5128 σώσω

204 5162 329 5217 τὸν
362 5162 627 5230 κόσμον.
659 5160 842 5215 Πάντα
880 5162 1147 5235 προσηνῆ,
1181 5161 1358 5215 πάντα
1401 5161 1676 5224 κολάσεως
1707 5148 1792 5214 ιὶιπ⁴

202 5250 572 5321 ηλὶααγμένα.
615 5249 931 5323 Ἐρεύγεται
960 5250 1016 5303 δὲ
1045 5249 1291 5314 τοιαῦτα,
1329 5250 1516 5321 ἐπειδὴ
1547 5251 1647 5321 τὴν
1684 5267 1843 5321 καρο,

202 5339 340 5393 δίαν
376 5337 547 5391 αὑτοῦ
582 5335 933 5409 ὲξεκάθαρεν.
968 5339 1177 5409 ’Ὥσπερ
1208 5338 1315 5411 γὰρ
1346 5341 1380 5411 ή
1408 5338 1639 5410 γαστὴρ,
1685 5340 1815 5393 ὅταν

206 5429 316 5498 μὲν
357 5426 633 5500 ῥυπαρῶν
664 5427 807 5499 γέμῃ
834 5427 1045 5499 χυμῶν,
1079 5428 1312 5498 συγγενῆ
1349 5429 1558 5491 τούτοις
1593 5429 1818 5497 ἐρεύγε-

203 5536 330 5583 ται,
369 5519 507 5573 ὅταν
556 5517 602 5570 δ’
632 5518 841 5589 ύγιεινή
892 5534 976 5580 τις
1010 5512 1143 5570 οὖσα
1176 5515 1438 5587 τυγχάνῃ,
1483 5515 1815 5586 κατάλληλον

204 5611 453 5667 ποιεῖται
491 5607 591 5679 τήν
628 5608 851 5678 ἐρυγήν·
881 5605 1023 5659 οῦτω
1059 5606 1153 5659 καὶ
1184 5608 1216 5676 ἡ
1248 5606 1443 5676 καρδία
1473 5605 1567 5658 τοῦ
1603 5604 1817 5677 Προφή-

206 5712 330 5762 του,
366 5698 556 5770 ἐπειδη
577 5696 1000 5767 ἁμαρτημάτων
1025 5691 1092 5766 ἦν
1124 5694 1539 5766 ἀπηλλαγμένη,
1568 5695 1814 5766 Πνεύμαο

210 5801 389 5855 ματος
419 5786 652 5855 ἐδέξατο
691 5784 875 5857 χάριν,
923 5783 1013 5843 καὶ
1050 5783 1204 5854 λόγον
1239 5782 1523 5856 ἐρεύγεται
1594 5781 1813 5856 ἀγαθόν.

3384 366 3507 421 ιει

1918 490 2195 547 Ἐντεῦθεν
2222 495 2313 547 καὶ
2338 494 2523 565 ἔτερόν
2553 513 2605 548 τι
2635 495 3000 569 μανθάνομεν,
3026 498 3107 552 ὅτι
3136 498 3183 553 οί
3213 500 3495 572 προφῆται

1903 578 2001 648 οὐχ
2032 580 2106 643 ὡς
2150 581 2200 633 οἱ
2243 582 2464 651 μάντεις
2509 578 2667 653 ἦσαν.
2708 584 2856 638 Ἐκεῖ
2902 586 3000 656 μὲν
3042 586 3152 658 γὰρ
3185 587 3214 639 6
3257 587 3487 659 δαίμων,

1911 665 2039 719 ὅταν
2070 668 2150 731 είς
2176 667 2279 738 τὴν
2303 668 2477 740 ψυχὴν
2513 670 2747 742 ἐμπέσῃ,
2778 675 2946 743 πηροῖ
2978 672 3076 745 τὴν
3110 673 3366 740 διάνοιαν,
3396 678 3491 730 καὶ

1907 755 2093 806 σκοτοῖ
2125 754 2216 809 τὸν
2246 754 2505 826 λογισμὸν
2524 796 2538 820 ,
2580 757 2673 810 καὶ
2707 758 2878 821 οὕτως
2908 758 3120 815 ἅπαντα
3144 760 3486 831 φθέγγονται,

1903 840 2055 895 οὐδὲν
2100 841 2210 896 τῶν
2249 842 2555 915 λεγομένων
2595 846 2963 916 ἐπισταμένης
2992 848 3091 919 τῆς
3127 848 3365 913 διανοίας
3392 852 3494 904 a6-

1893 930 2032 994 πῶν,
2091 930 2207 985 ἀλλ’
2255 926 2367 987 οἷον
2424 932 2589 986 αὐλοῦ
2646 951 2790 999 τινος
2836 934 3044 1006 ἀψύχου
3083 934 3482 1005 φθεγγομένου.

1905 1016 2076 1071 Τοῦτο
2103 1018 2197 1072 καί
2226 1036 2307 1083 τις
2335 1020 2446 1074 τῶν
2470 1022 2599 1093 παρ’
2623 1021 2808 1086 αὐτοῖς
2842 1021 3148 1093 φιλοσόφων
3170 1023 3296 1096 ἔφη,
3316 1024 3489 1090 οῦτως

1905 1104 2096 1159 εἰπών·
2123 1107 2353 1176 Ὥσπερ
2385 1111 2437 1163 οί
2466 1109 2809 1179 χρησμῳδοὶ
2834 1110 2931 1164 καὶ
2955 1112 3009 1164 οἱ
3028 1098 3368 1180 θεόμάντεις
3388 1112 3491 1166 λέ-

1852 1262 1867 1272 _
1901 1210 2079 1263 γουσι
2117 1192 2235 1263 μὲν
2270 1195 2490 1261 πολλὰ,
2538 1197 2709 1251 ἴσασι
2734 1196 2803 1250 δὲ
2834 1197 3029 1266 μηδὲν
3060 1190 3147 1251 ὧν
3176 1199 3484 1267 λέγουσιν.

1928 1281 2052 1334 Αλλ’
2082 1282 2143 1335 οὐ
2183 1283 2246 1335 τὸ
2283 1284 2505 1354 Πνεῦμα
2531 1284 2592 1337 τὸ
2615 1284 2769 1353 ἀγιον
2800 1284 2942 1338 οὕτω
2988 1288 3149 1351 ποιεῖ,
3180 1286 3315 1340 άλλά
3354 1304 3488 1358 καρ-

1901 1367 2020 1424 δίαν
2061 1370 2285 1442 ἀφίησιν
2317 1371 2515 1426 εἰδέναι
2571 1372 2639 1425 τὰ
2677 1372 2964 1442 λεγόμενα,
2996 1374 3059 1427 Εἰ
3104 1372 3213 1446 γὰρ
3248 1374 3323 1445 μὴ
3351 1373 3487 1445 ᾔδει,

1904 1455 2021 1521 πῶς
2073 1457 2279 1527 ἔλεγεν,
2326 1459 2521 1528 Λόγον
2560 1460 2818 1530 drawn
2865 1461 2923 1513 Ὀ
2963 1460 3062 1531 μὲν
3106 1460 3214 1532 γὰρ
3256 1463 3490 1532 δαίμων,

1903 1544 2156 1618 καθάπερ
2188 1546 2380 1618 ἐχθρὸς
2414 1547 2508 1600 καὶ
2544 1547 2819 1618 πολέμιος,
2866 1547 3097 1619 πολεμεῖ
3132 1551 3199 1618 τῇ
3232 1548 3390 1618 φύσει
3420 1552 3488 1621 τῇ

1902 1630 2221 1705 ἀνθρωπίνῃ
2253 1642 2301 1672 ι·
2339 1632 2400 1684 τὸ
2434 1630 2491 1683 δὲ
2522 1630 2744 1702 Πνεῦμα
2773 1632 2947 1702 ἆγιον,
2978 1633 3229 1704 καθάπερ
3258 1632 3503 1703 κηδόμε-Δ

1903 1736 1992 1773 νον
2045 1724 2141 1773 καὶ
2173 1719 2515 1791 εὐεργετοῦν,
2548 1723 2823 1774 κοινωνεῖν
2851 1721 2951 1791 τῆς
2981 1721 3206 1793 γνώμης
3234 1721 3362 1784 τοὺς
3399 1720 3490 1772 δε-

1923 1806 2167 1880 ξομένους
2205 1809 2367 1871 ποιεῖ,
2403 1806 2500 1860 καὶ
2532 1807 2669 1878 μετά
2709 1811 2806 1879 τῆς
2835 1809 3058 1863 ἐκείνων
3084 1808 3323 1872 διανοίας
3352 1809 3489 1862 ἀπο-

1870 1893 2171 1947 -καλύπτει
2209 1894 2276 1948 τὰ
2319 1894 2607 1965 λεγόμενα.
2651 1896 2815 1965 Λέγω
2848 1895 2962 1966 ἐγὼ
2991 1894 3062 1949 τὰ
3095 1896 3238 1965 ἔργα
3255 1913 3374 1965 μου
3412 1897 3493 1962 τῷ

1898 1980 2167 2043 βασιλεῖ.
2201 1981 2414 2047 Ἀλλος,
2444 1980 2521 2035 Τὰ
2544 1982 2843 2051 ποιήματά
2860 2001 2999 2052 μου.
3040 1984 3216 2054 Ἔργα
3244 1983 3373 2036 ποῖά
3396 2001 3495 2055 φη-

1908 2085 1995 2135 σι;
2032 2070 2142 2141 Τὴν
2171 2069 2532 2150 προφητείαν.
2559 2069 2826 2141 Καθάπερ
2864 2069 2974 2154 γάρ
3018 2069 3111 2123 τοῦ
3138 2071 3380 2142 χαλκέως
3406 2071 3495 2142 ἐρ-

1905 2173 2021 2225 γον,
2062 2158 2125 2209 τὸ
2168 2156 2472 2229 σκέπαρνον
2515 2158 2871 2229 ἐργάσασθαι,
2920 2158 3014 2211 καὶ
3064 2159 3158 2212 τοῦ
3207 2158 3492 2228 οἰκοδόμου

1906 2246 1966 2299 τὸ
1995 2246 2171 2299 οἰκίαν
2202 2247 2446 2315 ποιῆσαι,
2470 2248 2563 2300 καὶ
2588 2247 2678 2300 τοῦ
2716 2247 2996 2318 ναυπηγοῦ
3022 2247 3083 2301 τὸ
3111 2247 3243 2301 ναῦν
3273 2248 3495 2316 συγκολ-

1906 2332 2090 2404 λῆσαι·
2119 2333 2261 2388 οῦτω
2289 2335 2383 2388 καὶ
2406 2334 2500 2389 τοῦ
2525 2337 2802 2408 προφήτου
2823 2336 2884 2389 τὸ
2910 2335 3245 2407 προφητείαν
3271 2337 3493 2405 ύφᾶναι.

1908 2420 2031 2474 ὐτι
2064 2421 2173 2493 γὰρ
2203 2427 2297 2475 καὶ
2321 2422 2478 2476 τοῦτο
2498 2422 2657 2495 ἔργον
2684 2425 2853 2490 ἐστὶν,
2881 2423 3111 2478 ἄκουσον
3130 2423 3225 2477 τοῦ
3256 2424 3493 2496 Χριστοῦ

1905 2507 2156 2577 λέγοντος
2208 2511 2338 2581 περὶ
2386 2510 2496 2563 τῶν
2546 2511 2878 2565 ἀποστόλων·
2921 2512 3115 2579 Ἄξιος
3165 2514 3197 2567 ό
3243 2512 3495 2582 ἐργάτης

1906 2599 2014 2652 τοῦ
2048 2598 2270 2669 μισθοῦ
2310 2600 2517 2656 αὑτοῦ.
2565 2601 2674 2653 Καὶ
2714 2601 2946 2665 Παῦλος·
2996 2601 3276 2656 Μάλιστα
3305 2605 3359 2655 οἱ
3398 2619 3497 2656 κο-

1907 2684 2161 2750 πιῶντες
2183 2686 2253 2738 ἐν
2285 2686 2447 2755 λόγῳ
2474 2686 2574 2740 καί
2605 2686 2993 2754 διδασκαλῖᾳ.
3029 2689 3093 2740 Εί
3128 2687 3183 2741 δὲ
3217 2688 3291 2759 μὴ
3337 2687 3497 2759 ἔργον

1904 2764 1995 2840 ἦν,
2021 2767 2137 2833 πῶς
2162 2770 2328 2824 κόπον
2359 2767 2502 2841 εἷχε;
2538 2770 2602 2825 Τί
2627 2771 2737 2842 γὰρ
2763 2771 2857 2825 τοῦ
2894 2772 3055 2843 ἔργου
3080 2770 3269 2826 τούτου
3298 2773 3496 2843 τιμιὼ-

1906 2872 2064 2929 τερον
2089 2874 2105 2924 ;
2131 2857 2183 2910 τί
2202 2857 2257 2911 δὲ
2288 2860 2738 2931 χρησιμώτερον;
2767 2860 2964 2913 Πασῶν
2988 2860 3097 2915 τῶν
3122 2862 3327 2931 τεχνῶν
3348 2864 3497 2915 ἐστιν

1908 2945 2196 3017 ἀνώτερον.
2234 2947 2300 3000 Τί
2327 2944 2419 3002 οὖν
2447 2950 2564 3002 ἐστι
2603 2949 2664 3001 τὸ
2688 2949 2869 3021 ἔργον,
2901 2949 2930 3003 ὃ
2965 2949 3113 3019 λέγει
3148 2950 3227 3022 τῷ
3253 2951 3464 3021 βασιλεῖ
3480 2964 3503 3016 ;·

1907 3032 2012 3085 Τὸν
2045 3033 2213 3105 ὕμνον
2234 3034 2444 3100 τοῦτον,
2480 3035 2578 3106 τὴν
2609 3038 2946 3109 προπτείαν
2980 3037 3203 3108 ταύτην.
3251 3041 3362 3093 Καὶ
3396 3040 3501 3093 οὐκ

1908 3114 2034 3175 εἷπε
2061 3120 2201 3193 ποίῳ
2225 3120 2452 3191 βασιλεῖ,
2483 3122 2657 3194 δηλῶν
2681 3125 2761 3177 ὅτι
2785 3123 2862 3195 τῷ
2886 3124 3004 3196 Θεῷ
3033 3124 3142 3179 τῶν
3174 3125 3331 3181 ὅλων.
3368 3127 3500 3179 ’Ὡσ-

1910 3224 2017 3279 περ
2066 3208 2176 3281 γὰρ
2226 3210 2354 3264 ὅταν
2404 3210 2652 3282 λέγωμεν
2696 3211 2787 3265 τὸν
2830 3213 3055 3284 Περσῶν
3105 3213 3347 3284 βασιλέα,
3398 3215 3500 3288 οὐχ

1909 3295 2098 3360 ἁπλῶς
2120 3297 2344 3368 βασιλέα
2366 3298 2657 3371 καλοῦμεν,
2690 3300 2826 3354 ἁλλά
2847 3301 2936 3354 τὸν
2957 3301 3066 3354 τῶν
3089 3303 3314 3374 Περσῶν
3337 3319 3501 3372 προσ-

1908 3383 2150 3456 τίθεμεν,
2183 3386 2392 3440 καὶτὸν
2425 3387 2532 3442 τῶν
2567 3389 2868 3460 Ἀρμενίων
2909 3388 3129 3461 ὁμοίως·
3158 3391 3285 3444 ὅταν
3321 3390 3379 3443 δὲ
3408 3391 3498 3443 τὸν

1908 3473 2179 3545 ἡμέτερον
2225 3473 2378 3547 [162]
2435 3474 2703 3546 λέγωμεν,
2756 3477 2817 3530 ού
2867 3477 3101 3549 δεόμεθα
3157 3478 3496 3550 προσθήκης,

1910 3561 2024 3616 ἀλλ’
2058 3562 2378 3634 ἀρκούμεθα
2408 3562 2487 3633 τῷ
2511 3565 2686 3617 εἰπεῖν
2717 3564 2960 3634 βασιλέα·
2989 3565 3132 3618 οῦτω
3170 3567 3264 3619 καὶ
3293 3568 3322 3619 6
3361 3567 3500 3637 Προ-

1912 3653 2109 3722 φήτης,
2136 3651 2324 3724 ἐπειδὴ
2346 3652 2475 3723 περὶ
2494 3652 2591 3706 τοῦ
2612 3652 2782 3715 ὅντως
2799 3652 3063 3724 βασιλέως
3087 3654 3292 3722 ἔλεγεν,
3316 3654 3501 3724 ἀρκεῖ-

1909 3755 2001 3792 ται
2037 3738 2116 3809 τῷ
2146 3741 2339 3805 εἰπεῖν,
2375 3739 2645 3793 Βασιλεῖ.
2684 3738 2897 3811 Ὥσπερ
2939 3740 3047 3812 γάρ
3082 3743 3500 3813 παντοκράτορα

1912 3827 2178 3893 εἰπόντες,
2230 3827 2290 3881 οὐ
2340 3826 2574 3897 δεόμεθα
2625 3827 2984 3898 προσθήκης,
3018 3827 3109 3881 διά
3151 3828 3213 3881 τὸ
3247 3828 3321 3899 μὴ
3359 3825 3501 3881 εἶναι

1911 3915 1997 3968 ἒτε
2006 3933 2098 3987 ρον
2132 3914 2567 3986 παντοκράτορα·
2590 3914 2731 3967 οῦτω
2750 3914 2977 3985 βασιλέα
3002 3915 3271 3983 λέγοντες,
3302 3916 3361 3969 ού
3387 3915 3500 3969 δεό-

1916 4003 2053 4072 μεθα
2084 4003 2276 4073 ἑτέρας
2317 4002 2655 4074 προσθήκης,
2691 4002 2780 4055 διὰ
2822 4002 2881 4055 τὸ
2911 4002 2985 4072 μὴ
3013 4000 3150 4056 εἶναι
3189 4005 3373 4075 ἕτερον
3405 4005 3502 4075 βα-

1915 4091 2065 4145 σιλέα
2093 4091 2243 4145 Θεόν.
2270 4091 2477 4154 Ἀλλως
2499 4091 2554 4144 δὲ
2579 4091 2672 4144 καὶ
2698 4092 2725 4143 6
2747 4090 2940 4159 λέγων,
2970 4091 3221 4161 βασιλεὺς
3243 4088 3502 4163 ῆν.”Οθεν
3600 4124 3609 4131 ο

1912 4180 2073 4251 δῆλον
2116 4181 2197 4234 ὅτι
2229 4181 2291 4233 ού
2327 4181 2454 4251 περὶ
2487 4178 2774 4251 ἀνθρώπου
2819 4179 3023 4249 ἔλεγεν,
3072 4180 3207 4233 ἀλλὰ
3242 4181 3371 4252 περὶ
3408 4183 3501 4241 τοῦ

1916 4270 2021 4322 τῶν
2045 4269 2180 4322 ὅλων
2203 4269 2358 4323 Θεοῦ·
2389 4268 2477 4322 διὰ
2503 4268 2664 4321 τοῦτο
2685 4269 2785 4322 οὐκ
2816 4264 2958 4335 εἷπε,
2980 4269 3219 4331 Βασιλεῖ,
3239 4269 3393 4333 ἀλλὰ,
3421 4270 3503 4335 Τῷ

1908 4351 2180 4420 βασιλεῖ,
2216 4355 2281 4424 τῇ
2331 4352 2621 4425 προσθήκῃ
2669 4351 2763 4405 τοῦ
2819 4351 3021 4423 ἄρθρου
3073 4351 3172 4424 τὴν
3205 4353 3499 4423 κυριότητα

1915 4439 2206 4507 παριστάς.

1987 4521 2051 4591 β’.
2086 4518 2222 4576 Εἶτα
2262 4521 2423 4575 πάλιν
2456 4520 2669 4584 δεικνὺς
2700 4522 2781 4574 ὅτι
2807 4521 2906 4573 ούκ
2936 4520 3284 4590 ἀνθρωπίνης
3312 4515 3380 4590 ἦν
3414 4522 3501 4573 ὲν-

1918 4613 2066 4674 νοίας
2096 4612 2165 4664 τὰ
2191 4612 2477 4682 λεγόμενα,
2520 4610 2614 4664 καὶ
2649 4609 2878 4679 μελέτης
2911 4611 3006 4663 καὶ
3043 4609 3335 4680 συνθήκης,
3369 4609 3503 4665 ἀλλὰ

1917 4701 2066 4766 θείας
2086 4704 2303 4773 χάριτος
2330 4701 2421 4754 καὶ
2443 4699 2541 4770 τὴν
2563 4700 2807 4769 γλῶτταν
2834 4701 3001 4772 μόνην
3022 4700 3182 4764 αὐτὸς
3208 4701 3498 4766 ἐδάνεισεν,

1916 4792 2215 4859 ἐπήγαγεν·
2271 4789 2332 4843 Ἠ
2379 4787 2631 4858 γλῶσσά
2656 4806 2775 4858 μου
2818 4788 3086 4859 κάλαμος
3124 4789 3506 4860 γραμματέως

1917 4876 2281 4949 ὀξυγράφου.
2319 4877 2379 4931 '0
2403 4877 2459 4931 δὲ
2490 4876 2735 4948 κάλαμος
2763 4876 2936 4930 ταῦτα
2964 4877 3187 4948 γράφει,
3211 4880 3357 4951 άπερ
3385 4878 3500 4947 am

1916 4971 2221 5039 κατέχουσα
2264 4967 2423 5022 αὐτὸν
2466 4967 2661 5040 κελεύῃ
2686 4967 2828 5039 χείρ.
2864 4968 3093 5039 Ἕτερος
3130 4968 3187 5021 δέ
3217 4985 3397 5038 φησιν·
3437 4968 3504 5022 'l!

1923 5059 2169 5130 γλῶσσὰ
2201 5077 2320 5130 μου
2362 5060 2442 5125 ὡς
2485 5059 2770 5129 γραφεῖον
2815 5060 3083 5130 γραφέως
3129 5059 3394 5129 ταχινοῦ.
3437 5060 3503 5110 Τί

1919 5150 2165 5221 βούλεται
2187 5151 2267 5213 τὸ,
2298 5148 2586 5219 Ταχινοῦ;
2610 5149 2728 5203 Ἵνα
2756 5149 3049 5202 κάντεῦθεν
3080 5148 3180 5220 τὴν
3208 5148 3368 5219 χάριν
3396 5147 3504 5200 δείο

1918 5238 2002 5310 ξῃ.
2044 5239 2104 5293 '0
2145 5239 2243 5310 μὲν
2292 5237 2402 5309 γάρ
2455 5236 2669 5291 οἴκοθεν
2721 5236 3114 5306 φθεγγόμενος,
3173 5234 3357 5305 μέλλει
3410 5235 3504 5288 καὶ

1920 5326 2169 5398 βραδύνει
2245 5324 2503 5397 μελετῶν,
2576 5326 2864 5387 συντιθεὶς,
2918 5323 3341 5394 ἐμποδιζόμενος
3408 5325 3503 5376 καὶ

1918 5415 2111 5487 ἀγνοίᾳ
2143 5415 2236 5469 καὶ
2269 5413 2480 5484 ἀμαθίᾳ
2514 5412 2610 5469 καὶ
2652 5411 2928 5483 μελλήσει,
2964 5411 3055 5463 καὶ
3085 5410 3253 5465 πολλά
3294 5412 3410 5463 ἐστι
3435 5409 3504 5462 τὰ

1919 5504 2293 5575 λυμαινόμενα
2319 5501 2397 5572 τῷ
2424 5500 2579 5572 τάχει
2604 5499 2697 5554 τοῦ
2723 5499 2900 5567 λόγου·
2930 5499 3059 5552 ὅταν
3084 5498 3140 5552 δὲ
3168 5497 3390 5566 Πνεῦμα
3420 5514 3505 5550 κι-

1920 5598 1984 5666 νῇ
2016 5594 2114 5665 τὴν
2140 5594 2399 5658 διάνοιαν,
2423 5593 2573 5646 οὐδὲν
2601 5591 2662 5646 τὸ
2690 5589 2918 5644 κωλύον·
2958 5588 3073 5642 ἀλλ’
3105 5588 3294 5660 ὥσπερ
3314 5585 3503 5649 ὓδατος

1984 5733 2008 5760 ⁸
2030 5729 2138 5781 Duo
2171 5743 2285 5778 mss.
2329 5728 2526 5791 πολεμεῖ
2557 5728 2643 5788 τήν
2663 5731 2804 5793 φύσιν
2838 5726 2922 5785 τήν
2969 5723 3280 5791 ἀνθρωπίνην.
3312 5720 3513 5779 Μξὶιει,

1922 5793 2044 5846 editi
2064 5799 2114 5843 ul
2129 5793 2182 5847 in
2199 5796 2359 5843 textu.
