4030 6418
242 355 313 413 ὶ85
1410 338 1767 402 ΕΧΡΟΞΙἸῚΟ
1805 337 1868 393 IN
1910 333 2229 392 PSALMUM
2273 333 2449 391 XLIV.

252 485 402 544 tinguo
429 484 726 525 murmure
770 465 1113 539 praecipitat,
1136 456 1474 533 progreditur
1504 473 1516 508 :
1551 455 1622 509 ita
1668 450 1841 523 gratia

260 564 455 638 Spiritus
480 577 606 618 cum
639 576 844 633 magna
872 557 1150 615 celeritate
1182 547 1443 622 procedit,
1477 545 1656 602 omnia
1690 545 1846 608 levia,

257 663 383 733 plana
402 667 457 712 et
477 653 731 726 expedita
767 650 1071 723 proferens.
1107 642 1309 700 Deinde
1330 641 1434 696 hoc
1461 640 1636 711 ipsum
1663 648 1852 691 rursus

255 767 537 825 expurgans
561 792 577 814 ,
609 756 665 805 et
691 745 988 803 ostendens
1016 739 1143 795 nihil
1170 752 1290 793 esse
1322 735 1610 789 humanum
1656 743 1841 784 eorum

252 819 356 918 quae
379 819 651 909 dicuntur,
682 836 962 910 subjungit
993 834 1079 889 εὖ.
1111 828 1383 903 Speciosus
1407 826 1574 897 [arma
1598 836 1705 894 prae
1733 819 1854 885 ﬁliis

251 939 531 993 hominum.

322 1028 515 1084 Versus
539 1024 747 1095 quidam
774 1021 925 1090 hujus
949 1014 1142 1071 Psalmi
1169 1013 1236 1067 ad
1258 1009 1515 1063 Christum
1535 1008 1848 1077 referantur;

250 1138 298 1179 ut
330 1139 444 1177 uere
472 1120 628 1192 fuerit
660 1132 855 1188 pauper
883 1113 1136 1169 Christus.
1159 1138 1230 1149 —
1250 1102 1497 1162 Nonnulli
1532 1100 1746 1172 quidem
1770 1096 1854 1152 di-

252 1223 377 1270 cunt
404 1212 514 1267 hoc
541 1210 740 1265 dictum
763 1220 883 1261 esse
908 1203 975 1259 de
996 1202 1193 1272 lingua,
1222 1196 1362 1269 quod
1391 1196 1456 1249 sit
1480 1194 1716 1248 calamus
1736 1203 1858 1258 spe-

250 1307 428 1359 ciosus
459 1301 636 1356 turma
670 1316 683 1353 :
718 1296 845 1351 mihi
897 1303 1075 1349 autem
1118 1291 1326 1345 videtur
1352 1303 1473 1342 cum
1517 1283 1766 1353 deinceps
1795 1279 1861 1335 de

246 1396 469 1453 Christo
492 1393 691 1447 dicere.
714 1389 779 1445 Et
798 1387 916 1442 ideo
933 1385 1071 1440 alius
1092 1395 1305 1452 quoque
1322 1378 1450 1433 dicit
1472 1377 1737 1446 interpres
1762 1372 1857 1443 (a):

253 1484 650 1545 Pulchritudine
676 1489 885 1536 ornatus
906 1494 956 1531 es
976 1492 1007 1529 a
1032 1474 1153 1545 ﬁliis
1181 1472 1467 1527 hominum.
1501 1467 1689 1537 Magno
1710 1463 1851 1518 enim

253 1582 453 1638 ardore
489 1588 544 1633 et
570 1589 780 1632 summa
806 1574 855 1627 in
884 1585 1013 1627 eum
1043 1566 1323 1622 atl‘rctioue
1352 1562 1587 1634 percitus
1610 1601 1623 1624 ,
1649 1557 1711 1611 ad
1741 1571 1863 1612 eum

251 1675 526 1733 convertit
564 1672 896 1733 orationem,
942 1659 1389 1735 quemadmodum
1432 1654 1597 1712 Jacob
1653 1666 1867 1723 quoque

254 1768 476 1825 dicebat
506 1784 519 1818 :
554 1759 639 1818 Ea:
683 1760 934 1833 germine,
964 1757 1040 1827 fili
1086 1755 1154 1807 mi
1181 1795 1194 1819 ,
1235 1747 1546 1809 ascendisti;
1579 1743 1868 1799 recumbens

258 1858 553 1915 dormivisti
594 1865 648 1909 ut
677 1854 754 1908 leo
782 1853 799 1921 (
827 1849 954 1906 Gen.
984 1847 1075 1902 49.
1107 1844 1205 1914 9).
1247 1846 1286 1897 Α
1325 1842 1432 1896 lico
1471 1838 1614 1894 enim
1661 1835 1872 1890 afflatus

258 1968 384 2007 cum
415 1964 483 2005 eo
510 1946 763 2013 deinceps
792 1939 1047 2010 loquitur,
1078 1946 1133 1990 et
1158 1935 1223 1990 ad
1254 1934 1425 2003 ipsum
1459 1927 1635 1998 dirigit
1668 1925 1870 1981 oratio-

259 2057 407 2099 nem.
449 2041 564 2095 Hoc
590 2048 767 2092 autem
798 2033 927 2089 dicit
954 2044 1058 2084 non
1098 2043 1193 2098 per
1235 2021 1689 2101 comparationem
1720 2034 1732 2070 :
1762 2031 1871 2070 non

262 2137 407 2191 enim
440 2134 597 2197 dixit,
630 2126 952 2207 Speciosior,
985 2122 1100 2186 sed,
1129 2102 1407 2192 Speciosus
1426 2120 1591 2187 {orum
1615 2127 1721 2181 pra:
1752 2109 1873 2178 ﬁliis

275 2228 561 2282 hominum.
597 2223 721 2284 [late
757 2203 1096 2290 pulchritudo
1117 2222 1196 2268 est
1226 2212 1325 2264 alia
1351 2209 1417 2263 ab
1439 2208 1548 2262 illa.
1576 2203 1870 2261 Considera

263 2328 443 2374 autem
464 2313 735 2387 quomodo
764 2311 993 2383 primum
1021 2304 1274 2377 loquitur,
1299 2301 1365 2357 de
1394 2301 1639 2355 humanm
1673 2302 1876 2350 naturae

263 2409 629 2481 susceptione.
656 2402 809 2477 Quod
836 2409 1011 2456 autem
1060 2397 1127 2452 de
1166 2411 1227 2451 ea
1270 2395 1519 2465 loquatur
1543 2433 1556 2455 ,
1590 2386 1876 2443 ostendunt

266 2520 388 2576 qua:
419 2509 734 2571 sequuntur.
762 2495 896 2552 Cum
940 2494 1082 2549 enim
1124 2488 1345 2544 dixisset
1369 2528 1382 2547 .
1410 2483 1680 2554 Speciosus
1713 2483 1878 2552 [arma

271 2570 378 2665 pm!
412 2570 539 2663 [iliis
569 2590 853 2654 hominum,
901 2582 1180 2655 subjunxit
1211 2598 1223 2633 :
1258 2578 1465 2650 Diffusa
1505 2583 1575 2628 est
1616 2571 1782 2643 gratia
1825 2570 1877 2623 in

272 2689 418 2744 labiis
465 2687 585 2740 tuis.
644 2683 786 2738 Deus
851 2687 1028 2733 autem
1092 2690 1198 2730 non
1245 2672 1402 2727 habet
1446 2669 1477 2724 ι.
1499 2668 1583 2724 bia
1613 2710 1625 2730 ,
1672 2664 1767 2723 sed
1815 2664 1882 2719 de

276 2785 526 2837 humana:
591 2787 797 2833 natura:
850 2770 1188 2841 susceptione
1245 2766 1436 2836 agitur.
1488 2764 1639 2819 Alius
1698 2769 1877 2815 autem

274 2876 541 2942 interpres
581 2868 762 2923 dicens
786 2910 798 2931 .
847 2864 1036 2933 Refusa
1079 2872 1151 2916 est
1189 2859 1353 2933 gratia
1392 2857 1537 2912 labiis
1584 2855 1683 2908 tuis
1711 2900 1725 2918 ,
1776 2851 1879 2906 hoc

280 2967 398 3022 fecit
438 2962 698 3034 apertius.
723 2958 858 3025 Quid
888 2966 1064 3010 autem
1104 2960 1220 3015 est,
1254 2949 1442 3019 Iiefusa
1473 2955 1564 3014 est,
1597 2946 1697 3000 nisi
1736 2943 1883 2998 velut

278 3062 319 3113 si
357 3058 476 3128 quis
512 3055 712 3109 diceret
732 3093 746 3117 ,
777 3051 906 3119 Quae
932 3056 1047 3103 erat
1072 3045 1214 3099 intus
1238 3085 1252 3109 ,
1281 3041 1546 3103 scaturiit,
1571 3036 1882 3094 emanavit?

284 3150 554 3221 Quomodo
578 3162 707 3218 ergo
733 3144 861 3200 dicit
897 3140 1031 3195 alius
1074 3138 1328 3209 pr0phcta
1362 3153 1374 3189 :
1415 3132 1644 3188 Vidimus
1671 3136 1837 3201 ipsum
1863 3169 1907 3195 ,ἦ

290 3218 333 3296 et
386 3259 483 3295 non
539 3239 711 3294 habuit
776 3233 1046 3304 speciem,
1104 3245 1196 3283 nec
1265 3223 1736 3297 pulchritudinem,
1796 3218 1883 3273 sed

294 3335 499 3406 speciem
559 3332 671 3400 ejus
730 3328 1020 3382 indecorum
1055 3365 1069 3390 ,
1126 3321 1425 3375 diminutum
1485 3331 1592 3387 prae
1632 3314 1751 3384 ﬁliis
1795 3314 1885 3365 ho-

287 3430 475 3484 minum
504 3424 673 3498 (lsai.
707 3423 796 3478 53.
825 3419 883 3475 2.
929 3416 1042 3490 '5)?
1082 3414 1194 3470 Non
1244 3414 1372 3469 dicit
1412 3411 1481 3467 de
1516 3408 1874 3470 deformitate,

287 3520 460 3574 absit:
509 3515 605 3572 sed
642 3514 712 3570 de
751 3511 869 3582 ejus
895 3506 1311 3577 contemptione.
1349 3502 1481 3558 Cum
1523 3500 1663 3555 enim
1710 3498 1877 3553 semel

290 3613 575 3671 humanam
628 3614 870 3661 naturam
911 3599 1234 3670 suscepisset
1262 3638 1276 3663 ,
1330 3608 1684 3666 qumcumque
1728 3598 1885 3646 erant

286 3704 405 3758 vilia
437 3713 494 3757 et
518 3694 908 3756 contemnenda
957 3690 1227 3762 pervasit,
1277 3697 1332 3742 ut
1369 3687 1459 3757 qui
1498 3700 1598 3741 nec
1636 3683 1736 3738 sibi
1768 3696 1883 3736 ma-

287 3809 417 3852 trem
453 3793 693 3864 reginam
719 3787 967 3844 asciverit
986 3829 1000 3853 ,
1029 3797 1128 3838 nec
1156 3793 1398 3852 tempore
1435 3776 1880 3834 incunabulorum

287 3892 337 3944 in
364 3889 509 3944 lecto
536 3898 703 3941 aureo
730 3881 932 3952 positus
963 3879 1050 3943 sit,
1083 3875 1177 3931 sed
1201 3875 1252 3929 in
1272 3870 1531 3943 .praasepi,
1559 3882 1657 3923 nec
1686 3869 1737 3922 in
1770 3882 1885 3921 ina-

284 3982 477 4055 gniﬁca
504 3979 668 4035 domo
696 3976 858 4032 fuerit
882 3972 1159 4037 educatus,
1187 3967 1280 4023 sed
1304 3968 1355 4021 in
1382 3965 1519 4020 fabri
1548 3962 1754 4034 lignarii
1786 3960 1886 4013 Int-

286 4050 395 4131 inili
416 4067 743 4128 domuncula
765 4065 784 4138 (
803 4064 930 4119 Luc.
952 4062 1007 4121 2.
1034 4059 1127 4133 7).
1153 4057 1220 4114 Et
1246 4072 1430 4113 rursus
1456 4069 1578 4110 cum
1600 4050 1891 4121 discipulos

285 4175 624 4228 assumeret,
659 4175 765 4216 non
794 4158 1041 4213 rhetores
1081 4163 1133 4209 et
1163 4147 1513 4222 philosophos
1555 4143 1802 4214 accepit,
1830 4150 1891 4198 et

287 4276 462 4333 reges,
495 4257 591 4314 sed
619 4256 907 4326 piscatores
933 4259 986 4305 ct
1024 4245 1338 4319 publicanos
1364 4240 1386 4314 (
1412 4238 1598 4294 Matth.
1627 4237 1682 4292 4.
1719 4232 1806 4290 18.
1841 4242 1890 4288 et

286 4326 407 4414 9:9
428 4356 484 4425 ):
516 4360 571 4408 et
601 4357 812 4405 tenuem
836 4344 977 4399 hanc
1002 4342 1162 4394 vitam
1196 4334 1635 4408 persequebatur,
1663 4344 1762 4383 nec
1788 4326 1888 4382 do-

288 4418 440 4505 mum
467 4443 699 4506 habens,
732 4453 831 4494 nec
858 4434 1096 4491 vestibus
1125 4427 1372 4502 pretiosis
1401 4426 1637 4487 indutus,
1666 4435 1767 4476 nec
1794 4418 1891 4475 de-

288 4546 449 4599 limta
496 4548 554 4595 et
584 4537 730 4592 lauta
761 4544 945 4588 mensa
990 4525 1174 4581 fruens
1197 4565 1210 4589 ,
1242 4520 1335 4576 sed
1364 4519 1431 4573 ab
1469 4516 1587 4571 aliis
1618 4513 1850 4569 nutritus
1874 4551 1889 4576 ,

288 4634 512 4707 prnbl‘is
536 4629 778 4692 affectus,
806 4629 1158 4688 contemptus,
1186 4614 1386 4685 ejectus
1408 4619 1463 4665 et
1487 4608 1696 4678 fugatus
1721 4602 1740 4676 (
1763 4601 1892 4657 Luc.

282 4695 343 4785 ἐν.
378 4726 451 4786 58
472 4726 515 4795 ).
541 4722 669 4780 [Ire
695 4729 873 4773 autem
911 4710 1138 4769 faciebat
1170 4708 1243 4762 ex
1272 4695 1729 4773 superabundanti
1771 4708 1896 4764 qua-

284 4822 423 4875 dam
470 4815 628 4885 copia
673 4810 966 4866 humanum
1013 4802 1206 4857 fastum
1245 4793 1588 4851 conculcans.
1633 4785 1894 4854 Quoniam

284 4932 427 4987 ergo
454 4912 530 4967 nil
573 4905 909 4979 magniﬁcum
939 4913 1041 4957 nec
1081 4894 1369 4965 gloriouim
1410 4900 1518 4958 prae
1554 4899 1615 4941 se
1649 4879 1855 4936 ferebat
1877 4918 1893 4944 ,

286 4977 399 5066 ne}
426 5006 570 5063 ullos
599 4977 825 5058 comites
860 4992 1129 5055 habebat,
1170 5000 1270 5041 uec
1296 4982 1556 5038 satellites
1578 5020 1594 5045 ,
1633 4977 1742 5031 imo
1767 4987 1899 5029 vero

286 5109 704 5169 nonnumquam
734 5093 894 5148 etiam
926 5086 1073 5143 solus
1119 5078 1416 5137 circuibat.
1447 5074 1587 5129 sient
1612 5068 1838 5141 quilibet
1866 5078 1898 5120 e

286 5194 536 5269 populo,
565 5159 849 5261 propterea
882 5180 972 5235 ille
998 5175 1218 5247 quidem
1257 5166 1403 5230 dicit,
1448 5163 1677 5220 Vidimus
1702 5159 1893 5230 ipsum,

283 5253 339 5344 ἐι
374 5253 476 5341 non
504 5253 933 5353 habuit-speciem.
964 5284 1052 5323 nec
1075 5259 1501 5337 pulchritudinem
1530 5253 1657 5310 :bic
1683 5260 1859 5305 autem
1881 5290 1897 5315 ,

285 5341 577 5451 Speciem
605 5341 767 5437 {arma
792 5341 898 5439 pitur
917 5363 1036 5433 [iliis
1061 5358 1318 5413 hominum
1345 5348 1512 5419 (leui.
1553 5348 1642 5403 55.
1668 5345 1703 5396 2
1729 5343 1748 5416 )
1776 5358 1790 5408 ;
1823 5341 1896 5396 si-

282 5432 559 5545 gnificans
595 5463 847 5537 gratiam,
879 5452 1216 5524 sapientiam,
1253 5443 1550 5500 doctrinam
1573 5481 1586 5504 ,
1620 5432 1898 5490 miracula.

286 5526 510 5623 "Deinde
537 5526 850 5615 describens
874 5549 991 5618 ejus
1020 5538 1467 5615 pulchritudinem
1498 5532 1666 5588 dicit:
1699 5526 1903 5594 Dlﬂusa

285 5619 372 5718 esi
404 5657 571 5733 gratia
589 5655 644 5709 in
668 5648 816 5708 labiis
847 5643 969 5700 tuis.
1001 5636 1161 5693 Vides
1190 5646 1311 5690 eum
1340 5629 1457 5685 haec
1481 5627 1662 5683 dicere
1701 5622 1771 5677 de
1802 5619 1903 5675 hu-

286 5712 457 5810 maiia
500 5749 567 5804 ab
606 5760 674 5802 eo
716 5743 968 5807 suscepta
1014 5726 1240 5785 natura?
1266 5724 1396 5792 Quae
1439 5727 1523 5776 est
1567 5725 1745 5771 autem
1791 5712 1904 5765 ha‘c

360 5871 435 5933 (ο)
469 5868 657 5934 Aquila.

3459 322 3563 376 σεδ

1959 448 2174 519 gratia?
2201 448 2304 501 Per
2330 461 2488 515 quam
2534 442 2717 498 docuit
2741 483 2751 505 ,
2789 454 2900 510 pert
2929 452 3087 509 quam
3114 433 3242 494 fecit
3280 435 3556 495 miracula,

1956 541 2192 599 Gratiam
2225 540 2310 594 hic
2351 538 2517 603 dicit,
2560 552 2676 592 eam
2705 549 2823 606 qua:
2849 531 2996 588 venit
3015 529 3083 585 ad
3106 542 3324 585 carnem
3357 545 3367 579 :
3394 524 3561 594 Super

1942 654 2101 711 .quem
2121 678 2135 699 ,
2166 634 2367 704 inquit,
2400 632 2583 686 videris
2606 630 2859 701 Spiritum
2899 623 3277 680 descendentem
3305 631 3581 690 tamquam

1958 729 2260 793 columbam,
2287 736 2330 779 et
2356 732 2637 780 manentem
2659 738 2810 792 super
2833 721 3024 791 ipsum,
3058 717 3102 772 is
3124 727 3194 772 est
3225 714 3313 787 qui
3338 712 3570 783 baptizat

1959 822 2152 895 (Joan.
2191 821 2241 875 1.
2274 818 2403 889 ⁸55).
2433 816 2619 873 Omnis
2647 814 2788 869 enim
2820 812 2989 883 gratia
3028 808 3197 865 cil'usa
3222 815 3307 863 cst
3347 806 3401 860 in
3430 802 3567 858 illud

1961 916 2237 985 templum.
2263 912 2378 985 Non
2401 896 2651 965 datenim
2681 908 2756 963 illi
2776 905 3031 976 Spiritum
3055 906 3111 957 in
3131 914 3419 956 mensum:
3451 894 3599 951 Nos.

1960 1010 2094 1065 enim
2136 1007 2201 1062 de
2246 1005 2356 1076 ejus
2386 1002 2704 1075 plenitudine
2750 997 3037 1069 accepimus
3088 992 3287 1067 (Joan.
3327 987 3561 1061 1.16);

1912 1143 1921 1153 ,
1964 1102 2093 1157 illud
2120 1109 2296 1156 autem
2330 1096 2591 1167 templum
2629 1094 2893 1163 integram
2930 1097 2988 1145 et
3014 1087 3316 1143 universam
3359 1083 3585 1151 accepit.

1965 1196 2214 1267 gratiam.
2272 1180 2395 1248 illoc
2438 1191 2601 1245 Isaias
2642 1198 2857 1256 quoque
2911 1178 3255 1251 significans,
3306 1173 3515 1229 dicebat
3545 1214 3558 1237 ,

1968 1290 2260 1363 Requiescet
2286 1302 2439 1358 super
2461 1285 2630 1355 ipsum
2662 1279 2888 1351 Spiritus
2915 1273 3179 1346 sapientia:
3203 1280 3247 1324 et
3275 1268 3531 1338 intelliget:
3548 1297 3565 1305 -

1969 1358 2091 1449 tiret,
2125 1380 2349 1452 Spiritus
2386 1373 2584 1431 consilii
2629 1381 2676 1426 et
2718 1368 2916 1424 virtutis
2939 1407 2955 1434 ,
3002 1363 3228 1434 Spiritus
3264 1358 3488 1414 scientia:
3518 1364 3573 1410 et

1971 1475 2188 1547 pietatis.
2224 1471 2449 1545 Spiritus
2485 1466 2679 1522 timoris
2703 1461 2798 1518 Dei
2820 1456 3047 1531 implebit
3081 1456 3250 1528 ipsum
3279 1451 3445 1527 (Isai.
3475 1451 3565 1506 ll.

1970 1543 2026 1622 Ξ.
2059 1569 2092 1623 5
2115 1570 2156 1637 ).
2184 1543 2289 1621 Sed
2317 1563 2425 1618 illic
2451 1558 2664 1632 quidem
2687 1564 2769 1612 est
2795 1555 3003 1623 integra
3024 1558 3079 1605 et
3098 1548 3344 1603 universa
3364 1543 3531 1616 gratia
3555 1561 3567 1595 :

1974 1663 2026 1717 in
2054 1659 2363 1716 hominibus
2384 1665 2563 1712 autem
2589 1668 2774 1724 parum
2807 1648 2954 1721 quid,
2987 1654 3040 1703 et
3065 1653 3215 1715 gutta
3242 1658 3308 1697 ex
3335 1640 3423 1694 illa
3448 1653 3571 1710 gra-

1977 1757 2066 1811 tia.
2099 1755 2387 1823 Propterea
2415 1763 2521 1805 non
2550 1746 2702 1813 dixit,
2735 1745 2813 1799 Do
2837 1736 3257 1813 Spiritum,_sed,
3293 1730 3579 1800 E/fundam.

1977 1850 2039 1904 de
2070 1847 2270 1918 Spiritu
2294 1860 2403 1899 meo
2424 1857 2578 1912 super
2598 1854 2798 1893 omnem
2827 1850 3030 1891 carnem
3058 1830 3230 1903 (Joel.
3261 1827 3318 1881 9...
3347 1824 3479 1896 ΞΒ).

2049 1944 2104 1999 ‘5.
2137 1942 2250 1996 lloc
2277 1941 2455 2009 itaque
2498 1932 2699 1989 evenit.
2727 1928 2914 1985 Omnis
2941 1927 3083 1982 enim
3127 1923 3276 1979 orbis
3309 1931 3577 1974 terrarum

1979 2037 2186 2108 accepit
2214 2051 2278 2089 ex
2312 2033 2402 2087 illo
2430 2029 2653 2101 Spiritu.
2681 2023 2886 2095 lneepit
2926 2021 3070 2077 enim
3108 2018 3308 2073 domini
3339 2029 3367 2069 a
3401 2012 3575 2068 Ραιςιι·

1980 2104 2124 2187 stiua
2150 2173 2165 2197 ,
2216 2127 2482 2201 processit
2537 2130 2717 2177 autem
2772 2119 2849 2172 in.
2888 2114 3217 2187 Egyptum,
3257 2110 3311 2163 in
3361 2104 3567 2163 Phaeni-

1981 2225 2138 2290 ciam,
2177 2197 2408 2292 Simiam,
2437 2214 2698 2277 Ciliciam,
2737 2208 3085 2280 Euphratem,
3112 2197 3578 2270 Mesopotamiam,

1982 2287 2397 2385 Cappadociam,
2433 2307 2718 2372 Galatiam,
2757 2299 3058 2373 Scythiam,
3092 2292 3402 2357 Thraciam,
3425 2287 3580 2343 Grai-

1984 2384 2144 2476 ciam,
2178 2404 2406 2462 Galliam
2425 2444 2438 2469 ,
2467 2399 2695 2464 Italiam,
2718 2408 2934 2450 omnem
2966 2390 3187 2461 Libyam
3215 2427 3231 2453 ,
3267 2384 3578 2452 Europam,

1984 2502 2187 2566 Asiam,
2240 2498 2292 2551 in
2336 2496 2512 2566 ipsum
2542 2491 2838 2546 Oceanum.
2885 2482 3022 2553 Quid
3074 2477 3297 2549 longiori
3342 2472 3584 2529 oratione

1986 2610 2120 2667 opus
2141 2593 2557 2660 est?Quantum
2603 2593 2766 2641 terrae
2821 2580 2910 2651 sol.
2946 2574 3203 2647 respicit,
3227 2580 3433 2627 tantum
3465 2580 3584 2636 per-

1986 2660 2120 2747 vasit
2145 2689 2261 2743 hare
2287 2685 2454 2758 gratia
2487 2700 2500 2736 :
2539 2689 2607 2737 et
2643 2679 2934 2746 haecgutta
2954 2684 3021 2726 ac
3049 2666 3195 2724 stilla
3220 2663 3450 2735 Spiritus
3479 2660 3583 2714 im-

1990 2784 2152 2856 plevit
2174 2782 2485 2836 universum
2518 2773 2706 2834 orbem
2741 2776 3004 2825 terrarum
3056 2760 3302 2818 scientia.
3335 2755 3438 2811 Per
3464 2766 3587 2819 eam

1987 2846 2138 2951 signa
2172 2875 2406 2938 ﬁebant,
2459 2868 2701 2924 omnium
2742 2869 2960 2933 peccata
3010 2853 3380 2913 solvebantur.
3403 2846 3586 2903 Gratia

1989 2938 2167 3029 tamen
2199 2984 2316 3039 qua:
2348 2965 2470 3020 data
2502 2969 2586 3016 est
2639 2959 2692 3012 in
2747 2962 2826 3009 tot
2878 2947 3225 3021 regionibus,
3278 2949 3363 2998 est
3410 2938 3587 3007 aliqua

1991 3074 2195 3119 tantum
2217 3033 2353 3131 pars
2380 3065 2435 3111 et
2459 3051 2617 3107 arrha
2647 3046 2795 3104 doni.
2828 3043 2973 3098 Dans
3000 3039 3142 3095 enim
3173 3078 3189 3103 ,
3213 3034 3387 3102 inquit
3442 3033 3587 3097 Apu-

1989 3159 2179 3222 stolus,
2212 3120 2419 3208 drrham
2442 3136 2668 3217 Spiritus
2696 3142 2748 3195 in
2774 3136 3010 3192 cordibus
3040 3132 3228 3186 nostris
3257 3125 3351 3198 (2.
3382 3120 3501 3178 Cor.
3531 3122 3583 3173 l.

1988 3218 2215 3322 22),hoc
2241 3254 2354 3309 est,
2380 3248 2582 3312 partem
2629 3229 2993 3305 operationis,
3021 3222 3252 3294 Spiritus
3286 3218 3427 3273 enim
3476 3230 3583 3269 non

1992 3308 2266 3399 dividitur.
2299 3308 2430 3390 Vide
2459 3339 2638 3385 autem
2671 3332 2900 3396 quantus
2927 3319 2999 3375 sit
3036 3316 3171 3370 lous.
3205 3311 3308 3366 Alii
3332 3308 3465 3363 enim
3496 3321 3585 3375 per

1994 3436 2243 3509 Spiritum
2265 3431 2416 3485 datur
2445 3439 2608 3481 sermo
2632 3417 2927 3490 sapientia;
2955 3411 3045 3466 alii
3077 3423 3193 3463 uero
3234 3418 3399 3459 serum
3424 3398 3590 3454 scien-

2853 3508 2859 3509 ,
3314 3496 3339 3509 ρ
3365 3494 3376 3509 ,
3511 3489 3590 3509 λη

1995 3489 2078 3585 ιὶιὲ
2116 3523 2399 3584 secundum
2438 3515 2667 3574 eumdrm
2695 3489 2970 3582 Spiritum
2995 3520 3014 3569 ,'
3043 3500 3135 3556 alii
3164 3514 3280 3553 vero
3302 3494 3431 3566 ﬁdes
3460 3533 3473 3555 ,
3501 3489 3591 3544 alii

1994 3625 2174 3698 gratiae
2201 3618 2555 3678 curationum;
2587 3611 2677 3664 alii
2703 3621 2817 3661 vero
2846 3600 3169 3673 Operationes
3208 3600 3513 3664 potestatum
3539 3588 3593 3639 in

1994 3683 2167 3775 codem
2197 3714 2395 3786 Spiritu
2420 3728 2437 3775 ,°
2477 3706 2567 3761 alii
2596 3712 2765 3758 autem
2794 3695 3073 3768 prophetia:
3097 3733 3112 3758 ,
3153 3688 3243 3741 alii
3271 3683 3596 3739 discretioncs

1995 3773 2285 3886 spirituum,
2316 3773 2619 3875 aliilgenera
2647 3797 2938 3865 linguarum
2968 3788 2985 3856 (
3010 3788 3063 3841 1.
3092 3782 3211 3838 Cor.
3246 3779 3332 3836 12.
3364 3775 3522 3833 8.-10
3542 3773 3585 3844 ).

1995 3874 2098 3962 ’έοι
2124 3902 2262 3956 dona
2297 3899 2351 3953 in
2384 3874 2460 3951 tot
2492 3898 2703 3963 gentes,
2721 3899 2840 3956 qum
2869 3883 2922 3937 in
2946 3877 3214 3949 baptismo
3243 3876 3489 3938 suscepta
3514 3874 3594 3920 est

1995 3996 2165 4070 gratia
2195 4035 2208 4059 ,
2240 3993 2292 4046 in
2316 3988 2621 4044 universum
2650 3989 2914 4034 terrarum
2951 3972 3138 4028 orbem
3178 3962 3440 4021 extendit.
3469 3959 3595 4017 Haec

1997 4052 2174 4146 Summ
2199 4052 2378 4139 omnia
2407 4078 2529 4134 facit
2558 4073 2695 4130 stilla
2726 4068 2979 4139 Spiritus.
3005 4059 3158 4131 Quod
3185 4057 3326 4115 enim
3353 4052 3494 4111 sana
3511 4066 3596 4105 cs-

1998 4192 2098 4251 sct,
2127 4175 2423 4236 declaravit
2450 4184 2573 4227 cum
2598 4165 2772 4222 dixit:
2818 4157 3099 4226 Effundam
3142 4150 3206 4206 de
3249 4145 3450 4219 Spiritu
3488 4158 3597 4196 meo

2005 4236 2232 4354 φέρω.
2256 4269 2372 4344 28),
2395 4262 2592 4324 etcum
2625 4259 2835 4314 arrham
2863 4248 3172 4323 appellavit.
3201 4244 3305 4299 Per
3327 4240 3430 4294 hoc
3452 4236 3596 4339 enim

1999 4327 2200 4428 diarum
2226 4327 2346 4429 est:
2361 4372 2549 4433 parum
2577 4351 2703 4424 quid
2732 4365 2799 4405 ex
2831 4353 2943 4402 toto
2970 4342 3153 4398 datum
3175 4327 3597 4397 esse.Quocirea

2001 4468 2237 4525 Joannes
2263 4416 2476 4529 qudque
2505 4416 2610 4504 hoc
2652 4445 2826 4515 ipsum
2867 4432 3197 4507 signiﬁcans,
3227 4423 3443 4480 dicebat
3470 4434 3485 4472 :
3518 4416 3600 4472 Ea:

2354 4512 2463 4619 eius
2510 4556 2603 4597 nos
2648 4512 2819 4633 omnes
2865 4526 3149 4633 accepi-mu?
3177 4518 3358 4593 (Joan.
3392 4515 3444 4568 l.
3478 4512 3595 4633 l6);

2000 4603 2071 4713 ει
2096 4668 2162 4710 eo
2187 4644 2331 4720 quod
2356 4683 2370 4710 ,
2394 4648 2452 4697 ut
2471 4640 2541 4694 ita
2567 4628 2823 4695 dixerim,
2851 4616 3238 4694 superﬂuebat,
3266 4627 3331 4667 ex
3363 4623 3428 4664 eo
3455 4603 3598 4677 quod

2003 4705 2376 4805 redundabat,
2425 4746 2491 4788 ex
2528 4740 2595 4783 eo
2620 4719 2762 4795 quod
2807 4705 3343 4786 superel'l'undebatur
3366 4742 3382 4769 ,
3410 4711 3601 4755 omnes

2002 4839 2329 4912 accepimus.
2370 4822 2664 4885 Considera
2714 4828 2843 4887 ergo
2864 4820 3022 4883 quam
3067 4804 3140 4911 sit
3177 4798 3324 4857 omni
3448 4799 3614 4864 parte.

2004 4889 2282 5001 sufﬁciens
2309 4923 2481 4999 gratia
2510 4915 2744 4988 Spiritus
2766 4910 2807 4973 ί,
2842 4920 2961 4978 quas
3004 4899 3258 4956 universo
3285 4889 3402 4948 orbi
3433 4894 3602 4940 terra-

2004 4998 2123 5096 rum
2155 4980 2569 5094 tautoatempore
2598 5007 2816 5075 sufﬁcit,
2844 5011 2899 5059 et
2923 5011 3095 5071 neque
3117 4980 3598 5096 circumscribitur,

2005 5073 2123 5096 ιιιιιι
2156 5073 2301 5088 ἰιι-η
2330 5073 2431 5081 ---ν
2491 5073 2494 5074 ν
2803 5073 2807 5075 γ

2004 5147 2105 5189 nec
2131 5073 2486 5184 consumitur:2
2512 5107 2607 5167 sed
2650 5114 2838 5160 omnes
2864 5092 3080 5168 quidem
3112 5083 3299 5154 implet
3325 5073 3520 5189 opibus
3546 5081 3604 5124 et

2071 5348 2156 5372 illll
2216 5348 2411 5366 ιιυιιινι.
2458 5348 2482 5355 -
2527 5348 2586 5351 -__

2011 5348 2193 5481 |("nam
2208 5412 2263 5458 et
2306 5348 2530 5466 angelurs
2553 5429 2567 5454 ,
2599 5393 2656 5440 et
2691 5377 2869 5435 anima
2896 5414 2911 5439 ,
2936 5379 2993 5424 et
3018 5369 3211 5418 ventus
3235 5348 3569 5481 hocndicitu;
3584 5384 3629 5412 κ

2562 5478 2571 5481 ³
2598 5477 2609 5481 ·
2727 5473 2759 5481 Ἀ
2836 5465 2874 5481 ἢ
2948 5457 3141 5481 ιῖφεμέο-.
3167 5465 3277 5481 ..ιιι-Λ
3378 5456 3532 5481 suumn
3578 5467 3624 5481 η,

2064 5439 2263 5464 ιιιιιιιυι.
2306 5439 2373 5454 ιι..
2416 5439 2527 5447 υ..-
2554 5439 2567 5454 ,
2611 5439 2616 5440 ,

2009 5439 2064 5561 in
2093 5498 2257 5557 multa
2287 5439 2431 5557 alia”)
2455 5527 2470 5551 ,
2493 5473 2795 5547 subiunxit,
2830 5465 2907 5521 De
2944 5457 3298 5531 Spiritumeo.
3328 5439 3624 5561 (hiemum.

2011 5538 2231 5656 inodum
2258 5598 2383 5655 ergo
2412 5538 2647 5633 hominis
2672 5561 2883 5640 spiritui
2908 5548 3193 5613 intercedit
3223 5557 3346 5601 cum
3387 5538 3602 5594 homine

2079 5756 2096 5785 ί
2134 5758 2250 5810 Reg.
2289 5746 2446 5795 unus,
2480 5716 2949 5810 potestasMspi'r’intps.
2983 5718 3038 5764 Et
3078 5710 3150 5761 sic
3190 5696 3611 5767 legit.Geuttatias

2017 5783 2274 5869 natiiis.
2293 5783 2509 5874 {inter},th
2528 5792 2672 5845 lectio
2695 5783 2915 5853 quadrat.
