4030 6392
490 298 602 354 ην

487 409 757 482 cognatio,
783 410 855 465 ita
883 410 1041 466 etiam
1088 408 1179 464 Dei
1221 407 1475 479 Spiritui,
1503 406 1598 461 sed
1623 407 1671 461 ei
1703 404 1871 460 nihilo
1900 402 2075 458 secius

489 504 728 559 titanenti
768 504 819 558 in
851 502 1062 574 propria
1115 500 1410 572 bypostasi.
1458 498 1620 570 quue
1648 497 1846 554 Paulus
1871 496 2075 567 signiti-

488 615 619 653 cans
644 599 855 653 dicebat
884 614 901 651 :
945 597 1068 664 Quis
1089 596 1232 651 enim
1254 594 1515 649 hominum
1545 594 1679 648 novit
1709 609 1822 662 quia
1844 601 1958 646 sunt
1985 592 2078 645 ho-

485 693 671 754 minis,
704 692 801 746 nisi
824 691 1030 758 spiritus
1057 688 1275 743 hominis
1302 688 1390 759 qui
1428 689 1482 741 in
1510 688 1622 757 ipso
1659 696 1731 740 est
1757 686 1783 739 Σ)
1820 683 1906 738 Ita
1925 684 2077 739 etiam

485 802 600 855 qum
627 795 740 840 sunt
758 784 852 839 Dei
876 824 892 848 ,
923 798 1072 839 nemo
1099 783 1257 851 novit,
1290 782 1388 837 nisi
1405 780 1637 852 Spiritus
1653 779 1745 834 Dei
1773 778 1850 852 (ι.
1879 778 1999 833 Cor.
2020 777 2075 837 2.

486 882 601 952 11),
636 896 740 936 non
769 877 1105 934 confundens
1137 877 1457 948 hypostases
1488 871 1582 930 seu
1615 888 1891 943 personas,
1913 873 2074 937 absit;

484 973 578 1027 sed
631 971 961 1027 nobilitatem
990 970 1224 1040 Spiritus
1250 969 1577 1040 signiﬁcans.
1608 968 1815 1036 Quanta
1844 980 1973 1036 ergo
1995 974 2080 1020 est

483 1066 651 1136 ipsius
672 1066 864 1121 animm
891 1079 1015 1119 eum
1042 1064 1213 1133 seipse
1234 1062 1539 1129 consensio,
1569 1070 1710 1115 tanta
1738 1068 1821 1114 est
1847 1057 2078 1128 Spiritus

481 1174 601 1213 eum
638 1158 797 1213 Patre
822 1156 1089 1228 cognatio.
1109 1154 1573 1224 Quemadmodum
1595 1168 1724 1223 ergo
1752 1152 1916 1207 Filius
1939 1165 2076 1222 quo-

490 1266 594 1321 que
618 1250 814 1305 dicitur
842 1249 1086 1316 verbum,
1120 1263 1220 1304 nec
1247 1258 1329 1303 est
1370 1259 1545 1305 tamen
1592 1245 1860 1317 ejusmodi
1883 1255 1940 1300 ut
1970 1259 2080 1305 non

482 1342 768 1407 subsistat,
810 1341 902 1396 scd
934 1356 1026 1411 per
1055 1339 1109 1395 id
1137 1340 1513 1412 cognoscimus
1545 1354 1664 1409 qua:
1703 1339 1773 1394 sit
1808 1337 1924 1407 ejus
1953 1351 2081 1395 cum

487 1433 646 1488 Patre
674 1433 956 1503 cognatio:
987 1432 1058 1487 ita
1085 1432 1253 1487 etiam
1275 1431 1506 1502 Spiritus
1552 1433 1648 1488 Dei
1684 1431 1878 1491 dicitur
1903 1430 2076 1502 Spiri-

360 1527 382 1537 '
484 1536 591 1589 tus,
625 1541 723 1581 nec
750 1534 926 1580 tamen
957 1539 1061 1580 non
1098 1524 1358 1580 subsistit.
1380 1524 1450 1579 Et
1472 1524 1920 1595 quemadmodum
1943 1540 2079 1597 quoq

483 1617 628 1672 niam
650 1625 731 1673 est
752 1618 1003 1688 proprius
1020 1632 1082 1672 ac
1097 1632 1385 1688 germanus
1398 1616 1571 1673 Patris
1586 1616 1770 1682 Filius,
1793 1625 2076 1688 propterea

488 1710 642 1767 nobis
673 1710 894 1783 largitur
921 1710 1263 1781 adoptionem
1304 1711 1532 1767 ﬁliorum
1563 1727 1576 1764 :
1620 1711 1692 1770 ita
1721 1710 1880 1766 etiam
1903 1711 2076 1783 Spiri-

489 1812 591 1869 tus,
623 1804 873 1875 quoniam
903 1818 999 1858 sua
1029 1811 1217 1859 natura
1243 1813 1326 1858 est
1370 1818 1434 1859 ex
1481 1804 1572 1858 Dei
1600 1804 1916 1870 substantia,
1937 1805 2077 1863 dona

488 1896 642 1950 nobis
666 1895 887 1965 prmbet.
909 1895 1041 1950 Nam
1078 1894 1240 1952 homo
1268 1911 1481 1966 quoque
1518 1896 1948 1967 quandoquidem
1976 1913 2074 1961 na-

486 1998 602 2042 tura
653 1986 815 2042 homo
842 1995 958 2053 est,
999 1986 1117 2042 ideo
1142 1994 1321 2057 potest
1363 1987 1597 2042 hominis
1627 1989 1845 2059 pingere
1887 1989 2076 2060 imagi-

483 2092 628 2133 nem.
673 2076 953 2150 PrOpterea
1000 2077 1251 2133 benedixit
1294 2086 1344 2133 te
1390 2076 1526 2145 Deus
1553 2080 1607 2134 in
1627 2090 1889 2141 retentum.
1925 2082 2083 2143 Alius.

479 2168 611 2228 dicit
632 2212 646 2237 ,
679 2168 853 2241 Hujus
874 2170 946 2224 rei
971 2169 1155 2241 gratia.

551 2261 829 2333 PrOphette
855 2271 903 2320 et
930 2262 1250 2333 evangelista:
1290 2261 1601 2331 di/Terentia.
1652 2295 1724 2304 --
1762 2264 1921 2323 Vides
1942 2280 2076 2337 quo-

482 2354 642 2411 modo
684 2370 749 2410 ex
791 2353 1095 2413 vehementi
1125 2355 1406 2413 aﬁ‘ectione
1435 2356 1509 2413 ad
1554 2357 1729 2428 ipsum
1775 2360 2082 2423 orationem

480 2446 707 2519 dirigit?
757 2447 829 2502 Ea
861 2446 927 2507 de
956 2461 1123 2503 causa
1169 2447 1304 2505 alibi
1344 2463 1561 2523 quoque
1605 2465 1714 2507 non
1758 2451 2076 2521 simpliciter

482 2541 659 2598 futura
688 2540 946 2611 prmdicit,
980 2541 1072 2597 sed
1102 2556 1210 2612 prce
1232 2556 1291 2598 se
1320 2541 1502 2601 ferens
1530 2543 1755 2616 ﬁguram
1780 2546 1942 2602 oblati
1966 2549 2074 2603 cri-

480 2636 642 2691 minis
669 2652 683 2689 :
717 2643 774 2691 ut
799 2634 1014 2707 quando
1035 2635 1168 2692 dicit
1192 2651 1206 2689 :
1243 2635 1414 2702 Quare
1436 2636 1756 2709 fremuerunt
1776 2650 1947 2711 gentes
1970 2681 1985 2707 ,
2026 2650 2078 2699 et

480 2728 658 2801 populi
690 2728 918 2785 meditati
945 2739 1062 2784 sunt
1083 2730 1259 2784 inania
1285 2729 1455 2802 (Psal.
1476 2729 1533 2786 2.
1568 2731 1624 2803 1)
1648 2733 1673 2787 ?
1694 2733 1769 2789 ila
1796 2733 1956 2789 etiam
1985 2733 2075 2791 hic

477 2836 601 2877 cum
637 2822 770 2878 dicit
803 2839 817 2877 :
852 2821 1133 2893 Propterea
1178 2821 1432 2877 benedixit
1461 2833 1508 2877 te
1538 2822 1678 2879 Deus
1706 2825 1761 2878 in
1803 2834 2068 2881 (sternam.

479 2916 611 2969 tium
640 2915 785 2969 enim
811 2929 922 2970 nec
937 2915 1004 2969 de
1026 2915 1144 2985 ejus
1173 2923 1294 2969 ortu
1317 2957 1333 2982 ,
1366 2931 1465 2970 nec
1491 2916 1560 2971 de
1587 2915 1906 2972 educatione
1929 2959 1944 2984 ,
1970 2933 2072 2974 nec

479 3012 549 3064 de
575 3009 690 3065 aliis
713 3009 999 3080 quidquam
1032 3009 1278 3077 dixisset,
1309 3009 1395 3065 hic
1423 3009 1598 3071 obiter
1622 3009 1691 3066 de
1715 3025 1783 3066 eo
1810 3011 2069 3082 loquitur.

482 3104 597 3173 Qua
624 3103 691 3160 de
718 3104 816 3159 re?
845 3103 997 3173 Quod
1025 3104 1205 3161 omnia
1235 3103 1450 3174 quidem
1484 3104 1667 3160 dicere
1698 3120 1794 3176 per
1822 3104 2070 3162 ordinem

477 3209 561 3253 est
593 3197 1041 3269 evangelistarum
1067 3239 1080 3262 ,
1114 3205 1168 3251 et
1206 3195 1327 3252 ideo
1355 3196 1442 3251 illa
1475 3197 1556 3252 eis
1599 3198 1934 3264 reservavit;
1968 3196 2077 3254 hoc

480 3291 622 3345 enim
651 3298 765 3344 erat
809 3288 1044 3344 ofﬁcium
1090 3288 1302 3343 illorum
1349 3288 1676 3343 narrationis
1727 3306 1741 3343 :
1777 3288 2073 3359 prophetia;

481 3399 611 3438 vero
656 3396 849 3436 munus
877 3391 994 3447 est,
1031 3388 1212 3451 partes
1255 3380 1461 3451 aliquas
1514 3395 1729 3437 sumere
1752 3424 1767 3447 ,
1811 3389 1870 3441 et
1896 3380 1962 3435 de
1990 3381 2070 3437 eis

481 3474 768 3530 disserere.
821 3474 891 3528 Et
929 3473 1051 3527 ideo
1081 3472 1358 3544 prophetze
1383 3485 1604 3543 quoque
1626 3471 1729 3527 hoc
1764 3472 1961 3542 ubique
1988 3470 2069 3524 fa-

478 3568 669 3622 ciunt:
700 3581 822 3620 nam
856 3579 1023 3637 pauca
1049 3567 1301 3636 qumdam
1338 3580 1460 3636 qua:
1485 3564 1551 3620 ad
1594 3563 1871 3620 historiam
1904 3566 2071 3635 perti-

421 3666 435 3685 ‘
479 3669 630 3725 nent,
662 3660 963 3731 injicieates
995 3668 1048 3715 et
1075 3658 1455 3715 adumbrantes
1479 3701 1493 3725 ,
1524 3657 1802 3714 recedunt.
1836 3656 1960 3723 Ideo
1984 3652 2079 3714 hic

476 3769 713 3824 quoque,
759 3750 1029 3808 Benedixit
1075 3761 1121 3805 te
1157 3749 1291 3805 Deus
1317 3791 1332 3818 ,
1363 3750 1572 3820 inquit,
1596 3750 1651 3805 in
1681 3759 1928 3805 teternum
1953 3792 1969 3817 ,
1993 3750 2072 3813 sic

476 3845 758 3900 declarans
779 3844 896 3915 ejus
919 3844 1082 3901 verba
1112 3853 1257 3899 tanta
1276 3843 1449 3913 gratia
1478 3841 1646 3899 fuisse
1672 3842 1852 3913 plena.
1881 3840 2071 3909 Consi-

473 3939 604 3996 dera
644 3954 774 4010 ergo
809 3939 1057 3995 virtutem
1108 3937 1314 4009 gratiae.
1367 3936 1686 3993 Deambulat
1742 3935 2077 4007 quandoque.

477 4046 646 4103 prope
665 4046 834 4099 mare,
863 4042 916 4086 et
941 4031 1145 4089 invenit
1163 4030 1420 4086 Iacobum
1448 4037 1504 4085 et
1528 4029 1815 4097 Joannem,
1834 4028 2072 4100 dicitque

446 4108 594 4179 fcis:
633 4122 808 4187 Venite
836 4131 947 4194 post
964 4138 1060 4187 me,
1088 4132 1136 4177 et
1163 4123 1349 4193 faciam
1377 4138 1464 4176 uos
1484 4124 1759 4192 piscatores
1787 4121 2075 4187 hominum.

479 4213 578 4269 I«lli
597 4208 713 4269 vero
743 4223 792 4268 et
820 4222 966 4284 patre
991 4222 1040 4268 et
1067 4211 1256 4268 retibus
1287 4211 1479 4265 relictis
1496 4250 1518 4280 ,Α
1561 4226 1681 4274 eum
1714 4211 1913 4282 sequuti
1953 4220 2074 4278 sunt

477 4306 689 4378 (Matth.
716 4308 770 4366 4.
802 4304 894 4361 2i.
923 4303 1050 4376 ἓξ).
1091 4303 1295 4363 Deinde
1324 4304 1488 4360 etiam
1528 4317 1652 4359 cum
1700 4303 1827 4357 alibi
1869 4302 2074 4365 diceret

474 4402 724 4458 «ιηιηὶιηιε
752 4399 1015 4470 apostolis
1043 4415 1056 4450 :
1098 4396 1365 4468 Numquid
1394 4412 1481 4450 vos
1516 4410 1716 4466 quoque
1757 4394 1906 4449 vultis
1932 4411 2071 4450 rece-

476 4497 638 4551 dere?
686 4495 815 4550 dicit
865 4494 915 4548 ei
965 4491 1156 4549 Petrus
1198 4507 1211 4543 :
1262 4488 1505 4559 Domine,
1538 4488 1689 4546 verba
1724 4489 1839 4555 vitta
1869 4498 2074 4557 aeterna:

477 4588 650 4653 habes,
681 4597 729 4640 et
778 4599 875 4641 nos
923 4585 1233 4639 credidimus
1280 4591 1332 4637 et
1368 4580 1695 4653 cognovimus
1732 4580 1869 4652 quod
1916 4589 1972 4650 tu
2020 4597 2073 4636 es

474 4679 706 4733 Christus
727 4675 895 4731 Filius
923 4675 1019 4730 Dei
1040 4677 1136 4730 vivi
1170 4692 1197 4730 :.
1233 4683 1281 4729 et
1309 4674 1377 4728 ad
1404 4689 1552 4743 quem
1573 4672 1822 4739 abibimus
1849 4672 1869 4744 (
1909 4670 2077 4746 Joan.

479 4774 534 4826 ti.
568 4770 657 4827 G8.
674 4768 793 4840 170)
810 4769 844 4823 ‘l.
860 4768 997 4837 Quid
1025 4768 1148 4823 dico
1174 4767 1510 4838 discipulos?
1538 4766 1643 4837 Ipsi
1663 4767 1926 4837 Pharisaei~
1949 4782 2072 4841 cum

478 4863 754 4919 misissent
802 4860 1112 4926 ministros,
1142 4858 1430 4922 audierunt
1471 4857 1836 4917 eosdieentes
1862 4876 1878 4915 :
1904 4857 2076 4931 Num-

473 4973 625 5024 quam
650 4956 809 5011 homo
825 4955 899 5009 sic
931 4954 1168 5024 loquutus
1198 4960 1293 5020 est,
1316 4962 1374 5015 ut
1399 4952 1482 5005 hic
1516 4952 1667 5006 homo
1695 4950 1858 5025 (Ibid.
1885 4952 2077 5027 7.46).

478 5051 545 5106 Et
571 5049 658 5103 alii
711 5060 900 5102 rursus
926 5044 1217 5116 dicebant,
1261 5042 1554 5113 Numquam
1592 5042 1664 5096 sic
1695 5042 1857 5098 uisum
1899 5052 1974 5097 est
2020 5034 2074 5096 in

481 5141 668 5198 .lsrael.
707 5141 774 5196 Et
817 5141 1155 5207 mirabantur,
1187 5139 1358 5210 inquit
1380 5180 1395 5204 ,
1418 5137 1554 5211 quod
1594 5154 1680 5193 eos
1719 5137 1917 5192 doceret
1944 5147 2074 5192 tam-

477 5253 628 5304 quant
657 5235 847 5291 habens
890 5242 1214 5307 potestatem,
1247 5241 1294 5293 et
1332 5248 1433 5287 non
1459 5240 1515 5291 ut
1539 5230 1718 5302 scribta
1755 5232 1985 5305 ipsorum
2027 5242 2074 5297 et

481 5325 737 5381 Pharisaei
765 5325 788 5399 (.
818 5324 1006 5381 Matth.
1035 5326 1091 5382 9.
1107 5326 1198 5381 '53.
1228 5334 1276 5380 et
1300 5324 1354 5393 7.
1381 5322 1473 5378 28.
1506 5319 1623 5395 29).

545 5421 601 5474 4.
632 5417 688 5474 Si
714 5419 848 5474 velis
874 5428 1055 5475 autem
1088 5428 1142 5473 tu
1170 5432 1383 5489 quoque
1421 5414 1560 5472 scire
1586 5413 1810 5486 gratiam
1836 5455 1853 5480 ,
1892 5413 2076 5481 consi-

479 5511 617 5566 dera
634 5513 824 5579 quanti.
843 5511 952 5564 sint
975 5509 1230 5580 ponderis
1247 5519 1301 5566 et
1326 5508 1586 5579 momenti
1624 5507 1742 5578 ejus
1769 5514 2034 5577 praecepta
2055 5548 2071 5575 ,

480 5611 538 5657 et
564 5601 768 5657 videbis
791 5603 907 5672 ejus
935 5594 1249 5671 potentiam.
1284 5600 1403 5656 Nisi
1428 5601 1540 5673 quis
1579 5599 1938 5654 renuntiaverit
1960 5614 2074 5652 om-

483 5694 652 5755 nibus,
681 5702 723 5745 et
748 5704 990 5762 printerea
1027 5694 1251 5748 animam
1273 5711 1419 5751 suam
1443 5694 1561 5749 odio
1588 5692 1850 5758 habuerit,
1880 5692 2071 5762 inquit,

485 5798 587 5850 non
608 5792 677 5834 est
706 5800 783 5840 me
809 5787 995 5854 dignus
1020 5782 1172 5855 (Luc.
1202 5787 1285 5851 14.
1314 5787 1418 5852 ὅῦῑ,
1448 5783 1605 5842 Joan.
1632 5784 1719 5841 l2.
1742 5784 1813 5843 25
1838 5801 1852 5852 ;
1885 5782 2075 5853 Matth.

1262 293 1318 349 S.
1351 288 1629 348 JOANNIS
1666 285 2149 349 CHRYSOSTOMI
2190 286 2513 345 ARCHIEP.
2554 285 3093 345 CONSTAN'I‘INOP.
3654 293 3747 350 iga

2194 400 2279 458 ll).
2310 400 2396 455 57.
2426 401 2548 471 38).
2590 400 2780 459 Sermo
2811 413 2986 459 tamen
3029 411 3231 460 tantum
3262 405 3451 475 potuit,
3482 415 3538 467 ut
3563 408 3610 462 in
3632 426 3750 479 opus

2185 494 2398 559 exiret,
2444 503 2498 548 et
2523 509 2706 548 revera
2754 494 2806 548 id
2859 493 3011 550 ﬁeret
3042 513 3055 549 :
3085 504 3230 551 tanta
3273 507 3387 551 erat
3428 497 3541 567 ejus
3578 501 3747 568 gratis.

2184 581 2322 650 Quid
2358 592 2441 638 est
2478 584 2666 653 majori
2696 584 2972 643 nobiscum
3002 585 3354 645 familiaritate
3393 602 3456 643 ac
3480 592 3750 645 necessitu-

2184 674 2309 733 dine
2337 674 2683 743 conjunctum
2709 718 2724 743 ,
2769 691 2929 747 quam
2975 678 3193 735 anima?
3238 679 3394 751 Atqui
3426 679 3537 751 ipsa
3561 696 3752 752 quoque

2183 766 2512 837 contemptui
2537 766 2713 822 habita
2736 776 2818 825 est
2846 777 3064 838 ιιι-ορμη-
3087 770 3227 825 illius
3242 770 3467 845 jussum.
3497 771 3572 828 Tu
3592 783 3753 837 autem

2183 872 2304 911 cum
2335 858 2508 923 audis,
2535 857 2797 912 Benedixit
2825 868 2872 913 te
2895 857 3035 916 Deus
3057 903 3072 926 ,
3097 876 3164 917 ne
3190 861 3384 917 labaris
3402 905 3417 932 ,
3447 879 3543 919 nec
3570 864 3753 923 humile

2184 958 2239 1005 et
2288 949 2557 1019 abjectum
2611 950 2879 1022 quidpiam
2932 953 3269 1023 cogitaveris.
3316 954 3753 1023 Quemadmodum

2183 1040 2326 1096 cnim
2352 1040 2463 1111 jam
2493 1049 2616 1097 ante
2653 1041 2784 1109 dixi,
2812 1042 2881 1098 de
2907 1058 3071 1100 carae
3099 1045 3348 1115 loquitur,
3375 1063 3494 1117 quas
3515 1048 3664 1103 habet
3688 1050 3754 1105 la-

2183 1131 2289 1197 bia,
2315 1148 2436 1204 qua:
2461 1132 2686 1204 gratiam
2729 1134 2985 1205 suscipit,
3018 1152 3137 1206 qua:
3173 1138 3395 1208 suscipit
3441 1139 3752 1199 benedictio-

2183 1240 2326 1280 nem.
2359 1226 2499 1283 Deus
2523 1229 2666 1283 ettim
2712 1244 2812 1284 nec
2855 1229 3227 1288 benedictione
3265 1247 3399 1301 opus
3438 1231 3624 1300 habet,
3667 1249 3752 1293 nec

2179 1320 2348 1388 gratia
2377 1336 2398 1384 :_
2422 1335 2544 1379 nam
2576 1322 2716 1380 Deus
2742 1321 2938 1381 nullius
2974 1322 3053 1379 rei
3090 1321 3307 1394 indiget.
3339 1322 3756 1391 Quemadmodum

2180 1410 2325 1471 enim
2347 1453 2363 1477 ,
2399 1412 2606 1483 inquit,
2659 1412 2811 1467 Pater
2834 1414 3041 1468 suscitat
3068 1424 3288 1469 mortuos
3327 1426 3375 1469 et
3415 1416 3626 1484 vivi/ictu
3652 1418 3755 1471 εὔια

2179 1502 2330 1556 etiam
2345 1519 2471 1574 quos
2491 1503 2594 1559 vult
2621 1503 2665 1558 F
2666 1505 2783 1561 ilius
2808 1506 3024 1575 viri/ictu
3046 1504 3221 1576 (Joan.
3251 1506 3304 1563 5.
3327 1505 3443 1579 2i).
3465 1506 3528 1563 Et
3552 1498 3750 1564 rursus:

2185 1590 2354 1663 Opera
2388 1610 2503 1665 qua:
2540 1595 2628 1649 ille
2664 1597 2809 1665 facit,
2855 1613 2915 1651 ea
2957 1613 3151 1668 quoque
3192 1598 3314 1667 facit
3346 1597 3515 1654 Filius
3548 1600 3755 1656 similiter

2180 1684 2365 1757 (Ibid.
2393 1703 2439 1742 υ.
2475 1686 2589 1759 19).
2614 1688 2679 1742 Ει
2704 1703 2891 1744 rursus
2923 1708 2935 1743 :
2967 1689 3111 1752 Sicut
3138 1691 3393 1762 cognoscit
3421 1708 3501 1747 me
3528 1690 3690 1759 Pater,
3713 1703 3754 1747 et

2179 1792 2271 1849 ego
2308 1794 2504 1849 quoque
2540 1795 2787 1850 cognosco
2815 1779 3025 1835 Patrem
3067 1781 3191 1852 (Ib.
3218 1782 3435 1857 10.15).
3458 1782 3584 1839 Illud
3605 1787 3751 1848 enim,

2182 1868 2273 1924 Sic
2294 1911 2308 1934 ,
2353 1880 2407 1931 ct
2435 1870 2710 1939 Similiter,
2757 1881 2809 1927 et
2831 1873 3014 1940 Sicut,
3058 1873 3358 1945 signiﬁcant
3384 1891 3507 1937 eum
3533 1891 3647 1937 esse
3673 1891 3755 1947 per

2179 1962 2356 2027 omnia
2381 1963 2652 2020 similem:
2685 1965 2779 2020 sed
2827 1965 2913 2024 hic
2959 1966 3025 2022 de
3072 1966 3302 2024 humana
3348 1978 3569 2038 natura,
3610 1986 3755 2041 quam

2180 2067 2525 2125 susceperat,
2571 2057 2765 2128 agitur.
2823 2058 3083 2114 Audimus
3132 2068 3312 2116 autem
3348 2061 3520 2132 ipsum
3562 2077 3757 2135 quoque

2181 2161 2365 2205 rursus
2389 2147 2653 2203 dicentem
2680 2167 2692 2202 :
2726 2148 3007 2220 Propterea
3032 2149 3187 2206 Pater
3210 2169 3290 2207 me
3314 2153 3501 2226 diligit,
3541 2155 3653 2231 quia
3675 2171 3757 2226 ego,

2181 2256 2315 2310 pauo
2357 2241 2580 2295 animam
2606 2259 2770 2297 nteant
2795 2260 2887 2314 pro
2915 2243 3087 2299 ovibus
3115 2244 3133 2315 (
3159 2244 3297 2300 Ibid.
3326 2247 3416 2312 10.
3447 2250 3563 2321 17).
3603 2247 3754 2304 Num—

2178 2331 2307 2402 quid
2343 2347 2466 2391 eum
2494 2350 2601 2402 non
2621 2334 2879 2407 diligebat
2903 2338 3103 2392 antea?
3132 2338 3415 2416 Quomodo
3442 2356 3571 2412 ergo
3593 2341 3713 2397 dixit
3738 2361 3753 2407 ε,

2183 2423 2284 2479 Hic
2312 2435 2387 2487 est
2411 2426 2583 2482 Filius
2611 2445 2753 2483 meus
2781 2429 2993 2496 dilectus
3022 2431 3042 2503 (
3065 2429 3253 2487 Matth.
3285 2434 3337 2495 5.
3370 2433 3475 2503 11)
3498 2435 3521 2489 ?
3544 2435 3642 2491 Sed
3668 2435 3760 2500 hoc.

2180 2516 2358 2585 posuit
2384 2516 2572 2584 volens
2597 2519 2885 2586 ostendere
2913 2532 3167 2591 quantum
3197 2533 3251 2579 et
3271 2539 3434 2595 quam
3464 2527 3757 2597 praclarum

2179 2609 2248 2664 ab
2271 2609 2621 2673 caederetur
2648 2610 2875 2668 facinus.
2914 2612 3068 2681 Sicut
3090 2630 3219 2687 ergo
3260 2616 3370 2677 illic
3416 2619 3468 2672 in
3507 2617 3755 2681 reddenda

2179 2704 2389 2769 ratione
2417 2712 2693 2779 estcausa
2717 2708 2903 2780 aliqua,
2921 2749 2938 2774 ,
2979 2708 3055 2773 ita
3082 2709 3242 2766 etiam
3265 2708 3356 2768 hic
3380 2727 3589 2783 quoque
3611 2727 3755 2772 causa

2178 2805 2265 2854 est
2288 2798 2589 2857 manifesta.
2614 2800 2725 2865 Hae
2748 2803 2890 2858 enim
2918 2802 2986 2859 de
3004 2818 3165 2867 causa
3191 2806 3342 2877 prius
3368 2806 3540 2871 dixit:
3563 2806 3755 2878 8M0!

2177 2909 2264 2947 sus
2301 2897 2469 2964 forma
2496 2910 2604 2965 pra:
2627 2895 2749 2964 filiis
2772 2895 3072 2963 hominum;
3092 2906 3165 2964 et,
3200 2896 3407 2966 Diffusa
3433 2908 3505 2955 est
3530 2900 3682 2973 gratia
3706 2898 3756 2961 in

2177 2983 2327 3038 labiis
2351 2984 2450 3039 tuis
2475 3000 2494 3040 :
2513 2993 2590 3051 et,
2615 2984 2893 3057 Propterea
2919 2989 3168 3044 benedixit
3195 2999 3241 3060 te
3260 2989 3402 3046 Deus
3421 2993 3474 3046 in
3493 3002 3755 3061 ceterum;

2177 3074 2232 3131 id
2256 3086 2521 3147 suscepta:
2545 3076 2861 3135 humanitati
2889 3078 3202 3139 adscribens
3223 3123 3239 3147 ,
3265 3091 3322 3137 ut
3347 3083 3560 3154 quando
3588 3096 3757 3143 rursus

2177 3166 2470 3224 humanum
2498 3168 2625 3240 quid
2650 3170 2891 3227 dicturus
2911 3170 3000 3239 sit,
3028 3179 3084 3227 et
3104 3172 3243 3243 quod
3272 3174 3344 3234 sit
3368 3175 3486 3244 ejus
3514 3174 3748 3245 dignitate

2178 3260 2419 3325 inferius,
2448 3276 2516 3318 ne
2541 3262 2758 3330 labaris,
2789 3264 2885 3319 sed
2911 3279 3203 3336 cognoscas
3232 3266 3301 3322 de
3325 3283 3557 3338 quonam
3587 3268 3750 3338 loqua-

2178 3363 2282 3409 tur.
2312 3354 2387 3410 lta
2415 3356 2575 3410 etiam
2601 3354 2767 3410 .lacob
2794 3356 3139 3412 humanitatis
3182 3370 3450 3428 susceptae
3492 3359 3749 3415 consilium

2176 3449 2523 3520 signiﬁcans,
2580 3459 2699 3520 post
2747 3451 2914 3506 multa
2959 3452 3066 3506 alia
3109 3451 3361 3507 dicebat:
3398 3452 3615 3508 Gratiosi
3655 3452 3760 3521 ejus,

2179 3542 2321 3598 oculi
2347 3544 2475 3598 sicut
2500 3544 2668 3599 uinum
2689 3585 2704 3610 ,
2740 3553 2787 3598 et
2826 3544 3031 3599 candidi
3055 3545 3227 3600 dentes
3246 3546 3356 3616 ejus
3378 3546 3495 3618 plus
3517 3562 3660 3619 quam
3683 3548 3750 3599 lac

2177 3634 2340 3707 (Gen.
2377 3635 2467 3691 49.
2501 3636 2628 3708 1-2).
2675 3637 2933 3692 Divinitas
2970 3647 3150 3693 autem
3207 3653 3313 3694 non
3350 3638 3513 3694 habet
3552 3638 3742 3693 dentes.

2177 3729 2332 3785 Alius
2357 3744 2573 3800 quoque
2605 3729 2865 3801 prapbeta
2892 3730 3020 3786 dicit
3051 3748 3064 3784 :
3097 3729 3357 3787 Percutiet
3401 3742 3583 3787 (errant
3623 3728 3760 3789 verba.

2176 3821 2280 3881 oris
2308 3821 2408 3889 sui,
2438 3831 2483 3875 et
2506 3821 2689 3892 spiritu
2725 3821 2971 3882 labiarum
2995 3822 3135 3877 tollet
3154 3824 3369 3893 impium
3388 3823 3535 3895 (Isai.
3583 3821 3757 3895 HJ),

2176 3911 2364 3968 eadem
2403 3912 2588 3968 dicens
2608 3928 2728 3983 quae
2757 3912 2954 3979 Paulus
2983 3930 2997 3967 :
3035 3912 3194 3980 Quem
3224 3911 3480 3971 Dominus
3519 3922 3751 3969 consumet

2176 4005 2360 4075 spiritu
2388 4007 2491 4061 oris
2525 4007 2639 4072 sui,
2681 4015 2729 4060 et
2763 4006 2977 4067 abolebit
3008 4006 3329 4080 apparitione
3352 4017 3463 4063 suta
3497 4004 3752 4079 prementia

2179 4099 2270 4173 (2.
2304 4098 2479 4159 Thess.
2507 4099 2562 4154 2.
2587 4098 2678 4172 8).

2249 4191 2481 4249 Christus
2505 4202 2560 4251 ut
2585 4191 2933 4261 benedicatur.
2955 4222 3031 4233 —
3056 4190 3137 4253 Ne
3158 4200 3212 4247 tu
3241 4207 3369 4264 ergo
3395 4207 3516 4251 cum
3546 4192 3653 4259 huic
3671 4206 3750 4244 au-

2176 4283 2373 4353 dieris,
2395 4292 2712 4341 contemnas
2735 4321 2753 4347 ,
2783 4283 3024 4345 ostendit
3044 4283 3139 4340 tibi
3161 4283 3302 4351 vires
3329 4284 3635 4345 divinitatis.
3660 4282 3759 4341 Ne-_

2177 4390 2283 4446 que
2310 4375 2452 4436 enim
2474 4390 2693 4433 carnem
2720 4374 2910 4438 dividit
2932 4390 2963 4429 a
2991 4373 3294 4447 divinitate,
3326 4391 3504 4448 neque
3528 4373 3756 4441 divinitag

2179 4476 2288 4526 tem
2310 4483 2339 4522 a
2368 4483 2549 4535 carne,
2583 4482 2691 4524 non
2723 4465 3049 4523 substantias
3076 4466 3442 4535 confundens,
3474 4467 3643 4543 absit:
3671 4462 3752 4518 sed

2180 4559 2429 4619 unionem
2452 4559 2761 4624 ostendens.
2787 4558 3073 4630 PrOpterea
3095 4558 3220 4615 dicit
3245 4578 3261 4618 :
3282 4559 3549 4625 Benedirit
3570 4568 3615 4613 te
3635 4556 3761 4623 Deus

2177 4652 2231 4706 in
2277 4661 2542 4706 aeternum.
2591 4652 2722 4720 Quis
2766 4660 2850 4707 est
2892 4660 3069 4707 autem
3113 4651 3306 4713 modus
3352 4645 3762 4721 benedictionis?

2178 4742 2449 4798 Assistunt
2474 4743 2680 4813 angeli,
2711 4742 3052 4814 archangeli,
3098 4743 3315 4811 throni,
3343 4742 3751 4802 dominationes,

2180 4837 2504 4908 principatus
2531 4877 2547 4902 ,
2582 4845 2894 4907 potestates,
2928 4836 3171 4893 laudibus
3195 4838 3528 4894 celebrantes
3556 4856 3568 4890 :
3599 4832 3763 4897 omnis.

2181 4942 2320 4988 terra
2356 4949 2385 4986 a
2414 4931 2609 4987 ﬁnibus
2655 4931 2707 4997 in
2749 4932 2889 4994 ﬁnes.
2923 4931 3092 4987 Deum
3122 4933 3457 5005 incarnatum
3503 4930 3675 4996 canit,
3709 4932 3753 4978 et

2179 5024 2426 5084 laudibus
2455 5022 2649 5091 afﬁcit.
2675 5024 2887 5093 Primus
2912 5024 3055 5085 enim
3084 5023 3253 5093 Adam
3300 5024 3500 5096 ingenti
3542 5022 3764 5093 repletus

2181 5119 2279 5176 fuit
2306 5120 2706 5188 maledictionc,
2737 5120 2824 5179 hic
2845 5131 3032 5187 contra
3059 5120 3224 5175 multa
3253 5119 3639 5191 benedictione.
3675 5111 3754 5165 ille

2179 5212 2420 5279 audivit,
2454 5211 2763 5267 Maledictus
2791 5222 2846 5265 tu
2870 5229 2924 5269 tu
2950 5211 3186 5281 operibus
3216 5212 3323 5271 tuis
3342 5212 3360 5283 (
3382 5210 3511 5285 Gen.
3538 5211 3589 5264 5.
3623 5205 3714 5275 17)
3738 5219 3751 5264 ξ

2179 5313 2237 5359 et
2259 5304 2394 5366 alius
2422 5311 2546 5374 post
2573 5303 2744 5369 illum,
2772 5301 3079 5359 Haledictus
3098 5343 3114 5371 ,
3150 5304 3236 5374 qui
3262 5303 3391 5374 facit.
3409 5318 3535 5372 opus
3563 5298 3657 5371 Dei
3680 5311 3759 5359 ηδε.

2178 5397 2427 5469 gligeuter
2442 5394 2575 5468 (Jer.
2601 5396 2693 5452 48.
2717 5395 2830 5467 10),
2852 5405 2926 5461 et,
2955 5392 3373 5473 Maledictus,qui
3393 5409 3493 5447 non
3517 5393 3752 5461 permanet

2179 5496 2233 5549 in
2254 5495 2484 5550 omnibus
2501 5507 2616 5563 qua
2640 5491 2831 5562 scripta
2855 5489 3037 5545 suntin
3058 5488 3184 5544 libro
3210 5488 3302 5542 hoc
3320 5486 3491 5558 (Deut.
3520 5484 3606 5538 27.
3628 5477 3711 5548 26)
3730 5492 3753 5555 ς,

2182 5597 2255 5654 et,
2292 5587 2630 5653 Maledictus,
2682 5583 2769 5656 qui
2796 5583 2978 5654 pendet
3013 5583 3066 5636 in
3091 5582 3231 5653 ligno
3254 5578 3378 5652 (Ib.
3398 5579 3488 5634 2i.
3511 5576 3580 5630 26
3604 5577 3640 5643 ).
3672 5570 3748 5623 Vi-

2182 5681 2277 5739 des
2306 5688 2439 5751 quot
2463 5674 2915 5750 maledictiones?
2944 5674 3027 5730 Ab
3054 5673 3140 5729 his
3164 5672 3412 5743 omnibus
3448 5679 3501 5724 te
3531 5660 3754 5732 liberavit)

2184 5777 2459 5851 Christus,
2510 5772 2680 5849 factus
2707 5769 3049 5848 maledictum
3077 5766 3230 5843 (Gul.
3263 5768 3317 5825 3.
3352 5761 3470 5850 13).
3500 5753 3744 5856 ρυεωεᾴο
