4030 6444
1296 365 1315 375 ~
1374 322 1751 403 ‘EXPOSITIO
1790 322 1856 380 IN
1895 321 2230 381 PSALMUM
2271 323 2458 378 XLIV.
3398 348 3403 353 -
3447 314 3553 369 188

1975 415 2212 482 μισήσῃ
2252 414 2349 467 καί
2389 412 2501 481 τὴν
2527 409 2744 467 ἑαυτοῦ
2786 408 3020 481 ψυχὴν,
3055 407 3241 478 φησὶν,
3271 407 3383 461 οὐκ
3423 405 3558 460 ἐστι

287 318 361 376 \RT

297 426 545 500 ίινθρὼπου
578 427 828 500 πνεῦμα
870 425 1130 498 συγγενές
1159 425 1274 479 ὲστι
1306 422 1397 477 τοῦ
1429 422 1739 492 ἀνθρώπου,
1768 420 1862 475 οὖ-

303 497 477 574 τοι-καὶ
528 516 595 569 τὸ
618 497 759 573 τοῦ-
780 515 948 580 Θεοῦ,
979 514 1094 569 ἀλλ’
1132 516 1190 567 ὲν
1232 512 1336 583 ἰδίᾳ
1367 511 1660 565 ὑποστάσει
1688 508 1868 580 μένον.
1973 524 2091 575 μου
2134 505 2320 570 ἄξιος.
2367 504 2505 557 Ἀλλ’
2548 504 2698 574 ὅμως
2731 504 2953 573 ἴσχυσεν
2981 504 3010 554 6
3036 500 3193 568 λόγος
3222 497 3384 569 ἔργον
3406 497 3560 566 γενέ-

311 611 390 666 Kal
433 606 599 660 τοῦτο
652 607 841 678 δηλῶν
880 608 910 660 6
960 603 1167 668 Παῦλος
1220 601 1391 670 ἔλεγε·
1440 601 1533 666 Ίῖς
1566 598 1675 669 γὰρ
1710 595 1875 652 οἶδεν
1982 598 2145 651 σθαι·
2195 595 2432 665 τοσαύτη
2463 589 2531 665 ἦν
2586 592 2752 647 αὑτοῦ
2784 594 2818 663 ἡ
2853 592 3032 664 χάρις.
3060 590 3254 643 Καίτοι
3282 588 3334 640 τί
3381 586 3561 658 ψυχῆς

310 696 610 765 ἀνθρώπων
665 694 744 748 τὰ
791 693 902 748 τοῦ
949 691 1281 761 ἀνθρώπου,
1329 691 1383 743 εὶ
1411 686 1497 759 μὴ
1540 687 1604 740 τὸ
1639 687 1876 755 πνεῦμα
1981 689 2343 760 οίκειότερον;
2386 686 2547 740 Ἀλλὰ
2581 686 2676 740 καὶ
2700 686 2840 755 αῦτη
2871 681 3354 753 καταπεφρόνηται
3382 679 3469 733 διὰ
3500 679 3561 731 τὸ

312 786 395 842 τοῦ
422 784 742 852 ἀνθρώπου
774 784 841 838 τὸ
863 784 934 837 ἑν
956 780 1152 847 αὺτῷ;
1188 779 1351 833 Οὕτω
1379 777 1475 831 καί
1498 776 1570 831 τὰ
1592 776 1698 830 τοῦ
1729 775 1875 830 Θεοῦ
1985 781 2315 850 πρόσταγμα
2335 775 2397 830 τὸ
2429 774 2662 829 ἐκείνου.
2691 774 2762 826 Σὺ
2793 772 2851 826 δὲ
2882 771 3118 834 ἁκούων,
3140 765 3457 837 Εὐλόγησέ
3484 779 3562 821 σε

309 872 487 941 οὐδεὶς
531 868 720 935 οἶδεν,
756 872 809 925 εί
833 869 921 939 μὴ
955 868 1021 923 τὸ
1051 867 1291 937 Πνεῦμα
1318 866 1423 921 τοῦ
1452 865 1621 919 Θεοῦ·
1660 865 1720 917 οὑ
1748 880 1877 932 συγ·
1984 874 2017 924 ό
2044 867 2208 935 Θεὸς,
2248 866 2323 937 μὴ
2356 863 2699 934 καταπέσῃς,
2744 860 2881 933 μηδὲ
2909 858 3164 913 ταπεινόν
3193 875 3245 911 τι
3276 857 3560 927 ἐννοήσῃς.

310 961 436 1033 χέων
486 958 588 1022 τὰς
640 957 988 1035 ὑποστάσεις,
1041 956 1116 1027 μὴ
1156 955 1383 1024 γένοιτο,
1417 951 1554 1007 ἀλλὰ
1593 952 1693 1024 τὴν
1721 949 1851 1020 εὑγέ
1986 956 2166 1033 "amp
2193 958 2303 1031 γὰρ
2352 956 2522 1028 ἔφθην
2559 954 2752 1019 εἰπὼν,
2799 953 2930 1023 περὶ
2970 952 3067 1021 τῆς
3098 950 3299 1021 σαρκὸς
3332 951 3361 1003 6
3404 949 3565 1017 λόγος

308 1066 445 1101 νειαν
475 1045 574 1100 τοῦ
608 1044 926 1116 Πνεύματος
963 1043 1155 1116 δηλῶν.
1185 1044 1325 1114 Ὀση
1349 1039 1479 1111 γοῦν
1505 1040 1683 1111 ψυχῆς
1708 1040 1880 1109 αὑτῆς
1990 1053 2130 1117 ἐστὶ,
2167 1051 2266 1114 τῆς
2296 1048 2448 1119 χειλη
2473 1045 2725 1118 ἐχούσης,
2753 1045 2996 1115 περὶτῆς
3025 1041 3322 1112 δεχομένης
3349 1038 3448 1108 τὴν
3475 1036 3569 1107 χά.

309 1138 437 1209 :96;
478 1136 682 1208 ἑαυτὴν
712 1136 746 1208 η
790 1135 1094 1206 συμφωνία,
1132 1132 1365 1204 τοσαύτη
1408 1132 1501 1186 τοῦ
1560 1132 1881 1203 Πνεύματος
1991 1160 2095 1216 ριν,
2134 1142 2265 1213 περὶ
2290 1140 2389 1209 τῆς
2423 1136 2721 1209 δεχομένης
2749 1134 2847 1204 τὴν
2882 1131 3154 1200 εὐλογίαν.
3208 1131 3268 1182 '0
3297 1129 3406 1199 γὰρ
3434 1127 3568 1189 Θεὸς

309 1229 437 1300 πρὸς
464 1228 557 1282 τὸν
583 1228 856 1300 Πατέραὴ
889 1226 1193 1295 συγγένεια.
1227 1227 1438 1297 Ὥσπερ
1467 1220 1559 1279 οὖν
1582 1226 1676 1283 καὶ
1699 1227 1728 1280 6
1754 1225 1882 1290 Υἱὸς
1988 1233 2238 1303 εὐλογίας
2278 1232 2340 1284 οὑ
2392 1230 2587 1292 δεῖται,
2619 1226 2740 1280 οὑδὲ
2788 1226 3036 1295 χάριτος’
3088 1219 3330 1282 ἀνενδεὲς
3364 1218 3472 1288 γὰρ
3508 1217 3570 1269 τδ

305 1323 474 1390 Λόγος
493 1322 733 1390 λέγεται,
761 1320 873 1374 ἀλλ’
902 1321 1004 1383 οὐκ
1030 1320 1417 1382 ἀνυπόστατος,
1445 1317 1581 1372 ἀλλὰ
1606 1318 1695 1373 διὰ
1725 1318 1883 1374 τοῦτο
1988 1326 2161 1380 Θείον.
2195 1323 2424 1387 ’Ὥσπερ
2452 1318 2563 1389 γὰρ
2586 1320 2618 1371 6
2647 1316 2850 1384 Πατὴρ
2871 1314 3100 1384 ἐγείρει,
3125 1311 3277 1381 φησὶ,
3302 1309 3443 1374 τοὺς
3469 1324 3569 1361 νε-

301 1412 362 1466 τό
392 1412 533 1482 πρὸς
567 1411 659 1464 τὸν
690 1410 906 1482 Πατέρα
951 1412 1207 1479 συγγενὲς
1263 1410 1350 1472 ῐνα
1403 1411 1682 1481 μάθωμεν·
1741 1410 1884 1463 οὑτω

302 1507 400 1567 καὶ
436 1505 498 1556 τὸ
540 1503 760 1574 Πνεῦμα
792 1504 886 1558 τοῦ
918 1503 1073 1569 Θεοῦ,
1106 1503 1329 1574 Πνεῦμα
1358 1503 1595 1573 λέγεται,
1632 1500 1747 1555 ἀλλ’
1785 1502 1885 1555 οὑκ

303 1598 698 1653 ἀνυπόστατον.
727 1596 838 1650 Καὶ
874 1596 1060 1665 ὥσπερ
1098 1597 1282 1667 ἐπειδὴ
1310 1597 1530 1668 γνήσιός
1568 1596 1713 1648 ἐστιν
1755 1592 1886 1657 Υἱὸς

300 1690 401 1743 τοῦ
453 1689 689 1762 Πατρός,
740 1689 828 1742 διὰ
874 1688 1034 1742 τοῦτο
1082 1688 1349 1742 υἱοθεσίαν
1408 1690 1539 1760 ἡμῖν
1582 1687 1882 1759 χαρίζεται·

300 1780 452 1843 οὓτω
488 1781 585 1832 καὶ
620 1780 681 1832 τὸ
716 1777 961 1849 Πνεῦμα,
1003 1779 1188 1850 ἐπειδὴ
1231 1778 1390 1847 φύσει
1422 1778 1523 1848 τῆς
1547 1777 1733 1840 ούσίας
1773 1776 1888 1829 ἐστὶ

302 1872 402 1926 τοῦ
436 1872 597 1935 Θεοῦ,
645 1871 714 1924 τὰ
757 1871 1071 1942 χαρίσματα
1123 1874 1256 1943 ἡμῖν
1297 1870 1547 1942 παρέχει.
1593 1870 1747 1923 Ἐπεὶ
1797 1871 1889 1922 καὶ

306 1964 618 2035 ἄνθρωπος,
673 1964 857 2034 ἐπειδὴ
900 1963 1057 2033 φύσει
1099 1962 1381 2032 ἄνθρωπός
1418 1963 1553 2025 ἐστι,
1608 1959 1693 2013 διὰ
1733 1958 1891 2013 τοῦτο

1990 1413 2172 1484 κροὺς
2204 1412 2299 1465 καὶ
2341 1407 2636 1471 ζωοποιεῖ·
2677 1406 2832 1460 οὕτω
2871 1404 2970 1457 καὶ
3005 1406 3037 1457 6
3095 1403 3228 1465 Υἱὸς
3272 1400 3380 1467 οὓς
3415 1398 3576 1453 θέλει

1992 1503 2270 1569 ζωοποιεῖ.
2316 1503 2424 1555 Καὶ
2468 1500 2664 1555 πάλιν·
2720 1499 2797 1552 Τὰ
2842 1496 2986 1565 ἔργα
3024 1492 3062 1548 ἁ
3104 1493 3335 1556 ἐκεῖνος
3389 1489 3570 1555 ποιεῖ,

1992 1591 2179 1646 ταῦτα
2205 1587 2303 1642 καί
2334 1591 2365 1642 6
2404 1587 2539 1650 Υἱὸς
2561 1584 2767 1654 ὁμοίως
2804 1581 2976 1635 ποιεῖ.
3006 1579 3116 1633 Καὶ
3146 1578 3336 1632 πάλιν·
3370 1573 3575 1639 Καθὼς

1992 1679 2271 1750 γινώσκει
2292 1692 2369 1744 με
2394 1677 2425 1728 6
2446 1674 2670 1740 Πατὴρ,
2702 1669 2865 1739 κάγὼ
2888 1669 3156 1737 γινώσκω
3184 1666 3291 1718 τὸν
3322 1662 3571 1729 Πατέρα.

1997 1768 2072 1822 T6
2118 1764 2249 1836 γὰρ,
2298 1762 2481 1825 Οὕτω,
2517 1764 2610 1814 καὶ
2643 1759 2722 1823 τὸ,
2765 1756 3033 1825 Ὀμοίως,
3087 1753 3181 1807 καὶ
3225 1751 3306 1816 τὺ,
3348 1750 3573 1815 Καθὼς.

1996 1850 2409 1926 ἀπαραλλαξίας
2451 1847 2617 1901 ἐστίν.
2656 1843 2794 1897 Ἀλλ’
2823 1841 3058 1895 ἐνταῦθα
3088 1840 3217 1911 περὶ
3243 1838 3340 1908 τῆς
3370 1839 3577 1890 οἰκονο-

2003 1948 2131 2020 μίας
2158 1949 2187 2000 6
2205 1946 2385 2013 λόγος.
2421 1940 2716 2010 Ἀκούομεν
2736 1937 2793 1991 δὲ
2816 1937 2907 1989 καὶ
2930 1933 3096 1988 αὑτοῦ
3127 1931 3288 1986 πάλιν
3306 1930 3576 1998 λέγοντος·

1999 2016 2115 2091 Διὰ.
2135 2035 2313 2089 τοῦτό
2339 2049 2415 2103 με
2442 2034 2474 2086 6
2505 2028 2707 2096 Πατὴρ
2736 2023 2957 2092 ἀγαπᾷ,
2986 2022 3074 2076 ὅτι
3094 2021 3209 2091 ἐγὼ
3232 2020 3346 2088 τὴν
3369 2016 3583 2087 ψυχήν

306 2058 521 2133 γράψαι
552 2056 774 2111 δύναται
814 2055 998 2121 εἰκόνα
1034 2053 1341 2122 ἀνθρώπου.
1386 2054 1489 2113 Διὰ
1517 2053 1690 2107 τοῦτο
1712 2052 1889 2106 εὐ.ῖό-

310 2151 467 2219 τησέ
504 2164 580 2203 σε
616 2152 649 2204 6
672 2149 814 2228 Θεὸς
835 2149 921 2215 εἰς
951 2147 1058 2203 τὸν
1088 2147 1293 2203 αἰῶνα.
1329 2145 1522 2211 Ἄλλος
1550 2144 1719 2215 λέγει,
1765 2144 1892 2197 Ἐπί

310 2242 521 2309 τούτῳ.

392 2356 562 2428 Ὀρᾷς
592 2355 709 2419 πῶς
739 2354 807 2408 δι’
832 2352 956 2407 ὅλου
986 2350 1121 2422 πρὸς
1145 2349 1306 2417 αὑτὸν
1326 2349 1671 2411 ἀποτείνεται
1700 2351 1764 2404 ἐκ
1781 2348 1897 2403 δια-

315 2449 552 2515 θέσεωςς
582 2446 684 2502 Διὰ
707 2446 868 2509 τοῦτο
911 2446 1007 2507 καὶ
1046 2443 1280 2516 ἀλλαχοῦ
1327 2444 1426 2514 οὐχ
1459 2442 1647 2507 ἁπλῶς
1686 2460 1900 2513 προφη-

312 2543 482 2607 τεύει,
536 2540 654 2593 ἀλλ’
683 2541 742 2595 ὲν
772 2540 1012 2611 σχήματι
1056 2538 1422 2609 ἐγκλήματος,
1461 2536 1537 2600 ὡς
1568 2537 1696 2591 ὅταν
1742 2534 1894 2609 λέγῃ·

320 2634 440 2689 Ἵνα
466 2634 527 2687 τί
562 2631 874 2701 ἐφρύαξαν
905 2630 1068 2698 ἔθνη,
1106 2627 1207 2682 καί
1233 2627 1369 2682 λαοί
1393 2625 1768 2696 ἐμελέτησαν
1808 2641 1903 2681 κε-

322 2722 425 2785 νά;
452 2721 600 2775 οὕτω
627 2720 691 2793 δὴ
714 2721 808 2775 καὶ
832 2720 1068 2775 ἐνταῦθα’
1086 2718 1279 2788 λέγων,
1314 2716 1417 2771 Διὰ
1445 2715 1620 2771 τοῦτο
1651 2718 1905 2787 εὐλόγη-

324 2814 392 2871 σέ
423 2813 581 2887 [165]
616 2828 693 2869 σε
729 2816 763 2869 6
785 2811 930 2879 Θεὸς
949 2814 1035 2879 είς
1069 2812 1180 2865 τὸν
1206 2809 1410 2866 αἰῶνα.
1436 2808 1603 2864 Οὐδὲν
1636 2808 1745 2880 γὰρ
1777 2809 1905 2878 περὶ

322 2907 413 2977 τῆς
456 2905 770 2975 γεννήσεως
815 2903 985 2969 αὑτοῦ
1013 2901 1335 2975 διαλεχθεὶς,
1363 2900 1483 2955 οὐδὲ
1515 2901 1647 2973 περὶ
1680 2903 1908 2972 ἀνατρο-

327 2999 447 3070 φῆς,
473 2997 600 3052 οὐδὲ
627 3013 694 3049 πε
702 2997 755 3067 ρὶ
779 2996 885 3050 τῶν
904 2993 1097 3060 ἄλλων,
1120 2994 1368 3049 ἐντεῦθεν
1388 2993 1646 3066 ἐμϐάλλει
1664 2992 1757 3047 τὸν
1778 3010 1845 3046 πε
1855 2992 1908 3064 ρὶ

328 3093 485 3158 αὑτοῦ
519 3092 699 3161 λόγον.
748 3092 814 3144 Τί
846 3090 1081 3162 δήποτε;
1133 3090 1252 3151 Ὅτι
1280 3089 1341 3144 τὸ
1385 3089 1485 3161 μὲν
1523 3090 1737 3145 ἅπαντα
1769 3085 1910 3142 κατὰ

331 3184 645 3251 ἀκολουθίαν
687 3182 890 3251 λέγειν,
925 3182 1031 3236 τῶν
1076 3182 1477 3252 εὑαγγελιστῶν
1522 3185 1657 3236 ἐστι·
1690 3181 1769 3235 διὸ
1818 3182 1913 3235 καὶ

338 3277 555 3339 ἐκείνοις
609 3272 753 3328 αὑτὰ
801 3273 1056 3344 ἐτήρησε·
1108 3274 1201 3327 καὶ
1254 3273 1363 3344 γὰρ
1412 3273 1511 3344 τῆς
1556 3272 1779 3329 ἐκείνων
1834 3271 1914 3324 διες

336 3370 577 3439 ηγῆσεως
607 3364 698 3439 ἦν·
740 3366 1075 3438 προφητείας
1114 3365 1172 3419 δέ
1207 3368 1353 3420 ἐστιν
1391 3367 1569 3438 ἔργον,
1606 3366 1744 3438 μέρη
1791 3365 1917 3419 τινὰ

333 3460 740 3531 ἀπολαμϐάνειν
784 3460 881 3521 καὶ
921 3460 1049 3531 περὶ
1083 3460 1295 3519 τούτων
1332 3458 1694 3528 διαλέγεσθαι.
1726 3458 1824 3512 Διὰ
1852 3457 1917 3529 δὴ

331 3553 486 3607 τοῦτο
536 3556 585 3607 οἱ
626 3553 904 3623 προφῆται
950 3551 1222 3622 πανταχοῦ
1259 3551 1420 3605 τοῦτο
1451 3549 1716 3605 ποιοῦσιν·
1760 3550 1918 3616 ὀλίγα

331 3650 451 3713 τινὰ
477 3647 591 3718 γὰρ
633 3648 712 3709 είς
749 3646 848 3716 τὴν
885 3645 1123 3715 ἱστορίαν
1162 3644 1521 3716 ἐμϐάλλοντες
1567 3644 1661 3698 καὶ
1696 3641 1925 3696 συσκιά-.

332 3742 519 3817 ζοντες
555 3736 917 3808 ἀναχωροῦσι.
963 3736 1063 3789 Διὰ
1090 3735 1248 3790 τοῦτο
1278 3735 1373 3789 καὶ
1398 3727 1573 3799 οὗτος,
1604 3730 1922 3803 Εὐλόγησέ

332 3849 427 3897 σε,
454 3830 646 3901 φησὶν,
677 3832 709 3884 6
746 3828 889 3895 Θεὸς
917 3829 1006 3894 είς
1030 3826 1136 3881 τὸν
1166 3824 1370 3880 αἰῶνα·
1415 3824 1588 3889 οὕτως
1619 3823 1810 3887 εἰπὼν,
1840 3825 1922 3877 ὅτι

333 3924 609 3993 τοσαύτης
646 3922 865 3993 χάριτος
921 3918 1118 3991 ἔγεμεν
1154 3917 1320 3972 αὐτοῦ
1354 3916 1423 3971 τὰ
1456 3919 1695 3989 ῥήματα.
1724 3915 1931 3978 Σκόπει,

335 4016 468 4101 γοῦν
506 4014 610 4086 τὴν
650 4011 879 4082 δύναμιν
915 4009 1016 4080 τῆς
1051 4008 1300 4081 χάριτος·
1331 4004 1745 4079 Παρεπορεύετό
1794 4020 1926 4058 ποτε

337 4093 495 4179 ’ταρὰ
555 4103 654 4174 τὴν
709 4100 1019 4166 θάλασσαν,
1079 4098 1175 4158 καὶ
1227 4096 1469 4169 εὑρίσκει
1529 4094 1785 4150 Ἰάκωϐον
1834 4093 1935 4157 καὶ,

351 4199 637 4267 Ἰωάννην,
670 4194 764 4249 καὶ
798 4192 946 4262 λέγει
980 4191 1182 4256 αὐτοῖς·
1226 4190 1405 4253 Δεῦτε
1437 4190 1631 4253 ὀπίσω
1659 4205 1802 4258 μου,
1828 4186 1929 4242 καὶ

339 4290 586 4364 ποιήσω
640 4285 796 4358 ὑμᾶς
855 4283 1046 4351 άλιεῒς
1092 4283 1437 4353 ἀνθρώπων.
1479 4284 1542 4336 Ol
1575 4280 1645 4336 δὲ
1677 4279 1779 4334 καί
1823 4278 1937 4334 τὸν

339 4383 576 4452 πατέρα
603 4378 856 4450 ἀφέντες
880 4378 981 4435 καὶ
1013 4376 1088 4433 τὰ
1106 4375 1338 4442 δίκτυα,
1373 4375 1804 4444 ἠκολούθησαν
1827 4373 1936 4427 αὐε

342 4474 449 4541 τῷ.
481 4469 621 4528 Εἶτα
653 4471 842 4527 ἄλλοτε
868 4471 1003 4525 πᾶσι
1027 4471 1141 4534 τοῖς
1173 4467 1441 4541 μαθηταῖς
1466 4467 1661 4536 λέγων·
1700 4465 1797 4535 Μὴ
1834 4463 1936 4520 καί

342 4567 524 4636 ὑμεῖς
559 4565 761 4622 θέλετε
782 4563 1069 4639 ὐπάτειν;
1103 4563 1251 4633 λέγει
1288 4560 1440 4633 αύτῷ
1481 4561 1704 4632 Πέτρος·
1737 4560 1935 4628 Κύριε,

341 4656 594 4726 ῥήματα
629 4653 778 4724 ζωῆς
802 4655 1046 4723 αἰωνίου
1076 4652 1256 4731 ἔχεις,
1296 4652 1394 4707 καί
1421 4651 1591 4723 ἡμεῖς
1613 4652 1937 4711 πεπιστεύκ-

346 4763 549 4817 καμεν
584 4744 683 4800 καὶ
713 4742 1051 4814 ἐγνώκαμεν
1079 4743 1168 4798 ὅτι
1196 4742 1278 4797 σὺ
1306 4740 1367 4798 εἴ
1386 4745 1420 4798 6
1452 4741 1702 4813 Χριστὸς
1744 4743 1778 4796 6
1809 4742 1941 4809 υίὸς

346 4837 464 4893 τοῦ
493 4836 646 4891 Θεοῦ
673 4835 778 4891 τοῦ
810 4834 1044 4902 ζῶντος·
1065 4834 1164 4900 καὶ
1195 4835 1346 4904 πρὸς
1371 4835 1507 4888 τίνα
1530 4832 1941 4903 ἀπελευσόμε-

347 4928 567 4996 Οα;,Τί
597 4927 741 4997 λέγω
765 4928 891 4991 τοὺς
921 4926 1200 4998 μαθητάςς
1232 4927 1396 4981 Αὐτοὶ
1417 4928 1466 4980 οἱ
1502 4927 1786 4997 Φαρισαῖοι
1811 4926 1946 4987 ᾁπο-

352 5021 673 5085 στείλαντες
721 5020 1019 5094 ὑπηρέτας,
1068 5021 1265 5093 ἤκουον
1313 5020 1595 5088 λεγόντων·
1648 5016 1947 5072 Οὐδέποτε

348 5115 677 5182 ἐλάλησεν
691 5113 877 5179 οὕτως
900 5112 1234 5181 ἅνθρωπος,
1262 5112 1343 5178 ὡς
1361 5106 1538 5176 οὗτος
1561 5112 1594 5164 6
1614 5109 1941 5178 ἅνθρωπος.

355 5209 479 5263 Καὶ
522 5208 699 5279 ἕτεροι
748 5205 908 5260 πάλιν
952 5205 1155 5275 ἔλεγον,
1192 5204 1490 5259 Οὐδέποτε
1521 5202 1715 5272 ἐφάνη
1760 5202 1945 5268 οὕτως

354 5301 439 5357 ἐν
482 5296 567 5365 τῷ
605 5297 870 5368 Ἰσραήλ.
920 5295 1033 5350 Καὶ
1078 5295 1563 5364 ἐξεπλήσσοντο,
1617 5294 1802 5364 φησὶν,
1858 5292 1952 5346 ὅτι

352 5391 695 5447 ἐδίδασκεν
730 5388 955 5455 αὐτοὺς
977 5390 1059 5455 ὡς
1077 5388 1371 5454 ἐξουσίαν
1391 5384 1569 5455 ἔχων,
1603 5384 1705 5438 καὶ
1732 5384 1846 5452 οὐχ
1873 5382 1954 5449 ὡς

354 5487 424 5551 qi
455 5481 817 5555 γραμματεῖς
839 5481 1042 5538 αὐτῶν
1066 5478 1165 5535 καί
1193 5481 1247 5534 οί
1268 5476 1596 5547 Φαρισαῖοι.

440 5576 507 5630 δ’.
537 5576 601 5629 EE
622 5574 680 5629 δὲ
704 5573 888 5645 βούλει
913 5571 1104 5643 μαθεῖν
1129 5570 1226 5624 καὶ
1247 5570 1312 5624 σὺ
1334 5569 1434 5639 τὴν
1457 5568 1638 5640 χάριν,
1662 5565 1829 5621 ἄκουε
1848 5564 1959 5620 τῶν

361 5670 767 5743 ἐπιταγμάτων
797 5665 968 5722 αὑτοῦ
996 5665 1086 5720 τὸν
1128 5664 1314 5735 ὄγκον,
1343 5664 1438 5718 καὶ
1465 5661 1588 5732 ὄψει
1617 5660 1821 5733 ταύτης
1857 5659 1960 5733 τὴν

361 5765 631 5844 δύναμιν.
665 5763 810 5821 Ἐὰν
850 5757 942 5833 μή
974 5775 1062 5838 τις
1093 5756 1466 5839 ᾀποτάξηται
1507 5755 1724 5831 πᾶσιν,
1763 5755 1863 5829 ἔτι,
1891 5755 1961 5820 δὲ

1994 2140 2114 2194 μου
2138 2121 2335 2188 τίθημι
2358 2116 2511 2185 ὑπὲρ
2541 2114 2658 2169 τῶν
2685 2110 3016 2180 προϐάτων.
3035 2104 3182 2179 τΛρα
3199 2103 3291 2159 οὖν
3328 2105 3433 2176 πρὸ
3460 2104 3583 2156 τού-

2000 2231 2095 2267 του
2123 2210 2287 2264 αὐτὸν
2315 2209 2416 2262 οὑκ
2428 2206 2650 2278 ἠγάπας
2677 2203 2804 2267 Πῶς
2825 2198 2917 2256 οὖν
2948 2200 3133 2268 ἔλεγεν
3154 2215 3168 2230 '
3199 2193 3384 2263 Οὗτός
3412 2196 3584 2249 ἐστιν

2003 2309 2037 2360 6
2076 2302 2230 2377 [1661
2261 2303 2392 2367 Υἱός
2418 2317 2539 2371 μου
2565 2302 2597 2353 6
2636 2295 2941 2367 ἀγαπητός
2954 2311 2972 2358 ;
3010 2291 3173 2345 Ἀλλὰ
3201 2289 3371 2343 θέλων
3413 2286 3583 2352 δεῖξαι

2003 2396 2065 2450 τὺ
2085 2381 2312 2467 μέγεθος
2335 2391 2429 2446 τοῦ
2454 2387 2897 2460 κατορθώματος,
2916 2383 3073 2437 τοῦτο
3094 2382 3358 2436 τέθεικεν.
3375 2380 3587 2449 Ὥσπερ

2005 2483 2100 2542 οὖν
2136 2487 2253 2540 ἐκεῖ
2281 2486 2314 2555 ἡ
2346 2476 2649 2549 αἰτιολογία
2677 2479 2791 2549 ἔχει
2819 2475 2941 2529 τινὰ
2973 2472 3173 2539 αἰτίαν,
3202 2469 3346 2524 οὕτω
3377 2469 3473 2522 καὶ
3499 2469 3589 2520 ὲν·-

2008 2577 2188 2633 ταῦθα
2212 2579 2247 2649 ἡ
2280 2575 2433 2635 αἰτία
2461 2573 2619 2644 δήλη.
2654 2571 2752 2635 Διὰ
2775 2568 2884 2639 γὰρ
2906 2566 3065 2621 τοῦτο
3089 2562 3375 2635 προλαϐὼν
3401 2558 3552 2613 εἶπεν
3570 2574 3586 2591 ·

2021 2652 2253 2741 Ὠραῖος
2282 2669 2495 2724 κάλλει
2521 2665 2683 2741 παρὰ
2719 2663 2862 2728 τοὺς
2888 2659 3057 2725 υἱοὺς
3083 2657 3200 2711 τῶν
3228 2654 3553 2723 ἀνθρώπων
3572 2666 3586 2680 ·

2011 2736 2129 2827 καλ.
2164 2762 2457 2832 Ἔξεχύθη
2474 2736 2645 2830 χάρις
2663 2756 2733 2810 ἐν
2752 2754 2990 2831 χείλεσι
3007 2766 3144 2806 σου·
3163 2750 3279 2811 καὶ,
3297 2746 3400 2800 Διὰ
3415 2742 3592 2798 τοῦτο
3704 2777 3719 2788 .

2011 2851 2315 2925 εὐλόγησέ
2343 2866 2418 2905 σε
2446 2852 2478 2903 ὁ
2511 2848 2656 2914 Θεὸς
2681 2849 2769 2912 εὶς
2790 2846 2899 2899 τὸν
2926 2842 3143 2897 αἰῶνα·
3169 2840 3250 2902 είς
3274 2836 3364 2890 τὸν
3393 2837 3493 2908 τῆς
3517 2834 3598 2889 οι·-

2014 2945 2272 3017 κονομίας
2289 2943 2462 2996 ἕλκων
2483 2940 2664 3008 λόγον,
2687 2938 2775 2991 ἵνα
2800 2938 2927 2991 ὅταν
2962 2931 3129 3004 μέλλῃ
3148 2948 3201 2985 τι
3222 2929 3387 2982 πάλιν
3412 2927 3594 3017 λέγειν

2014 3042 2114 3112 τῆς
2143 3016 2307 3091 αὑτοῦ
2352 3033 2507 3097 ἀξίας
2542 3029 2822 3092 καταδεὲς,
2857 3026 2932 3097 μὴ
2963 3021 3303 3092 καταπέσῃς,
3336 3018 3449 3072 ἀλλ’
3479 3016 3596 3087 ἴδῃς

2019 3111 2146 3204 περὶ
2177 3129 2323 3192 τίνος
2352 3130 2380 3180 6
2407 3125 2585 3193 λόγος.
2636 3121 2793 3175 Οὖτω
2824 3119 2917 3173 καὶ
2946 3120 2973 3172 6
3016 3114 3210 3170 ’ἰακὼῦ
3245 3113 3342 3183 τὴν
3393 3111 3600 3204 οἱκονοῖ-

2022 3196 2150 3294 μίαν
2175 3217 2350 3289 δηλῶν
2377 3213 2514 3286 μετὰ
2548 3212 2609 3265 τὸ
2647 3209 2818 3264 πολλὰ
2857 3209 3031 3261 εἰπεῖν
3054 3206 3208 3273 ἔλεγε
3232 3218 3246 3231 ⁸
3277 3196 3601 3269 Χαροποιοὶ

2021 3291 2074 3369 οἱ
2107 3308 2399 3381 ὀφθαλμοί
2432 3305 2619 3361 αὑτοῦ
2646 3304 2725 3369 ὡς
2752 3297 2936 3366 οἶνος,
2970 3299 3065 3352 καὶ
3099 3294 3305 3352 λευκοὶ
3342 3294 3395 3345 οἱ
3427 3291 3602 3344 ὀδόν-

2021 3422 2120 3473 τες
2153 3400 2340 3456 αὐτοῦ
2371 3398 2410 3468 ἢ
2450 3397 2627 3469 γάλα.
2680 3393 2928 3452 Ὀδὸντας
2956 3390 3012 3443 δὲ
3042 3390 3074 3459 ἡ
3103 3387 3292 3458 θεότης
3323 3384 3423 3437 οὑκ
3464 3381 3602 3451 ἔχει.

2024 3497 2138 3551 Καὶ
2167 3494 2323 3556 ἄλλος
2357 3490 2640 3563 προφήτης
2668 3484 2837 3557 φησί·
2873 3473 3131 3545 Παῖάξει
3163 3479 3279 3549 τὴν
3305 3473 3419 3546 γῆν
3444 3475 3606 3563 λόγῳ

2024 3587 2131 3642 τοῦ
2159 3586 2457 3654 στόματος
2475 3578 2684 3645 αὐτοῦ,
2708 3577 2806 3630 καὶ
2824 3576 3114 3643 πνεύματι
3136 3568 3382 3641 χειλέων
3404 3561 3610 3620 ἀνελεῖ

2027 3676 2250 3744 ἀσεϐῆ·
2280 3675 2353 3729 τὰ
2400 3673 2541 3728 αὑτὰ
2582 3670 2660 3742 τῷ
2692 3668 2893 3737 Παύλῳ
2945 3664 3316 3734 φθεγγόμενος
3360 3658 3605 3726 λέγοντι·

2034 3774 2144 3824 Ὃν
2177 3754 2221 3823 ὅ
2238 3768 2458 3835 Κύριος
2483 3759 2786 3817 ἀναλώσει
2815 3755 2895 3822 τῷ
2927 3755 3220 3822 πνεύματι
3254 3750 3360 3803 τοῦ
3380 3748 3607 3816 στόμα-

2029 3881 2132 3933 τος
2162 3858 2371 3922 αὐτοῦ,
2397 3856 2496 3910 καὶ
2524 3850 2891 3924 καταργήσει
2920 3848 2996 3918 τῇ
3023 3843 3341 3915 ἐπιφανείᾳ
3373 3838 3480 3908 τῆς
3502 3854 3612 3892 πα·-

2023 3935 2284 4026 ρουσίας
2305 3947 2514 4004 αὑτοῦ.

2105 4107 2207 4162 Ἴν’
2253 4100 2344 4160 οὖν
2393 4102 2469 4177 μὴ
2521 4099 2762 4164 ἀκούσας
2818 4098 2884 4152 σὺ
2935 4094 3114 4151 ταῦτα
3151 4091 3613 4164 καταφρονήσῃς,

2036 4198 2279 4256 δείκνυσί
2328 4213 2412 4251 σοι
2450 4195 2549 4266 τῆς
2582 4192 2839 4263 θεότητος
2865 4189 2967 4259 τὴν
3003 4185 3178 4257 ίσχύν.
3222 4184 3358 4238 υὺδὲ
3383 4180 3493 4255 γὰρ
3518 4179 3620 4250 τὴν

2040 4292 2222 4364 σάρκα
2256 4288 2455 4358 διαιρεῖ
2483 4285 2585 4356 τῆς
2629 4282 2902 4351 θεότητος,
2945 4276 3071 4332 οὔτε
3107 4276 3208 4349 τὴν
3252 4272 3483 4344 θεότητα
3520 4269 3622 4364 τῆς

2043 4363 2266 4456 σαρκὸς,
2293 4379 2416 4451 οὑχὶ
2447 4377 2546 4442 τὰς
2574 4376 2761 4439 οὑσίας
2792 4372 3037 4443 συγχέων
3067 4370 3167 4442 (μὴ
3192 4366 3457 4438 γένοιτο),
3484 4363 3623 4456 αλλὰ

2041 4455 2139 4547 τὴν
2165 4474 2362 4528 ἕνωσιν
2387 4469 2622 4534 δεικνύς.
2651 4467 2751 4523 Διὰ
2772 4465 2930 4520 τοῦτό
2958 4478 3157 4535 φησιν·
3194 4455 3517 4529 Εὑλόγησέ
3548 4472 3626 4510 σε

2045 4571 2077 4622 6
2101 4566 2241 4629 Θεὸς
2263 4566 2350 4630 είς
2371 4563 2481 4618 τὸν
2500 4561 2706 4618 αἰῶνα.
2735 4558 2834 4621 Τίς
2856 4556 2912 4610 δὲ
2937 4556 3037 4625 τῆς
3064 4552 3315 4620 εὐλογίας
3340 4553 3368 4603 6
3389 4548 3623 4621 τρόπος;

2049 4654 2325 4724 Ἄγγελοι,
2353 4648 2686 4723 ἀρχάγγελοι
2707 4646 3110 4718 παρεστήκασι,
3146 4641 3346 4710 θρόνοι,
3372 4637 3635 4709 κυριότη-

2047 4765 2160 4813 τες,
2193 4743 2381 4816 ἁρχαὶ,
2414 4741 2676 4809 ἐξουσίαι,
2720 4734 2867 4793 αἶνον
2898 4735 3315 4806 ἀναπέμποντες
3339 4747 3354 4763 ·
3406 4731 3556 4784 πᾶσα
3590 4732 3626 4800 ἠ

2049 4838 2123 4909 γῆ
2157 4835 2266 4891 ἀπὸ
2300 4834 2553 4907 περάτων
2577 4834 2657 4896 είς
2686 4831 2754 4886 τὰ
2789 4830 3004 4902 πέρατα
3029 4826 3301 4894 δοξολογεῖ
3341 4825 3439 4878 καὶ
3470 4823 3632 4892 ὑμνεῐ

2051 4929 2147 4983 καὶ
2180 4926 2421 4998 εὐφημεῖ
2441 4922 2534 4977 τὸν
2570 4920 2927 4994 σαρκωθέντα
2952 4918 3107 4972 Θεόν.
3144 4917 3204 4970 Ὀ
3231 4913 3463 4986 μὲνγὰρ
3484 4911 3634 4982 πρῶ-

2052 5037 2142 5084 τος
2182 5017 2356 5088 Ἀδὰμ
2389 5015 2591 5088 μυρίας
2619 5013 2925 5084 ἐνεπλήσθη
2960 5010 3237 5081 κατάρας·
3270 5000 3426 5069 οὗτος
3446 5006 3502 5058 δὲ
3531 5005 3638 5056 ἀπ-

2057 5111 2304 5171 εναντίας
2335 5108 2530 5179 ἐκείνῳ
2557 5105 2760 5177 πολλῆς
2782 5106 2883 5175 τῆς
2912 5103 3183 5171 εὐλογίας.
3215 5101 3451 5161 Ἐκεῖνος
3469 5097 3636 5165 ἥκου-

2059 5221 2168 5265 σεν,
2213 5200 2674 5269 Ἐπικατάρατος
2705 5198 2787 5255 σὺ
2814 5198 2884 5252 ἐν
2915 5196 3043 5263 τοῖς
3067 5195 3261 5263 ἔργοις
3292 5207 3440 5245 σου·
3473 5189 3567 5242 καὶ
3609 5189 3639 5241 6

2062 5297 2179 5367 μετ’
2230 5296 2437 5348 ἐκεῖνον
2488 5292 2674 5357 πάλιν,
2722 5290 2840 5355 καὶ,
2887 5284 3348 5353 Ἐπικατάρατος
3390 5284 3423 5335 6
3452 5276 3640 5334 ποιῶν

2059 5389 2134 5442 τὰ
2159 5387 2303 5457 ἔργα
2334 5385 2558 5454 Κυρίου
2589 5382 2828 5453 ἀμελῶς
2845 5396 2861 5412 ·
2889 5379 3007 5443 καὶ,
3053 5374 3536 5444 Ἐπικατάρατος,
3572 5372 3641 5439 ὸς

2061 5481 2174 5533 οὐκ
2201 5475 2441 5547 ἐμμένει
2462 5473 2615 5529 πᾶσι
2637 5470 2763 5538 τοῖς
2788 5466 3214 5541 γεγραμμένοις
3231 5465 3302 5521 ἐν
3326 5464 3407 5532 τῷ
3425 5462 3645 5530 βιϐλίῳ

2062 5569 2254 5633 τούτῳ
2271 5583 2287 5599 ·
2312 5565 2430 5630 καὶ,
2476 5561 2945 5631 Ἐπικατάρατος
2972 5561 3006 5614 ὁ
3024 5558 3393 5630 κρεμάμενος
3410 5555 3511 5610 ἐπὶ
3541 5553 3647 5619 εύ-

2067 5664 2203 5716 λου.
2244 5657 2410 5728 Ὁρᾷς
2457 5654 2621 5710 πόσαι
2654 5654 2927 5726 κατάραι;
2960 5651 3181 5708 Τούτων
3206 5647 3554 5723 ⁴Ιιλευθέρωσέ
3588 5661 3648 5699 σε

2074 5755 2102 5808 6
2142 5749 2395 5837 Χριστὸς,
2423 5747 2713 5835 γενόμενος
2740 5745 2975 5829 κατάρα.
3000 5746 3210 5829 Ὠσπερ
3228 5743 3337 5819 γὰρ
3358 5739 3648 5796 ἐταπείνω-
