4030 6382
319 289 417 345 189

315 419 411 458 cev
439 397 655 465 ἐαυτὸν,
684 396 775 451 (να
803 394 864 449 σὲ
889 393 1102 468 ὑψώσῃ,
1134 395 1228 449 καὶ
1248 388 1542 457 ἀπέθανεν,
1561 392 1652 446 ἴνα
1676 392 1735 445 σὲ
1757 388 1891 445 ἀθά-

315 509 476 549 νατον
517 488 851 562 ἐργάσηταιο
883 485 1026 540 οὕτω
1066 486 1158 540 καὶ
1203 486 1418 557 κατάρα
1449 485 1685 554 ἐγένετο,
1716 484 1803 537 ἵνα
1837 482 1897 535 σὲ

316 584 571 652 εὐλογίας
598 581 877 653 ἐμπλήσῃ.
903 578 968 631 Τί
998 578 1096 650 τῆς
1116 577 1369 647 εὐλογίας
1387 576 1594 646 ταύτης
1615 576 1748 640 ἴσον,
1771 576 1900 629 ὅταν

316 677 407 730 διὰ
435 674 676 745 κατάρας
707 670 956 739 εὐλογίαν
987 669 1309 743 χαρίζηταις
1336 671 1411 725 Οὐ
1435 669 1543 741 γὰρ
1560 668 1720 733 αὐτὸς
1747 668 1900 739 ἐδεή-

320 770 389 840 θη
431 767 700 835 εὐλογίας.
737 764 872 819 ἀλλά
910 765 995 817 σοὶ
1031 764 1234 835 ταύτην
1273 764 1509 818 δίδωσιν.
1544 763 1756 832 Ὥσπερ
1790 761 1898 833 γὰρ

319 860 448 913 ὅταν
482 858 639 919 εἴπω,
672 856 757 909 ὅτι
782 853 1146 926 ἐταπεινώθη,
1173 857 1232 908 οὐ
1258 853 1558 926 μεταϐολὴν
1579 853 1744 922 λέγω,
1765 851 1902 906 ἀλλὰ

318 954 419 1023 τῆς
447 948 761 1019 οἰκονομίας
810 948 908 1019 τὴν
954 946 1400 1016 συγκατάϐασινο
1434 945 1581 999 οὓτω
1629 945 1721 997 καὶ⁴
1773 944 1901 997 ὅταν

320 1044 459 1098 εἴπω
489 1043 571 1096 ὁτι
599 1039 904 1111 ηὐλογήθη,
942 1040 1002 1092 οὐ
1034 1037 1194 1092 τοῦτο
1214 1038 1382 1107 λέγω,
1417 1038 1498 1091 ὅτι
1530 1034 1723 1107 ἐδεήθη
1753 1034 1905 1087 εὐλο-

321 1134 467 1204 γίας,
500 1133 635 1187 ἀλλὰ
668 1131 830 1184 πάλιν
854 1133 952 1202 τῆς
974 1129 1285 1201 οἰκονομίας
1309 1128 1558 1199 δείκνυμι
1579 1126 1678 1197 τὴν
1701 1142 1901 1193 συγκα-

324 1226 574 1280 τάϐασιν.
604 1221 892 1293 Ηύλογήθη
927 1221 1106 1275 τοίνυν
1139 1224 1171 1292 ἡ
1202 1220 1517 1292 ἀνθρωπίνη
1552 1219 1733 1289 φύσις.
1768 1218 1903 1287 Χρι-

325 1316 450 1379 στὸς
491 1313 601 1385 γὰρ
642 1312 888 1384 ἐγερθεὶς
915 1312 980 1365 ἐκ
1011 1310 1245 1381 νεκρῶν,
1291 1312 1391 1364 οὐκ
1425 1310 1505 1364 ἐτι
1549 1308 1902 1379 ἀποθνήσκει,

325 1407 446 1460 οὐδέ
472 1405 686 1476 κατάρᾳ
720 1403 1009 1457 ὑπόκειται
1031 1419 1046 1432 ·
1098 1402 1297 1473 μᾶλλον
1328 1402 1384 1455 δέ
1413 1402 1533 1454 οὐδὲ
1566 1399 1673 1472 πρὸ
1714 1398 1903 1453 τούτου

327 1496 603 1560 ὑπέκειτο,
654 1494 767 1549 ἀλλ’
807 1493 1038 1548 ἀνέλαϐε
1067 1493 1167 1566 τὴν
1195 1495 1460 1566 κατάραν,
1493 1493 1577 1547 ἵνα
1611 1494 1669 1546 σὲ
1704 1491 1907 1560 ταύτης

328 1588 633 1660 ἀπαλλάξῃ.
672 1586 997 1654 Περίζωσαι
1023 1586 1138 1655 τὴν
1172 1588 1481 1655 ῥομφαίαν
1520 1602 1633 1639 σου
1667 1583 1765 1638 ἐπὶ
1802 1584 1910 1637 τὸν

323 1682 520 1750 μηρόν
547 1693 685 1740 σου,
726 1670 966 1732 δυνατέ.
1001 1678 1216 1742 Ἄλλος,
1250 1677 1446 1731 Ζῶσαι
1465 1676 1768 1747 μάχαιράν
1793 1692 1909 1732 σου

328 1773 427 1826 ἐπὶ
459 1772 673 1840 μηρόν.
711 1769 924 1832 Ἀλλος,
957 1769 1210 1838 Περίθου
1239 1770 1318 1835 ὡς
1339 1767 1637 1839 μάχαιράν
1668 1781 1786 1822 σου
1810 1767 1909 1822 ἐπὶ

328 1864 438 1918 τοῦ
453 1862 669 1932 μηροῦ.
706 1860 784 1929 Τῇ
817 1861 1132 1928 ὡραιότητί
1163 1878 1278 1915 σου
1300 1860 1399 1914 καί
1431 1859 1511 1926 τῷ
1536 1860 1748 1914 κάλλει
1769 1874 1907 1915 σου.

332 1954 527 2016 ’Δλλος
557 1953 712 2025 φησὶ,
747 1951 857 2006 Τόν
881 1952 1133 2005 ἔπαινόν
1154 1966 1271 2006 σου
1295 1952 1394 2006 καί
1422 1952 1487 2006 τὸ
1514 1952 1745 2022 ἀξίωμὰ
1769 1967 1909 2007 σου.

331 2044 486 2118 [16η
536 2045 745 2107 Ἀλλος,
805 2042 1222 2110 Ἐπιδοξότητί
1266 2059 1383 2097 σου
1430 2043 1527 2097 καί
1563 2043 1914 2112 διαπρεπείᾳ

331 2152 468 2191 σου.
502 2134 597 2198 Τίς
633 2136 664 2205 ἡ
700 2132 993 2206 μεταϐολὴ,
1017 2133 1111 2186 καὶ
1138 2133 1276 2204 τίςή
1314 2135 1645 2204 μετάστασις
1679 2133 1787 2187 τῶν
1812 2136 1911 2207 ρη-

334 2229 550 2302 μάτων;
575 2227 713 2296 Περὶ
736 2225 842 2298 γὰρ
864 2224 1185 2278 διδασκάλου
1204 2224 1583 2296 διαλεγόμενος
1606 2225 1784 2292 (τοῦτο
1804 2225 1913 2298 γάρ

330 2323 445 2374 ἐστι
467 2319 547 2385 τὸ,
588 2317 873 2387 Ἐξεχύθη
898 2315 1071 2385 χάρις
1099 2315 1168 2369 ὲν
1198 2317 1433 2385 χείλεσι
1464 2315 1625 2386 σου),
1654 2316 1913 2386 ἐξαίφνης

331 2415 463 2483 ἡμῖν
499 2409 722 2481 βασιλέα
762 2407 1213 2478 καθωπλισμένον
1239 2406 1570 2477 ὑπογράφει,
1605 2408 1699 2460 καὶ
1730 2407 1830 2461 οὐκ
1856 2410 1913 2460 ἐν

331 2502 483 2568 τάξει
520 2499 878 2573 προφητείας,
916 2499 1031 2552 ἀλλ’
1077 2500 1135 2552 ἐν
1162 2497 1314 2561 τάξει
1362 2499 1661 2568 ἱκετηρίας.
1693 2498 1768 2550 υύ
1806 2497 1914 2568 γὰρ

333 2592 476 2650 εἶπε·
520 2590 893 2665 Περιζώσεται
924 2590 1022 2662 τὴν
1063 2591 1336 2662 ῥομφαίαν
1363 2590 1527 2643 αὐτοῦ
1552 2609 1563 2618 ·
1594 2589 1729 2642 ἀλλά
1754 2589 1910 2655 ἀξιοῖ,

333 2685 426 2739 καί
455 2700 608 2753 φησι,
637 2680 959 2750 Περίζωσαι
982 2681 1097 2749 τὴν
1130 2680 1440 2749 ῥομφαίαν
1466 2696 1605 2733 σου.
1656 2677 1789 2733 Εἶτα
1820 2681 1915 2734 καὶ

228 2762 250 2778 ’
332 2777 400 2845 τῇ
435 2772 646 2826 ὁπλίσει
674 2769 849 2842 ταύτῃ
871 2769 1065 2832 κάλλος
1086 2769 1436 2837 ἀναμίγνυσι,
1457 2768 1551 2822 νῦν
1576 2769 1671 2840 μὲν
1691 2769 1916 2840 ὁπλίτην

333 2864 531 2935 δηλῶν,
560 2861 656 2915 νῦν
684 2861 741 2915 δέ
773 2858 1170 2932 ὼραῖζόμενον·
1214 2859 1293 2927 Τῇ
1312 2861 1420 2930 γὰρ
1442 2860 1757 2927 ὠραιότητί
1777 2874 1912 2925 σου,

338 2956 494 3026 φησὶ,
526 2953 625 3008 καὶ
666 2951 744 3018 τῷ
775 2951 1014 3006 κάλλει.
1039 2965 1175 3005 σου.
1213 2947 1347 3005 Εἶτα
1376 2949 1597 3021 τοξότην
1621 2969 1633 2981 ·
1662 2953 1739 3005 Τὰ
1757 2951 1915 3021 ,ϐέλη

333 3048 445 3118 γάρ
479 3062 617 3110 σου,
670 3045 856 3116 φησὶν,
905 3042 1270 3112 ἠκονημένα,
1311 3042 1549 3097 δυνατέ.
1598 3043 1708 3095 Kal
1753 3043 1918 3097 πάλιν

335 3138 564 3208 νικητὴν
591 3136 686 3189 καὶ
712 3136 1075 3208 τροπαιοῦχον
1097 3153 1111 3167 σ
1135 3134 1280 3190 Λαοί
1298 3134 1578 3189 ὑποκάτω
1599 3149 1738 3199 σου,
1760 3136 1914 3207 φησι,

337 3228 669 3284 πεσοῦνται
698 3228 767 3280 ἐν
792 3228 1008 3295 καρδίᾳ
1047 3226 1166 3280 τῶν
1189 3226 1420 3295 ἐχθρῶν
1451 3228 1559 3282 τοῦ
1586 3228 1914 3296 βασιλέως.

338 3318 451 3371 Kal
480 3315 668 3381 τοῦτον
702 3315 757 3367 δέ
782 3315 945 3369 αὐτὸν
976 3315 1139 3369 πάλιν
1166 3315 1375 3382 εἰσάγει
1409 3315 1602 3389 μύροις
1631 3319 1919 3389 χριόμενον

336 3409 430 3462 τὸν
454 3407 697 3477 ὁπλίτην,
733 3409 827 3462 καὶ
860 3406 1109 3477 βασιλέα,
1140 3408 1235 3460 καὶ
1262 3394 1504 3479 τοξότην,
1535 3410 1628 3462 καὶ
1657 3411 1882 3481 νικητήν
1901 3426 1919 3444 ⁸

337 3502 581 3570 Σμύρνα
611 3499 740 3569 γὰρ,
780 3500 932 3569 φησὶ,
978 3500 1076 3553 καί
1108 3499 1366 3567 στακτὴ,
1398 3499 1494 3554 καί
1526 3502 1753 3555 κασσιά
1799 3501 1918 3556 ἀπὸ

337 3592 458 3648 τῶν
487 3592 733 3662 ἱματίων
758 3605 900 3645 σου.

409 3771 582 3834 ε’.Τίς
612 3765 706 3824 οὖν
735 3769 988 3822 κοινωνία
1022 3768 1210 3831 ὅπλοις
1232 3769 1327 3823 καί
1367 3758 1864 3842 μύροις,’χρίσματι
1894 3782 1921 3812 ι

341 3864 438 3920 καὶ
487 3860 751 3934 ῥομφαίᾳ,
804 3859 1130 3930 διδασκαλίᾳ
1176 3860 1271 3913 καὶ
1315 3861 1560 3932 πολέμῳ,
1603 3861 1784 3928 τόξοις
1828 3862 1924 3916 καὶ

339 3952 641 4027 ὡραῖσμῷ;
667 3951 750 4004 Τὰ
778 3951 877 4021 μὲν
905 3951 1015 4020 γάρ
1047 3952 1194 4003 ἐστιν
1221 3952 1448 4022 εἰρήνης
1477 3952 1746 4023 σύμϐολα,
1777 3953 1845 4007 τὰ
1867 3954 1925 4007 δὲ

346 4048 525 4126 μάχης
551 4044 648 4097 καὶ
687 4041 1065 4110 παρατάξεως.
1109 4040 1206 4103 Τίς
1244 4037 1337 4094 οὖν
1385 4043 1533 4096 ἐστιν
1572 4044 1600 4095 6
1648 4045 1926 4116 εἰρηνικὸς

342 4137 479 4205 ὁμοῦ
530 4136 629 4188 καὶ
669 4132 1003 4202 πολεμικός;
1046 4134 1075 4184 ὁ
1120 4130 1291 4202 μύρον
1320 4132 1554 4197 στάζων,
1596 4136 1690 4187 καὶ
1740 4136 1926 4200 ὅπλοις

344 4223 751 4297 φραττόμενος;
798 4222 827 4272 ὁ
866 4217 1071 4291 προῖὼν
1118 4218 1225 4271 ἀπὸ
1275 4219 1486 4289 βάρεων
1540 4218 1923 4289 ἐλεφαντίνων,

343 4317 438 4372 καὶ
466 4316 690 4387 μυρίους
718 4311 924 4383 βάλλων
945 4310 1053 4363 τῶν
1080 4309 1313 4381 ἐχθρῶν,
1346 4313 1440 4363 καὶ
1461 4311 1729 4377 τοσαύτας
1759 4315 1927 4385 ἐργα-

348 4411 575 4481 ζόμενος
610 4404 860 4475 σφαγάς;
895 4404 1020 4468 Πῶς
1044 4402 1279 4473 λύσομεν
1304 4403 1404 4474 τὴν
1424 4403 1659 4475 ἀπορίαν
1688 4404 1925 4474 ταύτην;

348 4500 448 4552 1"Av
479 4496 698 4568 γνῶμεν
737 4493 984 4565 ἀκριϐῶς
1019 4494 1101 4547 ὅτι
1130 4492 1373 4564 καὶπερὶ
1398 4493 1489 4546 τοῦ
1530 4493 1739 4565 Πατρὸς
1761 4495 1925 4549 αὐτοῦ

345 4590 521 4644 ταῦτα
544 4588 782 4656 λέγεται.
816 4586 919 4640 Kal
950 4587 1058 4657 γὰρ
1091 4584 1185 4639 καὶ
1221 4584 1383 4639 αὐτὸν
1412 4586 1624 4654 εἰσάγει
1656 4588 1684 4639 ὁ
1709 4587 1927 4661 Προφή-

347 4697 450 4749 της
492 4678 724 4748 ἀλλαχοῦ
762 4677 1138 4748 ὁπλιςόμενον,
1188 4676 1266 4741 ὡς
1297 4678 1423 4732 ὅταν
1456 4677 1626 4750 λέγῃο
1671 4679 1805 4734 Ἐὰν
1838 4678 1924 4750 μὴ

348 4764 778 4834 ἐπιπραφῆτε,
806 4765 924 4834 τὴν
950 4766 1257 4834 ῥομφαίαν
1276 4767 1462 4821 αὑτοῦ
1485 4771 1805 4823 στιλϐώσει
1825 4786 1838 4799 ·
1861 4770 1928 4824 τὸ

349 4860 530 4925 τόξον
549 4857 735 4912 αὐτοῦ
760 4857 1036 4921 ἐνέτεινε,
1066 4858 1163 4910 καὶ
1188 4859 1520 4926 ἡτοίμασεν
1541 4859 1708 4927 αὐτὸ,
1733 4863 1831 4916 καί
1859 4862 1930 4916 ἐν

350 4948 515 5015 αὐτῷ
540 4948 832 5017 ἡτοίμασε
854 4949 1044 5016 σκεύη
1068 4947 1347 5003 θανάτου.
1374 4950 1484 5004 Καὶ
1500 4950 1658 5005 πάλιν
1674 4952 1925 5025 ἀλλαχοῦο

363 5043 712 5098 Ἐνδύσεται
745 5040 980 5110 θώρακα
1026 5041 1432 5110 δικαιοσύνην
1464 5044 1514 5097 δ.
1550 5044 1689 5115 Ὅρα
1737 5048 1794 5101 δὲ
1837 5049 1931 5102 καὶ

351 5136 640 5192 αὐθεντίαν
667 5135 766 5204 τὴν
808 5135 999 5205 αὐτήν.
1050 5134 1261 5204 Ὥσπερ
1304 5133 1412 5205 γὰρ
1459 5134 1576 5187 ἐκεῖ
1618 5152 1772 5206 φησι,
1813 5138 1933 5205 Τὴν

350 5228 649 5302 ῥομφαίαν
672 5225 858 5283 αὑτοῦ
895 5224 1237 5289 στιλϐὠσει,
1281 5225 1342 5278 οὐ
1390 5225 1540 5297 παρά
1564 5243 1708 5291 τινος
1742 5228 1932 5282 κελευ-

356 5320 523 5384 σθεὶς,
566 5318 681 5372 ἀλλ’
707 5318 870 5381 αὐτὸς
902 5317 994 5386 ἀφ’
1022 5316 1218 5371 ἑαυτοῦ
1245 5334 1257 5347 ’
1291 5314 1430 5370 οὕτω
1455 5318 1549 5371 καὶ
1578 5318 1830 5384 ἐνταῦθα,
1859 5320 1934 5374 Τὰ

355 5408 507 5485 βέλη
540 5410 643 5463 τοῦ
670 5408 930 5462 δυνατοῦ
950 5409 1321 5480 ἠκονημένα,
1350 5410 1486 5464 νίαοί
1510 5410 1788 5465 ὑποκάτω
1814 5426 1931 5468 σου

417 5652 447 5713 ξι
476 5652 570 5713 {Hii
594 5651 768 5713 χάριτι,
789 5654 952 5701 minus
974 5656 1131 5710 recte,

417 5711 449 5754 δ
471 5710 567 5760 Ahi
603 5710 912 5771 δικαιοσύνης.

1008 260 1077 335 Β.
1117 274 1400 333 JOANNIS
1438 270 1917 333 CHRYSOSTOMI
1956 268 2278 347 A‘RCIIIEP.
2317 266 2867 323 CUNSTANTINOP.

3410 333 3414 338 γ
3478 265 3580 320 ιεο

1999 387 2326 442 πεσοῦνται
2354 390 2424 443 ἐν
2459 386 2673 456 καρδίᾳ
2707 384 2827 439 τῶν
2853 382 3082 453 ἐχθρῶν
3121 383 3225 438 τοῦ
3249 380 3575 447 βασιλέως.

1996 474 2129 533 Εἶτα
2162 480 2396 546 δεικνὺς,
2429 481 2510 534 ὅτι
2541 477 2751 533 οἴκοθεν
2783 477 2961 531 πάντα
2997 476 3159 539 ποιεῖ,
3190 473 3367 543 λέγει·
3415 469 3578 539 Ὀδη-

1997 571 2169 642 γήσει
2203 587 2277 626 σε
2313 570 2671 642 θαυμαστῶς
2699 571 2737 640 ἠ
2770 566 2941 634 δεξιά
2975 581 3113 621 σου.
3143 566 3257 638 Οὐχ
3284 562 3577 635 ἑτέρωθεν,

1999 664 2187 735 φησὶν,
2241 664 2522 736 ἐνέργειαν
2573 663 2724 737 δέχῃ,
2777 662 2895 717 ἀλλ’
2934 660 3096 724 αὐτὸς
3142 657 3317 730 ἐαυτῷ
3366 659 3578 731 ἀρκεῖς.

2003 758 2204 810 Ἀκουε
2234 756 2293 810 δέ
2328 757 2422 809 καὶ
2451 756 2618 810 αὐτοῦ
2652 756 2907 824 λέγοντος
2927 752 3022 807 τοῦ
3057 752 3155 823 τῆς
3187 752 3410 822 εἰρήνης
3445 748 3581 801 Θεοῦ

2000 849 2136 921 πρὸς
2158 849 2285 913 τοὺς
2319 847 2570 920 μαθητάς
2589 867 2601 880 '
2634 851 2756 904 Οὐκ
2778 844 2969 920 ἦλθον
2981 845 3203 911 ,ϐαλεῖν
3217 843 3465 912 εἰρήνην
3478 839 3580 894 ἐπὶ

2000 940 2116 1009 τὴν
2153 939 2287 1010 γῆν,
2318 939 2481 995 ἀλλὰ
2513 940 2835 1010 μάχαιραν.
2870 939 2980 992 Καὶ
3010 937 3205 992 πάλιν·
3242 935 3370 1003 Πῦρ
3392 930 3585 1003 ἦλθον

2007 1031 2216 1100 ϐαλεῖν
2244 1032 2342 1086 ἐπὶ
2367 1031 2481 1101 τὴν
2504 1032 2638 1103 γῆν,
2663 1033 2759 1086 καὶ
2778 1034 2833 1086 τί
2850 1031 3071 1101 ἤθελον
3093 1032 3145 1084 εἰ
3168 1028 3282 1098 ἤδη
3304 1025 3585 1094 ἀνήφθηὲ

2005 1121 2181 1203 Οὗτος
2210 1125 2266 1180 δὲ
2296 1129 2425 1200 περὶ
2458 1128 2622 1181 αὐτοῦ
2658 1126 2854 1195 λέγων,
2896 1126 3012 1189 πῶς
3047 1123 3167 1195 ἥξει
3199 1119 3360 1191 φησί·
3395 1122 3585 1173 Κατα-

2004 1217 2247 1285 ϐήσεται
2279 1221 2358 1286 ὠς
2386 1220 2560 1287 ὑετὸς
2583 1220 2679 1275 ἐπὶ
2710 1220 2921 1283 πόκον,
2965 1217 3064 1271 καὶ
3097 1215 3237 1270 ὠσεί
3267 1209 3509 1280 σταγὼν
3543 1210 3583 1277 ἡ

2004 1315 2309 1377 στάζουσα
2352 1318 2453 1370 ἐπὶ
2486 1315 2602 1384 τὴν
2650 1315 2785 1386 γῆν.
2829 1313 3017 1367 Ταῦτα
3058 1311 3223 1379 λέγω,
3264 1308 3353 1361 ἵνα
3398 1305 3587 1374 διεγη-

2005 1408 2267 1479 γερμένοι
2313 1404 2434 1480 ἦτε,
2470 1409 2566 1462 καὶ
2596 1407 2664 1461 τὰ
2705 1406 2811 1460 ἀπὸ
2841 1406 2947 1460 τῶν
2977 1404 3176 1469 λέξεων
3210 1386 3619 1470 σημαινόμεναί

2010 1498 2149 1568 μετά
2178 1500 2465 1571 ἀκριϐείας
2496 1498 2954 1569 ἐκλαμϐάνοντες,
2982 1496 3154 1566 λύητε
3196 1490 3329 1563 παρ’
3374 1489 3589 1550 ἑαυτοῖς

2007 1591 2103 1644 καὶ
2132 1591 2386 1663 ἀπορίαν.
2423 1590 2610 1645 Ταῦτα
2637 1591 2745 1661 γὰρ
2781 1589 2852 1642 τά
2876 1588 3117 1659 ὁνόματα
3147 1584 3255 1640 τῶν
3298 1578 3589 1654 ἐνεργειῶν

2008 1680 2173 1734 αὐτοῦ
2203 1683 2319 1735 ἐστι
2347 1682 2680 1753 σημαντικά.
2710 1680 2864 1734 Οὕτω
2880 1680 3059 1733 τοίνυν
3088 1679 3184 1732 καλ⁵
3213 1674 3446 1730 ἐνταῦθα
3461 1672 3593 1727 ὅταν

2008 1774 2270 1848 ἀκούσῃς,
2319 1772 2643 1843 Περίζωσαι
2678 1773 2794 1842 τὴν
2838 1772 3147 1843 ῥομφαίαν
3185 1784 3301 1824 σου
3352 1766 3448 1821 ὲπί
3483 1763 3595 1818 τόν

2004 1865 2205 1932 μηρόν
2226 1880 2364 1929 σου,
2387 1863 2628 1927 δυνατὲ,
2646 1865 2749 1932 τῆς
2773 1862 3054 1934 ἐνεργείας
3070 1858 3235 1913 αὐτοῦ
3257 1852 3397 1911 εἷναι
3421 1855 3594 1925 ὄνομα

2010 1954 2198 2024 νόμιζε
2222 1972 2234 1985 ·
2271 1955 2365 2008 καὶ
2387 1954 2456 2008 τὰ
2488 1952 2618 2019 τόξα
2649 1955 2745 2008 καὶ
2776 1954 2843 2009 τὰ
2870 1953 3023 2025 βέλη.
3057 1952 3272 2020 Ὥσπερ
3300 1949 3410 2017 γὰρ
3443 1944 3593 2016 ὀργί-

2012 2046 2202 2112 ζεσθαι
2225 2047 2314 2100 τὸν
2339 2049 2522 2119 Θεὸνή
2551 2050 2743 2122 Γραφὴ
2773 2049 2945 2117 λέγει,
2982 2048 3044 2101 οὐ
3075 2046 3244 2109 πάθος
3271 2041 3418 2112 αὐτῷ
3441 2037 3593 2114 [168]

2012 2139 2411 2211 περιάπτουσα,
2446 2141 2583 2194 ἀλλά
2620 2140 2708 2194 διὰ
2732 2141 2830 2211 τῆς
2861 2140 3060 2206 λέξεως
3078 2137 3284 2205 ταύτης
3308 2134 3406 2205 τὴν
3437 2135 3595 2206 ἐνέρ-

2011 2248 2165 2299 γειαν
2196 2231 2359 2284 αὐτοῦ
2387 2232 2486 2300 τὴν
2514 2232 2843 2304 κολαστικὴν
2874 2231 3221 2304 παριστῶσα,
3250 2229 3344 2284 καὶ
3363 2228 3471 2282 τῶν
3494 2244 3599 2280 πα-

2012 2322 2257 2393 χυτέρων
2297 2323 2692 2395 καθαπτομένη
2714 2341 2729 2356 ο
2768 2323 2912 2378 οὕτω
2944 2324 3039 2378 καὶ
3069 2323 3139 2377 τὰ
3174 2323 3315 2376 ὁπλα
3362 2321 3599 2390 λέγουσα

2014 2413 2178 2467 τοῦτο
2207 2414 2380 2485 δηλοῖ.
2428 2416 2646 2488 Ἐπειδὴ
2678 2416 2789 2489 γὰρ
2820 2418 2976 2488 ἡμεῖς
3003 2417 3065 2469 οὐ
3092 2416 3162 2470 δι’
3193 2408 3424 2480 ἐαυτῶν,
3462 2412 3598 2467 ἀλλά

2011 2507 2080 2560 δι’
2119 2507 2324 2578 ἐτέρων
2367 2508 2616 2579 ὁργάνων
2644 2508 3060 2581 τιμωρούμεθα,
3098 2507 3269 2585 θέλων
3301 2506 3470 2574 δεῖξαι
3498 2504 3600 2577 τὴν

2012 2599 2397 2673 τιμωρητικὴν
2428 2599 2597 2654 αὐτοῦ
2620 2599 2871 2672 δύναμιν,
2902 2600 2991 2654 διὰ
3012 2601 3122 2654 τῶν
3149 2600 3445 2671 γνωρίμων
3466 2600 3599 2669 ἡμῖν

2013 2692 2296 2762 ὀνομάτων
2327 2692 2619 2763 ἐδήλωσεν,
2650 2693 2749 2764 οὐχ
2773 2694 2862 2748 ἵνα
2895 2693 3036 2748 ὅπλα
3070 2693 3199 2765 περὶ
3231 2691 3364 2746 Θεὸν
3393 2690 3602 2762 νοήσω-

2018 2803 2138 2857 μεν,
2188 2786 2303 2840 ἀλλ’
2345 2787 2436 2842 ἵνα
2493 2787 2977 2860 ἐμφαντικώτερον
3012 2787 3112 2859 τὴν
3160 2786 3382 2840 κόλασιν
3434 2782 3604 2838 αὐτοῦ

2014 2879 2361 2951 ἀκούσωμεν.
2414 2879 2575 2933 Ἀλλὰ
2604 2880 2813 2944 πολλοὶ,
2853 2880 3041 2950 φησὶν,
3082 2870 3333 2932 ἐντεῦθεν
3368 2873 3604 2945 ἐϐλάϐη·

2018 2988 2139 3025 σαν.
2182 2973 2321 3026 Ἀλλ’
2344 2974 2465 3043 εἰκῆ
2484 2973 2579 3027 καὶ
2604 2973 2781 3043 μάτην
2798 2972 2892 3026 καὶ
2909 2971 3014 3025 ὐπὸ
3038 2970 3140 3041 τῆς
3165 2969 3371 3032 οἰκείας
3393 2967 3597 3031 ἀνοίας

2021 3063 2258 3135 μάλιστα
2291 3066 2390 3137 μὲν
2418 3067 2528 3138 γὰρ
2555 3065 2846 3130 ἀκούοντες
2871 3065 3029 3127 Θεὸν,
3063 3064 3296 3133 ὤφειλον
3340 3061 3600 3123 συνιέναι,

2017 3157 2100 3210 ὅτι
2139 3156 2548 3230 τροπικώτερον
2579 3159 2797 3229 εἴρηται
2820 3176 2833 3189 ·
2870 3157 2989 3211 νυνί
3027 3156 3083 3210 δὲ
3114 3156 3174 3210 οὐ
3217 3155 3307 3210 διά
3344 3154 3603 3225 ῥημάτων

2020 3247 2225 3317 ἐτέρων
2251 3248 2453 3312 αὐτοὺς
2476 3247 2766 3302 παιδεῦσαι
2787 3246 2848 3300 τὸ
2872 3245 3079 3308 ἀπαθὲς
3107 3243 3202 3297 τοῦ
3233 3242 3368 3298 Θεοῦ
3399 3242 3605 3312 ἠμέλη-

2022 3357 2113 3394 σεν
2159 3342 2193 3412 ὴ
2244 3341 2458 3411 Γραφή.
2517 3341 2784 3392 ’Ἄκουσον
2809 3339 2939 3408 γοῦν
2985 3334 3222 3408 ἀλλαχοῦ
3270 3334 3387 3399 πῶς
3436 3334 3604 3389 αὐτοῦ

2019 3431 2262 3483 δείκνυσι
2293 3430 2389 3500 τὴν
2422 3430 2675 3484 εὐκολίαν
2715 3432 2813 3501 τῆς
2857 3430 3154 3501 τιμωρίας,
3192 3429 3398 3496 λέγων·
3446 3429 3608 3483 Ἀνα-

2019 3522 2222 3590 στήτω
2251 3525 2283 3577 ό
2309 3522 2475 3588 Θεὸς,
2505 3521 3156 3591 διασκορπισθήτωσαν
3178 3524 3233 3574 οἱ
3262 3521 3463 3590 ἐχθροὶ
3494 3523 3604 3575 a6-

2023 3612 2147 3667 τοῦ.
2180 3612 2270 3684 Μὴ
2315 3613 2476 3683 χρεία
2508 3612 2724 3680 ὃπλων;
2755 3614 2829 3684 μὴ
2880 3614 3040 3684 χρεία
3070 3612 3379 3684 ρομφαίας;
3420 3614 3609 3683 Ἀρκεῖ

2032 3703 2212 3773 μόνον,
2245 3705 2431 3772 φησὶν,
2474 3704 2507 3774 ἡ
2543 3702 2863 3767 ἀνάστασις.
2910 3701 3072 3756 Ἀλλά
3113 3702 3207 3758 καὶ
3249 3702 3410 3756 τοῦτο
3443 3702 3606 3757 πάλιν

2029 3793 2205 3863 παχύο
2242 3793 2321 3847 διὸ
2350 3792 2619 3865 πολλαχοῦ
2662 3793 2838 3863 λέγει·
2892 3794 2946 3847 Ὀ
2978 3793 3320 3849 ἐπιϐλέπων
3350 3796 3448 3848 ἐπὶ
3492 3795 3608 3864 τὴν

2024 3886 2162 3957 γῆν,
2199 3885 2297 3941 ’καὶ
2329 3885 2519 3939 ποιῶν
2541 3885 2736 3954 αὐτὴν
2767 3885 3021 3954 τρέμειν.
3070 3885 3181 3938 Καὶ
3226 3886 3388 3939 πάλιν
3409 3905 3420 3916 ·
3462 3885 3608 3940 Ἀπὸ

2024 3978 2351 4047 προσώπου
2377 3974 2565 4031 αὑτοῦ
2592 3977 2896 4044 ἐσαλεύθη
2926 3978 2963 4046 ἡ
2999 3976 3097 4046 γῆ.
3135 3976 3299 4030 Ἀλλά
3328 3978 3424 4031 καὶ
3451 3978 3614 4034 τοῦτο

2024 4068 2193 4137 παχύ.
2230 4070 2498 4121 ’Ἄκουσον
2525 4069 2585 4121 τὸ
2610 4068 2943 4140 ὑψηλότερον
2962 4084 2975 4097 ·
2998 4068 3220 4135 Πάντα,
3248 4070 3365 4138 ὅσα
3391 4071 3610 4143 ἠθέλη-

2024 4176 2159 4223 σεν,
2192 4159 2485 4227 ἐποίησεν
2506 4176 2519 4189 ·
2553 4161 2714 4231 ἀρκεῖ
2745 4160 2854 4231 γὰρ
2890 4159 3038 4231 αὐτῷ
3071 4161 3132 4214 τὸ
3161 4161 3386 4232 θελῆσαι
3428 4163 3607 4233 μόνον.

2025 4250 2226 4304 Σκόπει
2254 4249 2311 4302 δέ
2345 4250 2462 4312 πῶς
2489 4250 2583 4304 καὶ
2606 4253 2664 4302 ἐν
2689 4251 2873 4315 αὐτοῖς
2892 4254 3004 4315 τοῖς
3038 4254 3369 4325 παχυτέροις
3398 4253 3611 4319 τούτοις

2023 4342 2265 4395 δείκνυσι
2281 4342 2341 4394 τὸ
2360 4341 2604 4405 ἀνενδεές
2621 4341 2714 4396 τοῦ
2736 4341 2894 4399 Θεοῦ.
2919 4344 2991 4396 οὐ
3016 4343 3124 4414 γάρ
3148 4345 3414 4417 πρότερον
3430 4346 3611 4401 ὃπλων

2026 4439 2457 4510 ἐμνημόνευσεν,
2492 4439 2595 4504 ἕως
2634 4440 2722 4493 ὅτε
2750 4439 2976 4494 δυνατὸν
3005 4440 3167 4495 αὐτὸν
3210 4441 3437 4495 ἐκάλεσε
3458 4459 3470 4472 ο
3514 4443 3611 4496 καὶ

2026 4535 2188 4591 πάλιν
2230 4536 2531 4601 καταλέξας
2567 4535 2635 4589 τὰ
2665 4536 2826 4603 ὅπλα,
2861 4518 2987 4609 ὃλην
3019 4538 3117 4608 τὴν
3158 4537 3315 4608 νίκην
3355 4539 3420 4610 τῇ
3460 4538 3613 4609 δεξιᾷ

2027 4635 2195 4690 αὐτοῦ
2234 4635 2541 4704 ἐλογίσατο,
2591 4637 2865 4705 τουτέστι,
2902 4637 2967 4707 τῇ
3009 4635 3167 4705 φύσει
3202 4635 3365 4689 αὐτοῦ
3422 4638 3514 4690 καὶ
3544 4640 3611 4708 τῇ

2026 4732 2254 4803 δυνάμει
2290 4731 2480 4787 αὐτοῦ.
2532 4734 2709 4804 Ὅπερ
2757 4733 2850 4786 καὶ
2896 4732 3057 4796 ἀλλος
3103 4735 3386 4803 προφήτης
3434 4733 3611 4804 δηλῶν

2027 4828 2212 4898 ἔλεγεν
2233 4849 2245 4861 ο
2290 4830 2361 4886 Ἡ
2391 4830 2549 4901 ἀρχὴ
2584 4830 2770 4885 αὐτοῦ
2791 4831 2890 4884 ἐπὶ
2924 4830 3030 4884 τοῦ
3060 4830 3222 4901 ὤμου
3252 4832 3440 4886 αὐτοῦ
3460 4850 3472 4862 ·
3513 4834 3612 4905 οὐχ

2030 4926 2117 4979 ίνα
2142 4921 2293 4999 ὦμον
2331 4929 2533 5000 νοήσῃς
2557 4929 2669 5001 (μὴ
2696 4929 2957 5000 γένοιτο),
2991 4929 3106 4983 ἀλλ’
3139 4930 3227 4984 ἵνα
3256 4930 3404 5003 εἰδῇς
3437 4934 3520 4987 ὅτι
3548 4935 3611 4989 οὐ

2028 5023 2197 5077 δεῖται
2227 5024 2428 5096 ἐτέρων
2457 5025 2589 5089 Θεὸς
2618 5026 2956 5097 συμμαχίας.
2981 5025 3301 5094 Περίζωσαι
3324 5026 3439 5095 τὴν
3461 5029 3614 5096 ῥομ-

2029 5121 2216 5189 φαίαν
2233 5136 2350 5176 σου
2380 5122 2479 5175 ἐπὶ
2503 5123 2610 5176 τὸν
2630 5121 2830 5192 μηρόν
2854 5136 2991 5187 σου,
3026 5122 3267 5186 δυνατὲ,
3307 5122 3382 5191 τῇ
3406 5124 3615 5192 ὡραιό-

2030 5219 2163 5286 τητί
2195 5233 2312 5272 σου
2333 5218 2433 5272 καὶ
2470 5218 2550 5285 τῷ
2574 5218 2786 5273 κάλλει
2811 5233 2950 5276 σου.
2980 5220 3043 5272 Τί
3059 5215 3151 5274 οὖν
3174 5219 3407 5273 ἐνταῦθα
3435 5220 3612 5291 λέγεις

2031 5314 2130 5368 Διά
2160 5315 2273 5368 τῶν
2301 5315 2631 5386 παχυτέρων
2657 5317 2941 5388 ὀνομάτων
2972 5316 3177 5372 τούτων
3203 5320 3300 5389 τὴν
3332 5319 3615 5392 ἐνέργειαν

2031 5409 2199 5464 αὐτοῦ
2246 5411 2508 5476 δείκνυσι,
2544 5413 2611 5466 δι’
2658 5408 2728 5477 ἧς
2760 5413 2861 5485 τὴν
2890 5414 3219 5484 οἰκουμένην
3261 5415 3615 5485 κατώρθωσε,

2030 5510 2096 5562 δι’
2128 5503 2198 5580 ἧς
2229 5508 2323 5564 τὸν
2370 5510 2610 5581 πόλεμον
2639 5511 2822 5577 ἔλυσε,
2865 5512 2961 5565 καὶ
2998 5512 3060 5565 τὸ
3086 5513 3351 5586 τρόπαιον
3396 5513 3614 5583 ἔστησε.

2036 5609 2144 5661 Kal
2176 5608 2552 5685 γὰρπόλεμος
2598 5606 2666 5682 ἦν
2700 5610 2955 5681 χαλεπὸς,
3005 5612 3260 5685 πολέμων
3304 5613 3561 5667 ἀπάντων
3588 5614 3620 5666 ὁ

2040 5705 2398 5777 πικρότατος,
2445 5708 2506 5762 οὐ
2548 5708 2837 5781 βαρϐάρων
2886 5710 3286 5783 πολεμούντων,
3327 5711 3461 5766 ἀλλὰ
3508 5712 3615 5763 τῶν
