4030 6408
386 382 520 440 l89~

386 463 773 555 modumcan
797 486 1032 557 seipsum
1060 476 1382 541 humi-licvit,
1412 482 1474 528 ut
1498 482 1557 526 te
1576 448 1886 528 exaltarct',
1914 472 1969 519 et

384 603 624 647 mortuus
652 594 737 641 est
762 624 777 647 ,
822 555 897 635 υ(
912 590 961 633 te
987 573 1236 631 redderet.
1279 564 1634 623 immortalem
1666 578 1679 613 :
1708 561 1780 612 ita
1810 555 1969 611 etiam

384 685 552 739 factus
575 689 657 733 est
682 671 1020 730 maledictum
1042 707 1058 733 ,
1087 673 1148 718 ut
1166 673 1223 718 tu
1248 657 1548 730 implereris
1576 649 1965 709 benedictione.

384 776 518 849 Quid
559 778 727 844 potest
752 763 979 823 conferri
1022 774 1143 815 cum
1177 748 1714 812 hac-benedictione,
1756 738 1972 813 quando

385 831 480 942 per
525 831 951 920 nialediruo-ucm
1003 850 1225 920 largitur
1266 835 1741 909 benedictionem?
1788 831 1973 900 Neque

384 923 525 1021 enim
550 959 664 1027 ipse
690 965 828 1022 opus
845 945 1033 1002 habuit
1048 938 1441 1001 benedictione,
1473 931 1567 987 sed
1588 943 1706 985 eam
1737 925 1831 981 tibi
1858 923 1968 1024 dat.

386 1010 843 1124 Qnetnddtnodutn
873 1040 1016 1094 enim
1046 1031 1259 1106 quando
1286 1028 1409 1083 dico
1434 1038 1557 1079 eum
1604 1020 1768 1074 fuisse
1795 1010 1972 1069 itumi-

388 1113 592 1206 liatum,
619 1154 726 1194 non
756 1135 877 1191 dico
902 1129 1249 1187 mutationem
1274 1161 1293 1187 ,
1322 1118 1416 1175 sed
1445 1116 1690 1170 humanm
1712 1113 1975 1176 suscepta:

388 1247 593 1293 natura
635 1227 1013 1285 demissiouem
1055 1237 1068 1273 :
1108 1218 1180 1272 ita
1223 1212 1381 1268 etiam
1406 1204 1619 1278 quando
1647 1201 1832 1256 dixero
1852 1209 1974 1251 eum

390 1343 507 1384 esse
538 1321 912 1380 benedictum,
958 1327 1063 1366 non
1094 1308 1197 1362 hoc
1220 1303 1364 1367 dico,
1391 1297 1532 1371 quod
1562 1295 1613 1349 ei
1642 1290 1801 1348 fuerit
1842 1300 1977 1357 Opus

390 1416 761 1477 benedictione
787 1453 800 1476 ,
850 1407 946 1463 sed
987 1415 1170 1460 rursus
1201 1393 1425 1452 ostendo
1445 1387 1824 1446 demissioncm
1876 1379 1977 1433 hu-

389 1525 564 1570 πωπω
586 1473 847 1573 suscepta!
873 1507 1097 1553 naturae.
1130 1486 1417 1545 Benedicta
1460 1481 1559 1535 fuit
1584 1490 1713 1547 ergo
1747 1473 1978 1527 humana

393 1616 580 1663 natura
611 1618 625 1654 :
655 1598 900 1655 Christus
930 1590 1071 1646 enim
1094 1600 1124 1640 a
1152 1579 1377 1638 mortuis
1399 1575 1661 1631 excitatus
1702 1583 1809 1622 non
1860 1577 1978 1619 mo-

393 1700 527 1754 ritur
551 1691 795 1762 amplius,
828 1699 926 1740 nec
948 1689 1034 1737 cst
1063 1673 1346 1733 maledicto
1371 1665 1635 1724 obnoxius
1669 1679 1683 1716 :
1717 1661 1825 1715 imo
1852 1669 1982 1711 vero

395 1747 887 1852 nec—ante'quidem
916 1779 1030 1828 erat
1058 1764 1320 1823 obnoxius
1343 1801 1357 1824 ,
1406 1756 1504 1814 sed
1546 1752 1782 1821 suscepit
1818 1747 1985 1803 male-

394 1840 625 1941 dictum,
668 1840 733 1928 tit
758 1880 810 1926 te
830 1867 896 1922 ab
919 1879 988 1921 eo
1018 1861 1269 1916 liberaret
1299 1851 1487 1924 (Rom.
1515 1847 1687 1941 6.-9).
1715 1843 1770 1898 4.
1802 1840 1986 1941 Accin-

395 1932 705 2047 geregla'dio
728 1975 815 2019 tuo
840 1973 991 2029 super
1020 1954 1182 2024 femur
1208 1958 1349 2002 tuum
1367 1984 1385 2010 ,
1419 1939 1778 2012 potentissime.
1809 1932 1982 1996 Alius,

400 2031 560 2135 'Ct'nge'
579 2074 742 2116 ensem
768 2065 911 2110 tuum
937 2062 1088 2117 super
1112 2048 1296 2116 femur.
1326 2037 1480 2092 Alius
1497 2074 1514 2101 ,
1545 2031 1876 2099 Circumpone
1899 2039 1984 2077 tte—

399 2115 522 2212 lit—tia
534 2115 762 2227 gladium
801 2157 940 2201 tuum
964 2115 1123 2209 super.
1152 2139 1334 2208 femur.
1366 2129 1422 2185 5.
1473 2125 1655 2198 Specie
1684 2131 1770 2176 tua
1801 2128 1847 2173 et
1875 2115 1988 2187 pul-

399 2214 683 2306 chritudine
722 2250 826 2295 tua.
861 2235 1041 2301 Alius,
1101 2226 1332 2283 Laudem
1375 2230 1515 2275 tuam
1559 2225 1606 2270 et
1638 2214 1989 2267 auctoritatem

401 2356 560 2401 tuam.
612 2337 764 2394 Alius
788 2374 802 2398 ,
850 2328 1025 2386 Gloria
1062 2333 1107 2380 et
1147 2322 1329 2377 decore
1352 2326 1458 2370 tuo.
1484 2312 1740 2380 Qua'nam
1767 2314 1849 2361 est
1876 2303 1991 2357 haec

388 2432 627 2493 mutatio
648 2472 664 2497 ,
692 2436 747 2484 et
766 2435 1007 2497 quamam
1033 2415 1319 2472 verborum
1344 2402 1663 2463 translatio?
1683 2400 1815 2456 Cum
1846 2395 1988 2452 enim

400 2487 706 2587 dewdoctore
731 2487 1040 2590 loqueretur
1054 2512 1183 2583 (hoc
1201 2505 1346 2562 enim
1367 2499 1469 2557 sibi
1489 2497 1599 2553 vult
1619 2493 1768 2559 illud,
1789 2487 1994 2557 lii/fusa

402 2633 476 2688 est
494 2618 659 2693 gratia
683 2616 737 2670 in
760 2587 905 2668 la-biis
924 2608 1020 2663 tuis
1040 2605 1084 2675 ),
1106 2608 1371 2657 armatum
1395 2606 1573 2663 regem
1596 2587 1753 2645 nobis
1772 2591 1993 2654 repente

403 2676 695 2776 describit,
742 2720 843 2762 nec
871 2704 945 2759 ita
971 2709 1029 2756 ut
1055 2700 1230 2754 locum
1263 2698 1441 2749 teneat
1467 2682 1783 2757 prophetia),
1814 2676 1908 2733 sed
1936 2684 1994 2731 ut

407 2772 582 2867 locum
629 2772 1051 2877 supplicationis.
1093 2789 1209 2845 Non
1258 2783 1392 2839 dixit
1430 2779 1573 2836 enim
1614 2792 1628 2828 :
1675 2772 1996 2840 Accingetur

406 2864 581 2975 gladio
605 2864 864 2960 suo-{sed
894 2893 1074 2958 rogat,
1120 2890 1175 2938 et
1209 2876 1357 2945 dicit,
1390 2871 1662 2942 Accingere
1684 2864 1856 2937 gladio
1887 2870 1991 2975 tn'o.

409 2950 625 3051 Beiude
643 2950 775 3042 huic
814 2950 983 3038 etiam
1018 2980 1302 3031 armaturae
1345 2964 1604 3021 admiscet
1647 2950 1995 3029 pulchritudi-

413 3103 531 3144 nem
554 3126 568 3152 ,
614 3093 759 3137 nunc
788 3072 1001 3145 quidem
1027 3064 1207 3139 gravis
1230 3065 1515 3115 armatura:
1545 3051 1769 3108 militem
1798 3041 1999 3116 signiﬁ-

414 3139 580 3238 cans'.
624 3184 767 3227 nunc
791 3178 919 3222 vero
947 3167 1227 3218 venustum
1259 3149 1529 3206 hominem
1560 3158 1625 3198 ac
1652 3139 1951 3211 Speciosum
1982 3152 1997 3187 :

423 3226 597 3345 Specie
618 3265 763 3323 enim
783 3302 798 3328 ,
825 3257 1027 3329 inquit,
1058 3261 1164 3315 tua,
1194 3257 1241 3302 et
1265 3238 1643 3318 pulchritudine
1664 3245 1771 3288 tua.
1802 3226 2003 3286 Deinde
2050 3304 2057 3311 _

419 3332 743 3436 Stigitlarium
779 3372 792 3408 :
826 3352 883 3407 6.
913 3345 1127 3418 Sagittae
1148 3341 1314 3403 enim,
1348 3332 1539 3403 inquit,
1572 3339 1671 3381 tua:
1701 3334 1880 3386 acutae,
1912 3336 2004 3390 po-

1399 3424 1457 3436 "
1597 3420 1607 3436 ¹
1640 3427 1679 3436 γι
1726 3431 1832 3436 μη---
1865 3430 1876 3436 -
1915 3410 1985 3436 Ι)-

416 3410 705 3513 utilissime.
736 3446 803 3502 Et
825 3453 1008 3498 rursus
1031 3437 1286 3490 victorem
1312 3438 1369 3484 et
1394 3420 1835 3491 triumphaturem
1864 3430 1876 3466 :
1906 3410 2002 3465 Po-

419 3549 547 3623 puli,
578 3542 767 3613 inquit,
797 3534 886 3591 sub
912 3542 959 3586 te
995 3526 1172 3583 cadent
1207 3523 1262 3576 in
1301 3516 1453 3574 corde
1493 3511 1812 3567 inimicorum
1851 3502 2002 3574 regis.

992 3622 997 3623 '
1078 3620 1086 3623 ‘
1363 3611 1394 3623 -'
1467 3605 1744 3623 Linum-..
1808 3596 1893 3623 ..ης
1927 3602 2002 3623 ηρ.

422 3596 677 3699 Lumdem
708 3596 890 3687 rursus
915 3620 1117 3680 inducit
1145 3611 1428 3684 unguentis
1450 3605 1770 3665 delibutum,
1805 3596 1897 3668 qui
1925 3602 2009 3650 est

422 3734 575 3790 miles
597 3725 773 3800 gravis
818 3725 1102 3775 armaturae
1120 3750 1136 3774 ,
1162 3717 1218 3763 et
1240 3720 1334 3761 rex
1354 3745 1367 3770 ,
1401 3708 1458 3755 et
1480 3693 1784 3767 sagittarius
1808 3731 1824 3756 ,
1855 3697 1908 3743 et
1929 3686 2008 3741 vi-

422 3836 537 3883 ctor
684 3814 899 3888 Myrrha
918 3809 1084 3874 enim;
1114 3801 1304 3873 inquit,
1326 3808 1371 3851 et
1392 3801 1553 3867 gutta,
1577 3798 1622 3843 et
1646 3786 1785 3841 casia
1808 3799 1839 3836 a
1864 3780 2012 3836 vesti.

422 3914 600 3977 utentis
628 3917 745 3971 tuis.

496 4012 551 4067 5.
579 4006 715 4078 Quid
737 4015 866 4074 ergo
889 4006 1173 4055 commune
1197 3989 1336 4044 inter
1360 3998 1419 4038 se
1440 3978 1641 4036 habent
1665 3986 1811 4029 arma
1836 3977 1891 4025 et
1916 3982 2012 4022 un-

425 4066 641 4176 guentzi,
675 4066 852 4152 unctio
871 4101 925 4147 et
962 4084 1188 4158 gladius,
1219 4075 1458 4135 doctrina
1487 4080 1542 4128 et
1581 4066 1781 4125 bellum
1810 4106 1824 4129 ,
1856 4072 2014 4116 arcus

1132 4175 1139 4176 κ
1423 4165 1434 4176 .
1768 4155 1851 4176 τω
1885 4166 2013 4176 mn

427 4155 483 4250 :t
505 4155 838 4264 pulchritudo
869 4155 1041 4236 iﬂiec
1058 4175 1202 4232 enim
1241 4178 1364 4225 sunt
1393 4165 1542 4236 signa
1567 4160 1736 4233 pacis,
1768 4155 1860 4210 illa
1885 4166 2015 4209 vero

432 4246 601 4364 prii-lii
629 4291 685 4341 et
710 4284 983 4338 instructae
1009 4269 1164 4328 aciei.
1197 4263 1326 4334 Quis
1353 4272 1484 4330 ergo
1507 4263 1591 4312 est
1614 4251 1772 4309 simul
1790 4260 1845 4305 et
1870 4246 2017 4318 pacis

432 4345 657 4444 amicus,
688 4381 745 4431 et
772 4371 850 4427 rei
884 4362 1104 4424 militari
1132 4352 1516 4422 deditus?quis
1532 4345 1750 4404 distillat
1782 4354 2020 4411 unguen-

437 4486 546 4529 tum
570 4512 586 4537 ,
633 4478 686 4525 et
722 4464 887 4521 armis
912 4468 995 4517 est
1024 4450 1297 4513 munitus?
1343 4448 1463 4518 quis
1484 4439 1727 4515 procedit
1751 4452 1817 4492 ex
1843 4432 2020 4491 domi-

437 4568 535 4622 bus
569 4529 672 4634 fa)
695 4554 968 4619 eburneis,
998 4559 1052 4606 et
1078 4548 1259 4602 hostes
1290 4539 1463 4596 fundit
1492 4529 1932 4594 innumerabiles,
1968 4534 2023 4582 et

439 4622 720 4715 maximam
764 4659 996 4718 stragem
1040 4639 1203 4697 facit?
1250 4630 1533 4703 Quomodo
1571 4626 1840 4684 solvemus
1887 4622 2025 4676 hanc

439 4712 846 4805 difﬁcultatem?
878 4712 948 4795 Si
976 4744 1123 4791 recte
1161 4730 1393 4785 sciamus
1434 4724 1552 4783 haec
1577 4732 1788 4788 quoque
1829 4713 1932 4769 dici
1959 4712 2026 4767 de

442 4842 621 4898 Patre.
646 4836 779 4892 Nam
806 4833 921 4903 ipse
941 4840 1152 4899 quoque
1175 4820 1431 4891 propheta
1456 4827 1578 4869 eum
1609 4807 1736 4866 alibi
1760 4813 2027 4861 armatum

444 4930 753 4995 introducit,
775 4896 1066 4995 ut-quando
1085 4913 1252 4972 dicit:
1277 4909 1397 4966 Nisi
1417 4903 1639 4963 conversi
1667 4898 1880 4973 fueritis,
1914 4896 2028 4968 gla-

446 5027 587 5082 dium
620 4986 771 5077 suum
812 4986 1024 5069 vilirabit
1048 5025 1068 5063 :
1107 5019 1279 5062 arcum
1311 5016 1456 5057 suum
1483 4994 1719 5058 tetendit,
1750 4999 1799 5045 et
1835 4986 2032 5061 paravit

447 5078 635 5191 ipsum,
685 5122 733 5169 et
762 5112 815 5165 in
839 5124 897 5163 eo
928 5101 1124 5176 parauit
1149 5112 1270 5152 vasa
1297 5092 1473 5150 mortis
1504 5085 1683 5162 (Psal.
1716 5086 1770 5139 7.
1795 5084 1863 5138 15
1882 5082 1923 5153 ).
1965 5078 2034 5133 Et

657 5203 782 5261 alibi
814 5218 830 5258 ε
858 5170 1048 5255 Induet
1073 5192 1328 5247 thoracem
1356 5184 1611 5260 justitiam
1632 5180 1651 5252 (
1671 5178 1801 5248 Sap.
1824 5175 1878 5231 5.
1904 5170 2034 5267 19

452 5301 587 5357 Vide
609 5262 790 5353 autem
817 5287 1064 5350 eamdem
1102 5294 1318 5355 quoque
1341 5274 1733 5333 auctoritatem.
1766 5262 2038 5334 Quemad-

452 5394 669 5454 modum
694 5389 841 5457 eu'un
867 5383 978 5441 illic
1005 5379 1156 5447 dicit,
1184 5372 1430 5434 Gladium
1472 5382 1620 5425 suum
1659 5362 1869 5421 vibrabit
1889 5401 1905 5426 ,
1933 5372 2039 5415 non

518 5640 591 5704 ta)
623 5645 676 5690 ιο
695 5642 881 5704 graeco»
905 5640 926 5681 ι
1177 5626 1499 5704 5321-3383”?
1516 5616 1780 5704 ‘21:???"
1806 5606 2051 5704 βῖθβλὲῖἳξῗ

456 5662 592 5755 uolgi.
611 5662 1165 5756 sli'v‘ithT’pZJ'i'it-it;
1173 5662 1500 5756 é’i‘ﬁﬁt‘tﬁﬁ}
1694 5662 2051 5756 Vsipéajipe-llat

456 5741 998 5816 dimisionem
1022 5750 1092 5816 sic.
1114 5741 1367 5816 Didymus:
1401 5741 1713 5805 λιιιτωδδίυδι
1731 5741 1921 5800 “mp”
1948 5744 2052 5793 πία·

458 5810 931 5894 ξῆῇξὲῆὲξτέιιηιααξ
953 5810 1179 5879 Cyrinus,
1195 5814 1372 5871 turres,

1516 351 1872 413 EXPOSlTlO
1911 350 1976 406 IN
2015 349 2340 407 PSALMUM
2380 350 2564 407 XLIV.

3568 351 3671 407 190

2077 463 2144 517 ab
2168 463 2275 517 alio
2296 463 2497 533 jussus,
2522 460 2619 519 sed
2647 461 2761 532 ipse
2788 476 2855 519 ex
2882 461 3061 532 seipso
3094 479 3107 517 :
3137 461 3214 517 ita
3238 459 3325 518 hic
3351 463 3532 533 etiam,
3565 464 3669 521 Sa-

2077 555 2216 626 gitta:
2244 550 2461 624 potentis
2487 562 2670 619 acutw,
2702 552 2880 625 papuli
2904 554 2997 608 sub
3027 563 3075 609 te
3100 553 3283 608 cadent
3310 555 3362 609 in
3389 555 3539 611 corde
3566 557 3671 611 ini-

2077 647 2321 700 micorum
2356 647 2507 717 regis.
2548 646 2750 701 Deinde
2774 645 3065 704 ostendens
3098 661 3224 701 eum
3263 648 3444 702 omnia
3475 663 3543 704 ex
3571 663 3669 707 sua

2077 745 2391 800 auctoritate
2414 746 2607 812 facere,
2634 743 2763 799 dicit
2790 762 2804 800 :
2834 743 3054 799 Deducet
3080 754 3126 799 te
3149 747 3445 802 mirabiliter
3464 746 3671 801 dextera

2078 845 2189 936 tua.
2220 835 2335 890 Non
2360 835 2606 902 aliunde,
2633 836 2805 908 inquit
2827 876 2844 904 ,
2876 837 3239 907 Operationem
3270 838 3527 908 suscipis,
3576 836 3671 892 scd

2079 927 2195 995 ipse
2223 928 2312 982 tibi
2340 927 2439 996 ipsi
2466 927 2689 983 sufficis.
2722 927 2859 982 Audi
2880 937 3056 981 autem
3087 929 3260 997 ipsum
3283 943 3495 999 quoque
3525 929 3672 999 pacis

2081 1015 2248 1070 Deum
2278 1017 2541 1075 dicentem
2570 1017 2846 1088 discipulis
2878 1036 2891 1072 :
2924 1016 3047 1071 Non
3073 1020 3183 1073 veni
3205 1036 3379 1090 pacem
3407 1022 3460 1074 in
3487 1031 3672 1074 terram

2080 1108 2309 1176 mittere,
2357 1111 2446 1163 sed
2477 1110 2703 1181 gladium
2755 1108 2978 1182 (Matth.
3024 1110 3107 1165 10.
3153 1110 3278 1182 54).
3331 1112 3394 1166 Et
3434 1127 3618 1167 rursus
3657 1131 3671 1169 :

2080 1198 2261 1271 Ignem
2286 1203 2394 1255 veni
2424 1203 2616 1256 mittere
2636 1204 2688 1256 in
2717 1211 2923 1269 terram,
2946 1212 2991 1256 et
3017 1203 3139 1273 quid
3168 1201 3280 1257 volo
3302 1204 3396 1258 nisi
3422 1213 3472 1256 ut
3492 1221 3675 1258 accen-

2082 1291 2232 1344 datur
2258 1290 2277 1358 (
2299 1290 2421 1345 Luc.
2455 1292 2540 1347 12.
2571 1290 2716 1364 49)ἶ²
2749 1291 2850 1347 llic
2882 1302 3059 1347 autem
3088 1293 3154 1347 de
3184 1293 3374 1364 eodem
3418 1295 3635 1364 loquens
3656 1337 3670 1361 ,

2083 1385 2350 1453 quomodo
2375 1385 2444 1440 sit
2466 1373 2718 1441 reriturus
2741 1385 2870 1441 dicit
2901 1404 2913 1439 :
2950 1385 3226 1441 Descendet
3253 1356 3383 1441 sicui
3424 1356 3591 1449 pluvia
3624 1356 3678 1441 in

2084 1475 2259 1541 vellus,
2306 1487 2353 1531 et
2401 1486 2656 1546 tamquam
2701 1486 2843 1549 gutta
2882 1493 2994 1548 qua:
3033 1477 3246 1530 distillat
3295 1494 3447 1545 super
3492 1487 3677 1531 terram

2090 1570 2109 1641 (
2132 1569 2278 1625 I’sal.
2307 1572 2398 1626 7t.
2426 1571 2515 1642 6).
2546 1571 2673 1627 llaec
2697 1572 2839 1636 dico,
2864 1582 2920 1625 ut
2949 1571 3133 1625 attenti
3160 1570 3277 1625 sitis
3298 1580 3352 1625 et
3375 1570 3680 1641 vigilantes,

2087 1673 2141 1718 ct
2161 1679 2279 1733 quae
2301 1679 2364 1717 ex
2396 1663 2719 1718 dictionibus
2748 1662 3118 1732 signiﬁcantur
3146 1660 3426 1730 diligenter
3458 1675 3680 1715 sumen-

2091 1764 2191 1821 tes,
2221 1755 2441 1810 solvatis
2471 1754 2611 1825 apud
2633 1770 2727 1810 vos
2756 1754 3160 1811 dubitationem.
3195 1752 3320 1809 Haec
3344 1753 3486 1808 enim
3512 1756 3679 1807 nomi-

2091 1865 2155 1903 na
2187 1850 2484 1920 significant
2510 1848 2625 1919 ejus
2648 1847 3010 1918 operationes.
3062 1845 3136 1899 lta
3180 1860 3310 1917 ergo
3350 1844 3436 1900 hic
3472 1860 3684 1916 quoque

2090 1956 2208 1996 cum
2237 1941 2471 1995 audieris
2499 1957 2513 1994 :
2549 1941 2821 2010 Accingere
2842 1938 3015 2009 gladio
3037 1946 3123 1991 tuo
3152 1953 3304 2006 super
3326 1936 3492 2006 femur
3521 1946 3682 2001 tuum,
3758 1934 3769 1935 ί

2092 2035 2432 2106 potentissime
2457 2075 2470 2099 ,
2510 2032 2759 2088 existima
2786 2045 2906 2086 esse
2933 2045 3126 2084 nomen
3157 2029 3275 2098 ejus
3313 2028 3639 2097 Operatiouis
3670 2046 3684 2085 :

2093 2128 2165 2181 ita
2220 2126 2382 2181 etiam
2408 2139 2564 2180 arcus
2620 2129 2675 2178 et
2726 2122 2966 2193 sagittas.
3015 2118 3483 2188 Quemadmodum
3543 2119 3685 2174 enim

2094 2216 2366 2286 Scriptura
2391 2215 2520 2271 dicit
2547 2216 2710 2270 Deum
2733 2212 2911 2279 irasci,
2945 2226 3051 2266 non
3079 2210 3536 2281 perturbationem
3568 2213 3687 2265 ani-

2099 2309 2171 2365 mi
2192 2310 2240 2363 ei
2262 2308 2523 2373 tribuens,
2556 2306 2651 2362 sed
2682 2322 2776 2377 per
2802 2306 2938 2359 haue
2958 2303 3270 2371 dictionem,
3301 2302 3544 2358 ultricem
3570 2303 3688 2373 ejus

2096 2405 2460 2473 operationem
2488 2392 2775 2457 oSIendens
2796 2442 2809 2465 ,
2841 2411 2896 2456 et
2924 2416 3041 2471 qua:
3072 2409 3195 2454 sunt
3233 2400 3499 2454 crassiora
3527 2399 3690 2452 attin-

2097 2511 2231 2567 gens
2259 2513 2272 2549 :
2303 2497 2372 2550 ita
2392 2494 2621 2565 idipsum
2644 2493 2907 2565 signiﬁcat
2933 2507 3055 2547 cum
3081 2505 3230 2545 arma
3253 2501 3533 2545 memorat.
3559 2491 3693 2557 Quia

2098 2589 2243 2645 enim
2267 2602 2374 2643 non
2401 2602 2497 2657 per
2522 2586 2803 2656 nosipsos,
2834 2584 2928 2639 sed
2961 2599 3055 2654 per
3080 2583 3180 2638 alia
3210 2582 3562 2637 instrumenta
3594 2598 3694 2651 pu-

2104 2682 2303 2749 nimur,
2332 2681 2519 2735 volens
2542 2680 2658 2749 ejus
2685 2676 2939 2748 puniendi
2963 2675 3247 2730 ostendere
3276 2673 3576 2728 facultatem
3597 2714 3613 2740 ,
3643 2673 3695 2728 id

2102 2791 2196 2848 per
2220 2774 2434 2830 nomina
2457 2773 2609 2829 nobis
2630 2781 2754 2827 nota
2775 2769 3109 2843 significavit,
3130 2784 3235 2825 non
3265 2776 3324 2823 ut
3341 2782 3488 2822 arma
3512 2767 3561 2821 in
3582 2767 3698 2822 Deo

2101 2871 2435 2940 cogitemus,
2469 2866 2565 2923 sed
2588 2876 2648 2921 ut
2673 2864 3056 2937 signiﬁcantius
3100 2870 3154 2918 et
3194 2877 3317 2917 cum
3366 2860 3558 2930 majori
3584 2874 3699 2914 em-

2105 2963 2255 3033 phasi
2279 2962 2397 3033 ejus
2428 2961 2681 3016 ultionem
2712 2957 3009 3013 audiamus.
3042 2956 3113 3010 At
3138 2953 3312 3021 multi,
3358 2952 3566 3023 inquies
3590 2991 3604 3016 ,
3632 2967 3698 3006 ex

2106 3058 2209 3113 hoc
2238 3058 2355 3111 loco
2382 3054 2494 3110 laesi
2523 3063 2684 3109 sunt:
2712 3050 2807 3106 sed
2837 3059 3058 3115 temere,
3087 3055 3142 3103 et
3162 3062 3192 3100 a
3215 3045 3429 3117 propria
3453 3045 3698 3100 inscitia:

2107 3166 2228 3206 cum
2261 3150 2402 3205 enim
2436 3148 2603 3202 Deum
2625 3144 2891 3209 audirent,
2923 3139 3191 3196 debebant
3215 3136 3519 3206 intelligere
3541 3134 3594 3190 id
3621 3135 3703 3190 di-

2115 3254 2260 3300 ctum
2290 3257 2410 3299 esse
2441 3242 2645 3311 tropice
2667 3249 2720 3296 et
2751 3239 2971 3309 ﬁgurate
2996 3252 3009 3288 :
3040 3248 3182 3290 nunc
3202 3246 3329 3287 vero
3358 3245 3459 3286 nec
3484 3244 3579 3300 per
3598 3230 3703 3286 alia

2108 3334 2324 3407 quidem
2372 3334 2534 3392 verba
2575 3329 2809 3402 neglexit
2852 3325 3126 3397 Scriptura
3171 3338 3265 3379 eos
3310 3321 3506 3377 docere
3536 3321 3703 3377 Deum

2111 3450 2230 3492 esse
2269 3428 2638 3501 impatihilem.
2691 3420 2828 3477 Audi
2879 3434 3007 3491 ergo
3043 3415 3314 3489 quomodo
3354 3414 3480 3468 alibi
3516 3413 3700 3479 docet,

2112 3540 2270 3597 quam
2302 3524 2370 3578 sit
2391 3521 2439 3576 ei
2468 3518 2626 3574 facile
2651 3529 2866 3572 sumere
2889 3510 3231 3582 Supplicium,
3251 3509 3436 3561 dicens
3464 3502 3477 3557 ὲ
3509 3502 3725 3561 Επδιινηι

2113 3631 2197 3690 gat
2229 3615 2366 3670 Deus
2392 3656 2406 3681 ,
2442 3623 2487 3668 et
2529 3611 2837 3680 dissipentur
2872 3603 3065 3659 inimici
3093 3602 3203 3674 ejus
3251 3598 3436 3671 (Psal.
3478 3599 3567 3652 67.
3612 3598 3706 3668 2).

2113 3709 2380 3781 Numquid
2409 3722 2542 3777 opus
2583 3713 2664 3759 est
2700 3699 2899 3756 armis?
2945 3694 3199 3765 numquid
3228 3691 3439 3763 gladio?
3464 3690 3707 3759 Sufficit,

2117 3805 2306 3875 inquit,
2335 3801 2509 3857 solum
2537 3798 2582 3853 si
2610 3792 2992 3851 exsurrexerit.
3025 3786 3131 3843 Sed
3160 3788 3260 3841 hoc
3285 3800 3497 3856 quoque
3522 3798 3713 3852 rursus

2116 3912 2200 3962 est
2241 3913 2522 3967 crassum;
2571 3908 2624 3952 et
2643 3895 2764 3950 ideo
2806 3906 2949 3960 saepe
2988 3888 3154 3943 dicit:
3192 3883 3531 3955 Qui‘respicit
3559 3897 3713 3952 super.

2119 4006 2346 4060 terram,
2383 4001 2429 4046 et
2456 3989 2577 4062 facit
2599 4003 2708 4041 eam
2729 3996 2936 4039 tremere
2966 3977 3151 4053 (Psal.
3184 3978 3302 4033 105.
3331 3976 3401 4032 52
3420 3976 3460 4045 ).
3496 3974 3564 4029 Et.
3590 3989 3712 4027 rur-

2119 4104 2213 4145 sus
2244 4106 2258 4142 :
2292 4087 2333 4140 Α
2362 4084 2491 4157 facie
2526 4082 2638 4154 ejus
2681 4085 2930 4132 commota
2971 4082 3043 4127 est
3080 4080 3213 4124 terra
3252 4067 3436 4138 (Psal.
3466 4066 3592 4121 115.
3619 4065 3651 4119 7
3673 4064 3723 4134 ).η

2122 4159 2408 4252 Atquihoc
2434 4187 2647 4249 quoque
2674 4184 2916 4228 crassum
2942 4175 3043 4223 est.
3094 4162 3230 4219 Audi
3278 4176 3406 4233 ergo
3452 4173 3637 4225 rursus
3664 4159 3713 4212 id

2123 4273 2265 4347 quod
2296 4281 2377 4329 est
2404 4267 2687 4325 sublimius
2718 4282 2731 4320 :
2763 4262 2967 4327 Omnia,
2996 4271 3322 4331 qucecuntque
3359 4254 3518 4307 voluit
3543 4294 3557 4318 ,
3602 4252 3718 4322 fecit

2132 4343 2155 4442 ξ
2173 4368 2319 4424 Psal.
2354 4364 2478 4422 154.
2510 4360 2579 4435 6)
2608 4348 2627 4416 ί
2649 4361 2699 4415 ei
2724 4359 2867 4414 enim
2889 4354 3063 4411 solum
3090 4349 3323 4406 voluisse
3345 4346 3558 4402 sufficit.
3587 4343 3729 4398 Vide

2127 4474 2307 4519 autem
2352 4455 2623 4531 quomodo
2668 4453 2723 4508 in
2765 4451 2850 4506 his
2886 4447 3047 4503 etiam
3090 4440 3442 4499 crassioribus
3485 4435 3723 4492 ostendit

2133 4558 2297 4612 Deum
2330 4552 2526 4606 nullius
2552 4547 2629 4601 rei
2659 4556 2839 4615 egere.
2881 4538 3067 4608 Neque
3105 4532 3246 4590 enim
3277 4534 3426 4602 prius
3451 4542 3721 4583 armorum

2132 4646 2394 4710 meminit,
2426 4657 2585 4714 quam
2624 4653 2746 4694 eum
2777 4641 3049 4706 potentem
3098 4624 3408 4691 vocaverit;
3460 4632 3515 4678 et
3540 4624 3725 4677 rursus

2132 4759 2253 4799 eum
2279 4754 2426 4794 arma
2446 4737 2834 4796 enumerasset,
2857 4738 3072 4780 omnem
3095 4721 3371 4777 victoriam
3389 4717 3505 4787 ejus
3526 4715 3731 4769 dextras

2134 4832 2455 4902 adscripsit,
2483 4827 2587 4882 hoc
2608 4833 2691 4879 est
2714 4863 2729 4888 ,
2779 4819 2896 4891 ejus
2923 4824 3131 4872 natura:
3168 4823 3223 4868 et
3260 4809 3533 4882 potentiae.
3575 4802 3729 4872 Quod

2137 4929 2271 4983 alius
2299 4897 2511 4995 quoque
2536 4914 2796 4989 propheta
2820 4908 3145 4995 significans,
3175 4901 3425 4959 diccbat:
3459 4897 3732 4964 Principa-

2142 5030 2220 5075 tus
2247 4987 2355 5088 ejus
2379 4987 2826 5083 super'humerum
2854 5003 2963 5075 ejus
3031 4997 3159 5053 Isai.
3184 4995 3238 5051 9.
3268 4993 3335 5065 6)
3372 5008 3387 5049 :
3418 5007 3526 5045 tton
3547 4998 3602 5042 ut
3627 4987 3732 5041 hu-

2141 5128 2349 5170 merum
2378 5107 2661 5176 intelligas,
2691 5100 2827 5156 absit
2850 5116 2862 5153 :
2888 5094 2982 5153 sed
3009 5103 3067 5149 ut
3086 5092 3224 5147 scias
3253 5089 3414 5142 Deum
3447 5099 3552 5138 non
3574 5096 3744 5151 egere

2144 5210 2370 5264 aliorum
2389 5199 2607 5257 auxilio.
2633 5195 2905 5264 Accingere
2919 5186 3090 5261 gladio
3113 5193 3196 5238 tuo
3215 5194 3368 5249 super
3389 5176 3551 5245 femur
3572 5181 3734 5236 tuum,

2146 5261 2515 5373 potentissime,
2548 5288 2713 5359 specie
2738 5261 2825 5339 tua
2845 5290 2890 5336 et
2919 5270 3297 5352 pulchritudine
3335 5275 3442 5321 tua.
3477 5262 3615 5332 Quid
3652 5261 3747 5317 hie

2150 5353 2306 5464 igitur
2333 5353 2512 5443 dicitiv
2529 5353 2631 5437 Per
2658 5377 2772 5432 bzec
2810 5370 3072 5428 crassiora
3112 5361 3329 5418 nomina
3355 5354 3588 5412 ostendit
3625 5353 3751 5424 ejus.

2151 5447 2519 5556 dperationcm
2542 5515 2556 5541 ,
2590 5485 2685 5543 per
2713 5481 2869 5538 quam
2911 5461 3095 5517 orbem
3126 5466 3389 5510 terrarum
3428 5447 3600 5514 rexit,
3648 5459 3745 5516 per

2153 5537 2315 5650 quam
2343 5537 2550 5628 bellum
2571 5537 2834 5627 confecit,
2864 5564 2917 5610 et
2945 5561 3204 5622 trOpmum
3227 5543 3418 5600 erexit.
3448 5539 3581 5595 Erat
3603 5537 3753 5593 enim

2155 5628 2354 5729 bellum
2381 5657 2752 5735 gravissimum
2777 5693 2792 5718 ,
2828 5657 2883 5705 et
2911 5645 3148 5702 omnium
3178 5637 3439 5694 bellorum
3472 5628 3751 5690 acerbissi-t

2158 5779 2304 5830 mum
2324 5803 2339 5823 .
2382 5721 2438 5819 in
2469 5771 2574 5839 quo
2600 5764 2707 5809 non
2731 5741 2944 5804 barbari
2964 5736 3163 5797 bellum
3193 5731 3449 5811 gerebant
3468 5765 3488 5799 ,_
3514 5723 3607 5789 sed
3641 5721 3752 5786 dae»
3808 5790 3811 5795 ι
