4030 6448
294 367 390 426 191

288 494 476 540 moues
504 478 790 536 tendebant
812 475 1030 531 insidias
1053 516 1066 542 ,
1111 485 1167 530 et
1193 474 1442 529 universo
1466 471 1582 527 orbi
1613 481 1871 524 terrarum

285 571 576 630 adferebant
603 569 842 626 exitium.
873 567 1132 633 Quocirca
1164 565 1350 620 Esaias
1381 577 1592 634 quoque
1625 561 1873 616 diccbat:

285 663 355 716 Et
397 663 604 734 fortium
647 659 830 713 dividet
867 657 1034 729 spolia
1077 653 1242 726 (Isai.
1275 655 1364 710 55.
1411 653 1533 723 12).
1585 652 1652 706 Et
1694 665 1878 706 rursus

283 755 411 810 alibi
441 771 456 810 :
488 753 712 824 Spiritus
737 749 946 805 Domini
973 765 1125 820 super
1164 764 1285 813 me;
1329 764 1428 816 qua
1455 745 1518 799 de
1544 760 1704 798 causa
1734 744 1878 798 unxit

284 863 384 910 me,
410 846 480 899 ad
497 841 944 916 euangelizandum
974 841 1284 914 pauperibus
1307 840 1438 894 misit
1459 853 1538 891 me
1561 879 1575 903 ,
1602 837 1670 890 ad
1691 837 1880 906 praedi-

281 936 500 992 candam
532 935 740 1006 captivis
761 935 1104 990 remissionem
1137 931 1251 1004 (Ib.
1277 931 1366 988 61.
1392 927 1478 1001 1).
1516 929 1874 996 Quamobrem

283 1029 478 1085 Paulus
508 1029 702 1098 ubique
730 1027 782 1082 in
813 1026 1077 1098 principio
1109 1024 1466 1094 Epistolarum
1509 1021 1751 1076 scribens
1790 1020 1876 1073 di-

280 1121 436 1176 cebat
465 1137 478 1174 :
509 1118 686 1174 Gratia
712 1119 848 1172 vobis
871 1128 916 1171 et
937 1133 1040 1187 pax
1068 1133 1097 1168 (ι
1129 1114 1237 1169 Deo
1263 1123 1406 1184 patre
1434 1121 1626 1167 nostra.
1662 1111 1728 1166 Et
1753 1126 1874 1164 rur-

283 1229 376 1267 sus
405 1229 421 1265 :
452 1209 574 1283 Ipse
596 1211 728 1264 enim
753 1218 821 1264 est
849 1225 949 1277 pax
967 1217 1139 1262 nostra
1164 1249 1179 1273 ,
1227 1207 1312 1274 qui
1343 1205 1457 1274 fecit
1485 1214 1692 1273 utraque
1719 1218 1874 1256 unum

287 1289 512 1373 (Ephes.
537 1302 592 1358 2.
620 1303 686 1356 M
705 1301 746 1372 ).
775 1301 852 1356 Nc
873 1296 1203 1356 autem‘dtun
1235 1298 1385 1352 audis
1407 1339 1420 1362 ,
1468 1297 1738 1367 Accingere
1761 1294 1875 1366 gla-

284 1395 370 1447 dio
401 1403 508 1456 tuo;
533 1407 715 1448 ensem
747 1391 1010 1462 intelligas
1031 1389 1280 1444 sensilcm
1298 1431 1312 1452 ,
1345 1388 1466 1442 audi
1495 1404 1614 1458 qua:
1639 1401 1875 1455 sequun-

285 1495 388 1540 tur.
421 1483 552 1540 Cum
582 1485 723 1540 enim
754 1485 996 1548 dixisset,
1021 1483 1291 1554 Accingere
1318 1481 1489 1553 gladio
1515 1490 1620 1543 tuo,
1654 1479 1876 1547 sul)jun-

286 1577 380 1638 xit,
414 1576 467 1630 5.
501 1573 682 1646 Specie
703 1584 810 1641 tua,
843 1584 889 1628 et
917 1573 1295 1644 pulchritudine
1321 1583 1406 1626 tua
1435 1588 1453 1626 :
1490 1573 1588 1625 hoc
1618 1580 1732 1636 est,
1762 1569 1877 1640 gla-

284 1667 436 1732 dius,
464 1667 668 1736 species
708 1665 854 1736 ejus,
903 1663 1259 1734 pulchritudo,
1301 1663 1502 1734 gloria,
1547 1662 1833 1716 auctoritas
1857 1700 1874 1726 ,

284 1759 537 1830 ll'ltljt‘SlaS
593 1769 644 1812 ct
674 1757 1085 1827 magnificentia.
1135 1756 1342 1811 Nullius
1369 1756 1512 1809 enim
1555 1755 1642 1809 illa
1676 1755 1879 1823 indiget

283 1849 578 1905 substantia
605 1849 669 1903 ad
697 1865 756 1903 ea
788 1860 941 1925 recte
965 1847 1197 1918 gerenda
1223 1888 1238 1912 ,
1275 1864 1394 1918 qua:
1444 1848 1641 1901 int-rint
1681 1863 1874 1917 propo-

281 1943 382 1994 sita
422 1958 435 1992 :
469 1949 550 1996 est
594 1941 735 1996 enim
763 1941 954 1994 nullius
985 1939 1180 2009 indiga.
1215 1939 1351 1994 Eum
1391 1955 1520 2008 ergo
1559 1938 1876 1993 adhortatur

283 2030 562 2101 propheta,
594 2046 690 2100 pro
715 2031 966 2085 universo
991 2030 1120 2085 orbe
1141 2038 1403 2086 terrarum
1433 2046 1554 2086 eum
1577 2030 1643 2084 ad
1674 2029 1872 2085 bellum

279 2124 532 2180 ctlueeus.
560 2123 760 2179 Deinde
785 2139 813 2177 a
837 2123 1152 2178 sublimibus
1175 2124 1470 2178 orationem
1504 2138 1688 2178 rursus
1707 2123 1878 2176 dedu-

279 2215 351 2270 cit
389 2214 454 2270 ad
478 2216 761 2271 crassiora.
809 2215 942 2270 Cum
987 2214 1130 2270 enim
1160 2215 1382 2270 dixisset
1421 2215 1654 2285 gladium
1698 2225 1755 2271 et
1797 2214 1877 2270 fc-

278 2321 420 2370 mur,
451 2305 728 2362 adscendit
752 2304 818 2360 ad
860 2307 1092 2376 speciem
1123 2315 1178 2360 et
1202 2305 1650 2376 pulchritudinem
1676 2323 1690 2359 :
1721 2313 1776 2360 et
1804 2305 1872 2359 il-

278 2397 387 2455 linc
414 2414 600 2454 rursus
620 2398 898 2454 descendit
921 2399 988 2453 ad
1020 2414 1080 2454 ea
1102 2415 1223 2470 quac
1252 2409 1374 2455 sunt
1401 2401 1570 2470 magis
1589 2415 1868 2470 corporea,

277 2503 331 2547 et
359 2493 487 2548 dicit
515 2511 528 2547 :
559 2491 802 2556 Intende,
849 2509 1086 2564 prospere
1105 2495 1318 2562 procede
1342 2503 1388 2548 et
1408 2509 1586 2566 regna.
1615 2491 1746 2548 Cum
1778 2507 1874 2546 au-

277 2593 385 2641 tem
425 2583 592 2648 dixit,
638 2581 891 2646 Intende.
941 2599 1124 2640 arcum
1162 2585 1478 2656 significavit
1504 2595 1557 2641 et
1602 2585 1869 2658 sagittam.

277 2675 478 2730 Deinde
504 2674 793 2729 ostendens
825 2689 1010 2730 rursus
1039 2691 1160 2730 eum
1179 2675 1345 2730 armis
1384 2692 1489 2730 non
1514 2692 1690 2747 cgere,
1738 2677 1870 2732 sub-

273 2768 449 2840 junxit
471 2809 485 2834 ,
529 2767 784 2838 Prospere
811 2767 1062 2839 procede,
1110 2777 1160 2823 et
1191 2785 1364 2839 regna.
1403 2769 1554 2824 Alius
1576 2777 1752 2824 autem
1786 2771 1868 2824 in-

274 2873 487 2929 terpres
514 2861 599 2915 hic
627 2859 780 2926 dicit,
815 2859 1082 2916 Promove.
1113 2861 1356 2932 Regnum
1387 2873 1563 2917 autem
1587 2862 1674 2920 hic
1702 2863 1866 2928 dicit,

271 2953 415 3022 quod
446 2967 567 3006 cum
597 2951 926 3016 advenisset,
972 2951 1361 3008 adtt'tinistravit
1389 2955 1644 3010 extremis
1667 2963 1868 3024 tempo-

273 3045 421 3099 ribus
443 3085 458 3110 ,
490 3043 740 3115 quodque
783 3053 865 3100 est
890 3044 1183 3099 secundum
1215 3045 1483 3116 propriam
1524 3047 1786 3104 rationem
1814 3056 1869 3103 ct

272 3138 572 3194 scientiam.

342 3228 395 3284 6.
428 3229 553 3284 ch
577 3237 754 3285 autem
781 3228 942 3284 verba
965 3228 1202 3284 indicant
1223 3229 1494 3300 propheta:
1517 3229 1864 3298 desiderium,

271 3320 502 3376 videntis
526 3320 636 3391 jam
669 3336 789 3391 quae
817 3331 972 3376 erant
999 3320 1068 3376 ab
1097 3335 1164 3376 eo
1191 3322 1451 3388 facienda,
1475 3333 1528 3378 et
1552 3323 1864 3378 universum

272 3412 459 3466 orbem
489 3422 644 3466 terrae
669 3411 955 3466 deductum
982 3412 1047 3466 ad
1067 3412 1344 3467 veritatem
1369 3429 1384 3467 :
1414 3423 1468 3469 et
1493 3413 1612 3470 ideo
1641 3423 1793 3485 tropo
1813 3424 1868 3471 et

273 3506 437 3576 ﬁgura
470 3505 780 3574 imperantis
799 3518 926 3558 usus
951 3513 1052 3570 est.
1085 3504 1494 3561 Consuevcrunt
1517 3507 1658 3562 enim
1692 3507 1862 3562 miuo-

271 3612 378 3664 rcs,
409 3597 772 3666 quandosunt
795 3597 905 3652 acri
932 3598 1192 3668 majorum
1223 3598 1532 3655 inﬂammati
1557 3601 1754 3666 studio,
1783 3601 1866 3658 bis

269 3691 344 3745 uti
371 3690 709 3746 dictionibus.
753 3689 972 3762 Propter
1007 3693 1284 3758 veritatem,
1317 3701 1364 3746 et
1402 3694 1862 3763 mansuetudinem,

269 3793 313 3838 et
333 3783 600 3852 justitiam.
634 3781 902 3839 Adverbio
927 3783 1166 3839 veritatis
1197 3785 1381 3840 utitur.
1411 3783 1572 3840 Vides
1598 3786 1866 3855 quomodo

268 3878 496 3947 seipsam
526 3877 906 3946 interpretatur
925 3875 1218 3946 Scriptura,
1250 3887 1305 3933 et
1329 3879 1564 3933 ostendit
1587 3879 1862 3935 victoriam

268 3970 470 4026 versari
501 3972 554 4025 in
577 3969 944 4040 intelligentia,
973 3981 1027 4026 et
1055 3985 1176 4025 esse
1200 3969 1692 4040 spiritualem‘tQui
1720 3973 1862 4028 enim

267 4065 512 4120 meminit
555 4079 847 4128 armorum,
885 4063 1068 4134 gladii,
1113 4072 1169 4118 et
1195 4079 1434 4132 arcuum,
1470 4065 1738 4137 quomodo
1779 4066 1866 4122 hic

268 4149 513 4213 meminit
539 4155 993 4212 mansuetudinis?
1011 4155 1148 4224 Quid
1170 4157 1312 4211 enim
1339 4171 1626 4213 commune
1649 4160 1788 4214 inter
1805 4167 1865 4216 Se

269 4248 468 4304 habent
509 4247 706 4303 bellum
745 4255 800 4304 et
836 4248 1212 4314 mansuetudo,
1252 4247 1512 4304 modestia
1560 4259 1614 4304 et
1653 4252 1864 4321 pugna?

268 4338 598 4394 Permultum
629 4337 843 4408 quidem
883 4347 1050 4404 certe,
1100 4337 1144 4392 si
1191 4339 1312 4408 quis
1342 4347 1488 4394 recte
1528 4341 1861 4410 expendcrit.

265 4431 398 4488 Nam
428 4442 478 4488 et
511 4431 674 4487 David
713 4439 769 4486 ct
802 4422 978 4486 Moses
1011 4441 1162 4486 erant
1202 4431 1360 4486 mites
1387 4450 1400 4486 :
1441 4441 1495 4488 et
1531 4433 1650 4490 ideo
1675 4433 1743 4490 de
1773 4435 1864 4490 illo

266 4525 484 4596 quidem
508 4525 637 4580 dicit
661 4523 935 4594 Scriptura
967 4541 981 4578 :
1017 4523 1294 4592 Memento,
1328 4523 1567 4591 Domine,
1598 4526 1783 4591 David,
1818 4537 1865 4582 et

267 4616 430 4669 omnis
463 4615 861 4671 mansuetudinis
887 4617 994 4688 ejus
1025 4613 1198 4688 (Psal.
1233 4617 1354 4671 151.
1387 4617 1472 4688 1);
1501 4616 1569 4672 de
1597 4617 1740 4673 Mose
1765 4634 1864 4672 au-

269 4715 376 4761 tem
411 4723 424 4758 :
462 4705 587 4759 Erat
637 4705 808 4760 Moses
852 4707 1146 4762 mitissimus
1197 4709 1423 4762 omnium
1469 4709 1730 4764 hominum
1778 4711 1864 4781 qui

267 4807 411 4855 erant
435 4815 586 4868 super
613 4807 796 4852 terram
830 4797 1018 4872 (Num.
1050 4801 1138 4855 12.
1171 4798 1226 4870 5)
1261 4819 1275 4854 :
1307 4811 1482 4857 tamen
1515 4803 1760 4859 videntur
1802 4805 1861 4872 ii,

264 4890 356 4960 qui
382 4901 534 4944 erant
555 4889 790 4944 omnium
818 4891 1106 4960 mitissimi,
1129 4891 1368 4947 omnium
1391 4893 1631 4950 maxime
1655 4895 1860 4951 ulcisci.

265 4981 370 5037 Sed
397 4982 441 5036 si
467 4981 647 5048 vultis,
679 4980 920 5036 dicamus
948 4983 1094 5052 prius
1125 4983 1193 5039 de
1219 5000 1403 5039 eorum
1432 4987 1859 5044 mansuetudine.

265 5071 396 5128 Cum
438 5073 526 5130 hic
563 5074 750 5130 beatus
793 5065 1026 5144 cepisset
1067 5089 1210 5146 smpe
1254 5075 1490 5142 Saitlem,
1535 5087 1588 5132 et
1627 5089 1770 5134 esset
1810 5079 1860 5133 in

261 5165 383 5234 ejus
409 5175 669 5238 potestate
697 5182 818 5222 eum
853 5166 921 5222 de
952 5168 1128 5223 medio
1174 5169 1382 5236 tollere,
1412 5185 1628 5224 manum
1658 5170 1711 5225 in
1741 5187 1860 5226 eum

264 5271 372 5310 non
416 5257 636 5313 immisit
675 5258 753 5329 (1.
784 5257 912 5328 Reg.
948 5259 1038 5314 24.
1083 5259 1168 5339 11.
1209 5267 1254 5314 et
1289 5258 1380 5315 26.
1415 5259 1466 5313 7.
1493 5260 1628 5333 sqq.)
1661 5279 1675 5314 :
1705 5265 1863 5332 quin-

265 5345 425 5401 etiam
455 5364 577 5403 cum
613 5348 700 5403 alii
731 5349 905 5420 ipsum
933 5351 1238 5418 incitarent,
1272 5351 1320 5406 ei
1357 5352 1612 5422 pepercit,
1645 5363 1698 5408 et
1729 5355 1860 5408 iram

263 5439 539 5506 repressit.
571 5437 690 5494 Jam
718 5456 850 5497 vero
887 5457 1008 5497 cum
1039 5443 1214 5498 Semei
1243 5459 1366 5498 eum
1392 5445 1710 5500 contumelia
1741 5445 1862 5500 al'li-

263 5533 432 5594 ceret,
471 5535 528 5582 et
565 5527 682 5598 ejus
705 5531 992 5586 calamitati
1020 5542 1143 5588 tunc
1185 5533 1466 5590 insultaret
1491 5577 1506 5602 ,
1556 5535 1862 5606 vellentque

265 5614 432 5671 duces
461 5619 708 5682 transire,
749 5630 804 5676 et
832 5621 1151 5679 maledicum
1174 5622 1447 5680 hominem
1474 5627 1685 5702 probris
1711 5627 1861 5698 ejus-

267 5705 412 5762 modi
461 5706 808 5766 insectantem
849 5714 1193 5782 interimere,
1222 5718 1395 5787 qualia
1450 5718 1652 5789 profert
1700 5721 1860 5776 verba

257 5793 405 5850 omni
436 5798 688 5864 sapientia
716 5803 868 5871 plena
891 5805 968 5877 (2.
999 5804 1127 5877 Reg.
1160 5811 1244 5866 16.
1273 5811 1325 5868 5.
1358 5813 1530 5888 sqq.)‘t
1554 5811 1700 5869 Illum
1727 5831 1859 5885 quo-

1071 357 1128 412 S.
1167 354 1448 412 JOANNIS
1484 351 1961 409 CllRYSOSTOlll
2002 347 2324 404 ARClllEP.
2365 345 2905 403 CONSTANIINOP.

3486 347 3587 404 192

1989 479 2093 535 que
2123 461 2439 534 parricidam
2467 471 2522 518 ct
2548 460 2970 524 incontinentem
2998 461 3416 527 adolescentem,
3445 477 3583 532 quo-

1981 556 2144 612 modo
2193 556 2304 610 suis
2333 554 2672 610 commendat
2697 554 2941 620 ducibus,
2973 555 3195 610 dicens:
3229 553 3430 609 Parcite
3459 555 3584 611 mihi

1982 649 2142 719 filiolo
2168 648 2409 703 Δικαιοηὶ
2433 647 2508 718 (2.
2543 647 2669 719 Reg.
2695 647 2782 702 18.
2801 647 2898 717 5)?
2923 647 3146 716 Quando
3166 656 3342 703 autem
3366 648 3416 702 in
3443 649 3584 718 prin-

1981 742 2121 810 cipio
2162 739 2480 810 loquebatur
2506 755 2627 795 cum
2669 739 2924 796 fratribus
2967 742 3014 796 ei
3051 740 3410 796 inridentibus
3453 756 3578 812 pro-

1983 839 2100 900 pter
2123 831 2352 887 futuram
2378 831 2680 899 victoriam,
2701 832 2874 903 cogita
2901 848 3061 902 quam
3091 843 3367 889 mansuete
3395 833 3576 904 loqui-

1983 933 2103 990 tur,
2147 924 2375 981 dicens:
2422 925 2686 996 Numquid
2725 942 2824 980 non
2867 925 3069 980 verbum
3092 936 3164 981 est
3195 926 3215 998 (
3245 926 3294 983 1.
3331 927 3455 1000 Reg.
3489 927 3580 982 17.

1980 1014 2118 1086 29)?
2145 1015 2282 1083 Quid
2309 1030 2435 1072 vero
2459 1015 2672 1071 Moses?
2701 1015 2806 1071 Pro
2835 1017 2900 1072 iis
2926 1017 3014 1086 qui
3044 1032 3167 1072 eum
3196 1017 3458 1086 lapidibus
3481 1033 3576 1086 peo

1983 1109 2197 1174 ticrant,
2232 1123 2328 1177 pro
2357 1108 2420 1162 iis
2450 1107 2540 1178 qui
2570 1123 2714 1176 eum,
2740 1117 2994 1179 quantum
3022 1109 3073 1163 in
3099 1111 3178 1165 eis
3206 1119 3334 1175 erat,
3369 1110 3438 1166 de
3469 1128 3580 1166 tne-

1979 1201 2069 1256 dio
2106 1203 2468 1268 sustulerant,
2521 1202 2644 1256 audi
2691 1202 2815 1272 quid
2864 1202 3007 1258 dicat
3055 1202 3266 1276 (Exod.
3317 1205 3402 1260 t7.
3456 1206 3576 1273 4):

1982 1294 2043 1349 Si
2073 1307 2332 1365 peccatum
2369 1297 2570 1366 quidem
2597 1297 2669 1349 eis
2698 1295 2908 1348 dimittis
2935 1337 2948 1360 ,
2983 1295 3179 1349 dimitte
3209 1311 3228 1350 :
3265 1297 3342 1350 sin
3374 1297 3574 1360 minus,

1981 1403 2060 1439 me
2082 1402 2279 1458 quoque
2306 1387 2418 1440 dele
2445 1387 2510 1440 de
2532 1386 2662 1440 libro
2689 1403 2836 1456 quem
2867 1386 3112 1456 scripsisti
3143 1384 3335 1458 (Exod.
3361 1387 3450 1443 52.
3483 1389 3574 1442 51.

1982 1479 2096 1548 52).
2127 1478 2259 1533 Cum
2291 1479 2379 1532 alii
2411 1494 2596 1533 rursus
2623 1494 2746 1533 cum
2772 1490 3049 1532 moverent
3075 1476 3140 1532 ad
3159 1479 3574 1542 u'mulatiouem.

1981 1582 2034 1624 et
2065 1571 2344 1627 incitarent
2381 1571 2446 1625 ad
2478 1571 2632 1636 iram,
2662 1571 2880 1640 pulchra
2913 1570 2998 1624 illa
3033 1581 3084 1625 et
3112 1571 3390 1641 sapientia:
3418 1573 3571 1640 plena

1983 1662 2141 1716 verba
2173 1663 2422 1732 loquutus
2464 1677 2496 1717 e
2528 1671 2567 1728 l,
2602 1661 2788 1716 dicens
2819 1677 2834 1715 :
2871 1660 2997 1728 Quis
3025 1661 3106 1714 det
3146 1670 3304 1715 totum
3333 1663 3576 1734 populum

1982 1751 2190 1808 Domini
2219 1754 2491 1824 prophetas
2519 1769 2626 1807 esse
2653 1751 2841 1823 (Nam.
2873 1753 2959 1806 11.
2986 1751 3120 1823 29)?
3146 1752 3248 1807 Pro
3273 1767 3458 1808 sorore
3483 1769 3578 1807 au-

1983 1855 2088 1901 tem
2132 1862 2338 1912 rursus,
2377 1863 2496 1916 qua:
2539 1861 2660 1902 eum
2707 1845 3005 1901 maledictis
3049 1847 3371 1913 incesserat,
3415 1865 3573 1918 quam

1979 1940 2288 2010 suppliciter
2316 1939 2601 2009 precatur?
2627 1939 2706 1994 Ex
2735 1939 2918 1994 multis
2947 1953 3162 2010 quoque
3188 1940 3307 1996 aliis
3336 1939 3468 1996 locis
3498 1943 3576 1996 vi-

1978 2029 2092 2084 deri
2125 2040 2297 2101 potest
2335 2031 2450 2102 ejus
2493 2029 2866 2096 mansuetudo,
2913 2030 3121 2100 quando
3164 2031 3323 2086 etiam
3361 2047 3394 2086 c
3435 2043 3575 2088 terra

1979 2122 2199 2192 ejectus,
2229 2133 2286 2178 et
2331 2122 2383 2176 in
2434 2122 2772 2178 Palaestinam
2827 2121 3035 2193 ingredi
3085 2121 3401 2192 prohibitus,
3449 2139 3572 2180 cum

1977 2215 2123 2270 outni
2175 2216 2428 2270 comitate
2477 2225 2532 2271 et
2579 2214 2984 2270 mansuetudine
3032 2214 3245 2270 Judcros
3291 2214 3396 2270 allo
3417 2217 3576 2284 guitur

1979 2307 2162 2382 (Num.
2192 2309 2276 2362 l2.
2314 2309 2424 2376 15).
2457 2305 2560 2362 Sed
2591 2317 2768 2362 tamen
2792 2306 2878 2362 hic
2897 2307 3060 2368 mitis,
3095 2315 3152 2360 ut
3181 2305 3406 2370 Dathan,
3445 2309 3574 2362 Abi—

1977 2415 2073 2453 ron
2103 2408 2155 2452 et
2185 2399 2345 2464 Core,
2377 2413 2501 2454 cum
2531 2398 2582 2452 in
2615 2396 2969 2454 sacerdotium
3001 2397 3338 2459 invasissent,
3371 2413 3398 2450 a
3433 2407 3572 2452 terra

1975 2489 2410 2556 absorberentnr,
2447 2500 2501 2546 et
2532 2489 2620 2543 alii
2643 2497 3018 2552 exurerentur,
3049 2487 3187 2559 quod
3219 2489 3391 2560 ignem
3439 2489 3572 2544 alie-

1978 2597 2102 2635 num
2147 2581 2483 2647 obtulissent,
2519 2596 2728 2650 aequum
2755 2579 3078 2636 existimavit
3115 2579 3300 2652 (Nunt.
3347 2581 3432 2637 l6.
3487 2585 3568 2637 15.

1975 2668 2130 2743 sqq.).
2165 2670 2326 2726 David
2351 2687 2560 2742 quoque
2585 2671 2672 2726 ille
2698 2680 3010 2726 mansuetus
3029 2682 3078 2728 cl
3105 2672 3316 2728 Goliatlt
3340 2691 3354 2742 ί
3375 2687 3576 2728 roun-

1973 2763 2072 2828 vit,
2103 2772 2153 2816 ct
2179 2765 2471 2818 exercitum
2497 2762 2714 2834 fugarit,
2741 2774 2795 2819 et
2823 2763 3006 2819 retulit
3035 2763 3307 2820 victoriam
3337 2764 3414 2836 (1.
3442 2766 3568 2838 Reg.

1974 2856 2087 2922 17).
2117 2855 2229 2913 Hoc
2253 2864 2335 2912 est
2359 2855 2500 2914 enim
2525 2855 2610 2914 vel
2638 2855 2866 2910 maxime
2888 2857 3170 2918 mansueti,
3199 2871 3326 2910 suas
3355 2857 3568 2928 quidem

1972 2949 2194 3020 injurias
2219 2951 2510 3018 remittere,
2543 2967 2638 3006 eos
2665 2957 2842 3006 autem
2863 2947 3057 3023 quibus
3084 2948 3142 3004 lit
3173 2949 3360 3018 injuria
3382 2950 3568 3006 deleu-

1971 3042 2150 3098 dere:
2197 3043 2642 3115 quemadmodum
2692 3043 2934 3100 Clu-intus
2979 3056 3192 3116 quoque
3238 3041 3380 3096 fecit.
3433 3042 3568 3098 Cum

1970 3137 2115 3192 enim
2145 3137 2196 3190 in
2237 3151 2451 3192 crucem
2491 3137 2840 3204 ascendisset,
2877 3135 3086 3193 dicebat
3118 3157 3131 3192 :
3161 3134 3338 3202 Pater,
3369 3134 3572 3205 ignosce

1969 3229 2082 3296 eis;
2107 3231 2330 3285 nesciunt
2369 3231 2501 3286 enim
2544 3231 2667 3302 quid
2706 3231 2897 3302 faciunt
2922 3229 3070 3301 (Luc.
3103 3233 3194 3288 25.
3234 3232 3351 3300 51).
3383 3229 3447 3288 Et
3469 3228 3564 3288 Je-

1970 3322 2200 3378 rusalem
2241 3338 2424 3379 rursus
2461 3323 2687 3392 deﬂens,
2727 3323 2942 3381 dicebat
2975 3342 2988 3379 :
3021 3323 3228 3391 Quoties
3267 3326 3406 3382 votui
3436 3343 3563 3380 con-

1969 3429 2178 3486 gregare
2199 3413 2335 3483 ﬁlios
2378 3409 2584 3479 vestros,
2615 3427 2661 3470 et
2691 3416 2924 3471 uoluistis
2950 3432 2970 3472 :
2993 3433 3102 3471 ecce
3127 3419 3434 3490 relinquetur
3465 3418 3566 3474 do-

1969 3520 2082 3558 mus
2114 3516 2277 3558 vestra
2315 3505 2510 3560 deserta
2542 3505 2754 3576 (Matth.
2785 3507 2876 3560 25.
2920 3507 3007 3563 57.
3039 3506 3151 3580 58).
3198 3507 3264 3562 Et
3295 3523 3415 3562 cum
3461 3509 3531 3563 im
3550 3540 3564 3549 -

1970 3607 2156 3667 pactus
2183 3609 2326 3653 esset
2353 3598 2403 3652 ei
2433 3598 2710 3669 colaphos,
2739 3615 2844 3654 non
2868 3599 3150 3671 colaphum
3174 3612 3358 3658 contra
3390 3605 3562 3674 impe-

1968 3691 2065 3759 git,
2095 3688 2189 3745 sed
2227 3689 2277 3744 ei
2313 3689 2402 3760 qui
2447 3689 2742 3760 impegerat
2779 3705 2840 3746 se
2887 3702 3106 3746 excusat
3146 3690 3324 3765 (Joan.
3358 3692 3438 3748 18.
3472 3693 3564 3748 9.2.

1974 3779 2107 3850 23);
2139 3789 2339 3836 etcum
2379 3780 2743 3850 appellaretur
2772 3780 3154 3845 daemoniacus,
3187 3783 3432 3852 ejiciebtt
3457 3783 3569 3840 du:-

1969 3887 2158 3929 mones
2185 3872 2395 3944 (Matth.
2428 3873 2482 3930 9.
2511 3874 2600 3929 52.
2626 3872 2759 3945 sqq.)
2786 3891 2800 3943 ;
2827 3885 2879 3930 et
2904 3889 3028 3930 cum
3047 3883 3324 3930 vocaretur
3352 3875 3562 3946 planus,

1972 3979 2028 4022 et
2055 3967 2270 4038 impius,
2311 3975 2364 4022 et
2405 3968 2498 4022 Dei
2537 3967 2905 4036 adversarius,
2937 3969 2990 4023 in
3023 3985 3242 4039 regnum
3279 3984 3376 4025 eos
3409 3984 3564 4025 suam

1968 4059 2214 4115 ducebat.
2265 4059 2546 4131 Discipulis
2587 4075 2800 4130 quoque
2846 4060 3097 4132 przecn-pit
3134 4070 3194 4116 ut
3229 4060 3431 4133 ubique
3471 4062 3567 4117 lla-

1967 4151 2108 4222 golla
2149 4152 2494 4213 sustinerent,
2531 4153 2992 4222 persequutionem
3026 4160 3352 4223 paterentur,
3383 4156 3568 4222 expel-

1969 4245 2222 4308 lerentur,
2243 4241 2653 4313 interioremque
2669 4243 2844 4298 locum
2859 4243 3152 4315 deligerent
3173 4243 3350 4318 (Joan.
3373 4246 3424 4298 7.
3452 4245 3563 4313 l2).

1971 4334 2072 4402 Qui
2101 4335 2240 4388 enim
2281 4334 2384 4388 uult
2424 4336 2478 4388 in
2519 4335 2656 4388 vobis
2685 4350 2792 4390 esse
2819 4335 3036 4404 primus,
3083 4335 3276 4406 inquit,
3304 4336 3370 4391 sit
3411 4348 3568 4392 uestt-r

1967 4427 2193 4481 minister
2235 4424 2460 4498 (Matth.
2503 4425 2594 4482 20.
2626 4425 2756 4495 26).
2806 4428 3166 4484 Domesticum
3214 4439 3392 4484 autem
3437 4430 3565 4483 Sttlt-

1963 4520 2140 4590 iunxit
2181 4523 2516 4592 exemplum,
2556 4521 2744 4578 dicens
2781 4541 2794 4576 :
2825 4522 2968 4578 Sicut
3008 4521 3179 4579 Filius
3208 4522 3426 4578 hominis
3466 4541 3567 4577 non

1969 4615 2100 4668 venit
2137 4616 2434 4679 ministrari,
2481 4617 2572 4670 sed
2600 4617 2908 4683 ministrare,
2935 4627 2982 4670 et
3011 4616 3134 4671 dare
3167 4619 3394 4671 animam
3423 4634 3568 4672 suam
3602 4677 3612 4688 ι

1966 4707 2356 4777 redemptionem
2395 4725 2486 4778 pro
2512 4709 2684 4764 multis
2711 4706 2872 4778 (Ibid.
2901 4725 2948 4762 υ.
2973 4709 3088 4782 28).
3131 4709 3282 4778 Quod
3309 4710 3352 4764 si
3385 4712 3569 4778 expel-

1968 4801 2028 4856 lit
2055 4800 2350 4867 dzemones,
2377 4810 2575 4856 etcum
2605 4800 2818 4857 diabolo
2849 4802 3042 4857 bellum
3073 4803 3214 4873 gerit
3238 4811 3295 4856 ct
3321 4817 3566 4858 errorem
3609 4783 3631 4795 ’

1969 4892 2102 4946 tollit
2127 4891 2196 4949 dc
2222 4891 2419 4958 medio,
2451 4893 2554 4949 hoc
2581 4909 2793 4964 quoque
2815 4905 2899 4949 est
2923 4894 3170 4950 maxima:
3200 4896 3561 4950 mansuetudi-

1967 4985 2073 5051 nis,
2102 5001 2260 5040 omne
2285 4985 2496 5056 quidem
2537 4987 2722 5042 vitium
2751 4987 2968 5042 abolere
2989 5029 3003 5052 ,
3030 5003 3124 5042 eos
3164 4974 3341 5042 autem
3381 4987 3471 5058 qtti
3499 4988 3567 5040 ab

1967 5079 2060 5133 illo
2099 5077 2404 5134 detinentur
2447 5080 2711 5148 liberare,
2753 5080 3065 5136 insidiantes
3107 5079 3380 5136 dtetuoncs
3417 5098 3564 5135 coer-

1967 5186 2110 5236 cere,
2143 5181 2195 5225 et
2221 5172 2309 5241 qui
2333 5172 2400 5227 ab
2429 5172 2507 5226 eis
2538 5173 2746 5243 probris
2775 5171 2950 5229 allecti
2979 5172 3196 5240 fuerint,
3224 5187 3254 5228 a
3281 5173 3434 5229 malis
3463 5190 3568 5228 ert-

1967 5277 2114 5330 pcre.
2145 5262 2281 5329 Quid
2307 5274 2389 5319 est
2417 5274 2618 5330 autem,
2651 5261 2870 5335 PrOpter
2893 5265 3172 5332 veritatem,
3203 5273 3250 5319 et
3279 5275 3570 5320 ntansuetu-

1967 5357 2156 5422 dinem,
2198 5367 2244 5410 et
2279 5357 2575 5428 justitiam?
2619 5358 2762 5412 Dixit
2802 5357 3023 5425 bellum,
3070 5358 3204 5414 dixit
3251 5360 3570 5415 instructam

1966 5451 2155 5514 aciem,
2180 5453 2413 5507 ostendit
2441 5461 2702 5506 armatum
2731 5452 2984 5518 militem;
3013 5453 3142 5508 dicit
3161 5452 3416 5524 deinceps
3445 5469 3566 5524 quia

1968 5542 2187 5612 pulchra
2202 5552 2256 5599 et
2273 5544 2528 5614 praeclara
2547 5545 2598 5599 in
2617 5559 2782 5616 regno
2800 5561 2900 5601 suo
2913 5546 3156 5616 gesserit,
3171 5561 3340 5617 genus
3362 5549 3569 5615 tropaei,

1967 5633 2326 5692 conditionem
2351 5648 2405 5692 et
2423 5649 2664 5696 naturam
2685 5639 2938 5694 victoriae.
2968 5640 3233 5696 Aliienim
3262 5655 3448 5696 omnes
3471 5641 3569 5694 ho-
3603 5701 3610 5708 .

1968 5727 2140 5782 mines
2157 5739 2459 5799 regnantes,
2489 5729 2570 5784 vcl
2595 5745 2689 5800 pro
2703 5730 3002 5786 civitatibus
3025 5730 3106 5784 vel
3152 5747 3248 5801 pro
3271 5732 3573 5802 opibusivcl

1977 5834 2071 5887 pro
2089 5818 2381 5880 inimicitiis
2402 5861 2412 5882 ,
2437 5821 2518 5878 vel
2538 5837 2633 5894 pro
2651 5837 2779 5878 vana
2806 5822 2965 5894 gloria
2991 5823 3184 5880 bellum
3215 5832 3432 5897 gerunt;
3462 5823 3578 5894 ipse
