4030 6400
456 329 548 385 191
1518 327 1893 386 EXPOSITIO
1934 327 2015 415 1N\
2042 327 2372 384 PSALMLM
2416 330 2595 386 XLIV.

451 444 719 517 δαιμόνων
754 444 1228 513 ἐπιϐουλευόντων,
1268 446 1361 499 ml
1394 446 1493 518 τὴν
1537 447 1867 518 οἰκουμένην
1908 446 2024 498 δια-

452 537 784 609 φθειρόντων
826 538 1066 595 ἃπασαν.
1115 537 1212 592 Διά
1262 538 1326 611 δὴ
1381 539 1540 592 τοῦτο
1589 539 1682 592 ml
1724 539 1753 591 6
1800 536 2028 598 Ἠσαῖας

451 630 637 697 ἔλεγε·
682 630 791 684 Καὶ
838 629 956 683 τῶν
986 631 1573 700 ἱσχιιρῶνψεριεῒται
1606 642 1632 671 α
1664 628 1868 684 σκῦλα
1888 646 1901 660 ·
1934 629 2028 681 ml

3616 344 3715 396 [9‘2

2140 444 2434 511 ἀξιούντων
2462 446 2714 517 διαϐῆναι
2745 446 2838 500 ml
2865 448 3161 518 ἀποτεμεῖν
3186 436 3277 505 τόν
3308 451 3570 526 ὑϐριστὴν
3598 472 3713 509 τοι·

2136 536 2275 590 αῦτα
2308 538 2767 609 ἐμπαροινοῦντα,
2802 535 2888 593 οἷα
2933 540 3231 611 ςθέγγεται
3269 545 3490 616 ῥήματα
3532 546 3716 618 πάσης

2136 627 2326 698 σοφίας
2352 628 2591 700 γέμοντα
2610 629 2640 670 ιι
2660 631 2672 682 ἰ
2696 630 2796 684 Τὸν
2813 632 2870 683 δέ
2897 633 3231 704 πατραλοίαν
3247 636 3453 690 ἐκεῖνον
3476 638 3570 690 καὶ
3593 638 3715 691 ἀκό-

452 721 615 775 πάλιν
634 737 647 751 ·
683 721 927 790 Πνεῦμα
945 723 1168 790 Κυρίου
1190 722 1282 775 ἐπ’
1312 722 1416 791 ἐμέ
1439 734 1452 749 ’
1483 718 1555 778 οὗ
1582 721 1793 776 ἕνεκεν
1819 719 2028 789 ἐχρισέ
2132 718 2329 772 λαστον
2360 720 2663 784 νεανίσκον,
2692 721 2810 785 πῶς
2842 726 3346 796 παρακατατίθεται
3378 732 3488 791 τοῖς
3516 728 3711 783 ἐαυτοῦ

448 830 546 882 με,
593 814 1101 884 εὐαγγελίσασθαι
1131 814 1389 883 πτωχοῖς
1423 812 1770 869 ἀπέσταλκέ
1791 830 1887 883 με,
1924 831 2028 881 κη-

449 904 626 972 ρῦξαι
658 903 1054 974 αἰχμαλώτοις
1079 905 1320 974 ἄφεσιν.
1353 905 1453 958 Διά
1482 904 1547 976 δὴ
1570 905 1727 958 τοῦτο
1757 905 1851 957 ml
1881 905 2027 957 Παῦ-

451 996 543 1060 λος
576 996 853 1068 πανταχοῦ
875 997 983 1050 τῶν
1008 998 1305 1050 ἐπιστολῶν
1336 999 1667 1070 προγράφων
1693 996 1846 1065 ἔλεγε
1874 1013 1887 1026 ·
1918 994 2031 1049 Χά-

447 1105 543 1159 ρις
571 1088 714 1158 ὑμῖν
754 1088 850 1141 καί
873 1087 1079 1157 εἰρήνη
1107 1090 1224 1143 ἀπὸ
1263 1089 1410 1143 Θεοῦ
1437 1088 1668 1156 Πατρός
1700 1088 1888 1157 ημῶν,
1921 1087 2030 1141 Kal

453 1181 617 1234 πάλιν
638 1197 650 1210 ·
681 1184 718 1234 Α
732 1180 867 1245 ὐτὸς
884 1180 993 1249 γάρ
1012 1181 1184 1235 ἐστιν
1205 1182 1243 1249 η
1268 1181 1475 1250 εἰρήνη
1504 1180 1693 1251 ἡμῶν,
1716 1184 1747 1235 ὀ
1769 1181 2031 1250 ποιήσας

452 1273 526 1326 τὰ
545 1272 847 1341 ἀμφότερα
867 1271 955 1325 ἓν.
983 1272 1098 1326 Ἱνα
1124 1272 1180 1326 δέ
1208 1273 1284 1343 μὴ
1315 1273 1548 1339 ἁκούων,
1572 1271 1890 1341 Περίζωσαι
1915 1273 2032 1341 τὴν

444 1365 754 1437 ῥομφαίαν
793 1380 929 1430 σου,
974 1367 1247 1436 μάχαιραν
1279 1366 1507 1439 νομίσῃς
1546 1366 1830 1438 αἰσθητὴν,
1866 1365 2030 1419 ἄκουε

451 1458 563 1512 τῶν
592 1457 738 1529 ἐξῆς.
770 1458 955 1514 Εἰπὼν
982 1459 1114 1531 γὰρ,
1150 1460 1401 1528 Περίθου
1425 1459 1541 1529 τὴν
1556 1459 1862 1530 μάχαιράν
1890 1474 2028 1527 σου,

454 1548 722 1616 ἐπήγαγε,
760 1545 843 1614 Τῇ
885 1547 1198 1615 ὠραιότητί
1225 1562 1365 1614 σου,
1392 1548 1597 1615 καὶτῷ
1635 1549 1846 1603 κάλλει
1874 1565 1991 1602 σου
2013 1564 2027 1578 ·

454 1636 614 1689 τοῦτό
645 1638 790 1689 ἐστιν
830 1634 864 1705 ἡ
907 1636 1173 1706 μάχαιρα,
1222 1638 1256 1708 ἠ
1292 1637 1565 1709 ὼραιότης
1594 1638 1782 1701 αὑτοῦ,
1832 1638 1926 1692 ml
1971 1637 2034 1690 τὸ

459 1726 655 1789 κάλλος
694 1725 880 1792 αὑτοῦ,
917 1726 1007 1779 ml
1034 1729 1067 1798 ἠ
1093 1726 1240 1793 δόξα,
1268 1729 1364 1782 καὶ
1393 1727 1455 1781 τὸ
1483 1728 1720 1800 ἀξίωμα,
1750 1729 1845 1781 ml
1879 1729 1911 1800 ἠ
1939 1745 2036 1800 με·

456 1821 768 1891 γαλωσύνη.
796 1821 892 1874 ml
918 1822 950 1891 ἡ
980 1820 1449 1891 μεγαλοπρέπεια.
1476 1821 1705 1885 Οὐδενὸς
1724 1820 1836 1893 γὰρ
1864 1820 2034 1874 δεῖται

455 1917 492 1986 ἠ
508 1914 665 1967 οὐσία
682 1913 866 1985 ἐκείνη
882 1914 963 1977 εἰς
977 1913 1038 1966 τὸ
1057 1912 1401 1984 κατορθῶσαι
1417 1913 1485 1967 τὰ
1502 1914 1860 1985 προκείμενα*
1882 1912 2032 1986 [169]

454 2005 710 2076 ἀνενδεὴς
755 2005 865 2078 γάρ
904 2008 1050 2062 ἐστι.
1082 2005 1403 2076 Παρακαλεῖ
1432 2006 1615 2060 τοίνυν
1659 2007 1687 2057 6
1723 2007 2033 2077 προφήτης,

457 2096 598 2165 ὑπὲρ
624 2097 722 2166 τῆς
748 2094 1080 2165 οἰκουμένης
1105 2096 1186 2158 εἰς
1206 2094 1442 2164 πόλεμον
1467 2094 1632 2147 αὐτὸν
1651 2093 1879 2161 ἐξάγων.
1901 2090 2036 2147 Εἶτα

457 2187 567 2241 ἀπὸ
594 2187 701 2239 τῶν
723 2186 943 2256 ὑψηλῶν
975 2187 1138 2241 πάλιν
1166 2187 1260 2240 ἐπὶ
1285 2188 1351 2241 τά
1384 2188 1667 2258 παχύτερα
1690 2188 1915 2254 κατάγει
1944 2186 2034 2238 τὸν

455 2279 636 2348 λόγον.
673 2278 858 2333 Εἰπὼν
896 2280 1004 2350 γὰρ
1036 2280 1316 2353 μάχαιραν
1346 2281 1439 2334 ml
1474 2279 1669 2350 μηρὸν,
1701 2277 1929 2349 ἀνῆλθεν
1957 2278 2036 2340 εἰς

456 2372 555 2443 τὴν
585 2372 925 2443 ὡραιότητα·
961 2371 1055 2425 ml
1096 2371 1260 2425 πάλιν
1301 2371 1511 2425 ἐκεῖθεν
1542 2369 1784 2424 κάτεισιν
1825 2370 1917 2423 ἐπὶ
1966 2368 2035 2422 τὰ

458 2463 913 2535 σωματικώτερα.
951 2464 1044 2517 καί
1082 2479 1266 2533 φησιν·
1293 2462 1402 2517 Καὶ
1426 2463 1674 2525 ἔντεινε,
1702 2461 1799 2515 καὶ
1825 2477 2037 2515 κατευ-

456 2552 621 2616 οδοῡ,
652 2552 748 2605 καὶ
775 2553 1095 2615 βασίλευε.
1129 2550 1312 2605 Εἰπὼν
1338 2552 1417 2618 δὲ,
1455 2552 1744 2617 Ἕντει-νε,
1776 2549 1837 2602 τὸ
1882 2549 2036 2615 τόξον

458 2645 591 2713 ἡμῖν
622 2643 858 2713 ἐδήλωσε
903 2645 997 2696 καὶ
1024 2646 1086 2695 τὸ
1130 2644 1301 2714 βέλος.
1334 2638 1466 2696 Εἶτα
1491 2642 1705 2705 δεικνὺς
1732 2641 1913 2706 πάλιν,
1953 2642 2034 2694 ὅτι

455 2737 553 2806 οὐχ
583 2736 762 2789 ὃπλων
798 2735 947 2805 αὐτῷ
983 2736 1083 2800 δεῖ,
1114 2737 1385 2805 ἐπήγαγε,
1417 2734 1526 2788 Καὶ
1552 2732 1905 2796 κατευοδοῦ,
1933 2732 2033 2785 καί

450 2827 775 2890 βασίλευε.
809 2827 1037 2897 Ἕτερος
1060 2825 1118 2878 δέ
1147 2826 1492 2896 ἑρμηνευτής
1520 2841 1675 2894 φησι,
1702 2824 2031 2892 Πρόκοπτε.

462 2916 746 2969 Βασιλείαν
774 2917 829 2969 δὲ
869 2915 1103 2970 ἐνταῦθα
1151 2914 1323 2984 λέγει,
1360 2917 1425 2986 ἢν
1460 2913 1629 2969 ἐλθὼν
1674 2913 2036 2986 κατώρθωσεν

459 3009 516 3061 ἐν
546 3009 1058 3079 ὑστάτοιςικαιροῖς,
1097 3007 1194 3078 τὴν
1225 3009 1345 3061 κατ’
1377 3008 1651 3061 οἰκείωσιν
1682 3009 1776 3061 καὶ
1808 3006 2029 3074 γνῶσιν.

466 3142 471 3151 1
534 3167 603 3226 ς’.
626 3161 813 3215 Ταῦτα
839 3159 895 3214 δέ
921 3159 989 3214 τὰ
1037 3161 1260 3232 ῥήματα
1303 3158 1398 3213 τοῦ
1442 3159 1606 3213 πόθου
1651 3159 1885 3230 μάλιστά
1916 3161 2032 3215 ἐστι

466 3254 556 3307 τοῦ
579 3253 943 3325 προφητικοῦ,
974 3252 1208 3324 ὁρῶντος
1237 3251 1339 3323 ἥδη
1370 3252 1437 3306 τὰ
1477 3249 1900 3322 κατορθώματα,
1940 3254 2034 3305 ml

461 3347 559 3419 τὴν
582 3346 905 3417 οἰκουμένην
926 3345 1062 3417 πρὸς
1087 3343 1348 3416 ἀλήθειαν
1368 3343 1904 3414 χειραγωγουμένην.
1936 3343 2034 3396 Διά

460 3438 619 3491 τοῦτο
640 3439 826 3509 τρόπῳ
851 3437 1347 3508 παρακελευομένῳ
1380 3436 1646 3507 κέχρηται
1683 3433 1761 3503 τῷ
1792 3435 2035 3505 σχήματι

458 3532 559 3601 τῆς
585 3530 801 3597 λέξεως.
838 3527 998 3592 Ἐθος
1029 3528 1138 3598 γὰρ
1172 3528 1267 3581 καὶ
1291 3525 1733 3590 τοῖςυέλάττοσιιη
1758 3525 1885 3578 ὅταν
1914 3524 2032 3577 δια-

460 3621 873 3692 θερμαινόμενοι
898 3618 1034 3691 πρὸς
1054 3620 1180 3691 τοὺς
1205 3618 1422 3688 μείζους
1449 3610 1571 3681 ὦσι,
1594 3615 1819 3679 ταύταις
1833 3615 2035 3687 κεχρῆ-

460 3712 584 3764 σθαι
610 3714 728 3773 ταῖς
742 3709 971 3774 λέξεσιν.
992 3709 1244 3764 ’Ἕνεκεν
1262 3708 1549 3774 ἀληθείας
1573 3707 1669 3760 καί
1700 3708 2035 3774 πραότητος

458 3801 558 3856 καὶ
604 3800 1017 3867 δικαιοσύνης.
1073 3801 1446 3870 Ἐπιρρήματι
1498 3796 1757 3867 ἀληθείας
1811 3797 2031 3867 χρῆται.

470 3894 634 3963 Ὁρᾷς
659 3892 775 3955 πῶς
805 3892 1001 3962 ἑαυτὴν
1043 3890 1333 3962 ἐρμηνεύει
1368 3891 1401 3961 ή
1430 3889 1466 3941 Γ
1475 3889 1639 3960 ραφὴ.
1677 3887 1771 3941 ml
1795 3888 2035 3941 δείκνυσι

458 3984 650 4055 γοερὰν
686 3980 851 4037 οὖσαν
894 3981 992 4053 τὴν
1020 3982 1176 4051 νίκην
1211 3982 1306 4034 καὶ
1354 3982 1757 4051 πνευματικήν;
1820 3981 1879 4032 ⁸0
1924 3979 2034 4051 γὰρ

455 4075 637 4130 ὅπλων
677 4073 1078 4147 μνημονεύσας,
1110 4075 1204 4126 καὶ
1238 4074 1533 4144 ῥομφαίας,
1556 4073 1648 4125 ml
1693 4072 1882 4138 τόξων,
1917 4070 2035 4134 πῶς

456 4166 765 4236 πραότητος
817 4164 1050 4219 ἐνταῦθα
1102 4165 1405 4237 μέμνηται;
1457 4164 1593 4218 Ποία
1638 4163 1747 4235 γὰρ
1784 4164 2035 4217 κοινωνία

458 4257 725 4329 πραότητι
774 4258 869 4310 καὶ
914 4257 1156 4328 πολέμῳ,
1190 4256 1461 4328 ἐπιεικείᾳ
1510 4256 1602 4309 ml
1637 4258 1823 4328 μάχης
1857 4253 2033 4325 Πολλὴ

462 4350 560 4419 μὲν
591 4345 705 4411 οῦν,
740 4349 833 4403 ἐάν
864 4366 946 4411 τις
978 4347 1222 4419 ἀκριϐῶς
1270 4348 1520 4418 ἐξετάσῃ.
1565 4347 1718 4399 Ἐπεὶ
1752 4347 1845 4398 ml
1872 4343 2035 4397 Δαυῒδ

457 4440 552 4494 καὶ
584 4440 821 4511 Μωῦσῆς
852 4441 1015 4510 πρᾶοι
1043 4435 1204 4510 ἦσαν.
1232 4439 1321 4491 Διὸ
1343 4439 1473 4509 περὶ
1512 4439 1609 4509 μὲν
1633 4438 1842 4491 ἐκείνου
1871 4436 2033 4507 φησὶν

460 4534 492 4603 η
522 4532 708 4603 Γραφή
729 4547 743 4561 ⁸
770 4530 1105 4599 Μνήσθητι,
1143 4531 1335 4599 Κύριε,
1364 4529 1471 4583 τοῦ
1495 4527 1679 4583 Δαυτδ
1704 4526 1801 4581 καὶ
1828 4527 2034 4594 πάσης

456 4622 570 4692 τῆς
606 4623 943 4691 πραότητος
972 4621 1159 4676 αὑτοῦ
1180 4638 1193 4651 ·
1224 4621 1353 4692 περὶ
1384 4620 1441 4674 δὲ
1468 4619 1770 4682 Μωῦσέως,
1798 4619 1880 4671 ὅτι
1912 4615 2034 4672 Ἦν

456 4716 787 4782 πραότατος
810 4713 1033 4782 Μωϋσῆ
1038 4734 1069 4779 ς
1083 4713 1324 4768 πάντων
1333 4710 1662 4780 ἀνθρώπων
1676 4709 1794 4764 τῶν
1807 4710 1904 4764 ἐπὶ
1923 4708 2031 4778 τῆς

455 4805 590 4876 γῆς·
609 4805 722 4860 ἀλλ’
744 4806 895 4877 ὅμως
919 4806 1199 4876 φαίνονται
1220 4796 1367 4858 οὗτοι
1383 4804 1433 4857 οἱ
1459 4803 1679 4857 πάντων
1709 4802 2028 4874 πραότατοι,

459 4901 693 4971 μάλιστα
721 4900 937 4955 πάντων
965 4900 1313 4971 ἀμυνόμενοι.
1353 4897 1492 4951 Ἀλλ’
1514 4899 1562 4950 εἰ
1592 4894 1867 4967 βούλεσθε,
1899 4897 2033 4967 πρό-

456 5009 612 5065 τερον
629 4993 729 5063 τὴν
756 4992 1037 5064 πραότητα
1057 4990 1237 5045 αὐτῶν
1262 4989 1525 5061 εἴπωμεν·
1557 4987 1825 5051 Πολλάκις
1851 4986 2033 5041 λαϐὼν

456 5086 486 5137 6
517 5084 786 5155 μακάριος
834 5079 988 5147 οὗτος
1029 5082 1121 5135 τὸν
1155 5080 1349 5145 Σαοὺλ,
1380 5080 1474 5134 καὶ
1506 5079 1802 5150 γενόμενος
1846 5078 2036 5149 κύριος

457 5174 683 5239 ἀνελεῖν,
731 5177 832 5229 οὐκ
882 5176 1133 5245 ἐπήγαγε
1160 5174 1261 5246 τὴν
1294 5174 1453 5244 χεῖρα
1475 5187 1488 5199 °
1519 5170 1656 5225 ἀλλά
1703 5171 1797 5224 ml
1830 5168 2034 5241 ἐτέρων

457 5266 915 5338 ἐγκελευομένων,
973 5266 1248 5335 ἐφείσατο,
1299 5265 1396 5318 ml
1436 5263 1526 5318 τὸν
1570 5261 1741 5334 θυμὸν
1776 5260 2030 5331 ἐχάλασε.

457 5361 568 5415 Kal
594 5361 687 5414 τοῦ
720 5360 921 5430 Σεμεεὶ
945 5360 1002 5413 δὲ
1042 5358 1267 5413 τοιαῦτα
1294 5355 1630 5429 ὑϐρίζοντος,
1668 5353 1765 5409 ml
1796 5356 1863 5425 τῇ
1896 5370 2035 5422 συμ-

459 5455 601 5526 φορᾷ
621 5455 738 5508 τότε
761 5453 1187 5525 ἐπεμϐαίνοντος
1212 5451 1441 5518 ἐκείνου,
1461 5450 1557 5503 ml
1578 5446 1686 5502 τῶν
1710 5445 2033 5518 στρατηγῶν

514 5629 546 5660 ⁸
573 5630 670 5692 Αιιί
691 5629 859 5692 μεριεῖ,
886 5634 937 5678 et
960 5630 1031 5692 sie
1055 5626 1309 5692 logilmjin
1335 5624 1554 5692 editione
1582 5626 1796 5692 Romana
1824 5626 1919 5692 τῷν
1944 5624 2030 5673 Ο¹.

453 5691 506 5740 In
533 5685 1134 5756 εάἰιεΜοτειί-μεριεῖταῖ
1154 5690 1326 5751 σκῦλα,
1363 5690 1566 5739 fortasse
1591 5686 1828 5736 mendose
1855 5685 2032 5736 factum

450 5767 511 5805 ex
535 5754 683 5815 μεριεῖ
702 5753 764 5802 τὰ
782 5749 951 5801 σκῦλαζ

2135 813 2463 879 στρατηγοῖς
2489 810 2698 881 λέγων·
2754 815 3052 869 Φείσασθέ
3086 835 3189 886 μοι
3236 818 3344 873 τοῦ
3392 819 3713 887 παιδαρίου

2115 973 2129 986 ,
2146 901 2527 971 Ἄϐεσσαλὼμ
2553 918 2572 966 ;
2605 903 2735 956 Ὅτε
2761 904 2817 957 δέ
2845 906 2902 959 ἐν
2925 907 3229 977 προοιμίοις
3258 909 3390 980 πρὸς
3413 911 3540 973 τοὺς
3561 910 3714 964 ἁδελ-

2135 993 2269 1060 φοὺς
2298 991 2569 1060 διελέγετο
2588 992 3078 1065 διαφθονουμένους
3102 998 3195 1050 ml
3218 998 3605 1068 βασκαίνοντας
3625 999 3714 1053 διὰ

2134 1083 2233 1153 τὴν
2262 1084 2525 1155 ἐσομένην
2548 1084 2724 1157 νίκην,
2750 1085 2999 1158 ἐννόησον
3021 1087 3137 1152 πῶς
3162 1090 3353 1160 πράως
3378 1090 3709 1158 διαλέγεται,

2134 1170 2232 1238 Μὴ
2260 1169 2579 1240 οῠχίρῆμά
2599 1171 2765 1236 ἐστι;
2802 1171 2996 1242 λέγων.
3029 1175 3094 1227 Τί
3125 1174 3181 1228 δὲ
3210 1177 3487 1247 Μωῦσῆς;
3537 1178 3714 1249 ’Υπὲρ

2136 1258 2243 1311 τῶν
2274 1256 2605 1311 λιθασάντων
2640 1257 2822 1326 αὐτὸν,
2851 1260 2991 1331 ὑπὲρ
3038 1261 3145 1314 τῶν
3193 1262 3510 1330 ἀνελόντων,
3547 1265 3605 1318 τό
3646 1282 3713 1334 γε

2138 1347 2216 1407 εἰς
2244 1346 2435 1408 αὐτοὺς
2460 1341 2613 1417 ἧκον,
2644 1346 2872 1400 ἄκουσον
2899 1349 2948 1401 τί
2977 1366 3156 1420 φησιν·
3187 1351 3254 1403 Εἰ
3278 1351 3395 1420 μὲν
3417 1353 3578 1421 ἀφῇς
3608 1356 3714 1407 αὺ-

2137 1432 2262 1498 τοῖς
2297 1431 2413 1499 τὴν
2436 1432 2747 1503 ἁμαρτίαν,
2781 1434 2950 1503 ἄφες·
2990 1439 3041 1489 εί
3064 1437 3132 1490 δὲ
3164 1439 3274 1506 μὴ,
3304 1439 3456 1509 κάμὲ
3483 1439 3714 1505 ἐξάλει-

2138 1523 2263 1588 1,007-
2284 1520 2352 1573 ἐκ
2382 1518 2488 1587 τῆς
2515 1520 2732 1584 βίϐλου
2761 1518 2834 1592 ἧς
2868 1523 3154 1593 ἔγραψας.
3202 1526 3433 1599 Ἑτέρων
3464 1527 3521 1581 δὲ
3553 1528 3716 1583 πάλιν

2138 1608 2299 1662 αὑτὸν
2318 1608 2398 1669 εἰς
2411 1607 2567 1677 ζῆλον
2583 1607 2730 1680 [ΠΟ]
2753 1609 3061 1675 κινούντων,
3084 1612 3178 1665 ml
3203 1613 3612 1682 παροξυνόντων
3634 1617 3717 1679 εἰς

2138 1695 2527 1765 ἀγανάκτησιν,
2548 1696 2615 1746 τὰ
2635 1695 2897 1765 φιλόσοφα
2925 1699 3106 1753 ἐκεῖνα
3135 1699 3430 1769 ἐφθέγξατο
3445 1711 3468 1740 ε
3495 1704 3714 1773 ῥήματα

2138 1784 2310 1850 λέγων
2331 1800 2343 1813 ·
2379 1782 2473 1849 Τίς
2492 1782 2611 1851 δώῃ
2632 1783 2827 1839 πάντα
2842 1786 2950 1840 τὸν
2972 1790 3127 1841 λαόν
3151 1792 3372 1856 Κυρίου
3403 1792 3714 1860 προφήτας

2137 1870 2321 1935 eheu;
2355 1872 2523 1944 ’Υπὲρ
2547 1872 2603 1925 δὲ
2630 1875 2728 1943 τῆς
2752 1875 2983 1945 ἀδελφῆς
3016 1876 3175 1931 πάλιν
3208 1878 3596 1950 λοιδορησάσης
3617 1883 3715 1933 αὐ-

2138 1960 2249 2024 τὸν,
2282 1961 2414 2031 ὅσην
2433 1959 2637 2013 τίθεται
2661 1961 2757 2031 τὴν
2779 1963 3055 2032 ἱκετηρίαν
3082 1964 3094 2016 !
3118 1965 3226 2018 Kal
3250 1966 3577 2036 πολλαχόθεν
3600 1968 3714 2021 ἐτέ-

2142 2049 2314 2119 ρωθεν
2332 2049 2430 2101 ἴδοι
2449 2066 2533 2112 τις
2551 2049 2617 2103 ἂν
2633 2048 2797 2103 αὑτοῦ
2818 2050 2917 2119 τὴν
2938 2051 3237 2123 πραότητα,
3263 2055 3351 2107 ὅτε
3374 2056 3468 2107 καὶ
3495 2057 3591 2125 τῆς
3608 2057 3715 2125 γῆς

2141 2133 2409 2197 ἐκπεσὼν,
2431 2135 2526 2189 ml
2546 2137 2621 2198 εἰς
2641 2135 2737 2207 τὴν
2763 2137 3123 2209 Παλαιστίνην
3149 2141 3410 2205 κωλυθεὶς
3432 2132 3715 2207 εἰσελθεῖν,

2144 2223 2281 2293 μετά
2322 2223 2500 2294 πάσης
2547 2221 2845 2289 ἐπιεικείας
2892 2226 3196 2295 διαλέγεται
3244 2231 3356 2292 τοῖς
3418 2231 3712 2295 Ἰουδαίοις.

2153 2310 2291 2365 Ἀλλ’
2326 2311 2476 2381 ὅμως
2513 2305 2665 2375 οὗτος
2698 2314 2726 2366 6
2770 2314 2944 2383 πρᾶος
2979 2314 3067 2367 τὸν
3100 2315 3277 2369 Δαθὰν
3306 2318 3401 2371 καὶ
3451 2318 3714 2391 ’Λϐειρὼν

2140 2400 2235 2452 ml
2280 2398 2424 2469 Κορέ
2458 2398 2657 2469 ἠξίωσε
2699 2400 3107 2471 καταποθῆναι.
3141 2403 3300 2473 ἡνίκα
3344 2408 3411 2476 τῇ
3447 2406 3716 2479 ἱερωσύνῃ

2140 2486 2535 2555 ἐπανέστησαν,
2571 2485 2676 2539 ὑπὸ
2707 2486 2802 2557 τῆς
2832 2486 2957 2557 γῆς,
2998 2488 3093 2542 καὶ
3124 2489 3248 2552 τοὺς
3276 2490 3467 2554 ἄλλους
3496 2494 3715 2563 ἐμπρηο

2142 2574 2355 2645 σθῆναι,
2387 2574 2474 2627 ὅτε
2500 2576 2877 2645 προσήνεγκαν
2902 2575 3012 2647 πῦρ
3039 2576 3336 2649 ἀλλότριον.
3370 2579 3478 2633 Kal
3503 2581 3531 2633 6
3555 2581 3716 2634 Δαυῒδ

2138 2661 2195 2715 δὲ
2222 2662 2311 2715 τὸν
2342 2661 2533 2715 ramo
2562 2663 2898 2731 κατήνεγκεν
2924 2665 2951 2715 6
2978 2666 3169 2735 πρᾶος,
3199 2666 3292 2718 ml
3324 2666 3385 2718 τὸ
3419 2668 3715 2737 στρατόπε-

2139 2748 2227 2802 δον
2259 2750 2425 2822 ἤλασε
2445 2791 2459 2816 ,
2488 2750 2581 2803 καὶ
2610 2749 2707 2818 τὴν
2738 2750 2893 2820 νίκην
2922 2751 3109 2820 ἤρατο.
3142 2751 3311 2805 Τοῦτο
3342 2751 3447 2824 γάρ
3483 2750 3714 2823 μάλιστά

2140 2838 2253 2889 ἐστι
2292 2838 2499 2907 πράου,
2528 2836 2597 2889 τὰ
2626 2836 2723 2907 μέν
2756 2838 2834 2899 εἰς
2865 2836 3057 2889 ἑαυτὸν
3086 2837 3339 2905 ἀφεῖναι,
3371 2841 3484 2902 τοῖς
3515 2839 3571 2891 δὲ
3602 2840 3718 2894 ἀδι-

2141 2926 2425 2995 κουμένοις
2455 2924 2702 2996 ἀμύνειν·
2734 2924 2984 2996 καθάπερ
3007 2926 3099 2979 ml
3124 2928 3151 2980 6
3178 2927 3411 2998 Χριστὸς
3438 2929 3713 2997 ἐποίησεν.

2140 3014 2235 3077 Εἰς
2283 3014 2392 3084 γὰρ
2429 3014 2520 3066 τὸν
2558 3014 2787 3084 σταυρὸν
2839 3012 3042 3075 ἀναϐὰς
3086 3012 3259 3080 ἔλεγε·
3309 3014 3519 3081 Πάτερ,
3569 3014 3719 3084 ἄφες

2139 3099 2362 3166 αὐτοῖς·
2408 3101 2481 3153 οὑ
2524 3100 2633 3168 γὰρ
2674 3100 2871 3154 οἴδασι
2927 3101 2985 3153 τί
3039 3101 3300 3154 ποιοῦσι.
3344 3101 3455 3154 Kal
3505 3100 3716 3171 θρηνῶν

2141 3186 2299 3241 πάλιν
2343 3185 2439 3258 τὴν
2496 3186 2850 3258 Ἰερουσαλὴμ
2893 3186 3083 3255 ἔλεγε·
3134 3188 3403 3254 Ποσάκις
3444 3188 3718 3256 ἠθέλησα

2139 3275 2608 3343 ἐπισυναγαγεῖν
2642 3274 2715 3327 τὰ
2754 3275 2937 3327 τέκνα
2973 3273 3159 3343 ὑμῶν,
3214 3273 3312 3327 καὶ
3360 3277 3468 3328 οὐκ
3498 3276 3720 3343 ἠθελή-

2140 3379 2307 3418 σατε·
2342 3363 2470 3418 ἰδοὺ
2505 3364 2739 3432 ἀφίεται
2771 3367 2802 3418 ό
2834 3360 2997 3427 εἴκοςι
3026 3363 3193 3433 ὑμῶν
3215 3364 3454 3433 ἕρημος.
3492 3366 3600 3418 Kal
3624 3368 3720 3436 9a-

2139 3450 2451 3523 πιζόμενος,
2490 3452 2590 3505 οὐκ
2638 3452 3057 3523 ὰντεῤῥάπισεν,
3091 3451 3205 3505 ἀλλ’
3256 3453 3601 3520 ἀπολογεῖται
3640 3453 3720 3523 τῷ

2143 3540 2454 3612 ραπίζοντι·
2491 3539 2586 3592 καὶ
2623 3538 2889 3609 δαιμονῶν
2930 3538 3298 3609 καλούμενος,
3333 3541 3594 3611 δαίμονας
3630 3541 3721 3606 ἐξ-

2140 3627 2318 3681 έϐαλε·
2353 3627 2445 3681 ml
2478 3626 2675 3689 πλάνος
2705 3627 2797 3681 ml
2820 3626 3063 3689 ἀντίθεος
3082 3626 3432 3696 καλούμενος,
3463 3629 3541 3690 εἰς
3564 3629 3721 3698 βασι-

2138 3714 2285 3769 λείαν
2308 3715 2503 3774 αὐτοὺς
2530 3712 2903 3785 ἐχειραγώγει.
2935 3714 3044 3765 Kal
3071 3717 3186 3776 τοῖς
3211 3714 3476 3783 μαθηταῖς
3502 3714 3720 3767 ἐκέλευε

2140 3801 2413 3872 πανταχοῦ
2450 3799 2864 3871 μαστιγοῦσθαι,
2898 3798 3217 3863 διώκεσθαι,
3254 3800 3593 3867 ἐλαύνεσθαι,
3625 3805 3721 3857 καὶ

2139 3891 2238 3961 τὴν
2271 3889 2478 3942 ἐλάττω
2507 3887 2905 3957 καταδέχεσθαι
2947 3885 3117 3951 τάξιν·
3161 3888 3225 3940 '0
3271 3887 3379 3959 γὰρ
3420 3887 3613 3942 θέλων
3649 3891 3722 3943 ἐν

2138 3977 2282 4046 ὑμῖν
2317 3972 2469 4031 εἶναι
2519 3975 2767 4043 πρῶτος,
2815 3974 2999 4045 φησὶν,
3035 3974 3191 4027 ἔστω
3224 3974 3389 4044 ὑμῶν
3417 3974 3716 4041 διάκονος.

2140 4066 2250 4119 Kal
2277 4063 2337 4117 τὸ
2367 4062 2669 4132 ὑπόδειγμα
2703 4061 2913 4123 οἴκοθεν
2940 4061 3112 4129 ἐπῆγε
3157 4061 3349 4128 λέγων·
3383 4060 3659 4130 Καθάπερ
3685 4064 3727 4116 ὁ

2139 4152 2272 4218 Υἱὸς
2295 4151 2402 4206 τοῦ
2428 4149 2743 4218 ἀνθρώπου
2781 4151 2893 4203 οὐκ
2914 4145 3060 4217 ἦλθε
3082 4147 3530 4215 διακονηθῆναι,
3558 4149 3721 4203 ἀλλὰ

2140 4238 2498 4308 διακονῆσαι
2525 4238 2622 4292 καί
2642 4237 2865 4315 δοῦναι
2888 4234 3004 4305 τὴν
3029 4234 3243 4304 ψυχὴν
3281 4237 3469 4290 αὐτοῦ
3493 4237 3720 4303 λύτρον

2141 4326 2276 4383 ἀντὶ
2311 4325 2579 4381 πολλῶν.
2619 4326 2682 4377 Εἰ
2725 4324 2782 4377 δὲ
2815 4323 3027 4377 ἐλαύνει
3056 4322 3333 4393 δαίμονας,
3369 4324 3463 4375 ml
3496 4322 3723 4393 πολεμεῖ

2141 4416 2219 4488 τῷ
2246 4415 2474 4486 διαϐόλῳ
2496 4456 2509 4479 ,
2546 4414 2639 4468 ml
2684 4414 2782 4483 τὴν
2814 4412 3022 4482 πλάνην
3055 4413 3267 4482 ἀναιρεῖ
3298 4413 3392 4465 ml
3432 4411 3591 4465 τοῦτο
3618 4414 3723 4482 μά-

2141 4503 2299 4557 λιστα
2319 4501 2622 4573 πραότητός
2647 4502 2785 4564 ἐστι,
2809 4499 2869 4553 τὸ
2887 4500 2984 4569 τὴν
3004 4498 3201 4551 κακίαν
3230 4498 3327 4569 μὲν
3350 4499 3528 4552 πᾶσαν
3549 4499 3721 4567 λύειν,

2139 4590 2264 4651 τοὺς
2306 4587 2362 4640 δέ
2396 4586 2793 4656 κατεχομένους
2844 4584 3181 4656 ἐλευθεροῦν,
3223 4585 3284 4639 τὸ
3335 4585 3462 4649 τοὺς
3500 4587 3723 4640 ἐπιϐου-

2140 4672 2661 4744 λεύονταςδαίμονας
2685 4672 3047 4738 ἀναστέλλειν,
3066 4670 3256 4741 τοὺςδὲ
3278 4672 3723 4744 ἐπηρεασθέντας

2143 4761 2500 4818 ἀπαλλάττειν
2525 4759 2633 4814 τῶν
2668 4759 2876 4814 δεινῶν.
2908 4759 2972 4811 Τί
3004 4759 3060 4812 δέ
3089 4760 3257 4826 ἐστιν,
3288 4762 3533 4815 Ἕνεκεν
3573 4762 3723 4830 ἀλη-

2141 4850 2322 4915 θείας,
2354 4848 2449 4901 καί
2474 4847 2837 4915 πραότητος,
2874 4847 2971 4900 καὶ
3010 4846 3437 4916 δικαιοσύνης;
3471 4845 3603 4902 Εἷπε
3631 4850 3722 4901 τὸν

2140 4930 2530 5007 πόλεμον,εῖπε
2556 4934 2654 5006 τὴν
2667 4933 2990 5005 παράταξιν,
3017 4934 3182 4999 ἔδειξε
3199 4934 3289 4987 τὸν
3304 4936 3547 5006 ὁπλίτην·
3573 4936 3721 5005 λέγει

2139 5025 2320 5079 λοιπὸν
2346 5022 2440 5077 καὶ
2469 5024 2567 5095 τῆς
2596 5021 2870 5094 βασιλείας
2898 5022 3061 5078 αὑτοῦ
3089 5024 3158 5077 τά
3186 5023 3603 5096 κατορθώματα,
3629 5024 3721 5077 λέ-

2149 5126 2226 5183 γει
2246 5112 2338 5165 τοῦ
2354 5112 2616 5183 τροπαίου
2639 5112 2698 5166 τὸ
2727 5108 2864 5176 εἶδος
2882 5151 2897 5176 ,
2932 5111 3079 5180 λέγει
3109 5112 3207 5181 τῆς
3223 5110 3378 5182 νίκης
3407 5114 3507 5182 τὴν
3538 5110 3717 5181 φύσιν.

2139 5203 2202 5257 Ol
2238 5202 2336 5273 μέν
2361 5201 2470 5274 γὰρ
2499 5200 2648 5255 ἄλλοι
2676 5200 2875 5264 πάντες
2902 5200 3178 5271 ἄνθρωποι
3222 5199 3592 5269 βασιλεύοντες
3626 5219 3723 5254 πο-

2140 5290 2417 5362 λεμοῦσιν,
2448 5290 2481 5361 ἢ
2514 5290 2722 5343 πόλεων
2764 5290 2970 5347 ἐνεκεν;
3002 5288 3034 5359 ἢ
3071 5289 3388 5358 χρημάτων,
3433 5288 3466 5359 ἢ
3502 5288 3717 5359 ἐχθρᾶς,

2140 5378 2174 5450 ἢ
2212 5377 2534 5443 κενοδοξίας·
2572 5377 2733 5442 αὐτὸς
2766 5376 2822 5429 δὲ
2851 5376 2918 5428 δι’
2948 5375 3101 5427 οὐδὲν
3130 5374 3356 5441 τούτων,
3389 5376 3502 5428 ἀλλ’
3530 5377 3722 5430 ἕνεκεν

2206 5559 2234 5598 ι)
2257 5557 2337 5606 Sic
2362 5558 2485 5619 Reg.
2510 5556 2677 5619 65Let
2718 5558 2790 5606 sic
2828 5556 2955 5617 legit
2978 5555 3241 5617 interpres.
3265 5556 3319 5605 In
3346 5556 3463 5606 edit.
3494 5557 3644 5608 Savil.
3671 5564 3725 5608 et

2143 5619 2335 5684 Morelﬁ
2361 5618 2927 5684 ἐμπαροινοῦνταηπάᾳς
2949 5635 3057 5684 σοφ.
3080 5620 3186 5679 γέμ.
3210 5622 3365 5681 φξιέγγ.
3388 5620 3589 5684 ﬁgura:

2205 5684 2228 5713 ε
2267 5679 2543 5740 Ἐφθέγξατο
2566 5681 2739 5728 deerat
2760 5682 2807 5728 in
2833 5679 3027 5738 Mur-eL;
3048 5684 3134 5728 sed
3158 5679 3358 5729 in'mss.
3385 5679 3434 5728 el
3461 5682 3607 5729 Savil.
3636 5680 3697 5732 ha

2147 5744 2313 5795 betur.
2333 5741 2463 5792 Infra
2489 5741 2837 5807 λοιδορησάσης
2876 5741 3036 5805 αὐτόν,
3077 5743 3159 5792 alii
3186 5743 3315 5805 αύτῷ
3337 5756 3430 5793 non
3457 5743 3604 5793 male.
