4030 6398
361 383 460 439 19⁸5

360 510 534 554 autem
566 507 788 569 propter
816 494 1008 550 nullum
1037 506 1241 556 eorum,
1270 487 1360 543 sed
1392 495 1607 556 propter
1634 482 1931 545 veritatem,

365 603 419 647 ut
442 606 560 647 eam
589 590 799 661 plantet
828 586 880 641 in
912 595 1087 648 terra;
1117 589 1172 636 et
1208 590 1421 649 propter
1461 572 1939 634 mansuetudinem,

364 692 424 738 ut
456 681 545 751 qui
570 688 696 734 sunt
724 677 852 733 feris
892 673 1249 736 immaniores,
1293 676 1596 723 mansuetos
1631 663 1858 724 efﬁciat;
1886 667 1943 751 et

367 749 583 841 propter
607 768 887 838 justitiam,
919 771 980 818 ut
1008 764 1058 818 in
1086 775 1220 833 quos
1245 756 1575 831 tyrannidem
1601 760 1816 809 exercet
1843 749 1940 804 ini-

365 862 558 932 qttitas,
597 872 691 914 eos
729 858 900 928 justos
936 854 1110 917 faciat,
1154 852 1379 921 primum
1408 848 1618 918 quidem
1646 860 1710 898 ex
1748 843 1935 913 gratia,

365 953 557 1008 deinde
577 966 642 1007 ex
672 960 817 1005 recte
844 948 1009 1002 factis.
1040 945 1105 999 Et
1126 944 1330 997 deducet
1353 950 1399 994 te
1422 938 1713 992 mirabiliter
1742 936 1945 988 dextera

368 1055 474 1099 tua.
507 1044 678 1107 Alius,
700 1040 765 1094 Et
791 1037 1092 1092 illuminabit
1114 1044 1159 1088 te
1178 1049 1325 1104 super
1350 1029 1588 1086 terribilia
1613 1028 1814 1081 dextera
1835 1035 1939 1079 tua.

367 1139 539 1200 Alius,
575 1134 641 1188 Et
667 1132 887 1188 ostendet
911 1129 997 1184 tibi
1022 1126 1262 1182 terribilia
1288 1125 1492 1178 dextera
1516 1131 1601 1175 tua
1627 1123 1667 1173 ί.
1919 1168 1931 1181 ε

438 1228 489 1282 7.
525 1224 710 1281 Vidisti
736 1219 1001 1292 quomodo
1028 1231 1210 1273 rursus
1233 1215 1387 1270 nobis
1405 1212 1611 1283 aperuit
1634 1210 1944 1280 dignitatem

368 1320 491 1390 ejus,
510 1317 599 1388 qui
625 1315 741 1371 haec
764 1312 1015 1384 praeclara
1036 1309 1198 1365 facit?
1218 1308 1362 1363 Sicut
1388 1307 1531 1361 enim
1557 1318 1681 1359 cum
1702 1302 1947 1372 superius

370 1410 589 1466 dixisset
632 1420 796 1471 arma,
833 1413 885 1459 et
921 1402 1175 1473 gladium,
1220 1398 1459 1454 ascendit
1495 1396 1563 1451 ad
1608 1395 1837 1464 speciem
1883 1407 1947 1446 ac

372 1500 832 1574 pulchritudinem,
876 1504 931 1550 et
957 1492 1023 1549 ad
1065 1493 1404 1562 incorporeas
1443 1486 1817 1579 intelligendas
1853 1484 1948 1579 de:

371 1595 522 1650 duxit
556 1590 848 1647 auditorem
876 1603 891 1640 :
921 1587 992 1640 ita
1018 1599 1139 1639 cum
1169 1594 1354 1638 rursus
1392 1574 1752 1635 descendisset
1789 1576 1855 1629 ad
1894 1574 1946 1629 id

372 1687 512 1758 quod
538 1693 623 1740 est
648 1681 909 1745 crassius,
940 1691 1129 1747 nempe
1157 1690 1312 1747 arcus
1340 1683 1397 1729 et
1431 1672 1667 1742 sagittas,
1695 1668 1944 1740 paulatim

373 1791 557 1833 rursus
583 1774 736 1844 erigit
762 1771 1078 1831 auditorem,
1109 1767 1230 1822 belli
1259 1779 1444 1821 causas
1471 1762 1727 1825 referens,
1754 1760 1947 1815 verita-

376 1881 501 1933 tem,
545 1862 1024 1927 mansuetudinem,
1060 1858 1351 1928 justitiam;
1391 1854 1583 1910 deinde
1610 1868 1793 1907 rursus
1833 1865 1957 1904 mo.

375 1961 499 2014 dum
536 1970 748 2027 quoque
780 1952 1031 2007 victoriae.
1065 1947 1317 2017 Quisnam
1343 1954 1516 2000 autent
1548 1952 1631 1998 est
1658 1942 1736 1998 is?
1762 1940 1829 1995 Et
1855 1941 1949 1995 de-

378 2054 520 2106 ducet
564 2060 630 2115 te,
658 2046 847 2116 inquit,
877 2043 1170 2097 mirabiliter
1212 2040 1418 2093 dextera
1442 2048 1549 2091 tua.
1576 2034 1728 2103 Quod
1770 2041 1948 2087 autem

377 2144 522 2205 dicit,
547 2141 645 2196 tale
675 2147 793 2194 est:
833 2136 946 2206 Ipsa
975 2132 1176 2202 sibiipsi
1205 2142 1391 2185 natura
1418 2129 1631 2195 sufﬁcit,
1675 2128 1784 2196 ipsa
1816 2124 1949 2179 sibi-

378 2236 477 2308 ipsi
494 2233 689 2290 sufﬁcit
715 2229 943 2301 potentia
964 2226 1030 2281 ad
1055 2223 1338 2280 videndum
1359 2237 1474 2292 qua:
1502 2228 1628 2276 sunt
1653 2217 1874 2289 agenda,
1897 2226 1953 2271 et

380 2329 535 2382 finem
565 2325 643 2382 eis
670 2320 1063 2392 imponendum.

453 2415 620 2485 Opera
643 2412 828 2468 Christi
862 2409 1121 2465 terribilia.
1145 2437 1215 2448 —
1234 2406 1399 2461 Recte
1425 2412 1601 2458 autem
1630 2401 1760 2457 dixit
1783 2400 1948 2466 alius,

385 2505 639 2563 Terribilis
678 2505 884 2558 dextera
917 2513 1001 2555 tua
1026 2516 1045 2554 :
1086 2510 1211 2554 sunt
1246 2498 1387 2552 enim
1424 2495 1577 2551 valde
1611 2493 1862 2549 terribilia
1899 2500 1954 2547 et

381 2600 600 2655 horrore
626 2595 782 2666 plena
811 2609 926 2664 quae
966 2592 1160 2662 gessit,
1188 2606 1332 2644 mors
1361 2588 1532 2644 deleta
1563 2595 1673 2650 est,
1704 2583 1951 2653 perfracti

381 2700 502 2744 sunt
525 2687 698 2752 inferi,
730 2684 1003 2755 paradisus
1031 2683 1126 2738 fuit
1147 2690 1381 2751 apertus,
1408 2679 1594 2734 cadum
1623 2676 1821 2746 patuit,
1852 2674 1953 2730 οι)-

387 2789 585 2837 structa
633 2785 758 2832 sunt
807 2790 900 2831 ora
946 2772 1293 2835 dmmonibus,
1325 2770 1526 2825 inferna
1566 2782 1684 2822 cum
1711 2765 1956 2835 superuis

383 2871 663 2928 commixta
688 2876 830 2935 sunt,
863 2867 1003 2921 Deus
1033 2868 1190 2919 homo
1220 2863 1384 2917 factus
1420 2869 1521 2926 est,
1553 2859 1713 2914 homo
1737 2856 1874 2911 sedit
1902 2855 1957 2911 in

385 2964 517 3017 solio
543 2962 724 3031 regio;
751 2967 934 3029 aperta
961 2966 1042 3013 est
1072 2970 1193 3025 spes
1216 2950 1640 3017 resurrectionis,
1680 2950 1955 3003 immorta-

389 3056 465 3110 les
505 3052 954 3123 exspectationes,
1001 3046 1342 3102 ineﬂabilium
1384 3044 1645 3099 bonorum
1674 3054 1801 3095 usus
1844 3038 1963 3094 fru-.

390 3158 526 3213 ctus,
556 3154 608 3199 et
642 3144 747 3198 alia
787 3155 1128 3210 quiecumquc
1160 3154 1254 3208 per
1295 3151 1448 3190 suum
1495 3134 1779 3189 adventum
1823 3144 1959 3201 prte-

397 3238 535 3291 clare
560 3234 735 3305 gessit.
763 3231 832 3285 Et
857 3228 973 3285 ideo
997 3229 1148 3291 dixit,
1181 3227 1403 3282 Deducat
1422 3234 1467 3278 te
1490 3225 1557 3279 ad
1579 3223 1820 3277 terribilia
1848 3222 1955 3275 hac

396 3327 591 3380 dextera
625 3334 748 3387 tua,
779 3321 1063 3377 ostendens
1097 3319 1297 3389 sibiipsi
1345 3315 1587 3372 sufﬁcere
1627 3322 1867 3369 naturam
1906 3319 1962 3366 et

390 3413 677 3487 potentiam
699 3411 763 3467 ad
792 3426 852 3466 ea
880 3409 1191 3466 invenienda
1225 3415 1281 3462 et
1311 3404 1647 3477 perﬁcienda,
1695 3419 1814 3474 quae
1843 3402 1958 3457 fue-

391 3514 509 3561 rant
537 3504 823 3574 pruposita.
862 3500 1203 3570 Septuaginta
1230 3508 1406 3553 autem
1432 3497 1633 3556 dicunt,
1667 3494 1885 3550 Deducat
1914 3502 1963 3548 te

391 3596 679 3651 mirabiliter
722 3596 927 3649 dextera
966 3603 1089 3655 tua;
1138 3591 1239 3646 hoc
1283 3598 1386 3655 est,
1411 3604 1515 3644 non
1565 3589 1736 3643 solum
1781 3586 1962 3641 mirari

390 3698 598 3760 oportet
621 3686 762 3759 quod
806 3701 892 3740 res
932 3683 1177 3755 pulchras
1203 3690 1257 3738 et
1282 3681 1562 3753 praeclaras
1599 3679 1840 3750 gesserit,
1869 3677 1964 3732 sed

390 3778 531 3850 quod
555 3793 645 3832 eas
675 3782 865 3847 prteter
893 3774 1160 3828 hominum
1188 3770 1636 3841 exspectationem
1666 3776 1720 3823 et
1756 3766 1965 3835 Opinio-

390 3884 511 3941 nem
536 3868 781 3939 gesserit.
814 3866 914 3920 Per
942 3874 1164 3919 mortem
1192 3863 1332 3919 enim
1365 3852 1509 3917 mors
1535 3861 1705 3915 deleta
1733 3867 1834 3922 est,
1869 3872 1962 3927 per

392 3959 726 4015 maledictum
765 3956 1097 4012 maledictum
1138 3955 1398 4009 sublatum
1429 3960 1531 4018 est,
1561 3962 1613 4006 et
1650 3950 1769 4004 data
1805 3948 1973 4003 bene-.

392 4050 584 4116 dictio;
616 4065 710 4119 per
750 4064 899 4104 esum
939 4063 1105 4117 nuper
1141 4046 1294 4116 ejecti
1336 4044 1621 4108 fueramus,
1675 4057 1769 4112 per
1811 4055 1965 4096 esum

393 4157 575 4196 rursus
603 4140 884 4194 introducti
915 4138 1129 4193 fuimus.
1159 4136 1319 4206 Virgo
1347 4150 1442 4191 nos
1472 4134 1715 4205 paradiso
1739 4133 1961 4203 expulit,

394 4246 490 4303 per
535 4232 787 4302 virginem
831 4231 990 4287 vitam
1040 4237 1290 4283 aeternam
1332 4228 1651 4282 invenimus.
1701 4225 1799 4279 Per
1847 4238 1966 4293 quae

395 4321 725 4377 condemnati
747 4334 948 4386 sumus,
977 4334 1069 4389 per
1093 4334 1154 4374 ea
1182 4319 1377 4373 fuimus
1401 4317 1658 4372 coronati.
1688 4315 1812 4370 Huic
1840 4330 1966 4383 ergo

394 4417 571 4471 animo
597 4419 799 4484 agitans
820 4412 1093 4483 propheta,
1127 4410 1335 4467 dicebat
1360 4427 1373 4463 :
1405 4408 1630 4464 Deducet
1655 4418 1701 4461 te
1724 4406 1968 4461 mirabili-

397 4519 470 4562 ter
494 4508 695 4561 dextera
717 4516 821 4559 tua.
850 4503 1110 4573 Numquid
1133 4520 1264 4572 opus
1284 4513 1366 4558 est
1392 4501 1588 4555 armis?
1609 4516 1732 4554 nttm
1754 4498 1967 4570 gladio?

399 4613 521 4651 num
567 4611 692 4652 arcu
723 4605 777 4651 et
818 4594 1052 4665 sagittis?
1082 4592 1266 4648 Vidisti
1304 4591 1570 4663 quomodo
1607 4591 1717 4661 ipsa
1757 4596 1964 4655 natura,

397 4690 506 4758 ipsa
537 4686 785 4758 potentia,
813 4694 898 4740 est
936 4684 1135 4755 sibiipsi
1167 4682 1475 4738 sufliciens?
1502 4681 1608 4737 Sed
1647 4680 1767 4734 vide
1808 4694 1963 4744 eum,

398 4792 663 4850 tamquam
703 4779 1006 4834 saltatorem
1049 4777 1338 4845 optimum,
1366 4789 1549 4829 rursus
1592 4788 1622 4827 a
1658 4772 1972 4828 sublimibus

398 4870 720 4926 descendere
748 4868 812 4923 ad
839 4867 1117 4923 crassiora.
1145 4867 1197 4922 6.
1231 4866 1444 4938 Sagitta:
1472 4875 1593 4931 tute,
1634 4865 1826 4935 inquit,
1848 4879 1973 4916 acu-

399 4974 482 5028 ta,
513 4960 862 5033 potentissime.
897 4956 1089 5028 Populi
1125 4958 1216 5012 sub
1242 4966 1287 5012 te
1326 4955 1527 5023 cadent,
1554 4958 1607 5010 in
1636 4954 1785 5009 corde
1800 4953 1969 5010 inimi.

398 5068 574 5107 catum
601 5051 751 5121 regis.
783 5049 951 5114 Alius,
984 5047 1049 5101 In
1078 5048 1225 5101 corde
1250 5046 1438 5100 inimici
1465 5045 1614 5115 regis.

471 5140 682 5211 Sagith
725 5140 855 5193 uerbi
896 5139 968 5193 vis
1005 5138 1215 5208 efﬁcax;
1241 5136 1429 5191 Christi
1452 5136 1812 5190 wternitas.-—-
1834 5133 1969 5188 Vide

401 5246 587 5287 rursus
609 5231 820 5301 quando
838 5229 1077 5284 meminit
1101 5229 1431 5299 sagittarum,
1450 5226 1716 5298 quomodo
1737 5227 1974 5298 potentis

403 5321 621 5376 verbum
648 5321 874 5390 accepit,
906 5327 966 5373 ut
993 5319 1129 5374 scias
1151 5333 1271 5374 eum
1304 5333 1409 5373 non
1440 5332 1597 5388 egere
1626 5318 1852 5387 sagittis,
1880 5317 1975 5373 sed

398 5416 572 5487 ipsum
593 5413 793 5484 sibiipsi
810 5412 1074 5468 sufﬁcere.
1103 5410 1228 5466 Haec
1247 5419 1330 5466 est
1352 5418 1526 5465 autem
1544 5411 1709 5465 series
1728 5427 1741 5463 :
1762 5410 1978 5482 Sagitta:

403 5515 503 5557 tite
526 5513 703 5566 acutte,
738 5512 932 5574 potens,
960 5504 1015 5556 in
1034 5501 1186 5557 corde
1210 5502 1528 5556 inimicorum
1549 5502 1701 5573 regis.
1725 5501 1854 5556 Illud
1881 5517 1970 5556 au-

405 5605 532 5660 tent,
564 5592 751 5663 Populi
772 5592 865 5648 sub
891 5602 939 5648 te
971 5592 1179 5659 cadent,
1204 5592 1255 5645 in
1282 5591 1461 5647 medio
1489 5590 1860 5662 interponitur.
1883 5591 1981 5647 llic

403 5702 452 5742 et
464 5702 530 5757 go
550 5685 679 5741 mihi
695 5700 814 5742 esse
830 5685 1037 5741 videtur
1055 5683 1252 5752 duplex
1274 5682 1533 5753 expositio
1553 5699 1566 5736 :
1587 5683 1673 5739 vel
1693 5684 1834 5739 cnim
1855 5683 1982 5740 dicit

472 5803 489 5832 ι
523 5804 605 5851 llic
623 5799 782 5866 adjicit
797 5806 917 5866 neg.
937 5810 1082 5861 unus,
1108 5797 1251 5860 Altus,
1281 5814 1304 5846 ι
1325 5804 1371 5849 et
1385 5799 1649 5863 trepidans.
1674 5816 1696 5847 ι

1456 362 1816 422 EXPOSITIO
1853 360 1917 416 IN
1947 359 2271 417 PSALMUM
2311 360 2493 416 XLIV.

3525 371 3623 428 195

2052 477 2326 533 Judaicam
2367 477 2723 549 captivitatem
2749 488 2803 534 et
2830 479 3058 536 civitatis
3082 482 3414 539 eversionem
3436 493 3490 540 et
3526 501 3624 542 cx-

2048 570 2266 637 cidium,
2297 571 2381 625 vel
2422 585 2515 639 per
2552 585 2822 641 anagogcu
2852 573 2959 627 vim
3002 574 3150 629 verbi
3193 584 3347 630 vocat
3381 584 3621 646 sagittas.

2047 662 2331 730 Quibusvis
2355 661 2496 716 enim
2518 663 2721 732 sagittis
2740 664 2971 719 velocius
2994 667 3225 735 pervasit
3247 667 3430 722 orbem
3454 677 3626 724 terra-

2049 768 2188 820 rum,
2232 760 2285 807 et
2326 767 2530 818 eorum,
2561 753 2649 823 qui
2681 754 2828 824 prius
2865 765 3018 809 erant
3061 756 3281 823 inimici,
3310 772 3404 812 cor
3431 759 3623 830 tetigit,

2049 858 2153 897 non
2186 850 2242 896 ut
2270 842 2611 909 interﬁceret,
2643 844 2739 897 sed
2789 851 2844 898 ut
2886 844 2951 898 ad
2995 859 3055 900 se
3100 847 3392 903 attraheret
3428 865 3442 902 :
3482 850 3622 919 quod

2049 935 2278 988 etiamin
2300 934 2463 989 Paulo
2484 933 2680 989 evenit.
2706 940 2823 990 Non
2840 936 2980 989 enim
2997 937 3320 993 aberraverit
3339 940 3618 1009 quispiam,

2000 1100 2011 1119 ἱ
2048 1026 2092 1079 si
2113 1024 2307 1079 dixerit
2328 1024 2455 1079 illud
2472 1024 2691 1079 verbum
2712 1027 2974 1095 sagittam,
3002 1028 3141 1096 quod
3161 1044 3191 1083 e
3207 1029 3351 1085 caelis
3371 1030 3622 1086 emissum

2051 1115 2219 1183 tetigit
2245 1129 2338 1169 cor
2377 1116 2509 1184 ejus,
2542 1116 2631 1186 qui
2660 1117 2806 1185 prius
2847 1128 2960 1173 erat
3013 1119 3274 1186 inimicus,
3314 1131 3369 1175 et
3396 1122 3624 1178 amicum

2049 1204 2299 1263 reddidit.
2329 1203 2520 1275 Papuli
2546 1205 2639 1260 sub
2661 1216 2707 1259 te
2726 1207 2924 1262 cadent.
2956 1207 3141 1263 Vidisti
3170 1225 3325 1280 quam
3348 1219 3489 1267 recte
3505 1213 3627 1268 bel-

2048 1298 2156 1352 lum
2174 1306 2377 1366 gestum
2396 1298 2499 1369 sit?
2518 1300 2786 1369 quomodo
2811 1301 3137 1356 reconciliati
3153 1303 3349 1358 fuerint
3368 1304 3456 1374 qui
3479 1305 3624 1373 prius

2050 1397 2205 1443 erant
2232 1389 2506 1444 seditiosi?
2552 1391 2820 1460 quomodo
2858 1393 3041 1446 docti?
3084 1394 3352 1462 quomodo
3393 1394 3625 1451 initiati?

2051 1479 2169 1548 Ipse
2199 1481 2340 1535 enim
2391 1495 2566 1549 casus,
2613 1491 2667 1537 et
2694 1483 2832 1553 quod
2861 1484 2966 1538 sint
3007 1485 3105 1538 sub
3133 1485 3244 1549 illo,
3275 1496 3357 1541 est
3380 1487 3626 1542 omnibus

2052 1572 2448 1628 fundamentum
2474 1583 2526 1629 et
2553 1575 2700 1630 radix
2722 1576 3029 1630 altitudinis.
3057 1576 3189 1631 Cum
3213 1580 3353 1632 enim
3373 1593 3467 1633 eos
3493 1579 3627 1634 Iibe-

2050 1676 2221 1723 rasset
2248 1668 2321 1723 ab
2342 1669 2658 1738 arrogantia,
2690 1678 2744 1724 et
2769 1669 2837 1723 ait
2863 1671 3002 1724 inani
3032 1672 3166 1725 fastu
3193 1678 3246 1726 et
3271 1671 3460 1742 gloria,
3488 1680 3543 1727 et
3561 1672 3628 1727 ab

2051 1773 2233 1814 errore
2248 1758 2567 1827 daemonum,
2587 1773 2681 1814 eos
2700 1760 2903 1829 sibiipsi
2929 1760 3180 1816 subdidit.
3204 1760 3280 1814 Ita
3305 1762 3462 1816 etiam
3485 1762 3623 1816 alitts

2052 1850 2308 1919 propheta
2339 1864 2462 1905 eum
2508 1851 2739 1907 ostendit
2779 1861 3134 1920 cruentatum,
3185 1868 3305 1909 cum
3351 1857 3430 1908 sic
3463 1854 3624 1910 dicit:

2055 1939 2180 2005 Quis
2208 1941 2290 1993 hic
2309 1950 2400 2007 est,
2428 1942 2514 2010 qui
2538 1943 2671 1995 venit
2696 1957 2759 1996 ea:
2782 1940 2987 1997 Edam?
3015 1943 3203 1998 rubeda
3231 1946 3629 1999 vestimentorum

2052 2032 2161 2100 ejus
2185 2046 2248 2084 ea:
2269 2029 2432 2085 Bosor
2455 2031 2607 2102 (lsai.
2632 2032 2720 2088 65.
2746 2030 2834 2103 i)?
2857 2032 3126 2102 Nusquam
3150 2034 3258 2089 illic
3280 2049 3449 2103 arma,
3472 2051 3629 2092 arcus

2053 2131 2106 2177 et
2132 2122 2357 2192 sagittte,
2388 2122 2482 2177 sed
2515 2131 2708 2178 vestes.
2760 2123 2991 2178 Verbum
3032 2124 3244 2194 quidem
3291 2126 3448 2195 paqu
3485 2141 3629 2182 cras-

2053 2213 2184 2279 sius,
2216 2212 2311 2268 sed
2336 2212 2439 2267 hoc
2465 2221 2640 2269 tamen
2668 2214 2945 2270 subtilius:
2967 2225 3021 2270 et
3054 2224 3230 2271 tamen
3273 2218 3383 2273 illic
3419 2234 3630 2290 quoque

2048 2303 2106 2358 in
2132 2318 2194 2359 ea
2222 2304 2574 2361 crassizudine
2604 2305 2757 2375 erigit
2785 2305 2983 2360 sensim
3023 2307 3315 2365 orationem
3339 2308 3405 2362 ad
3435 2322 3522 2363 res
3546 2310 3628 2362 in-

2056 2409 2361 2463 corporeas.
2401 2395 2661 2463 Quoniam
2702 2397 2845 2451 enim
2889 2406 3040 2468 rogat
3085 2398 3339 2468 propheta
3370 2400 3631 2455 undenam

2054 2486 2230 2540 rubrae
2265 2494 2460 2551 vestes,
2510 2486 2673 2542 dicit:
2704 2486 2948 2542 Torcular
2974 2490 3162 2544 calcari
3187 2491 3325 2545 solus
3353 2489 3514 2560 (Ibid.
3543 2491 3634 2547 65.

2055 2574 2110 2629 2.
2139 2576 2217 2644 3),
2250 2576 2540 2632 ostendens
2568 2578 2807 2633 victoria:
2832 2578 3161 2646 facilitatem,
3190 2589 3246 2636 et
3269 2583 3409 2652 quod
3432 2584 3634 2638 nullum

2061 2666 2301 2730 habuerit
2319 2668 2407 2738 qui
2423 2667 2470 2722 ei
2492 2682 2646 2739 opem
2669 2668 2852 2737 ferret,
2875 2670 2968 2726 sed
2994 2672 3107 2741 ipse
3127 2672 3328 2743 sibiipsi
3348 2673 3633 2728 suffecerit.

2058 2758 2513 2826 Quemadmodum
2541 2761 2685 2817 enim
2718 2761 2805 2818 hic
2841 2763 2985 2829 dicit,
3017 2763 3244 2818 Deducat
3269 2775 3317 2820 te
3343 2767 3637 2821 mirabiliter

2058 2853 2263 2907 dextera
2291 2861 2376 2906 tua
2394 2868 2414 2906 :
2445 2853 2514 2909 ita
2545 2855 2704 2910 etiam
2734 2854 2866 2922 illic,
2891 2854 3139 2910 Torcular
3174 2857 3364 2911 calcavi
3390 2860 3544 2913 solus.
3572 2860 3639 2915 Ut

2063 2944 2205 2999 enim
2235 2943 2390 3000 facile
2409 2952 2494 2999 est
2520 2945 2592 3010 ei,
2621 2949 2710 3016 qui
2736 2945 3025 3014 ingreditur
3045 2948 3294 3013 torcular,
3319 2948 3525 3004 calcare
3546 2949 3641 3003 bo-

2064 3045 2206 3091 tros:
2235 3036 2306 3090 ita
2335 3036 2493 3090 etiam
2524 3036 2653 3101 Deo,
2689 3035 2861 3091 facere
2889 3052 3007 3106 quae
3036 3038 3281 3105 voluerit,
3324 3039 3432 3093 imo
3463 3056 3528 3094 ne
3557 3041 3635 3095 sic

2062 3126 2295 3197 quidem.
2323 3126 2416 3182 sed
2438 3127 2594 3197 longe
2617 3127 2842 3182 facilius.
2875 3128 2926 3181 7.
2958 3127 3196 3183 Thronus
3224 3138 3357 3195 tuus,
3402 3129 3557 3192 Dens,
3585 3131 3638 3184 in

2062 3220 2305 3275 sarculum
2323 3219 2513 3274 surculi.
2546 3218 2699 3289 Virga
2718 3219 3024 3285 directionis,
3043 3220 3184 3290 virga
3201 3222 3341 3292 regni
3358 3222 3448 3275 lui.
3472 3222 3524 3276 8.
3552 3221 3641 3275 Di-

2063 3311 2224 3366 lexisti
2252 3311 2527 3381 justitiam,
2566 3320 2614 3365 et
2653 3311 2802 3364 odisti
2827 3312 3161 3380 iniquitatem.
3188 3313 3466 3384 Propterea
3492 3316 3639 3369 unxit

2065 3409 2113 3456 te
2152 3401 2306 3467 Deus,
2355 3400 2495 3456 Deus
2523 3411 2638 3456 tuus
2675 3403 2784 3457 oleo
2810 3404 3017 3469 lwtitiw,
3045 3421 3152 3475 pra:
3181 3407 3493 3460 consortibus
3521 3408 3637 3460 tuis.

2065 3491 2234 3558 Alius,
2260 3490 2493 3545 Thronus
2517 3501 2653 3558 tuus,
2681 3490 2842 3558 Deus,
2868 3503 3104 3560 internus,
3130 3505 3178 3549 et
3207 3496 3359 3549 ultra.
3389 3496 3643 3551 Hebra-us

2064 3592 2242 3637 autem
2269 3583 2396 3637 dicit
2424 3583 2574 3649 illud,
2606 3582 2762 3649 Deus,
2806 3583 2946 3639 Deus
2975 3595 3110 3653 tuus,
3144 3586 3334 3646 Eloim.
3368 3588 3566 3642 Eloach
3600 3589 3639 3641 ¹.

2066 3675 2201 3743 Quid
2244 3674 2330 3729 hic
2366 3676 2558 3730 dixerit
2601 3675 2850 3731 Iudaeus?
2877 3677 2952 3731 De
2980 3692 3208 3747 quonam
3251 3680 3390 3734 enim
3419 3680 3534 3734 haec
3557 3679 3642 3732 di-

1996 3835 2010 3850 .
2066 3767 2290 3819 cuntur?
2320 3766 2455 3832 Quid
2482 3782 2608 3820 veru
2638 3766 2953 3822 haereticus?
2983 3769 3039 3823 Si
3068 3768 3265 3825 dixerit
3291 3773 3430 3826 enim
3452 3772 3555 3827 dici
3576 3772 3644 3829 de

2067 3856 2243 3922 Patre,
2270 3856 2505 3912 Thronus
2532 3866 2669 3923 tuus,
2710 3858 2864 3923 Deus,
2908 3860 2962 3913 in
3007 3862 3248 3915 steculum
3286 3865 3494 3918 sa'culi:
3513 3880 3645 3933 quo—

2068 3946 2226 4002 tnodo
2253 3948 2300 4001 ei
2326 3948 2624 4015 conveniet,
2643 3949 2783 4019 quod
2804 3950 3055 4019 deinceps
3070 3953 3340 4022 sequitur:
3370 3954 3645 4026 Propterea

2069 4038 2213 4092 unxit
2244 4047 2289 4092 te
2316 4037 2474 4104 Deus,
2503 4039 2644 4094 Deus
2674 4040 2832 4094 tuus?
2849 4040 3033 4111 Neque
3048 4043 3189 4097 enim
3216 4044 3370 4099 Pater
3394 4056 3475 4101 est
3495 4044 3646 4100 Chri-

2069 4137 2201 4195 stus,
2232 4145 2402 4199 neque
2445 4132 2558 4201 ipse
2600 4140 2788 4186 unctus
2827 4140 2927 4189 est.
2975 4131 3128 4189 Unde
3157 4135 3361 4191 clarum
3399 4148 3480 4192 est
3522 4153 3645 4192 eum

2071 4221 2215 4292 loqui
2240 4222 2308 4277 de
2336 4222 2636 4293 Unigenito,
2664 4224 2732 4279 de
2755 4239 2859 4295 quo
2884 4225 3028 4295 prius
3053 4241 3262 4297 quoque
3290 4227 3490 4283 dictum
3525 4239 3644 4292 est;

2069 4312 2137 4367 de
2161 4328 2264 4383 quo
2292 4315 2424 4370 dixit
2450 4316 2607 4372 etiam
2633 4316 2797 4373 Isaias
2829 4334 2842 4372 :
2875 4317 2943 4373 Et
2967 4318 3081 4388 ejus
3105 4320 3252 4390 regni
3275 4334 3378 4375 non
3402 4317 3505 4374 erit
3532 4317 3657 4374 ﬁnis

2071 4404 2222 4475 (Isai.
2246 4408 2299 4463 9.
2328 4409 2405 4478 7).

2142 4498 2195 4552 8.
2236 4499 2339 4554 Sed
2362 4498 2491 4555 illud
2520 4498 2793 4569 quaesierit
2826 4498 3048 4555 fortasse
3076 4502 3358 4571 quispiam,
3388 4518 3484 4558 cur
3509 4519 3648 4559 nunc

2074 4590 2307 4660 loquitur
2325 4591 2392 4646 de
2416 4591 2709 4657 divinitate,
2742 4605 2861 4646 cum
2887 4592 2955 4647 de
2978 4591 3220 4648 humanae
3239 4605 3441 4650 natura:
3468 4611 3648 4651 susce-

2078 4683 2258 4752 ptione
2282 4692 2436 4738 antea
2464 4685 2624 4738 verba
2650 4683 2866 4739 fecerit?
2893 4684 3152 4752 Quoniam
3182 4687 3407 4757 idipsum
3438 4705 3649 4759 quoque

2072 4770 2199 4828 facit
2222 4773 2518 4828 Mattbteus.
2548 4775 2590 4828 A
2609 4790 2771 4830 carne
2799 4776 2939 4831 enim
2963 4777 3166 4847 incipit,
3186 4787 3240 4834 et
3257 4779 3325 4833 ita
3351 4781 3644 4836 exorditur:

2076 4864 2231 4919 Liber
2254 4867 2587 4937 generationis
2611 4866 2739 4923 Jesu
2766 4866 2953 4924 Christi
2979 4868 3190 4943 (Matth.
3211 4873 3263 4927 1.
3289 4874 3367 4945 I).
3398 4873 3651 4930 Similiter

2074 4956 2236 5009 etiam
2265 4955 2435 5010 Lucas
2462 4964 2517 5012 et
2543 4956 2782 5013 Marcus:
2806 4958 3041 5016 Joannes
3083 4970 3259 5018 autem
3299 4963 3446 5020 solus
3472 4965 3646 5020 aliter.

2007 5048 2029 5067 ⁸
2075 5047 2207 5102 Cum
2252 5049 2393 5103 enim
2437 5049 2584 5119 prius
2627 5052 2848 5108 dixisset
2876 5053 2943 5109 de
2970 5053 3269 5124 divinitate,
3310 5056 3377 5112 In
3404 5058 3652 5128 principio

2077 5147 2183 5193 erat
2216 5138 2450 5209 Verbum,
2479 5152 2524 5197 et
2561 5141 2776 5199 Verbum
2803 5154 2911 5199 erat
2931 5148 3068 5217 apud
3093 5147 3281 5213 Deum,
3310 5158 3359 5204 et
3381 5149 3519 5204 Deus
3546 5160 3656 5205 erat

2089 5227 2302 5285 Verbum
2341 5231 2519 5302 (Joan.
2549 5235 2602 5288 l.
2634 5235 2711 5304 1),
2743 5243 2796 5290 et
2837 5236 2904 5291 de
2941 5251 3001 5291 ea
3033 5237 3257 5292 multum
3286 5238 3649 5307 disseruisset,

2082 5332 2206 5378 tunc
2225 5324 2391 5379 dixit:
2423 5324 2491 5379 Et
2529 5325 2743 5381 Verbum
2768 5344 2887 5382 caro
2914 5330 3102 5398 factum
3130 5338 3218 5393 est,
3252 5338 3303 5384 et.
3337 5330 3576 5385 habitavit
3603 5349 3657 5386 in

2080 5414 2244 5468 nobis;
2285 5414 2437 5481 Quod
2480 5414 2526 5469 si
2554 5430 2712 5471 secus
2754 5430 2818 5472 ac
2861 5418 3040 5472 caeteri
3086 5420 3343 5491 evangelii
3373 5420 3658 5491 scriptione

2082 5519 2213 5560 usus
2236 5516 2342 5573 est,
2364 5506 2441 5561 sic
2456 5520 2666 5576 quoque
2691 5521 2935 5578 magnam
2964 5508 3101 5563 inter
3127 5509 3270 5579 ipsos
3289 5511 3633 5568 ostenditcon
3650 5541 3673 5552 -

2085 5595 2409 5650 sensionem.
2433 5596 2499 5650 Et
2525 5596 2816 5666 quomodo,
2846 5598 3073 5668 inquies,
3119 5598 3277 5655 fuerit
3313 5600 3505 5657 rationi
3530 5618 3663 5659 cou—

2085 5693 2419 5753 sentaneum,
2441 5695 2499 5741 ut
2526 5688 2596 5742 sit
2618 5689 2671 5742 in
2691 5702 2777 5752 eo,
2804 5689 2944 5759 quod
2967 5699 3045 5743 est
3070 5693 3415 5771 contrarium,
3437 5708 3661 5754 consen-

2153 5796 2170 5828 ι
2207 5801 2308 5847 Duo
2332 5804 2456 5859 nss.,
2481 5795 2611 5849 ειοσ.
2634 5798 2796 5851 Lectio
2815 5798 3047 5852 ttebratca
3071 5808 3147 5852 est
3162 5780 3336 5881 quint
3366 5785 3563 5879 επιάκ.
