4030 6394
408 351 512 407 ιεδδ

404 468 519 522 sio?
546 467 625 520 Au
659 464 853 530 nescis,
882 460 1022 533 quod
1053 458 1337 512 comedere
1366 463 1626 526 repugnat
1663 453 1712 508 ei
1743 450 1883 522 quod
1912 459 1995 504 est

405 573 512 614 non
543 556 846 618 comedere,
880 562 934 607 et
964 551 1146 606 bibere
1175 549 1222 603 ei
1271 548 1408 616 quiod
1454 555 1536 602 est
1567 561 1671 599 non
1703 543 1908 609 bibere,
1941 551 1997 598 ct

403 649 533 703 dare
557 648 605 702 ei
633 646 771 716 quod
805 653 886 699 est
912 659 1016 697 non
1040 642 1200 696 dare?
1226 641 1379 708 Smpe
1400 647 1576 692 autem
1609 636 1848 690 medicus
1863 649 1986 705 quo-

403 754 508 809 que
549 738 713 793 multa
757 736 882 790 facit
921 732 1207 804 ejusmodi,
1243 746 1347 785 non
1396 745 1575 784 secum
1610 741 1869 797 pugnans,
1901 724 1995 780 sed

404 833 503 887 sibi
531 831 682 885 valde
713 828 1088 884 consentiens:
1121 841 1281 877 unum
1311 823 1454 877 enim
1483 821 1582 874 sibi
1616 820 1771 874 linem
1805 832 1999 887 propo-

405 927 502 988 nit,
532 924 716 994 a'groti
748 921 1056 976 sanitatem.
1108 917 1220 971 lloc
1265 917 1434 986 ipsum
1463 915 1622 968 etiam
1659 913 1904 966 nsuvenit
1944 911 1994 964 in

403 1015 766 1085 cvangelistis.
798 1013 929 1066 Nam
960 1019 1121 1065 testas
1165 1023 1378 1078 quoque
1405 1015 1487 1060 est
1519 1005 1677 1059 hiemi
1703 1003 1992 1066 contraria,

403 1107 470 1161 ad
510 1123 673 1161 unum
708 1116 884 1158 tamen
915 1102 1131 1172 respicit
1178 1101 1358 1161 linem,
1391 1096 1769 1167 perfectionem
1797 1103 1852 1150 et
1881 1109 1996 1147 ma-

404 1200 674 1252 turitatem
703 1195 987 1250 fructuum.
1007 1192 1127 1247 Jam
1155 1206 1281 1244 vero
1306 1190 1581 1242 universus
1603 1201 1816 1256 quoque
1841 1200 1997 1239 mun-

403 1290 505 1343 dus
533 1297 742 1343 conStat
764 1302 826 1341 ex
854 1285 1158 1339 contrariis.
1183 1281 1274 1335 sed
1305 1282 1528 1334 nmltnm
1555 1279 1621 1332 ad
1651 1278 1774 1331 vita:
1799 1285 1997 1330 nostra:

403 1396 558 1435 usum
584 1393 904 1434 consensum
928 1374 1180 1430 ostendit.
1204 1373 1504 1440 Quinetiam
1525 1369 1764 1424 Christus
1786 1381 1997 1438 quoque

403 1475 484 1526 via
515 1472 704 1526 Joanni
731 1473 996 1525 contraria
1028 1466 1299 1537 ingreSsns
1325 1474 1425 1518 cst.
1457 1462 1548 1516 llle
1573 1461 1716 1516 enim
1743 1459 1994 1515 comede-

401 1567 514 1632 bat,
537 1564 621 1618 hic
637 1578 762 1617 vero
783 1576 887 1614 non
907 1558 1238 1614 comedebat.
1269 1555 1413 1610 Venit
1431 1556 1594 1620 enim,
1620 1554 1807 1624 inquit,
1829 1553 1996 1607 Joan-

401 1677 508 1722 nes,
538 1672 698 1728 neque
739 1652 1024 1715 comedens,
1067 1666 1224 1720 neque
1261 1648 1448 1710 bibens,
1485 1657 1532 1701 et
1561 1647 1755 1710 dicunt,
1787 1645 1995 1700 Damio-

401 1754 542 1805 nium
569 1753 734 1805 habet.
775 1746 921 1803 Venit
948 1741 1112 1798 Filius
1139 1742 1355 1796 hominis
1377 1741 1545 1794 bibens
1565 1750 1610 1792 et
1641 1741 1926 1805 comedens,
1949 1748 1997 1792 et

401 1833 596 1912 dicunt,
629 1843 760 1898 Ecce
781 1844 930 1897 homo
949 1855 1125 1901 vorax,
1147 1847 1191 1890 ct
1210 1838 1309 1890 vini
1331 1844 1476 1903 potor
1498 1833 1648 1905 (Luc.
1681 1834 1731 1886 7.
1757 1833 1844 1887 55.
1879 1833 1990 1902 δι).

403 1938 508 1993 Sed
539 1935 652 1990 ‘etsi
697 1944 851 1990 erant
893 1949 1012 2002 qua:
1058 1929 1260 1986 liebant
1301 1926 1590 1991 contraria,
1619 1939 1784 1979 unum
1815 1932 1993 1978 tamen

402 2034 562 2085 linem
594 2028 971 2099 respiciebant,
1005 2040 1197 2093 nempe
1228 2036 1436 2087 eorum,
1484 2020 1572 2094 qui
1620 2033 1815 2088 sagena
1845 2025 1999 2072 erant

400 2121 665 2190 capiendi,
699 2119 946 2172 salutem.
997 2117 1071 2170 lta
1116 2117 1275 2170 etiam
1322 2115 1409 2168 hic
1451 2111 1583 2166 ordo
1622 2109 1916 2166 divinitatis
1945 2117 1999 2162 et

403 2213 652 2267 humana:
691 2219 954 2280 susceptae
1003 2217 1225 2272 natum,
1265 2207 1364 2261 etsi
1395 2221 1552 2260 secus
1579 2221 1640 2260 ac
1666 2205 1733 2259 ab
1759 2201 1901 2267 aliis,
1931 2201 1998 2255 ab

399 2305 606 2359 Joanne
651 2303 988 2358 introductus
1023 2309 1128 2368 est,
1175 2300 1224 2353 id
1270 2309 1446 2354 tamen
1489 2301 1566 2354 eis
1594 2299 1751 2354 valde
1794 2310 2036 2353 convc-.

400 2398 612 2450 nienter
642 2395 836 2450 factum
863 2403 966 2450 est.
994 2395 1061 2448 Et
1089 2391 1379 2463 quomodo,
1421 2393 1593 2446 dicam
1627 2407 1743 2462 ego.
1777 2391 1909 2460 Quia
1942 2393 1994 2446 in

403 2487 666 2556 principio
695 2485 910 2555 quidem
939 2500 1060 2539 cum
1105 2499 1284 2538 sermo
1313 2483 1546 2537 nondum
1577 2493 1720 2538 esset
1745 2483 1996 2539 dissemi-

402 2589 579 2647 natus,
622 2589 1042 2634 cousentaneum
1073 2588 1189 2632 erat
1216 2577 1415 2632 versari
1461 2577 1512 2630 in
1560 2577 1872 2647 explicanda
1901 2578 1998 2632 hu-

405 2670 682 2734 inanitate,
706 2677 761 2724 et
787 2670 856 2724 de
883 2684 1044 2722 carne
1073 2667 1368 2722 doctrinam
1397 2667 1626 2736 aperire,
1654 2685 1684 2723 a
1711 2667 1996 2723 crassiori-

403 2763 506 2816 bus
547 2770 610 2815 et.
645 2761 928 2815 sensilibus
956 2761 1213 2815 ducentes
1242 2760 1549 2825 exordium;
1583 2759 1676 2816 sed
1719 2772 1996 2832 postquam

405 2852 706 2908 introducta
735 2853 903 2907 fuerat
931 2853 1174 2917 scientia,
1203 2862 1255 2907 et
1279 2853 1715 2923 praedicationem
1741 2853 1848 2922 jam
1880 2869 1998 2910 sus-

403 2952 678 3012 ceperant,
710 2954 826 2999 erat
855 2945 1109 3014 deinceps
1149 2953 1358 3013 tempus
1383 2954 1740 3014 opportunum
1768 2961 1795 2998 a
1830 2946 1998 3002 subli-

403 3035 662 3090 mioribus
689 3035 968 3090 inchoandi
1000 3038 1074 3105 (l.
1121 3035 1238 3091 Cor.
1283 3037 1336 3091 5.
1370 3037 1444 3106 ί).
1477 3036 1838 3103 Quamobrem
1870 3053 1997 3108 pro-

404 3126 580 3196 pheta:
607 3142 818 3197 quoque
846 3128 888 3180 si
921 3128 1133 3197 quando
1160 3128 1224 3182 de
1248 3143 1314 3182 eo
1342 3127 1630 3194 disserunt,
1654 3128 1722 3184 ab
1753 3129 1998 3186 humana:

403 3226 610 3271 natura:
654 3219 997 3286 susceptione
1029 3219 1306 3286 incipiunt,
1356 3227 1411 3273 et
1451 3218 1728 3273 exordium
1776 3219 1997 3280 ducunt.

404 3308 540 3363 Vide
567 3310 744 3377 itaque
769 3309 1038 3380 quomodo
1064 3309 1313 3364 Michmas
1338 3310 1406 3364 ab
1436 3310 1619 3364 intimo
1654 3311 1864 3366 orditur
1887 3331 1900 3367 :
1931 3312 1997 3366 Et

405 3407 482 3464 tu,
513 3397 784 3464 Bethleem,
812 3411 945 3453 terra
961 3396 997 3452 J
1003 3400 1122 3464 uda,
1149 3417 1462 3471 nequaquam
1487 3417 1538 3455 es
1560 3401 1765 3454 minima
1785 3402 1836 3455 in
1859 3404 2002 3471 prin-

405 3493 600 3563 cipibus
628 3492 802 3546 Judte.
847 3492 932 3546 Ea:
980 3503 1026 3546 te
1071 3495 1205 3545 enim
1249 3493 1373 3546 mihi
1415 3493 1698 3564 egredietur
1744 3494 1868 3561 dux,
1915 3495 2001 3564 qui

405 3593 574 3652 pascet
603 3584 848 3652 pupulum
874 3600 1039 3636 meum
1078 3582 1244 3636 Israel
1273 3583 1456 3651 (Mich.
1499 3584 1553 3638 5.
1598 3584 1673 3654 2).
1705 3585 1864 3654 Atqui
1894 3603 1999 3640 non

405 3685 521 3730 erat
549 3676 802 3730 divinitas
833 3693 894 3730 ex
940 3676 1234 3742 Bethleem,
1277 3677 1369 3730 sed
1399 3693 1548 3730 caro.
1590 3677 1695 3732 Sed
1737 3694 1840 3732 non
1876 3695 1996 3747 per-

403 3769 597 3824 mansit
618 3768 668 3821 in
690 3767 789 3823 hoc
806 3769 940 3835 solo,
967 3769 1061 3822 sed
1088 3769 1152 3822 ad
1183 3769 1519 3824 dLvinitatem
1547 3771 1706 3825 etiam
1739 3771 1997 3837 ascendit,

405 3859 623 3915 dicens:
650 3860 714 3913 Et
731 3877 959 3931 egressus
983 3863 1092 3932 ejus
1118 3861 1180 3914 ab
1198 3861 1340 3914 initio
1367 3878 1430 3916 ea:
1450 3861 1624 3915 diebus
1647 3864 1823 3917 steculi
1841 3862 1997 3935 (1b.).

405 3950 474 4004 Et
505 3966 687 4006 rursus
719 3951 912 4005 Isaias:
947 3952 1074 4006 Ecce
1103 3954 1241 4023 virgo
1271 3954 1320 4006 in
1352 3964 1492 4006 utero
1521 3955 1786 4024 concipiet,
1818 3965 1863 4008 et
1908 3973 1999 4026 pa-

405 4043 499 4094 riet
528 4043 712 4109 ﬁlium,
743 4052 789 4094 et
820 4042 1065 4095 vocabunt
1084 4060 1265 4096 nomen
1295 4045 1402 4107 ejus
1433 4044 1755 4111 Emmanuel,
1779 4047 1915 4116 quod
1930 4056 2000 4101 est

405 4136 810 4202 interpretatum,
863 4133 1144 4188 Nobiscum
1194 4134 1333 4188 Dens
1375 4133 1529 4204 (lsai.
1577 4137 1629 4190 7.
1681 4136 1793 4206 ιι).
1843 4137 2001 4192 Vides

407 4222 675 4295 quomodo
707 4225 752 4278 is
775 4240 986 4294 quoque
1021 4239 1052 4278 a
1092 4239 1255 4281 carne
1295 4226 1532 4281 ascendit
1559 4226 1628 4282 ad
1668 4227 1999 4284 divinitatem

412 4318 624 4389 (Matth.
657 4322 706 4373 1.
749 4319 882 4389 25)?
921 4319 986 4373 Et
1019 4334 1204 4373 rursus
1235 4318 1360 4373 alibi
1387 4319 1666 4374 considera
1696 4320 1800 4375 hoc
1827 4322 1998 4392 ipsum

407 4411 476 4464 al)
504 4427 568 4465 eo
595 4409 756 4464 fuisse
779 4410 974 4464 factum
995 4426 1008 4462 :
1033 4410 1160 4464 dicit
1187 4411 1330 4465 enim
1353 4426 1368 4464 :
1403 4409 1617 4466 I’uellus
1641 4422 1787 4468 natus
1812 4423 1883 4467 est
1910 4430 2004 4468 no-

409 4502 483 4554 bis
513 4502 676 4569 ﬁlius,
709 4511 755 4556 et
783 4501 934 4555 datus
960 4511 1033 4556 est
1050 4502 1212 4566 nobis,
1236 4510 1280 4555 et
1300 4512 1511 4555 vocatur
1537 4518 1718 4557 nomen
1737 4506 1870 4574 ejus,
1900 4521 2002 4556 ma-

409 4595 494 4661 qni
511 4595 707 4647 consilii
723 4593 954 4663 angelus,
981 4593 1297 4648 admirabilis
1312 4593 1656 4660 consiliarius,
1681 4594 1814 4650 Deus
1832 4596 1996 4666 fortis,

411 4695 608 4754 potens,
641 4685 878 4753 princeps
907 4686 1066 4752 pacis,
1100 4694 1243 4754 pater
1265 4687 1425 4756 futuri
1454 4687 1626 4740 seculi
1649 4685 1802 4755 (lsai.
1832 4687 1886 4742 9.
1917 4688 1997 4757 6).

412 4774 574 4830 Vides
597 4773 866 4844 quomodo
883 4790 1066 4828 rursus
1087 4790 1118 4828 a
1146 4791 1310 4844 puero
1333 4777 1616 4846 carnisque
1638 4779 1995 4848 susceptione,
2083 4786 2090 4796 '

411 4868 569 4925 veluti
594 4883 688 4936 per
712 4866 971 4937 quosdam
995 4867 1191 4937 gradus
1221 4869 1540 4934 ascendens,
1565 4871 1704 4924 sisuit
1726 4872 1776 4924 in
1808 4873 2002 4926 divini-

409 4963 575 5018 tate‘.
611 4961 686 5016 Ita
729 4961 889 5016 etiam
931 4961 1091 5014 Pater
1129 4962 1243 5030 ejus
1283 4962 1525 5032 cognitus
1554 4973 1636 5018 est
1676 4966 1902 5032 primum
1935 4982 1997 5020 ex

407 5055 689 5111 creaturis.
724 5051 1008 5107 lnvisibilia
1036 5054 1176 5107 enim
1203 5055 1330 5121 ejus,
1359 5054 1530 5124 inquit
1558 5054 1772 5121 Paulus,
1797 5073 1827 5109 a
1857 5074 1999 5110 crea-

407 5150 543 5200 tione
575 5146 751 5199 mundi
779 5145 1012 5215 operibus
1046 5143 1301 5198 intellecta
1328 5146 1706 5216 conspiciuntur
1737 5145 1909 5216 (Hom.
1947 5149 1996 5200 1.

405 5239 524 5308 20).
578 5238 644 5291 Et
682 5239 800 5291 ideo
837 5237 949 5305 ipse
994 5252 1204 5306 quoque
1249 5237 1480 5306 seipsnm
1512 5252 1654 5306 saipe
1701 5238 1903 5307 cfliugit
1946 5240 1996 5293 in

409 5328 587 5396 specie
607 5328 865 5393 sensibili,
888 5328 1141 5398 paulatim
1173 5328 1405 5382 eveheus
1430 5329 1718 5382 humanum
1741 5346 1907 5397 genus
1929 5331 1994 5384 ad

412 5418 759 5486 cogitationes
792 5418 1150 5487 incorporeas.
1185 5417 1250 5471 Et
1275 5419 1398 5487 quid
1442 5419 1672 5484 miraris,
1717 5420 1760 5472 si
1806 5421 1857 5473 in
1901 5421 1998 5475 do-

410 5508 672 5576 gmatihns
704 5507 805 5561 hoc
831 5511 1051 5563 consilio
1077 5521 1130 5564 ct
1160 5510 1257 5562 hac
1283 5512 1579 5564 memnomia
1609 5526 1735 5565 usus
1765 5511 1853 5578 sit,
1872 5525 1995 5566 cum

473 5660 489 5689 ¹
527 5666 671 5717 Unus,
695 5660 962 5724 ascendens
983 5674 1069 5724 per
1103 5661 1287 5724 gradus
1333 5662 1456 5712 rotat
1497 5662 1630 5714 circa
1654 5664 1949 5724 divinitatem
1978 5681 1996 5717 :

413 5729 676 5793 quae‘certe
692 5719 852 5793 lectio
875 5719 993 5772 non'
1012 5719 1305 5793 Spernenda,
1329 5733 1380 5773 et
1406 5728 1619 5775 iortassis
1663 5722 1791 5777 Illam
1808 5730 1992 5793 ample-

409 5787 584 5842 cterer,
613 5784 702 5828 nisi
733 5789 881 5828 unum
904 5784 1155 5847 exemplar
1179 5794 1309 5834 esset
1336 5798 1500 5837 contra
1523 5802 1698 5836 omnia.

1193 341 1248 396 S.
1289 337 1567 396 JO.\NNlS
1601 325 2079 393 CilltYSOSTOMl
2121 327 2438 388 AllClllEP.
2481 330 3018 388 CONSTANTINOI’.
3594 327 3692 396 196

2109 451 2160 503 in
2189 450 2471 521 praeceptis
2497 459 2547 504 ct
2582 449 2845 503 mandatis
2874 449 2974 506 hoc
3001 451 3172 519 ipsum
3203 450 3393 506 faciat?
3435 453 3692 519 Quocirca

2105 541 2366 612 propheta
2387 558 2598 611 quoque
2633 543 2709 595 sic
2739 543 2841 597 hoc
2873 544 2922 596 in
2951 542 3070 596 loco
3099 545 3340 598 oratione
3377 561 3504 600 usus
3531 555 3636 612 est,
3660 564 3690 600 a

2105 651 2267 690 carne
2289 635 2356 690 ad
2383 637 2714 691 divinitatem
2738 638 3032 692 ascendens
3054 638 3217 711 (labia
3254 641 3395 693 enim
3421 648 3550 695 sunt
3573 657 3694 697 cars

2105 728 2234 798 nis),
2264 737 2319 783 ει
2354 745 2382 782 a
2409 728 2686 784 divinitate
2715 746 2900 784 rursus
2927 730 2991 783 ad
3015 746 3229 785 carnem
3260 731 3611 799 descendens,
3641 743 3693 788 et

2105 821 2361 875 varietate
2384 822 2640 875 orationis
2657 831 2811 876 utens
2830 823 2894 876 ad
2915 823 3140 877 salutem
3162 824 3690 880 catechumenorum.

2108 911 2344 966 Thronus
2371 922 2504 975 tuus,
2536 911 2700 976 Deus,
2727 915 2777 966 in
2801 914 3042 967 saxulum
3071 914 3267 971 steculi.
3303 915 3576 970 Thronum
3612 919 3697 972 hic

2105 1020 2210 1056 non
2244 1003 2402 1058 modo
2425 1007 2698 1068 thronum,
2729 1005 2822 1059 sed
2849 1021 3066 1075 regnum
3097 1006 3244 1061 dicit.
3279 1007 3372 1062 Hic
3395 1024 3524 1078 ergo
3547 1011 3696 1066 illum

2103 1093 2233 1147 dicit
2256 1104 2538 1160 aeternum,
2567 1095 2690 1148 alibi
2717 1107 2894 1151 autem
2935 1097 3094 1149 etiam
3125 1095 3325 1151 altum:
3369 1097 3486 1152 Vidi
3527 1099 3693 1164 enim,

2106 1187 2296 1255 inquit,
2344 1186 2614 1240 Dominum
2664 1189 2916 1241 sedentem
2962 1206 3114 1257 super
3163 1189 3399 1243 thronum
3439 1192 3697 1245 excelsum

2107 1276 2258 1346 (lsai.
2288 1277 2340 1332 6.
2371 1277 2446 1348 1).
2475 1277 2543 1332 Et
2587 1294 2790 1342 rursus,
2827 1279 3079 1344 Quoniam
3103 1281 3239 1334 altus
3268 1282 3478 1336 thronus
3521 1293 3634 1338 tuus
3653 1287 3695 1338 ³.

2105 1369 2256 1422 Alius
2300 1383 2513 1440 quoque
2566 1370 2823 1440 propheta
2875 1371 3008 1425 vidit
3049 1387 3169 1426 eum
3214 1372 3488 1428 sedentem
3535 1389 3690 1446 stipes

2105 1463 2356 1518 thronum
2409 1463 2593 1533 gloria:
2625 1463 2786 1533 (Dan.
2812 1465 2864 1518 7.
2894 1463 2964 1536 9)
2993 1483 3006 1517 :
3036 1464 3200 1518 David
3246 1476 3421 1520 autem
3461 1467 3700 1522 ostendit

2105 1554 2264 1608 etiam
2306 1553 2552 1609 thronum
2605 1555 2980 1610 humanitatis:
3009 1555 3363 1611 Misericordia
3411 1559 3575 1624 enim,
3609 1559 3696 1613 in-

2104 1650 2238 1720 quit,
2290 1659 2336 1704 et
2370 1650 2626 1722 judicium
2667 1651 2908 1704 correctio
2944 1652 3111 1704 throni
3135 1653 3246 1722 ejus
3283 1650 3452 1722 (Psal.
3479 1653 3578 1709 96.
3610 1653 3694 1722 2).

2177 1741 2231 1796 9.
2267 1741 2390 1796 llazc
2415 1742 2593 1797 omnia
2628 1743 2695 1798 de
2724 1742 2841 1813 ejus
2866 1758 3031 1814 regno
3062 1744 3199 1799 dicta
3231 1755 3380 1809 sunt,
3413 1745 3555 1815 quod
3585 1746 3697 1801 sei-

2105 1835 2228 1890 licet
2260 1834 2365 1890 fine
2394 1844 2577 1891 careat
2597 1835 2725 1906 (hoc
2748 1837 2890 1892 enim
2919 1845 3020 1901 est,
3052 1833 3120 1890 In
3162 1835 3405 1892 steculum
3431 1840 3606 1891 stecuti
3629 1840 3646 1908 )
3676 1868 3694 1904 -,

2103 1927 2246 1998 quod
2280 1927 2350 1982 sit
2375 1929 2701 1998 gloriosum,
2735 1928 2874 1997 quod
2904 1927 3197 1994 excelsum,
3239 1930 3381 1999 quod
3430 1940 3617 1999 potens
3643 1941 3700 1985 et

2105 2021 2358 2076 validum.
2396 2023 2599 2076 Rursus
2629 2023 2770 2092 quod
2814 2023 2883 2076 sit
2929 2037 3122 2090 expers
3158 2023 3438 2092 principii,
3483 2025 3700 2093 quando

2107 2113 2258 2180 dicit,
2276 2112 2502 2184 Regnum
2539 2124 2702 2178 luunt,
2723 2132 2933 2185 regnum
2957 2115 3183 2168 omnium
3207 2118 3507 2170 swculorum
3521 2116 3697 2190 (Psal.

2109 2208 2372 2277 “4.13).
2423 2208 2880 2274 Quemadmodum
2930 2217 3106 2262 autem
3151 2208 3371 2262 thronus
3418 2219 3502 2264 est
3549 2211 3699 2279 regni

2106 2300 2339 2368 signum,
2373 2301 2441 2352 ita
2471 2301 2629 2354 etiam
2663 2301 2828 2368 virga,
2860 2311 2914 2354 ct
2968 2301 3135 2369 regni,
3184 2309 3238 2354 et
3287 2301 3698 2369 jnrisdicti'onis.

2105 2390 2171 2448 Et
2201 2391 2320 2445 ideo
2345 2390 2473 2446 dicit
2500 2410 2510 2443 :
2553 2390 2711 2461 Virga
2755 2392 3066 2459 dirertionis,
3099 2391 3239 2462 virga
3271 2392 3410 2458 regni
3436 2392 3532 2444 tui.
3570 2393 3698 2446 Cia-

2104 2500 2220 2539 rum
2275 2483 2419 2540 enim
2473 2483 2578 2537 illic
2627 2492 2708 2537 cst
2751 2484 2890 2552 quod
2938 2483 3138 2551 justum
3187 2494 3301 2548 est,
3361 2483 3561 2538 clarum
3615 2494 3702 2539 est

2104 2580 2355 2650 quodest
2398 2589 2626 2643 rectum,
2679 2579 2809 2632 nihil
2869 2579 2976 2632 illic
3024 2579 3413 2633 adumbratum.
3462 2580 3702 2636 Audiant

2105 2675 2192 2745 qui
2231 2675 2522 2742 insaniunt,
2551 2684 2604 2730 et
2640 2683 2817 2730 mente
2845 2673 3021 2746 capti;
3057 2674 3162 2726 imo
3203 2689 3332 2728 vero
3359 2675 3444 2745 qui
3473 2683 3596 2728 sunt
3619 2675 3702 2732 eis

2103 2767 2422 2822 deteriores.
2458 2767 2684 2835 Quinam
2704 2778 2880 2824 autem
2903 2777 3028 2824 sunt
3056 2768 3110 2822 hi
3130 2767 3152 2820 ?
3174 2767 3275 2835 Qui
3301 2767 3533 2822 divinam
3569 2785 3696 2838 pro-

2102 2859 2395 2914 videntiam
2440 2859 2858 2930 reprehendunt,
2889 2869 2944 2915 et
2968 2861 3155 2915 dicunt
3188 2879 3201 2916 :
3230 2862 3336 2916 Cur
3361 2861 3538 2919 hocet
3569 2861 3699 2920 illud

2103 2951 2181 3005 sic
2204 2951 2398 3006 factum
2431 2952 2855 3019 est?Quomodo
2876 2954 3017 3007 enim
3043 2970 3148 3008 non
3179 2954 3490 3020 absurdum,
3523 2964 3580 3011 ut
3603 2958 3698 3027 qni

2106 3042 2256 3098 fabro
2280 3045 2495 3114 quidem
2522 3045 2743 3111 assidet,
2785 3054 2838 3099 et
2875 3045 3014 3114 ligna
3048 3047 3380 3117 frangentem
3425 3059 3479 3104 et
3504 3065 3698 3107 secans

2106 3146 2212 3192 tem
2254 3139 2668 3208 contemplatur,
2705 3137 2774 3192 ab
2814 3153 2880 3192 eo
2926 3139 3186 3193 rationem
3245 3156 3353 3196 non
3409 3141 3696 3212 exigat;et

2103 3231 2230 3285 dum
2263 3231 2504 3286 medicus
2532 3231 2726 3286 scindit
2751 3241 2804 3287 ct
2828 3233 2933 3286 urit
2972 3246 3189 3287 carnem
3219 3275 3235 3294 .
3277 3242 3332 3288 et
3372 3235 3424 3289 in
3462 3235 3692 3291 domun-

2105 3324 2226 3377 cnla
2251 3331 2507 3392 aegrotum
2551 3323 2793 3390 includit,
2839 3333 2891 3377 et
2937 3324 3072 3378 fame
3097 3325 3382 3390 excruciat,
3419 3343 3518 3382 nec
3561 3325 3703 3382 ullus

2105 3414 2451 3479 adstantium,
2494 3430 2592 3470 nec
2639 3417 2756 3484 ipse
2797 3418 2884 3485 qui
2934 3413 3162 3484 laborat,
3210 3419 3276 3474 de
3329 3419 3392 3473 iis
3417 3436 3536 3490 qua:
3568 3423 3704 3478 litiut

2105 3507 2315 3561 enriose
2355 3508 2667 3577 investigat;
2713 3517 2766 3562 et
2795 3509 2920 3563 dum
2947 3511 3272 3580 gubernator
3296 3513 3466 3567 tendit
3494 3514 3697 3582 funem,

2109 3599 2391 3667 velumque
2419 3609 2473 3652 et
2515 3599 2744 3654 intendit
2787 3610 2842 3656 et
2873 3615 3058 3656 rursus
3087 3603 3340 3667 remittit,
3369 3614 3421 3659 ct
3447 3607 3594 3658 navis
3624 3607 3704 3660 la-

2109 3697 2220 3744 tcra
2253 3691 2492 3757 inundat,
2536 3707 2693 3746 nemo
2741 3693 2808 3747 sit
2837 3694 3101 3760 curiosus,
3160 3710 3259 3749 nec
3290 3695 3338 3748 in
3372 3707 3692 3766 unoquoque

2081 3782 2298 3836 .bornm
2333 3781 2582 3851 opificum
2615 3784 2847 3852 iuquirat
2875 3795 2928 3838 ct
2957 3785 3280 3850 sciscitetnr,
3315 3786 3407 3840 sed
3451 3794 3621 3841 taceat
3647 3791 3704 3842 cl

2108 3876 2361 3944 quiescat,
2395 3877 2638 3946 quamvis
2671 3877 2701 3929 ii
2731 3877 2783 3930 in
2814 3885 2927 3931 arte
2958 3892 3100 3946 smpe
3125 3891 3344 3946 peccent
3373 3895 3386 3931 :
3420 3879 3486 3934 de
3513 3879 3699 3933 inclia-

2109 3965 2199 4019 ΙιὶΙί
2245 3975 2422 4020 autem
2473 3965 2756 4036 sapientia,
2787 3967 2855 4021 de
2905 3967 3246 4022 inenarrabili
3283 3970 3584 4036 clementia,
3633 3969 3702 4024 de

2109 4058 2314 4112 infinita
2334 4059 2659 4129 providentia
2674 4060 2887 4114 curiose
2909 4059 3174 4128 quispiam
3196 4060 3412 4130 indaget
3435 4061 3702 4128 ?Quaut:e

2111 4153 2226 4207 haec
2278 4167 2382 4206 non
2415 4161 2540 4206 sunt
2582 4152 2842 4206 insaniae?
2886 4151 2953 4206 Et
2974 4167 3127 4221 opem
3169 4152 3382 4222 quidem
3424 4151 3586 4221 ferre,
3619 4147 3701 4207 vel

2111 4245 2364 4314 pecunias
2391 4259 2619 4315 erogare
2648 4259 2744 4314 pro
2784 4243 2868 4308 iis,
2894 4244 3087 4313 quibus
3111 4242 3168 4298 fit
3210 4245 3424 4315 injuria,
3471 4246 3552 4300 vel
3605 4255 3702 4316 pro

2110 4335 2451 4406 pauperibus,
2502 4351 2608 4390 non
2639 4334 2794 4391 facile
2819 4336 3167 4391 inveniuntur
3222 4339 3312 4406 qui
3352 4337 3552 4404 velint;
3582 4348 3703 4408 per-

2110 4440 2269 4498 petuo
2295 4438 2469 4482 autem
2495 4427 2795 4498 inquirunt,
2822 4443 2918 4483 cur
2940 4428 3027 4483 hic
3049 4443 3250 4499 pauper
3274 4473 3288 4496 ,
3317 4446 3412 4484 cur
3433 4426 3521 4485 ille
3549 4441 3703 4485 men-

2107 4521 2280 4586 dicus,
2311 4529 2364 4575 et
2385 4534 2479 4574 cur
2502 4520 2637 4574 alter
2665 4520 2734 4574 sit
2754 4520 2927 4574 dives.
2961 4519 3127 4575 Serve
3155 4537 3382 4590 nequam
3407 4533 3460 4576 et
3479 4519 3699 4588 stolide,

2109 4627 2204 4666 cur
2253 4628 2358 4666 non
2408 4611 2594 4666 oculos
2643 4611 2920 4679 demittis,
2954 4627 3054 4666 nec
3086 4613 3311 4682 teipsum
3350 4614 3698 4680 condemnas,

2108 4717 2208 4756 nec
2236 4701 2388 4756 freno
2416 4702 2608 4772 linguae
2647 4702 2840 4772 injecto
2871 4712 3119 4784 mentem
3134 4711 3275 4757 tuam
3305 4705 3570 4773 repriinis,
3604 4721 3703 4760 nec

2109 4799 2329 4851 mittens
2379 4795 2447 4849 de
2513 4797 2672 4850 tantis
2719 4796 2881 4851 rebus
2928 4795 3138 4850 curiose
3202 4797 3513 4866 inquirere,
3565 4795 3703 4851 hanc

2107 4895 2318 4949 atuiatn
2353 4893 2746 4964 indagationem
2795 4895 2846 4946 in
2895 4902 3038 4947 tuam
3067 4893 3225 4946 vitain
3254 4892 3564 4947 convertis?
3595 4893 3701 4946 Re-

2070 4988 2253 5056 .spice
2278 5004 2338 5042 ea
2367 5003 2485 5057 qua:
2513 4987 2704 5052 fecisti,
2752 4988 3125 5057 respicemarc
3155 4995 3493 5055 peccatorum
3528 5005 3539 5040 :
3573 4994 3627 5039 ct
3657 4987 3699 5041 si

2107 5095 2166 5134 es
2193 5081 2436 5134 curiosus
2464 5090 2515 5134 et
2544 5080 2735 5135 anxius
2789 5079 3090 5149 inquisitor,
3123 5081 3277 5146 exige
3318 5097 3345 5132 a
3383 5082 3552 5150 teipso
3580 5097 3697 5134 ver-

2109 5172 2297 5225 borum
2328 5189 2444 5241 (pne
2476 5171 2613 5226 male
2657 5171 2858 5234 dixisti,
2888 5182 2935 5227 et
2967 5187 3142 5224 rerum
3171 5188 3303 5240 quas
3338 5173 3472 5226 male
3504 5172 3695 5234 fecisti,

2108 5263 2367 5318 rationem
2393 5282 2404 5317 :
2431 5278 2570 5318 nunc
2597 5271 2772 5317 autem
2795 5265 2864 5316 tui
2897 5265 3110 5331 quidem
3143 5267 3305 5333 ipsius
3341 5267 3698 5333 praetermisso

2107 5356 2388 5420 examine,
2430 5356 2552 5410 licet
2596 5356 2708 5409 lucc
2739 5355 2950 5424 quidem
2997 5357 3238 5410 socordia
3278 5357 3592 5424 supplicium
3624 5357 3698 5408 af-

2116 5448 2282 5513 ferat,
2320 5447 2529 5502 curiosa
2558 5457 2735 5501 autem
2769 5447 3035 5516 indagatio
3063 5448 3310 5512 salutem,
3341 5448 3496 5502 sedes
3532 5448 3694 5502 Deum

2172 5607 2187 5637 ⁸
2226 5607 2308 5654 llic
2351 5607 2538 5668 variant
2574 5611 2682 5654 Mss.
2731 5612 2857 5654 Unus
2899 5612 3013 5668 Reg.
3063 5606 3145 5668 sic
3182 5606 3357 5663 habet,
3391 5605 3519 5668 πίπτω
3563 5606 3695 5657 thro-

2104 5680 2224 5726 nus;
2251 5671 2303 5716 et
2324 5666 2440 5738 alibi
2463 5680 2648 5738 rursus.
2674 5669 2921 5738 sedentem
2943 5666 3088 5738 super
3111 5667 3335 5738 thronum
3355 5667 3556 5738 gloria;
3581 5669 3693 5718 alibi

2105 5737 2297 5787 autem,
2336 5727 2682 5791 Misericordia:
2716 5729 2942 5790 plenum;
2974 5727 3545 5791 c'sttsericordia'cnitn,
3567 5747 3589 5776 ι
3621 5744 3694 5782 ιιισ

2109 5794 2230 5856 quit,
2253 5809 2272 5836 «
2294 5798 2339 5842 et
2359 5790 2607 5853 judicium
2632 5791 2863 5842 correctio
2885 5792 3041 5842 throni
3065 5792 3186 5854 ejus.
3215 5807 3237 5838 ι
