4030 6398
367 364 475 420 ιεκ

373 479 576 554 φωνίαν
614 474 792 542 alvu;
831 475 944 532 Οὐκ
978 471 1153 538 οἶσθα,
1183 475 1267 528 δτι
1297 472 1392 527 καὶ
1417 471 1480 526 :6
1519 469 1732 554 ἐσθίειν
1765 467 1844 538 τῷ
1881 467 1958 554 μή

379 549 576 621 ἐσθίειν
606 560 853 616 ἐναντίον
885 559 1020 624 ἐστὶ,
1058 559 1152 613 καὶ
1177 557 1240 610 :6
1267 555 1442 609 πίνειν
1471 553 1549 625 τῷ
1574 553 1648 625 μὴ
1672 551 1870 613 πίνειν,
1899 549 1962 602 :6

379 647 560 703 δοῦναι
581 645 660 716 τῷ
699 643 775 714 μὴ
811 641 1025 709 δοῦναι,
1065 640 1334 704 Πολλάκις
1357 639 1415 693 δὲ
1452 639 1546 692 καὶ
1581 634 1765 706 ἰατρὸς
1791 632 1963 688 πολλὰ

378 731 602 786 τοιαῦτα
635 730 800 790 ποιεῖ,
838 727 934 797 οὐχ
968 723 1144 795 ἐαυτῷ
1179 722 1504 794 μαχόμενος,
1543 719 1684 774 ἀλλά
1706 717 1802 773 καὶ
1831 716 1963 786 σφό-

379 816 484 888 δρα
507 811 832 884 συμφωνῶν·
865 810 1001 880 πρὸς
1037 809 1147 879 γὰρ
1172 806 1234 861 ἐν
1264 807 1369 878 ὁρᾷ
1390 805 1563 870 τέλος,
1595 803 1692 858 τοῦ
1723 802 1960 888 κάμνον-

379 887 474 966 τος
503 901 599 972 τὴν
633 899 839 967 ὑγείαν.
885 895 1054 950 Τοῦτο
1077 895 1140 966 δὴ
1171 894 1266 948 καὶ
1298 893 1524 947 ἐπὶτῶν
1560 887 1962 960 εύαγγελιστῶν

381 986 625 1054 γέγονεν.
680 982 831 1034 Ἐπεὶ
864 981 956 1034 καὶ
993 979 1053 1032 :6
1085 977 1242 1048 θέρος
1275 977 1606 1040 άπεναντίας
1638 975 1733 1028 τοῦ
1761 973 1963 1046 χειμῶ-

383 1075 471 1132 νός
497 1075 662 1136 ἐστιν,
693 1069 826 1124 ἀλλὰ
858 1067 994 1140 πρὸς
1023 1067 1081 1121 ἓν
1121 1066 1306 1138 βλέπει
1343 1065 1515 1130 τέλος,
1547 1063 1648 1135 τὴν
1678 1062 1788 1116 τῶν
1822 1079 1954 1133 καρ-

387 1159 503 1213 πῶν
538 1155 740 1229 ἀκμὴν,
788 1155 882 1208 καὶ
927 1151 1196 1223 εὐθηνίαν.
1263 1151 1371 1204 Kal
1419 1150 1448 1202 6
1479 1149 1684 1219 κόσμος
1719 1147 1867 1211 ἄπας
1899 1145 1958 1212 ἐξ

386 1242 645 1298 ἐναντίων
685 1239 1035 1310 συνέστηκεν,
1079 1235 1212 1288 ἀλλά
1239 1233 1436 1306 πολλὴν
1463 1235 1544 1297 είς
1565 1233 1663 1304 τὴν
1687 1231 1832 1300 ζωὴν
1859 1230 1961 1301 τὴν

382 1327 658 1399 ἡμετέραν
689 1321 1055 1377 ἐπιδείκνυται
1077 1320 1175 1390 τὴν
1212 1317 1550 1399 συμφωνίαν.
1581 1316 1692 1370 Kal
1716 1315 1851 1399 πρὸς
1870 1313 1961 1399 τδν

397 1397 646 1480 Ἰωάννην
667 1407 724 1461 δὲ
753 1403 1082 1466 ἀπεναντίας
1108 1403 1137 1454 6
1165 1401 1398 1474 Χριστὸς
1419 1397 1605 1473 ἦλθεν.
1643 1400 1703 1453 '0
1731 1398 1830 1469 μὲν
1852 1397 1960 1472 γάρ

384 1497 588 1566 ἢσθιεν·
631 1495 660 1547 6
691 1493 748 1546 δέ
774 1491 873 1546 οὐκ
893 1489 1096 1561 ἢσθιεν.
1123 1486 1316 1544 Ἦλθε
1338 1487 1448 1560 γὰρ
1480 1485 1780 1554 Ἰωάννης,
1806 1483 1960 1554 φησι,

381 1581 532 1653 μήτε
549 1581 786 1643 ἐσθίων,
809 1577 964 1648 μήτε
985 1577 1197 1640 πίνων,
1219 1573 1318 1628 καί
1341 1573 1613 1644 λέγουσι·
1648 1571 1963 1653 Δαιμόνιον

383 1651 528 1732 ἔχει.
567 1660 784 1718 Ἦλθεν
829 1664 862 1716 ό
907 1660 1040 1726 Υἱὸς
1078 1657 1185 1712 τοῦ
1232 1657 1547 1726 ἀνθρώπου
1592 1655 1813 1710 ἐσθίων
1863 1651 1963 1706 καί

381 1749 594 1808 πίνων.
627 1746 722 1802 καὶ
753 1747 1058 1814 λέγουσιν,
1098 1741 1255 1795 Ἰδοὺ
1285 1738 1593 1808 ἅνθρωπος
1617 1735 1828 1806 φάγος,
1864 1734 1963 1788 καί

383 1829 722 1896 οἰνοπότης.
781 1826 921 1880 Ἀλλ’
956 1827 1004 1880 εἰ
1039 1824 1136 1878 καὶ
1186 1823 1406 1878 ἐναντία
1449 1817 1517 1894 ἧν
1562 1821 1632 1874 τὰ
1668 1819 1959 1890 γινόμενα,

382 1919 500 1971 ἀλλ’
553 1917 702 1986 ὅμως
751 1914 886 1985 πρὸς
928 1913 984 1966 ἓν
1039 1911 1236 1966 ἐϐλεπε
1281 1909 1456 1976 τέλος,
1506 1907 1616 1960 τῶν
1663 1907 1964 1978 μελλόντων

386 1999 781 2074 σαγηνεύεσθαι
825 1999 926 2070 τὴν
964 1995 1256 2068 σωτηρίαν.
1305 1993 1462 2048 Οὕτω
1503 1991 1569 2063 δὴ
1611 1992 1704 2044 καὶ
1737 1993 1770 2062 ἡ
1809 1989 1964 2057 τάξις

384 2090 526 2160 αὕτη
557 2092 590 2160 ἡ
625 2088 752 2159 περὶ
785 2087 882 2158 τῆς
914 2083 1168 2156 θεότητος
1205 2085 1300 2137 καὶ
1335 2081 1464 2153 περὶ
1500 2079 1600 2150 τῆς
1631 2078 1962 2150 οἰκονομίας,

384 2177 432 2228 εί
457 2174 552 2228 καί¹
583 2171 912 2234 ἀπεναντίας
935 2170 1046 2232 τοῖς
1075 2166 1255 2230 ἄλλοις
1285 2165 1477 2236 γέγονε
1505 2162 1660 2235 παρά
1691 2161 1962 2225 Ἰωάννου,

383 2255 500 2308 ἀλλ’
530 2255 679 2326 ὅμως
711 2254 918 2324 σφόδρα
947 2249 1256 2322 συμφώνως
1287 2249 1489 2310 αὐτοῖς.
1522 2245 1639 2300 Kal
1666 2245 1784 2326 πῶς
1803 2286 1818 2310 ,
1855 2243 1972 2315 ἐγώ

387 2337 548 2407 λέγω.
569 2325 709 2390 ν”υτι
743 2336 896 2408 παρά
931 2335 1030 2406 μὲν
1073 2333 1172 2404 τὴν
1203 2331 1377 2404 ἀρχὴν
1415 2329 1627 2384 οὐδέπω
1670 2325 1764 2380 τοῦ
1807 2326 1965 2395 λόγου

385 2421 686 2493 σπαρέντος
706 2432 756 2482 ι,
787 2417 1080 2474 ἀκόλουθον
1102 2413 1171 2489 ἦν
1207 2414 1287 2486 τῷ
1311 2414 1413 2485 τῆς
1453 2410 1766 2484 οἰκονομίας
1793 2411 1967 2464 ἐνδια-

381 2503 595 2576 τρίϐειν
621 2503 784 2574 λόγῳ,
817 2501 914 2556 καὶ
961 2503 1092 2572 περὶ
1129 2499 1229 2571 τὴν
1276 2498 1379 2570 τῆς
1418 2495 1624 2568 σαρκὸς
1666 2493 1966 2566 γυμνάζειν

381 2586 750 2651 διδασκαλίαν,
774 2585 882 2638 ἀπὸ
898 2583 1007 2637 τῶν
1033 2583 1356 2654 παχυτέρων
1379 2579 1476 2636 καὶ
1497 2579 1770 2650 αἰσθητῶν
1791 2593 1968 2648 προοι-

389 2669 748 2741 μιαζομένους
768 2685 782 2700 ·
817 2667 1004 2738 ἐπειδὴ
1032 2667 1090 2720 δὲ
1122 2667 1302 2737 ἐπάγη
1347 2665 1416 2720 τά
1442 2665 1542 2734 τῆς
1571 2661 1844 2732 γνώσεως,
1872 2661 1968 2714 καὶ

387 2753 635 2820 ἐδέξαντο
662 2751 722 2805 :6
750 2752 1032 2822 κήρυγμα,
1057 2748 1243 2803 λοιπὸν
1267 2745 1524 2818 εὔκαιρον
1545 2742 1613 2818 ἦν
1640 2744 1848 2801 ἀνωθεν
1869 2743 1969 2816 ἀρ-

387 2835 598 2906 χεσθαι.
644 2835 742 2889 Διά
791 2833 952 2888 τοῦτο
1012 2834 1104 2887 καὶ
1149 2833 1200 2885 οί
1235 2831 1548 2904 προφῆται,
1589 2828 1804 2882 εἴποτε
1842 2827 1970 2898 περὶ

387 2919 556 2974 αὐτοῦ
583 2919 944 2988 διαλέγονται,
975 2915 1084 2970 ἀπὸ
1111 2915 1212 2986 τῆς
1233 2914 1544 2984 οἰκονομίας
1571 2911 1848 2966 ποιοῦνται
1872 2910 1969 2982 τὴν

389 3005 590 3076 ἀρχὴν,
633 3005 728 3058 καὶ
755 3003 824 3058 τά
853 3001 1136 3074 προοίμια.
1179 3001 1324 3071 Ὅρα
1353 2998 1483 3068 γοῦν
1517 3000 1546 3052 6
1581 2997 1820 3068 Μιχαίας
1857 2995 1972 3060 πῶς

392 3087 636 3143 κάτωθεν
659 3089 904 3160 ἄρχεται·
937 3087 1044 3140 Καὶ
1079 3084 1183 3151 σὺ,
1205 3082 1476 3152 Βηθλεὲμ
1507 3079 1581 3152 τῆ
1615 3080 1832 3146 Ἰούδα,
1875 3082 1974 3136 οὐ-

378 3172 594 3240 λΐαμῶς
641 3171 936 3240 ἐλαχίστη
993 3165 1050 3223 εἷ
1104 3168 1176 3222 ἐν
1231 3166 1357 3232 τοῖς
1403 3165 1697 3236 ’ἡγεμόσιν
1755 3163 1970 3218 Ἰούδα.

413 3257 513 3308 Ἐκ
548 3255 660 3310 σοῦ
687 3253 800 3325 γάρ
835 3271 940 3324 μοι
969 3252 1354 3317 ἐξελεύσεται
1405 3250 1766 3318 ἡγούμενος,
1803 3247 1974 3311 ὅστις

400 3337 673 3406 ποιμανεῖ
693 3338 803 3390 τὸν
844 3336 1000 3391 λαόν
1025 3353 1144 3405 μου
1179 3333 1284 3387 τὸν
1313 3331 1583 3402 Ἰσραήλ.
1637 3331 1829 3386 Καίτοι
1875 3329 1975 3400 οὐχ

394 3425 428 3492 ἡ
467 3423 655 3493 θεότης
704 3417 774 3491 ἦν
810 3420 920 3474 ἀπὸ
955 3420 1058 3491 τῆς
1089 3418 1370 3490 Βηθλεὲμ,
1400 3417 1514 3471 ἀλλ’
1557 3418 1591 3486 ἡ
1630 3416 1784 3488 σάρξ.
1837 3414 1973 3468 Ἀλλ’

396 3506 498 3558 οὐκ
518 3503 815 3572 ἐναπέμενε
836 3501 1008 3572 τούτῳ
1038 3501 1204 3573 μόνῳ,
1234 3499 1370 3554 ἀλλά
1397 3501 1489 3553 καὶ
1515 3497 1680 3568 ἀνέϐη
1711 3497 1848 3569 πρὸς
1875 3498 1974 3565 τὴν

397 3581 646 3651 θεότητα,
680 3581 874 3648 λέγων·
901 3579 1016 3634 Καὶ
1047 3581 1086 3648 η
1117 3577 1330 3643 ἔξοδος
1353 3579 1380 3618 ι)
1406 3575 1593 3632 αὐτοῦ
1637 3577 1738 3630 ἀπ’
1779 3574 1975 3644 ἀρχῆς

394 3663 466 3727 ἐξ
497 3662 731 3733 ἡμερῶν
759 3663 1001 3730 αἰῶνος.
1047 3663 1159 3716 Kal
1207 3663 1236 3716 6
1295 3661 1524 3723 Ἡσαΐας
1573 3659 1768 3714 πάλινο
1829 3659 1974 3712 Ἰδοὺ

394 3747 433 3814 ἡ
465 3749 760 3814 παρθένος
788 3747 859 3800 ἐν
882 3744 1096 3816 γαστρί
1126 3744 1271 3810 ἔξει,
1304 3744 1403 3798 καί
1435 3741 1664 3807 τέξεται
1691 3743 1844 3804 υἱὸν,
1875 3741 1976 3794 καί

395 3829 732 3884 καλέσουσι
761 3828 828 3883 τὸ
855 3828 1042 3898 ὄνομα
1069 3827 1256 3882 αὐτοῦ
1307 3824 1695 3896 Ἐμμανουήλ
1725 3867 1739 3884 .
1769 3823 1804 3876 ὅ
1844 3824 1976 3877 ἐστι

391 3913 1004 3982 μεθερμηνευόμενον,
1035 3909 1174 3964 Μεθ’
1201 3909 1371 3979 ημῶν
1396 3912 1429 3962 ό
1460 3909 1624 3974 Θεός.
1667 3909 1830 3978 Ὁρᾷς
1859 3906 1975 3975 πῶς

397 3994 492 4048 καὶ
519 3990 672 4058 οὗτος
703 3993 810 4047 ἀπὸ
841 3993 942 4062 τῆς
973 3993 1174 4063 σαρκὸς
1209 3992 1346 4063 πρὸς
1375 3991 1474 4062 τὴν
1513 3989 1741 4061 θεότητα
1785 3989 1972 4058 ἁνέ6η;

396 4077 510 4130 Kal
530 4076 690 4130 πάλιν
709 4075 940 4147 ἀλλαχοῦ
966 4075 1157 4128 σκόπει
1179 4074 1338 4127 τοῦτο
1361 4073 1492 4127 αὐτὸ
1516 4072 1819 4143 γινόμενον·
1843 4071 1976 4140 φησὶ

398 4158 530 4227 γάρ’
557 4157 801 4212 Παιδίον
814 4156 1108 4228 ἐγεννήθη
1130 4156 1296 4226 ἡμῖν,
1329 4156 1457 4222 υίὸς
1477 4155 1574 4210 καί
1604 4154 1784 4222 ἐδόθη
1809 4153 1973 4222 ἡμῖν,

400 4325 682 4393 ἄγγελος,
713 4323 1060 4393 θαυμαστὸς
1097 4323 1478 4392 σύμϐουλος,
1516 4319 1662 4386 Θεὸς
1702 4323 1974 4390 ἰσχυρὸς,

403 4406 824 4475 ἐξουσιαστὴς,
854 4407 1054 4475 ἅρχων
1081 4405 1348 4475 εἰρήνης,
1377 4404 1573 4472 πατὴρ
1595 4403 1702 4457 τοῦ
1717 4404 1978 4474 μέλλον-

401 4509 504 4559 τος
525 4490 755 4558 αίῶνος.
807 4491 971 4562 Ὁρᾷς
1015 4489 1132 4553 πῶς
1161 4489 1320 4542 πάλιν
1349 4487 1460 4543 ἀπὸ
1492 4488 1728 4552 παιδίου,
1762 4487 1978 4558 καὶτῆς

399 4573 541 4629 κατά
564 4573 739 4646 σάρκα
760 4573 1090 4643 οἰκονομίας,
1109 4570 1256 4644 [174]
1274 4571 1563 4642 ῶσπερδιά
1576 4587 1736 4624 τινων
1755 4569 1977 4641 βαθμῶν

404 4657 703 4715 ἀναϐαίνων
734 4657 950 4712 ἵσταται
985 4667 1006 4696 c
1041 4656 1170 4728 περὶ
1196 4654 1296 4728 τὴν
1342 4655 1604 4724 θεότητα;
1638 4654 1794 4708 Οὕτω
1831 4654 1924 4707 καὶ
1949 4657 1977 4708 ό

399 4741 592 4814 Πατὴρ
627 4739 791 4794 αὐτοῦ
830 4739 1137 4812 ἐγνωρίσθη
1174 4739 1282 4793 ἀπὺ
1326 4739 1440 4813 τῆς,
1462 4736 1691 4800 κτίσεως
1740 4736 1974 4807 πρῶτον.

405 4829 482 4882 Τὰ
508 4827 613 4898 γὰρ
641 4827 867 4895 ἀόρατα
911 4825 1120 4892 αὐτοῦ,
1151 4826 1315 4898 φησὶν
1351 4826 1380 4879 6
1415 4823 1659 4888 Παῦλος,
1694 4824 1812 4877 ἀπὸ
1840 4825 1978 4897 ,κτί-

399 4924 554 4974 σεως
583 4910 815 4978 κόσμου
843 4909 968 4975 τοῖς
992 4909 1286 4980 ποιήμασι
1309 4909 1608 4978 νοούμενα
1633 4905 1972 4976 καθορᾶται.

397 4993 499 5047 Διὰ
527 4993 591 5064 δὴ
617 4992 777 5046 τοῦτο
806 4995 901 5048 καί
933 4993 1095 5058 αὐτὸς
1126 4991 1450 5064 σχηματίζει
1493 4991 1753 5056 πολλάκις
1787 4991 1976 5045 ἑαυτὸν

397 5077 480 5138 εἰς
505 5075 764 5146 αἰσθητὴν
793 5075 936 5146 δψιν,
964 5073 1106 5130 κατὰ
1137 5075 1332 5148 μικρὸν
1355 5075 1573 5145 ἀνάγων
1605 5074 1667 5128 :6
1691 5075 1848 5144 γένος
1867 5073 1976 5126 τῶν

395 5157 697 5230 ἀνθρώπων
724 5159 818 5212 ἐπὶ
860 5159 959 5222 τὰς
993 5159 1318 5230 ἀσωμάτους
1363 5158 1592 5223 ἐννοίας.
1615 5159 1727 5210 Καὶ
1761 5157 1816 5210 τί
1844 5156 1977 5212 θαυ-

393 5243 624 5311 μάζεις,
663 5243 714 5295 εἰ
755 5243 850 5296 ἐπὶ
890 5241 1000 5296 τῶν
1037 5241 1322 5312 δογμάτων
1380 5241 1552 5306 οὕτως
1598 5241 1872 5312 ἐχρήσατο
1908 5243 1974 5312 τῇ

402 5326 706 5398 οἰκονομία,
737 5327 872 5382 ὅπου
897 5343 959 5396 γε
990 5325 1085 5380 καὶ
1119 5326 1211 5378 ἐπὶ
1239 5326 1344 5378 τῶν
1374 5325 1854 5398 παραγγελμάτων
1885 5329 1977 5378 καὶ

395 5411 490 5465 ἐπὶ
517 5410 624 5464 τῶν
651 5411 880 5465 ἐντολῶν
905 5408 1040 5464 αὐτὸ
1065 5407 1228 5464 τοῦτο
1256 5411 1434 5474 ποιεῖς
1463 5408 1564 5461 Διὰ
1599 5408 1666 5480 δὴ
1697 5407 1856 5461 τοῦτο
1881 5408 1976 5461 καὶ

456 5628 482 5658 ⁸
507 5628 611 5663 Ποῦ·
653 5642 784 5663 nunc
805 5627 892 5663 Ira:
919 5628 1062 5663 ἍᾹνηη
1086 5629 1270 5663 ᾹέΛυιΡΛρ

456 5628 482 5658 ι
862 5628 888 5638 -
959 5628 970 5642 ν
1124 5629 1137 5646 ν
1251 5647 1270 5663 ρ

395 5751 436 5784 Ἰ
452 5689 490 5769 ιζ
797 5629 1062 5746 ἆῗδοῗῗιυ
1075 5631 1452 5740 ἐὲῗῖτοιῖοηιαηα
1479 5689 1578 5738 τῶν
1599 5692 1642 5739 Ο
1657 5689 1668 5707 '
1689 5689 1874 5752 legitur
1892 5689 1974 5738 καὶ

391 5767 535 5807 εςοοοι
561 5769 732 5802 αυτου.

446 5817 471 5848 ο
493 5815 627 5864 [Inus
646 5813 914 5862 ἀναϐαίνων
931 5813 1142 5864 ῖπταται.

726 5917 991 5976 ΡΑΤιιοι..
1029 5916 1146 5979 Gn.
1196 5917 1324 5981 LV.

1479 351 1850 410 EXPOSITIO
1882 349 1949 406 1N
1991 351 2319 411 PSALMUM
2353 356 2537 412 XLIV.

3543 351 3648 409 {98

2068 470 2097 522 6
2129 474 2414 544 προφήτης
2447 472 2618 535 οὕτως
2660 467 2892 525 ἐνταῦθα
2930 467 3196 540 κέχρηται
3222 467 3300 540 τῷ
3327 467 3469 542 λόγῳ
3493 509 3508 534 ,
3538 471 3648 526 ἀπὸ

2065 555 2167 625 τῆς
2194 557 2394 626 σαρκὸς
2417 557 2510 610 ἐπὶ
2532 555 2630 627 τὴν
2653 554 2882 624 θεότητα
2905 553 3212 607 ἀναϐαίνων
3238 551 3328 622 (τά
3352 553 3462 625 γάρ
3493 555 3646 628 χείλη

2065 643 2165 713 τῆς
2205 645 2406 717 σαρκός
2452 645 2636 710 ἐστι),
2669 643 2763 696 καὶ
2803 641 2913 695 ἀπὺ
2933 641 3034 711 τῆς
3069 640 3324 712 θεότητος
3355 639 3522 697 πάλιν
3551 643 3648 698 ἐπὶ⁸

2065 729 2164 802 τὴν
2198 731 2378 804 σάρκα
2406 729 2702 794 κατελθὼν,
2727 730 2821 784 καὶ
2847 731 2914 801 τῇ
2939 728 3181 801 ποικιλίᾳ
3202 729 3296 784 τοῦ
3321 729 3479 800 λόγου
3509 731 3648 804 πρὸς

2065 813 2164 886 τὴν
2197 815 2304 869 τῶν
2329 814 2752 887 κατηχουμένων
2781 811 3061 884 χρώμενος
3095 813 3388 885 σωτηρίαν.
3427 813 3491 868 Ὅ
3517 815 3650 884 θρό-

2065 915 2172 964 νος
2201 912 2338 963 σου,
2381 901 2414 953 ό
2445 899 2610 965 Θεὸς,
2641 900 2728 964 εἰς
2758 897 2866 950 τὸν
2889 895 3074 949 αἰῶνα
3109 896 3216 950 τοῦ
3243 895 3480 963 αἰῶνος·
3523 897 3650 970 θρό-

2065 1001 2154 1036 νον
2178 981 2412 1038 ἐνταῦθα
2440 983 2501 1037 οὐ
2536 981 2724 1056 θρόνον
2749 980 2936 1046 ἁπλῶς
2975 978 3168 1048 λέγων,
3199 979 3334 1034 ἀλλά
3361 981 3462 1053 τὴν
3491 981 3649 1052 βασι-

2065 1065 2234 1120 λείαν.
2281 1065 2546 1120 Ἐνταῦθα
2585 1065 2684 1137 μὲν
2711 1063 2927 1119 αἰώνιον
2949 1062 3118 1132 λέγει,
3160 1062 3394 1134 ἀλλαχοῦ
3427 1065 3484 1118 δὲ
3511 1065 3652 1136 ὑψη-

2065 1147 2184 1201 λόν’
2222 1145 2407 1203 Εἶδον
2435 1147 2544 1220 γὰρ
2565 1189 2580 1214 ,
2614 1148 2782 1218 φησὶ,
2809 1147 2918 1202 τὸν
2937 1147 3159 1216 Κύριον
3185 1147 3528 1216 καθήμενον
3549 1149 3651 1202 ἐπὶ

2067 1231 2282 1301 θρόνου
2311 1231 2582 1301 ὑψηλοῦ.
2614 1232 2724 1287 Kal
2754 1231 2934 1286 πάλιν·
2976 1231 3106 1284 ’Ὀτι
3129 1229 3152 1268 ά
3190 1230 3432 1298 ὑψηλός
3465 1248 3583 1286 σου
3615 1235 3651 1286 ό

2068 1317 2300 1382 θρόνος.
2348 1317 2462 1370 Kal
2499 1316 2657 1380 ἄλλος
2689 1315 2746 1369 δὲ
2789 1315 3077 1386 προφήτης
3119 1312 3306 1384 βλέπει
3337 1313 3652 1385 καθήμενον

2068 1398 2162 1451 ἐπὶ
2187 1399 2378 1470 θρόνου
2408 1400 2586 1472 δόξης·
2618 1402 2648 1454 6
2686 1399 2744 1454 δὲ
2777 1398 2940 1453 Δαυῒδ
2979 1397 3075 1452 καὶ
3119 1397 3533 1471 φιλανθρωπίας
3558 1399 3652 1453 τὸν

2068 1479 2256 1554 θρόνον
2281 1483 2572 1537 δείκνυσιν·
2597 1485 2801 1550 Ἔλεος
2829 1482 2959 1553 γὰρ,
2981 1483 3135 1553 φησὶ,
3157 1481 3256 1537 καί
3287 1483 3489 1551 κρίσις
3517 1499 3655 1537 κατ-

2067 1567 2320 1633 όρθωσις
2347 1567 2453 1621 τοῦ
2483 1569 2700 1636 θρόνου
2732 1566 2941 1622 αὐτοῦ.

2141 1647 2184 1701 θ’
2197 1689 2210 1701 .
2225 1647 2410 1704 Ταῦτα
2422 1649 2480 1704 δέ
2493 1651 2670 1706 πάντα
2682 1651 2810 1724 περὶ
2824 1651 2922 1721 τῆς
2939 1648 3214 1721 βασιλείας
3237 1647 3400 1704 αὐτοῦ
3413 1650 3533 1724 είρη
3541 1668 3651 1716 ται,

2067 1732 2150 1785 6::
2175 1731 2529 1804 ἀτελεύτητος
2554 1733 2748 1804 (τοῦτο
2765 1733 2872 1804 γάρ
2899 1735 3047 1786 ἐστιν
3071 1735 3159 1799 εἰς
3179 1733 3366 1788 αἰῶνα
3389 1732 3651 1805 αἰῶνος),

2069 1815 2150 1868 ὅτι
2172 1813 2398 1884 ἔνδοξος,
2429 1817 2512 1870 ὅτι
2546 1815 2744 1888 ὑψηλὴ,
2780 1818 2862 1870 ὅτι
2902 1815 3140 1887 κραταιιά
3167 1817 3260 1870 καὶ
3291 1817 3506 1890 ἰσχυρά.
3542 1815 3674 1872 Πάο-

2069 1897 2150 1951 λιν
2176 1899 2256 1952 ὅτι
2283 1899 2536 1971 ἄναρχος,
2559 1901 2686 1953 ὅταν
2717 1899 2872 1970 λέγιγ
2911 1899 2974 1952 Ἡ
2993 1899 3286 1964 ,ϐασιλεία
3307 1914 3445 1962 σου,
3471 1902 3654 1966 ,ϐασις

2068 1983 2204 2036 λεία
2233 1982 2474 2038 πάντων
2502 1982 2620 2038 τῶν
2644 1983 2894 2038 αἰώνων.
2923 1983 3134 2054 Ὠσπερ
3162 1979 3256 2038 οὖν
3289 1987 3318 2038 ὁ
3345 1985 3532 2056 θρόνος
3554 1987 3656 2057 τῆς

2073 2065 2349 2135 βασιλείας
2378 2065 2664 2138 σύμϐολον,
2695 2065 2840 2121 οὕτω
2867 2067 2964 2120 καὶ
3005 2067 3039 2137 ἡ
3072 2066 3266 2137 ῥάϐδος
3294 2067 3386 2120 καὶ
3413 2068 3514 2139 τῆς
3551 2069 3654 2137 βα-

2072 2147 2294 2213 σιλείας,
2320 2149 2414 2202 καὶ
2439 2150 2540 2220 τῆς
2563 2149 2884 2220 δικαστικῆς
2903 2149 3169 2214 ἐξουσίας.
3209 2149 3296 2204 Διό
3321 2166 3473 2220 φησι·
3525 2150 3655 2204 Ῥά-

2071 2232 2210 2298 ϐδος
2227 2233 2572 2302 εὐθύτητος,
2596 2234 2636 2302 ή
2650 2233 2876 2301 ῥάϐδος
2891 2232 2998 2301 τῆς
3019 2233 3348 2298 ,βασιλείας
3365 2249 3501 2289 σου.
3539 2235 3657 2289 Ka-

2072 2313 2238 2385 θαρὺν
2277 2315 2386 2388 γάρ
2414 2318 2533 2370 ἐκεῖ
2562 2316 2622 2370 :6
2651 2315 2876 2381 δίκαιον,
2929 2315 3170 2386 καθαρὸν
3218 2319 3338 2371 ἐκεῖ
3370 2316 3432 2370 :6
3473 2316 3656 2390 ὀρθὸν,

2071 2397 2222 2452 οὐδὲν
2246 2397 2362 2452 ἐκεῖ
2382 2399 2854 2470 ἐπισκιαζόμενον.
2896 2399 3270 2454 Ἀκουέτωσαν
3302 2401 3353 2453 οἰ
3391 2400 3656 2472 μαινόμε-

2071 2497 2182 2546 νοι,
2216 2481 2310 2534 καὶ
2337 2483 2718 2554 παραπλῆγες·
2751 2481 2954 2553 μᾶλλον
2982 2482 3039 2536 δὲ
3079 2483 3130 2536 οί
3171 2481 3378 2536 τούτων
3418 2484 3655 2556 χείρους.

2073 2563 2232 2628 Τίνες
2259 2565 2318 2618 δέ
2353 2567 2490 2620 εἰσιν
2523 2561 2702 2628 οὗτοις
2737 2568 2800 2620 Ol
2831 2569 2899 2638 τῇ
2931 2565 3027 2618 τοῦ
3057 2565 3194 2619 Θεοῦ
3226 2567 3455 2638 προνοίᾳ
3487 2567 3660 2636 ἐγκα-

2073 2649 2310 2715 λοῦντες,
2342 2653 2436 2707 καὶ
2471 2652 2741 2723 λέγοντες·
2763 2651 2864 2711 Διά
2891 2651 2946 2706 τί
2973 2653 3035 2706 :6
3057 2652 3152 2707 καὶ
3174 2653 3234 2706 :6
3263 2653 3405 2706 οὕτω
3438 2653 3652 2724 γέγονε;

2025 2765 2031 2770 σ
2073 2740 2202 2805 Πῶς
2240 2740 2349 2812 γάρ
2383 2742 2484 2796 οὐκ
2529 2742 2730 2797 ἄτοπον
2771 2743 2982 2797 τέκτονι
3035 2742 3132 2812 μὲν
3173 2742 3658 2814 παρακαθήμενον,

2029 2852 2036 2862 ·
2077 2828 2170 2881 καὶ
2195 2827 2500 2882 διακλῶντα
2531 2825 2682 2892 ξύλα,
2723 2827 2820 2880 καὶ
2857 2825 3215 2899 διαπρίζοντα
3245 2825 3542 2896 θεώμενον,
3581 2829 3660 2901 μὴ

2075 2912 2324 2969 ἀπαιτεῖν
2351 2913 2529 2982 λόγον,
2580 2911 2714 2982 μηδέ
2744 2909 2998 2974 εὐθύνας·
3031 2911 3126 2964 καὶ
3178 2909 3362 2982 ἰατρὸν
3395 2910 3664 2982 τέμνοντα

2078 2995 2175 3049 καὶ
2220 2996 2446 3052 καίοντα
2485 2995 2664 3066 σάρκα
2687 3035 2701 3060 ,
2736 2993 2828 3046 καὶ
2865 2995 2924 3046 ἐν
2972 2991 3202 3063 οἰκίσκῳ
3235 2993 3662 3059 κατακλείοντα,

2079 3081 2173 3132 καὶ
2199 3079 2344 3150 λιμῷ
2372 3080 2615 3149 ἄγχοντα
2631 3077 2722 3130 τὸν
2747 3075 3049 3146 κάμνοντα,
3076 3077 3214 3146 μήτε
3243 3075 3352 3130 τῶν
3381 3076 3664 3148 παρεστώ-

2077 3181 2186 3218 των
2201 3165 2340 3230 τινά,
2367 3163 2502 3234 μηδέ
2519 3161 2684 3216 αὑτὸν
2700 3161 2793 3214 τὸν
2813 3161 3094 3231 πάσχοντα
3113 3161 3574 3231 περιεργάζεσθαι
3592 3162 3666 3217 τά

2079 3247 2357 3316 γινόμενα’
2392 3247 2488 3300 καὶ
2503 3244 2844 3316 κυϐερνήτην
2877 3243 3120 3298 τείνοντα
3152 3245 3408 3314 σχοινίον,
3441 3247 3536 3299 καὶ
3563 3262 3664 3316 χα-

2080 3329 2256 3384 λῶντα
2277 3329 2440 3392 ἱστία,
2463 3330 2558 3384 καὶ
2583 3328 2742 3382 πάλιν
2767 3327 2986 3381 ἀνιέντα
3019 3327 3114 3381 καί⁵
3138 3326 3470 3398 βαπτίζοντα
3486 3332 3664 3400 τοῖχον

2079 3413 2228 3484 νηὸς,
2265 3413 2340 3486 μὴ
2363 3413 2866 3486 πολυπραγμονεῖν,
2894 3411 3031 3484 μηδέ
3057 3412 3516 3485 περιεργάζεσθαι
3541 3414 3664 3468 καθ’

2081 3498 2313 3552 ἕκαστον
2334 3496 2444 3550 τῶν
2456 3495 2806 3568 δημιουργῶν
2828 3507 2852 3535 θ
2871 3495 3094 3559 τούτων,
3110 3496 3226 3551 ἀλλ’
3255 3497 3548 3568 ἡσυχάζειν
3570 3498 3667 3551 καὶ

2084 3583 2260 3650 σιγᾷν,
2285 3580 2540 3648 καίτοιγε
2563 3579 2825 3642 πολλάκις
2839 3579 3022 3632 αὐτῶν
3041 3579 3518 3650 διαμαρτανόντων
3535 3582 3667 3652 περὶ

2079 3665 2178 3736 τὴν
2209 3663 2422 3734 τέχνηνο
2447 3663 2546 3735 τὴν
2571 3662 2627 3716 δὲ
2655 3662 2858 3732 ἄφατον
2881 3663 3091 3732 σοφίαν,
3122 3662 3218 3735 τὴν
3251 3663 3455 3732 ἄφατον
3482 3663 3668 3732 φιλαν-

2082 3746 2346 3818 θρωπίαν,
2383 3747 2480 3819 τὴν
2508 3745 2834 3817 κηδεμονίαν
2859 3747 2959 3819 τὴν
2986 3747 3292 3818 ἀπέραντον
3319 3746 3522 3817 ταύτην
3565 3763 3668 3800 πε-

2087 3830 2466 3902 ριεργάζεσθαι
2492 3831 2586 3884 κοιλ¹
2613 3829 3119 3901 πολυπραγμονεῖν;
3168 3829 3278 3882 Kal
3308 3829 3468 3892 ποίας
3493 3827 3667 3882 ταῦτα

2081 3913 2141 3966 οὔ
2177 3913 2404 3984 μανίας;
2425 3911 2532 3965 Καὶ
2557 3912 2817 3984 βοηθῆσαι
2849 3913 2968 3982 μὲν,
2993 3911 3090 3965 καὶ
3113 3911 3376 3984 προέσθαι
3409 3913 3669 3984 χρήματα

2083 3995 2220 4067 ὑπὲρ
2270 3993 2658 4064 ἀδικουμένων,
2703 3995 2798 4048 καὶ
2847 3994 3186 4065 πενομένων,
3222 3995 3326 4049 οὐκ
3364 3995 3430 4049 ἀν
3467 3995 3668 4068 ῥᾳδίως

2081 4079 2302 4132 ἕλοιντοο
2327 4077 2641 4143 ἐξετάζουσι
2673 4077 2731 4132 δὲ
2761 4079 2827 4132 δι’
2861 4079 3006 4141 ὅλου,
3044 4078 3132 4132 διά
3163 4078 3218 4132 τί
3243 4080 3272 4132 6
3301 4079 3448 4133 δεῖνα
3474 4083 3666 4151 πένης,

2012 4215 2020 4233 ,
2082 4162 2170 4218 διὰ
2193 4164 2247 4218 τί
2278 4165 2307 4216 6
2333 4163 2480 4216 δεῖνα
2509 4163 2746 4235 πτωχὸς,
2777 4163 2867 4218 διὰ
2895 4163 2950 4217 τί
2987 4165 3016 4218 ὁ
3043 4162 3192 4217 δεῖνα
3240 4162 3512 4228 πλούσιος.
3561 4164 3668 4217 Πο-

399 4241 498 4294 eral
534 4241 797 4297 καλεῖται
843 4241 908 4294 τὸ
943 4241 1133 4309 ὄνομα
1176 4239 1397 4302 αὐτοῦ,
1427 4237 1696 4309 μεγάλης
1733 4237 1977 4306 ,ϐουλῆς
2035 4260 2038 4264 ’

2084 4245 2217 4318 νηρέ
2233 4245 2387 4301 δοῦλε
2413 4247 2509 4300 καὶ
2524 4245 2740 4318 ἀνόητε,
2767 4247 2828 4300 οὐ
2851 4247 3076 4310 κύπτεις
3109 4246 3128 4286 τ
3155 4246 3328 4311 κάτω,
3361 4245 3482 4300 οὐδὲ
3503 4263 3665 4301 κατα-

2083 4329 2374 4398 γινώσκεις
2410 4329 2630 4395 σαυτοῦ,
2665 4331 2788 4384 ούδέ
2815 4331 3068 4400 ἐπιτίθης
3101 4331 3314 4402 χαλινὸν
3335 4332 3402 4400 τῇ
3422 4329 3664 4402 γλώσσῃ,

2087 4414 2382 4488 [1751οὑδὲ
2419 4414 2803 4478 καταστέλλεις
2841 4415 2939 4488 τὴν
2976 4415 3245 4480 διάνοιαν,
3269 4413 3388 4467 οὐδὲ
3423 4414 3580 4482 ἀφεὶς
3604 4415 3668 4467 :6

2063 4499 2256 4553 ’ταῦτα
2294 4499 2786 4570 πολυπραγμονεῖν,
2837 4499 2936 4571 τὴν
2979 4498 3300 4572 περιεργίαν
3336 4497 3540 4567 ταύτην
3574 4499 3668 4553 ἐπὶ

2082 4583 2175 4635 τὸν
2205 4582 2318 4653 βίον
2345 4581 2599 4652 στρέφεις
2618 4581 2709 4636 τὸν
2738 4581 2860 4646 σόν;
2895 4581 3163 4651 Διάκυψον
3188 4590 3214 4628 ε
3247 4582 3326 4643 εἰς
3349 4579 3420 4632 τά
3457 4597 3674 4652 πεπρα-

2084 4665 2258 4735 γμένα
2290 4678 2391 4729 σοι,
2417 4666 2498 4728 εἰς
2514 4663 2572 4718 :6
2595 4663 2828 4732 πέλαγος
2859 4663 2970 4717 τῶν
3001 4663 3442 4737 ἁμαρτημάτων,
3478 4663 3572 4717 καὶ
3615 4667 3668 4716 εὶ

2085 4747 2374 4819 περίεργος
2422 4743 2475 4801 εἴ
2527 4749 2621 4802 καὶ
2649 4747 3081 4820 πολυπράγμων,
3127 4748 3432 4819 ἀπαίτησον
3475 4747 3668 4802 ἑαυτὸν

2084 4831 2316 4892 εὐθύνας
2359 4832 2470 4885 τῶν
2504 4832 2788 4904 ῥημάτων,
2819 4832 2930 4887 τῶν
2976 4832 3342 4906 πραγμάτων,
3373 4825 3452 4886 ῶν
3479 4831 3667 4896 κακῶς

2085 4913 2258 4979 εἶπες,
2287 4909 2362 4970 ὧν
2391 4916 2578 4981 κακῶς
2607 4917 2891 4988 ἐποίησας’
2927 4916 3023 4971 νῦν
3046 4917 3106 4970 δέ
3155 4918 3348 4972 σαυτὸν
3381 4917 3480 4986 μὲν
3511 4915 3669 4983 ἀνεξ-

2085 5003 2307 5055 έταστον
2335 5000 2514 5071 ἀφεὶς,
2535 5000 2714 5055 καίτοι
2741 5017 2806 5070 γε
2833 5001 2934 5072 τῆς
2967 5001 3240 5074 ῥᾳθυμίας
3267 5001 3474 5072 ταύτης
3505 4999 3666 5055 κόλα-

2093 5101 2177 5136 σιν
2201 5083 2498 5156 φερούσης,
2533 5084 2634 5156 τῆς
2679 5083 2738 5136 δὲ
2798 5083 3334 5156 πολυπραγμοσύνης
3369 5083 3662 5154 σωτηρίαν,

2083 5168 2162 5237 τῷ
2192 5166 2310 5238 Ε)εῷ
2335 5169 2478 5242 κάθῃ
2499 5166 2758 5234 δικάζων,
2785 5170 2880 5222 καὶ
2902 5167 3216 5245 προστιθείς
3242 5183 3334 5221 σου
3355 5169 3469 5230 τοῖς
3489 5167 3666 5245 άμαρ·

2082 5252 2344 5322 τήμασιν.
2369 5253 2482 5304 Οὐκ
2513 5251 2734 5316 ἀκούεις
2758 5251 2853 5310 τοῦ
2897 5251 3180 5322 Προφήτου
3215 5249 3351 5322 πρὸς
3390 5247 3552 5304 αὐτὸν
3577 5248 3666 5303 λέο

2146 5442 2170 5506 τι
2195 5442 2290 5506 Ηὶρ
2309 5441 2496 5506 val-ian:
2513 5457 2628 5494 mss.
2647 5443 2782 5493 Unus
2810 5443 2930 5506 Reg.
2954 5444 3028 5506 sic
3045 5440 3212 5506 habet,
3225 5441 3464 5506 64,1116“
3486 5443 3662 5506 θρονοςο

2083 5503 2294 5577 ἀλλαχοῦ
2327 5506 2380 5577 δέ
2415 5505 2574 5577 πάλιν,
2601 5506 2863 5577 καθήμενον
2884 5499 2971 5577 ἐπὶ
2993 5505 3158 5568 θρόνου
3172 5499 3332 5577 δόξης·
3360 5499 3572 5577 ἀλλαχοῦ
3593 5504 3664 5562 δὲ,

2083 5564 2426 5638 φιλανθρωπίας
2443 5566 2666 5638 γέρον-τοιὦ
2677 5564 2843 5638 Ἔλεος
2863 5566 2952 5638 γάρ
2976 5564 3093 5638 φησι
3105 5565 3362 5638 καὶικρίσις
3383 5564 3666 5638 κατόρθωμα

2083 5624 2168 5673 τοῦ
2189 5624 2354 5703 θρόνου
2368 5624 2535 5676 αὐτοῦ.
2569 5624 2734 5676 Ταῦτα
2765 5628 2817 5676 δέ
2841 5624 3012 5675 πάντα.
3039 5625 3137 5677 Alii
3161 5624 3330 5688 etiam,
3359 5624 3666 5690 κατόρθωμα.

2150 5689 2176 5717 ⁸
2210 5689 2360 5736 bavil.
2398 5695 2451 5737 et
2469 5689 2567 5737 duo
2590 5687 2671 5737 alii
2692 5689 2772 5738 τὸν
2796 5689 3097 5738 δημιουργόν.

2210 5703 2360 5736 bam.
2398 5703 2451 5737 Θῐ
2469 5703 2567 5737 0110
2590 5703 2671 5737 an:
2692 5706 2772 5738 τον
2796 5703 3097 5738 δημιουργόν.

2151 5705 2175 5717 -
2210 5705 2360 5736 θαι-ιι.
2398 5705 2451 5737 e:
2469 5705 2567 5737 αιιυ
2590 5705 2671 5737 am
2692 5706 2772 5738 :0v
2796 5705 3026 5753 οημιουργ

2151 5747 2176 5812 ί,
2201 5750 2298 5812 Alii
2323 5750 2368 5812 τί
2392 5750 2456 5812 μή
2472 5749 2678 5806 κύπτεις.
2936 5810 2942 5812 _

2153 5811 2181 5851 ε
2204 5811 2356 5862 Savll.
2381 5810 2436 5861 ἐι
2455 5825 2584 5861 unus
2616 5813 2883 5876 διάϐὶεψον.
2921 5810 3016 5860 Alii
3047 5812 3294 5876 διοίκυψον.

3252 5909 3327 5970 1'2
