4030 6402
486 321 585 381 197

493 437 547 489 in
569 432 657 504 jus
684 446 902 495 vocans,
939 431 1041 485 tuis
1069 428 1298 499 peccatis
1326 427 1428 482 alia
1457 425 1732 495 adjiciens.
1762 421 1877 476 Non
1906 418 2059 475 audis

484 526 800 598 prophetam
835 525 885 581 ei
911 524 1206 579 dicentem:
1247 520 1398 591 Virga
1421 517 1728 580 directionis,
1756 515 1895 584 virga
1922 514 2065 583 regni

484 622 559 673 tui
575 620 600 673 .9
620 616 690 674 Et
718 632 901 672 rursus
927 616 1063 670 alios
1087 632 1100 667 :
1131 612 1389 667 Iudicium
1411 612 1541 682 ejus,
1574 608 1762 679 inquit,
1797 618 2059 676 tamquam

484 712 574 765 tua:
601 710 751 765 exibit
786 708 938 780 (Osee
988 708 1040 763 6.
1067 706 1161 772 5).
1187 704 1337 774 Quod
1368 704 1411 759 si
1443 719 1549 758 non
1582 701 1718 757 nosti
1745 700 1922 754 omnia
1944 712 2066 768 qua:

484 812 608 856 sunt
633 803 706 855 toi
732 798 965 863 Domini,
996 810 1281 869 prepterea
1297 811 1422 853 eum
1440 793 1611 869 gloria
1628 789 1799 860 allice,
1815 798 2067 862 propter-

484 907 550 946 ea
576 907 701 948 eum
746 889 976 943 maxime
1003 889 1189 950 adora,
1219 892 1437 954 propter
1463 880 1786 936 iuellabilem
1810 878 1926 948 ejus
1953 892 2070 931 ma-

483 983 756 1048 iestatem,
790 985 1005 1048 propter
1028 971 1619 1044 incomprehensibilem
1640 968 1758 1039 ejus
1786 968 2070 1039 providen-

488 1078 635 1139 tiam,
668 1084 881 1143 propter
908 1069 1108 1126 variam
1137 1082 1201 1124 ac
1225 1066 1522 1137 sapientem
1568 1063 1685 1135 ejus
1710 1064 2064 1119 curationem.

488 1164 723 1219 Dilexisti
728 1163 998 1235 justitiam,
1023 1170 1071 1215 et
1093 1159 1244 1214 odisti
1266 1157 1597 1229 iniquitatem.
1626 1154 1909 1224 Pestquam
1927 1154 2070 1207 enim

489 1254 734 1324 superius
762 1253 894 1307 dixit
916 1251 1167 1321 prmclara
1207 1248 1323 1318 ejus
1355 1246 1513 1313 facta,
1541 1246 1809 1307 victorias,
1840 1253 2063 1312 lt‘optua,

490 1347 710 1401 salutem
739 1344 884 1400 orbis
908 1353 1194 1407 terrarum,
1241 1339 1381 1411 quod
1409 1354 1530 1394 eam
1575 1339 1795 1393 veritate
1826 1337 2068 1407 replevit,

491 1436 630 1507 quod
659 1432 1088 1499 mansuetudine,
1120 1430 1260 1502 quod
1301 1428 1526 1500 justitia,
1577 1427 1866 1484 ostendens
1913 1428 2074 1482 fuisse

490 1527 683 1583 rationi
724 1534 1141 1581 consentaneum
1172 1532 1228 1577 ut
1256 1521 1370 1576 lucc
1400 1520 1611 1588 ﬁerent,
1641 1520 1879 1590 loquitur
1915 1517 2072 1573 deiu-

490 1633 618 1688 ceps
636 1616 703 1673 de
728 1616 984 1687 dignitate
1010 1614 1128 1684 ejus
1169 1613 1257 1683 qui
1287 1612 1374 1666 illa
1427 1611 1571 1677 fecit,
1613 1619 1915 1665 monstrans
1949 1625 2075 1665 eum

494 1710 655 1765 fuisse
686 1709 874 1774 Deum,
904 1722 1105 1778 regem,
1137 1705 1243 1761 ﬁne
1271 1715 1568 1771 carentem,
1596 1703 1961 1774 incorruptum
1983 1703 2071 1773 ju-

495 1803 690 1869 dicem,
739 1800 1007 1869 justorum
1052 1806 1345 1853 amatorem
1367 1838 1383 1864 ,
1412 1796 1566 1852 malis
1594 1796 1879 1852 infensum.
1925 1796 2074 1863 Quo-

495 1896 660 1962 niam,
692 1893 878 1964 inquit,
908 1903 991 1947 est
1008 1891 1294 1962 ejusmodi,
1322 1902 1600 1960 propterea
1623 1890 1745 1944 talia
1766 1889 1916 1944 abeo
1940 1889 2078 1943 facta

496 1995 642 2041 sunt.
683 1985 850 2040 Nemo
891 1999 1021 2055 ergo
1047 1984 1111 2039 de
1143 1984 1225 2038 his
1249 1982 1473 2038 dubitet.
1504 1981 1604 2050 Qui
1652 1981 1793 2037 enim
1820 1996 1886 2036 ea
1931 1980 2076 2047 fecit,

498 2095 560 2134 ca
590 2079 715 2135 fecit
738 2094 858 2135 cum
896 2088 949 2133 et
976 2086 1162 2148 posset
1197 2083 1256 2132 et
1294 2075 1472 2130 vellet.
1524 2075 1804 2144 Postquam
1853 2073 1920 2128 de
1947 2072 2081 2126 divi-

498 2173 666 2226 nitate
698 2170 1003 2225 sublimiora
1049 2166 1201 2233 dixit,
1244 2167 1530 2223 revertitur
1560 2164 1626 2221 ad
1666 2164 1987 2235 loquendum
2012 2163 2080 2219 de

497 2279 678 2327 turne,
706 2273 766 2318 et
810 2262 885 2316 ait
928 2258 1252 2330 :Pmpterea
1302 2259 1450 2313 unxit
1480 2268 1527 2313 te
1556 2255 1711 2322 Deus,
1765 2253 1902 2311 Deus
1944 2266 2078 2310 tuus.

501 2355 651 2409 Alius
676 2354 804 2411 dicit
834 2370 849 2409 :
887 2352 1102 2424 Propter
1126 2352 1220 2406 hoc
1261 2351 1408 2405 unxit
1435 2359 1501 2405 te.
1532 2350 1607 2404 Eo
1635 2347 1773 2417 quod
1797 2349 1846 2402 in
1870 2348 1934 2402 iis
1962 2363 2082 2419 quas

500 2445 643 2500 dicta
670 2454 811 2510 sunt,
838 2455 889 2500 te
912 2452 1054 2499 recte
1085 2443 1335 2514 gesseris,
1364 2441 1692 2511 iniquitatem
1722 2438 1965 2510 cjeceris,
1997 2439 2085 2509 ju-

504 2535 700 2590 stitiam
739 2534 1054 2605 plantavcris
1079 2577 1092 2599 ,
1122 2543 1175 2589 et
1201 2550 1319 2602 qua:
1362 2532 1530 2587 fecisti
1556 2530 1768 2587 feceris.
1796 2529 1875 2586 Tu
1905 2542 2082 2587 autem

505 2643 576 2683 uc
617 2628 949 2683 conturberis
989 2625 1115 2681 dum
1150 2626 1301 2681 audis
1355 2624 1468 2679 haec
1516 2624 1656 2679 Patri
1699 2622 1937 2680 attribui.
1966 2623 2083 2679 Non

507 2718 651 2774 enim
690 2718 743 2773 id
783 2718 906 2773 facit
935 2728 989 2771 ut
1021 2732 1145 2772 eum
1190 2720 1360 2784 privet
1401 2724 1544 2771 recte
1572 2713 1723 2770 lactis
1748 2756 1763 2778 ,
1791 2714 1885 2771 sed
1914 2724 1974 2770 ut
1994 2730 2081 2779 ea,

505 2825 624 2879 qua:
648 2818 772 2863 sunt
818 2807 960 2873 Filii,
991 2806 1132 2862 Patri
1179 2805 1466 2870 adscribat,
1512 2805 1601 2875 qui
1642 2821 1703 2861 ea
1733 2806 1917 2871 etiam,
1961 2821 2084 2876 qum

506 2909 628 2955 sunt
646 2900 837 2964 Patris,
868 2916 960 2956 sua
989 2914 1109 2955 esse
1135 2898 1263 2954 dicit
1290 2916 1303 2952 :
1337 2897 1521 2951 Omnia
1550 2898 1715 2962 enim,
1751 2898 1940 2969 inquit,
1973 2915 2083 2952 mea

507 3003 593 3045 tua
618 3000 748 3055 sunt,
780 3002 826 3045 et
852 3002 936 3044 tua
962 3008 1074 3044 utea
1099 2988 1276 3062 (Joan.
1308 2991 1392 3045 l7.
1428 2989 1550 3059 l0).
1582 2988 1712 3043 Nam
1744 2991 1811 3045 de
1843 3005 2084 3045 rcsm'rco

505 3083 685 3136 ctione
739 3082 930 3136 l’aulus
969 3081 1183 3151 quidem
1229 3081 1501 3136 disserens
1534 3080 1705 3137 dicit:
1739 3080 1876 3136 Deus
1917 3084 2085 3152 ipsum

511 3174 760 3228 noscitavit
799 3191 831 3228 a
856 3173 1065 3228 mortuis
1106 3173 1180 3243 (1.
1221 3172 1339 3229 Cor.
1369 3172 1423 3228 6.
1459 3171 1577 3242 lt);
1606 3171 1840 3227 Joannes
1865 3183 2080 3230 autem:

515 3265 703 3321 Soluite
722 3266 966 3334 templum
995 3265 1110 3331 hoc,
1136 3274 1181 3319 et
1207 3265 1262 3318 in
1288 3263 1446 3319 tribus
1467 3263 1641 3318 diebus
1670 3263 1896 3318 excitabo
1918 3264 2085 3334 ipsum

508 3354 688 3421 (Joan.
711 3356 767 3412 ‘2.
801 3357 928 3427 19).
960 3355 1097 3422 Quid
1134 3363 1219 3411 est
1244 3366 1420 3410 autem
1449 3356 1625 3410 oleum
1666 3354 1903 3409 laetitiae?
1928 3357 2085 3426 Atqui

508 3449 751 3505 Christus
779 3465 1039 3520 nusquam
1058 3459 1249 3504 unctus
1268 3458 1351 3503 est
1375 3448 1515 3515 oleo,
1540 3448 1634 3504 sed
1656 3448 1855 3518 Spiritu
1876 3459 2083 3504 sancto.

509 3541 579 3597 Et
606 3541 724 3597 ideo
746 3541 964 3612 adjecit,
1017 3541 1136 3595 Pro
1163 3540 1476 3595 consortibus
1505 3541 1602 3595 tuEs
1635 3556 1653 3595 :
1685 3540 1786 3594 hoc
1808 3541 1979 3610 ipsum
2009 3541 2083 3594 si-

505 3631 783 3704 gniﬁcans,
818 3633 1084 3687 neminem
1107 3632 1179 3685 ita
1209 3640 1425 3687 unctum
1451 3631 1611 3685 fuisse
1633 3640 1688 3685 ut
1717 3631 1832 3700 ipse
1863 3631 1904 3685 ¹.
1931 3632 2075 3686 Multi

506 3726 650 3779 enim
697 3723 911 3779 fuerunt
953 3734 1076 3778 ante
1128 3724 1298 3792 ipsum
1340 3722 1545 3788 christi,
1580 3722 1628 3775 id
1664 3731 1766 3787 est,
1789 3723 1956 3787 uncti,
1992 3722 2084 3776 sed
2119 3785 2129 3795 ,

509 3835 666 3874 nemo
691 3820 769 3874 sic
794 3835 807 3871 :
830 3817 969 3872 sicut
997 3818 1156 3873 etiam
1186 3820 1305 3886 agni
1340 3816 1513 3881 multi,
1535 3815 1629 3871 sed
1669 3814 1783 3884 ipse
1807 3815 2033 3869 CXilllllh
2065 3832 2078 3867 :

508 3911 589 3965 sic
608 3918 661 3965 et
690 3910 837 3964 multi
867 3909 982 3974 ﬁlii,
1009 3908 1103 3964 sed
1131 3908 1245 3977 ipse
1273 3905 1609 3977 Unigenitus.
1635 3905 1769 3961 Sunt
1801 3906 1942 3960 enim
1965 3919 2084 3958 oin-

508 4003 596 4055 uia
626 4002 742 4070 ejus
771 4001 985 4067 eximia,
1017 4015 1200 4056 nonea
1226 4000 1398 4053 solum
1424 4014 1541 4068 qua:
1567 3997 1834 4067 pertinent
1856 3995 1922 4049 ad
1952 3995 2085 4049 divi-

509 4095 749 4158 nitatem,
778 4093 871 4147 sed
901 4107 962 4146 ea
1000 4093 1160 4147 etiam
1215 4107 1332 4161 qua:
1368 4089 1433 4145 ad
1464 4088 1845 4143 humanitatem
1882 4103 1895 4139 :
1928 4101 2086 4141 nemo

506 4185 651 4240 enim
699 4198 884 4240 unctus
934 4191 1018 4238 est
1060 4182 1152 4237 tali
1196 4182 1408 4251 spiritu.
1440 4178 1496 4235 Si
1542 4179 1592 4234 id
1639 4190 1817 4233 autem
1852 4176 2085 4247 appellat

508 4276 703 4338 olcuut,
734 4292 800 4329 ue
830 4273 1039 4328 mireris
1074 4292 1088 4328 :
1120 4288 1241 4327 nam
1269 4287 1389 4326 cum
1419 4269 1674 4340 propheta
1720 4268 1807 4333 sit,
1852 4268 2085 4337 loquitur

508 4367 666 4436 paulo
690 4365 967 4420 obscurius
1010 4374 1065 4419 et
1092 4365 1258 4432 magis
1298 4361 1647 4431 miiigmatice.
1685 4359 1851 4415 Recte
1898 4370 2081 4414 autem

506 4457 661 4520 dixit,
712 4456 1099 4521 Exsultatiouis,
1142 4463 1199 4509 ut
1239 4453 1545 4509 ostenderet
1594 4451 1645 4506 id
1694 4467 1815 4507 esse
1864 4452 2080 4505 hetitize.

507 4547 729 4604 Fructus
755 4550 898 4603 enim
929 4546 1152 4617 Spiritus
1172 4556 1242 4599 est
1265 4544 1493 4611 dilectio,
1522 4544 1785 4615 gaudium.
1819 4561 1919 4613 pax
1939 4543 2080 4613 (Gal.

506 4640 561 4694 5.
583 4638 695 4710 22).
726 4639 876 4693 Alius
899 4648 1074 4692 autem
1107 4635 1236 4690 dicit
1259 4653 1273 4688 :
1300 4634 1423 4688 Oleo
1467 4633 1736 4688 venustatis
1754 4636 1798 4684 δ’.
1832 4632 2084 4687 llebrams

506 4745 656 4794 vero,
686 4729 875 4793 Sason,
922 4728 1023 4782 hoc
1065 4736 1147 4783 est
1182 4724 1478 4795 elegantiae,
1511 4722 1715 4794 gloriaa,
1760 4723 2078 4777 ornamenti.

506 4821 599 4874 Sin
623 4832 800 4874 autem
828 4819 897 4872 sit
942 4818 1156 4881 lmtitize,
1181 4815 1232 4871 id
1255 4830 1466 4885 quoque
1494 4830 1677 4869 verum
1720 4823 1825 4868 est.
1861 4813 1927 4869 Ut
1954 4828 2082 4879 ergo

505 4928 625 4967 cutn
672 4909 916 4965 audivisti
965 4909 1218 4978 gladium,
1257 4905 1490 4977 gladiqu
1539 4920 1641 4960 non
1687 4904 1977 4974 intelligis:
2031 4913 2087 4959 et

506 5019 625 5057 cum
661 5017 840 5057 arcum
890 5010 943 5055 et
974 5000 1212 5069 sagittas,
1261 5014 1365 5051 non
1414 5012 1570 5053 arcus
1620 5007 1675 5052 et
1713 4997 1948 5067 sagittas,
1990 4997 2084 5051 sed

505 5097 620 5165 ejus
642 5094 1004 5163 Operationetu
1034 5094 1120 5162 qui
1148 5095 1260 5147 ha-c
1291 5092 1433 5158 fecit,
1471 5101 1527 5145 ut
1547 5092 1655 5160 jam
1680 5099 1802 5146 ante
1829 5090 1938 5145 dixi
1966 5107 1980 5144 :
2013 5091 2083 5145 ita

507 5202 629 5244 cum
658 5188 833 5242 olcmn
861 5186 1114 5244 audieris.
1144 5199 1210 5239 ne
1250 5184 1425 5237 oleum
1456 5182 1628 5238 solum
1671 5182 1951 5244 arbitrare,
1990 5181 2084 5237 sed

507 5278 810 5333 unctionem
832 5276 1085 5346 intellige.
1101 5274 1287 5329 Oleum
1307 5274 1448 5328 enim
1471 5284 1585 5328 erat
1609 5275 1814 5344 signutn
1832 5271 2082 5343 Spiritus,

506 5385 592 5425 res
612 5380 787 5424 autem
818 5365 1124 5437 principalis
1144 5374 1201 5420 et
1226 5366 1523 5419 necessaria
1550 5374 1664 5419 erat
1690 5365 1939 5434 Spiritus.

564 5487 581 5518 ³
604 5493 711 5544 Ista,
729 5493 824 5534 Hoc
844 5483 1002 5546 ipsum
1020 5478 1311 5546 signiﬁcans,
1323 5479 1570 5546 _neminem
1589 5478 1658 5546 ita
1677 5482 1896 5546 (unctum
1914 5479 2084 5542 fuisse)

504 5554 551 5598 ιιι
573 5542 928 5605 ipse,'deera'nt
942 5545 988 5605 in
1005 5542 1189 5598 κόνει..
1209 5542 1298 5591 sed
1321 5542 1368 5590 in
1383 5549 1488 5592 Mss.
1515 5551 1567 5592 et
1588 5544 1637 5592 in
1658 5542 1795 5592 Savil.
1824 5543 2080 5605 habentur.

562 5614 583 5642 ⁸
616 5609 730 5658 oleo
752 5604 1021 5655 venustatis.
1040 5612 1150 5653 Haec
1172 5607 1508 5667 interpretatio
1529 5610 1607 5654 est
1622 5604 1898 5667 Symmachi.
1917 5612 2081 5667 Sason,

493 5672 896 5750 inmuscum
928 5686 941 5721 :
970 5680 1083 5729 quae
1105 5680 1218 5723 vox,
1256 5663 1411 5728 inquit
1446 5663 1820 5730 chrysosiomus,
1846 5663 2084 5728 signiﬁcat

497 5758 805 5830 elegantium
825 5756 1047 5822 gibt-imi,
1073 5763 1417 5808 omamentum.

1573 306 1935 369 EXPOSIIIO
1963 304 2028 362 IN
2066 302 2389 361 PSALMUM
2430 301 2607 359 XLIV.

3658 300 3755 353 l93

2248 416 2439 470 Christi
2462 422 2621 469 vocati
2641 425 2758 469 sunt
2781 415 2926 469 multi
2949 459 2959 476 ,
2981 413 3181 485 quando
3212 423 3390 467 unctus
3412 413 3661 469 Christus.
3687 442 3761 454 -—-

2174 506 2309 561 Cum
2339 506 2439 561 hoc
2468 521 2598 576 ergo
2623 506 2691 561 ita
2741 522 2800 561 se
2832 505 3043 573 habeat,
3078 520 3147 559 ne
3172 504 3354 558 dubita
3400 519 3521 558 eum
3567 518 3759 561 vocare

2173 596 2444 651 Christum
2478 611 2638 650 :nam
2675 596 2944 650 Abraham
2972 610 3182 665 quoque
3218 594 3585 664 appellabatur
3615 594 3763 649 chri-

2176 697 2314 754 stus,
2345 697 2403 743 et
2440 686 2735 757 prephetzn,
2763 686 2857 740 sed
2885 702 2991 740 non
3033 701 3225 741 omnes
3262 686 3386 740 oleo
3417 684 3562 741 uncti
3589 694 3716 741 sunt
3743 703 3760 740 :

2175 778 2624 849 quemadmodum
2640 793 2761 833 cum
2779 777 2908 831 dicit
2931 795 2946 832 :
2978 776 3147 830 Nolite
3160 787 3363 848 tangere
3376 777 3589 831 christos
3606 793 3762 840 meos,

2177 879 2225 923 et
2262 870 2315 924 in
2337 868 2594 941 praphetis
2628 867 2751 921 meis
2778 867 2933 920 nolite
2953 866 3221 937 malignari
3259 866 3428 935 (l’sul.
3472 867 3592 922 101.
3631 866 3759 937 15).

2176 959 2402 1027 Quando
2428 967 2604 1014 autem
2631 968 2823 1012 unctus
2847 957 3227 1012 estChristus?
3248 956 3470 1024 Quando
3486 968 3756 1027 tamquam

2179 1052 2235 1108 in
2259 1052 2521 1107 columba:
2544 1051 2724 1121 specie
2748 1049 2981 1120 Spiritus
3022 1064 3182 1118 super
3217 1064 3338 1104 eum
3369 1050 3514 1104 venit
3533 1059 3552 1119 (
3572 1048 3766 1104 Matth.

2179 1143 2233 1198 3.
2267 1142 2389 1213 l6).
2419 1141 2709 1198 Consiirtes
2735 1150 2912 1195 autem
2958 1139 3045 1194 hic
3094 1151 3247 1193 vocat
3287 1154 3475 1195 oumes
3517 1140 3770 1211 spiritua-

2182 1235 2280 1297 les,
2308 1232 2755 1304 quemadmodmn
2785 1231 3021 1287 Joannes
3046 1230 3175 1285 dicit
3204 1248 3217 1281 :
3252 1228 3362 1285 Nos
3386 1248 3557 1286 omnes
3579 1247 3640 1285 ea:
3661 1231 3771 1302 ple-

2182 1324 2411 1379 nitudine
2436 1324 2548 1395 ejus
2567 1324 2850 1393 accepimus
2870 1321 3050 1395 (Joan.
3076 1323 3126 1376 l.
3149 1322 3237 1393 l6)
3272 1339 3286 1374 :
3318 1322 3386 1377 de
3408 1322 3523 1391 ipso
3550 1332 3726 1377 autem
3752 1340 3765 1373 :

2183 1416 2306 1472 Non
2336 1417 2405 1471 ad
2443 1431 2731 1470 mensuram
2756 1414 2844 1468 dat
2886 1414 3142 1484 Spiritum
3168 1411 3309 1467 Deus
3338 1412 3516 1486 (Joan.
3546 1414 3600 1470 5.
3628 1413 3767 1484 54);

2183 1519 2238 1565 et
2296 1521 2477 1562 rursus
2509 1522 2523 1560 :
2562 1503 2843 1573 E/fundam
2879 1505 2944 1558 de
2983 1503 3184 1575 Spiritu
3237 1519 3346 1558 meo
3386 1519 3539 1572 super
3576 1520 3772 1560 omnem

2182 1615 2386 1654 carnem
2418 1597 2579 1671 (Joel.
2606 1597 2659 1652 2.
2691 1596 2820 1667 28).
2850 1595 2961 1650 lllic
2985 1606 3160 1649 autem
3204 1610 3310 1649 non
3341 1610 3404 1648 ex
3432 1593 3652 1664 Spiritu,
3676 1595 3772 1650 sed

2187 1699 2328 1746 totus
2356 1689 2504 1745 venit
2537 1689 2802 1758 Spiritus;
2830 1698 2884 1743 et
2909 1686 3030 1741 ideo
3051 1686 3207 1752 dixit,
3243 1684 3364 1739 Non
3393 1685 3462 1738 ad
3486 1702 3771 1739 mensuram

2185 1785 2273 1835 dat
2304 1780 2437 1836 Deus
2462 1780 2733 1851 Spiritum.
2761 1778 2816 1835 9.
2850 1777 3066 1848 Myrrha
3090 1817 3106 1843 ,
3136 1786 3182 1830 et
3210 1787 3374 1849 gutta,
3398 1786 3444 1830 et
3464 1777 3602 1830 casia
3622 1794 3654 1830 a
3693 1794 3773 1831 re-

2185 1875 2431 1931 stituentis
2474 1875 2593 1928 tuis.
2638 1870 2809 1940 Alius,
2838 1870 2905 1925 In
2926 1873 3270 1925 vestimentum
3299 1880 3458 1924 tuum.
3496 1870 3668 1939 Alius,
3703 1871 3771 1925 la

2186 1984 2359 2023 attines
2381 1977 2536 2022 vestes
2559 1977 2691 2020 tuas.

2262 2058 2348 2114 lt).
2378 2058 2629 2113 Nonnulli
2659 2055 2874 2127 quidem
2896 2056 3077 2112 dicunt
3103 2056 3416 2127 prophetam
3445 2074 3540 2129 per
3566 2059 3681 2114 huic
3700 2060 3774 2113 si-

2188 2150 2441 2223 gniﬁcare
2470 2150 2830 2221 sepulturam;
2863 2148 3107 2204 nonnulli
3134 2163 3294 2217 vero,
3324 2148 3557 2205 indicare
3593 2150 3776 2206 diver-

2188 2247 2398 2300 sitatem
2431 2244 2713 2299 unctionis.
2754 2241 2935 2313 Neque
2974 2243 3117 2297 enim
3155 2241 3313 2297 ﬁebat
3338 2243 3465 2297 olim
3505 2242 3682 2298 unetio
3710 2259 3775 2298 ex

2191 2336 2274 2391 Itis
2307 2336 2608 2407 unguentis,
2641 2334 2735 2389 sed
2780 2349 2848 2389 ex
2879 2332 3018 2388 aliis.
3067 2332 3137 2387 Et
3165 2341 3222 2386 ut
3264 2332 3435 2388 discas
3478 2332 3620 2389 hunc
3656 2349 3775 2389 esse

2189 2429 2349 2483 alium
2380 2427 2592 2481 modum
2619 2425 2903 2491 unctionis,
2937 2440 3029 2495 per
3055 2423 3405 2479 diﬂ'erentiatu
3438 2424 3775 2478 materiarum

2191 2519 2501 2590 signiﬁcavit
2520 2516 2875 2573 diﬂ'ereutiam
2901 2514 3246 2584 operationis.
3268 2513 3399 2569 Illud
3415 2523 3614 2581 autem,
3634 2514 3678 2567 Α
3699 2531 3778 2568 ve-

2191 2615 2437 2668 stimentis
2463 2613 2590 2677 tuis,
2621 2610 2854 2667 ostendit
2886 2610 3001 2679 ejus
3029 2623 3242 2679 quoque
3266 2617 3442 2663 vestes
3471 2607 3633 2663 luisse
3660 2607 3776 2678 ple-

2194 2722 2290 2764 nas
2316 2707 2505 2778 gratia.
2531 2706 2661 2772 Quae
2688 2704 2865 2775 itaque
2887 2702 3159 2773 sanguinis
3192 2700 3450 2770 proﬂuvio
3478 2699 3775 2763 laborabat,

2193 2801 2467 2873 sanguinis
2498 2801 2642 2855 rivos
2680 2799 2957 2868 repressit,
2989 2813 3110 2851 cum
3146 2797 3308 2852 vestis
3351 2795 3612 2850 ﬁmbriam
3653 2798 3779 2849 :tlli-

2188 2896 2356 2966 gisset
2404 2892 2615 2962 (Matth.
2663 2893 2716 2947 9.
2745 2892 2862 2960 20).
2901 2890 3025 2946 Sive
3066 2890 3165 2944 hoc
3195 2903 3350 2959 ergo,
3384 2888 3495 2943 sive
3541 2887 3667 2941 illud
3709 2892 3777 2943 sit

2194 2986 2585 3056 accipiendum,
2616 2984 2757 3039 nulla
2800 2982 3046 3053 prohibet
3081 2983 3255 3036 ratio:
3286 2989 3412 3035 sunt
3451 2981 3593 3035 cnim
3634 2996 3662 3033 a
3692 2997 3777 3035 ine

2193 3089 2417 3150 utraque
2445 3078 2787 3134 admittenda.
2830 3076 2981 3133 Sicut
3009 3091 3136 3146 ergo
3167 3075 3319 3147 (nihil
3355 3077 3498 3129 enim
3530 3074 3778 3145 prohibet

2194 3174 2379 3230 eadem
2410 3188 2595 3226 rursus
2624 3170 2848 3241 dicere),
2880 3185 3000 3224 cum
3031 3184 3212 3223 arcum
3241 3177 3296 3223 et
3322 3166 3555 3239 gladium
3591 3166 3773 3232 audis,

2195 3276 2248 3321 et
2276 3280 2396 3334 qua:
2424 3271 2547 3319 sunt
2577 3260 2875 3331 ejusmodi,
2905 3277 3008 3313 non
3036 3276 3099 3313 ea
3124 3258 3278 3313 audis
3312 3258 3549 3313 sensibili
3579 3272 3729 3313 more
3760 3275 3774 3309 :

2196 3357 2265 3411 ita
2297 3371 2397 3412 nec
2433 3370 2555 3410 cum
2592 3353 2863 3426 myrrham
2892 3362 2983 3407 aut
3008 3351 3205 3405 casiam
3234 3350 3530 3413 audiveris,
3559 3366 3619 3404 ea
3650 3368 3777 3404 seu-

2191 3450 2421 3506 sibiliter
2462 3448 2745 3519 intelligas,
2790 3446 2884 3503 sed
2920 3446 3285 3516 Spiiitualiter.
3329 3446 3415 3500 10.
3460 3446 3503 3498 Α
3548 3444 3776 3500 domibus

2194 3544 2425 3600 eburneis
2444 3585 2459 3609 ,
2487 3559 2550 3597 ea:
2574 3542 2754 3614 quibus
2787 3542 3156 3597 delectaverunt
3185 3548 3233 3594 te
3257 3540 3380 3609 ﬁlia:
3412 3556 3584 3610 regum
3613 3540 3666 3593 in
3687 3540 3781 3592 hoc

2196 3652 2318 3690 nore
2342 3646 2449 3689 tuo.
2482 3635 2633 3690 Alius
2662 3634 2809 3698 dicit,
2842 3634 2884 3686 Α
2910 3632 3109 3699 templis
3138 3632 3369 3685 eburneis
3399 3631 3532 3684 unde
3552 3631 3779 3684 delector

2194 3736 2369 3781 verunt
2390 3736 2455 3788 te,
2488 3726 2611 3779 dum
2632 3733 2683 3779 te
2710 3722 2979 3778 honorant.
3013 3722 3181 3787 Alius,
3208 3720 3278 3776 In
3304 3722 3538 3793 gloriosis
3564 3724 3685 3775 tuis.

2267 3815 2448 3870 Eboris
2495 3814 2711 3883 pretium
2746 3812 2888 3881 apud
2927 3812 3179 3882 antiquas.
3229 3841 3290 3851 —
3317 3812 3604 3882 POSIquam
3644 3813 3774 3868 dixit

2193 3922 2312 3977 qua:
2341 3914 2484 3959 recte
2509 3905 2705 3975 gessit,
2732 3903 2861 3957 dicit
2890 3903 3049 3957 etiam
3100 3903 3356 3957 honorem
3404 3903 3492 3973 qui
3522 3904 3777 3973 pra-clara

2193 3999 2309 4068 ejus
2339 3996 2477 4051 facta
2501 4002 2861 4064 consequutus
2886 4006 2989 4057 εει,
3020 4008 3211 4062 nempe
3235 4010 3358 4047 eutn
3405 3994 3457 4047 iu
3506 3996 3777 4063 pretiosis-

2195 4092 2343 4145 simis
2384 4089 2595 4160 templis
2618 4103 2736 4144 essc
2765 4085 3131 4141 adorandum.‘
3159 4086 3465 4158 Antiquitus
3492 4086 3633 4142 enim
3663 4086 3777 4142 lure

2195 4183 2417 4237 materia
2448 4190 2563 4238 erat
2604 4179 3010 4251 pretiosissima,
3040 4187 3093 4233 et
3119 4194 3310 4249 magno
3350 4179 3525 4234 studio
3550 4181 3776 4249 conqui-

2195 4275 2430 4337 reliatnr,
2462 4287 2654 4341 nempe
2694 4270 2950 4327 eburnea.
2990 4270 3141 4325 Unde
3180 4271 3337 4324 etiam
3386 4269 3600 4325 dicebat
3641 4271 3777 4325 alius

2195 4366 2489 4436 propheta:
2530 4363 2619 4419 Va:
2651 4364 2738 4434 qui
2774 4362 3003 4417 dormitis
3040 4362 3094 4415 in
3137 4362 3274 4415 lectis
3303 4360 3529 4414 eburneis
3566 4361 3583 4426 (
3602 4362 3770 4415 Amos.

2193 4461 2247 4514 ti.
2277 4460 2352 4529 4).
2387 4460 2449 4513 Et
2475 4470 2658 4512 rursus
2683 4455 2917 4511 ostendit
2950 4454 3382 4524 prindicatiouem
3414 4468 3517 4508 non
3547 4470 3771 4524 perven-

2195 4562 2364 4606 turam
2394 4550 2562 4604 solum
2589 4547 2656 4601 ad
2695 4546 2930 4617 privatos
2950 4587 2966 4612 ,
2997 4545 3091 4600 sed
3131 4560 3292 4614 regna
3319 4545 3478 4599 etiam
3507 4545 3773 4615 subjectu-

2195 4658 2328 4703 ram,
2358 4639 2605 4709 aedesque
2632 4638 2706 4692 illi
2736 4636 3040 4706 magniﬁcas
3061 4647 3386 4691 exstructum
3412 4635 3496 4691 iri.
3520 4637 3647 4692 Htuc
3663 4638 3775 4707 jam

2195 4734 2437 4788 videntur
2459 4749 2517 4787 re
2542 4732 2655 4802 ipsa
2675 4730 2809 4787 ﬁeri.
2828 4730 3024 4785 Volens
3052 4730 3195 4785 enim
3218 4732 3475 4801 propheta
3495 4732 3779 4787 ostendere

2194 4829 2299 4881 vim
2332 4825 2724 4895 praedicationis
2744 4866 2758 4890 ,
2790 4823 2917 4879 dicit
2942 4823 3207 4894 quomodo
3242 4823 3464 4893 ceperit,
3506 4825 3777 4895 quomodo

2196 4919 2487 4989 subjeecrit
2512 4918 2785 4982 mulieres,
2808 4917 2975 4982 viros,
2998 4915 3254 4985 privatos,
3282 4915 3492 4981 divites,
3516 4930 3611 4970 eos
3633 4916 3777 4985 ipsos

2193 5011 2385 5082 quibus
2412 5017 2564 5065 erant
2593 5008 2838 5063 redimita
2863 5008 3036 5077 capita
3067 5006 3481 5071 diadematibus,
3510 5016 3565 5061 et
3589 5021 3776 5059 eorum

2195 5117 2420 5167 uxores,
2469 5110 2525 5155 ut
2573 5099 2771 5170 templa
2819 5100 2929 5155 Deo
2977 5098 3170 5168 ubique
3215 5098 3532 5153 excitarent.
3574 5097 3778 5152 Deinde

2194 5198 2443 5269 quoniam
2472 5196 2725 5266 deinceps
2750 5195 2817 5249 ad
2856 5194 2972 5250 haec
3008 5192 3231 5248 dicenda
3270 5191 3539 5260 digressus
3564 5200 3647 5246 est
3666 5231 3683 5257 ,
3708 5191 3776 5246 de

2193 5290 2279 5344 his
2306 5289 2473 5343 fusius
2505 5287 2685 5342 dicere
2726 5284 3032 5347 exorditur,
3056 5297 3151 5338 eos
3173 5281 3262 5351 qui
3303 5279 3450 5334 illum
3475 5280 3659 5335 colunt
3678 5322 3693 5345 ,
3723 5295 3777 5337 ct

2193 5382 2281 5451 qui
2308 5381 2357 5435 ei
2388 5378 2683 5448 supplicant
2711 5374 3042 5430 describens.
3069 5372 3273 5426 Etcum
3295 5370 3617 5427 ostendisset
3640 5389 3774 5442 quo-

2194 5470 2352 5525 modo
2394 5470 2572 5539 populi
2615 5468 2715 5522 sub
2740 5482 2806 5521 eo
2848 5464 3073 5533 cadunt,
3105 5462 3371 5533 quomodo
3402 5476 3495 5518 cor
3539 5462 3775 5534 ipsorum

2191 5563 2384 5631 tetigit,
2434 5558 2701 5631 quomodo
2730 5558 2974 5614 inimicos
3014 5560 3302 5628 superavit,
3347 5557 3616 5628 quomodo
3645 5573 3770 5613 eum

2188 5652 2406 5707 deduxit
2432 5649 2672 5715 dextera,
2695 5648 2961 5719 quomodo
2980 5649 3279 5717 veritatem,
3310 5648 3768 5704 mansuetudinem

2190 5752 2243 5798 et
2282 5742 2540 5812 justitiam
2592 5741 2881 5809 plantavit:
2930 5755 3114 5796 rursus
3155 5756 3365 5811 quoque
3411 5740 3769 5811 tuctaphnrica

2652 5950 2677 5967 υ,
