4030 6394
296 327 392 381 199

288 442 530 495 oratione
559 455 685 494 osus
734 447 836 505 est,
871 437 1030 490 \‘elttti
1073 437 1122 489 in
1172 435 1398 505 imagine
1443 435 1738 489 Ecclesium
1780 437 1876 491 de-

287 532 529 585 scribens
559 548 572 583 :
604 541 658 584 et
685 545 802 599 qua:
843 536 1024 596 po~tea
1065 525 1315 578 dixerunt
1347 525 1611 593 apostoli,
1649 525 1734 579 hic
1762 528 1878 594 qui-

291 620 433 685 dem,
467 619 724 690 Despondi
759 633 845 670 vos
872 616 960 669 uni
1003 616 1108 668 viro
1141 615 1380 684 virginem
1418 623 1610 668 castam
1649 615 1880 670 exhibere

291 712 488 767 Christo
519 711 737 784 (L'Cor.
762 711 848 764 Η.
875 707 960 780 2);
996 707 1084 761 ille
1109 720 1309 771 autem,
1344 705 1443 771 Qui
1474 706 1618 760 habet
1641 723 1877 776 sponsam

295 823 507 874 sponsus
532 820 602 858 est
625 804 805 876 (Joan.
855 803 908 857 3.
936 799 1064 872 29);
1095 800 1229 853 alius
1270 813 1427 864 vero,
1468 798 1649 852 Simile
1690 807 1765 852 est
1792 815 1876 851 νει

285 913 442 966 gnum
468 897 707 949 ca'lorum
749 894 942 947 homini
971 891 1078 962 regi
1115 890 1200 961 qui
1243 890 1359 961 fecit
1403 891 1606 960 nuptias
1635 889 1741 958 [ilio
1784 906 1876 941 suo

289 991 500 1060 (Matth.
526 989 623 1043 '92.
651 988 706 1060 2)
747 1006 758 1041 :
790 1003 852 1042 ea
873 985 972 1040 'hic
1001 999 1211 1055 quoque
1240 983 1499 1053 praedicit,
1537 982 1877 1037 introducens

285 1081 446 1136 simul
477 1095 725 1148 sponsam
756 1088 810 1132 et
831 1077 1067 1146 reginam
1100 1090 1113 1126 :
1146 1084 1198 1128 ct
1227 1073 1344 1127 ideo
1373 1073 1521 1136 dicit,
1552 1072 1759 1125 Adstitit
1797 1088 1878 1125 re-

284 1174 403 1243 gina
426 1189 456 1225 α
481 1171 672 1226 dextris
701 1168 817 1222 tuis.
871 1168 1040 1230 Alius,
1077 1163 1319 1220 Stabilita
1365 1173 1468 1228 est,
1514 1163 1615 1216 hoc
1664 1173 1744 1217 est
1780 1163 1874 1217 lir-

285 1265 445 1319 miter
473 1262 640 1324 stetit,
669 1260 816 1314 stetit
838 1257 1202 1312 itnmobiliter.
1231 1254 1382 1321 Quod
1411 1255 1532 1308 alibi
1564 1253 1693 1307 dicit
1724 1254 1880 1307 Chri-

287 1369 402 1410 stus
446 1375 458 1410 ε
514 1355 685 1408 Porta:
730 1353 880 1420 inferi
927 1368 1027 1403 non
1075 1348 1412 1419 prtevalebunt
1456 1348 1720 1400 adversum
1766 1362 1877 1400 eam

289 1448 504 1518 (Matth.
545 1447 626 1501 ιδ.
677 1445 789 1514 18).
827 1443 1014 1496 Vidisti
1063 1442 1322 1511 insignem
1368 1437 1665 1492 honorem?
1701 1436 1876 1490 vidisti

288 1556 550 1593 summam
576 1533 927 1606 dignitatem?
952 1549 1068 1587 eam
1095 1548 1212 1602 qua:
1239 1529 1568 1594 conculcata,
1597 1535 1649 1581 et
1677 1542 1794 1596 qua:
1824 1525 1876 1580 in

288 1631 527 1684 intimum
553 1628 726 1681 locum
756 1625 1035 1681 deturbala
1060 1622 1252 1686 fuerat,
1279 1621 1330 1674 in
1355 1629 1604 1690 quantam
1621 1615 1880 1672 extulerit

285 1721 642 1784 altitudinem,
677 1727 733 1772 ut
763 1717 810 1771 ei
839 1713 1157 1770 assisteret?
1184 1710 1501 1781 cognovisti,
1532 1708 1596 1763 ad
1625 1717 1875 1778 quantam

287 1833 349 1867 ra
381 1830 499 1882 qua:
536 1821 652 1866 erat
679 1812 884 1880 captiva
906 1851 918 1874 ,
949 1808 1174 1861 alienata
1204 1802 1475 1868 meretrix,
1519 1801 1782 1855 scelerata
1822 1808 1876 1853 et

284 1903 645 1968 exsecranda,
677 1901 983 1971 dignitatem
1015 1894 1349 1952 ascenderit?
1376 1895 1506 1948 Cum
1540 1893 1876 1946 ministrato-

286 1999 382 2051 riis
412 1994 761 2066 potestatibus
791 1992 1012 2044 adstitit.
1046 1989 1209 2043 Filius
1235 1987 1449 2056 quippe,
1481 1993 1536 2037 ut
1565 1984 1651 2051 qui
1684 1983 1750 2036 sit
1785 1981 1878 2037 bo-

288 2101 424 2142 nore
451 2085 690 2156 mqualis,
719 2083 865 2137 sedet
888 2099 915 2134 a
941 2081 1142 2135 dextris
1168 2097 1180 2134 :
1211 2078 1322 2146 ipsa
1349 2092 1474 2129 vero
1495 2075 1658 2128 stetit.
1684 2075 1880 2140 Quam-

281 2180 360 2233 vis
380 2180 527 2234 enim
552 2176 834 2246 sim-gina,
855 2183 936 2227 est
964 2182 1134 2226 tamen
1165 2180 1359 2224 creata:
1382 2167 1710 2222 substantia}.
1736 2165 1879 2234 Quo-

271 2268 444 2323 modo
467 2283 595 2338 ergo
613 2265 745 2321 dicit
766 2264 961 2319 Paulus
981 2280 994 2316 :
1015 2259 1428 2315 Com-esuscitavit
1447 2266 1490 2310 et
1509 2256 1774 2309 consedere
1791 2271 1880 2308 nos

268 2363 400 2431 ,[ecit
426 2361 476 2412 in
513 2357 787 2412 ctriestibus
807 2356 859 2408 in
875 2353 1076 2409 Christo
1096 2350 1131 2404 ,Ι
1135 2368 1218 2404 esu
1252 2348 1463 2420 (Ephrs.
1495 2348 1552 2405 2.
1571 2347 1624 2416 6)
1644 2346 1664 2400 ?
1681 2344 1784 2400 Sed
1803 2354 1881 2398 at-

267 2451 439 2504 tende
451 2465 608 2518 quam
626 2457 808 2502 exacte
825 2441 1206 2515 loquatur.Nou
1225 2440 1354 2494 dixit
1368 2437 1700 2492 solummodo
1717 2455 1729 2488 :
1748 2435 1883 2490 Con-

282 2541 593 2596 resuscitavit
618 2549 660 2592 et
682 2537 948 2591 consedere
970 2533 1086 2606 {erit
1107 2575 1120 2599 ,
1146 2530 1238 2585 sed
1260 2572 1274 2596 ,
1303 2527 1371 2582 In
1392 2528 1590 2582 Christo
1613 2569 1626 2591 ,
1653 2527 1753 2580 hoc
1776 2536 1876 2590 est,

285 2649 375 2701 per
387 2629 674 2684 Christum.
690 2627 948 2695 Quoniam
970 2624 1134 2690 enim,
1163 2621 1347 2691 inquit,
1370 2629 1525 2688 caput
1545 2628 1778 2672 nostrum
1799 2629 1880 2673 est

281 2738 440 2792 supra
462 2738 477 2777 :
504 2734 599 2774 nos
620 2729 796 2774 autem
813 2731 1029 2786 corpus,
1046 2730 1165 2768 cum
1183 2712 1426 2781 superius
1443 2711 1622 2764 sedeat
1639 2721 1878 2764 nostrum

281 2821 460 2882 caput,
482 2813 700 2865 honoris
721 2811 1004 2879 participes
1024 2807 1214 2859 I'uitnus
1237 2803 1452 2874 (Ep/tes.
1472 2803 1492 2857 I
1511 2842 1522 2855 .
1538 2802 1653 2871 Ἡ),
1671 2801 1879 2856 etiamsi

286 2905 370 2957 hic
407 2916 640 2967 stemus,
674 2900 740 2954 In
767 2901 939 2954 vestitu
971 2898 1211 2950 deaurato
1237 2937 1250 2960 ,
1280 2893 1588 2946 circumdata
1619 2894 1876 2946 varietate.

288 2995 461 3060 Alius,
485 2995 535 3047 in
566 2993 852 3046 diademate
865 2991 980 3042 auri
1006 2987 1067 3041 de
1091 2987 1284 3058 Suphir
1311 2985 1410 3056 (ιι).

373 3085 540 3139 Vestes
566 3084 872 3152 spiritualcs.
904 3111 969 3122 --
991 3076 1409 3145 Quetnatnodum
1435 3077 1485 3129 in
1509 3091 1631 3146 rege
1658 3091 1762 3129 non
1786 3090 1878 3130 ar-

281 3195 377 3233 cus
407 3189 460 3233 et
490 3178 710 3247 sagittas
753 3174 1129 3242 intelligimus,
1166 3170 1234 3224 ita
1263 3184 1362 3222 nec
1392 3169 1442 3221 in
1475 3183 1668 3237 sponsa
1701 3178 1878 3222 vestes

267 3272 546 3340 intelligo;
576 3268 669 3324 sed
695 3284 788 3337 per
810 3282 870 3321 ea
895 3280 1013 3335 qua:
1038 3273 1160 3318 sunt
1185 3261 1476 3326 sensibilia,
1508 3261 1695 3330 accipe
1721 3275 1876 3314 sensa

281 3381 402 3434 qua:
435 3363 542 3416 beo
588 3359 927 3414 conveniant.
971 3355 1047 3409 Ne
1092 3356 1212 3424 quis
1256 3354 1397 3407 enim
1432 3353 1537 3406 tale
1579 3352 1705 3422 quid
1755 3368 1871 3406 sus-

284 3457 520 3524 picetur,
549 3450 822 3520 subjumit
851 3466 863 3501 :
901 3447 1078 3501 Omnis
1120 3443 1286 3514 gloria
1314 3443 1437 3513 ﬁlia:
1469 3444 1600 3514 regis
1645 3443 1705 3494 ab
1739 3443 1874 3496 intus

285 3557 353 3617 (υ.
397 3547 509 3615 Η).
543 3542 700 3614 Atqui
740 3551 916 3596 vestes
955 3548 1076 3593 sunt
1117 3537 1356 3591 omnium
1401 3536 1630 3589 maxime
1669 3535 1874 3589 extrin-

283 3652 460 3704 secus,
484 3645 538 3691 ct
567 3643 782 3706 propter
802 3648 896 3687 eos
916 3631 1003 3701 qui
1037 3630 1234 3683 vident.
1259 3626 1362 3682 Sed
1398 3629 1498 3680 hoc
1522 3627 1590 3680 ita
1618 3642 1676 3680 se
1700 3626 1874 3688 habet,

283 3728 499 3800 quando
529 3737 650 3781 sunt
700 3741 787 3780 res
828 3737 1147 3792 corporeae:
1181 3718 1394 3788 quando
1440 3730 1568 3771 vero
1612 3717 1785 3786 agitur
1811 3717 1877 3770 de

287 3822 449 3876 rebus
493 3817 894 3889 Spiritualibus,
939 3821 1196 3868 converte
1244 3810 1387 3863 intro
1435 3808 1628 3863 mentis
1671 3807 1898 3861 oculos.

294 3915 442 3968 Ilanc
468 3911 670 3966 vestem
712 3923 802 3963 rex
839 3905 1041 3970 texuit,
1071 3915 1232 3973 atque
1264 3900 1404 3954 illam
1440 3915 1532 3969 per
1556 3899 1877 3968 baptismum

291 4003 482 4060 induit.
534 4001 790 4070 Quotquot
815 3997 981 4059 enim,
1023 3992 1226 4064 inquit,
1258 3992 1309 4045 in
1350 3988 1603 4046 Christum
1637 3988 1879 4058 baptismi

288 4099 426 4163 estis,
455 4095 707 4150 Christum
733 4090 967 4143 induistis
997 4085 1141 4156 (Gal.
1171 4085 1227 4138 5.
1253 4081 1366 4153 27).
1400 4083 1564 4136 Antea
1591 4083 1734 4134 enim
1765 4089 1879 4134 erat

290 4189 450 4253 nuda,
473 4185 641 4254 turpis
660 4192 711 4237 et
735 4180 1035 4242 inhonesta,
1057 4176 1297 4243 exposita
1322 4171 1568 4226 omnibus
1590 4172 1677 4240 qui
1701 4181 1876 4226 trans-

291 4284 435 4334 ibant
462 4294 557 4348 per
600 4275 738 4330 viam
773 4290 786 4327 :
819 4287 884 4326 ex
933 4285 1039 4340 quo
1064 4277 1241 4320 autem
1280 4265 1422 4318 illam
1455 4272 1652 4317 vestem
1686 4263 1875 4330 induit,

289 4381 472 4426 evecta
505 4378 586 4424 est
607 4367 674 4421 ad
705 4366 850 4420 illam
883 4361 1236 4422 altitudinem,
1263 4365 1318 4411 et
1344 4365 1399 4409 ut
1428 4370 1457 4409 a
1485 4354 1688 4412 dextris
1715 4365 1880 4410 staret

291 4469 447 4537 digna
481 4463 578 4517 luit
604 4461 803 4515 habita.
829 4455 1059 4512 Pulchre
1085 4460 1260 4506 autem
1289 4451 1455 4520 ipsam
1484 4464 1696 4518 quoque
1727 4459 1878 4502 vocat

294 4558 626 4610 varietatem.
657 4553 771 4607 Non
821 4556 1032 4604 constat
1057 4546 1200 4600 enim
1239 4543 1402 4598 vestis
1443 4557 1510 4596 ex
1539 4557 1644 4594 uno
1675 4549 1876 4593 tantum

294 4662 510 4719 genere.
540 4646 656 4700 Non
693 4652 867 4712 potest
895 4640 1092 4710 quippe
1120 4636 1323 4692 servari
1349 4651 1414 4689 ex
1444 4635 1608 4704 gratia
1652 4643 1874 4698 tantmn,

295 4740 390 4795 sed
417 4739 525 4792 ﬁde
555 4750 765 4806 quoque
793 4747 926 4801 opus
951 4741 1048 4796 est,
1082 4738 1136 4783 et
1162 4737 1281 4797 post
1311 4726 1465 4780 lidetu
1492 4727 1705 4779 virtute.
1732 4723 1881 4778 Nunc

300 4841 477 4886 autem
509 4843 614 4882 non
662 4826 836 4895 agitur
861 4821 930 4876 de
973 4819 1229 4874 vestibus.
1263 4817 1444 4885 Neque
1471 4815 1612 4870 enim
1652 4814 1881 4883 Spiritus

299 4932 504 4978 tantum
533 4920 592 4973 in
620 4931 680 4970 ea
709 4914 940 4969 studium
973 4910 1203 4982 ponebat
1221 4933 1240 4973 ,-
1271 4918 1326 4961 ut
1351 4922 1540 4960 aureas
1563 4916 1740 4960 vestes
1768 4921 1881 4958 tnu-

303 5015 448 5070 tieris
479 5008 830 5066 describeret.
860 5005 914 5060 Si
946 5003 1088 5058 enim
1117 5001 1368 5055 mulieres
1396 5014 1515 5068 qtae
1540 5013 1598 5051 se
1622 5007 1881 5050 exornant

297 5101 646 5176 reprehendit
691 5098 847 5152 Isaias
870 5137 884 5161 ,
911 5106 964 5150 et
992 5094 1187 5162 ubique
1216 5090 1450 5159 expulsre
1479 5098 1601 5141 sunt
1633 5088 1837 5141 delicia:
1865 5107 1878 5142 :

299 5193 570 5267 quonmdo
617 5191 706 5245 hic
755 5198 997 5242 ornatam
1057 5183 1334 5237 mulierem
1386 5180 1679 5234 laudaverit
1727 5178 1876 5249 (lsai.

292 5293 344 5346 ’5.
373 5289 491 5360 I6)?
513 5291 535 5344 1
554 5290 599 5342 ι.
617 5286 771 5352 Audi,
791 5285 920 5352 ﬁlia,
940 5292 984 5336 et
1017 5281 1154 5346 vide,
1184 5289 1229 5332 et
1255 5276 1440 5330 inclina
1457 5291 1626 5327 aureu
1650 5283 1807 5335 tuam,
1839 5282 1883 5326 et

303 5385 592 5438 obliviscere
621 5380 864 5449 pupulum
893 5390 1033 5430 tuum
1051 5415 1064 5438 ,
1093 5383 1140 5427 et
1167 5373 1371 5425 domum
1397 5369 1555 5439 patris
1581 5366 1671 5418 tui.
1705 5364 1784 5418 I2.
1819 5363 1882 5416 Et

302 5475 722 5545 roncupiscetrea:
741 5472 970 5525 decorem
994 5479 1154 5520 tuum.
1177 5467 1325 5520 Alius
1337 5463 1430 5527 ait,
1455 5460 1520 5516 Ut
1542 5459 1881 5528 concupiscat.

307 5565 561 5622 Ouoninm
593 5564 702 5630 ipse
725 5570 794 5614 est
837 5559 1071 5611 dominus
1095 5568 1230 5609 tuus.
1265 5555 1432 5618 Alius,
1480 5550 1600 5620 Ipse
1643 5551 1772 5602 enim
1812 5558 1883 5600 est

302 5652 539 5708 dominus
584 5664 716 5703 tuus.
755 5651 817 5702 Et
859 5649 1140 5701 adorabunt
1180 5648 1365 5715 ipsum.
1413 5645 1592 5709 Alius,
1627 5641 1687 5694 Et
1727 5641 1886 5693 adora

365 5743 444 5801 tu)
475 5746 542 5788 tte
563 5739 723 5800 (Mair,
749 5739 954 5789 aurifera
980 5746 1127 5797 terra,
1152 5745 1276 5797 lese;
1294 5736 1384 5785 bus
1403 5735 1450 5783 8.

1034 321 1086 374 S.
1122 319 1398 374 J0.\.\'.\.S
1437 318 1909 376 ClIIlYSOSTOLIl
1949 321 2263 380 AllCIIIlLI’.
2306 328 2833 387 CONSTANTINOP.

3461 350 3566 404 200

1987 440 2212 509 ipsum‘.
2254 445 2333 497 15.
2371 444 2436 498 Et
2461 447 2568 515 ﬁlia
2611 448 2736 519 Tyri
2773 452 2822 504 in
2865 456 3166 510 unua-ribus.
3214 459 3381 524 Alius.
3434 464 3568 518 Filia

1981 541 2148 585 autem
2194 537 2340 604 fortis
2367 540 2500 590 dona
2543 540 2685 607 feret.
2755 540 2956 596 Vultum
2984 558 3122 599 tuum
3172 550 3558 619 deprecabuntur

1983 638 2153 676 omnes
2181 627 2357 680 divites
2385 629 2561 697 plebis.

2056 716 2141 769 ll.
2181 716 2408 770 Ecclesia
2439 731 2483 772 et
2509 722 2617 789 ﬁlia
2647 733 2692 776 et
2715 727 3156 792 sponsa.—Vides
3184 735 3452 801 quomodo
3481 736 3532 790 ni
3551 769 3562 776 -

1981 805 2054 859 hil
2073 816 2153 860 est
2170 810 2418 864 sensibile
2439 812 2744 881 iquomodo
2766 817 2894 870 nihil
2913 833 3250 889 corporeum,
3271 824 3364 878 sed
3391 828 3565 880 omnia

1980 899 2309 966 spiritualia?
2342 901 2624 969 “Quomodo
2657 907 2796 960 enim
2824 925 3017 976 sponsa
3041 921 3122 966 est
3149 914 3385 983 ejusdem
3419 917 3521 971 tilia
3545 919 3568 970 ?

1980 992 2439 1060 quomodoautem
2469 994 2571 1049 lilia
2601 1000 2837 1066 sponsa?
2863 1001 2918 1054 In
2945 1004 3103 1058 rebus
3131 1008 3341 1074 quidem
3374 1024 3567 1079 θοι-ρος

1979 1086 2088 1138 reis
2119 1085 2232 1140 lucc
2262 1102 2365 1141 non
2397 1087 2576 1143 insunt
2606 1130 2621 1155 ,
2650 1091 2742 1145 sed
2775 1091 2877 1147 hoc
2903 1096 3114 1163 quidem
3137 1098 3275 1152 aliud
3307 1140 3322 1164 ,
3353 1110 3406 1154 et
3436 1102 3562 1156 illud

1982 1179 2121 1232 aliud
2148 1197 2160 1232 :
2196 1180 2247 1233 in
2279 1181 2386 1235 Deo
2413 1192 2589 1236 autem
2619 1183 2800 1238 insunt
2841 1197 3079 1258 utraque.
3127 1189 3242 1260 Ipse
3269 1193 3409 1246 enim
3442 1211 3559 1249 eam

1983 1271 2316 1335 regeneravit
2345 1287 2440 1342 per
2471 1273 2793 1342 baptismum
2819 1318 2833 1342 ,
2864 1286 2917 1330 et
2949 1279 3059 1346 ipse
3088 1295 3297 1350 quoque
3325 1298 3440 1336 eam
3463 1284 3562 1339 de-

1981 1362 2213 1431 Spondit.
2241 1362 2376 1416 Audi
2407 1405 2422 1427 ,
2455 1365 2584 1432 filia,
2615 1376 2660 1419 et
2686 1367 2815 1421 vide.
2843 1370 2953 1422 Duo
2979 1370 3027 1424 ei
3059 1373 3324 1439 praebuit:
3355 1383 3408 1429 et
3439 1375 3560 1428 doc-

1982 1454 2195 1519 trinam,
2223 1470 2339 1523 qua:
2369 1470 2461 1523 per
2487 1456 2643 1510 verba
2677 1458 2930 1523 traditur,
2958 1469 3010 1513 et
3037 1461 3206 1515 visum
3230 1504 3242 1524 ,
3274 1465 3364 1532 qui
3390 1475 3444 1518 et
3469 1481 3560 1533 per

1983 1545 2233 1598 miracula
2264 1585 2278 1610 ,
2328 1555 2381 1599 et
2422 1563 2516 1616 per
2563 1548 2718 1601 ﬁdem
2765 1552 3088 1620 suscipitur:
3123 1563 3176 1607 et
3206 1553 3317 1608 haec
3347 1557 3560 1624 quidem

1981 1635 2145 1702 dedit,
2180 1636 2266 1690 illa
2297 1651 2424 1691 vero
2458 1638 2721 1706 pollicitus
2748 1650 2847 1694 est.
2881 1642 3016 1695 Audi
3055 1658 3182 1713 ergo
3213 1645 3372 1699 verba
3402 1662 3514 1700 mea
3543 1689 3560 1712 ,

1982 1729 2100 1782 vide
2125 1744 2239 1782 mea
2263 1729 2535 1795 miracula,
2569 1741 2620 1786 et
2647 1749 2759 1787 mea
2790 1750 2948 1802 opera
2971 1777 2985 1800 ,
3019 1746 3072 1790 et
3099 1753 3244 1791 meas
3271 1738 3348 1792 fer
3375 1737 3560 1792 admo-

1984 1821 2232 1876 nitiones.
2281 1820 2416 1876 Vide
2465 1832 2641 1878 autem
2685 1825 2839 1892 quale
2881 1825 2970 1881 det
3022 1827 3169 1896 prius
3217 1839 3561 1898 przcceptmn.

1988 1913 2290 1968 Oblivisceris
2320 1917 2563 1986 populum
2590 1927 2731 1970 tuum
2760 1957 2774 1978 ,
2817 1927 2864 1970 et
2892 1918 3095 1971 domum
3122 1921 3283 1989 patris
3309 1921 3400 1974 lui.
3434 1922 3562 1988 Quia

1983 2007 2123 2060 enim
2147 2021 2264 2060 eam
2286 2006 2569 2076 despondit
2593 2023 2654 2061 ex
2680 2009 2929 2077 gentibus
2958 2051 2972 2074 ,
3005 2009 3107 2064 hoc
3132 2011 3178 2063 ei
3210 2013 3354 2079 prius
3383 2014 3563 2081 pratei-

1985 2101 2081 2170 pit,
2112 2108 2169 2153 ut
2217 2099 2359 2152 illam
2390 2101 2831 2155 consuetudinem
2864 2117 2926 2154 cx
2955 2101 3135 2156 animo
3164 2101 3360 2169 deleat,
3393 2121 3422 2158 e
3450 2121 3564 2156 me-

1984 2192 2150 2246 moria
2173 2192 2391 2258 eximat,
2420 2206 2448 2244 a
2475 2199 2654 2245 mente
2680 2192 2873 2261 ejiciat,
2902 2208 3005 2246 non
3024 2193 3192 2246 solum
3213 2211 3269 2247 ea
3295 2192 3563 2264 fugiendo,

1983 2282 2077 2337 sed
2102 2297 2169 2337 ne
2199 2298 2384 2337 eorum
2425 2283 2639 2353 quidem
2671 2283 3023 2338 recordando.
3063 2285 3127 2337 Et
3154 2286 3443 2340 obliviscere
3472 2303 3565 2356 po-

1985 2375 2160 2443 pulum
2181 2385 2340 2440 tuum,
2369 2385 2415 2430 et
2443 2375 2647 2428 domum
2667 2376 2824 2446 patris
2847 2376 2939 2430 tui.
2971 2377 3192 2442 Quando
3221 2388 3395 2432 autem
3433 2379 3563 2433 dicit

1983 2477 2036 2521 et
2073 2466 2324 2536 populum
2357 2476 2411 2521 et
2439 2465 2654 2520 domum
2683 2509 2697 2533 ,
2743 2467 2990 2537 intelligit
3018 2470 3192 2522 omnia
3218 2486 3334 2538 qua:
3369 2471 3474 2525 illic
3499 2472 3564 2524 ab

1983 2558 2060 2610 eis
2092 2557 2240 2623 fiunt,
2267 2567 2322 2611 et
2343 2557 2481 2627 quod
2510 2559 2574 2610 ad
2608 2561 2765 2610 vitam
2793 2599 2807 2623 ,
2837 2558 3048 2628 etquod
3077 2560 3141 2613 ad
3170 2560 3415 2630 dogmata
3449 2577 3565 2631 per-

1987 2647 2140 2700 tinet.
2193 2647 2256 2699 Et
2298 2648 2617 2716 concupiscet
2667 2665 2758 2700 rea:
2806 2649 3033 2700 decorent
3064 2658 3226 2701 tuum.
3260 2649 3418 2704 Vides
3446 2668 3565 2706 eunt

1986 2755 2092 2792 non
2125 2739 2264 2808 loqui
2291 2738 2358 2793 de
2383 2739 2776 2808 pulchritudine
2803 2740 3040 2810 corporis
3064 2759 3077 2792 :
3111 2742 3154 2795 si
3181 2743 3320 2796 enim
3349 2743 3464 2799 lucc
3491 2745 3566 2799 le-

1983 2833 2142 2896 ccris,
2179 2841 2323 2898 tunc,
2360 2833 2544 2901 inquit,
2570 2833 2675 2887 eris
2699 2833 2935 2903 pulchra,
2962 2843 3085 2888 tunc
3107 2851 3196 2887 rex
3230 2838 3564 2906 concupiscet

1982 2929 2230 2981 decorem
2305 2937 2472 2980 tuum.
2528 2927 2653 2980 Ilarc
2713 2928 2854 2981 enim
2912 2943 3014 2980 non
3061 2928 3183 2981 facit
3232 2929 3568 2998 pulchritudo

1983 3036 2261 3088 corporea.
2314 3019 2470 3089 Atqui
2523 3020 2661 3074 inter
2697 3019 2934 3073 infideles
2981 3021 3218 3074 videmus
3255 3037 3565 3090 corpoream

1983 3111 2426 3182 pulchritudinem
2467 3152 2481 3175 ,
2529 3119 2583 3164 et
2643 3126 2706 3165 ex
2773 3111 3056 3179 gentilibus
3119 3112 3378 3167 formosas
3449 3129 3564 3166 tnu-

1983 3208 2161 3261 liercs.
2190 3205 2294 3260 Sed
2340 3213 2398 3258 ut
2438 3206 2576 3258 scias
2605 3221 2724 3258 cum
2756 3221 2858 3258 non
2905 3205 3042 3273 loqui
3073 3204 3140 3258 de
3173 3205 3568 3272 pulchritudine

1981 3298 2242 3367 corporis,
2272 3311 2388 3350 eam
2420 3295 2550 3349 dicit
2578 3295 2824 3349 constitui
2853 3311 2915 3348 ex
2943 3295 3055 3364 ejus
3084 3294 3385 3349 obl-dientia
3406 3313 3420 3362 ;
3441 3298 3564 3351 obe-

1981 3387 2177 3443 dientia
2205 3397 2380 3441 autem
2407 3403 2509 3439 non
2538 3387 2804 3439 constituit
2832 3385 3277 3456 pulchritudinem
3301 3388 3562 3455 Corporis,

1982 3481 2073 3535 Sed
2101 3480 2312 3534 anima).
2345 3477 2399 3533 Si
2430 3479 2572 3531 enim
2603 3477 2714 3531 Irrue
2735 3519 2748 3540 ,
2783 3478 2952 3548 inquit
2985 3519 3001 3544 ,
3034 3477 3223 3531 feceris
3258 3517 3272 3541 ,
3307 3489 3429 3531 tunc
3460 3480 3566 3533 eris

1986 3573 2205 3642 pulchra
2234 3614 2248 3638 ,
2276 3582 2402 3627 tunc
2429 3572 2536 3623 eris
2561 3583 2758 3639 sponso
2784 3568 3048 3624 amabilis.
3085 3568 3338 3637 Quoniam
3369 3571 3475 3640 ipse
3497 3579 3567 3622 est

1982 3665 2231 3719 Dominus
2253 3676 2379 3717 tuus.
2407 3663 2543 3718 I‘lcce
2573 3670 2740 3731 pater,
2776 3671 2829 3715 et
2849 3676 3096 3730 sponsus,
3127 3671 3180 3717 et
3205 3663 3450 3718 dominus
3475 3677 3565 3729 ap-

1983 3759 2178 3828 paruit.
2203 3756 2462 3824 Quoniam
2491 3754 2632 3808 enim
2656 3753 2814 3823 jussit
2851 3767 2881 3806 a
2930 3753 3238 3822 parentibus
3267 3753 3517 3809 recedere
3547 3793 3563 3816 ,

1983 3847 2160 3919 populi
2205 3845 2445 3902 oblivisci
2465 3887 2479 3912 ,
2509 3844 2947 3900 consuetudinem
2979 3845 3252 3913 expellere
3277 3887 3291 3912 ,
3333 3845 3566 3899 ostendit

1983 3941 2266 3996 maximam
2298 3948 2351 3994 et
2373 3938 2724 4009 justissimam
2751 3951 2868 3992 esse
2895 3953 3132 4004 causam,
3166 3955 3262 3993 cur
3288 3953 3349 3993 ea
3377 3939 3566 4008 prmci-

1983 4041 2150 4104 peret,
2182 4045 2531 4101 magnamque
2551 4044 2670 4084 esse
2691 4027 2908 4083 rationis
2926 4031 3382 4100 consequentiam,
3409 4029 3566 4099 idque

1982 4126 2178 4180 debere
2213 4123 2348 4177 ﬁeri.
2379 4120 2434 4177 Si
2463 4120 2605 4175 enim
2634 4121 2772 4174 idem
2805 4130 2954 4190 pater
2985 4129 3122 4186 tuus,
3163 4120 3301 4175 Idem
3318 4134 3564 4191 sponsus,

1983 4230 2035 4275 et
2063 4218 2202 4271 idem
2231 4214 2512 4268 dominus:
2545 4229 2754 4282 mquam
2779 4222 2859 4267 est
2885 4222 2940 4267 ut
2977 4213 3044 4266 ab
3083 4214 3186 4269 illis
3227 4216 3474 4268 omnibus
3514 4225 3567 4268 te

1982 4319 2252 4390 scjungas,
2304 4328 2356 4374 et
2384 4319 2605 4389 teipsam
2655 4316 2726 4369 illi
2771 4314 3004 4369 addicas.
3046 4313 3160 4369 Non
3191 4313 3320 4368 dixit
3347 4323 3523 4368 autem
3552 4354 3564 4373 ,

1984 4411 2242 4478 Quoniam
2273 4411 2383 4478 ipse
2411 4417 2492 4462 est
2521 4417 2668 4477 pater
2698 4416 2818 4460 tuus
2852 4448 2866 4472 ,
2899 4405 2994 4459 sed
3026 4447 3040 4470 ,
3083 4404 3335 4471 Quoniam
3362 4405 3470 4474 ipse
3494 4414 3566 4457 est

1984 4504 2257 4555 tlominus'
2287 4512 2402 4553 tuus
2433 4541 2447 4566 ,
2477 4512 2532 4552 ut
2556 4513 2618 4553 ea
2651 4498 2982 4566 potissimum
3027 4497 3231 4549 ratione
3264 4495 3408 4547 illam
3442 4501 3565 4545 tan-

1983 4594 2377 4665 gatzquoniam
2405 4591 2493 4662 qni
2537 4599 2622 4645 est
2662 4589 2909 4642 dominus
2964 4597 3018 4641 et
3056 4589 3379 4656 magisteret
3421 4595 3567 4654 pater

1987 4697 2126 4750 tuus,
2151 4684 2316 4738 voluit
2333 4698 2542 4752 quoque
2558 4696 2786 4751 sponsus
2802 4678 2914 4734 ﬁeri
2935 4695 2948 4732 :
2973 4679 3076 4731 imo
3099 4693 3222 4732 vero
3241 4676 3369 4732 illud
3398 4678 3570 4746 ipsum

1985 4793 2194 4849 quoque
2221 4776 2418 4832 factum
2448 4789 2569 4829 esse
2607 4773 2903 4838 dominum,
2930 4785 3151 4824 summae
3177 4779 3232 4824 et
3251 4768 3570 4824 sollicitudi-

1986 4870 2068 4923 nis
2103 4877 2157 4922 et
2197 4865 2534 4922 clementiznz
2565 4872 2622 4918 ut
2650 4879 2768 4933 qua:
2798 4870 2915 4918 erat
2959 4877 3113 4916 serva
3144 4860 3449 4915 diemonum
3475 4900 3491 4926 ,
3518 4867 3573 4914 et

1987 4958 2404 5014 conculcabatur
2429 4956 2495 5009 ab
2523 4970 2708 5010 errore
2728 4997 2743 5019 ,
2773 4969 2890 5009 eam
2921 4968 3072 5007 suam
3101 4967 3221 5007 esse
3242 4952 3424 5006 vellet.
3456 4950 3569 5005 Non

1987 5054 2157 5106 solum
2182 5058 2361 5104 autem
2384 5046 2629 5101 ancillam
2659 5087 2674 5113 ,
2724 5045 2819 5101 sed
2847 5045 3005 5099 tiliam
3052 5043 3176 5098 fecit
3202 5052 3256 5098 et
3295 5057 3568 5112 Sponsam.

1991 5146 2294 5197 (lblivt‘scere
2331 5139 2574 5211 populum
2606 5147 2746 5190 tuum
2779 5179 2792 5203 ,
2836 5146 2881 5190 et
2908 5135 3111 5189 domum
3147 5135 3307 5205 patris
3333 5134 3422 5186 tui.
3455 5132 3569 5187 Non

1987 5237 2131 5291 enim
2162 5234 2310 5289 venis
2332 5233 2396 5287 ad
2420 5233 2650 5285 alienum
2676 5229 2978 5299 quempiam
3005 5269 3019 5293 ,
3047 5227 3141 5282 sed
3167 5226 3232 5280 ad
3259 5243 3378 5281 eum
3402 5227 3489 5295 qui
3525 5237 3575 5280 te

1989 5326 2112 5380 fecit
2138 5367 2152 5391 ,
2184 5334 2238 5378 et
2263 5334 2343 5378 est
2373 5321 2620 5377 omnibus
2647 5320 2754 5374 illis
2781 5319 2875 5373 tibi
2907 5319 3255 5388 propinquior
3288 5357 3302 5379 ,
3336 5332 3398 5371 ac
3427 5318 3494 5370 de
3525 5328 3575 5369 te

1990 5429 2070 5473 est
2097 5417 2356 5471 sollicitus
2378 5456 2394 5481 ,
2428 5414 2608 5482 tuique
2635 5427 2816 5466 curam
2862 5412 3018 5480 gerit.
3054 5408 3170 5479 Ipse
3201 5409 3340 5462 enim
3369 5418 3448 5462 est
3478 5406 3574 5461 do-

1992 5513 2167 5565 minus
2193 5517 2313 5563 tuus
2337 5517 2390 5561 et
2417 5517 2588 5578 pater,
2612 5515 2665 5559 et
2695 5504 2807 5574 ipse
2834 5501 3011 5556 omnia
3044 5502 3135 5554 tibi
3163 5501 3326 5554 dedit.
3360 5495 3426 5551 Et
3451 5498 3570 5550 ado-

2056 5604 2071 5633 ¹
2109 5607 2252 5657 Unus,
2279 5605 2333 5648 Et
2354 5597 2580 5647 adorabis
2602 5595 2780 5658 ipsum.

2057 5665 2076 5694 ²
2112 5653 2500 5720 Ροδι,’άοηιὶηιι.ς,
2526 5653 2689 5707 Morel.
2715 5656 2862 5716 addit,
2885 5659 2930 5705 et
2962 5653 3188 5718 magister
3208 5659 3254 5703 et
3284 5659 3442 5716 pater,
3470 5662 3573 5712 quae

1995 5725 2170 5773 desunt
2194 5724 2241 5770 in
2264 5720 2400 5771 Savil.
2428 5727 2478 5770 et
2502 5726 2606 5769 Mss.
