4030 6410
411 315 510 371 ΞἨ

418 517 532 570 hzee
560 510 982 582 consequentia?
1011 508 1167 564 Certe
1200 507 1397 576 Optima
1422 523 1432 557 :
1458 512 1539 558 est
1567 503 1708 557 enim
1739 499 1998 569 optinnnn

414 621 585 677 genus
611 601 1015 657 adhortationis.
1039 598 1269 664 Accede,
1299 596 1471 665 inquit
1501 612 1514 649 :
1559 602 1682 647 sunt
1709 593 1851 647 enim
1881 603 1998 643 ma-

418 698 573 751 ximae
598 696 715 764 ejus
742 696 882 748 vires
913 709 928 759 ;
954 698 1008 747 et
1030 704 1217 744 omnes
1232 688 1278 742 ei
1297 686 1566 741 obedient.
1588 683 1800 737 Mittens
1822 689 1998 734 autem

421 789 676 857 propheta
722 785 902 841 dicere
941 783 1123 837 orbem
1168 788 1429 835 terrarum
1454 818 1469 845 ,
1497 776 1628 831 dicit
1651 773 1998 844 propinquam

416 880 686 932 civitatem
719 916 734 941 ,
776 890 893 946 qua:
920 872 1109 928 morbo
1136 870 1420 940 impietatis
1452 879 1577 923 tunc
1600 866 1830 921 maxime
1855 863 2007 918 labo-

419 971 592 1034 tabat,
614 977 670 1023 et
696 976 812 1023 erat
834 981 925 1020 arx
955 964 1149 1020 diaboli
1181 1003 1197 1031 ,
1226 963 1291 1019 de
1307 962 1459 1033 cujus
1480 959 1669 1032 opibus
1687 967 1740 1014 et
1757 954 2003 1027 magniﬁ-

417 1059 593 1117 centia
624 1058 761 1113 fama
789 1067 903 1111 erat
930 1055 1180 1119 maxima,
1212 1069 1276 1109 ex
1308 1061 1459 1124 parte
1485 1060 1652 1106 totum
1673 1049 2000 1119 signiﬁcans.

496 1156 665 1211 Nares
692 1172 755 1209 ea:
780 1153 980 1209 urbibus
1017 1153 1368 1222 exprimuntur
1397 1165 1417 1215 ;
1447 1144 1641 1200 uirtutis
1661 1143 1773 1196 laus
1796 1140 2002 1196 eximia.

418 1247 629 1303 —Mihi
654 1256 829 1301 autem
854 1245 1061 1299 videtur
1081 1257 1292 1297 omnem
1319 1240 1642 1310 impietatem
1668 1244 1722 1290 et
1745 1232 2003 1287 luxuriam

422 1346 504 1399 sic
529 1354 719 1395 vocare
744 1356 757 1387 τ
787 1339 923 1393 solet
950 1337 1093 1392 enim
1120 1348 1297 1389 mores
1318 1348 1381 1387 ex
1409 1330 1629 1386 urbibus
1653 1326 1953 1396 exprimere
1986 1363 2002 1388 ,

424 1448 482 1489 nt
505 1432 716 1504 quando
736 1431 862 1487 dicit
892 1448 906 1484 :
937 1428 1120 1482 Audite
1142 1426 1341 1481 verbum
1374 1421 1594 1483 Domini,
1630 1417 1880 1490 principes
1905 1415 2007 1469 So-

428 1527 730 1580 domorum:
755 1522 924 1576 audite
945 1522 1101 1591 legem
1130 1517 1224 1570 Dei
1248 1514 1396 1571 uestri
1422 1554 1437 1576 ,
1472 1512 1688 1581 papulas
1712 1506 2008 1564 Gomorrha:

426 1619 579 1689 (Isai.
607 1618 655 1671 ί.
699 1614 812 1684 10).
861 1613 1016 1682 Atqui
1045 1608 1415 1680 alloquebatur
1452 1604 1666 1659 Judzeos
1695 1619 1709 1656 :
1738 1598 1834 1655 sed
1872 1613 2005 1668 quo-

425 1711 568 1765 niam
596 1723 655 1763 ea
687 1704 950 1761 faciebant
980 1717 1098 1773 qua:
1136 1700 1332 1754 ﬁebant
1369 1713 1397 1750 a
1427 1693 1717 1752 Sodomitis
1740 1733 1755 1757 ,
1785 1705 1879 1746 cos
1904 1703 2004 1759 ap-

426 1801 588 1873 pellat
617 1816 647 1853 a
679 1796 893 1852 nomine
937 1792 1314 1849 Sodomorum.
1348 1789 1412 1842 Et
1451 1786 1575 1856 quid
1604 1781 1815 1838 miraris
1843 1780 1887 1834 si
1911 1793 2008 1834 eos

424 1871 503 1948 sic.
526 1889 756 1962 appellat
779 1903 844 1942 ex
873 1886 1061 1959 patria,
1086 1899 1204 1940 cuin
1227 1882 1305 1936 eis
1328 1894 1539 1951 quoque
1562 1877 1649 1931 det
1678 1884 1855 1944 patres
1877 1871 2011 1941 ejus-

426 1983 593 2050 modi,
619 1983 802 2037 dicens
826 1997 838 2033 :
874 1978 1028 2032 Pater
1053 1988 1167 2030 tuus
1194 1984 1265 2028 est
1288 1973 1634 2035 Amorrltwus,
1664 1975 1711 2021 et
1738 1975 1895 2019 mater
1920 1974 2009 2016 tua

429 2075 649 2128 Cltettwa
675 2070 884 2144 (Ezeclt.
924 2068 1009 2123 16.
1032 2068 1109 2136 5).
1131 2066 1199 2121 Et
1224 2081 1291 2120 ne
1315 2063 1400 2118 hic
1417 2062 1629 2134 quidem
1654 2059 1793 2113 sistit
1820 2071 2006 2112 eorum

426 2166 837 2228 accusationem,
870 2161 963 2217 sed
995 2162 1152 2215 etiam
1183 2158 1249 2213 ad
1281 2157 1420 2211 feras
1450 2169 1617 2224 usque
1644 2149 1861 2207 deducit
1885 2162 2005 2201 ora-

428 2264 627 2318 tionem
661 2301 676 2327 ,
720 2259 770 2312 in
818 2256 966 2311 Novo
1015 2253 1228 2326 quidem
1280 2251 1623 2305 Testamento
1675 2247 1752 2301 sic
1799 2243 2012 2300 dicente

427 2356 736 2425 Scriptura:
771 2351 1038 2420 Serpentes
1062 2348 1315 2420 genimina
1345 2344 1629 2413 viperarum
1657 2338 1805 2409 (Luc.
1830 2338 1883 2392 5.
1908 2335 1962 2407 7)
1990 2351 2005 2399 ;

429 2460 484 2504 et
509 2463 691 2502 rursus
718 2446 769 2500 in
802 2442 973 2498 Veteri
998 2459 1012 2496 :
1045 2439 1152 2495 Ova
1179 2437 1414 2508 aspidem
1439 2440 1684 2504 ruperunt
1715 2471 1730 2497 ,
1771 2439 1816 2485 et
1857 2428 2008 2482 telam

435 2555 641 2596 orauere
666 2545 839 2592 texunt
868 2536 885 2608 (
912 2532 1044 2589 Isai.
1069 2532 1155 2588 59.
1184 2532 1218 2588 5
1252 2535 1292 2602 ).
1327 2531 1391 2584 Et
1419 2527 1576 2582 alibi:
1620 2521 1884 2594 Numquid
1912 2538 2013 2575 non

432 2634 561 2689 sicut
588 2632 684 2700 ﬁlii
715 2629 1025 2700 Afiniopum
1059 2643 1144 2681 vos
1178 2625 1293 2679 estis
1346 2621 1468 2677 milii
1502 2619 1698 2694 (Amos.
1728 2618 1782 2673 9.
1811 2615 1911 2689 7)?
1939 2613 2013 2670 Ila

434 2725 523 2780 hic
552 2725 713 2779 etiam
753 2737 846 2777 cos
871 2719 959 2790 qui
988 2717 1149 2788 impie
1178 2713 1530 2770 ctlibidinose
1544 2711 1811 2772 vixerunt,
1826 2707 2016 2779 Tyrios

432 2817 736 2889 appellavit.
760 2814 866 2870 Sed
890 2813 1057 2868 etiam
1086 2824 1201 2873 eos,
1228 2808 1417 2879 inquit,
1445 2802 1728 2874 superabo,
1761 2809 1816 2857 et
1844 2801 1895 2853 in
1925 2813 2017 2854 eos

444 2911 776 2966 dominatum
807 2905 1081 2969 obtinebo,
1107 2910 1160 2958 et
1189 2902 1257 2957 ita
1285 2898 1557 2964 obtinebo,
1580 2906 1639 2952 ut
1664 2894 1763 2965 ipsi
1786 2908 1871 2948 me
1898 2891 2022 2945 ado-
2059 2926 2061 2929 ι

436 3012 596 3061 rent:
627 3013 681 3058 et
710 3017 814 3057 non
845 2995 1180 3054 solummodo
1209 2994 1452 3058 adorent,
1486 2990 1581 3047 sed
1610 3002 1832 3043 munera
1853 2984 2015 3041 etiam

439 3107 494 3153 et
515 3094 775 3166 primitias
803 3090 1034 3146 oderant
1059 3130 1073 3156 ,
1098 3086 1239 3160 quod
1270 3093 1350 3141 est
1381 3082 1670 3139 maximum
1696 3091 1864 3150 genus
1891 3074 2020 3131 ado-

444 3186 680 3249 rationis,
702 3192 757 3240 et
781 3185 990 3254 signum
1016 3193 1241 3236 summa:
1267 3173 1605 3231 obedientize.
1645 3169 1849 3225 Vultum
1876 3178 2019 3221 tuum

450 3276 839 3347 deprecabuntur
866 3273 1040 3328 divites
1068 3271 1242 3341 plebis.
1264 3266 1400 3337 Quid
1431 3272 1533 3331 est,
1563 3260 1978 3333 Deprecabuntur
1998 3259 2024 3313 Ζ)

448 3371 659 3426 llonore
700 3378 755 3424 et
781 3366 949 3438 gloria
985 3362 1221 3419 afﬁcient
1252 3402 1267 3427 ,
1308 3360 1396 3431 qui
1429 3373 1570 3413 nunc
1600 3356 1775 3428 magni
1821 3363 1944 3411 sunt
1971 3360 2025 3407 et

448 3461 665 3518 rveclsi.
692 3461 805 3516 lloc
830 3459 987 3537 enini
1004 3457 1063 3513 ﬁt
1090 3453 1408 3512 in-Ecclesia
1438 3494 1453 3519 ,
1485 3465 1580 3508 eos
1611 3450 1705 3523 qui.
1733 3465 1799 3505 ex
1823 3448 2023 3503 virtute

446 3558 606 3611 vitam
631 3563 794 3627 agunt
817 3567 1005 3608 omnes
1033 3551 1319 3611 honorant,
1337 3546 1537 3611 colunt,
1568 3544 1691 3600 licet
1710 3544 1818 3600 sint
1838 3551 1894 3599 et
1913 3541 2030 3611 opi-

447 3649 546 3701 bus
593 3659 647 3703 et
688 3644 1003 3700 auctoritate
1027 3643 1282 3712 insignes.
1313 3638 1572 3695 Omnibus
1609 3635 1750 3693 cnim
1777 3633 1944 3707 copiis
1975 3641 2031 3689 et

449 3738 786 3793 facultatibus
810 3744 893 3791 est
921 3734 1092 3804 major
1115 3733 1308 3787 virtus.

522 3830 606 3884 12.
633 3828 816 3883 Videte
843 3836 1015 3881 autem
1050 3824 1337 3879 Ecclesium
1360 3837 1479 3893 qum
1498 3820 1793 3876 honoratur
1817 3818 1885 3875 ab
1910 3832 2030 3873 om—

451 3923 623 3976 nibus.
656 3919 821 3975 Recte
851 3934 975 3974 vero
1004 3917 1156 3980 dixit,
1199 3915 1407 3970 Vultum
1433 3922 1574 3969 tuum
1594 3954 1610 3981 ,
1640 3915 1741 3969 hoc
1766 3920 1846 3968 est
1869 3955 1882 3976 ,
1915 3913 2031 3983 glo-

452 4016 585 4070 riam
616 4023 789 4077 tuam,
816 4010 1042 4066 formam
1077 4017 1131 4065 et
1156 4006 1603 4080 pulchritudinem
1640 4014 1805 4061 tuam.
1836 4003 2035 4059 Deinde

451 4105 701 4175 quoniam
746 4102 923 4158 vultus
966 4100 1239 4166 meminit,
1274 4109 1328 4155 et
1370 4098 1618 4164 vestium,
1648 4106 1705 4154 et
1746 4094 2038 4167 pulchritu-

452 4174 613 4264 dinis,
646 4212 714 4252 ne
733 4197 852 4267 quis
869 4196 1103 4251 crassior
1129 4193 1352 4247 sentiret
1376 4190 1574 4262 aliquid
1598 4189 1874 4255 sensibile,
1906 4174 2054 4242 διώ-⁸

450 4290 655 4360 junsit,
683 4288 868 4344 dicens
890 4303 907 4343 :
932 4287 1021 4343 ἥ.
1053 4285 1231 4340 Omnis
1263 4284 1427 4355 gloria
1465 4283 1588 4354 ﬁlice
1611 4281 1743 4354 regis
1783 4281 1846 4335 ab
1880 4282 2036 4334 intus.

456 4383 513 4437 In
538 4392 791 4448 mentem,
822 4382 1009 4451 inquit,
1038 4379 1336 4451 ingredere,
1367 4377 1545 4433 edisce
1592 4374 2038 4446 pulchritudinem

457 4474 682 4539 animae;
710 4473 778 4527 de
799 4472 900 4527 illis
922 4481 1097 4527 tecum
1122 4470 1331 4540 loquor,
1360 4477 1414 4524 et
1439 4469 1482 4522 si
1508 4476 1711 4524 vestem
1739 4466 1860 4522 dico
1879 4508 1892 4531 ,
1917 4475 1971 4522 ct
1997 4465 2043 4520 si

461 4563 908 4635 pulchritudinem
931 4561 1072 4627 dico,
1104 4562 1149 4617 si
1178 4560 1413 4616 limhrias
1435 4559 1557 4616 dico
1577 4601 1590 4628 ,
1613 4559 1656 4613 si
1686 4567 1870 4614 aurata
1899 4558 2039 4624 dico,

462 4657 505 4708 si
528 4656 649 4711 dico
675 4655 1045 4727 quodcumque
1069 4654 1137 4710 sit
1170 4652 1462 4724 ejusmodi,
1497 4652 1564 4707 de
1606 4659 1785 4707 mente
1819 4652 2044 4719 loquor,

462 4748 703 4804 doctrina
724 4756 807 4802 est
826 4745 894 4802 de
920 4747 1120 4814 animo,
1144 4754 1225 4801 est
1255 4744 1322 4800 de
1344 4744 1544 4799 virtute
1567 4742 1710 4813 quod
1737 4742 1950 4808 dicitur,
1981 4741 2050 4796 de

466 4843 673 4895 interna
723 4839 915 4910 gloria.
966 4837 1091 4893 ldeo
1141 4837 1368 4892 ﬁdenter
1403 4835 1696 4890 orationem
1737 4833 1944 4889 reducit
1984 4832 2050 4888 ad

466 4946 753 5000 corporcas
779 4928 1178 4995 similitudines,
1198 4936 1477 4997 postquam
1496 4940 1734 4980 crassum
1753 4925 2048 4980 auditorem

469 5039 532 5077 ex
568 5021 725 5076 dictis
752 5027 1080 5077 correxerat.
1102 5016 1177 5072 .In
1218 5018 1426 5086 ﬁmbriis
1456 5017 1625 5071 aureis
1655 5016 2053 5080 circumamicta,

471 5118 707 5169 uarietate
724 5124 924 5168 ornato.
949 5111 1120 5178 Alius,
1151 5110 1255 5165 Per
1273 5110 1456 5179 ﬁbulas
1477 5126 1657 5165 aureas
1681 5110 1816 5164 uarie
1840 5110 2017 5164 induta
2039 5122 2059 5164 :

473 5210 688 5263 nomine
713 5207 827 5260 auri
860 5207 1112 5261 virtutem
1154 5220 1339 5260 rursus
1371 5218 1585 5259 vocans.
1610 5203 1688 5258 Ita
1726 5202 1885 5258 etiam
1930 5201 2060 5259 dicit

476 5302 702 5356 Paulus:
737 5300 799 5355 Si
828 5300 940 5371 quis
968 5298 1337 5369 supermdiﬁcat
1361 5313 1513 5367 super
1536 5298 1630 5349 hoc
1654 5296 2061 5367 fundamentum,

475 5409 688 5458 aurum,
736 5400 1032 5461 argentum,
1075 5389 1268 5456 lapides
1312 5390 1589 5461 pretiosos,
1623 5389 1761 5458 ligna
1784 5429 1800 5455 ,
1830 5388 2019 5458 [tenam
2041 5427 2058 5455 ,

477 5486 718 5552 stipulam
748 5482 823 5555 (ι.
855 5481 971 5537 Cor.
998 5483 1049 5536 5.
1085 5481 1174 5554 η)
1215 5498 1229 5534 2
1271 5482 1520 5536 virtutem
1568 5490 1623 5536 et
1659 5479 1841 5535 vitimn
1875 5480 2062 5534 harum

481 5575 830 5629 materiarum
861 5574 1218 5644 appellatione
1246 5572 1552 5627 ostendens.
1594 5571 1671 5626 Ne
1697 5572 1839 5627 enim
1883 5572 2065 5627 existi-

483 5680 660 5721 mares
687 5666 802 5720 lucc
830 5679 950 5720 esse
976 5665 1048 5732 id,
1083 5664 1222 5734 quod
1246 5666 1401 5718 situm
1426 5674 1507 5719 est
1536 5666 1757 5721 interius
1778 5709 1791 5731 ,
1816 5684 1918 5721 non
1940 5654 2063 5736 per-

484 5758 650 5813 mittit
678 5766 735 5813 ut
755 5773 874 5831 qua:
906 5768 1030 5815 sunt
1058 5768 1273 5813 externa
1302 5760 1636 5829 iuzagineris,
1667 5761 1759 5815 sed
1788 5760 1923 5816 intra
1956 5773 2063 5818 trav

1547 292 1904 356 EXPOSITIO
1945 290 2007 346 IN
2047 289 2366 347 PSALMUM
2410 290 2587 348 κων.

416 425 594 479 rabnnt
622 438 737 476 eum
766 435 786 475 :
815 427 862 474 et
885 418 994 489 ﬁlia
1032 415 1157 489 Tyri
1207 416 1257 469 in
1301 412 1609 469 muneribus.
1631 410 1884 479 Qumnam
1911 412 1995 461 est
2040 463 2050 476 ,

3577 297 3686 345 εει

2107 404 2183 456 hit
2226 406 2618 475 cogitationem.
2666 408 3123 475 Quemadmodum
3168 409 3309 467 enim
3361 425 3558 482 .cul‘p'ts
3609 416 3707 467 his-

2102 496 2381 563 indutum,
2414 500 2690 569 pulchrum
2717 512 2937 574 apparet
2965 522 2978 559 :
3003 505 3072 560 ita
3103 516 3325 561 ornatur
3354 507 3528 561 anima
3554 506 3599 562 si
3619 508 3692 562 sit

2105 589 2296 645 virtute
2324 591 2524 647 induta.
2556 595 2645 649 15.
2665 596 2991 652 Adducentur
3025 598 3131 670 regi
3163 600 3376 670 uirgines
3416 608 3529 670 post
3556 617 3711 661 eam

2102 680 2272 746 Alius,
2299 683 2601 755 Sequentur.
2631 687 2803 755 Alius,
2837 689 3143 759 Oﬂ'erentur.
3171 692 3431 749 Proxinue
3464 696 3575 767 ejus
3601 698 3687 768 af-

2104 779 2327 846 ferentur
2354 777 2461 832 tibi.
2488 777 2573 833 16.
2602 779 2893 847 A/i'erentur
2932 784 2984 838 in
3008 782 3183 841 ltetitia
3222 795 3270 843 et
3311 789 3648 848 exsultatione
3677 809 3698 849 :

2103 865 2412 922 adducentur
2444 869 2494 923 in
2524 870 2764 944 tentplum
2798 873 2951 945 regis.

2185 960 2498 1033 l’irginitatis
2514 966 2611 1036 ﬂos
2637 965 2781 1020 vestis
2807 965 3079 1035 Ecclesiae;
3110 968 3336 1026 Ecclesia
3359 975 3482 1030 olim
3506 978 3693 1032 sterilis

2105 1068 2238 1106 nunc
2288 1064 2388 1108 est.
2417 1065 2575 1110 mater
2624 1057 2846 1126 ﬁliorum
2894 1059 3453 1120 innumerabilium.—-
3500 1066 3691 1123 Vidisti

2109 1154 2287 1200 vestes
2332 1145 2863 1205 ﬁmbriatas?vidisti
2909 1153 3162 1206 amictum
3200 1170 3454 1225 aureum,
3503 1159 3688 1212 llorem

2109 1236 2473 1306 virginitatis?
2504 1237 2629 1295 lltec
2666 1247 2752 1295 est
2777 1242 2941 1297 vestis
2970 1242 3243 1299 Ecclesite.
3272 1245 3567 1303 Considera
3596 1264 3697 1304 au.

2110 1333 2215 1381 tem
2265 1328 2395 1397 mihi
2446 1345 2603 1400 quam
2659 1341 2905 1389 accurate
2958 1333 3207 1405 loquatur
3248 1338 3527 1408 propheta.
3558 1340 3721 1407 Quia»-

2108 1417 2251 1471 euim
2279 1434 2383 1472 non
2415 1419 2595 1474 statim
2614 1462 2629 1487 ,
2661 1438 2782 1477 cum
2823 1421 3055 1494 primum
3084 1428 3370 1483 constituta
3401 1437 3485 1485 est
3511 1430 3696 1486 Eccle-

2108 1507 2221 1573 sia,
2259 1507 2437 1564 ﬁoruit
2482 1511 2682 1567 bonum
2720 1513 3072 1585 virginitatis,
3119 1517 3213 1572 sed
3260 1519 3535 1590 aliquanto
3575 1533 3720 1592 post-

2110 1608 2389 1670 tempore:
2422 1613 2704 1673 propterea
2755 1605 2868 1675 ipse
2917 1623 3132 1679 quoque
3178 1621 3361 1680 postea
3406 1612 3456 1667 id
3502 1615 3693 1684 ponit,

2112 1708 2303 1763 nempe
2334 1703 2609 1765 postquam
2630 1711 2692 1752 ea
2720 1695 2884 1753 oblita
2914 1696 3069 1754 fuerit
3091 1702 3269 1772 populi
3307 1711 3359 1758 et
3388 1702 3577 1760 domus
3604 1720 3699 1775 pa-

2112 1784 2229 1847 tris.
2251 1795 2305 1841 et
2330 1785 2511 1841 induta
2531 1786 2689 1843 fuerit
2717 1788 2808 1843 illo
2835 1798 3024 1845 ornatu
3045 1833 3061 1858 ,
3083 1801 3137 1847 et
3163 1794 3343 1863 specie
3372 1810 3436 1851 ac
3462 1796 3697 1867 pulchri.

2114 1878 2298 1935 tudine
2322 1879 2606 1936 rct‘ulserit.
2626 1882 2695 1937 Et
2720 1883 2839 1939 ideo
2863 1884 3022 1939 dicit:
3048 1883 3177 1941 Post
3194 1903 3307 1942 eam
3325 1888 3570 1957 proxima:
3589 1891 3696 1961 ejus

2111 1968 2404 2037 a/I'ereutur.
2436 1971 2714 2040 Proximis,
2738 1989 2842 2029 non
2868 1975 2988 2029 loco
3010 1985 3234 2046 tantum,
3261 1977 3355 2033 sed
3383 1988 3436 2033 et
3458 1979 3717 2034 moribus-

2111 2072 2165 2117 et
2209 2061 2543 2132 dogmatibus
2592 2079 2712 2120 cum
2761 2080 2823 2119 ea
2871 2074 3266 2136 congruentes;
3324 2069 3720 2126 hmrcticorumw

2112 2151 2252 2206 enim
2283 2154 2511 2224 virgines
2539 2171 2642 2209 non
2665 2164 2809 2212 recte
2837 2156 3034 2213 dixeris
3058 2159 3323 2229 virgines;
3358 2176 3530 2231 neque
3553 2163 3718 2218 enini-

2113 2254 2237 2299 sunt
2260 2246 2516 2314 proxima:
2560 2247 2778 2317 regium.
2811 2247 3101 2316 Afferentur
3127 2252 3182 2305 in
3211 2250 3384 2306 (milia
3404 2262 3450 2305 ct
3470 2255 3696 2309 exsulta~

2114 2335 2269 2390 tione.
2296 2335 2426 2392 Vide
2462 2336 2550 2391 hic
2597 2337 2798 2393 dictum
2847 2340 3196 2410 apostolicum
3239 2343 3613 2414 rcsplcndere,
3645 2356 3700 2401 et

2115 2428 2259 2482 illam
2297 2428 2716 2484 enuntiationem
2746 2431 2954 2486 ostendi
2981 2433 3141 2488 etiam
3174 2434 3223 2487 in
3253 2435 3696 2505 prephc'a.Qu'.e-

2116 2536 2237 2574 nam
2267 2529 2443 2575 autem
2468 2536 2527 2575 ea
2560 2522 2683 2576 est?
2714 2520 3104 2579 Tribulatiouem
3126 2524 3293 2579 carnis
3323 2525 3571 2581 habebunt
3587 2543 3723 2598 quc-

2116 2614 2309 2668 nubunt
2358 2615 2433 2684 (1..
2462 2615 2580 2669 Cor.
2613 2615 2663 2668 7.
2704 2614 2828 2686 28).
2869 2615 3326 2684 Quemadmodum
3375 2628 3550 2676 autem
3596 2619 3702 2674 illa:

2118 2705 2480 2769 alﬁictionem,
2510 2707 2579 2761 ita
2623 2704 2707 2761 lite
2750 2707 2984 2763 lmtitiam
3027 2717 3080 2762 et
3121 2710 3554 2766 exsultationem.
3592 2709 3715 2765 lllze~

2117 2799 2262 2852 enim
2303 2798 2440 2853 ﬁlios
2482 2806 2540 2853 et
2580 2800 2853 2866 maritum,
2883 2800 3121 2867 domum,
3155 2800 3398 2869 famulos,
3425 2812 3703 2874 cognatos.

2119 2905 2371 2957 soceros,
2401 2906 2653 2961 generos,
2699 2900 2941 2961 nepotes,
2972 2892 3257 2948 liberorum
3309 2893 3721 2949 multitudinem;

2121 2982 2542 3053 corumdemque
2567 2982 2651 3037 vel
2678 2982 2943 3039 defectum
2971 2984 3053 3039 vel
3082 2985 3363 3040 orbitatem
3391 2999 3581 3040 curare
3610 3000 3706 3041 co-

2122 3082 2316 3145 guntur
2360 3073 2560 3146 (neque
2605 3075 2747 3129 enim
2794 3090 2937 3130 nunc
2984 3086 3194 3143 tempus
3240 3086 3322 3132 est
3373 3077 3723 3133 describendi.

2125 3164 2442 3235 multiplices
2469 3179 2628 3220 curas
2656 3166 3001 3239 matrimonii)
3025 3186 3036 3221 :
3057 3165 3203 3239 Virgo
3229 3176 3406 3223 autem
3433 3169 3706 3236 crueiﬁva,

2125 3264 2180 3312 et
2207 3271 2236 3310 a
2265 3256 2617 3326 praesentibus
2643 3258 2887 3326 liberata,
2907 3266 2960 3314 et
2985 3274 3127 3315 curis
3152 3265 3216 3314 ad
3244 3258 3382 3314 hanc
3402 3261 3562 3315 vitam
3589 3277 3711 3332 per-

2127 3348 2417 3404 tinentibus
2441 3347 2628 3405 cll'ccta
2654 3351 2899 3421 superior
2924 3358 2979 3407 et
3004 3352 3191 3421 euripo
3220 3350 3442 3423 trajecto
3462 3395 3477 3419 ,
3522 3353 3573 3408 in
3607 3370 3715 3409 cai-

2091 3457 2100 3463 ·
2128 3439 2236 3496 lum
2260 3441 2499 3513 quotidie
2528 3443 2847 3512 suspiciens,
2871 3442 3063 3498 fruitur
3086 3443 3280 3515 gaudio
3309 3444 3561 3514 Spiritus,
3592 3462 3711 3517 pera

2130 3536 2366 3592 funditur
2406 3538 2779 3594 exsultatione.
2823 3538 2937 3593 Non
2985 3538 3157 3593 solum
3203 3548 3379 3596 autem
3431 3542 3732 3611 praesentia.

2130 3630 2391 3700 propheta
2412 3671 2426 3694 ,
2457 3630 2550 3685 scd
2578 3630 2736 3686 etiam
2780 3629 2955 3685 futura
2984 3630 3306 3696 subindicat,
3338 3631 3553 3702 quando
3594 3634 3725 3703 pul-

2132 3721 2292 3777 chras
2319 3731 2374 3777 et
2402 3721 2711 3792 splendidas
2737 3720 3012 3791 lampades
3041 3721 3299 3778 habentes
3319 3722 3453 3777 ﬁunt
3479 3723 3729 3790 obviam,

2132 3827 2386 3883 sponsum
2412 3813 2738 3882 excipientes
2765 3812 2979 3884 (Matth.
3008 3811 3102 3869 25.
3125 3813 3202 3885 7).
3235 3813 3512 3885 Templum
3540 3823 3720 3870 autem

2135 3906 2275 3976 regis
2304 3905 2391 3960 hic
2420 3913 2574 3961 vocat
2597 3906 2795 3976 regiam
2822 3947 2838 3973 ,
2866 3913 2922 3960 et
2956 3905 3137 3975 sponsi
3170 3904 3462 3960 thalamum
3488 3905 3721 3977 appellat

2136 3996 2351 4054 cubilia.
2383 3996 2471 4052 17.
2505 3995 2610 4052 Pro
2640 3996 2863 4068 patribus
2885 3996 2984 4052 tuis
3017 3998 3126 4051 nati
3150 4007 3266 4053 sunt
3294 3998 3392 4068 filii
3423 3999 3517 4053 tui.
3548 3982 3719 4062 Alius,

2139 4090 2304 4146 Erunt
2325 4090 2414 4145 tibi
2434 4090 2531 4161 ﬁlii
2555 4090 2913 4159 tui.Quoniam
2934 4089 3180 4160 superius
3205 4091 3447 4146 meminit
3473 4091 3724 4162 populiet

2140 4192 2443 4255 parentum,
2460 4181 2645 4239 dicens
2671 4200 2684 4237 :
2706 4180 3009 4238 Obliviscere
3033 4182 3211 4253 populi
3236 4184 3338 4247 tui,
3358 4192 3405 4238 et
3426 4185 3607 4239 domus
3627 4200 3721 4254 pa-

2143 4277 2232 4331 tris
2259 4276 2374 4331 tui:
2398 4274 2686 4332 ostendens
2724 4275 2777 4331 in
2810 4276 2911 4331 hoc
2952 4292 3163 4348 quoque
3191 4278 3369 4332 omnia
3398 4276 3447 4331 ei
3476 4277 3647 4332 fausta
3675 4288 3728 4331 et

2147 4383 2398 4440 prospera
2422 4367 2613 4433 futura,
2645 4367 2745 4423 hoc
2780 4367 3070 4438 subiunxit.
3099 4368 3229 4435 Qua:
3257 4368 3399 4423 enim
3420 4377 3539 4423 erat
3573 4371 3730 4423 steri-

2147 4461 2231 4529 lis,
2264 4471 2346 4517 est
2376 4471 2543 4515 mater
2579 4461 2806 4515 ﬁliorum
2846 4459 3336 4517 innumerabilium.
3370 4460 3746 4528 Quamobrem

2147 4552 2354 4607 etiamsi
2386 4553 2567 4606 avulsa
2595 4566 2655 4607 es
2684 4566 2712 4606 a
2744 4552 3051 4621 parentibus
3073 4593 3089 4617 ,
3135 4561 3190 4608 at
3237 4562 3449 4609 tuorum
3496 4554 3745 4610 ﬁliorum.

2149 4643 2299 4701 chori
2325 4652 2481 4698 erunt
2502 4642 2637 4699 adeo
2664 4643 2831 4708 clari,
2861 4643 3095 4715 insignes
3122 4652 3178 4700 et
3203 4645 3456 4715 illustres,
3485 4653 3545 4701 ut
3565 4655 3749 4702 totum.

2150 4737 2337 4793 orbem
2367 4748 2628 4791 terrarum
2657 4734 2934 4807 impleant.

2228 4830 2315 4885 l5.
2356 4827 2480 4882 Mihi
2522 4834 2699 4883 autem
2727 4826 2935 4885 videtur
2953 4827 3133 4885 dicere
3158 4828 3430 4901 apostolos
3452 4871 3467 4897 ,
3489 4831 3578 4901 qui
3620 4830 3745 4887 l'uc-v

2156 4932 2283 4980 runt
2308 4924 2358 4978 in
2385 4938 2447 4978 ea
2489 4922 2757 4978 doctores.
2791 4922 2993 4979 Deinde
3017 4922 3326 4979 describens
3345 4939 3531 4980 eorum
3561 4926 3700 4980 vires
3722 4966 3738 4989 ,

2160 5017 2450 5088 potentiam
2495 5025 2551 5072 et
2577 5014 2823 5088 gloriam,
2854 5015 2980 5070 dicit
3010 5031 3025 5070 :
3057 5015 3335 5072 Constitues
3369 5033 3452 5071 eos
3488 5016 3740 5087 principes

2158 5126 2311 5183 super
2349 5126 2547 5165 omnem
2588 5119 2792 5164 terram.
2821 5107 3066 5179 Egentne
3110 5108 3226 5162 hare
3260 5107 3747 5178 interpretatione?

2164 5206 2277 5278 Ego
2304 5205 2518 5274 quidem
2548 5217 2655 5258 non
2697 5202 2968 5268 existimo,
2994 5199 3444 5271 quemadmodum
3488 5213 3589 5256 nec
3629 5200 3710 5255 sol
3732 5239 3748 5264 ,

2163 5298 2378 5371 quando
2406 5307 2489 5352 est
2517 5294 2831 5368 splendidus
2859 5311 2871 5346 :
2904 5309 3023 5363 qua:
3054 5300 3232 5347 autem
3274 5291 3413 5346 dicta
3456 5297 3609 5358 sunt,
3637 5291 3751 5345 sole

2164 5400 2291 5445 sunt
2315 5390 2561 5445 clariora.
2591 5387 2907 5444 Universum
2936 5384 3078 5440 enim
3109 5384 3296 5440 orbem
3336 5393 3599 5440 terrarum
3630 5398 3755 5453 per-

2165 5495 2420 5539 vascrunt
2444 5481 2693 5551 apostoli,
2722 5495 2786 5535 ac
2807 5480 2988 5535 verius
3020 5477 3287 5549 principes
3319 5476 3531 5533 fuerunt
3552 5515 3568 5542 ,
3590 5492 3759 5547 quani

2166 5576 2267 5646 ipsi
2316 5576 2603 5644 principes,
2634 5572 2955 5642 regibusque
2989 5572 3341 5642 potentiores.
3385 5571 3558 5641 Reges
3611 5571 3763 5626 enim

2166 5669 2291 5724 dum
2319 5670 2504 5722 vivunt
2526 5667 2851 5722 dominatum
2879 5666 3124 5722 obtinent
3151 5683 3163 5719 :
3193 5665 3256 5720 iis
3283 5673 3460 5719 autem
3491 5664 3718 5718 mortuis
3740 5703 3756 5728 ,

2172 5761 2438 5818 intercidit
2466 5759 2810 5827 dominatus;
2843 5757 2895 5814 hi
2942 5766 3059 5830 post
3099 5768 3325 5814 mortem
3374 5755 3550 5812 verius
3593 5756 3760 5823 impe-
