4030 6396
462 320 568 374 203

461 446 599 490 rant.
626 434 691 489 Et
711 449 894 504 regum
922 431 1134 504 quidem
1175 432 1318 501 leges
1348 443 1475 486 rane
1515 441 1638 486 sint
1667 442 1720 487 et
1747 433 1934 487 valida:
1965 434 2043 487 in-

461 538 539 579 tra
571 541 757 579 corum
790 524 941 587 fines,
959 524 1103 594 jussa
1132 535 1308 576 autem
1358 525 1677 592 piscatorum
1710 539 1803 592 per
1828 525 2046 580 univer-

463 632 579 670 sum
604 617 787 670 orbem
834 625 988 668 terrze
1013 625 1230 668 extensa
1278 624 1422 666 sunt.
1454 614 1748 682 Imperator
1779 615 2048 668 Romano-

459 724 574 762 rum
602 708 777 762 Persis
799 722 902 760 non
936 717 1111 776 posset
1148 706 1283 758 fei're
1307 705 1453 774 leges
1477 745 1491 770 ,
1525 721 1622 758 nec
1648 706 1929 760 Pcrsnrum
1956 723 2048 760 rex

458 808 640 868 posset
678 797 817 851 ferre
861 798 1008 867 leges
1061 797 1353 850 Romanis:
1384 796 1436 849 hi
1481 807 1658 850 autem
1688 797 1951 852 Palaestini
1995 809 2049 852 et

459 892 658 956 Persis,
683 901 738 944 et
772 891 1045 955 Romanis,
1079 901 1132 945 et
1162 889 1456 944 Thracibus
1486 900 1541 944 et
1578 889 1792 961 Scythis
1819 934 1832 956 ,
1862 901 1912 946 et
1961 893 2047 945 lii-

457 984 569 1048 dis,
597 991 650 1036 et
697 982 915 1047 Mauris,
945 991 1000 1036 et
1051 983 1302 1035 universo
1347 981 1576 1050 denique
1615 982 1732 1037 orbi
1786 993 2045 1036 terrarum

453 1074 598 1145 leges
623 1075 886 1130 dederunt
915 1094 927 1123 τ
958 1091 1055 1130 nec
1094 1076 1264 1130 S‘llllln
1291 1075 1414 1128 dum
1447 1075 1480 1130 ii
1511 1077 1771 1142 viverent,
1802 1077 1966 1130 firma:
1994 1091 2048 1132 et

456 1178 584 1222 rata:
633 1169 842 1224 fuerunt
873 1210 887 1233 ,
943 1169 1036 1223 sed
1097 1169 1178 1222 his
1222 1170 1381 1224 etiam
1446 1171 1668 1223 mortuis
1717 1173 2046 1226 confirmatae

455 1269 580 1314 sunt
609 1278 622 1314 :
654 1269 706 1315 ct
735 1261 822 1330 qui
853 1277 946 1315 eas
991 1261 1136 1331 leges
1179 1271 1523 1330 acceperunt,
1557 1263 1778 1316 mallent
1813 1265 2044 1318 animam

462 1352 657 1406 millies
685 1351 1028 1422 profundere,
1062 1369 1220 1422 quam
1245 1355 1310 1406 ah
1333 1353 1434 1406 llis
1461 1353 1783 1408 desciscere.
1817 1356 1902 1409 l8.
1933 1355 2044 1408 Me-

454 1461 566 1496 mor
595 1460 677 1498 ero
700 1445 915 1497 nominis
944 1443 1018 1496 tui
1047 1446 1097 1497 in
1127 1444 1266 1496 omni
1290 1446 1608 1515 generatione
1636 1454 1678 1497 et
1705 1446 2041 1516 generatione.

463 1536 735 1607 l’mpterea
775 1537 952 1608 populi
977 1536 1351 1606 conﬁtebuntur
1391 1539 1480 1590 tibi
1519 1541 1568 1591 in
1608 1549 1878 1604 retentum,
1908 1548 1950 1592 et
1993 1540 2045 1592 in

452 1631 695 1685 secutum
719 1631 912 1684 sa'euli.
946 1631 1118 1694 Alius,
1151 1631 1414 1684 Revoeabo
1446 1632 1497 1684 in
1529 1632 1825 1685 memoriam
1861 1649 2044 1685 nomen

455 1736 596 1776 tuum
628 1723 678 1776 in
718 1738 1016 1794 unaquaque
1042 1722 1376 1792 generatione.
1402 1721 1680 1789 Propterea
1719 1722 1896 1792 papnli
1927 1720 2044 1775 lau-

451 1819 641 1870 dabunt
670 1828 716 1869 te
746 1824 985 1886 perpetuo
1007 1813 1106 1887 (α).
1135 1815 1306 1879 Alius,
1336 1814 1551 1882 Propter
1577 1815 1670 1868 hoc
1707 1815 1884 1886 pepuli
1919 1831 2042 1868 con-

450 1909 722 1977 ﬁtebuntur
747 1907 853 1960 tibi.
882 1906 1020 1960 Dixit
1050 1905 1466 1974 magnitudinem
1501 1905 1846 1975 principatus,
1868 1920 1897 1957 a
1929 1904 2045 1958 lon-

451 2002 691 2073 gitudine
725 2011 903 2066 terrae,
935 2016 962 2054 a
994 2000 1274 2056 latitudine
1304 2000 1450 2054 orbis
1479 2009 1773 2060 terrarum,
1806 2014 1836 2053 a
1862 1999 2042 2053 multi-

449 2095 634 2151 tudine
679 2095 916 2164 gentium
999 2109 1116 2164 qua:
1172 2092 1429 2162 subjecta:
1489 2101 1632 2146 sunt.
1685 2091 1822 2146 Dicit
1879 2091 2040 2146 etiam

445 2185 660 2241 aliunde
689 2186 805 2257 ejus
835 2186 1230 2252 auctoritatem,
1261 2185 1401 2256 quod
1433 2201 1538 2239 non
1569 2184 1741 2239 solum
1786 2183 2042 2240 extende-

447 2289 535 2333 tur
562 2293 658 2348 per
695 2279 1000 2332 universum
1033 2277 1216 2331 orbem
1263 2287 1526 2331 terrarum
1550 2318 1565 2343 ,
1595 2276 1688 2332 sed
1734 2277 1897 2330 etiam
1941 2291 2040 2346 per

445 2370 752 2424 universum
804 2385 996 2423 arvum.
1046 2367 1367 2421 Immortalis
1411 2367 1573 2432 enim,
1606 2367 1794 2436 inquit,
1822 2368 1922 2422 erit
1967 2368 2040 2421 tui

447 2461 730 2528 memoria,
761 2459 1029 2528 descripta
1056 2458 1108 2514 in
1140 2459 1289 2512 libris
1321 2461 1537 2523 nostris,
1561 2458 1828 2528 descripta
1860 2459 1910 2513 in
1951 2475 2043 2513 re-

443 2555 544 2608 bus
588 2553 834 2623 publicis,
871 2552 1135 2622 descripta
1191 2552 1240 2605 in
1281 2550 1580 2622 praeceptis.
1608 2548 1741 2603 Vide
1770 2549 2040 2620 quomodo

441 2661 554 2701 suae
579 2660 788 2715 quoque
822 2643 1114 2713 prophetia:
1151 2642 1390 2712 prmdicit
1436 2642 1862 2711 perpetuitatem.
1905 2641 2038 2694 Cum

441 2737 584 2792 enim
613 2737 763 2798 dixit,
799 2735 995 2789 Memor
1023 2751 1105 2788 ero
1127 2734 1343 2788 nominis
1383 2734 1454 2786 tui
1480 2734 1532 2786 in
1573 2734 1709 2786 omni
1725 2733 2042 2803 generatione

441 2839 487 2882 et
517 2828 856 2899 generatione,
887 2825 990 2881 hoc
1012 2824 1348 2895 significavit.
1380 2823 1492 2878 Etsi
1517 2840 1663 2895 ergo,
1685 2825 1872 2894 inquit.
1897 2841 2041 2878 mur-

443 2935 565 2977 tuus
609 2919 792 2986 fuero,
825 2931 874 2974 te
923 2926 1099 2972 tamen
1145 2915 1370 2972 cantabo
1400 2917 1480 2970 vel
1539 2917 1794 2970 moriens.
1829 2915 2039 2986 Corpus

439 3016 581 3071 enim
608 3013 930 3068 dissolvetur
959 3030 972 3065 :
1004 3011 1171 3066 litera:
1209 3021 1388 3066 autem
1426 3018 1676 3076 manent,
1711 3019 1764 3064 et
1805 3011 1885 3064 lex
1921 3026 2038 3080 per-

443 3118 623 3178 petua.
655 3106 935 3177 Propterea
962 3105 1139 3176 pepuli
1161 3105 1534 3173 conﬁtebuntur
1553 3103 1822 3159 tibi.Unde
1851 3120 2034 3173 cmpe-

442 3211 522 3256 rat
542 3243 556 3266 ,
583 3201 710 3255 illuc
735 3198 1161 3267 desinit,nempc
1183 3198 1234 3251 in
1257 3197 1550 3251 Christum.
1574 3194 1876 3267 Pr0pterea.
1901 3197 2037 3251 Pro-

443 3303 563 3362 pter
591 3307 835 3362 quaenam
858 3292 880 3345 ?
905 3289 1058 3357 Quod
1087 3299 1163 3344 tot
1191 3298 1244 3344 et
1270 3298 1412 3342 tanta
1442 3298 1588 3344 recte
1614 3289 1868 3359 gesseris,
1892 3288 2035 3358 quod

440 3386 572 3440 tales
616 3384 887 3454 principes
915 3383 1260 3437 constitueris
1287 3423 1299 3444 ,
1331 3381 1473 3452 quod
1517 3381 1704 3445 vitium
1749 3382 1993 3452 exegeris
2013 3423 2028 3448 ,

438 3477 582 3546 quod
633 3477 886 3531 virtutem
934 3474 1289 3545 plantaveris,
1323 3473 1465 3542 quod
1521 3482 1758 3528 nostram
1785 3485 2029 3527 naturam

438 3567 810 3638 desponderis,
843 3566 983 3637 quod
1009 3565 1123 3620 lnec
1153 3564 1291 3620 bona
1320 3564 1605 3618 ineffabilia
1638 3563 1831 3619 feceris
1863 3581 1874 3618 :
1911 3566 2032 3619 tini-

447 3678 638 3716 versus
681 3660 826 3715 orbis
859 3669 1014 3714 terrae
1045 3658 1136 3712 tibi
1169 3657 1379 3712 laudem
1410 3655 1620 3721 offeret,
1655 3673 1759 3710 non
1807 3656 1856 3709 iii
1888 3656 2034 3710 brevi

443 3764 684 3822 tempore
705 3793 720 3818 ,
755 3767 852 3806 nec
877 3751 930 3804 in
962 3749 1166 3812 decem.
1203 3759 1256 3803 ct
1288 3747 1505 3818 viginti,
1538 3757 1592 3802 et
1617 3757 1827 3802 centum
1856 3749 2030 3815 annis,

438 3862 537 3900 nec
562 3845 613 3899 in
645 3852 793 3914 parte
817 3843 961 3897 orhis
993 3851 1254 3896 terrarum
1277 3882 1292 3908 ,
1324 3841 1416 3895 sed
1445 3850 1582 3896 terra
1609 3851 1664 3896 et
1693 3857 1838 3895 mare
1858 3884 1872 3906 ,
1903 3857 2022 3912 qua:

438 3946 520 3990 est
568 3934 869 3988 habitabilis
923 3933 1100 4004 regio,
1156 3941 1210 3986 et
1261 3948 1381 4002 quae
1435 3947 1540 3986 non
1567 3932 1898 3997 habitabilis,
1935 3949 2034 4003 per

443 4041 604 4081 omne
628 4041 800 4079 sevum
826 4033 1051 4088 canent,
1082 4023 1280 4093 gratias
1307 4033 1524 4093 agentes
1554 4039 1649 4092 pro
1669 4025 1824 4080 bonis
1853 4042 1972 4096 qua:
2001 4041 2032 4079 a

452 4130 504 4173 te
533 4126 872 4188 acceperunt.
901 4117 1002 4170 I‘ro
1036 4115 1118 4169 his
1163 4124 1338 4169 autem
1389 4117 1635 4171 omnibus
1680 4132 1780 4171 nos
1822 4134 2034 4189 quoque

447 4211 646 4279 gratias
695 4223 916 4279 agamus
962 4207 1190 4276 benigno
1246 4216 1301 4260 et
1348 4207 1600 4260 clementi
1644 4208 1858 4263 Christo
1890 4228 1903 4263 :
1938 4225 2035 4278 per

439 4319 627 4375 quem,
652 4313 704 4356 et
731 4318 850 4357 cum
876 4317 981 4372 quo
1005 4299 1142 4352 Patri
1171 4299 1337 4369 g'oria
1365 4300 1521 4352 simul
1547 4315 1666 4353 cmn
1699 4313 1885 4356 sancto
1913 4303 2034 4371 Spi-

439 4400 564 4460 ritu,
583 4412 718 4450 nunc
746 4405 800 4449 et
828 4401 1131 4463 semper,et
1163 4393 1213 4444 in
1243 4392 1435 4445 sarcula
1465 4391 1809 4448 saeculorum.
1838 4395 2028 4448 Anien.

899 4505 961 4560 IN
1001 4502 1320 4560 PSALMUM
1363 4503 1520 4558 XLV.

441 4622 492 4675 1.
536 4619 601 4673 In
628 4621 781 4688 ﬁnem
810 4635 900 4689 pro
920 4619 1040 4687 ﬁliis
1062 4616 1189 4672 Core
1207 4658 1222 4680 ,
1251 4633 1343 4686 pro
1391 4617 1612 4671 arcanis.
1637 4617 1786 4673 Alius
1805 4659 1822 4685 ,
1865 4618 2032 4673 Victo-

513 4714 656 4766 toriaz
681 4712 875 4764 auctori
906 4710 1130 4780 ﬁliorum
1158 4709 1305 4764 Core.
1330 4710 1480 4764 Alius
1501 4751 1514 4775 ,
1544 4710 1650 4764 Pro
1681 4712 2032 4766 adolescentiis

511 4805 764 4858 canticum

439 4922 494 4974 9.
542 4919 678 4972 Deus
723 4925 889 4970 noster
930 4915 1181 4985 refugium
1213 4924 1259 4968 et
1303 4915 1484 4976 virtus.
1506 4915 1712 4985 adjutor
1743 4917 1795 4970 in
1823 4919 2032 4972 tribula-

510 5011 875 5079 tionibus,quaa
900 5009 1191 5060 invenerunt
1211 5023 1301 5060 nos
1326 5007 1493 5061 nimis.
1523 5007 1691 5072 Alius,
1711 5007 1777 5062 1η
1793 5012 2032 5080 afﬂictio-

513 5104 659 5156 nibus
705 5102 954 5154 inttentus.
997 5097 1051 5152 5.
1091 5096 1366 5166 Propterea
1417 5114 1516 5150 non
1566 5099 1846 5154 timebimus
1912 5103 2032 5156 dum

514 5197 795 5252 turbabitur
816 5204 970 5257 terra,
991 5201 1037 5246 et
1057 5196 1422 5260 transferentur
1445 5202 1635 5246 montes
1665 5195 1718 5246 in
1744 5209 1832 5248 cor
1854 5197 2031 5253 maris.

517 5313 570 5364 l.
608 5310 776 5366 Solita
801 5309 968 5364 utitur
998 5302 1334 5376 philosophia
1367 5303 1625 5374 prepheta
1657 5320 1686 5357 a
1715 5304 1876 5362 rebus
1910 5307 2031 5377 qui-

507 5409 579 5472 (a)
616 5409 734 5478 Haec
756 5406 918 5478 lectio
938 5415 1038 5478 ‘est
1061 5407 1253 5472 Aquilae
1281 5417 1334 5459 et
1362 5410 1659 5478 Symmachi,
1700 5420 1755 5478 ut
1779 5413 1947 5478 videas
1980 5412 2028 5462 in

445 5469 705 5534 Hexaplis.
755 5471 1009 5534 Posterior
1032 5469 1213 5534 _auiem
1259 5486 1372 5534 pars
1402 5469 1646 5522 versiculi
1704 5475 1777 5522 sic
1821 5477 2034 5524 effertur

448 5528 650 5601 ibidem:
676 5528 937 5601 laudabunt
958 5540 1001 5583 te
1027 5531 1076 5582 in
1107 5528 1287 5585 stecula
1321 5539 1554 5599 perpetuo
1581 5535 1867 5600 (ὑμνήσουσί
1889 5554 1943 5584 σε
1969 5538 2032 5592 εἰς

448 5591 600 5637 αἰῶνα
622 5593 891 5655 διηνεκῶς).

515 5641 905 5735 tbjillebfaicuin
938 5671 1017 5712 est
1425 5681 1571 5730 super
1613 5666 1833 5720 Alamotli
1859 5671 2028 5735 :_quod

441 5717 804 5787 .Ilebraizantes
843 5737 954 5787 esse
997 5733 1172 5787 putant
1211 5717 1290 5776 vel
1325 5717 1724 5780 Vinsti'timen't—um
1770 5717 2027 5783 mrsiduni.

453 5780 530 5823 vel
559 5792 719 5839 genus
749 5780 1030 5833 cantilena}.

1210 320 1264 372 S.
1306 317 1584 373 JOANNIS
1623 315 2096 374 CllllYSOSTUMI
2137 321 2458 378 AIlCIIlEP.
2498 325 3032 384 CONSTANTINOP.
3641 339 3732 392 ‘20!

2160 436 2282 490 dem
2322 439 2386 491 ad
2423 438 2559 494 hanc
2602 442 2762 494 vitam
2799 445 3186 512 pertinentibus
3227 462 3324 501 nos
3368 449 3662 515 abtiliCL‘lln,
3693 473 3736 508 in

2157 544 2305 598 spem
2355 541 2531 585 autem
2573 549 2856 602 supernam
2888 535 3183 590 auditorem
3211 539 3442 607 erigens.
3464 540 3538 595 Ne
3576 543 3697 597 mihi
3723 588 3735 611 ,

2159 618 2348 688 inquit,
2377 621 2576 675 dixeris
2629 639 2800 691 arma,
2829 640 3042 689 muros,
3075 636 3129 680 et
3156 627 3346 696 fossas,
3376 645 3477 684 nec
3501 636 3733 701 pecuniae

2155 712 2384 777 copiam,
2413 728 2511 766 nec
2557 714 2631 767 rei
2682 716 2928 771 militaris
2985 719 3291 785 scientiam,
3349 737 3446 776 nec
3487 739 3734 794 equorum

2156 803 2574 869 multitudinem,
2606 822 2703 861 nec
2733 823 2908 874 arcus,
2941 812 3158 880 sagittas
3187 823 3240 865 et
3271 814 3482 881 loricas,
3515 832 3615 869 non
3649 834 3736 870 εο-

2155 891 2360 946 ciorum
2410 894 2586 960 vires,
2634 911 2739 949 non
2793 899 3017 953 militum
3069 900 3390 971 phalanges,
3421 921 3523 958 non
3576 908 3739 960 robur

2153 985 2414 1052 corporis,
2457 995 2512 1039 et
2558 986 2789 1041 hostium
2834 990 3238 1057 experientiam.
3273 992 3407 1047 Sunt
3443 995 3582 1049 enim
3629 997 3739 1054 haec

2154 1077 2332 1128 omnia
2357 1091 2567 1132 aranea:
2590 1079 2691 1132 tela
2719 1089 2772 1134 et
2800 1082 2986 1136 umbra
3020 1084 3380 1139 imbecilliora.
3404 1088 3506 1141 Sed
3541 1091 3582 1142 si
3614 1094 3738 1146 ve’is

2156 1164 2334 1219 videre
2363 1166 2543 1235 copias
2569 1167 3002 1239 inexpugnabiles
3023 1215 3036 1237 ,
3071 1173 3328 1243 refugium
3364 1180 3733 1247 insuperabile,

2155 1256 2460 1323 prrcsidium
2493 1258 2634 1328 quod
2683 1275 2790 1314 non
2831 1260 3009 1331 diripi,
3043 1273 3244 1318 turrem
3293 1284 3408 1335 quae
3440 1269 3734 1325 labellctari

2154 1361 2260 1400 non
2312 1356 2506 1416 potest,
2548 1349 2615 1403 ad
2668 1351 2832 1405 Deum
2877 1353 3138 1424 confuge,
3177 1357 3314 1410 vires
3355 1358 3472 1412 illas
3513 1366 3732 1416 attrahe.

2151 1436 2318 1492 Recte
2349 1449 2526 1494 autem
2554 1440 2688 1495 dixit
2715 1484 2729 1508 ,
2761 1442 2895 1496 Deus
2925 1447 3175 1516 refugium
3212 1460 3433 1502 nostrum
3460 1462 3506 1504 et
3536 1454 3688 1506 virtus
3717 1472 3735 1508 :

2151 1531 2438 1586 ostendens
2465 1548 2562 1588 nos
2587 1535 2870 1604 aliquando
2901 1535 3164 1607 fugientes
3193 1541 3423 1606 vincere,
3457 1543 3734 1613 aliquando

2151 1633 2354 1678 stantes
2381 1634 2434 1679 et
2461 1640 2773 1695 pugnantes.
2802 1627 3097 1700 Utrumque
3127 1636 3270 1686 enim
3300 1644 3513 1702 oportet
3540 1634 3730 1702 facere,

2150 1723 2203 1768 ct
2244 1725 2428 1770 contra
2461 1717 2700 1784 tendere,
2725 1728 2780 1772 et
2824 1721 3116 1778 declinare.
3163 1722 3274 1776 Hoc
3315 1725 3475 1778 etiam
3519 1725 3736 1781 faciebat

2150 1805 2347 1862 Paulus
2371 1849 2385 1873 ,
2420 1809 2706 1878 aliquando
2735 1811 2948 1880 quidem
2978 1813 3175 1868 cedens
3195 1857 3208 1880 ,
3240 1815 3528 1884 aliquando
3558 1832 3726 1873 autem

2150 1899 2414 1956 insultans
2463 1902 2526 1956 iis
2553 1903 2642 1973 qui
2686 1905 3106 1961 adversabantur
3134 1909 3295 1962 verbo
3331 1911 3592 1968 veritatis.
3622 1913 3728 1966 lloe

2148 2007 2358 2062 quoque
2381 1993 2627 2048 Christus
2657 1995 2885 2050 faciebat
2917 2007 2971 2050 ut
2993 2014 3090 2052 nos
3117 2000 3371 2055 doceret:
3399 2003 3500 2056 hoc
3529 2020 3733 2072 quoque

2148 2097 2246 2137 nos
2275 2093 2487 2154 oportet
2517 2085 2725 2150 facere,
2755 2097 2810 2141 et
2840 2099 2986 2144 recte
3015 2105 3340 2160 (cgnoscere
3368 2095 3732 2162 oppoitnnita-

2150 2186 2255 2229 tem
2309 2178 2603 2248 temporis,
2637 2190 2691 2233 et
2739 2196 2895 2236 orare
2925 2183 3137 2252 quidem
3183 2199 3251 2239 ne
3295 2186 3654 2255 ingrediamur
3683 2190 3729 2241 in

2150 2271 2518 2339 tentationem,
2548 2273 2838 2327 secundum
2891 2273 3020 2328 illud
3062 2275 3262 2330 dictum
3316 2279 3729 2348 evangelicum:

2147 2361 2237 2415 ubi
2267 2372 2443 2417 autem
2473 2363 2772 2430 advenerit,
2793 2381 2896 2419 non
2923 2382 3043 2422 esse
3066 2368 3212 2422 molli
3243 2379 3297 2423 et
3316 2371 3506 2439 ignavo
3534 2373 3728 2437 animo,

2147 2452 2242 2508 sed
2284 2451 2495 2508 fortiter
2524 2458 2794 2511 resistere.
2825 2458 3042 2529 Adjutor
3069 2460 3122 2513 in
3154 2461 3560 2518 tribulationibus
3584 2507 3596 2529 ,
3626 2481 3732 2534 qua:

2145 2548 2436 2604 invenerunt
2484 2567 2574 2604 nos
2613 2554 2780 2605 nimis.
2806 2553 2956 2620 Quod
3004 2571 3148 2626 Stepe
3189 2556 3318 2624 dixi,
3347 2574 3491 2612 nunc
3531 2572 3732 2628 quoque

2145 2641 2307 2696 dico:
2342 2659 2448 2696 nou
2497 2645 2744 2712 prohibet
2792 2647 3078 2716 quominus
3125 2649 3341 2702 veniant
3387 2649 3724 2712 afﬂictiones,

2144 2734 2238 2788 sed
2264 2735 2349 2788 uhi
2380 2735 2713 2803 advenerint,
2738 2741 2960 2806 assistit,
2991 2755 3088 2793 nos
3118 2739 3252 2810 frugi
3295 2753 3348 2796 ct
3382 2744 3579 2811 probus
3617 2742 3727 2796 efii-

2143 2824 2311 2878 ciens.
2341 2823 2472 2880 lllud
2516 2836 2692 2882 autem
2742 2827 2931 2894 Nimis,
2981 2841 3070 2884 aut
3131 2830 3307 2898 Valde,
3341 2832 3725 2904 adjungendutn

2143 2927 2225 2970 cst
2253 2917 2325 2971 illi
2357 2919 2494 2986 voci,
2522 2919 2757 2992 Adjutor.
2791 2921 2972 2991 Neque
3016 2924 3156 2977 cnim
3199 2924 3314 2979 leve
3335 2968 3349 2992 ,
3387 2929 3484 2980 sed
3535 2928 3728 2996 insigne

2143 3005 2250 3060 fert
2280 3010 2558 3076 auxilium,
2590 3012 2706 3080 plus
2735 3014 2979 3081 praebens
3005 3014 3180 3068 solatii
3217 3030 3280 3069 ex
3312 3031 3417 3085 ope
3447 3017 3548 3070 lata
3580 3033 3726 3087 quain

2141 3097 2211 3152 sit
2265 3110 2515 3170 suscepta
2569 3103 2810 3158 inoleStia
2869 3119 2936 3158 ex
2985 3103 3385 3161 afflictionibus.
3432 3107 3545 3162 Non
3593 3107 3727 3162 enim

2141 3200 2400 3260 quantum
2449 3194 2711 3248 malorum
2741 3195 2977 3250 conditio
3021 3197 3291 3267 postulat,
3327 3208 3535 3253 tantum
3585 3199 3726 3253 nobis

2141 3282 2344 3352 priebet
2372 3286 2623 3340 auxilium
2647 3329 2662 3353 ,
2693 3287 2787 3341 scd
2819 3287 2975 3357 longe
3005 3290 3197 3358 majus.
3236 3287 3519 3360 Propterea
3548 3309 3644 3345 non
3670 3292 3728 3344 ti-

2139 3372 2380 3429 mebimus
2397 3417 2410 3441 ,
2441 3377 2611 3446 inquit
2635 3419 2649 3444 ,
2669 3377 2792 3430 dum
2821 3379 3104 3432 turbabitnr
3126 3382 3451 3436 terrtt.\'ides
3471 3382 3726 3453 quomodi

2140 3464 2312 3534 majus
2341 3477 2394 3522 et
2437 3469 2592 3538 longe
2629 3470 2896 3538 c0piosius
2929 3470 3031 3524 fert
3059 3471 3353 3525 auxilium?
3386 3474 3502 3528 Non
3549 3475 3715 3528 solum

2140 3562 2280 3616 enim
2315 3562 2480 3625 dixit,
2516 3560 2629 3614 Non
2661 3563 2953 3631 capiemur,
2986 3578 3084 3617 nee
3117 3565 3387 3626 cadeinus.
3425 3565 3539 3633 sed,
3574 3565 3646 3620 Ne
3677 3565 3722 3618 id

2139 3656 2354 3726 quidem
2404 3657 2707 3725 patiemur,
2751 3658 2890 3726 quod
2942 3667 3025 3711 est
3077 3669 3283 3713 natura:
3333 3662 3644 3730 proprium,
3674 3669 3726 3714 ut

2140 3755 2438 3801 terreamur
2460 3756 2513 3801 et
2541 3748 2845 3803 timeamus.
2866 3746 3147 3804 Undenam
3180 3759 3358 3804 autem
3385 3751 3489 3807 hoc
3516 3752 3725 3807 evenit?

2139 3836 2220 3891 Ex
2252 3853 2317 3892 co
2365 3839 2504 3908 quod
2553 3839 2623 3892 sit
2660 3838 2935 3907 coiiiosum
2979 3840 3253 3893 auxilium.
3287 3841 3509 3897 Terram
3557 3855 3723 3896 autem

2139 3931 2248 3995 hic,
2281 3940 2336 3986 et
2364 3942 2594 3998 montes,
2629 3943 2681 3986 et
2707 3948 2800 3987 cor
2827 3933 3010 3999 maris,
3040 3948 3146 3987 non
3171 3935 3294 3989 dicit
3319 3937 3606 4002 elementa,
3638 3937 3724 3990 scd

2137 4038 2323 4078 eorum
2353 4025 2570 4077 nomine
2603 4025 2958 4080 intoli-rabilia
3015 4028 3244 4094 pericula
3301 4029 3586 4098 significat.
3622 4030 3725 4084 Etsi

2137 4114 2338 4178 omnia,
2372 4114 2574 4184 inquit,
2609 4115 2882 4169 videamus
2925 4118 3165 4183 confusa,
3197 4120 3410 4175 etiamsi
3461 4121 3726 4190 perturba-

2141 4205 2338 4259 tionem
2391 4205 2546 4274 plane
2597 4207 3025 4273 intolerabilem,
3056 4211 3152 4262 etsi
3203 4226 3265 4262 ea
3310 4213 3490 4266 omnia
3521 4211 3726 4266 evenire

2137 4311 2256 4365 quce
2302 4311 2588 4366 numquam
2637 4296 2774 4352 facta
2827 4297 3059 4364 fuerunt,
3089 4301 3302 4355 etiamsi
3332 4302 3500 4372 ipsam
3526 4345 3540 4370 ,
3570 4311 3625 4357 ut
3662 4305 3725 4354 ita

2137 4390 2342 4453 dicam,
2374 4397 2670 4442 creaturam
2714 4406 2832 4443 cum
2878 4394 3052 4460 seipsa
3095 4391 3295 4451 collidi.
3325 4394 3492 4460 ipsius
3534 4405 3727 4446 naturae

2139 4481 2395 4536 terminos
2425 4481 2626 4534 moveri
2653 4523 2667 4546 ,
2696 4482 2874 4536 omnia
2906 4498 2970 4536 ex
2999 4483 3126 4550 ipsis
3150 4485 3378 4538 Convelli
3408 4484 3724 4539 fundamen-

2140 4573 2242 4637 tis,
2277 4573 2444 4641 prima
2489 4572 2758 4627 elementa
2815 4573 3100 4636 confundi,
3133 4583 3187 4628 et
3216 4576 3454 4630 omnium
3505 4576 3726 4644 denique

2137 4682 2316 4721 rerum
2369 4665 2655 4719 maximam
2712 4666 2825 4720 fieri
2883 4667 3376 4736 perturbationem,
3420 4683 3529 4722 non
3576 4668 3726 4721 modo

2138 4775 2243 4812 non
2280 4758 2578 4821 vincemur,
2603 4755 2697 4811 sed
2747 4771 2814 4811 ne
2866 4757 3171 4812 timebimus
3213 4757 3450 4827 quidem.
3485 4759 3542 4813 In
3573 4773 3726 4813 causa

2137 4859 2314 4903 antcin
2345 4857 2462 4913 est,
2497 4846 2636 4916 quod
2675 4848 2913 4902 omnium
2946 4847 3138 4903 horum
3169 4850 3425 4904 Dominus
3455 4866 3607 4920 opem
3651 4849 3726 4901 fe-

2137 4952 2238 5001 rat.
2273 4957 2487 4995 manum
2515 4941 2749 5010 porrigat
2772 4949 2826 4996 ct
2852 4943 3088 4998 assistat.
3111 4941 3166 4996 Si
3196 4953 3375 4996 autem
3397 4945 3486 4998 vel
3517 4945 3595 4996 his
3621 4955 3729 4995 eve—-

2140 5035 2412 5090 nieutibus
2444 5035 2664 5088 minime
2691 5033 3026 5100 cederemus,
3056 5050 3156 5090 nec
3186 5037 3376 5090 molles
3416 5047 3510 5090 aut
3553 5023 3734 5106 ignavi

2139 5129 2488 5184 redderemur
2513 5147 2526 5182 :
2567 5131 2735 5183 multo
2757 5129 2922 5198 magis
2951 5128 2996 5181 si
3024 5144 3122 5182 nos
3151 5130 3348 5184 inimici
3385 5129 3654 5194 invadant,
3680 5135 3730 5179 et

2139 5223 2190 5277 in
2243 5237 2340 5276 nos
2379 5221 2548 5274 aciem
2599 5220 2849 5289 dirigant.
2879 5221 2932 5272 4.
2965 5220 3261 5274 Sonuerunt
3305 5232 3352 5273 et
3382 5221 3597 5276 turbatae
3621 5225 3730 5271 sunt

2138 5330 2282 5384 aqua:
2311 5329 2504 5366 eorum.
2529 5310 2822 5365 Conturbati
2847 5320 2962 5364 sunt
2992 5320 3184 5365 montes
3219 5313 3270 5364 in
3299 5312 3723 5380 fortitudineejus.

2141 5407 2314 5472 Alius,
2347 5404 2660 5458 Sonantibus
2685 5413 2730 5455 et
2756 5403 2969 5456 turbatis
2996 5403 3140 5471 aquis
3158 5444 3173 5468 ,
3199 5413 3244 5456 et
3273 5403 3530 5456 concussis
3553 5399 3728 5452 monti-

2138 5497 2228 5551 bus
2254 5498 2304 5550 in
2333 5495 2706 5568 gloriﬁcatione
2739 5495 2868 5564 ejus.
2901 5495 3188 5563 Postquam
3220 5495 3388 5557 dixit,
3420 5491 3534 5546 Non
3566 5492 3717 5544 time-

2139 5589 2333 5652 bimus.
2364 5603 2429 5642 ne
2460 5587 2502 5641 si
2541 5587 2716 5640 omnia
2747 5585 2961 5654 quidem
3007 5584 3410 5655 confringantur
3463 5598 3525 5636 ac
3576 5579 3722 5634 colli-

2139 5679 2362 5744 dantur,
2409 5677 2663 5746 deinceps
2720 5677 2934 5730 disserit
2987 5676 3053 5728 de
3107 5677 3224 5744 ejus
3277 5676 3507 5744 potentia
3541 5716 3550 5730 ,
3586 5669 3719 5739 quod

2141 5772 2343 5826 scilicet
2375 5771 2476 5824 sint
2510 5772 2650 5824 vii-es
2694 5773 2804 5836 ejus
2841 5769 3296 5840 inexpugnabiles.
3324 5768 3384 5823 Et
3437 5767 3623 5820 merito
3655 5763 3721 5813 in-
