4030 6402
362 317 471 373 9.03

370 443 544 497 τοῦσι.
581 441 695 494 Kal
742 439 811 493 τά
862 440 957 511 μὲν
1000 437 1109 493 τῶν
1141 436 1406 508 βασιλέων
1436 436 1644 507 νόμιμα
1686 434 1817 487 εἴσω
1846 434 1953 487 τῶν

374 529 591 584 οἰκείων
616 527 764 600 ὅρων
786 527 899 599 ἔχει
926 527 1024 595 τὴν
1057 528 1230 599 ἰσχὺν,
1249 528 1318 581 τά
1348 525 1406 579 δέ
1431 527 1538 579 τῶν
1566 524 1764 579 ἀλιέων
1794 539 1966 594 προσ-

376 619 636 689 τάγματα
666 617 938 687 πανταχοῦ
960 618 1062 685 τῆς
1089 615 1412 687 οἰκουμένης
1442 613 1696 684 ἐξετάθη.
1736 614 1795 665 Ὀ
1830 612 1965 665 Ῥω-

384 706 560 778 μαίων
596 704 852 775 βασιλεὺς
879 704 978 757 οὐκ
1010 704 1076 757 ἂν
1101 702 1318 756 δύναιτο
1357 702 1667 771 νομοθετεῖν
1699 701 1961 771 Πέρσαις,

379 794 504 848 οὐδὲ
549 795 577 846 6
606 791 835 864 Περσῶν
878 792 1171 863 Ῥωμαίοις
1193 807 1207 821 ’
1253 791 1303 843 οἱ
1334 789 1391 843 δὲ
1430 788 1782 843 Παλαιστινοί
1813 782 1961 841 οὗτοι

382 883 480 937 καὶ
512 882 773 953 Πέρσαις,
805 881 901 934 καὶ
945 879 1259 947 Ῥωμαίοις,
1305 878 1400 931 καὶ
1452 877 1645 949 Θρᾳξὶ,
1693 876 1787 929 καὶ
1823 876 1962 929 Σκύ-

383 970 527 1034 θαις,
567 970 661 1023 καί
711 968 909 1032 Ἰνδοῖς,
942 968 1036 1020 καὶ
1074 966 1345 1037 Μαύροις,
1379 967 1472 1019 καὶ
1502 966 1653 1036 πάσῃ
1677 967 1742 1035 τῇ
1779 966 1961 1018 οἰκου-

386 1059 526 1131 μένῃ
550 1057 748 1128 νόμους
780 1056 1013 1126 ἔθηκαν·
1056 1057 1151 1109 καὶ
1181 1057 1302 1125 οὐχί⁸
1329 1052 1547 1118 ζώντων
1579 1053 1762 1107 αὐτῶν
1793 1052 1960 1126 ἐκρά-

382 1164 555 1213 τησαν
578 1145 755 1215 μόνον,
779 1144 913 1197 ἀλλὰ
944 1143 1039 1197 καί
1067 1141 1512 1213 τελευτησάντων
1543 1153 1569 1182 ι
1591 1157 1605 1170 ·
1640 1140 1734 1194 καί
1763 1141 1964 1213 μυριά-

383 1252 473 1298 κις
507 1234 574 1288 ἂν
597 1234 803 1287 ἐλοιντο
827 1233 878 1285 οἱ
913 1230 1369 1303 νομοθετηθέντες
1396 1229 1496 1299 τὴν
1519 1227 1697 1300 ψυχὴν
1720 1230 1959 1298 ἀφεῖναι,

381 1327 419 1397 ἢ
453 1323 561 1377 τῶν
582 1323 760 1393 νόμων
782 1319 1087 1389 ἀποστῆναι
1116 1318 1361 1373 ἐκείνων.
1388 1317 1832 1388 Μνησθήσομαι
1857 1317 1963 1371 τοῦ

383 1411 675 1480 ὀνόματός
696 1423 811 1462 σου
833 1409 905 1461 ἐν
922 1405 1089 1474 πάσῃ
1108 1404 1284 1476 γενεᾷ
1300 1405 1398 1458 καὶ
1420 1403 1619 1474 γενεᾷ.
1652 1404 1757 1458 Διὰ
1787 1405 1964 1458 τοῦτο

378 1499 518 1552 ,ιαοί
558 1494 1110 1565 ἐξοιιολογήσονταί
1139 1507 1238 1547 σοι
1269 1494 1357 1559 εἰς
1386 1492 1495 1547 τὸν
1522 1490 1710 1546 αἰῶνα
1739 1492 1839 1546 καί
1877 1494 1966 1560 εἰς

382 1586 495 1639 τὸν
521 1584 705 1638 αἰῶνα
733 1584 840 1637 τοῦ
862 1581 1097 1647 αἰῶνος.
1127 1580 1352 1650 Ἔτερός
1380 1596 1569 1651 φησιν,
1606 1578 1965 1648 Ἀναμνήσω

382 1673 454 1727 τὸ
490 1670 676 1740 ὄνομά
715 1687 831 1724 σου
882 1671 1009 1723 καθ’
1048 1668 1319 1735 ἑκάστην
1365 1668 1602 1737 γενεάν.
1646 1668 1750 1722 Διὰ
1786 1668 1965 1723 τοῦτο

380 1761 521 1814 ,1αοί
551 1756 901 1827 ὑμνήσουσι
930 1774 1005 1810 σε
1026 1754 1338 1825 διηνεκῶς.
1368 1754 1585 1819 Ἄλλος,
1624 1756 1749 1808 Ἐ’πί
1779 1757 1966 1822 τούτῳ

381 1849 521 1903 λαοὶ
559 1845 1112 1916 ἐξομολογησονται
1154 1860 1275 1900 σοι.
1323 1841 1460 1897 Εἷπε
1492 1844 1555 1898 τὸ
1608 1843 1839 1916 μέγεθος
1863 1844 1967 1913 τῆς

381 1938 557 2008 ἀρχῆς
583 1937 689 1991 ἀπὸ
716 1935 807 1989 τοῦ
843 1936 1049 2008 μήκους
1082 1934 1180 2010 τῆς
1202 1934 1325 2005 γῆς,
1354 1934 1462 1988 ἀπὸ
1485 1932 1581 1987 τοῦ
1606 1932 1846 1995 πλάτους
1866 1933 1965 2003 τῆς

379 2023 726 2095 οἰκουμένης,
761 2022 869 2076 ἀπὸ
901 2021 995 2075 τοῦ
1036 2022 1276 2093 πλήθους
1317 2019 1425 2074 τῶν
1472 2019 1622 2092 [182]
1661 2019 1831 2074 ἐθνῶν
1855 2020 1965 2073 τῶν

382 2113 782 2181 ὕποταγέντων.
820 2112 982 2179 Λέγει
1007 2111 1101 2164 καὶ
1130 2108 1400 2179 ἑτέρωθεν
1438 2108 1611 2178 αὐτῆς
1633 2107 1695 2160 τὸ
1721 2108 1961 2178 ἀξίωμα,

377 2200 466 2253 ὅτι
492 2200 553 2253 οὐ
585 2198 859 2269 πανταχοῦ
896 2199 995 2268 τῆς
1020 2197 1351 2268 οἰκουμένης
1380 2195 1746 2266 ἐκταθήσεται
1780 2196 1962 2266 μόνον,

377 2288 518 2344 ἀλλά
539 2289 633 2342 καὶ
662 2286 935 2359 πανταχοῦ
960 2286 1052 2340 τοῦ
1079 2286 1297 2349 αἰῶνος.
1333 2284 1627 2347 ’Δθάνατος
1653 2284 1761 2355 γὰρ
1786 2282 1963 2348 ἐσται,

379 2378 567 2449 φησὶν,
586 2379 619 2447 ή
646 2377 832 2449 μνήμη
858 2393 972 2440 σου,
998 2376 1347 2447 ἀνάγραπτος
1380 2377 1439 2428 ἐν
1468 2376 1590 2436 ταῖς
1616 2371 1818 2443 βίϐλοις
1844 2375 1965 2437 ταῖς

379 2467 696 2538 ἡμετέραις,
729 2466 1079 2536 ἀνάγραπτος
1110 2466 1167 2517 ἐν
1197 2466 1317 2528 ταῖς
1362 2463 1685 2529 πολιτείαις,
1721 2462 1965 2533 ἀνάγρα-

379 2570 516 2617 πτος
543 2556 600 2605 ἐν
626 2555 738 2616 τοῖς
764 2552 1203 2624 προστάγμασιν.
1227 2552 1367 2624 Ὅρα
1389 2551 1506 2615 πῶς
1524 2550 1741 2621 καὶτῆς
1756 2551 1967 2613 οἰκείας

379 2640 720 2714 προφητείας
740 2640 801 2693 τὸ
816 2640 1036 2710 διαρκὲς
1062 2639 1417 2710 προφητεύει.
1438 2638 1624 2693 Εἰπὼν
1645 2637 1776 2709 γὰρ,
1801 2641 1965 2705 Μνη-

378 2729 688 2798 σθήσομαι
716 2728 821 2782 τοῦ
850 2729 1141 2797 ὀνόματός
1170 2743 1287 2781 σου
1320 2728 1390 2781 ἐν
1426 2726 1596 2796 πάσῃ
1635 2724 1812 2796 γενεᾷ
1864 2726 1965 2781 καί

379 2816 580 2887 γενεᾷ,
616 2814 774 2869 τοῦτο
806 2815 1061 2887 ἐδήλωσε.
1093 2814 1210 2869 Κᾶν
1257 2814 1369 2883 ἐγὼ
1407 2815 1743 2885 τελευτήσω,
1777 2814 1964 2884 φησὶν,

380 2906 499 2960 ἀλλ’
540 2905 744 2977 ᾄσομαι
776 2907 857 2968 εἰς
896 2905 955 2957 σὲ
989 2905 1084 2958 καὶ
1112 2904 1402 2959 τελευτῶν.
1434 2904 1509 2956 Τὸ
1539 2903 1637 2974 μέν
1667 2903 1777 2973 γὰρ
1808 2902 1969 2973 σῶμα

380 2993 767 3065 διαλυθήσεται
790 3011 804 3025 ο
840 2993 908 3047 τὰ
938 2994 995 3047 δέ
1039 2994 1347 3064 γράμματα
1383 2992 1556 3064 μένει,
1608 2993 1705 3046 καὶ
1750 2993 1778 3044 6
1806 2992 1969 3063 νόμος

382 3084 634 3155 διαρκής.
676 3083 779 3136 Διὰ
826 3081 1003 3135 τοῦτο
1042 3080 1183 3135 λαοὶ
1237 3079 1794 3150 ἐξομολογήσωαί
1845 3097 1967 3135 σοι.

388 3171 550 3225 ’Ὅθεν
591 3169 817 3240 ἤρξατο,
848 3168 1083 3223 ἐνταῦθα
1115 3169 1434 3234 κατέλυσεν,
1472 3167 1668 3232 εἰςτὸν
1707 3167 1965 3238 Χριστόν.

392 3260 495 3314 Διὰ
527 3261 714 3315 τοῦτο.
748 3262 945 3326 Ποῖον;
982 3261 1105 3314 Ὅτι
1156 3258 1395 3313 τοσαῦτα
1438 3257 1831 3330 κατώρθωσας,
1887 3258 1968 3311 δτι

390 3349 660 3411 τοιούτους
696 3348 964 3419 ἄρχοντας
1012 3346 1345 3416 ἐπέστησας,
1377 3346 1460 3399 ὅτι
1503 3346 1703 3399 κακίαν
1738 3346 1967 3416 ἧλασας,

384 3438 469 3489 ὅτι
517 3437 718 3506 ἀρετὴν
763 3434 1088 3503 ἐφύτευσας,
1121 3435 1202 3488 ὅτι
1242 3436 1340 3506 τὴν
1378 3434 1541 3504 φύσιν
1586 3434 1818 3505 ήρμόσω
1870 3432 1968 3503 τὴν

385 3524 684 3595 ⁴ἡμετέραν,
729 3524 809 3577 ὅτι
840 3522 908 3576 τὰ
943 3524 1230 3594 ἀπόρρητα
1263 3522 1436 3577 ταῦτα
1475 3522 1719 3595 εἰργάσω
1750 3520 1933 3590 ἀγαθά
1953 3537 1966 3549 ·

382 3615 540 3669 πᾶσά
566 3616 702 3685 σοιή
729 3614 1021 3684 οἰκουμένη
1055 3613 1222 3685 ὕμνον
1252 3614 1460 3666 ἀνοίσει
1489 3614 1541 3678 b,
1569 3613 1669 3666 οὐκ
1689 3614 1746 3665 ἐν
1777 3614 1972 3684 βραχεῖ

382 3704 587 3774 χρόνῳ,
623 3704 742 3757 οὖδέ
773 3705 832 3757 ἐν
864 3703 1016 3767 δέκα,
1053 3703 1148 3756 καί
1177 3704 1370 3764 εἴκοσι,
1418 3703 1511 3756 καὶ
1545 3701 1739 3755 ἐκατδν
1770 3700 1969 3767 ἔτεσιν,

382 3792 515 3845 οὐδὲ
546 3793 605 3844 ἐν
632 3791 786 3862 μέρει
812 3791 909 3861 τῆς
941 3789 1288 3861 οἰκουμένης,
1319 3789 1455 3843 ἀλλά
1477 3791 1547 3861 γῆ
1582 3789 1675 3841 καὶ
1707 3788 1969 3852 θάλαττα,

382 3881 679 3951 οἰκουμένη
722 3897 780 3932 τε
825 3881 918 3934 καὶ
963 3881 1215 3950 ἀοίκητος
1247 3879 1335 3932 διὰ
1384 3878 1584 3941 παντὸς
1628 3875 1721 3929 τοῦ
1774 3876 1972 3940 αἰῶνος

382 3970 632 4042 ᾀσονται,
685 3969 845 4039 χάριν
886 3967 1272 4038 ὁμολογοῦντες
1304 3968 1397 4020 ἐπὶ
1442 3969 1558 4029 τοῖς
1595 3965 1823 4035 ἀγαθοῖς
1858 3968 1971 4027 τοῖς

382 4059 795 4131 γεγενημένοις.
841 4058 1014 4128 ’Υπὲρ
1040 4058 1105 4128 δή
1148 4057 1354 4110 τούτων
1392 4056 1648 4110 ἁπάντων
1679 4056 1773 4108 καὶ
1807 4056 1970 4124 ἡμεῖς

385 4149 876 4219 εὐχαριστήσωμεν
904 4144 983 4215 τῷ
1009 4144 1378 4216 φιλανθρώπῳ
1406 4141 1652 4215 Χριστῷ,
1680 4141 1748 4193 δι’
1788 4138 1848 4194 οῦ
1877 4141 1971 4193 καὶ

388 4237 513 4309 μεθ’
537 4227 599 4288 οῦ
620 4236 698 4305 τῷ
719 4235 896 4306 Πατρί
918 4235 951 4304 ή
981 4232 1128 4298 δόξα,
1157 4233 1272 4302 ἄμα
1297 4230 1374 4300 τῷ
1392 4231 1530 4300 ἁγίῳ
1548 4228 1848 4298 Πνεύματι,
1875 4228 1972 4281 νῦν

384 4326 480 4379 καὶ
503 4324 611 4389 ἀεὶ,
648 4324 741 4377 καί
770 4324 852 4385 εἰς
894 4321 1021 4385 τοὺς
1051 4319 1253 4383 αἰῶνας
1284 4318 1392 4371 τῶν
1426 4317 1657 4370 αἰώνων.
1702 4316 1897 4388 Ἀμήν.

776 4442 886 4494 ΕΙΣ
924 4440 1064 4493 ΤΟΝ
1101 4437 1215 4493 ME'
1250 4437 1569 4491 ΨΔΛΜΟΝ.

383 4554 495 4618 Εἰς
523 4552 588 4606 τὸ
622 4550 796 4616 τέλος
822 4548 974 4615 ὑπὲρ
1003 4547 1122 4601 τῶν
1146 4546 1297 4618 υἰῶζ
1314 4544 1486 4618 Κιρρὲ,
1512 4541 1811 4618 ὐίτὲργτῶν
1834 4560 1972 4618 κρο-

507 4624 632 4677 ίων.
670 4612 882 4683 Ἀλλος,
917 4612 1000 4684 Τῷ
1020 4614 1305 4684 νικοποιῷ
1325 4614 1444 4669 τῶν
1475 4613 1622 4668 υἱῶν
1640 4612 1810 4682 Κορέ.
1845 4613 1973 4666 Ἀλ-

491 4710 574 4757 ος,
607 4704 629 4729 "-
667 4682 853 4759 ’Υπὲρ
877 4682 1180 4756 νεοτήτων
1207 4682 1392 4755 ᾆσμα.

394 4779 464 4832 '0
500 4775 644 4841 Θεὸς
670 4770 1185 4846 ᾐμῶνῌκαταςρινγὴ
1215 4769 1314 4846 καί
1343 4769 1621 4846 δύναμις,
1645 4765 1875 4846 ,βοηθός
1901 4765 1972 4818 ἐν

462 4835 731 4914 θλίψεσῖ
767 4843 896 4908 ταῖς
923 4835 1245 4916 εὑρούσαις
1271 4837 1427 4916 ἡμᾶς
1458 4835 1713 4916 σφόδρα.
1752 4835 1966 4916 ’ᾼλλος,

472 4908 588 4970 Ἑν’
605 4917 894 4984 θλίψεσιν
916 4908 1367 4984 εὑρισκόμενος.
1401 4908 1504 4984 Διά
1542 4908 1825 4984 τοῦτο-οὐ
1860 4924 1970 4984 spot

459 4975 840 5055 ϐηθησόιὶεθα
865 4984 935 5056 ἐν
960 4975 1051 5056 τῷ,
1082 4975 1494 5056 ταράσσεσθαι
1520 4977 1644 5056 *τὴν
1677 4975 1815 5056 γῆν,
1869 4975 1971 5030 καί

455 5050 872 5129 μετατίθεσθαι
897 5054 1002 5123 ὄρη
1028 5054 1098 5107 ἐν
1126 5050 1394 5120 καρδίαις
1424 5050 1776 5103 θαλασσῶν.

459 5189 491 5225 α
516 5211 528 5225 .
552 5171 630 5241 Τῇ
656 5167 877 5240 συνήθει
894 5165 1160 5237 κέχρηται
1186 5160 1475 5233 φιλοσοφίᾳ
1491 5161 1519 5214 6
1541 5149 1845 5230 προφήτης,
1862 5158 1969 5212 τῶν

391 5260 496 5331 μὲν
521 5256 789 5329 βιωτικῶν
819 5254 1049 5322 ἀπάγων
1078 5252 1440 5324 πραγμάτων,
1473 5250 1553 5312 εἰς
1576 5248 1634 5301 δὲ
1654 5247 1754 5317 τὴν
1779 5247 1970 5300 ἐλπίδα

382 5348 491 5418 τήν
519 5345 724 5400 ἀνωθεν
754 5343 974 5411 ἀνάγων
1001 5341 1091 5394 τὸν
1117 5340 1414 5409 ἀκροατήν.
1444 5337 1537 5408 Μὴ
1568 5337 1677 5408 γάρ
1711 5354 1801 5407 μοι
1828 5335 1967 5389 ὅπλα

383 5437 489 5491 καὶ
515 5435 671 5507 τείχη
694 5434 791 5487 καὶ
814 5432 1057 5503 τάφρους
1088 5430 1270 5500 εἴπῃς,
1301 5429 1454 5499 φησί,
1486 5426 1619 5498 μηδὲ
1652 5426 1969 5495 περιουσίαν

451 5569 478 5634 _‘
505 5567 657 5634 ,ᾼιῖυξ
679 5562 1064 5634 τελευτησεὲνῖφν
1084 5561 1343 5634 πεπήγασι-

354 5658 361 5663 -
448 5630 477 5671 Ιι
505 5630 675 5679 Morel.
700 5628 882 5676 ἁνύσει.
909 5624 1103 5683 Heliqm
1129 5623 1328 5670 ἀνοίσει.

453 5694 475 5721 ε
516 5690 551 5739 l3
561 5705 651 5740 nus
681 5691 759 5743 ἐπὶ
797 5680 1125 5743 νεα-ιιοτήτων.
1152 5684 1331 5743 Aquila
1367 5680 1516 5732 habet
1540 5682 1656 5744 ὑπὲρ
1679 5683 1773 5728 τῶν
1792 5695 1971 5728 νεανισ-

383 5754 560 5810 τήνων.

1474 312 1845 371 EXPOSITIO
1887 310 1953 367 IN
1996 313 2332 376 PSALHUM
2376 322 2531 380 XLV.

3540 340 3644 396 204

2075 440 2395 530 χρημάτων,
2438 449 2531 498 καὶ
2583 449 2890 521 πολεμικῶν
2938 453 3251 528 ἐμπειρίαν,
3302 458 3396 512 καὶ
3444 459 3649 530 πλῆθος

2066 525 2271 618 ἵππων,
2294 534 2430 603 μηδὲ
2453 535 2600 601 τόξα,
2628 540 2720 591 καὶ
2742 539 2893 612 βέλη,
2917 545 3011 596 καὶ
3038 525 3314 616 θώρακας,
3343 547 3477 618 μηδέ
3504 525 3647 618 συμ-

2067 615 2258 686 μάχων
2286 619 2489 693 πλήθη,
2518 625 2613 677 καὶ
2645 629 2995 697 στρατιωτῶν
3022 615 3502 705 φάλαγγαςξμηδὲ
3540 615 3648 688 aii)-

2065 721 2236 773 ματος
2290 710 2460 778 ἰσχὺν,
2508 714 2605 766 καὶ
2655 715 2932 785 πολεμίων
2974 722 3190 792 πεῖραν.
3243 723 3428 777 Πάντα
3476 724 3649 780 ταῦτα

2060 792 2304 881 ἀράχνης
2331 798 2425 851 καὶ
2460 803 2616 864 σκιᾶς
2650 802 3038 876 ἀδρανέστερα.
3088 808 3226 861 Ἀλλ’
3254 810 3302 860 εἰ
3346 810 3525 878 βούλει
3549 813 3648 881 τὴν

2064 878 2276 951 ἄμαχον
2300 883 2425 938 ἰδεῖν
2451 885 2700 958 δύναμιν,
2726 889 2825 960 τὴν
2853 894 3173 965 καταφυγὴν
3200 895 3298 966 τὴν
3320 878 3644 967 ἀχείρωτον.

2060 967 2122 1021 τὸ
2156 970 2414 1041 φρούριον
2435 974 2495 1026 τὸ
2523 976 2741 1040 ἄσυλον,
2774 977 2865 1031 τὸν
2891 979 3100 1049 πύργον
3128 984 3219 1035 τὸν
3251 984 3519 1045 ἄσειστον,
3548 987 3649 1038 ἐπὶ

2063 1052 2217 1129 [185]
2238 1058 2329 1111 τὸν
2354 1059 2487 1114 Θεὸν
2510 1063 2846 1134 κατάφευγε,
2871 1067 3087 1137 ἐκείνην
3109 1070 3326 1123 ἐπισπῶ
3346 1071 3443 1142 τὴν
3471 1073 3648 1141 ἰσχύν.

2060 1144 2172 1197 Kal
2201 1145 2381 1209 καλῶς
2406 1144 2558 1204 εἶπεν
2577 1184 2591 1209 ,
2618 1151 2679 1204 '0
2712 1152 2857 1219 Θεὸς
2886 1154 3059 1223 ἡμῶν
3084 1158 3399 1228 καταφυγὴ
3425 1161 3519 1213 καί
3546 1160 3649 1213 δύο

2060 1243 2273 1296 ναμις·
2329 1229 2542 1296 δεικνὺς
2588 1234 2670 1288 ὅτι
2712 1237 2843 1289 ποτὲ
2881 1239 2981 1309 μὲν
3021 1242 3317 1310 φευγοντες
3373 1242 3646 1313 νικῶμεν,

2061 1314 2194 1367 ποτὲ
2227 1314 2284 1368 δέ
2326 1317 2609 1390 ἰστάμενοι
2642 1323 2736 1375 καὶ
2767 1324 3156 1396 πολεμοῦντες.
3191 1329 3303 1382 Καὶ
3330 1330 3439 1400 γὰρ
3470 1331 3649 1399 ἀμφό-

2059 1418 2194 1473 τερα
2218 1403 2395 1460 ταῦτα
2422 1407 2503 1460 δεῖ
2542 1411 2736 1475 ποιεῖν,
2765 1413 2859 1464 καὶ
2888 1413 3054 1483 ὁμόσε
3080 1418 3301 1487 χωρεῖν,
3337 1417 3434 1469 καί
3471 1416 3651 1471 ἐκκλί-

2062 1510 2195 1578 νειν.
2223 1494 2399 1578 Τοῦτο
2433 1498 2528 1551 καὶ
2555 1499 2769 1564 Παῦλος
2793 1502 2989 1566 ἐποίει,
3019 1504 3151 1557 ποτέ
3190 1505 3289 1576 μὲν
3324 1505 3647 1578 ὑποχωρῶν,

2064 1576 2194 1628 ποτέ
2216 1576 2271 1629 δὲ
2303 1580 2650 1650 ἐπεμϐαίνων
2682 1586 2796 1647 τοῖς
2826 1586 3257 1657 ἐναντιουμένοις
3282 1588 3360 1658 τῷ
3388 1576 3530 1660 λόγῳ
3552 1588 3652 1659 τῆς

2062 1664 2344 1734 ἀληθείας.
2368 1668 2539 1723 Τοῦτο
2560 1672 2654 1724 καί
2670 1674 2697 1725 6
2723 1673 2957 1743 Χριστὸς
2981 1676 3153 1728 ἐποίει
3171 1676 3439 1730 διδάσκων
3469 1678 3616 1747 ήμᾶς
3633 1692 3648 1706 ο

2061 1747 2221 1801 τοῦτο
2243 1750 2335 1803 καὶ
2354 1753 2501 1822 ἡμᾶς
2529 1754 2612 1807 δεῖ
2636 1759 2830 1819 ποιεῖν,
2860 1760 2955 1811 καί
2983 1758 3179 1812 εἰδέναι
3206 1760 3345 1830 μετά
3367 1759 3653 1830 ἀκριϐείας

2062 1842 2270 1913 καιρῶν
2297 1845 2733 1917 ἐπιτηδειότητα,
2756 1851 2850 1902 καὶ
2870 1849 3127 1920 εὔχεσθαι
3163 1850 3263 1920 μὲν
3289 1849 3363 1921 μὴ
3392 1850 3653 1904 εἰσελθεῖν

2062 1930 2143 1992 εἰς
2176 1931 2482 2001 πειρασμὸν
2503 1933 2644 1986 κατὰ
2672 1936 2733 1988 τὸ
2760 1935 2940 2003 λόγιον
2976 1937 3152 1990 ἐκεῖνο
3172 1937 3235 1990 τὸ
3264 1936 3650 2006 εύαγγελικόνο

2064 2020 2512 2089 παραγενομένου
2554 2022 2631 2088 δέ,
2681 2023 2757 2093 μὴ
2802 2023 3222 2094 μαλακίζεσθαι,
3269 2025 3384 2078 ἀλλ’
3432 2026 3654 2079 ἑστάναι

2063 2107 2348 2173 γενναίως.
2366 2110 2596 2178 Βοηθὸς
2617 2112 2688 2166 ἐν
2710 2114 2960 2181 θλίψεσι
2988 2114 3119 2180 ταῖς
3140 2116 3471 2182 εἰιρούσαις
3496 2114 3656 2183 ἡμᾶς

2062 2195 2318 2264 σφόδρα.
2361 2199 2427 2251 Ὃ
2458 2200 2719 2265 πολλάκις
2748 2198 2923 2267 εἷπον,
2970 2205 3065 2257 καί
3106 2202 3203 2258 νῦν
3241 2203 3404 2271 λέγω.
3441 2205 3515 2257 Οὐ
3548 2221 3656 2257 κωο

2063 2281 2179 2336 λύει
2203 2284 2301 2348 τὰς
2334 2285 2542 2356 θλίψεις
2567 2288 2836 2352 ἐπελθεῖν,
2866 2290 3002 2344 ἀλλὰ
3025 2291 3486 2362 παραγενομένων
3512 2308 3653 2361 παρ-

2068 2369 2302 2434 ίσταται,
2331 2374 2638 2444 χρησίμους
2664 2376 2811 2446 ἡμᾶς
2854 2375 3221 2447 ἐργαζόμενος
3259 2380 3353 2431 καὶ
3377 2378 3652 2448 δοκίμους.

2065 2457 2139 2511 Τὸ
2184 2459 2241 2511 δὲ
2277 2462 2519 2529 Σφόδρα
2546 2463 2624 2533 τῷ
2653 2466 2887 2532 Βοηθὸς
2917 2466 3349 2537 προσνεμητέον.
3396 2466 3501 2519 Καὶ
3546 2465 3656 2536 γὰρ

2063 2545 2162 2616 οὐχ
2212 2546 2287 2610 ὡς
2328 2548 2486 2618 ἐτυχε
2528 2549 2746 2620 βοηθεῖ,
2800 2551 2937 2605 ἀλλὰ
2996 2553 3135 2623 μετὰ
3178 2554 3280 2623 τῆς
3327 2552 3653 2625 ὑπερϐολῆς,

2066 2632 2287 2687 πλείονα
2316 2636 2574 2707 παρέχων
2603 2638 2702 2708 τὴν
2737 2639 2846 2691 ἀπὸ
2879 2640 2979 2709 τῆς
3016 2641 3336 2711 συμμαχίας
3365 2640 3656 2713 παράκλη-

2067 2728 2153 2773 σιν
2186 2722 2284 2793 τῆς
2318 2723 2426 2775 ἀπὸ
2450 2722 2559 2776 τῶν
2582 2723 2812 2793 θλίψεων
2844 2727 3059 2799 ὀδύνης.
3091 2729 3167 2781 Οὐ
3201 2731 3310 2799 γὰρ
3336 2729 3457 2782 ὅσον
3487 2729 3652 2781 ἀπαι-

2063 2812 2148 2862 τεῖ
2170 2810 2278 2863 τῶν
2306 2810 2495 2863 δεινῶν
2536 2814 2568 2882 ή
2601 2814 2783 2882 φύσις,
2819 2816 3088 2887 τοσαύτην
3120 2818 3251 2888 ἡμῖν
3289 2817 3517 2888 παρέχει
3556 2816 3654 2886 τὴν

2066 2898 2405 2969 συμμαχίαν,
2422 2899 2557 2952 ἀλλά
2578 2901 2757 2971 πολλῷ
2784 2902 3025 2957 πλείονα.
3052 2905 3151 2959 Διά
3176 2905 3351 2958 τοῦτο
3369 2906 3440 2957 οὑ
3469 2905 3656 2972 φοϐη-

2067 2988 2389 3055 θησόμεθα,
2428 2988 2614 3057 φησίν,
2660 2991 2730 3042 ἐν
2769 2988 2851 3054 τῷ
2892 2990 3303 3060 ταράσσεσθαι
3350 2991 3466 3058 τὴν
3513 2990 3653 3061 τῆν.

2080 3073 2244 3145 Ὁρᾷς
2270 3073 2385 3137 πῶς
2405 3074 2625 3127 πλείονα
2643 3077 2871 3147 παρέχει
2889 3079 2987 3148 τὴν
3006 3077 3281 3150 βοήθειαν,
3309 3079 3403 3132 καὶ
3430 3080 3494 3131 ἐκ
3517 3078 3657 3130 πολ-

2067 3160 2165 3231 λῆς
2196 3162 2294 3231 τῆς
2317 3162 2666 3233 περιουσίας;
2692 3164 2766 3216 Οὐ
2796 3164 2906 3234 γὰρ
2929 3160 3102 3230 εἶπεν,
3119 3170 3194 3224 Οὐ
3213 3164 3373 3237 μόνον
3401 3164 3499 3235 οὐχ
3519 3163 3657 3218 ἁλω-

2071 3248 2275 3318 σόμεθα
2297 3249 2346 3311 ἀ,
2381 3249 2509 3302 ούδέ
2533 3251 2869 3321 πεσούμεθα,
2899 3252 3012 3305 ἀλλ’
3038 3255 3215 3312 Οὐδὲό
3233 3253 3409 3306 κοινὸν
3430 3254 3529 3322 τῆς
3557 3252 3659 3321 φύ-

2071 3336 2206 3400 σεώς
2234 3339 2348 3389 ἐστι
2373 3336 2705 3408 πεισόμεθα,
2730 3338 2791 3391 τὸ
2821 3340 3123 3411 φοϐηθῆναι
3147 3341 3243 3395 καὶ
3261 3340 3452 3393 δεῖσαι.
3486 3340 3657 3393 Πόθεν

2068 3423 2123 3476 δὲ
2155 3422 2312 3477 τοῦτο
2336 3424 2571 3492 γίνεται;
2616 3426 2709 3478 Ἐκ
2738 3426 2831 3479 τοῦ
2857 3426 2958 3498 τὴν
2982 3427 3299 3497 συμμαχίαν
3333 3428 3396 3479 ἐκ
3426 3444 3493 3480 πε
3510 3443 3657 3497 ριου-

2071 3511 2190 3574 σίας
2222 3512 2454 3565 ἐπιέναι.
2492 3513 2600 3585 Γῆν
2628 3511 2685 3565 δὲ
2711 3513 2965 3581 ἐνταῦθα,
3007 3516 3103 3568 καὶ
3137 3515 3259 3586 δρη,
3302 3514 3399 3567 καὶ
3423 3514 3657 3586 καρδίαν

2070 3599 2373 3665 θαλασσῶν,
2423 3601 2485 3654 οὐ
2527 3601 2596 3654 τὰ
2647 3602 2889 3671 στοιχεῖά
2912 3619 3100 3674 φησιν,
3137 3601 3273 3656 ἀλλὰ
3313 3601 3390 3672 τῷ
3436 3602 3658 3672 ὀνόματι

2068 3689 2274 3743 τούτων
2320 3690 2450 3754 τοὺς
2486 3690 2799 3761 ἀφορήτους
2840 3691 3121 3754 κινδύνους
3171 3692 3488 3745 αἰνίττεται.
3537 3692 3654 3744 Κᾶν

2075 3779 2255 3845 πάντα
2283 3777 2481 3847 ἴδωμεν
2513 3778 2916 3847 συγκεχυμένα,
2943 3780 3096 3849 φησὶ,
3126 3779 3229 3831 κᾶν
3257 3778 3506 3850 ταραχὴν
3527 3779 3655 3847 ἀφί-

2076 3882 2258 3936 ρητον,
2288 3865 2394 3917 κᾶν
2430 3864 2603 3918 ταῦτα
2638 3866 3024 3935 συμϐαίνοντα,
3060 3866 3097 3920 ἃ
3127 3867 3401 3938 μηδέποτε
3444 3868 3655 3935 γέγονε,

2071 3952 2176 4006 κᾶν
2196 3952 2386 4021 αὐτὴν,
2410 3952 2485 4015 ὡς
2508 3952 2574 4007 ἂν
2595 3952 2739 4006 εἴποι
2763 3953 2981 4026 τις,τὴν
3003 3954 3179 4008 κτίσιν
3203 3957 3659 4027 συρῤηγνυμένην

2072 4042 2263 4111 ἑαυτῇ,
2297 4042 2389 4093 καὶ
2420 4043 2545 4105 τοὺς
2571 4043 2670 4112 τῆς
2707 4041 2921 4111 φύσεως
2963 4044 3318 4115 κινουμένους
3348 4045 3529 4114 ὅρους,
3562 4045 3659 4096 καὶ

2074 4127 2252 4182 πάντα
2276 4129 2341 4181 ἐκ
2373 4128 2590 4199 βάθρων
2624 4131 3016 4201 ἀνασπώμενα,
3049 4133 3144 4185 καὶ
3171 4131 3252 4184 τὰ·
3272 4131 3466 4200 πρῶτα
3508 4150 3645 4185 στοι-

2072 4220 2196 4286 χεῖα
2231 4218 2594 4288 συγχεόμενα,
2627 4218 2724 4271 καὶ
2753 4218 3023 4290 τοσαύτην
3051 4218 3341 4290 γινομένην
3365 4218 3463 4289 τὴν
3487 4235 3657 4289 ταρα⁹

2072 4306 2195 4378 χὴν,
2222 4308 2282 4359 οὑ
2316 4308 2477 4377 μόνον
2503 4308 2601 4377 οὐχ
2627 4308 2970 4379 ἁλωσόμεθα,
3000 4308 3113 4361 ἀλλ’
3140 4308 3261 4361 οὐδὲ
3287 4308 3553 4377 δείσομεν.
3583 4307 3656 4361 T6

2072 4396 2130 4449 δέ
2161 4396 2354 4462 αἴτιον,
2380 4397 2461 4449 ὃτι
2490 4399 2518 4450 ὁ
2549 4397 2766 4450 πάντων
2790 4396 2994 4451 τούτων
3018 4398 3294 4465 Δεσπότης
3320 4396 3523 4467 βοηθεῖ,
3554 4396 3647 4449 καὶ

2074 4487 2234 4555 χεῖρα
2271 4484 2476 4556 ὀρέγει,
2506 4486 2601 4539 καὶ
2645 4486 3002 4554 παρίσταται.
3037 4484 3100 4537 Εἰ
3125 4484 3180 4537 δὲ
3207 4484 3412 4538 τούτων
3439 4485 3661 4554 γινομέ-

2072 4589 2181 4626 νων
2227 4573 2327 4625 οὑκ
2368 4572 2435 4626 ἂν
2488 4573 2792 4643 ἐνδοίημεν,
2842 4573 2962 4625 ούδέ
3012 4572 3656 4643 καταμαλακισθείημενο

2074 4659 2255 4730 πολλῷ
2292 4660 2492 4731 μᾶλλον
2520 4661 2783 4715 ἐπιόντων
2815 4661 2926 4714 τῶν
2969 4659 3200 4731 ἐχθρῶν,
3232 4664 3325 4715 καὶ
3352 4662 3458 4714 τῶν
3495 4662 3655 4714 πολε-

2077 4748 2217 4819 μίων
2247 4749 2762 4820 παραταττομένων.
2800 4751 3074 4818 Ἧχησαν
3102 4749 3199 4803 καὶ
3236 4748 3660 4819 ἐταράχθησαν

2080 4836 2153 4890 τὰ
2168 4835 2358 4890 ὕδατα
2379 4837 2598 4892 αὐτῶν.
2631 4836 3088 4907 Ἐταράχθησαν
3115 4837 3185 4892 τὰ
3208 4836 3316 4906 ὅρη
3339 4837 3495 4907 ἐντῇ
3517 4853 3658 4905 κραο

2073 4925 2337 4993 ταιότητι
2386 4926 2593 4979 αὐτοῦ.
2629 4911 2819 4989 ’Ἄλλος
2863 4937 2885 4966 θ
2925 4927 3125 4994 φησίν’
3179 4926 3513 4994 Ἠχούντων
3554 4925 3655 4980 καὶ

2073 5011 2455 5081 θολουμένων
2483 5012 2602 5067 τῶν
2630 5013 2879 5078 ὑδάτων,
2902 5008 2999 5067 καὶ
3031 5014 3359 5080 σειομένων
3381 5014 3565 5082 ὀρέων
3582 5014 3655 5066 ἐν

2073 5098 2151 5165 τῷ
2173 5099 2528 5170 ἐνδοξασμῷ
2564 5101 2773 5156 αὐτοῦ.
2803 5100 3010 5168 Εἰπὼν,
3034 5103 3117 5155 ὅτι
3146 5103 3205 5155 ού
3233 5101 3483 5172 δείσομεν
3526 5103 3655 5174 cup-

2075 5190 2432 5260 ρηγνυμένων
2466 5191 2742 5256 ἁπάντων,
2768 5190 2953 5244 λοιπὸν
2980 5190 3219 5261 περὶτῆς
3246 5189 3528 5260 δυνάμεως
3551 5193 3653 5243 αύ-

2071 5278 2166 5331 τοῦ
2198 5278 2523 5347 διαλέγεται,
2556 5280 2637 5332 ὃτι
2660 5282 2867 5350 ἄμαχος
2900 5279 3064 5332 αὐτοῦ
3095 5279 3127 5348 ή
3162 5277 3333 5348 ἰσχύς.
3366 5278 3474 5331 Καὶ
3508 5280 3654 5333 εἰκό-

2076 5383 2185 5429 τως
2218 5369 2403 5438 φησίν,
2443 5368 2504 5420 οὐ
2541 5367 2881 5437 δεδοίκαμεν,
2923 5367 3016 5419 καὶ
3060 5368 3198 5436 ὅπερ
3227 5368 3315 5421 ἀεὶ
3360 5369 3522 5428 ποιεῖ,
3559 5366 3654 5419 νῦν

2188 5500 2310 5573 Reg:
2461 5499 2516 5547 οὐ
2554 5498 2696 5562 μόνον
2736 5499 2790 5546 οὗ
2830 5499 3149 5560 κολασόμεθα.
3191 5499 3341 5548 Savil.
3370 5499 3532 5561 οὐγὰρ
3553 5498 3657 5548 εἷπε

2074 5563 2232 5623 μόνον,
2257 5563 2345 5623 οὐχ
2366 5563 2442 5608 ἀλ.

2093 5685 2101 5686 7
2140 5634 2163 5661 ε
2187 5623 2521 5686 Symjpachqs.
2550 5620 2672 5686 Ibid.
2712 5619 2792 5686 οιὶί
2823 5622 2997 5686 legunt
3038 5622 3086 5670 ἐν
3111 5623 3486 5686 παραδοξασμῷ,
3507 5625 3565 5686 in~
3582 5623 3657 5686 νὶ-

2074 5685 2195 5733 doas
2221 5685 2269 5731 in
2295 5683 2547 5747 Hpgnplis.
2570 5682 2685 5747 Mox
2723 5682 2891 5747 λοιπόν
2912 5692 3026 5747 unm
3048 5686 3153 5747 περὶ
3176 5682 3258 5742 τῆς
3281 5682 3456 5737 dccfal
3480 5686 3527 5734 in
3553 5684 3657 5733 Μορ

2081 5749 2196 5806 rcl.,
2226 5746 2313 5794 εί·ιί
2337 5745 2543 5794 hubrlur
2566 5746 2618 5793 iu
2639 5759 2752 5794 mss.
2777 5754 2828 5794 et
2853 5746 2901 5794 in
2926 5746 3077 5794 εει-ῆι.
