4064 6414
276 352 375 407 Ξειὸ

280 474 414 543 quit,
433 468 550 525 Non
580 470 916 529 timebimus.
935 477 989 522 et
1015 467 1151 537 quod
1177 480 1390 535 semper
1418 464 1561 528 facit,
1586 478 1725 516 nunc
1755 462 1872 530 qui-

283 569 405 623 dem
432 580 498 619 ex
528 563 816 626 creaturis,
850 574 988 614 nunc
1028 573 1155 613 vero
1196 573 1260 612 ex
1292 557 1356 611 iis
1400 571 1518 625 quae
1563 551 1869 607 hominibus

285 655 534 713 accidunt
557 652 698 707 vires
719 652 836 722 ejus
864 649 1157 722 praedicans
1177 690 1190 715 ,
1215 647 1316 702 hoc
1344 647 1515 717 ipsum
1547 645 1634 698 hic
1658 657 1867 715 quoque

286 749 431 801 facit.

361 837 546 892 Omnia
569 836 673 889 Deo
693 834 932 906 proclivia
954 850 972 898 ;
998 832 1091 887 Dei
1110 829 1423 903 prosidentia
1443 845 1554 882 cum
1570 826 1725 899 ﬂuvio
1750 841 1870 879 con-

283 935 467 1001 fertur.
489 958 562 969 —
576 925 726 995 Quod
747 936 922 979 autem
944 924 1093 988 dicit,
1113 930 1194 978 est
1215 919 1474 991 ejusmodi
1502 938 1515 974 :
1540 918 1728 973 Omnia
1749 933 1870 971 con-

281 1022 439 1085 cutit,
470 1018 740 1081 labefacit,
775 1017 1024 1070 transfert
1051 1014 1264 1085 quando
1291 1012 1551 1077 voluerit;
1581 1011 1716 1065 adeo
1745 1017 1869 1063 sunt

286 1112 361 1167 illi
410 1110 585 1165 omnia
618 1116 856 1179 prompta
887 1115 940 1161 et
975 1106 1250 1176 proclivia.
1290 1102 1416 1158 Mihi
1451 1110 1630 1157 autem
1662 1100 1869 1154 videtur

290 1204 373 1259 hic
397 1203 694 1271 signiﬁcare
714 1198 1104 1253 multitudinem
1133 1197 1368 1251 virorum
1392 1195 1627 1258 fortium,
1656 1202 1711 1247 et
1730 1208 1868 1264 prte-

283 1295 644 1349 stantissimos
673 1291 923 1352 hosﬁum,
950 1299 1003 1344 et
1028 1289 1288 1343 inﬁnitum
1329 1287 1581 1357 pupulum
1612 1286 1865 1339 adversa-

284 1388 505 1443 riorum.
537 1385 701 1439 Tanta
731 1393 813 1439 est
837 1384 999 1448 enim,
1032 1382 1220 1452 inquit,
1247 1380 1365 1451 ejus
1387 1387 1620 1450 potestas
1646 1386 1718 1441 ut,
1752 1391 1866 1430 rno-

284 1482 355 1534 do
373 1491 592 1545 annual,
620 1478 734 1533 ha-c
753 1478 927 1532 omnia
954 1476 1102 1529 ﬁant.
1126 1474 1403 1540 Quomodo
1422 1480 1549 1543 ergo
1575 1470 1866 1539 poterimus

284 1574 474 1626 timere
528 1571 614 1640 qui
663 1569 819 1623 talem
868 1566 1128 1621 habemus
1173 1562 1490 1619 Dominum?
1542 1561 1862 1629 Diapsnlma.

287 1666 455 1729 Alius,
485 1662 714 1729 Semper.
741 1660 796 1715 5.
828 1658 1078 1713 Fluminis
1114 1657 1350 1725 impetus.
1380 1654 1548 1717 Alius,
1576 1654 1862 1707 divisiones.

283 1753 539 1809 Hebrarus
567 1762 739 1806 autem
760 1791 775 1815 ,
810 1748 1098 1820 Phalagau.
1139 1746 1423 1815 Lcetiﬁcant
1462 1745 1709 1798 civitatem
1731 1743 1826 1797 Dei
1845 1760 1866 1799 :

281 1841 613 1910 sancti/ienuit
639 1840 1012 1894 tabernaculum
1039 1855 1187 1892 suum
1212 1837 1515 1891 Altissimus.
1544 1837 1693 1890 Alius
1741 1836 1814 1889 ait
1848 1853 1862 1889 :

284 1936 536 1990 Sanctum
562 1932 884 1987 habitationis
910 1931 1172 1985 Altissimi.
1201 1929 1253 1984 6.
1290 1928 1430 1984 Deus
1452 1930 1505 1983 in
1540 1927 1704 1982 medio
1733 1931 1863 1999 ejus,

281 2037 329 2080 et
352 2043 453 2081 non
481 2024 883 2078 commovebitur.
905 2018 1171 2094 Adjuvabit
1200 2037 1309 2075 eam
1333 2020 1468 2075 Deus
1496 2037 1642 2074 mane
1665 2020 1864 2073 dilucu-

278 2119 352 2172 lo.
387 2118 536 2172 Alius
555 2116 718 2172 dicit:
745 2113 891 2171 Circa
917 2114 1237 2169 matutinum.
1262 2112 1431 2179 Alius,
1454 2111 1580 2166 Cum
1604 2111 1729 2164 liora
1748 2126 1861 2162 nta-

278 2212 443 2263 tutina
467 2211 641 2263 instat.
669 2209 953 2278 Postquam
980 2206 1115 2261 dixit
1138 2205 1205 2260 de
1233 2204 1350 2275 ejus
1378 2213 1641 2274 potestate
1668 2212 1723 2256 et
1751 2202 1861 2255 vir-

282 2313 426 2362 tute,
453 2311 510 2355 et
547 2300 595 2355 ei
625 2300 801 2354 omnia
832 2313 952 2353 esse
996 2297 1166 2352 facilia
1193 2338 1207 2361 ,
1256 2295 1324 2351 ad
1353 2297 1469 2365 ejus
1495 2310 1620 2365 erga
1649 2294 1863 2349 ,ιυιίειιοε

278 2393 626 2464 providentia:
658 2400 1024 2461 argumentum
1049 2387 1311 2445 convertit
1334 2387 1649 2453 orationem,
1680 2387 1862 2455 paucis

275 2486 565 2541 ostendens
605 2500 722 2553 qua:
751 2484 888 2537 bona
915 2482 995 2536 eis
1031 2481 1151 2535 data
1198 2479 1413 2535 fuerint.
1446 2480 1539 2534 llic
1565 2481 1728 2544 enim,
1770 2480 1858 2549 qui

276 2587 358 2630 est
387 2575 522 2631 adeo
551 2574 701 2629 fortis
720 2616 735 2640 ,
766 2572 900 2627 adeo
926 2582 1114 2642 potens
1146 2571 1497 2640 terribilisque
1516 2612 1532 2638 ,
1562 2570 1649 2640 qui
1681 2570 1859 2625 omnia

280 2668 377 2723 fert
399 2680 453 2723 et
477 2670 579 2738 agit
605 2709 621 2734 ,
649 2670 734 2737 qui
781 2666 957 2721 omnia
982 2674 1180 2732 movet,
1211 2666 1480 2730 concutit,
1520 2672 1575 2719 et
1611 2663 1862 2718 transfert

277 2777 337 2815 ac
368 2759 615 2824 traducit,
664 2758 900 2828 implevit
928 2758 1192 2813 civilatem
1230 2767 1467 2812 nostram
1499 2756 1653 2810 bonis
1699 2756 1859 2809 innu-

278 2852 461 2905 meris.
494 2850 711 2904 Fluvios
737 2848 878 2902 enim
909 2848 993 2902 hic
1017 2847 1309 2917 profusam,
1337 2846 1629 2916 copiosam,
1661 2858 1713 2901 et
1739 2860 1858 2914 quae

274 2943 442 2996 arceri
472 2943 653 3010 nequit
690 2955 1040 3008 supernorum
1073 2938 1338 2993 donorum
1370 2938 1576 3006 copiam
1603 2937 1855 2999 ostendit,

276 3034 499 3103 perinde
533 3048 596 3087 ac
619 3033 662 3087 si
697 3032 901 3087 diceret
929 3046 944 3083 :
987 3030 1276 3101 Tamquam
1319 3044 1383 3084 ex
1416 3028 1647 3082 fontilms
1677 3028 1856 3083 omnia

277 3127 435 3181 nobis
454 3127 586 3181 bona
616 3126 902 3197 proﬂuunt.
926 3124 1074 3183 Sicut
1109 3124 1250 3178 enim
1277 3122 1470 3178 fluvius
1489 3122 1576 3192 qui
1598 3121 1857 3177 scinditur

280 3221 336 3273 in
363 3220 553 3274 multas
572 3233 774 3288 partes,
801 3218 1092 3287 subjectam
1120 3217 1390 3287 regionem
1419 3215 1636 3284 irrigat:
1668 3214 1736 3268 ita
1765 3214 1855 3267 Dei

282 3310 603 3380 providentia
629 3311 774 3365 omni
799 3326 866 3365 ex
888 3318 1036 3380 parte
1062 3308 1255 3375 inﬂuit,
1281 3307 1493 3361 abunde
1515 3321 1852 3377 promanans,

274 3419 397 3458 cum
424 3417 641 3459 susurro
664 3402 952 3474 pertinens,
983 3409 1036 3457 et
1061 3401 1239 3456 omnia
1264 3401 1508 3469 implens.
1544 3400 1656 3455 Non
1680 3400 1854 3453 solum

271 3502 451 3550 autem
478 3494 675 3564 prtcbet
704 3494 857 3558 nobis
882 3493 1249 3556 securitatem,
1287 3490 1677 3561 infractumque
1703 3489 1855 3543 auxi-

276 3588 405 3640 lium
426 3628 443 3653 ,
482 3588 574 3641 sed
615 3587 771 3641 etiam
811 3584 1084 3655 spirituale
1112 3582 1358 3654 gaudium
1390 3600 1402 3634 :
1435 3592 1487 3636 et
1530 3581 1650 3636 ideo
1679 3580 1802 3634 dicit
1836 3595 1851 3632 :

272 3678 620 3746 Sancti/ienuit
653 3675 1024 3731 tabernaculum
1043 3691 1193 3729 suum
1221 3673 1521 3728 Altissimus.
1551 3672 1853 3737 Quinetiam

275 3770 376 3823 hoc
402 3769 573 3838 ipsum
598 3776 680 3823 cst
707 3782 814 3822 non
839 3780 997 3836 parva
1020 3777 1143 3835 pars
1172 3762 1432 3827 beneﬁcii,
1459 3760 1855 3816 tabernaculum

271 3877 429 3917 suum
453 3862 627 3915 locum
648 3866 886 3914 nostrum
914 3871 1129 3913 vocare.

341 3954 400 4008 2.
440 3952 622 4022 Neque
645 3951 786 4007 enim
817 3959 1017 4007 temere
1036 3950 1215 4022 posuit
1241 3947 1396 4014 illud,
1425 3947 1733 4002 Altissimus.
1756 3945 1855 4012 Qui

271 4058 350 4104 est
380 4062 510 4118 ergo
537 4045 673 4101 adeo
705 4046 879 4112 altus,
911 4046 1000 4115 qui
1042 4045 1190 4099 nullo
1219 4043 1335 4099 loco
1363 4042 1853 4112 comprehenditur,

270 4142 363 4213 qui
390 4150 477 4198 est
510 4141 802 4196 substantia
830 4139 1132 4204 ineffabilis,
1161 4137 1408 4207 dignatus
1433 4147 1515 4193 est
1543 4151 1735 4191 vocare
1762 4149 1860 4189 no-

273 4244 437 4288 stram
465 4233 730 4288 civitatem
777 4246 929 4285 suum
976 4230 1407 4292 tabernaculum,
1452 4242 1676 4299 eamque
1711 4228 1856 4282 omni

273 4341 337 4379 ex
365 4335 516 4395 parte.
543 4325 799 4379 continet.
833 4322 945 4377 [loc
982 4323 1125 4376 enim
1152 4321 1251 4376 sibi
1279 4322 1391 4375 vult
1421 4320 1571 4387 illud,
1602 4319 1665 4374 In
1690 4319 1857 4375 medio

276 4419 389 4486 ejus
414 4431 432 4469 :
457 4414 903 4483 quemadmodum
932 4412 1093 4467 etiam
1126 4412 1252 4468 dicit
1284 4428 1299 4466 :
1334 4412 1462 4465 Ecce
1488 4428 1580 4483 ego
1606 4410 1858 4466 vobiscum

271 4524 385 4559 sum
416 4504 638 4577 (Matth.
665 4506 756 4562 28.
788 4505 858 4558 ΞΟ
874 4502 917 4574 ).
949 4503 1196 4574 Undique
1223 4519 1339 4558 eam
1368 4504 1773 4572 complectitur;
1805 4512 1860 4556 et

275 4599 398 4653 ideo
441 4613 544 4652 non
574 4596 734 4651 modo
761 4596 890 4651 nihil
919 4610 1083 4668 grave
1120 4595 1366 4665 patietur,
1397 4595 1491 4650 sed
1522 4610 1589 4649 ne
1624 4608 1862 4649 commo-

275 4691 485 4745 vebitur
513 4690 748 4760 quidem.
792 4688 962 4743 Causa
992 4696 1169 4743 autem
1199 4695 1314 4750 est,
1341 4686 1482 4757 quod
1522 4686 1858 4741 celerrimum

276 4781 579 4850 assequitur
597 4779 875 4842 auxilium,
903 4786 1087 4847 utpote
1104 4777 1245 4848 quod
1266 4778 1338 4833 sit
1364 4783 1740 4847 promptunret
1766 4791 1859 4846 pa-

284 4881 450 4924 ratum
474 4886 488 4923 :
515 4871 615 4924 hoc
638 4870 780 4923 enim
809 4868 907 4923 sibi
929 4869 1041 4922 vult
1070 4867 1221 4935 illud,
1251 4867 1407 4922 Mane
1429 4866 1654 4922 diluculo
1677 4881 1697 4921 :
1718 4865 1860 4937 quod

279 4979 386 5016 non
416 4962 678 5028 dili'ertur,
710 4975 809 5016 nec
833 4960 1184 5030 protrahitur,
1212 4959 1306 5013 sed
1331 4968 1414 5014 est
1438 4973 1650 5027 semper
1677 4972 1862 5013 recens

273 5067 330 5110 et
360 5063 628 5124 vegetum,
661 5061 714 5107 et
752 5052 804 5107 in
834 5062 1073 5121 tempore
1100 5061 1418 5120 opportuno.
1457 5050 1510 5103 7.
1542 5048 1864 5104 Conturbator

277 5156 399 5201 sunt
434 5155 622 5217 gentes.
664 5145 834 5209 Alius,
866 5144 1195 5215 Congregatre
1218 5150 1335 5197 sunt
1376 5151 1563 5212 gentes.
1609 5139 1864 5195 Inclinata

274 5247 396 5292 sunt
416 5253 589 5308 regna.
610 5235 761 5290 Dedit
780 5251 947 5290 vocem
967 5251 1110 5288 suout
1135 5233 1438 5298 Altissimus,
1461 5238 1596 5286 mota
1615 5241 1688 5285 est
1708 5240 1863 5286 terra.

283 5328 528 5386 Ostendit
552 5327 639 5383 hic
683 5327 788 5383 vim
815 5326 932 5395 ejus
975 5325 1175 5379 auxilii.
1215 5324 1330 5379 Non
1373 5325 1514 5380 enim
1544 5323 1867 5392 quibuslibet

279 5417 672 5485 invadentibus,
700 5416 792 5471 sed
832 5415 1068 5486 regibus,
1096 5415 1343 5485 gentibus
1372 5414 1600 5484 undique
1625 5415 1867 5470 coeunti-

280 5511 403 5576 bus,
434 5525 591 5565 unam
619 5509 890 5565 civitatem
919 5507 1372 5562 circumdantibus
1396 5516 1451 5562 et
1474 5506 1863 5571 obsidentibus,

280 5618 387 5655 non
415 5601 574 5657 modo
604 5600 734 5655 nihil
763 5615 922 5671 grave
957 5597 1024 5652 ab
1049 5598 1128 5653 eis
1160 5612 1310 5667 passa
1337 5606 1440 5661 est,
1472 5597 1565 5652 sed
1594 5598 1752 5650 etiam
1782 5596 1865 5650 vi-

277 5696 373 5757 cit,
418 5693 709 5764 supcrarit,
742 5702 797 5746 et
841 5691 1032 5746 evertit
1079 5705 1173 5745 eos
1224 5689 1313 5759 qui
1364 5690 1703 5745 invadebant.
1757 5689 1867 5744 lloc

284 5789 425 5844 enim
452 5786 552 5844 sibi
586 5786 698 5842 vult
727 5784 877 5851 illud,
911 5782 1166 5838 Inclinato
1189 5791 1307 5837 sunt
1336 5799 1510 5855 regna,
1537 5783 1673 5836 dedit
1699 5798 1867 5836 vocem

1394 346 1752 402 EXI’OSlTlO
1794 347 1858 402 IN
1896 346 2214 403 PSALMUM
2256 347 2414 402 XLV.

3463 355 3567 410 902i

1971 472 2120 513 suam
2147 462 2435 517 Altissimus
2461 479 2479 515 :
2508 464 2727 533 perinde
2755 480 2818 521 ac.
2846 466 2892 521 si
2915 467 3137 533 dixeris,
3176 467 3272 524 Vel
3312 468 3428 523 solo
3452 469 3561 522 ela-

1975 567 2125 607 more
2165 555 2307 622 cepit
2332 555 2514 612 urbes.
2548 556 2777 612 Verbum
2807 560 3019 629 quidem
3051 576 3309 627 crassum,
3339 572 3394 617 et
3417 563 3561 633 quod

1976 643 2210 698 humano
2248 660 2399 700 more
2441 646 2640 701 dictum
2690 658 2813 703 est:
2843 665 3016 720 neque
3044 651 3188 707 enim
3234 652 3398 707 vincit
3426 654 3568 709 Deus

1975 749 2107 789 voce
2136 744 2189 789 et
2226 736 2491 802 clamore,
2519 738 2612 792 sed
2642 740 2755 794 solo
2785 751 2914 794 nutu
2943 751 2995 795 et
3021 748 3311 800 voluntate.
3342 744 3446 801 Sed
3481 755 3564 800 ta—

1974 844 2096 883 men
2127 844 2190 882 ex
2224 829 2305 883 his
2325 845 2535 899 quoque
2562 830 2913 886 crassioribus
2942 849 3064 888 eum
3092 837 3403 903 sustollens,
3438 837 3557 894 aliis

1974 919 2216 974 altiorem
2241 920 2530 978 dictionem
2562 924 2899 992 exeogitavit.
2928 926 3059 992 Quia
3095 929 3237 983 enim
3265 946 3384 984 eum
3412 946 3555 987 sem-

1976 1027 2071 1082 per
2099 1013 2385 1067 introducit
2431 1023 2694 1069 armatum
2715 1055 2731 1082 ,
2762 1016 3053 1071 ostendens
3097 1018 3182 1073 illa
3213 1022 3388 1075 omnia
3420 1022 3559 1076 dicta

1975 1118 2094 1157 esse
2119 1104 2500 1173 metaphorice,
2528 1117 2583 1161 et
2613 1107 2832 1175 tr0pice,
2857 1118 2910 1162 ct
2938 1117 2995 1162 ut
3018 1124 3077 1164 se
3119 1110 3183 1164 ad
3214 1121 3452 1166 nostrum
3474 1129 3563 1167 ea-

1974 1205 2121 1266 ptum
2147 1196 2580 1252 aceonuuodarct
2600 1197 2765 1269 (Deus
2786 1201 2926 1254 enim
2947 1202 3094 1255 nullo
3112 1218 3295 1257 eorum
3316 1205 3558 1276 indiget),

1974 1285 2252 1355 Subiunxit
2285 1306 2298 1342 :
2330 1287 2479 1341 Dedit
2520 1304 2687 1343 vocem
2726 1306 2901 1355 suam,
2932 1301 2976 1344 et
3005 1304 3256 1348 contntota
3286 1305 3357 1349 est
3392 1307 3563 1354 terra:

1973 1376 2262 1432 ostendens
2279 1381 2451 1446 ipsum
2473 1394 2576 1433 nou
2599 1379 2769 1434 solum
2794 1381 2974 1452 urbes,
2993 1392 3196 1451 gentes,
3220 1393 3272 1439 et
3296 1387 3559 1456 regiones,

1972 1469 2064 1522 sed
2102 1469 2271 1538 ipsqu
2309 1471 2467 1524 etiam
2498 1472 2817 1526 elementum
2847 1483 3153 1529 concutere.
3189 1474 3335 1531 Salet
3378 1488 3556 1532 autem

1974 1567 2169 1613 terram
2194 1575 2405 1630 quoque
2427 1577 2621 1617 vocare
2649 1563 3061 1632 multitudinem,
3086 1574 3142 1619 ut
3162 1566 3375 1636 quando
3395 1568 3521 1622 dicit
3544 1585 3557 1622 :

1972 1649 2040 1704 Et
2069 1661 2175 1704 erat
2200 1654 2363 1707 omnis
2384 1663 2516 1708 terra
2550 1653 2737 1708 labium
2776 1671 2929 1709 unum
2960 1655 3116 1727 (Gen.
3146 1660 3229 1712 Η.
3262 1659 3335 1731 1).
3371 1660 3423 1715 8.
3454 1659 3564 1715 Do—

1971 1745 2136 1798 minus
2160 1746 2398 1799 virtutum
2425 1746 2699 1801 nobiscum.
2727 1747 3002 1818 Snsceptor
3022 1760 3190 1804 noster
3217 1750 3355 1805 Deus
3376 1752 3557 1807 Iacob.

1972 1836 2226 1890 llebrmus
2251 1847 2427 1892 autem
2456 1852 2552 1908 pro
2580 1852 2646 1893 eo
2674 1839 2813 1910 quod
2845 1850 2946 1905 est,
2984 1839 3273 1910 Virtutum,
3300 1843 3433 1898 dixit
3455 1843 3558 1899 Sa-

1969 1929 2141 1982 baoth.
2172 1928 2304 1983 Vide
2352 1930 2623 1999 quomodo
2650 1946 2682 1985 a
2709 1940 2845 1985 terra
2875 1932 3008 1986 tollit
3036 1936 3333 1991 orationem
3361 1937 3426 1992 ad
3457 1953 3559 1996 cae.

1970 2020 2101 2086 hnu,
2129 2021 2194 2075 ad
2218 2020 2452 2076 inﬁnitos
2481 2023 2790 2092 angelorum
2817 2035 3010 2089 eteius,
3039 2027 3103 2078 ad
3121 2035 3308 2096 gentes
3329 2030 3560 2084 archan-

1970 2115 2232 2182 gelorum,
2259 2112 2324 2167 ad
2357 2129 2614 2182 supernas
2645 2123 2955 2183 poteSIates.
2988 2117 3124 2182 Quid
3152 2123 3293 2172 enim
3318 2120 3445 2173 mibi
3474 2121 3558 2175 di.

1968 2204 2046 2257 eis
2073 2214 2269 2269 castra,
2298 2204 2574 2268 barbaros,
2603 2215 2656 2259 et
2686 2206 2930 2260 homines
2960 2208 3047 2277 qui
3079 2211 3344 2278 pereunt?
3370 2210 3559 2266 Consi-

1968 2296 2094 2351 dera
2123 2297 2240 2367 ejus
2268 2297 2407 2351 vires
2428 2312 2494 2351 ex
2524 2313 2689 2368 regno
2719 2299 2859 2368 quod
2893 2300 2943 2353 in
2976 2300 3120 2354 ciclis
3154 2302 3355 2357 obtinet
3384 2322 3396 2358 :
3429 2314 3558 2374 quot

1970 2389 2312 2444 invisibilium
2361 2397 2675 2458 potestatqu
2705 2390 2970 2444 exercitus
3015 2391 3114 2445 sub
3152 2406 3212 2447 se
3253 2392 3446 2449 habeat
3472 2397 3557 2449 in-

1966 2491 2221 2538 structos.
2266 2481 2431 2537 Recte
2458 2492 2635 2536 autem
2673 2498 2767 2538 eos
2793 2484 3079 2553 appellavit
3120 2485 3341 2541 virtutes
3363 2529 3378 2551 ,
3412 2488 3557 2543 vires

1967 2588 2152 2629 corum
2183 2572 2474 2627 ostendens
2501 2589 2514 2625 :
2543 2571 2638 2627 sed
2664 2572 2824 2627 etiam
2852 2573 2980 2628 dicit
2999 2575 3121 2629 alibi
3153 2592 3168 2630 :
3198 2574 3432 2632 Potentes
3457 2578 3551 2632 vii-

1964 2674 2085 2729 tute,
2129 2667 2365 2736 facientes
2396 2663 2599 2718 verbum
2639 2665 2747 2734 ejus
2784 2664 2957 2736 (Psal.
2993 2667 3116 2722 102.
3163 2666 3296 2738 20).
3346 2668 3555 2724 Etenim

1966 2765 2102 2813 unus”
2130 2758 2345 2828 angelus
2374 2773 2496 2811 cum
2539 2757 2826 2828 aliquando
2854 2767 2999 2813 esset
3027 2775 3274 2830 egressus
3294 2803 3308 2825 ,
3341 2772 3553 2817 centum

1964 2852 2228 2921 octoginta
2250 2851 2483 2920 quinque
2506 2850 2665 2905 millia
2689 2852 2902 2906 sustulit
2926 2851 3001 2922 (4.
3022 2853 3149 2924 Reg.
3176 2854 3261 2909 19.
3284 2855 3399 2921 55).
3420 2856 3553 2921 Quid

1965 2946 2153 3013 igitur,
2188 2945 2230 2997 si
2273 2942 2592 3011 estquidem
2625 2950 2841 3012 potens,
2887 2959 2994 2997 non
3025 2945 3140 2998 vult
3181 2955 3356 2999 autem
3404 2948 3557 3000 nobis

1965 3054 2178 3094 manum
2220 3039 2491 3109 pra-bere?
2516 3040 2675 3107 Atqui
2705 3054 2774 3093 ne
2813 3040 2914 3094 hoc
2948 3039 3228 3095 timueris:
3263 3041 3383 3096 ideo
3409 3042 3552 3097 enim

1965 3133 2237 3203 subjunxit
2259 3174 2274 3197 ,
2306 3131 2583 3203 Susceptor
2606 3142 2792 3186 noster.
2820 3132 2888 3186 Et
2917 3133 3029 3187 vult
3054 3134 3214 3204 igitur
3237 3141 3291 3188 et
3330 3142 3507 3203 potest
3535 3154 3552 3192 :

1965 3242 2031 3279 no
2071 3241 2199 3295 ergo
2227 3226 2433 3279 timeas.
2463 3223 2599 3292 Quid
2639 3225 2682 3278 si
2713 3239 2812 3278 nos
2837 3240 3024 3279 sumus
3054 3225 3297 3296 indigni?
3322 3226 3427 3282 Sed
3459 3226 3556 3282 ha-

1965 3317 2152 3373 bemus
2180 3332 2207 3371 a
2236 3317 2473 3386 patribus
2500 3315 2745 3370 traditam
2777 3315 2892 3385 ejus
2928 3316 2981 3370 in
3010 3331 3107 3371 nos
3145 3316 3551 3387 benignitatem.

1965 3409 2075 3463 lloc
2103 3409 2279 3479 itaque
2307 3407 2615 3477 subjiciens,
2643 3406 2798 3472 dixit,
2832 3406 2967 3461 Deus
2993 3407 3155 3462 Iacob
3175 3423 3195 3462 :
3227 3409 3375 3479 quasi
3403 3407 3553 3464 dice-

1962 3511 2063 3568 ret,
2093 3501 2206 3555 .lam
2235 3501 2361 3554 olim
2384 3542 2400 3565 ,
2430 3508 2485 3556 et
2510 3500 2577 3555 ab
2607 3500 2756 3555 initio
2782 3500 2897 3555 haec
2927 3500 3021 3555 fuit
3044 3516 3259 3571 semper
3283 3500 3398 3570 ejus
3423 3517 3554 3556 con-

1962 3592 2206 3647 suetudo.
2249 3591 2546 3656 Diapsalma
2590 3589 2691 3661 (a).
2744 3590 2916 3657 Alius,
2946 3589 3181 3661 Semper.
3210 3589 3264 3645 9.
3306 3590 3479 3645 Venite
3506 3599 3554 3645 et

1962 3686 2121 3738 videte
2142 3698 2296 3752 opera
2321 3681 2549 3746 Domini,
2585 3697 2699 3751 qua
2718 3681 2884 3749 posuit
2911 3680 3144 3751 prodigia
3167 3697 3319 3748 super
3343 3690 3549 3745 terram,

1963 3773 2050 3829 10.
2080 3776 2312 3844 auferens
2332 3770 2465 3825 bella
2484 3786 2643 3841 usque
2668 3769 2738 3823 ad
2756 3770 2883 3838 ﬁnes
2903 3778 3069 3824 terrae.
3095 3771 3282 3823 Arcum
3311 3778 3550 3835 conteret,

1963 3876 2010 3921 et
2038 3864 2319 3935 confringet
2344 3879 2487 3916 arma
2514 3862 2688 3932 (alius,
2720 3860 3023 3930 Confregit),
3051 3869 3098 3914 et
3121 3861 3323 3929 clypeos
3345 3859 3554 3913 combu-

1962 3969 2034 4012 ret
2062 3956 2188 4026 igni.
2222 3954 2389 4021 Alius,
2415 3962 2463 4008 et
2490 3968 2668 4007 currus
2710 3952 2965 4006 comburet
3005 3953 3055 4003 in
3092 3950 3220 4020 igni.
3264 3949 3553 4018 Postquam

1962 4047 2098 4104 dixit
2124 4046 2193 4101 de
2222 4054 2361 4100 terra
2388 4087 2403 4111 ,
2433 4044 2501 4099 de
2532 4044 2700 4110 mari,
2741 4042 2810 4098 de
2851 4041 3151 4108 montibus,
3179 4041 3245 4096 de
3289 4039 3555 4111 spirituali

1962 4156 2082 4210 qnte
2109 4138 2238 4207 ipsis
2269 4137 2402 4192 facta
2428 4143 2512 4190 est
2534 4135 2686 4205 copia
2707 4175 2722 4201 ,
2769 4134 2837 4189 de
2865 4131 3063 4187 auxilio
3082 4174 3097 4197 ,
3127 4131 3193 4186 ad
3222 4140 3554 4202 spectatores

1963 4245 2151 4285 rursus
2193 4235 2558 4298 argumentum
2588 4225 2863 4291 extendit,
2895 4238 2992 4279 eos
3017 4238 3215 4278 vocans
3255 4220 3320 4276 ad
3353 4231 3559 4290 tropaza

1964 4339 2028 4379 ex
2062 4338 2247 4394 magna
2276 4321 2568 4391 voluptate,
2595 4327 2650 4373 et
2676 4332 2882 4372 summa
2919 4316 2971 4370 in
3003 4314 3283 4369 Dominum
3309 4312 3555 4367 affectio-

1966 4430 2033 4469 ne
2052 4456 2066 4476 ,
2098 4426 2147 4469 et
2179 4427 2403 4466 narrans
2434 4408 2680 4464 victorias
2707 4423 2839 4478 quas
2870 4421 2969 4476 pro
2997 4405 3078 4460 eis
3106 4404 3356 4458 obtinuit.
3390 4403 3559 4457 Recte

1964 4514 2141 4559 autem
2170 4503 2323 4566 dixit,
2356 4499 2624 4571 Prodigia,
2649 4513 2754 4552 non
2777 4506 2953 4550 autem
2975 4495 3227 4549 victorias
3251 4503 3303 4547 et
3328 4502 3551 4562 troptca.

1965 4596 2079 4652 Non
2101 4596 2240 4650 enim
2268 4607 2385 4663 qum
2413 4590 2641 4653 ﬁebant,
2672 4595 2821 4642 certo
2848 4585 3036 4641 ordine
3061 4594 3117 4642 et
3140 4584 3280 4640 serie
3322 4583 3556 4654 agebam

1968 4699 2097 4744 tnr:
2145 4700 2247 4741 nec
2296 4683 2461 4736 armis
2508 4691 2561 4736 et
2610 4681 2804 4733 virtute
2852 4692 3137 4747 corporum
3167 4674 3557 4730 decernebatur

1966 4777 2230 4850 prmlium,
2262 4773 2355 4829 sed
2408 4771 2501 4826 Dei
2546 4779 2700 4836 nutu,
2753 4767 2915 4822 rebus
2962 4766 3385 4837 signiﬁcantibus
3430 4780 3557 4821 eum

1966 4886 2086 4927 esse
2108 4869 2508 4937 Imperatorem.
2530 4862 2790 4931 Quoniam
2811 4861 2952 4915 enim
2978 4868 3224 4929 potentes
3254 4857 3555 4914 vinceban-

1970 4969 2056 5015 tnr
2074 4959 2143 5013 ab
2166 4955 2467 5017 imbecillis,
2496 4952 2646 5008 multi
2681 4967 2710 5005 a
2744 4952 2946 5021 paucis,
2970 4951 3058 5021 qui
3089 4948 3418 5004 dominatum
3444 4946 3555 5002 ob—

1971 5053 2236 5117 tinebant,
2267 5049 2335 5103 ab
2360 5049 2423 5102 iis
2443 5047 2532 5118 qui
2558 5046 2638 5102 eis
2673 5045 2965 5115 parebant,
2990 5050 3045 5097 et
3069 5057 3156 5096 res
3183 5051 3374 5111 prazter
3402 5054 3554 5109 spem

1970 5145 2347 5206 succedebant,
2376 5155 2439 5195 ea
2462 5140 2582 5209 jure
2606 5146 2761 5193 vocat
2790 5135 3051 5206 prodigia,
3083 5142 3140 5187 nt
3158 5149 3277 5203 qua:
3310 5131 3556 5184 admini—

1971 5239 2148 5293 biliter
2167 5245 2221 5291 et
2244 5243 2438 5304 praeter
2458 5245 2608 5302 spem
2634 5226 2973 5293 eveniebant,
3000 5233 3056 5280 et
3075 5223 3270 5293 ubique
3296 5231 3554 5275 terrarum

1971 5345 2156 5401 sparsa
2178 5328 2419 5399 |fucrant.

2043 5424 2096 5478 ὅ.
2144 5420 2256 5473 Pax
2282 5419 2335 5471 in
2362 5426 2547 5468 terram
2567 5427 2655 5483 per
2677 5408 2927 5464 Christum
2947 5407 3138 5471 allata;
3165 5404 3315 5476 ignis,
3342 5405 3420 5459 ira
3440 5402 3557 5458 Dei.

1971 5514 2158 5569 —Non
2177 5507 2500 5564 aberraverit
2514 5512 2690 5558 autem
2708 5499 2990 5571 quispiam,
3002 5499 3045 5553 si
3064 5496 3164 5553 hoc
3181 5512 3273 5567 per
3287 5508 3559 5565 anagOgen

1973 5606 2038 5663 ad
2069 5615 2305 5675 praesens
2328 5598 2489 5653 etiam
2514 5603 2723 5664 tempus
2750 5589 3123 5660 desumpserit.
3163 5589 3390 5644 Difﬁcile
3412 5589 3558 5641 enim

2044 5786 2118 5850 (a)
2162 5776 2455 5846 L‘t‘apsalma,
2481 5787 2569 5839 pro
2593 5785 2690 5837 quo
2716 5768 2913 5821 ttebrtei
2934 5768 3138 5829 habent,
3161 5766 3286 5819 Scia.
