4064 6408
588 317 690 374 illi

588 432 891 486 (humanum
919 428 1119 485 bellum
1148 426 1411 492 confecit,
1453 437 1505 481 et
1531 441 1623 495 per
1665 423 1970 478 universum
1998 422 2182 477 orbem

589 534 748 580 terrm
778 537 961 593 pacem
990 519 1227 575 extendit
1256 536 1268 572 :
1303 519 1430 588 quin
1457 519 1617 571 etiam
1667 515 1807 586 quod
1838 514 1937 569 sub
1964 529 2181 569 sensum

586 616 767 680 cadit,
816 629 998 669 eorum
1044 611 1240 667 bellum
1270 610 1494 679 depulit.
1540 608 1692 677 Quod
1740 607 1921 661 lisaias
1971 620 2183 676 qunque

589 707 894 777 signiﬁcans
921 706 1133 761 dicebat
1159 722 1173 757 :
1203 702 1519 760 Contuudeut
1540 702 1738 773 gladios
1764 718 1880 754 suos
1907 701 1959 753 in
1988 709 2180 760 aratra,

587 810 632 854 et
657 806 858 855 lanceas
901 815 1018 852 suas
1068 798 1121 850 in
1166 795 1356 868 falces,
1386 805 1556 849 etnon
1584 802 1744 848 sumet
1785 809 1904 862 gens
1945 790 2182 843 adversus

588 900 779 962 gentem
801 889 1049 961 gladium,
1078 904 1166 942 nec
1189 888 1377 942 discent
1400 885 1618 955 amplius
1641 885 1827 938 bellare
1853 882 1871 955 (
1881 881 1901 934 1
1909 882 2000 936 sai.
2025 882 2080 936 2.
2100 881 2176 947 4).

591 984 728 1036 Ante
753 982 950 1037 tlhristi
981 981 1120 1036 enim
1167 980 1478 1044 adventum,
1507 992 1695 1032 omnes
1724 976 1969 1031 homines
2014 974 2182 1029 armis

589 1074 1008 1137 instruebantur,
1034 1082 1088 1126 et
1113 1072 1290 1126 nullus
1312 1081 1428 1127 erat
1448 1070 1515 1123 ab
1536 1070 1638 1124 hoc
1660 1084 1881 1122 munere
1909 1067 2178 1133 immunis,

589 1176 646 1223 et
664 1166 908 1220 civitates
939 1164 1243 1234 pugnabant
1262 1162 1517 1217 adversus
1538 1162 1800 1225 civitates,
1833 1172 1886 1216 et
1908 1160 2049 1215 bello
2076 1160 2183 1214 ubi-

589 1270 694 1325 que
721 1254 1131 1326 confligebatur;
1164 1269 1305 1309 nunc
1330 1262 1506 1308 autem
1550 1254 1720 1321 major
1751 1267 1871 1322 pars
1902 1263 2059 1307 terra:
2087 1251 2183 1307 de-

589 1349 665 1417 git
695 1347 747 1401 in
794 1362 943 1417 pace,
974 1346 1221 1401 omnibus
1247 1361 1436 1401 secure
1465 1355 1607 1401 artes
1632 1345 2026 1409 exercentibus,
2058 1354 2184 1399 ter—

592 1454 705 1493 ram
748 1438 1078 1504 colentibus,
1110 1447 1163 1494 et
1192 1453 1340 1493 mare
1388 1438 1757 1508 navigantibus
1790 1454 1803 1490 :
1836 1446 1959 1491 sunt
2003 1447 2177 1491 autem

597 1531 746 1600 pauci
777 1531 1004 1598 milites,
1037 1532 1124 1601 qui
1151 1527 1249 1601 pro
1284 1530 1402 1585 aliis
1434 1532 1681 1586 omnibus
1718 1531 1965 1586 militant.
2000 1532 2183 1599 Quin-

595 1625 757 1677 etiam
817 1638 1001 1678 corum
1046 1638 1257 1694 quoque
1299 1623 1475 1678 nullus
1545 1632 1688 1678 esset
1725 1640 1851 1678 ttsus
1897 1624 2178 1695 reliquus,

595 1714 638 1766 si
689 1729 807 1783 qua:
837 1713 992 1768 decet
1021 1713 1345 1779 faceremus,
1394 1722 1447 1769 et
1488 1730 1594 1768 non
1637 1729 1772 1784 opus
1823 1714 2179 1781 haberemus,
2248 1766 2253 1771 .

598 1814 654 1857 ut
687 1806 1252 1871 commoueﬁercmus,
1303 1805 1370 1859 ab
1426 1805 1823 1860 afﬂictionibus.
1868 1806 2046 1876 Ignem
2088 1823 2187 1861 au-

597 1907 701 1951 tem
752 1898 835 1952 hic
892 1907 1044 1952 vocat
1096 1898 1212 1968 ejus
1264 1899 1435 1966 iram,
1479 1907 1533 1954 et
1583 1897 1709 1953 dicit
1755 1915 1867 1953 rem
1920 1914 2040 1969 qua:
2096 1913 2184 1953 ac-

596 1987 762 2054 cidit,
822 1989 963 2059 quod
1009 1990 1215 2044 scilicet
1264 2006 1411 2044 arma
1467 2005 1651 2045 eorum
1699 1999 1752 2046 et
1794 2007 1983 2047 currus
2038 2008 2185 2047 com-

595 2080 883 2147 busserint,
933 2096 1055 2136 cum
1106 2096 1200 2136 eos
1238 2098 1334 2152 per
1380 2083 1484 2135 vim
1530 2083 1803 2148 vicissent,
1836 2083 1976 2153 quod
2022 2085 2181 2139 etiam

592 2174 723 2228 dicit
763 2173 1012 2229 Ezechiel
1047 2173 1281 2246 (Ezech.
1312 2176 1399 2232 59.
1435 2176 1501 2231 10
1529 2176 1577 2244 );
1622 2186 1676 2231 et
1699 2177 2018 2247 quicumque
2060 2185 2185 2232 sunt

598 2265 821 2321 studiosi
868 2275 1063 2320 norunt
1109 2267 1408 2322 historiam.
1442 2268 1526 2322 11.
1560 2266 1749 2322 Vacate
1775 2278 1819 2322 et
1851 2270 2036 2335 ridete,
2059 2286 2185 2340 quo-

597 2359 732 2412 niam
753 2377 842 2431 ego
867 2377 979 2414 sum
1005 2360 1158 2415 Deus.
1193 2360 1480 2417 Eamltabor
1507 2363 1827 2433 ingentibus,
1857 2374 1903 2417 et
1925 2364 2185 2418 exaltabor

594 2452 826 2506 interra.
856 2454 1026 2519 Alius,
1059 2453 1343 2518 Curamini,
1376 2462 1422 2508 et
1450 2456 1757 2523 cognoscite.
1794 2456 1945 2509 Alius
1967 2496 1981 2519 ,
2017 2455 2183 2510 Sinite

596 2555 651 2596 ut
682 2546 997 2615 cognoscatis
1022 2562 1041 2600 :
1063 2546 1318 2601 Hebraeus
1339 2557 1515 2601 autem
1556 2546 1703 2611 dicit,
1740 2546 2021 2617 Ouarphou
2059 2564 2182 2601 oua-

596 2635 718 2688 dou.
736 2636 832 2691 llic
851 2636 978 2691 mihi
1000 2638 1209 2693 videtur
1229 2639 1421 2709 alloqui
1441 2648 1648 2709 gentes,
1674 2640 2057 2709 propemodum
2083 2640 2186 2696 hoc

600 2728 787 2783 dicens
814 2745 832 2783 :
870 2728 1105 2785 Novistis
1133 2730 1345 2801 quidem
1375 2732 1490 2801 ejus
1519 2717 1663 2787 vires
1688 2772 1701 2796 ,
1748 2744 1803 2786 et
1850 2733 2139 2801 potentiam
2164 2774 2179 2798 ,

595 2837 714 2888 qua!
742 2821 935 2891 ubique
973 2831 1233 2877 terrarum
1277 2837 1335 2876 se
1378 2822 1654 2877 extendit:
1707 2838 1840 2892 opus
1887 2832 1971 2878 est
2007 2832 2183 2878 autem

596 2911 751 2965 vohis
779 2913 910 2979 otio,
940 2928 1074 2982 opus
1104 2925 1186 2969 est
1207 2928 1339 2967 sano
1375 2915 1575 2968 animo.
1600 2913 1714 2969 [loc
1734 2929 1893 2983 porro
1922 2915 2187 2984 significat

595 3004 755 3058 etiam
789 3005 938 3072 illud,
982 3005 1148 3060 Sinite
1179 3020 1197 3059 :
1226 3006 1474 3060 Errorem
1516 3004 1787 3069 dimittite,
1815 3021 1843 3059 a
1877 3006 2036 3075 priori
2066 3006 2185 3060 vitm

596 3096 840 3151 instituto
888 3097 1123 3153 recedite
1147 3137 1163 3162 ,
1215 3112 1245 3151 a
1295 3113 1474 3153 rerum
1519 3096 1879 3167 improbarmn
1903 3137 1917 3163 ,
1943 3114 2060 3168 qute
2091 3114 2185 3153 vos

595 3189 877 3255 detinent,
908 3191 1137 3261 caligine
1170 3192 1429 3259 reSpirate
1455 3231 1471 3257 ,
1506 3199 1563 3244 ut
1600 3189 1815 3247 deducti
1864 3209 1893 3245 a
1942 3190 2184 3246 doctrina

597 3282 993 3345 miraculorum,
1011 3283 1296 3353 quietoque
1323 3283 1501 3337 animo
1530 3282 1758 3352 praediti,
1789 3284 1951 3338 Deum
1974 3284 2188 3337 univer-

597 3389 777 3429 sorum
808 3375 1128 3444 agnoscatis.
1158 3375 1342 3445 Neque
1372 3376 1513 3430 enim
1558 3376 1814 3431 miracula
1858 3375 2030 3430 solum
2078 3375 2187 3429 suf-

603 3467 811 3532 licium,
843 3466 942 3521 nisi
992 3466 1131 3521 adsit
1177 3467 1293 3537 pius
1320 3476 1374 3522 et
1398 3475 1581 3537 gratus
1622 3467 1853 3521 animus.
1884 3466 2015 3521 Nam
2046 3465 2184 3535 apud

595 3555 811 3610 Judaeos
841 3572 1054 3626 quoque
1083 3555 1221 3611 facta
1249 3565 1371 3610 sunt
1397 3556 1671 3620 miracula,
1706 3571 1803 3610 nec
1828 3572 1895 3610 ex
1919 3556 1998 3610 eis
2026 3555 2185 3627 quid-

600 3663 762 3718 quam
794 3647 1140 3703 emolumenti
1178 3648 1243 3703 ad
1287 3647 1499 3703 illorum
1555 3648 1778 3702 salutem
1824 3648 2037 3702 allatum
2081 3659 2182 3705 cst.

597 3738 1058 3804 Quemadmodum
1091 3740 1232 3795 enim
1279 3755 1383 3795 nou
1425 3739 1698 3795 sufﬁciunt
1730 3739 1858 3795 solis
1880 3740 2051 3806 radii,
2084 3740 2185 3794 nisi

603 3832 791 3887 oculus
821 3847 1034 3902 quoque
1082 3833 1151 3886 sit
1178 3846 1343 3901 purus
1367 3840 1422 3887 et
1465 3846 1666 3888 sanus:
1707 3831 1777 3885 ita
1807 3846 1907 3886 nec
1945 3830 2034 3887 hic
2070 3831 2187 3901 qni-

608 3923 731 3977 dem
761 3923 872 3979 sola
904 3922 1162 3977 miracula
1199 3921 1494 3977 sufﬁciunt.
1528 3923 1789 3989 Quocirca
1816 3938 1939 3977 cum
1983 3922 2049 3977 de
2080 3922 2187 3977 illis

602 4013 968 4080 disseruisset,
999 4014 1245 4068 hortatur
1273 4030 1368 4069 eos
1394 4014 1486 4084 qui
1515 4024 1640 4069 sunt
1677 4031 1743 4071 ex
1772 4014 1878 4069 illis
1904 4014 2183 4069 utilitatem

606 4105 816 4175 capturi
842 4145 857 4170 ,
900 4115 960 4160 ut
989 4107 1306 4176 resipiscam
1329 4122 1358 4161 a
1383 4108 1535 4163 malis
1561 4124 1682 4179 qua:
1701 4124 1797 4164 eos
1823 4118 2015 4178 captos
2044 4107 2186 4164 deti-

602 4206 748 4262 nent,
778 4206 840 4253 ut
868 4192 1422 4268 possintcognoscere
1452 4200 1614 4256 Deum
1643 4202 2035 4257 universorum.
2076 4199 2184 4254 Va-

597 4299 730 4356 cate,
763 4299 809 4344 et
841 4291 1019 4355 videte,
1042 4292 1284 4361 quoniam
1306 4307 1400 4362 ego
1427 4309 1538 4345 sum
1560 4291 1718 4359 Deus,
1753 4308 1857 4348 non
1880 4294 2183 4359 simulacra,

607 4399 707 4438 nec
728 4392 940 4461 stature.
989 4384 1191 4441 Vacate
1235 4385 1394 4455 igitur
1420 4426 1435 4451 ,
1484 4394 1539 4440 et
1585 4387 1750 4441 multa
1789 4386 2185 4442 evidentissima

600 4475 752 4530 \ohis
782 4487 1095 4545 argumenta
1122 4476 1565 4532 ostendaturlloc
1595 4478 1736 4532 enim
1764 4477 1865 4532 sibi
1890 4480 2006 4532 vnlt
2030 4478 2183 4544 illud,

616 4566 895 4621 Exultabor
915 4568 966 4620 in
996 4570 1222 4639 gentibus
1243 4610 1258 4634 ,
1286 4578 1331 4622 et
1367 4569 1632 4623 exaltabor
1658 4570 1709 4622 in
1741 4579 1873 4623 terra
1896 4612 1911 4637 ,
1952 4571 2052 4624 hoc
2076 4583 2182 4636 cst,

604 4658 707 4712 Per
729 4673 892 4727 opera
914 4660 1065 4714 vobis
1098 4676 1322 4730 magnus
1355 4670 1410 4715 et
1445 4661 1687 4717 excelsus
1712 4662 1983 4716 ostendar.
2019 4662 2187 4716 liabet

600 4752 743 4806 enim
796 4752 1063 4823 propriam
1118 4754 1452 4808 altitudinem
1498 4771 1624 4824 pura
1673 4756 1798 4821 illa,
1858 4757 1926 4810 ab
1970 4756 2185 4810 interitu

605 4841 781 4897 aliena
832 4854 886 4897 ct
935 4843 1219 4900 iuelTabilis
1265 4856 1475 4900 natura.
1527 4848 1631 4902 Sed
1663 4849 1915 4916 quoniam
1943 4864 2039 4904 vos
2066 4864 2183 4903 eam

606 4951 713 4990 non
737 4936 1059 5006 perspicitis.
1086 4952 1204 4991 eam
1234 4938 1385 4991 vobis
1420 4954 1513 5007 per
1538 4953 1700 5007 opera
1732 4941 2035 4994 ostendam.
2066 4940 2183 4995 Non

599 5028 774 5083 solum
804 5038 987 5082 autem
1020 5028 1070 5081 in
1105 5029 1409 5094 Palmstiua,
1443 5046 1542 5085 nec
1598 5030 1769 5084 solum
1800 5031 2182 5102 let-osolymis,

600 5120 694 5177 scd
722 5122 880 5175 etiam
911 5119 1050 5191 apud
1098 5133 1196 5176 Vos
1247 5130 1454 5190 gentes.
1490 5122 1565 5175 Ita
1600 5137 1728 5192 ergo
1759 5125 2059 5186 exaltatur,
2090 5140 2185 5179 eos

597 5214 819 5269 vincens
864 5228 927 5267 ac
962 5228 1265 5282 superans,
1315 5212 1569 5267 miracula
1627 5214 1825 5269 faciens
1874 5215 2181 5286 Babylone,

610 5306 864 5359 miracula
894 5307 945 5359 in
988 5304 1244 5375 IEgypto,
1280 5305 1532 5359 miracula
1565 5306 1616 5360 in
1645 5306 1856 5361 deserto
1879 5349 1893 5372 ,
1929 5309 2183 5364 miracula

599 5407 697 5459 per
725 5396 1030 5450 universum
1075 5398 1260 5451 orbem
1288 5405 1553 5451 terrarum
1582 5438 1595 5460 ,
1638 5406 1694 5451 ut
1721 5398 1794 5451 illi
1828 5398 2060 5469 undique
2085 5401 2183 5454 ha-

601 5484 763 5537 beant
791 5486 1087 5542 doctrinam
1134 5489 1250 5559 ejus
1290 5491 1633 5560 cognitionis.
1684 5492 1773 5545 12.
1819 5492 2066 5547 Dominus
2094 5498 2185 5549 vir-

599 5584 759 5627 tutum
786 5578 1075 5642 uobiscum,
1103 5591 1364 5649 susceptor
1388 5591 1556 5637 noster
1586 5581 1724 5635 Deus
1764 5581 1946 5637 Jacob.
1975 5585 2072 5639 llic
2099 5595 2182 5640 est

605 5677 731 5732 ergo
759 5670 921 5737 Deus,
946 5672 1040 5741 qui
1090 5682 1168 5725 est
1210 5675 1404 5740 ubique
1446 5689 1669 5743 magnus
1693 5718 1707 5737 ,
1736 5677 1825 5745 qui
1869 5688 1950 5731 est
1987 5676 2183 5747 ubique

603 5756 860 5826 excelsus,
893 5764 935 5820 is
965 5776 1180 5829 scu'tper
1207 5766 1350 5818 stetit
1390 5765 1685 5819 nobiscum.
1730 5766 1805 5821 Ne
1836 5783 1961 5838 ergo
1991 5768 2180 5825 timea-

1266 311 1317 368 S.
1360 307 1640 366 JOANNIS
1700 305 2172 365 CHRYSOSTOMI
2214 304 2529 362 ARCHIEP.
2571 304 3106 361 CONSTANTINOP.

3769 314 3864 368 9.08

2291 419 2380 483 tis,
2429 433 2603 487 neque
2653 418 3045 474 conturben‘tini
3081 461 3096 486 ,
3150 434 3269 473 cum
3325 419 3560 475 habeatis
3599 422 3865 480 Domimzut

2294 508 2431 562 adeo
2455 510 2922 579 inexpugnabilem
2963 529 2975 564 :
3008 526 3165 578 quem
3205 510 3358 566 decet
3386 512 3578 582 gloria,
3613 513 3868 579 honor,et

2292 598 2684 668 magniﬁcentia
2714 642 2725 660 ,
2759 616 2877 653 tum
2930 600 3085 655 Patre
3118 600 3363 670 principii
3388 612 3631 673 experte,
3663 615 3719 659 et
3743 608 3868 659 vivi—

2290 689 2391 743 ﬂeo
2425 706 2522 744 suo
2547 690 2765 759 Spiritu,
2800 708 2942 746 nunc
2970 701 3024 747 et
3053 707 3289 766 semper,
3309 703 3362 748 ct
3398 694 3449 748 in
3478 697 3675 750 sucula
3713 711 3870 752 Siccu-

2289 783 2485 838 lorum.
2507 786 2704 840 Amen.

2736 939 2802 995 IN
2833 940 3153 996 PSALMUM
3195 940 3384 995 XLVI.

2294 1073 2344 1127 ι.
2397 1071 2464 1127 In
2506 1073 2698 1142 ﬁnem,
2742 1091 2835 1145 pro
2871 1074 2991 1143 ﬁliis
3020 1073 3167 1129 Core.
3195 1073 3368 1142 Alius,
3405 1074 3644 1129 Victorias
3689 1077 3869 1130 auctori

2885 1166 3109 1234 ﬁliorum
3129 1162 3281 1219 Core.

2286 1321 2343 1377 9.
2390 1320 2576 1377 Omnes
2604 1338 2798 1394 gemes,
2826 1321 3050 1393 plaudite
3078 1321 3327 1376 manibus.
3362 1322 3532 1386 Alius,
3559 1321 3738 1377 Manu.
3773 1323 3868 1377 Ju-

2359 1414 2513 1468 bilate
2540 1413 2715 1467 Deoia
2742 1431 2863 1466 voce
2890 1414 3257 1469 exsultationis.
3288 1414 3459 1481 Alius,
3494 1415 3794 1487 Signi/irate
3817 1419 3864 1469 in

2361 1521 2480 1558 voce
2517 1507 2851 1559 laudationis.
2871 1507 2922 1560 5.
2957 1506 3208 1573 Quoniam
3226 1506 3474 1562 Dominus
3502 1510 3753 1574 excelsus,
3785 1523 3875 1564 ter-

2358 1598 2541 1664 ribilis,
2571 1615 2660 1653 rex
2690 1615 2902 1669 magnus
2928 1615 3081 1669 super
3110 1616 3305 1653 onmem
3334 1611 3537 1654 terram.

2364 1755 2415 1808 Ι.
2473 1753 2574 1809 Hic
2607 1753 2769 1809 etiam
2818 1753 3060 1809 Psalmus
3089 1755 3226 1809 idem
3253 1757 3419 1826 tangit
3457 1766 3863 1827 argumentum,

2288 1844 2475 1900 dicens
2504 1844 2755 1900 victorias
2803 1856 2858 1900 et
2912 1854 3109 1915 troptca
3142 1862 3262 1916 qua:
3308 1856 3495 1901 contra
3539 1847 3724 1902 hostes
3772 1848 3863 1900 sibi

2292 1946 2544 2007 pararunt
2572 1980 2587 2003 ,
2618 1946 2673 1992 et
2698 1938 3003 1992 universum
3057 1939 3243 1993 orbem
3276 1948 3540 1993 terrarum
3582 1956 3777 1996 vocans
3803 1941 3863 1994 ad

2287 2042 2351 2082 ea
2378 2027 2662 2093 laudanda,
2694 2044 2813 2097 quae
2841 2039 2988 2099 gesta
3035 2038 3176 2083 sunt.
3206 2030 3309 2086 Sed
3344 2031 3620 2086 nonnullis
3650 2031 3866 2087 fortasse

2287 2121 2499 2176 videtur
2520 2120 2684 2175 divini
2710 2120 2938 2191 Spiritus
2971 2122 3272 2178 hortatione
3303 2122 3576 2190 indignum
3605 2139 3724 2179 esse
3749 2139 3863 2193 pro-

2287 2213 2510 2266 tumium
2542 2252 2558 2279 ,
2588 2226 2795 2266 necnon
2848 2212 3113 2281 ejusmodi
3150 2212 3323 2282 jussio
3348 2254 3363 2280 ,
3396 2213 3619 2282 plausus
3643 2256 3658 2281 ,
3689 2214 3868 2282 strepi-

2288 2310 2394 2365 tus,
2423 2311 2478 2357 et
2500 2303 2926 2358 vociferationes.
2953 2302 3136 2372 Neque
3184 2304 3328 2359 enim
3361 2304 3426 2358 iis
3453 2344 3468 2370 ,
3488 2306 3581 2375 qui
3627 2305 3679 2359 in
3728 2304 3859 2359 hunc

2290 2393 2649 2447 venerandum
2674 2395 2850 2447 locum
2867 2393 2933 2447 ad
2953 2393 3251 2449 ducendum
3276 2394 3862 2462 constitutum,coeunt,

2290 2485 2405 2540 lucc
2442 2484 2672 2541 lortassc
2712 2487 3072 2551 conveniunt,
3099 2487 3293 2541 dixerit
3321 2488 3591 2557 quispiam
3618 2506 3633 2555 ;
3662 2489 3752 2543 sed
3805 2490 3863 2543 iis

2287 2578 2456 2647 quiin
2487 2592 2645 2631 scena
2691 2587 2744 2632 et
2797 2578 3054 2632 conviviis
3085 2588 3388 2643 versantur,
3427 2580 3631 2633 crotala
3665 2581 3864 2647 pulsare

2289 2678 2345 2723 et
2402 2669 2655 2739 plaudere
2703 2671 2984 2724 manibus:
3032 2670 3160 2724 viris
3207 2680 3384 2725 autem
3417 2672 3506 2741 qui
3546 2671 3797 2726 docentur
3836 2687 3861 2723 a

2288 2762 2455 2829 gratia
2482 2759 2717 2827 Spiritus
2738 2801 2752 2824 ,
2785 2760 3037 2813 convenit
3065 2761 3218 2830 quies
3239 2801 3254 2825 ,
3282 2759 3439 2827 ordo,
3471 2771 3530 2815 et
3558 2761 3858 2816 moderatio.

2295 2851 2431 2918 Quid
2477 2865 2607 2921 ergo
2635 2852 2721 2905 his
2771 2851 3131 2918 signiﬁcatur,
3174 2861 3228 2905 et
3254 2868 3417 2921 quam
3461 2852 3859 2921 jubilationent.

2289 2957 2447 3012 quem
2475 2942 2716 3012 plausum
2758 2943 2833 2995 ait
2860 2942 2883 2993 ‘t
2908 2943 3321 2996 Consuevcrunt
3361 2943 3504 2998 enim
3541 2943 3644 2999 hoc
3670 2943 3858 3007 facere,

2289 3034 2377 3103 qui
2406 3034 2661 3087 instructa
2692 3033 2807 3086 acie
2842 3034 3024 3101 pne-lio
3066 3043 3191 3087 sunt
3217 3034 3574 3097 decertaturi,
3604 3036 3822 3105 juhilare
3842 3075 3856 3097 ,

2292 3126 2507 3195 inquam
2536 3167 2551 3190 ,
2606 3136 2659 3179 ct
2703 3124 2949 3179 manibus
3000 3128 3264 3182 maximos
3301 3128 3523 3198 plausus
3574 3128 3766 3191 edere,
3802 3125 3858 3179 ad

2290 3214 2475 3271 hostes
2508 3215 2885 3285 perterrendos
2928 3234 2940 3268 :
2974 3231 3002 3270 a
3031 3218 3317 3287 tranquillo
3365 3228 3548 3273 autem
3601 3220 3772 3275 animo
3791 3226 3863 3272 est

2292 3308 2395 3364 hoc
2422 3309 2677 3364 alienum.
2714 3310 2953 3365 Psalmus
2978 3326 3106 3364 vero
3126 3311 3277 3381 jubet
3302 3321 3595 3383 utrumque
3620 3356 3633 3376 ,
3652 3323 3705 3369 et
3724 3313 3859 3382 plau-

2292 3400 2423 3457 dere
2488 3403 2735 3456 manihus
2756 3443 2770 3467 ,
2799 3413 2852 3457 et
2883 3404 3134 3474 juhilare.
3178 3405 3315 3472 Quid
3361 3415 3443 3459 est
3472 3422 3612 3478 ergo
3635 3407 3768 3477 quod
3792 3404 3863 3459 di.

2292 3506 2438 3549 ctum
2461 3505 2545 3549 est
2574 3495 2596 3548 ?
2622 3494 2762 3549 Nihil
2799 3496 2940 3551 aliud
2971 3539 2987 3561 ,
3022 3498 3121 3551 nisi
3168 3498 3495 3566 voluptatem
3528 3540 3545 3565 ,
3575 3508 3632 3554 et
3671 3498 3859 3566 signum

2290 3590 2527 3643 victorim
2590 3590 2873 3659 signiﬁcat.
2938 3591 3068 3644 Nam
3134 3583 3256 3644 alibi
3334 3607 3552 3661 quoque
3627 3590 3860 3661 propheta

2292 3672 2493 3726 inducit
2540 3672 2732 3727 ﬂuvios
2761 3673 3072 3741 plaudentes
3110 3674 3355 3728 manibus
3378 3716 3393 3737 ,
3425 3674 3632 3742 Fluvii,
3663 3674 3860 3735 (licens,

2293 3764 2535 3834 plaudeut
2583 3767 2817 3819 manibus
2855 3767 2909 3820 in
2953 3767 3175 3834 idipsum
3204 3765 3224 3836 (
3255 3766 3397 3821 Psal.
3439 3767 3531 3824 97.
3566 3769 3660 3833 9).
3701 3765 3862 3821 Esaia

2292 3869 2471 3913 autent
2505 3859 2724 3913 arbores
2763 3874 2975 3928 quoque
3002 3860 3220 3915 adducit
3270 3861 3371 3916 hoc
3398 3860 3659 3916 facientes
3700 3868 3715 3931 (
3750 3860 3859 3913 lsui.

2290 3948 2379 4002 55.
2407 3948 2515 4017 12)
2547 3964 2560 4013 ;
2589 3949 2677 4004 hic
2701 3950 2813 4018 ipse
2838 3958 3014 4004 autem
3045 3965 3230 4004 rursus
3255 3959 3309 4004 et
3354 3962 3569 4006 montes
3588 3995 3603 4019 ,
3635 3962 3685 4007 ct
3714 3952 3863 4004 colles

2291 4042 2598 4097 exsilientcs
2626 4041 2816 4113 (Psal.
2849 4044 2971 4097 H5.
3010 4043 3107 4113 4):
3143 4059 3248 4097 non
3277 4054 3333 4097 ut
3365 4044 3464 4098 hoc
3492 4045 3859 4113 intelligamus,

2291 4148 2484 4202 nempe
2515 4143 2726 4188 mentes
2754 4141 2807 4187 et
2836 4133 3001 4189 colles
3024 4135 3260 4199 exsilire,
3305 4150 3401 4189 nec
3419 4134 3671 4203 plaudere
3694 4135 3862 4188 ﬂuvios

2290 4226 2374 4280 vel
2425 4240 2615 4279 manus
2666 4225 2863 4281 habere
2890 4226 2908 4299 (
2932 4226 3033 4281 hoc
3075 4237 3218 4282 esset
3246 4228 3385 4281 enim
3416 4238 3671 4284 extremm
3701 4242 3861 4280 auten-

2292 4317 2379 4370 tite
2410 4317 2447 4386 ),
2478 4316 2570 4370 sed
2600 4327 2652 4371 ut
2681 4332 2941 4371 summam
2959 4318 3229 4372 discamus
3254 4319 3600 4390 voluptatem.
3630 4321 3699 4374 Ita
3720 4319 3860 4371 etiam

2293 4422 2574 4476 possumus
2610 4407 2791 4462 videre
2841 4409 2895 4462 in
2948 4409 3271 4463 hominibus.
3339 4411 3406 4464 Et
3433 4425 3531 4463 cur
3571 4427 3672 4463 nou
3704 4408 3859 4469 dixit,

2290 4498 2532 4554 Gaudete
2562 4509 2617 4553 et
2642 4498 2849 4555 exsilite
2871 4541 2887 4565 ,
2918 4499 3010 4554 sed
3033 4542 3049 4566 ,
3084 4498 3341 4567 Plaudite,
3390 4509 3465 4566 et,
3509 4499 3733 4555 Jutn'late
3757 4498 3780 4551 ?
3805 4493 3863 4550 Ut

2294 4590 2446 4643 nobis
2474 4590 2734 4658 insignem
2770 4589 3018 4645 ostendat
3052 4590 3397 4661 voluptatem.
3420 4589 3862 4659 Quemadmodum

2290 4680 2434 4736 enim
2472 4679 2733 4747 Christus,
2779 4681 2994 4751 quando
3038 4681 3205 4747 dicit,
3239 4680 3319 4737 Ta
3349 4694 3514 4737 autem
3557 4682 3753 4753 quando
3786 4681 3862 4748 je—

2281 4771 2463 4840 junas,
2496 4785 2628 4840 unge
2650 4780 2801 4839 caput
2830 4781 2992 4836 tuum,
3033 4780 3080 4826 et
3105 4772 3289 4839 faciem
3317 4781 3455 4825 tuam
3496 4773 3612 4826 lava
3637 4770 3657 4843 (
3680 4768 3835 4825 Matth

2291 4858 2344 4914 6.
2373 4861 2436 4914 l7
2464 4861 2505 4929 ),
2527 4875 2631 4914 non
2663 4861 2763 4914 hoc
2787 4861 2936 4923 dicit,
2970 4862 3290 4932 praecipiens
3312 4872 3368 4916 ut
3398 4862 3698 4933 ungamur(
3721 4872 3864 4914 nemo

2290 4951 2431 5005 enim
2475 4961 2714 5005 nostrum
2753 4951 2856 5006 hoc
2900 4951 3088 5023 facit).
3119 4954 3214 5008 sed
3260 4962 3321 5007 ut
3367 4954 3714 5008 ostendamus
3743 4965 3863 5018 gau-

2291 5043 2467 5107 dium,
2510 5044 2796 5113 lmtumque
2835 5045 3069 5097 animum
3117 5046 3138 5109 (
3182 5045 3419 5114 prtccipit
3461 5045 3600 5102 enim
3634 5055 3687 5098 ut
3728 5044 3862 5095 hctus

2285 5134 2525 5205 jejunet,
2553 5135 2821 5188 tristitiam
2851 5149 2956 5189 non
2983 5150 3097 5205 pra:
3135 5152 3194 5191 se
3239 5136 3414 5192 ferens
3444 5139 3494 5207 ):
3519 5139 3586 5193 ita
3611 5139 3764 5191 etiam
3790 5131 3863 5186 hic

2291 5240 2501 5292 quoque
2533 5240 2638 5279 non
2668 5224 2772 5279 hoc
2796 5225 2930 5294 jussi
2955 5243 3160 5290 sumus,
3195 5243 3387 5296 nempe
3418 5229 3669 5299 plaudere
3707 5222 3860 5279 mani-

2295 5316 2390 5370 bus
2414 5358 2431 5382 ,
2457 5326 2512 5371 et
2533 5317 2760 5385 jubilare
2781 5358 2795 5380 ,
2826 5316 2921 5372 sed
2951 5318 3076 5372 dum
3110 5321 3387 5389 psallimus
3417 5362 3432 5385 ,
3464 5320 3626 5374 laetari
3647 5361 3661 5383 ,
3691 5328 3743 5371 et
3782 5331 3861 5363 vo-

2292 5406 2491 5475 luptate
2527 5406 2685 5461 afﬁci.
2729 5407 2856 5464 Jure
2892 5421 3069 5465 autem
3115 5413 3401 5481 sumpserit
3427 5413 3682 5482 quispiam
3727 5404 3861 5461 Psal-

2292 5514 2439 5552 mum
2472 5514 2567 5568 per
2585 5514 2881 5570 anagogen,
2913 5501 3131 5556 historia
3164 5504 3444 5559 sublimior
3467 5501 3700 5557 etl'ectus.
3739 5497 3859 5552 Nam

2289 5590 2386 5643 etsi
2418 5590 2621 5644 initium
2650 5606 2712 5646 ac
2741 5593 3057 5660 prooemium
3086 5593 3232 5649 ducit
3265 5612 3294 5650 a
3322 5595 3679 5654 sensibilibus,
3703 5591 3763 5645 ad
3786 5588 3858 5640 ia-

2291 5681 2580 5750 teiligibilia
2617 5692 2791 5736 tamen
2821 5683 3037 5739 deducit
3070 5685 3387 5741 auditorem.

2366 5771 2634 5842 Scriptura
2668 5791 2812 5829 sacra
2856 5785 2908 5830 ut
2949 5776 3259 5848 accipienda.
3289 5809 3353 5821 --
3373 5776 3524 5847 Quod
3553 5775 3689 5832 enim
3718 5778 3860 5826 ante!
