4064 6414
257 340 354 398 901

268 455 365 530 χοῦ
398 455 499 526 τῆς
529 457 867 528 οἰκουμένης
900 465 995 531 τὴν
1034 462 1253 534 εἰρήνην
1299 464 1529 529 ἐξέτεινε
1566 478 1613 530 ³,
1646 465 1740 519 καὶ
1770 464 1859 518 τὸν

276 539 530 610 αἰσθητὸν
560 540 619 593 δὲ
648 543 832 596 αὐτῶν
863 546 1093 616 πόλεμον
1125 549 1545 615 συγκατέϐαλεν.
1568 552 1743 619 Ὅπερ
1772 549 1864 602 καὶ

272 628 304 677 ὁ
344 624 571 687 Ἡσαΐας
614 625 793 696 δηλῶν
827 627 979 696 ὲλεγε
1004 646 1019 662 ο
1054 632 1464 699 Συντρίψουσι
1496 632 1603 698 τὰς
1646 633 1863 701 μαχαί-

266 725 385 775 ρας
411 707 613 762 αὐτῶν
641 712 729 776 είς
753 711 1123 781 ἀρυτρα,,καί
1156 715 1263 781 τὰς
1283 715 1520 783 (leum;-
1548 719 1750 772 αὐτῶν
1776 720 1863 784 εὶς

272 790 573 858 δρέπανα,
617 792 715 846 καὶ
775 796 850 848 οὐ
909 796 1170 864 λήψεται
1208 799 1383 865 ἔθνος
1413 800 1508 853 ἐπ’
1547 800 1724 867 ἔθνος
1749 800 1864 870 μά-

276 890 513 940 χαιραν,
546 875 642 927 καί
680 878 753 929 οὺ
767 876 855 945 μὴ
875 878 1150 946 μάθωσιν
1178 880 1265 934 ἔτι
1287 882 1593 952 πολεμεῖν.
1614 884 1728 955 Πρὸ
1762 884 1862 955 μὲν

274 959 387 1030 γὰρ
417 960 517 1028 τῆς
564 960 658 1012 τοῦ
691 962 931 1033 Χριστοῦ
979 967 1283 1036 παρουσίας
1328 967 1534 1033 πάντες
1581 968 1861 1042 ἄνθρωποι

271 1046 419 1127 ὅπλα
438 1045 706 1127 έτίθεντο,
734 1049 827 1101 καὶ
848 1051 1020 1115 οὐδεὶς
1041 1052 1236 1124 ἀτελὴς
1256 1053 1462 1126 ταύτης
1484 1055 1584 1126 τῆς
1615 1056 1860 1127 λειτουρ-

275 1126 404 1194 γίας
435 1121 524 1196 ἦν,
553 1128 646 1179 καὶ
673 1127 857 1193 πόλεις
890 1130 1027 1200 πρὸς
1073 1132 1173 1196 τὰς
1194 1121 1388 1198 πόλεις
1417 1121 1692 1207 ⁷ἐμάχοντο
1716 1178 1731 1202 ,
1770 1121 1861 1191 καὶ

275 1210 453 1262 διόλου
504 1210 572 1263 τά
621 1210 729 1264 τῶν
778 1212 1030 1284 πολέμων
1083 1220 1459 1288 συνεκροτεῖτο
1484 1234 1498 1249 ⁸
1545 1218 1640 1273 νῦν
1685 1221 1743 1274 δὲ
1800 1222 1860 1275 τὸ

276 1293 443 1346 πλέον
469 1295 568 1377 τῆς
600 1296 923 1368 οἰκουμένης
959 1301 1017 1351 ὲν
1060 1299 1285 1372 εἰρήνῃ,
1332 1302 1551 1357 πάντων
1600 1305 1658 1357 ἐν
1704 1304 1860 1377 ἀδείᾳ

274 1377 375 1429 καὶ
425 1376 617 1447 τέχνας
659 1379 986 1449 μετιόντων,
1020 1382 1115 1435 καὶ
1159 1384 1265 1454 γῆν
1308 1385 1694 1457 ἐργαζομένων
1718 1428 1731 1449 ,
1764 1376 1860 1443 καὶ

275 1460 550 1515 θάλατταν
574 1461 843 1517 πλεόντων
866 1481 880 1494 ’
910 1465 1090 1533 ὀλίγον
1125 1467 1181 1520 δέ
1217 1469 1335 1521 ἐστι
1376 1467 1437 1522 τὸ
1468 1471 1858 1542 στρατιωτικὸν

277 1544 386 1612 πρὸ
410 1544 518 1598 τῶν
545 1544 715 1598 ἄλλων
754 1546 1008 1601 ἀπάντων
1043 1551 1393 1621 τεταγμένον.
1429 1553 1540 1607 Καὶ
1565 1554 1758 1609 τούτου
1800 1556 1858 1609 δὲ

273 1626 343 1679 ἂν
372 1630 405 1697 ἡ
432 1628 589 1698 χρεία
615 1628 904 1700 κατελύθη,
940 1632 989 1683 εί
1017 1634 1083 1683 τὰ
1114 1634 1460 1704 προσήκοντα
1487 1636 1853 1708 ἐπράττομεν,
1894 1664 1897 1669 ·

162 1783 171 1793 .
272 1712 372 1763 καὶ
397 1712 472 1782 μὴ
503 1712 762 1782 ἐδεόμεθα
792 1714 884 1784 τῆς
913 1714 1020 1768 ἀπὸ
1062 1714 1170 1767 τῶν
1202 1714 1434 1786 θλίψεων
1474 1721 1852 1792 ὑπομνήσεως.

274 1795 394 1865 Πῦρ
413 1794 471 1846 δὲ
493 1795 724 1849 ἐνταῦθα
757 1795 856 1867 τὴν
881 1797 1049 1867 ὀργὴν
1078 1798 1241 1851 αὑτοῦ
1278 1800 1437 1852 καλεῖ
1459 1842 1474 1864 ,
1506 1803 1600 1855 καὶ
1626 1806 1856 1875 πρᾶγμα

272 1878 622 1947 συμϐεϐηκὸς
658 1878 840 1946 λέγει,
878 1881 959 1933 ὅτι
991 1878 1059 1933 τά
1107 1880 1248 1935 ὅπλα
1273 1884 1455 1939 αὐτῶν
1484 1888 1853 1952 κατέκαυσαν,

269 1961 413 2013 κατὰ
443 1962 644 2030 κράτος
678 1964 1002 2033 νικήσαντες
1026 2004 1041 2025 ,
1077 1966 1172 2018 καὶ
1203 1964 1269 2018 τὰ
1300 1965 1553 2037 ἅρματα,
1580 1970 1719 2041 ὅπερ
1758 1972 1855 2025 Ἱεο

269 2043 463 2115 ςεκιήλ
494 2061 659 2115 φησιο
701 2048 796 2099 καὶ
827 2048 943 2102 ὅσοι
994 2048 1309 2119 φιλομαθεῖς
1335 2090 1350 2115 ,
1389 2051 1536 2106 ἴσασι
1575 2053 1674 2125 τήν
1716 2057 1856 2110 ἰστο-

270 2126 417 2197 ρίαν.
451 2128 821 2198 Σχολὰσατε,
862 2133 960 2186 καί
995 2132 1203 2201 γνῶτε,
1235 2134 1324 2187 ὅτι
1349 2135 1464 2205 ἐγώ
1487 2139 1602 2206 ειμι
1633 2142 1666 2192 ὀ
1688 2142 1851 2207 Θεός.

280 2210 706 2294 ’Υψωθιῖσομαι
737 2215 809 2268 ἐν
837 2215 959 2280 τοῖς
988 2216 1210 2281 ἔθνεσι,
1255 2220 1649 2289 ὐψωθήσομαι
1679 2223 1751 2275 ἐν
1778 2224 1854 2294 τῇ

267 2293 368 2363 γῇ.
402 2295 597 2360 ’Ἄλλος
637 2299 800 2368 φησὶν
829 2339 843 2363 ,
899 2299 1113 2367 Ἰάθητε
1151 2301 1180 2340 δ
1231 2301 1329 2354 καί
1389 2302 1595 2371 γνῶτε.
1638 2293 1851 2373 Ἀλλος,

280 2378 558 2440 Ἐἀσατε,
584 2381 683 2434 ἵνα
718 2381 920 2450 γνῶτε.
972 2383 1028 2436 Ὀ
1055 2382 1111 2436 δὲ
1151 2384 1401 2456 Ἐϐραῐός
1426 2404 1590 2456 φησιν
1615 2430 1629 2453 ,
1663 2392 1854 2459 Οὐαρ-

261 2461 387 2529 ροῦ
418 2462 665 2517 οὺαὸοὗ.
710 2463 978 2518 Ἐνταῦθά
1008 2482 1097 2536 μοι
1127 2465 1275 2521 δοκεῖ
1315 2468 1452 2539 πρὸς
1480 2470 1550 2523 τά
1585 2471 1711 2544 ἔθνη
1746 2473 1854 2528 δια-

262 2544 547 2611 λέγεσθαι,
579 2547 860 2618 μονονουχὶ
894 2547 1052 2602 τοῦτο
1076 2549 1540 2623 λέγων”Ἐγνωτε
1553 2555 1652 2625 μὲν
1685 2557 1851 2612 αὑτοῦ

260 2629 367 2698 τὴν
395 2630 573 2698 ἰσχὺν,
606 2632 758 2700 φησί,
800 2631 895 2685 καὶ
929 2631 1028 2703 τήν
1055 2631 1286 2703 δύναμιν
1316 2636 1416 2707 τὴν
1445 2638 1725 2709 πανταχοῦ
1754 2643 1853 2712 τῆς

264 2711 598 2783 οἰκουμένης
619 2715 1013 2785 ἐκτεταμένην·
1044 2715 1123 2768 δεῖ
1166 2717 1222 2770 δὲ
1257 2720 1385 2786 ὑμῖν
1422 2720 1616 2790 σχολῆς
1636 2761 1650 2784 ,
1682 2722 1764 2775 δεῖ
1795 2711 1852 2777 δὲ

267 2795 397 2865 ύμῖν
431 2796 780 2867 ὑγιαινούσης
802 2798 999 2870 ψυχῆς.
1026 2802 1136 2854 Καὶ
1166 2801 1228 2853 τὸ
1263 2803 1518 2857 Ἑὰσατε
1542 2805 1599 2858 δὲ
1632 2806 1694 2859 τὸ
1720 2808 1853 2861 αὐτὸ

264 2879 446 2949 δηλοῖ*
482 2882 647 2948 ἄφετε
675 2881 773 2952 τήν
806 2882 1035 2953 πλάνην,
1065 2883 1417 2958 ἀπαλλάγητε
1449 2889 1547 2959 τῆς
1580 2890 1852 2962 προτέρας

265 2964 617 3035 ἀναστροφῆς
643 3004 658 3026 ,
707 2965 1081 3020 ἀναπνεύσατε
1114 2969 1178 3021 ἐκ
1216 2970 1314 3040 τῆς
1347 2970 1546 3040 ἀχλύος
1574 2972 1685 3026 τῶν
1719 2993 1851 3028 κατ-

265 3046 503 3115 εχόντων
536 3049 676 3119 ὑμᾶς
703 3049 954 3119 πονηρῶν
985 3052 1344 3122 πραγμάτων,
1368 3054 1454 3108 ἵνα
1485 3056 1593 3109 ἀπὸ
1623 3059 1722 3129 τῆς
1744 3059 1852 3113 τῶν

267 3129 563 3213 θαυμάτων
624 3132 969 3197 διδασκαλίας
1031 3137 1533 3207 χειραγωγούμενοι
1595 3141 1692 3193 καὶ
1752 3142 1849 3213 τὴν

269 3212 456 3283 ψυχὴν
485 3214 839 3283 σχολάζουσαν
872 3216 1085 3286 ἔχοντες
1105 3258 1119 3281 ,
1153 3219 1422 3288 ἐπιγνῶτε
1461 3223 1554 3275 τὸν
1579 3222 1686 3278 τῶν
1712 3212 1849 3278 ὅλων

271 3296 429 3347 Θεόν.
458 3297 584 3349 Ούδὲ
608 3299 716 3371 γάρ
745 3300 905 3371 ἀρκεῖ
931 3300 997 3353 τὰ
1027 3300 1280 3372 θαύματα
1309 3304 1490 3374 μόνον,
1523 3306 1618 3359 ἐὰν
1647 3308 1850 3377 μὴ’καὶ

266 3378 416 3449 ψυχὴ
443 3380 811 3458 εύγνώμωνῇ.
858 3385 1010 3437 Ἐπεὶ
1043 3387 1134 3438 καὶ
1164 3387 1256 3439 ἐπὶ
1284 3387 1392 3440 τῶν
1430 3389 1698 3444 Ἰουδαίων
1730 3394 1849 3461 ἐγέ-

265 3480 392 3516 νετο
422 3463 692 3536 θαύματα,
713 3469 807 3521 καὶ
833 3469 983 3521 οὐδὲν
1020 3470 1178 3523 πλέον
1206 3472 1422 3539 ἐγένετο
1449 3474 1587 3544 πρὸς
1611 3476 1710 3546 τὴν
1745 3494 1849 3529 σω-

263 3549 464 3619 τηρίαν
500 3550 743 3605 ἐκείνων.
782 3555 992 3627 Ὠσπερ
1034 3555 1145 3625 γὰρ
1181 3556 1282 3609 ούκ
1329 3557 1590 3628 ἀρκοῦσιν
1646 3561 1702 3613 αἱ
1752 3561 1847 3614 τοῦ

262 3632 421 3718 ἡλίου
450 3634 694 3718 ἀκτῖνες,
730 3635 825 3689 ἐὰν
860 3638 936 3709 μὴ
985 3638 1078 3691 καὶ
1121 3640 1149 3691 ὁ
1196 3638 1474 3711 ὀφθαλμὸς
1517 3641 1757 3712 καθαρὸς
1790 3642 1845 3718 ᾗ,

264 3717 361 3768 καὶ
395 3717 654 3784 ὑγιαίνων
681 3736 695 3751 ο
734 3718 877 3773 οὕτω
907 3720 970 3791 δὴ
1027 3721 1148 3774 οὐδὲ
1194 3723 1428 3776 ἐνταῦθα
1477 3723 1545 3776 τὰ
1596 3717 1848 3795 θαύματα

264 3799 430 3867 μόνον
458 3801 638 3871 ἀρκεῖ.
668 3802 759 3856 Διὸ
784 3804 848 3874 δὴ
873 3806 1001 3874 περί
1027 3804 1250 3858 ἐκείνων
1281 3805 1585 3876 διαλεχθεὶς
1603 3845 1617 3868 ,
1645 3824 1849 3878 παραι-

261 3886 346 3933 νεῖ
376 3884 491 3945 τοῖς
526 3883 808 3953 μέλλουσιν
836 3887 1015 3940 αὐτῶν
1048 3888 1390 3961 καρποῦσθαι
1428 3890 1527 3960 τὴν
1557 3889 1843 3958 ὠφέλειαν,

261 3965 605 4020 ἀναπνεῦσαι
636 3970 699 4021 ἐκ
727 3969 835 4022 τῶν
862 3972 1200 4041 κατεχόντων
1228 3972 1425 4037 αὐτοὺς
1451 3974 1635 4027 κακῶν
1660 4013 1674 4038 ,
1705 3974 1845 4028 ὥστε

264 4048 462 4107 μαθεῖν
487 4050 578 4103 τὸν
597 4050 729 4105 Θεὸν
766 4052 856 4106 τὸν
890 4055 983 4107 ἐπὶ
1013 4055 1121 4108 τῶν
1150 4055 1307 4112 ὅλων.
1340 4056 1714 4126 Σχολάσατε,
1746 4059 1846 4112 καί

262 4132 451 4201 γνῶτε
477 4173 491 4193 .
525 4132 613 4187 ὅτι
657 4135 771 4205 ἐγώ
816 4138 934 4206 εἰμι
983 4140 1016 4191 ό
1055 4136 1233 4204 Θεὸς,
1274 4140 1334 4192 οὐ
1360 4140 1429 4194 τά
1457 4140 1649 4194 εἴδωλα
1675 4182 1691 4207 ,
1726 4142 1847 4195 οὐδὲ

265 4213 424 4288 [187]
448 4216 518 4269 τά
551 4216 734 4283 ξόανα.
760 4219 1112 4289 Σχολάσατε
1138 4222 1337 4286 τοίνυν,
1360 4224 1454 4277 καὶ
1482 4223 1687 4287 πολλὰς
1718 4225 1846 4296 ὑμῖν

266 4299 575 4370 παρέξομαι
598 4302 698 4364 τὰς
723 4302 1044 4369 ἀποδείξεις.
1064 4303 1233 4358 Τοῦτο
1260 4306 1370 4377 γάρ
1397 4307 1513 4360 ἐστι
1538 4307 1618 4373 τὸ,
1664 4308 1847 4376 Ὑψω-

264 4384 528 4451 θήσομαι
550 4384 618 4438 ὲν
650 4385 773 4452 τοῖς
796 4387 1057 4444 ἔθνεσιν.
1087 4389 1486 4460 ὐψωθήσομαι
1514 4391 1586 4445 ὲν
1620 4390 1695 4460 τῇ
1732 4390 1810 4462 γῇ
1830 4408 1843 4421 ⁸

264 4467 533 4531 τουτέστι,
556 4469 655 4522 Διά
669 4470 775 4525 τῶν
803 4471 979 4541 ἔργων
1013 4472 1141 4543 ὑμῖν
1167 4473 1524 4545 δειχθήσομαι
1553 4474 1726 4547 μέγας
1754 4476 1847 4529 καὶ

265 4552 492 4621 ὑψηλός,
528 4554 678 4624 Ἔχει
723 4554 821 4625 μὲν
853 4556 962 4625 γὰρ
994 4555 1054 4608 τὸ
1085 4558 1283 4610 οἰκεῖον
1326 4560 1359 4629 ή
1401 4558 1563 4627 φύσις
1602 4560 1734 4623 ὕψος
1752 4599 1767 4623 ν
1811 4562 1845 4631 ἢ

261 4637 541 4705 ἀκήρατος
589 4636 770 4708 ἐκείνη
818 4639 913 4691 καί
967 4638 1261 4710 ἄφραστος.
1310 4641 1527 4714 Ἐπειδὴ
1583 4643 1639 4696 δὲ
1690 4643 1846 4696 τοῦτο

262 4719 426 4787 ὑμεῖς
448 4720 509 4772 ού
539 4721 823 4792 συνορᾶτε,
842 4723 934 4774 καὶ
962 4722 1051 4775 διὰ
1074 4722 1182 4776 τῶν
1206 4724 1383 4795 ἔργων
1407 4726 1538 4796 ὑμῖν
1566 4726 1700 4779 αὐτὸ
1724 4727 1846 4779 ἐπι-

260 4801 441 4867 δείξω.
472 4803 548 4855 Οὐ
586 4802 745 4872 μόνον
767 4803 823 4857 δὲ
856 4806 914 4858 ἐν
940 4807 1005 4876 τῇ
1043 4806 1375 4879 Παλαιστίνῃ
1396 4848 1411 4871 ,
1439 4807 1561 4861 οὐδὲ
1593 4808 1752 4879 μόνον
1785 4811 1845 4863 ἐν

274 4884 542 4953 ἰεροσολύ
551 4903 692 4954 μοις,
716 4886 851 4941 ἀλλά
872 4889 965 4941 καὶ
994 4891 1125 4961 παρ’
1151 4889 1280 4960 ὑμῖν
1306 4893 1419 4954 τοῖς
1439 4890 1669 4945 ἔθνεσιν.
1687 4891 1845 4946 Οὖτω

262 4966 397 5034 γοῦν
423 4968 671 5037 ὑψοῦται,
693 4972 909 5042 κρατῶν
930 4972 1110 5027 αὑτων
1132 4974 1225 5026 καὶ
1249 4975 1664 5045 περιγινόμενος
1683 5016 1698 5040 ,
1723 4975 1846 5029 θαύ-

264 5067 415 5121 ματα
436 5052 799 5124 ἐργαζόμενος
820 5056 878 5108 ἐν
892 5055 1195 5122 Βαϐυλῶνι,
1214 5057 1469 5128 θαύματα
1486 5063 1543 5114 ἐν
1561 5059 1842 5130 Αἰγύπτῳ,

262 5134 521 5205 θαύματα
553 5138 612 5191 ὲν
631 5138 844 5209 ἐρήμῳ,
871 5137 1127 5210 θαύματα
1157 5142 1433 5213 πανταχοῦ
1461 5144 1561 5213 τῆς
1593 5144 1847 5216 οἰκουμέ-

260 5237 384 5289 νης,
410 5220 485 5283 ὡς
512 5222 847 5293 πανταχόθεν
870 5223 1066 5287 αὐτοὺς
1087 5222 1433 5281 διδασκαλίαν
1461 5225 1606 5297 ἒχειν
1631 5230 1728 5298 τῆς
1747 5228 1844 5281 αὺ-

259 5303 358 5357 τοῦ
399 5304 668 5373 γνώσεως.
704 5303 925 5375 Κύριος
972 5305 1092 5361 τῶν
1131 5308 1446 5379 δυνάμεων
1485 5312 1614 5380 μεθ’
1652 5312 1843 5381 ἡμῶν,

261 5389 639 5460 ἀντιλήπτωρ
678 5388 849 5461 ἡμῶν
896 5393 928 5444 ό
976 5390 1121 5457 Θεὸς
1160 5392 1374 5448 Ἰακώϐ.
1404 5387 1571 5460 Οὗτος
1605 5396 1785 5449 τοίνυν
1818 5399 1847 5450 ό

324 5610 351 5637 Ι

763 5684 876 5734 quae
909 5668 1064 5734 elinmr
1103 5674 1251 5722 leciin
1296 5681 1351 5724 ιιι
1384 5676 1564 5724 incerti
1612 5672 1769 5734 fertur
1794 5676 1846 5724 in

266 5732 514 5798 ιίετειωίξιΣ
543 5732 670 5782 Infra
698 5735 754 5782 τὸ
777 5732 893 5798 αύτὸ
933 5733 1084 5791 δηλοῖ·
1122 5736 1265 5798 ἄφετε
1283 5738 1370 5794 τήν
1399 5738 1595 5793 πλάνην.
1622 5733 1702 5798 Sic
1726 5750 1841 5787 mss.

267 5804 319 5844 el
340 5797 448 5848 Sav.
473 5795 592 5845 Mor.
620 5800 789 5844 autem
811 5795 1090 5844 inseruerat
1113 5795 1328 5858 παραινεῖ
1349 5799 1438 5859 γὰρ
1476 5798 1636 5853 αὐτοῖς
1660 5797 1732 5845 ὃτι
1758 5799 1839 5861 ἀφ.

1380 352 1751 410 EXPUSITIO
1790 353 1853 409 IN
1895 352 2225 409 PSALMUM
2268 352 2451 409 XLVI.

3444 354 3550 409 εριι

1971 462 2106 526 Θεὸς
2129 502 2143 526 ,
2180 464 2208 517 ὁ
2250 463 2528 534 πανταχοῦ
2571 463 2777 535 μέγας,
2816 464 2841 517 ὁ
2888 463 3162 533 πανταχοῦ
3198 463 3430 534 ὑψηλὸς,
3462 461 3551 521 οὗ·

1965 563 2057 609 τος
2090 547 2177 599 ἀεὶ
2207 547 2328 617 μεθ’
2355 548 2511 618 ἡμῶν
2538 547 2757 618 ἕστηκε.
2780 547 2963 617 Μηδὲν
2984 542 3076 600 οὖν
3108 547 3382 616 φοϐεῖσθε,
3419 550 3551 618 μηδέ

1964 631 2328 703 ταράσσεσθε,
2346 630 2519 693 οὕτως
2549 631 2763 701 ἔχοντες
2788 631 2999 701 ἄμαχον
3019 631 3296 700 Δεσπότην
3318 648 3332 661 ·
3359 625 3403 699 ᾧ
3426 634 3551 703 πρέ-

1967 730 2058 765 πει
2096 714 2244 767 πᾶσα
2294 714 2426 783 τιμὴ
2459 715 2552 767 καὶ
2577 714 2705 778 δόξα
2752 715 2849 767 σὺν
2893 714 2969 783 τῷ
2999 715 3219 785 ἀνάρχῳ
3251 715 3423 785 Πατρὶ
3455 717 3546 767 καὶ

1967 796 2213 868 ζωοποιῷ
2246 797 2410 850 αὑτοῦ
2442 797 2719 867 Πνεύματι
2743 838 2754 856 .
2792 796 2883 850 νῦν
2908 797 3002 850 καὶ
3032 798 3153 864 ἀεὶ,
3180 798 3275 852 καλ⁸
3310 800 3389 861 εἰς
3421 800 3547 862 τεὸς

1965 880 2167 945 αἰῶνας
2196 881 2304 934 τῶν
2327 882 2558 935 αἰώνων.
2610 882 2797 951 Ἀμήν.

2343 990 2452 1041 ΕΙΣ
2491 989 2630 1043 ΤΟΝ
2665 991 2792 1057 MC?
2853 989 3175 1044 ΨΑΛΜΟΝ.

1964 1073 2069 1137 Εἰς
2094 1071 2161 1123 τὸ
2187 1072 2363 1137 τέλος
2384 1114 2398 1137 ,
2432 1072 2583 1139 ὑπὲρ
2616 1072 2734 1142 τῶν
2759 1072 2906 1126 υἱῶν
2926 1073 3096 1142 Κορέ.
3137 1072 3328 1137 Ἄλλος
3355 1074 3431 1141 δὲ,
3460 1072 3545 1141 Τῷ

2338 1142 2623 1206 νικος-τοιῴ
2656 1141 2775 1195 τῶν
2805 1142 2952 1197 υἱῶν
2990 1141 3158 1211 Κορὲ.

1962 1224 2166 1296 Πάντα
2192 1224 2263 1278 τὰ
2283 1224 2449 1293 ἔθνη,
2476 1225 2811 1296 κροτήσατε
2842 1227 3063 1295 χεζοας.
3101 1226 3291 1289 Ἀλλος
3310 1268 3325 1285 ,
3364 1230 3539 1296 Χετρί.

2046 1295 2406 1359 Ἁλαλάξατε
2461 1296 2540 1360 τῷ
2594 1295 2716 1360 Θεῷ
2779 1298 2849 1349 ἐν
2884 1295 3053 1365 φωνῇ
3104 1295 3541 1364 ἀγαλλιάσεως.

2033 1364 2281 1437 ξετερός
2310 1382 2475 1437 ,φησι
2496 1408 2515 1437 ί,
2543 1365 2857 1434 Σημάνατε
2888 1364 2972 1419 ίὲν
3024 1366 3192 1435 φωνῇ
3224 1370 3541 1437 εὐφημίας.

2031 1434 2161 1488 Ὀτι
2182 1446 2208 1509 ε
2234 1436 2449 1509 Κύριος
2480 1436 2771 1509 ὕψιστος)
2805 1434 3056 1505 φοϐερός
3078 1478 3092 1502 ,
3124 1434 3427 1505 βασιλεῦς
3441 1434 3546 1509 μέ-

2031 1521 2140 1574 νας
2168 1505 2268 1557 ἐπὶ
2295 1505 2503 1560 πᾶσαν·
2534 1506 2647 1575 τὴν
2686 1505 2824 1575 γῆν.

2031 1634 2099 1682 α’.
2121 1628 2235 1699 Τῆς
2259 1628 2429 1700 αὐτῆς
2454 1627 2763 1692 ὑποθέσεως
2779 1632 2871 1683 καὶ
2894 1622 3047 1693 οὗτος
3068 1632 3095 1681 ὁ
3109 1631 3321 1701 ψαλμὸς
3336 1630 3541 1701 ἔχεται,

1959 1712 2113 1776 νίκας
2143 1712 2317 1779 λέγων
2348 1712 2531 1764 καὶιτά
2561 1712 2795 1781 τρόπαια
2822 1712 2891 1764 τὰ
2938 1712 3078 1767 κατά
3116 1716 3222 1767 τῶν
3271 1715 3541 1784 πολεμίων

1964 1794 2348 1865 συμϐεϐηκότα
2374 1837 2387 1860 ,
2420 1797 2516 1847 καὶ
2545 1798 2644 1866 τὴν
2671 1797 2998 1867 οἰκουμένην
3032 1800 3213 1850 πᾶσαν
3248 1798 3427 1851 καλῶν
3460 1801 3542 1862 εἰς

1956 1878 2055 1947 τὴν
2107 1877 2247 1948 ὑπὲρ
2294 1878 2402 1930 τῶν
2450 1879 2835 1948 γεγενημένων
2880 1880 3177 1950 εὐφημίαν.
3231 1880 3369 1932 Ἀλλ’
3412 1880 3542 1943 ἴσως

1956 1961 2098 2013 τισὶν
2128 1960 2345 2024 ἀνάξιον
2395 1956 2535 2013 εἶναι
2580 1961 2729 2013 δοκεῖ
2759 1965 2858 2033 τῆς
2904 1962 2997 2015 τοῦ
3045 1962 3190 2015 θείου
3227 1963 3540 2033 Πνεύματος

1957 2044 2337 2115 παραινέσεως
2361 2044 2421 2097 τὸ
2443 2045 2748 2115 προοίμιον,
2772 2047 2868 2099 καὶ
2896 2048 2930 2116 ή
2958 2046 3179 2115 τοιαύτη
3208 2048 3543 2118 παρακέλευ-

1960 2146 2043 2192 σις
2062 2168 2076 2193 ,
2108 2128 2314 2198 κρότοι,
2338 2128 2434 2180 καὶ
2462 2129 2717 2196 πάταγοι,
2747 2129 2844 2182 καὶ
2886 2129 3157 2199 ὀλολυγαί.
3187 2132 3261 2183 Οὐ
3290 2132 3398 2202 γὰρ
3424 2134 3540 2194 τοῖς

1958 2213 2016 2266 ὲν
2051 2212 2131 2283 τῷ
2177 2210 2361 2281 σεμνῷ
2389 2210 2565 2281 τούτῳ
2590 2211 2947 2282 διδασκαλείῳ
3000 2214 3242 2267 συνιοῦσι
3272 2215 3538 2284 προσήκει

1960 2295 2090 2359 ἴσως
2122 2294 2295 2348 ταῦτα
2320 2334 2335 2358 ,
2371 2295 2488 2364 ἐρεῖ
2516 2312 2601 2357 τις
2621 2335 2636 2359 ,
2668 2294 2805 2349 ἀλλά
2837 2298 2949 2360 τοῖς
3000 2296 3099 2366 μὲν
3136 2298 3196 2349 ἐν
3226 2299 3398 2367 σκηνῇ
3444 2298 3541 2349 καὶ

1958 2379 2283 2449 συμποσίοις
2315 2377 2711 2449 ήσχολημένοις
2736 2418 2750 2443 ,
2782 2379 2845 2433 τὸ
2875 2380 3217 2451 κροταλίζειν
3237 2421 3252 2446 ,
3292 2382 3388 2435 καὶ
3422 2383 3540 2445 ταῖς

1956 2481 2016 2534 χε
2027 2465 2115 2535 ρσὶ
2148 2462 2446 2517 πατάσσειν
2464 2481 2475 2492 ·
2507 2462 2734 2534 ἀνδράσι
2767 2464 2825 2518 δέ
2848 2465 2954 2517 ὑπὸ
2976 2466 3075 2535 τῆς
3104 2465 3197 2517 τοῦ
3225 2465 3361 2517 Πνεύ
3372 2482 3541 2536 ματος

1957 2548 2178 2618 χάριτος
2223 2546 2633 2616 παιδευομένοις
2675 2548 2878 2618 ἡσυχία
2915 2550 3012 2602 καὶ
3045 2548 3268 2614 εὐταξία
3314 2550 3537 2621 πρέπει.

1958 2631 2021 2682 Τί
2049 2630 2229 2683 τοίνυν
2282 2628 2530 2697 βούλεται
2564 2631 2591 2680 ὁ
2630 2629 2787 2698 λόγος
2834 2632 3113 2701 ἐμφῆναι,
3149 2633 3243 2685 καὶ
3290 2633 3412 2686 τίνα
3449 2633 3541 2686 τὸν

1954 2715 2270 2785 ἀλαλαγμὸν
2286 2712 2336 2778 ἀ,
2369 2715 2463 2767 καὶ
2494 2704 2737 2767 τίνα’τὸν
2766 2715 2960 2785 κρότον
2985 2716 3151 2786 φησί;
3178 2717 3287 2769 Καὶ
3310 2717 3416 2787 γάρ
3447 2720 3540 2769 καὶ

1956 2799 2186 2870 σύνηθες
2210 2798 2369 2851 τοῦτο
2401 2801 2513 2862 τοῖς
2537 2800 2595 2850 ὲν
2629 2798 2937 2869 παρατάξει
2966 2800 3206 2871 πολέμου
3235 2802 3328 2853 καὶ
3358 2801 3540 2871 μάχης

1954 2885 2129 2935 ποιεῖν
2150 2920 2165 2945 ,
2200 2881 2494 2946 ἀλαλάζειν
2522 2882 2667 2951 λέγω
2690 2922 2704 2945 ,
2749 2882 2844 2935 καί¹
2879 2883 3023 2953 μέγα
3054 2886 3268 2952 κροτεῖν
3314 2884 3448 2956 πρὸς
3479 2885 3540 2937 τὸ

1954 2966 2431 3037 καταπλήττεσθαι
2474 2967 2602 3029 τοὺς
2633 2966 2923 3036 πολεμίους
2945 2983 2959 2996 ο
2994 2968 3316 3038 γαληνιαίας
3347 2968 3403 3021 δὲ
3430 2968 3538 3036 ψυ-

1952 3051 2053 3122 χῆς
2098 3051 2257 3104 τοῦτο
2290 3051 2592 3121 ἀλλότριον.
2627 3052 2687 3103 ὐ
2721 3050 2778 3103 δὲ
2828 3050 3045 3121 ψαλμὸς
3093 3052 3382 3122 ἀμφότερα
3421 3053 3539 3105 δια-

1952 3134 2265 3198 κελεύεται,
2294 3135 2387 3187 καὶ
2427 3136 2675 3205 κροτεῖν,
2721 3133 2817 3186 καὶ
2846 3132 3155 3199 ἀλαλάζειν.
3194 3135 3260 3187 Τί
3297 3135 3415 3187 ποτ’
3442 3130 3536 3189 οὖν

1952 3219 2067 3271 ἐστι
2105 3217 2166 3270 τὸ
2195 3216 2517 3289 εἰρημένον;
2561 3216 2726 3270 Οὐδὲν
2759 3217 2973 3285 ἕτερον,
3005 3216 3118 3269 ἀλλ’
3148 3216 3342 3287 ἡδονὴν
3370 3216 3543 3270 ἐνδεί-

1951 3317 2141 3353 κνυται
2172 3302 2265 3354 καὶ
2289 3301 2446 3371 νίκης
2470 3298 2763 3370 σύμϐολον.
2794 3299 2947 3352 Ἐπεὶ
2973 3300 3066 3351 καὶ
3094 3299 3318 3372 ἑτέρωθι
3347 3304 3536 3371 61190-

1951 3389 2130 3454 φήτης
2150 3384 2275 3447 τοὺς
2302 3385 2580 3455 ποταμοὺς
2608 3385 2822 3452 εἰσάγει
2848 3384 3180 3453 κροτοῦντας
3200 3400 3213 3413 °
3250 3382 3401 3455 [188]
3427 3388 3539 3438 Πο-

1950 3466 2143 3536 ταμοὶ,
2181 3468 2313 3538 φησί
2335 3508 2348 3527 ,
2379 3467 2751 3536 κροτήσουσι
2781 3468 2929 3536 χειρὶ
2959 3466 3057 3519 ἐπὶ
3089 3466 3158 3520 τὸ
3192 3468 3341 3521 αὑτό
3368 3484 3381 3497 ·
3418 3470 3446 3521 ό
3481 3467 3538 3522 δὲ

1961 3548 2189 3613 Ἡσαΐας
2209 3590 2223 3615 ,
2252 3551 2344 3603 καὶ
2373 3550 2568 3620 δένδρα
2589 3550 2748 3603 τοῦτο
2775 3551 3031 3605 ποιοῦντα
3062 3551 3271 3620 εἰσάγει
3299 3562 3344 3613 θ,
3376 3550 3540 3616 αὐτὸς

1947 3632 2004 3685 δὲ
2032 3626 2187 3696 οὗτος
2213 3632 2395 3699 πάλιν,
2427 3635 2521 3686 καὶ
2545 3633 2645 3703 ὅρη
2674 3633 3006 3704 σκιρτῶντα,
3038 3636 3133 3687 καὶ
3156 3634 3379 3704 βουνοὺς
3398 3675 3412 3699 ,
3439 3636 3539 3705 οὐχ

1951 3720 2038 3773 ἵνα
2066 3720 2224 3774 τοῦτο
2253 3722 2567 3792 νοήσωμεν,
2599 3721 2682 3773 ὅτι
2714 3720 2780 3773 τὰ
2814 3721 2914 3793 ὅρη
2946 3724 3142 3792 σκιρτᾷ
3161 3764 3175 3786 ,
3205 3723 3297 3775 καὶ
3327 3724 3375 3775 οἱ
3409 3722 3535 3792 βου-

1949 3804 2029 3856 νο“ι
2050 3842 2064 3866 ,
2095 3804 2203 3857 οὐδ’
2234 3805 2320 3857 ἵνα
2348 3804 2628 3872 ποταμοὺς
2651 3804 2983 3874 κροτοῦντας
3002 3844 3016 3867 ,
3044 3806 3077 3875 ἢ
3103 3809 3293 3877 χεῖρας
3312 3806 3535 3876 ἔχοντας

1952 3886 2129 3956 (τοῦτο
2174 3886 2284 3957 γὰρ
2322 3887 2557 3956 ἐσχάτης
2602 3886 2847 3956 ἀνοίας),
2901 3888 3015 3940 ἀλλ’
3057 3889 3145 3941 ἵνα
3175 3890 3271 3960 τὴν
3301 3889 3533 3959 ύπερϐο⁴

1947 3971 2046 4041 λὴν
2076 3971 2174 4041 τῆς
2219 3972 2411 4041 ἡδονῆς
2449 3970 2734 4041 μάθωμεν.
2765 3971 2923 4025 Ούτω
2956 3972 3019 4043 δὴ
3050 3974 3145 4026 καὶ
3179 3974 3270 4027 ἐπὶ
3308 3973 3418 4026 τῶν
3448 3976 3537 4027 άν-

1950 4053 2184 4127 θρώπων
2215 4055 2361 4109 ἔστιν
2398 4054 2545 4107 ἰδεῖν.
2588 4056 2697 4108 Καὶ
2730 4055 2822 4108 διὰ
2871 4056 2923 4108 τί
2975 4058 3049 4127 μὴ
3097 4052 3252 4122 εἷπε,
3295 4058 3533 4128 Χάρητε,

1948 4140 2043 4191 καὶ
2071 4139 2423 4209 σκιρτήσατε,
2449 4137 2586 4190 ἀλλὰ
2608 4138 2979 4205 Κροτήσατε,
3005 4139 3119 4204 καὶ,
3138 4140 3499 4204 Ἀλαλιίξατε
3512 4155 3535 4203 ;

1949 4222 2062 4292 Τὴν
2127 4221 2246 4292 μεθ’
2294 4222 2602 4293 ὑπερϐολῆς
2661 4225 2794 4294 ἡμῖν
2850 4224 3044 4294 ήδονὴν
3104 4225 3530 4295 ἐνδεικνύμενος.

1950 4306 2162 4377 Ὠσπερ
2193 4306 2302 4377 γὰρ
2328 4307 2562 4377 Χριστὸς
2581 4347 2596 4372 ,
2624 4309 2753 4361 ὅταν
2786 4309 2918 4380 λέγῃ
2937 4351 2951 4373 ,
2987 4309 3071 4363 Σὺ
3121 4308 3190 4361 δὲ
3236 4309 3381 4363 ὅταν
3424 4326 3532 4377 νη-

1949 4390 2173 4457 mva
2212 4390 2471 4458 ᾶλειψόν
2500 4405 2617 4444 σου
2650 4390 2763 4457 τὴν
2790 4390 3096 4460 κεφαλὴν,
3131 4390 3229 4444 καὶ
3260 4391 3327 4443 τὸ
3349 4393 3534 4457 πρόσ-

1950 4473 2116 4525 ωπόν
2170 4487 2288 4527 σου
2335 4474 2508 4542 νίψαι
2536 4514 2548 4534 ,
2584 4475 2685 4528 οὐκ
2741 4475 2971 4544 ἀλοιφὴν
3016 4474 3227 4527 κελεύει
3279 4474 3531 4538 γενέσθαι

1952 4554 2148 4626 (οὐδεὶς
2174 4556 2285 4625 γὰρ
2320 4557 2480 4627 ήμῶν
2506 4556 2664 4610 τοῦτο
2690 4560 2852 4626 ποιεῖ)
2876 4598 2889 4619 ,
2927 4558 3064 4612 ἀλλὰ
3095 4558 3196 4626 τὴν
3226 4557 3417 4630 ήδονὴν
3446 4559 3533 4610 ἐν·

1948 4639 2281 4704 δείκνυσθαι,
2312 4640 2407 4693 καὶ
2434 4640 2496 4692 τὸ
2524 4641 2747 4713 φαιδρὸν
2777 4645 2875 4711 τῆς
2900 4640 3137 4704 διανοίας
3162 4640 3396 4711 (κελεύει
3423 4642 3531 4712 γάρ

1947 4722 2222 4791 γεγηθότα
2249 4721 2564 4793 νηστεύειν,
2610 4724 2685 4795 μή
2739 4724 3255 4796 σκυθρωπάζοντα),
3292 4723 3436 4778 οὕτω
3467 4723 3531 4796 δὴ

1948 4805 2044 4857 καὶ
2071 4803 2307 4859 ἐνταῦθα
2347 4805 2410 4857 οὐ
2451 4805 2612 4861 τοῦτο
2643 4808 2993 4878 ἐπετάγημεν
3017 4807 3158 4860 ὥστε
3186 4810 3402 4878 κροτεῖν
3430 4806 3530 4872 τὰς

1948 4890 2137 4959 χεῖρας
2156 4927 2172 4953 ,
2206 4888 2318 4941 ἀλλ’
2346 4888 2572 4959 ἥδεσθαι
2591 4930 2606 4954 ,
2651 4889 2748 4943 καὶ
2778 4891 3170 4961 εὐφραίνεσθαι
3210 4891 3525 4961 ψάλλοντες.

1948 4972 2183 5036 Δικαίως
2208 4972 2253 5025 δ’
2283 4972 2348 5026 ἄν
2373 4991 2454 5037 τις
2483 4974 2575 5027 τὸν
2602 4973 2815 5045 ψαλμὸν
2842 4974 2983 5028 κατά
3014 4976 3305 5044 ἀναγωγὴν
3328 4973 3526 5044 μᾶλλον

1948 5056 2202 5122 ἐκλάϐοι,
2238 5056 2337 5127 τῆς
2389 5058 2627 5129 ἱστορίας
2666 5057 2935 5131 ἀνώτερος
2984 5059 3295 5129 γενόμενος.
3327 5059 3390 5110 Εἰ
3422 5058 3530 5128 γὰρ

1948 5142 2150 5213 καὶτὴν
2179 5142 2352 5213 ἀρχὴν
2369 5142 2463 5196 καί
2474 5142 2535 5195 τὸ
2548 5142 2828 5213 προοίμιον
2847 5142 2954 5197 ἀπὸ
2974 5141 3081 5195 τῶν
3098 5142 3371 5212 αἰσθητῶν
3394 5142 3526 5210 ἔχει,

1946 5226 2062 5279 ἀλλ’
2090 5228 2237 5298 ὅμως
2265 5229 2357 5281 ἐπὶ
2386 5228 2456 5282 τὰ
2502 5227 2670 5298 νοητὰ
2714 5228 3047 5299 χειραγωγεῖ
3085 5226 3177 5278 τὸν
3230 5225 3526 5295 ἀκροατήν.

2021 5312 2197 5383 Ὅπερ
2244 5312 2354 5384 γὰρ
2388 5312 2482 5367 καὶ
2520 5311 2827 5383 ἔμπροσθεν
2877 5306 3066 5376 εἷπον,
3097 5307 3256 5361 τοῦτο
3306 5308 3398 5362 καὶ
3436 5307 3531 5361 νῦν

2012 5488 2035 5516 (⁵
2062 5486 2185 5557 βρε.
2214 5500 2340 5557 {lpus
2367 5487 2707 5557 ἀγαλλιάσεως.
2743 5485 2935 5557 ’ῥλλομ
2963 5485 3525 5557 εύφημῇσατε..⁶¹ῌτιρος,

1949 5547 2325 5620 σημάνατελέότι.
2375 5547 2503 5620 ψιλά
2524 5556 2690 5598 autem
2731 5547 3054 5611 εύφημήσατε,
3082 5547 3137 5596 υι
3179 5547 3527 5599 Ιεαιὶοίιιςὸτίί

1950 5609 2108 5659 fertur
2129 5611 2178 5656 in
2200 5609 2453 5671 Hexaplis.
2796 5609 2802 5611 ⁷
2855 5609 2859 5610 ⁷

1955 5669 2145 5745 “d‘Sic‘
2161 5683 2277 5718 mss.
2322 5678 2376 5719 ει
2396 5670 2567 5731 Savil.;
2615 5668 2789 5718 Morel.
2828 5671 2990 5718 νει·οὸ
3012 5670 3167 5733 λόγος,
3196 5672 3278 5721 καὶ
3299 5672 3405 5721 τίνα
3443 5672 3532 5732 τὴν

1950 5734 2196 5793 ὀλολυγὴν.

2016 5801 2040 5824 ε
2067 5794 2189 5856 Reg.
2222 5805 2348 5842 unus
2373 5799 2425 5845 el
2456 5793 2606 5843 Savil.
2629 5793 2904 5856 παρίστησι.
