4064 6414
603 329 709 383 2ίεῦ

598 445 740 519 ἐρῶ⁶
770 448 843 504 τά
865 450 962 522 μὲν
984 450 1058 513 ὼς
1084 449 1298 521 εἴρηται
1319 449 1637 521 ἐκληπτέον,
1667 452 1735 504 -τΞι
1763 450 1820 505 δέ
1844 450 2174 513 ἀπεναντίας

597 539 708 601 τοῖς
723 537 1016 608 κειμένοις,
1045 534 1155 590 οἷον
1180 537 1255 600 ώς
1281 536 1396 607 ἔχει
1426 538 1511 592 ἐπ’
1544 539 1778 592 ἐκείνου·
1816 542 1997 593 ,λύκοι
2015 551 2040 578 ι
2077 536 2176 591 καί

599 625 778 693 ἄρνες
802 625 921 694 ἅμα
950 625 1469 693 βοσκιιθιὶσονται.
1503 627 1578 680 Οὐ
1609 627 1717 698 γάρ
1745 625 1808 696 δὴ
1851 625 2045 689 λύκους
2076 624 2171 677 καὶ

600 713 772 785 ἄρνας
802 711 1169 784 ἐκληψόμεθα,
1198 714 1320 767 οὐδέ
1348 715 1525 785 ἄχυρα
1548 757 1563 780 ,
1598 716 1693 767 καὶ
1721 714 1847 784 βοῦν
1875 754 1890 776 .
1919 714 2014 766 καὶ
2042 710 2177 766 ταῦ-

604 818 716 872 ρον,
749 799 885 854 ἀλλά
907 799 975 854 τά
996 800 1106 855 τῶν
1131 800 1431 873 ἀνθρώπων
1448 803 1554 872 ῆθη
1583 801 1671 855 διά
1692 801 1791 871 τῆς
1833 801 1942 853 τῶν
1967 800 2178 869 ἀλόγων

603 888 810 951 εἰκόνος
832 888 1328 960 χαρακτηρίζομεν·
1355 887 1425 941 τά
1439 888 1494 942 δὲ
1512 889 1653 942 κατά
1668 888 1861 959 διπλῆν
1884 886 2107 957 ἐκδοχὴν
2124 886 2175 950 δ,

602 976 669 1029 τά
695 991 755 1028 τε
789 975 1024 1046 αἰσθητά
1055 976 1332 1041 νοοῦντες,
1362 976 1457 1030 καὶ
1494 977 1561 1030 τά
1600 976 1764 1047 νοητά
1802 973 2176 1043 ἐκδεχόμενον

530 1126 537 1135 ³
605 1060 792 1134 ῶσπερ
833 1063 926 1117 ἐπὶ
975 1063 1077 1133 τῆς
1126 1064 1414 1133 ἀναγωγῆς
1465 1063 1559 1117 τοῦ
1615 1062 1732 1116 υίοῦ
1766 1061 1860 1115 τοῦ
1906 1060 2176 1133 Ἀϐραάμ.

605 1150 729 1202 Ὀτι
759 1150 869 1220 γάρ
897 1151 925 1202 6
952 1150 1067 1215 υἱὸς
1099 1151 1367 1223 ἀνηνέχθη
1398 1152 1572 1221 ἴσμεν,
1611 1151 1705 1203 καὶ
1733 1150 1920 1220 ἔτερόν
1948 1166 1999 1201 τι
2023 1149 2182 1217 ἐγκε-

606 1238 921 1308 κρυμμένον
951 1236 1027 1308 τῷ
1059 1239 1288 1309 νοήματι
1321 1238 1619 1308 ἐκλέγομεν
1651 1238 1739 1291 διὰ
1774 1236 1869 1290 τοῦ
1899 1237 2017 1290 υίοῦ
2041 1277 2056 1298 ,
2088 1235 2180 1290 τὸν

608 1324 858 1395 σταυρόν.
887 1326 992 1378 Καὶ
1035 1325 1133 1378 ἐπὶ
1161 1324 1255 1378 τοῦ
1285 1325 1560 1397 προῦάτου
1588 1324 1645 1378 δὲ
1681 1322 1777 1378 τοῦ
1807 1326 1865 1379 ἐν
1898 1322 2180 1394 Αἰγύπτῳ,

608 1410 770 1464 πάλιν
788 1412 987 1481 ὁμοίως
1013 1412 1108 1465 τοῦ
1132 1411 1334 1476 πάθους
1358 1413 1458 1484 τὴν
1478 1412 1663 1465 είκόνα
1685 1428 1930 1482 χαρακτη
1940 1410 2178 1483 ρίξομεν.

609 1498 780 1552 Τοῦτο
814 1498 878 1571 δὴ
911 1500 1003 1553 καὶ
1034 1499 1269 1555 ἐνταῦθα
1318 1504 1490 1555 ποιεῖν
1538 1502 1665 1573 χρή.
1708 1501 1843 1554 υύδέ
1887 1500 1994 1573 γὰρ
2052 1500 2184 1571 περὶ

620 1586 865 1656 Ἀράϐων
912 1588 1100 1653 ἀπλῶς
1130 1590 1160 1643 6
1209 1588 1396 1658 λόγος,
1427 1592 1523 1644 καὶ
1559 1590 1669 1643 τῶν
1716 1590 1973 1657 γειτόνων
1992 1630 2008 1655 ,
2048 1588 2184 1642 ἀλλά

610 1674 789 1729 πάντα
814 1675 882 1727 τὰ
914 1675 1040 1748 ἔθνη
1069 1677 1242 1732 καλεῖ.
1281 1679 1409 1732 Ὀτι
1435 1679 1650 1746 Κύριος
1687 1677 1974 1745 ὕψιστος,
2013 1677 2185 1746 φοϐε-

603 1763 748 1831 ρὸς,
784 1764 1085 1831 βασιλεὺς
1118 1764 1307 1835 μέγας
1347 1765 1447 1820 ἐπὶ
1484 1766 1695 1820 πᾶσαν
1730 1764 1846 1831 τὴν
1879 1762 2016 1833 γῆν.
2064 1765 2185 1817 Ἀν-

613 1850 795 1921 ίστησι
818 1852 997 1905 τοίνυν
1029 1856 1094 1906 ἐκ
1124 1854 1423 1924 προοιμίων
1466 1853 1558 1906 τὸν
1597 1852 1896 1924 ἀκροατὴν,
1929 1852 2064 1922 πρὸς
2094 1869 2186 1905 το-

610 1940 802 1993 σοῦτον
824 1940 987 2008 όγκον
1016 1940 1359 2009 Εὐαγγελίων
1393 1940 1576 1994 καλῶν
1600 1980 1616 2005 ,
1644 1940 1739 1994 καὶ
1772 1939 1909 2010 πρὸς
1944 1939 2043 2010 τὴν
2087 1941 2188 2011 τῆς

607 2027 935 2099 οἰκουμένης
968 2030 1295 2100 πανήγυριν,
1323 2030 1416 2083 καὶ
1450 2029 1599 2083 θείαν
1622 2028 1747 2082 τινὰ
1766 2029 1862 2082 καὶ⁸
1888 2046 2187 2100 πνευματι-

609 2115 712 2187 κὴν
734 2114 925 2187 ἑορτὴν
943 2157 959 2182 ,
988 2116 1081 2169 καὶ
1114 2116 1213 2187 τὴν
1246 2119 1311 2171 ἐκ
1340 2115 1451 2170 τῶν
1481 2117 1725 2188 οὐρανῶν
1769 2118 2188 2188 κατενεχθεῖσαν

612 2204 1022 2272 μυσταγωγίαν.
1052 2205 1153 2259 Διά
1184 2204 1248 2275 δὴ
1271 2203 1446 2270 τοῦτο,
1472 2204 1842 2272 Κροτήσατε,
1870 2205 2004 2276 φησί
2024 2222 2038 2236 °
2065 2223 2186 2261 τουο

609 2285 761 2339 τέστι
789 2325 805 2350 ,
835 2287 1040 2358 χάρητε
1064 2327 1079 2350 ,
1111 2289 1460 2358 σκιρτήσατε.
1492 2288 1601 2341 Καὶ
1632 2288 1743 2360 γάρ
1771 2288 1866 2342 καὶ
1899 2291 1928 2343 6
1956 2290 2188 2358 εὐαγγε-

608 2367 761 2432 λικδς
803 2368 963 2437 λόγος
1000 2369 1158 2422 τοῦτο
1204 2368 1637 2439 παρακελεύεται
1689 2369 1864 2439 λέγων
1889 2412 1906 2439 ,
1948 2370 2191 2440 Σκιρτή-

609 2466 790 2503 σατε·
821 2452 884 2504 οὐ
921 2452 1137 2515 πάντως
1176 2452 1682 2523 παρακελευόμενος
1710 2452 2061 2520 ἐξάλλεσθαι,
2093 2454 2189 2508 καὶ

612 2533 790 2604 πηδᾷν
814 2532 1005 2604 (τοῦτο
1040 2534 1149 2606 γὰρ
1187 2534 1573 2606 ἀνελεύθερον)
1595 2574 1610 2599 ,
1635 2535 1772 2589 ἀλλά
1799 2536 1900 2601 τῆς
1923 2536 2101 2607 χαρᾶς
2128 2536 2189 2589 τὸ

610 2615 1000 2686 ἐπιτεταμένον
1028 2616 1226 2688 δηλῶν.
1268 2617 1379 2671 Καὶ
1417 2618 1528 2688 γὰρ
1575 2616 1775 2689 πολλῆς
1822 2618 2015 2689 ἡδονῆς
2041 2618 2189 2682 ἀξιον

609 2699 674 2752 16
702 2699 1003 2770 γινόμενον.
1028 2699 1201 2771 ὐσην
1225 2700 1333 2771 γὰρ
1367 2703 1395 2754 6
1420 2700 1569 2772 ἥλιος
1597 2702 1771 2773 ἐφορᾷ
1796 2702 1899 2771 γῆν
1922 2741 1938 2766 ,
1967 2702 1996 2755 6
2028 2703 2191 2771 εὐαγε-

609 2783 826 2851 γελικδς
852 2782 1009 2852 λόγος
1055 2784 1331 2856 ἐπέδραμε
1350 2826 1364 2852 ,
1395 2786 1490 2839 καὶ
1531 2786 1683 2839 πᾶσα
1728 2784 1909 2857 ἐσώθη
1944 2786 1979 2857 ἡ
2011 2787 2191 2839 οἰκου-

614 2866 751 2937 μένη
777 2906 794 2930 ,
826 2867 920 2919 καὶ
950 2867 1051 2936 τῆς
1078 2866 1332 2939 λατρείας
1367 2867 1467 2938 τῆς
1511 2867 1806 2937 Ἰουδαϊκῆς
1848 2868 1897 2921 οί
1936 2869 2044 2939 πρὸ
2069 2868 2191 2922 τού-

610 2966 705 3003 του
731 2952 796 3020 τῇ
826 2949 999 3021 πλάνῃ
1029 2953 1382 3020 κατεχόμενοι
1416 2949 1636 3021 μείζονα
1665 2950 2010 3017 ἐπεδείξαντο
2039 2950 2190 3019 φιλο-

614 3033 826 3101 σοφίαν.
867 3033 1071 3086 Πάντα
1130 3032 1204 3087 τὰ
1245 3033 1391 3102 ἔθνη
1432 3034 1766 3102 κρατήσατε
1816 3033 2036 3102 χεῖρας.
2079 3034 2191 3099 Τάς

614 3116 815 3187 μιαράς
854 3116 1069 3180 ἐκείνας
1104 3115 1210 3187 πρὸ
1241 3118 1430 3170 τούτου
1455 3158 1470 3182 ,
1504 3116 1671 3187 φησὶν
1697 3156 1712 3178 ,
1749 3116 1902 3189 [189]
1935 3117 2035 3181 τὰς
2062 3119 2190 3171 ἐνα-

613 3203 757 3267 γεῖς,
794 3198 892 3263 τάς
920 3200 1113 3269 αἵματι
1152 3200 1517 3271 μολυνομένας
1555 3199 1678 3253 καθ’
1710 3201 1947 3271 ἑκάστην
1978 3202 2192 3274 ἡμέραν

611 3282 702 3336 διὰ
725 3281 836 3334 τῶν
863 3282 1186 3353 ἀκαθάρτων
1214 3282 1414 3337 θυσιῶν
1434 3321 1450 3346 ,
1476 3282 1547 3339 δι’
1570 3276 1646 3336 ὧν
1675 3283 1868 3346 παῖδας
1897 3283 2190 3353 ἐσφάξατε,

614 3364 711 3418 καὶ
735 3366 802 3418 τὰ
826 3368 1028 3439 αίσχρά
1051 3367 1408 3438 ἐτολμήσατε,
1435 3368 1531 3421 καὶ
1558 3368 1698 3421 κατά
1732 3368 1831 3437 τῆς
1858 3366 2072 3437 φύσεως
2097 3369 2194 3421 αὐ-

614 3449 711 3519 τῆς
735 3450 1076 3521 ἐχωρήσατε,
1114 3450 1200 3505 διά
1227 3450 1431 3505 τούτων
1463 3453 1765 3522 κροτήσατε
1790 3449 1906 3504 νῦν.
1949 3449 2195 3506 Ἀλαλά-

612 3533 760 3596 ξατε
789 3532 868 3599 τῷ
896 3532 1019 3598 Θεῷ
1043 3534 1114 3586 ἐν
1135 3533 1305 3603 φωνῇ
1328 3534 1763 3605 ἀγαλλιάσεως.
1781 3532 1880 3587 Διά
1901 3535 1999 3604 τῆς
2019 3533 2192 3602 γλώτ-

613 3631 715 3685 της
748 3616 992 3688 ἐκείνης,
1027 3615 1095 3670 δι’
1120 3612 1189 3688 ἧς
1213 3617 1509 3686 ἐγεύσασθε
1536 3618 1643 3670 τῶν
1668 3616 1900 3685 ἐναγῶν,
1929 3615 1995 3669 δι’
2023 3611 2093 3688 ἧς
2124 3615 2192 3670 τά

617 3700 913 3771 βλάσφημα
938 3701 1269 3773 ἐξηνέγκατε
1299 3703 1539 3774 ῥήματα,
1561 3700 1648 3755 διά
1670 3700 1871 3773 ταύτης
1892 3699 2193 3767 ἀλαλάξατε

616 3785 715 3854 τὴν
741 3783 1005 3838 ἐπινίκιον
1024 3785 1191 3856 ᾠδήν.
1220 3786 1329 3839 Καὶ
1355 3786 1463 3858 γάρ
1490 3782 1612 3849 ἔθος
1638 3786 1752 3848 τοῖς
1783 3784 2187 3855 στρατοπέδοις,

614 3867 745 3921 ὅταν
773 3867 929 3939 κλίνῃ
959 3868 1065 3921 τῶν
1103 3867 1361 3922 ἐναντίων
1388 3868 1452 3921 τὸ
1480 3866 1838 3938 στρατόπεδον
1857 3909 1872 3932 ,
1904 3865 2099 3938 μηκέτι
2124 3868 2190 3938 τῇ

618 3949 885 4013 συστάδην
920 3961 944 3989 ε
977 3950 1277 4022 κεχρῆσθαι
1321 3951 1505 4023 μάχῃ.
1535 3950 1649 4003 ἀλλ’
1679 3948 1946 4019 όμοφώνῳ
1978 3949 2075 4021 βοῇ
2101 3950 2196 4003 καὶ

616 4034 916 4105 ἀλαλαγμῷ
945 4034 1043 4097 τάς
1070 4035 1170 4106 ῆδη
1220 4034 1655 4105 καταὸληθείσας
1684 4034 1861 4087 αὐτῶν
1889 4032 2195 4087 κατασείειν

616 4116 825 4189 ψυχάςο
859 4118 996 4189 ὅπερ
1016 4118 1132 4170 ἐστὶ
1158 4116 1313 4187 νίκης
1342 4117 1603 4188 λαμπρᾶς
1628 4118 1722 4171 καὶ
1745 4116 2008 4189 τροπαίου
2037 4116 2198 4188 μέγι-

617 4216 743 4253 στον
777 4203 1097 4271 τεκμήριον.
1124 4201 1252 4255 ὅταν
1284 4201 1360 4271 μὴ
1388 4200 1574 4270 χερσὶν
1596 4201 1626 4253 6
1659 4200 1892 4271 πόλεμος
1920 4200 2193 4272 κρίνηται,

615 4283 733 4337 ἀλλ’
787 4285 821 4356 η
882 4284 979 4356 βοὴ
1055 4285 1147 4338 καὶ
1209 4284 1331 4337 ἀντὶ
1382 4282 1583 4355 χειρῶν
1604 4321 1620 4347 ,
1678 4283 1774 4337 καὶ
1829 4284 1951 4339 ἀντὶ
2016 4284 2198 4341 ὃπλων

614 4368 759 4422 ἀοκῆ
770 4409 783 4422 .

657 4368 855 4517 ρέῨΤὸ
886 4447 986 4518 μὲν
1018 4442 1111 4501 οὖν
1141 4446 1298 4519 ἔργον
1320 4446 1466 4503 ἅπαν
1483 4446 1578 4502 τοῦ
1603 4447 1841 4520 Χριστοῦ
1862 4448 2081 4517 γέγονε·
2107 4449 2199 4505 τὸν

616 4530 727 4601 γὰρ
754 4530 987 4601 χαλεπὸν
1013 4529 1201 4583 τοῦτον
1233 4531 1396 4595 αὐτὸς
1432 4531 1696 4586 κατέλυσε
1725 4531 1991 4602 πόλεμον,
2026 4533 2199 4601 δήσας

618 4614 709 4665 τὸν
759 4612 975 4683 ἰσχυρὸν
1006 4613 1099 4666 καὶ
1144 4616 1211 4667 τά
1256 4614 1426 4686 σκεύη
1462 4615 1626 4670 αὐτοῦ
1659 4615 1985 4686 διαρπάσας.
2013 4616 2200 4669 Φιλάν-

619 4698 835 4766 θρωπος
860 4696 915 4749 δέ
942 4696 1038 4761 ῶν,
1068 4698 1194 4761 τοὺς
1215 4698 1366 4753 οὐδὲν
1394 4701 1738 4770 πονήσαντας
1756 4741 1771 4766 ,
1806 4699 2030 4763 τούτους
2055 4703 2200 4753 ποιεί

618 4779 719 4849 τῆς
747 4779 899 4849 νίκης
932 4780 1151 4833 καὶτῶν
1169 4782 1444 4852 τροπαίων
1469 4782 1786 4849 ἀπολαύειν,
1826 4785 1917 4838 καὶ
1950 4783 2049 4855 τὴν
2076 4785 2198 4837 ἐπι-

620 4861 789 4914 νίκιον
812 4863 1218 4931 παρασκευάζει
1246 4864 1540 4935 ἀναφέρειν
1564 4866 1770 4938 φωνὴν,
1795 4866 2047 4938 καθάπερ
2073 4868 2199 4930 τοὺς

620 4943 1049 5015 κατωρθωκότας
1071 4946 1269 5009 αὐτοὺς
1294 4948 1389 5000 καὶ
1419 4952 1816 5020 κρατήσαντας.
1835 4952 1926 5005 Διὸ
1950 4952 2044 5004 καὶ
2073 4950 2201 5020 βοῶ-

619 5045 725 5097 μεν
776 5026 1048 5092 ἅπαντες,
1085 5028 1187 5081 οὐκ
1239 5030 1450 5101 ἄσημόν
1491 5049 1612 5085 τινα
1663 5034 1849 5104 φωνὴν
1877 5074 1891 5095 ,
1928 5034 2065 5088 ἀλλά
2104 5034 2200 5087 καὶ

620 5112 829 5184 σφόδρα
857 5109 1127 5182 εὔσημον·
1176 5113 1300 5167 Ποῦ
1333 5130 1482 5180 σου,
1523 5114 1773 5181 θάνατε,
1806 5117 1873 5171 τὸ
1902 5117 2153 5184 κέντρον
2181 5134 2200 5182 ;

619 5196 739 5251 ποῦ
762 5212 900 5260 σου,
927 5194 1065 5263 ᾔδη,
1091 5194 1159 5248 τὸ
1178 5195 1382 5262 rixae;
1404 5196 1513 5251 Kal
1546 5197 1728 5263 πάλιν,
1760 5198 1969 5268 ’Λνέϐη
2001 5203 2034 5253 ὀ
2055 5198 2199 5265 Θεὸς

616 5280 690 5332 ἐν
715 5277 1061 5349 ἀλαλαγμῷ.
1086 5278 1256 5333 Τοῦτο
1289 5279 1397 5352 γάρ
1428 5281 1486 5334 ἐν
1513 5282 1591 5353 τῷ
1616 5281 1817 5353 ψαλμῷ
1843 5282 2018 5353 τούτῳ
2045 5282 2197 5354 εἷρη·

617 5377 731 5417 ται.
765 5363 876 5415 Καὶ
915 5363 1078 5417 πάλιν
1105 5363 1335 5434 ἀλλαχοῦ
1361 5382 1375 5396 ο
1413 5365 1644 5433 Ἀνέΰης
1672 5368 1758 5432 εἰς
1787 5366 1946 5435 ὕψος
1964 5406 1979 5428 ,
2011 5368 2202 5435 ᾐχμα-

618 5444 933 5511 λώτευσας
958 5449 1396 5518 αἰχμαλωσίαν,
1421 5448 1634 5516 ἔλαϐες
1653 5449 1883 5521 δόματα
1901 5452 1971 5505 ἐν
1990 5451 2203 5517 ἀνθρώ-

682 5629 714 5701 .‘
736 5631 912 5701 Αιίίρι
939 5632 1087 5701 Sex“.-
1112 5636 1307 5701 ᾡςὸταν
1324 5638 1459 5701 λέγῃ.
1479 5638 1649 5686 Λύκαια

683 5688 716 5759 ξ
906 5694 1042 5759 θάάιι
1060 5688 1373 5759 ἐκληψόμεθα.

686 5751 711 5777 ⁸
734 5750 883 5800 sam.
907 5763 959 5802 cl
982 5754 1080 5802 duo
1101 5750 1215 5805 ιιιεὲ.
1244 5750 1308 5821 ’τῇ
1335 5760 1592 5816 συστάδην.
1636 5760 1808 5809 Morel.
1833 5766 1890 5822 τῇ
1909 5759 2107 5821 ὐστάτῃ.

1368 329 1425 386 S.
1467 330 1749 387 JOANNIS
1786 329 2282 386 CHRYSOSTOMI
2321 330 2648 386 AllClllEP.
2687 331 3239 387 CONSTANTINOP.

3744 340 3842 397 ειιο

2284 466 2440 516 ποις.
2481 451 2811 522 Ἀνήνεγκάν
2857 469 2986 506 ποτε
3021 454 3116 506 καὶ
3169 453 3407 508 Ἰουδαῖοι
3447 455 3705 510 ἐπινίκιον
3742 478 3842 529 φω-

2285 542 2402 609 νὴν,
2437 543 2525 595 ὅτε
2553 543 2664 597 τῶν
2699 544 3012 613 Αἰγυπτίων
3044 544 3107 598 τὸ
3148 545 3513 616 στρατόπεδον
3547 535 3845 605 κατεποντί-

2285 633 2428 698 ζετο,
2458 635 2707 704 λέγοντες
2730 652 2745 666 ·
2776 637 3052 705 ’ᾼσωμεν
3080 633 3163 701 τῷ
3199 637 3424 704 Κυρίῳ·
3458 637 3714 706 ἐνδόξως
3743 644 3844 711 γὰρ

2284 716 2662 790 δεδόξασται.
2695 726 2833 779 Ἀλλ’
2855 730 2888 797 η
2915 727 3163 799 ἡμετέρα
3196 726 3374 798 πολλῷ
3406 727 3626 799 μείζων,
3647 732 3742 784 οὐκ
3761 734 3846 785 Al-

2284 818 2550 886 γυπτίων,
2565 817 2702 872 ἀλλά
2717 819 2827 871 τῶν
2840 818 3111 887 δαιμόνων
3129 819 3676 876 καταποντισθέντωνο
3693 825 3748 877 οὐ
3760 825 3844 878 τοῦ

2284 901 2487 974 Φαραὼ
2519 902 2655 957 ἀλλά
2684 902 2779 957 τοῦ
2805 902 3054 957 διαϐόλου
3079 902 3392 972 νικηθέντος
3411 920 3426 935 ο
3452 906 3514 958 οὐ
3550 905 3658 959 τῶν
3682 906 3847 962 ὃπλων

2286 992 2599 1064 ληφθέντων
2618 995 2725 1047 τῶν
2746 995 3040 1066 αἰσθητῶν,
3074 995 3211 1050 ἀλλά
3227 997 3326 1069 τῆς
3347 996 3543 1061 κακίας
3564 999 3850 1068 ἀναιρεθεί-

2290 1102 2409 1156 σης·
2429 1086 2531 1139 οὐκ
2556 1086 2615 1140 ἐν
2652 1086 2889 1159 Ἐρυθρᾷ
2907 1088 3171 1163 θαλάσσῃ.
3205 1089 3320 1144 ἀλλ’
3344 1091 3402 1146 ἐν
3430 1089 3510 1161 τῷ
3534 1089 3736 1162 λουτρῷ
3759 1091 3849 1162 τῆς

2288 1180 2705 1249 παλιγγενεσίας
2722 1198 2737 1211 ο
2762 1182 2864 1236 οὐκ
2883 1183 2962 1246 εἰς
2981 1182 3079 1254 τὴν
3105 1183 3211 1252 γῆν
3227 1183 3327 1254 τῆς
3348 1183 3680 1253 ἐπαγγελίας
3703 1182 3850 1248 ἐξιόνο

2287 1290 2418 1336 των,
2441 1273 2555 1326 ἀλλ’
2583 1276 2663 1337 εἰς
2680 1273 2773 1327 τὸν
2809 1275 3033 1348 οὐρανὸν
3063 1275 3540 1348 μεθορμιζομένων
3558 1294 3571 1306 ·
3602 1277 3664 1329 οὐ
3689 1276 3849 1344 μάννα

2289 1365 2580 1419 ἐσθιόντων
2601 1408 2617 1432 ,
2645 1365 2781 1420 ἀλλά
2822 1366 2983 1439 σῶμα
3021 1368 3358 1439 σιτουμένων
3388 1368 3729 1423 δεσποτικόνο
3760 1368 3849 1439 οὐχ

2293 1457 2437 1529 ὕδωρ
2453 1459 2713 1512 πινόντων
2731 1458 2839 1513 ἀπὸ
2859 1460 3084 1531 πέτρας,
3097 1460 3212 1514 ἀλλ’
3224 1455 3362 1532 αἷμα
3378 1462 3485 1514 ἀπὸ
3500 1462 3627 1514 πλευ
3636 1462 3746 1533 ρᾶς.
3760 1460 3848 1514 Διά

2290 1540 2448 1592 τοῦτό
2479 1557 2612 1611 φησι
2632 1556 2645 1569 '
2676 1540 3019 1609 Κροτήσατε
3056 1543 3279 1613 χεῷας,
3307 1546 3390 1599 ὃτι
3433 1544 3595 1598 λίθων
3622 1544 3851 1599 ἀπαλλαο

2292 1633 2480 1703 γέντες
2524 1634 2617 1687 καὶ
2667 1633 2859 1701 ξύλων,
2905 1634 3213 1708 ὐπερέϐητε
3259 1637 3389 1701 τούς
3438 1637 3718 1708 οὐρανοὺς,
3764 1636 3849 1689 καὶ⁵

2292 1720 2421 1783 τοὺς
2450 1719 2713 1788 οὐρανοὺς
2740 1719 2850 1772 τῶν
2876 1720 3145 1792 οὐρανῶν,
3182 1723 3276 1775 καὶ
3307 1721 3446 1791 πρὸς
3477 1720 3639 1774 αὐτὸν
3674 1720 3848 1789 ἔστητε

2293 1802 2384 1855 τὸν
2431 1802 2618 1874 θρόνον
2666 1802 2759 1855 τὸν
2804 1802 3102 1873 βασιλικόν.
3165 1805 3529 1869 Ἀλαλάξατε
3571 1804 3743 1858 τοίνυν
3778 1802 3851 1867 τῷ
3931 1794 3939 1805 ’

2296 1883 2419 1950 Θεῷ
2447 1924 2462 1943 .
2520 1880 3068 1957 τουτέστιν,Ἐκείνῳ
3111 1887 3211 1956 τὴν
3261 1889 3613 1958 εὐχαριστίαν
3650 1887 3869 1954 ἀνενέγο·

2296 1965 2486 2033 κατεδ,
2512 1967 2706 2038 ἐκείνῳ
2729 1968 2828 2040 τὴν
2844 1969 3022 2040 νίκην,
3040 1970 3233 2041 ἐκείνῳ
3256 1970 3606 2042 τὸτρόπαιον.
3633 1971 3741 2024 Οὐκ
3763 1971 3850 2024 ἀν-

2296 2048 2566 2121 θρώπινος
2595 2051 2624 2102 6
2648 2050 2884 2121 πόλεμος
2910 2053 3032 2107 οὐδέ
3052 2051 3284 2123 αἰσθητὴ
3311 2054 3345 2123 ἡ
3385 2053 3556 2125 μάχη.
3580 2052 3695 2107 οὐδὲ
3724 2052 3851 2122 ὑπέρ

2292 2148 2440 2196 τινος
2470 2133 2581 2187 τῶν
2616 2133 2885 2205 βιωτικῶν
2909 2137 2939 2189 6
2974 2135 3144 2205 ἀγὼν,
3180 2135 3296 2190 ἀλλ’
3326 2137 3469 2208 ὑπὲρ
3495 2137 3603 2190 τῶν
3625 2135 3850 2206 οὐρανῶν

2296 2215 2496 2280 αὐτῶν,
2546 2218 2642 2270 καὶ
2692 2217 2803 2271 τῶν
2841 2220 2901 2272 ἐν
2939 2218 3210 2290 οὐρανοῖς.
3256 2219 3431 2282 Αὐτὸς
3478 2218 3572 2273 τὸν
3636 2217 3851 2287 πόλεμον

2295 2300 2675 2373 ἐστρατήγησε
2706 2300 2919 2363 τοῦτον.
2945 2303 3040 2357 καὶ
3078 2304 3212 2374 ἡμῖν
3240 2303 3338 2374 τῆς
3361 2303 3520 2375 νίκης
3548 2302 3847 2374 μετέδωκεν.

2298 2384 2420 2437 Ὅτι
2469 2387 2687 2454 Κύριος
2724 2386 3006 2454 ὕψιστος,
3055 2387 3326 2455 φοϐερὸς,
3357 2386 3659 2452 ,ϐασιλεὺς
3682 2384 3851 2456 μέγας

2295 2467 2395 2521 ἐπὶ
2428 2465 2636 2522 πᾶσαν
2663 2467 2779 2538 τὴν
2803 2467 2939 2539 γῆν.
2969 2468 3081 2523 Ποῦ
3118 2468 3214 2523 νῦν
3254 2471 3392 2523 εἰσιν
3417 2471 3469 2523 οί
3506 2469 3600 2523 τοῦ
3630 2470 3851 2536 Μονογε-

2296 2551 2422 2615 νοῦς
2445 2552 2545 2622 τὴν
2574 2552 2729 2617 δόξαν
2753 2552 3181 2625 καθαιροῦντεςς
3223 2554 3357 2607 Ἰδού
3401 2551 3653 2624 βασιλεὺς
3693 2550 3852 2621 μέγας

2296 2634 2326 2686 6
2356 2634 2481 2697 Υἱὸς
2529 2634 2766 2703 λέγεται,
2814 2635 2843 2688 6
2889 2635 3016 2708 περὶ
3072 2634 3167 2689 τοῦ
3224 2635 3443 2707 Πατρός
3481 2635 3718 2707 εἴρηται·
3766 2632 3850 2699 Μὴ

2298 2716 2530 2786 ὀμόσῃς
2553 2718 2683 2790 γάρ,
2735 2719 2889 2790 φησὶ,
2918 2720 3071 2790 μήτε
3102 2720 3173 2773 ἐν
3205 2718 3286 2786 τῷ
3326 2718 3582 2787 οὐρανῷ,
3627 2718 3712 2772 ὅτι
3738 2715 3853 2784 θρό-

2296 2816 2405 2867 νος
2441 2800 2627 2855 αὑτοῦ
2672 2802 2833 2855 ἐστι’
2877 2803 3031 2872 μήτε
3078 2805 3167 2867 εις
3213 2802 3287 2856 τὰ
3338 2803 3729 2871 Ἰεροσόλυμα,
3775 2798 3853 2851 ὅτι

2298 2884 2475 2951 πόλις
2496 2884 2628 2939 ἐστὶ
2658 2884 2770 2939 τοῦ
2794 2886 3121 2953 βασιλέως.
3141 2884 3412 2958 μθΟῙΚαὶ
3442 2886 3670 2957 ἀλλαχοῦ
3690 2884 3851 2939 πάλιν·

2299 2968 2447 3035 Θεὸς
2479 2970 2753 3039 ἰσχυρὸς,
2783 2971 3227 3037 ἐξουσιασίτήςο
3264 2971 3405 3042 ὅπερ
3446 2973 3561 3025 ἐστὶ⁵
3603 2967 3851 3041 βασιλεύς.

2301 3054 2470 3107 Ὅταν
2497 3055 2677 3109 τοίνυν
2721 3055 2960 3127 ἀκούσῃς
2997 3056 3081 3109 ὅτι
3115 3055 3549 3126 ἀνεσκολοπίσθη
3581 3071 3671 3108 σου
3706 3054 3733 3105 6
3770 3052 3856 3103 Δε-

2300 3139 2523 3211 σπότης,
2564 3140 2649 3194 ὅτι
2695 3140 3012 3211 ἐκρεμάσθη
3047 3140 3107 3193 ἐν
3143 3138 3224 3210 τῷ
3275 3139 3520 3212 σταυρῷ,
3554 3141 3634 3192 ὅτι
3677 3136 3851 3203 ἐτάφη.

2297 3222 2381 3275 ὅτι
2416 3222 2683 3294 κατῆλθεν
2729 3225 2810 3287 είς
2856 3223 2925 3277 τά
2968 3221 3256 3295 κατώτερα
3295 3224 3442 3295 μέρη
3484 3224 3583 3293 τῆς
3628 3219 3746 3291 γῆς,
3790 3216 3853 3287 μὴ

2300 3305 2642 3379 καταπέσῃς,
2661 3306 2798 3378 μηδέ
2819 3306 3169 3377 ἀδημονήσῃς
3189 3322 3202 3335 ·
3240 3305 3468 3375 ὕψιστος
3501 3307 3606 3378 γάρ
3630 3306 3759 3364 ἐστι,
3773 3301 3853 3354 καὶ

2302 3388 2525 3460 ὕψιστος
2554 3388 2737 3459 φύσει.
2769 3389 2844 3442 Τὸ
2888 3389 2945 3442 δὲ
2971 3390 3173 3460 ὑψηλὸν
3205 3389 3364 3459 φύσει
3390 3391 3494 3444 οὐκ
3527 3391 3590 3445 ἀν
3620 3404 3742 3441 ποτε
3771 3400 3854 3455 με·

2302 3472 2535 3543 τασταίη
2558 3471 2651 3525 τοῦ
2697 3471 2885 3543 ὕψους,
2920 3472 3029 3526 οὐδ’
3065 3471 3131 3525 ἂν
3160 3473 3371 3542 γένοιτο
3407 3471 3690 3528 ταπεινόν
3737 3463 3854 3521 ἀλλὰ

2302 3553 2397 3608 καὶ
2426 3555 2483 3607 ἐν
2522 3558 2589 3627 τῇ
2622 3554 2949 3609 ταπεινώσει
2979 3554 3143 3609 αὐτοῦ
3186 3556 3339 3627 μένει
3369 3557 3434 3611 16
3474 3556 3604 3625 ὕψος
3626 3553 3716 3607 καὶ
3751 3551 3853 3604 δια-

2301 3637 2597 3693 δείκνυται.
2637 3638 2792 3693 Ἐπεὶ
2835 3639 2929 3693 καὶ
2978 3638 3292 3703 ἀποθανὼν,
3343 3640 3468 3695 τότε
3514 3638 3741 3711 μάλιστα
3770 3632 3854 3702 τὴν

2304 3720 2445 3774 κατά
2465 3721 2559 3774 τοῦ
2598 3720 2830 3774 θανάτου
2860 3719 3013 3791 ἰσχὺν
3037 3720 3226 3785 ἔδειξε.
3261 3721 3330 3776 Τὸ
3383 3720 3505 3791 φῶ(
3538 3721 3605 3774 ἐν
3630 3716 3703 3786 τῇ
3733 3731 3855 3769 σκο·

2305 3804 2404 3873 τίᾳ
2434 3804 2654 3873 φαίνει,
2685 3804 2839 3875 φησὶ,
2879 3802 2981 3857 καί
3016 3805 3055 3872 ἡ
3088 3805 3306 3857 σκοτία
3336 3805 3487 3859 αὐτὸ
3526 3805 3597 3858 οὐ
3629 3800 3855 3855 κατέλα-

2304 3890 2443 3941 ϐεν’
2481 3887 2626 3941 οὕτω
2663 3887 2728 3957 δὴ
2761 3887 2855 3940 καὶ
2882 3886 2945 3940 16
2988 3885 3121 3956 ὕψος
3150 3885 3316 3941 αὐτοῦ
3349 3889 3409 3941 ἐν
3439 3890 3506 3960 τῇ
3539 3883 3854 3950 ταπεινότητι

2305 3971 2651 4044 ἐφάνη.”ορα
2678 3969 2810 4039 γοῦν
2836 3970 2999 4025 αὐτὸν
3015 3972 3073 4024 ἐν
3092 3970 3172 4042 τῷ
3199 3971 3302 4043 ᾅδῃ
3315 3971 3469 4037 ὄντα,
3497 3972 3589 4027 καὶ
3611 3969 3677 4023 τά
3698 3964 3855 4036 ὑψηλᾶ

2305 4054 2523 4109 ἅπαντα
2553 4054 2786 4107 σείοντα.
2828 4054 2895 4107 '0
2926 4053 3034 4126 γὰρ
3064 4052 3215 4125 ῆλιος
3242 4056 3366 4109 τότε
3396 4055 3497 4119 τάς
3524 4055 3737 4113 ἀκτῖνας
3760 4048 3851 4101 ἀπ·

2306 4136 2558 4208 έστρεψε,
2592 4136 2788 4208 πέτραι
2832 4136 3127 4207 ἐσχίζοντο,
3153 4136 3217 4190 16
3249 4137 3646 4206 καταπέτασμα
3677 4130 3856 4205 ιρρήγ-

2308 4237 2455 4283 νυτο,
2478 4219 2748 4273 ἐκλονεῖτο
2780 4220 2812 4290 ἡ
2843 4220 2937 4291 γῆ,
2967 4219 3167 4284 Ἰούδας
3197 4220 3503 4291 ἀπήγχετο,
3532 4216 3750 4278 Πιλᾶτος
3775 4209 3855 4265 καὶ

2307 4305 2341 4373 ἠ
2372 4302 2561 4357 τούτου
2584 4303 2723 4374 γυνὴ
2761 4302 3136 4373 ἐδειματοῦτο,
3167 4303 3332 4367 αὐτὸς
3364 4304 3393 4355 6
3422 4302 3653 4367 δικάζων
3678 4293 3854 4353 ἀπελο·

2307 4389 2475 4456 γεῖτο.
2498 4388 2665 4439 Ὅταν
2706 4385 2885 4439 τοίνυν
2927 4384 3188 4458 ἀκούσῃς,
3219 4386 3301 4439 ὅτι
3339 4385 3494 4457 ἐδέθη
3531 4385 3622 4439 καλ⁵
3650 4384 3855 4467 Ᾱέμαστις

2306 4471 2479 4541 γὼθη.
2509 4470 2584 4541 μὴ
2618 4470 2922 4541 συγχυθῇς’
2947 4469 3065 4523 ἀλλ’
3092 4470 3197 4541 ὅρα
3220 4469 3380 4523 αὐτὸν
3408 4472 3503 4525 καὶ
3521 4472 3577 4523 ἐν
3595 4465 3669 4537 τῷ
3694 4465 3856 4531 δεσμῷ

2306 4556 2407 4627 τὴν
2455 4556 2608 4625 ἰσχὺν
2654 4552 3116 4623 ἐπιδεικνύμενον.
3157 4548 3312 4617 Eine,
3346 4553 3489 4609 Τίνα
3521 4541 3855 4627 {anitum}

2311 4624 2519 4702 πάντας
2552 4636 2775 4723 ἔρριψεν
2807 4636 3050 4723 ὑπτίουςζ
3102 4633 3254 4700 Εἶδες
3450 4633 3695 4723 φοὸερδς,
3724 4624 3854 4723 φωξῇ

2312 4724 2446 4794 μόνῃ
2478 4723 2572 4776 καὶ
2604 4720 2833 4791 νεύματι
2880 4720 3118 4775 τοσαῦτα
3158 4720 3557 4791 ἐργαζόμενοςς
3589 4718 3748 4770 Ὅταν
3776 4718 3854 4794 ουν

2310 4793 2614 4878 ίδῃςναύτὸν
2639 4805 2850 4875 νεκρὸν,
2875 4804 3126 4875 ἐννόησον
3144 4804 3235 4857 τὸν
3257 4804 3404 4857 λίθον
3432 4803 3728 4873 αἰρόμενον,
3746 4793 3856 4853 τούς

2308 4891 2575 4960 ἀγγέλους
2605 4890 2733 4952 τοὺς
2764 4888 2900 4959 μετά
2938 4889 3105 4957 φόϐου
3145 4889 3560 4959 παραμένοντας
3597 4883 3672 4954 τῷ
3700 4880 3854 4945 τάφῳ,

2306 4976 2398 5029 τὸν
2428 4975 2560 5047 ᾅδην
2579 4974 2863 5045 λυόμενον,
2897 4975 2989 5027 τὸν
3013 4973 3245 5028 θάνατον
3274 4975 3594 5045 τηκόμενον,
3631 4967 3748 5029 τοὺς
3779 4962 3853 5047 δε·

2308 5044 2532 5129 σμώτας
2557 5056 2863 5110 ἀπολύοντα
2880 5074 2894 5089 ·
2930 5059 3025 5110 καὶ
3056 5057 3180 5110 τότε
3205 5057 3326 5127 δψει
3352 5054 3518 5111 αὐτοῦ
3538 5054 3599 5107 16

2308 5128 2371 5194 Eri
2404 5139 2462 5192 δὲ
2494 5139 2552 5192 ἐν
2584 5138 2660 5208 τῷ
2684 5138 2861 5211 καιρῷ
2888 5140 2985 5210 τῆς
3025 5140 3248 5211 ἀτιμίας
3281 5139 3519 5193 τοσαῦτα
3549 5128 3854 5211 ἐπεδείξατρ.

2309 5225 2367 5277 ἐν
2392 5221 2628 5294 οὐρανῷ,
2674 5225 2734 5276 ἐν
2885 5209 2951 5276 ἐν
2978 5222 3098 5295 ᾅδῃ,
3122 5209 3266 5277 ᾐτίνα
3308 5222 3410 5276 οὐκ
3443 5217 3764 5287 ἐπιδείξηται
3799 5209 3855 5301 ἓν

2309 5306 2387 5377 τῷ
2412 5305 2588 5377 καιρῷ
2623 5305 2725 5375 τῆς
2765 5304 3065 5376 μελλούσης
3119 5306 3450 5378 παρουσίας;
3480 5303 3735 5355 ’Ἄκουσον
3761 5304 3855 5345 των

2309 5388 2583 5459 δαιμόνων
2611 5390 2669 5441 ἐν
2703 5388 2783 5459 τῷ
2813 5388 2990 5461 καιρῷ
3022 5389 3120 5460 τῆς
3147 5385 3525 5449 ταπεινώσεως
3550 5383 3601 5438 τί
3628 5380 3852 5445 λέγουσιν

2310 5472 2418 5525 τῶν
2444 5470 2799 5541 ἀφριζόντων,
2837 5460 2948 5524 τῶν
2981 5471 3155 5542 δεσμά
3184 5471 3527 5532 διαλυόντων,
3556 5465 3659 5520 τῶν
3678 5460 3855 5550 ἄσατον

2311 5555 2608 5608 ποιούντων
2628 5554 2727 5627 τὴν
2746 5556 2866 5610 ὀδόν
2884 5572 2898 5589 ·
2933 5556 2996 5611 Τί
3020 5555 3167 5625 ἡμῖν
3190 5556 3291 5611 καὶ
3310 5556 3431 5620 σοὶ,
3462 5553 3557 5608 Υίὲ
3569 5548 3671 5604 τοῦ
3691 5548 3851 5603 Θεοῡὶ

2375 5763 2403 5803 ιι
2424 5764 2506 5815 Sic
2527 5779 2642 5815 mss.
2715 5770 2770 5820 cl
2836 5769 3008 5824 Savil.;
3035 5769 3205 5819 Morel.
3233 5780 3352 5816 vero
3374 5766 3602 5821 ἐνέγκατε.
