4064 6418
290 401 392 456 Ξειθ

303 518 409 573 ιιιχὶ
434 559 450 580 ,
503 530 648 570 nunc
696 525 910 583 quoque
948 508 1066 563 dico
1099 524 1111 560 :
1139 504 1239 559 alia
1270 502 1481 572 quidem
1510 498 1579 551 ita
1606 503 1728 550 sunt
1749 506 1890 546 acet-

312 606 523 681 pienda,
564 616 624 660 ut
648 603 797 659 dicta
842 610 992 666 sunt;
1023 598 1123 652 alia
1155 609 1280 649 vero
1309 593 1480 653 aliter,
1511 599 1807 681 quamjprm
1833 595 1893 636 se

313 678 492 756 ferunt
517 717 531 751 :
565 694 1012 768 quemadmodum
1038 708 1095 745 se
1122 688 1280 742 habet
1306 687 1357 738 in
1382 684 1474 737 illo
1501 699 1515 737 :
1548 678 1684 748 Lupi
1712 685 1755 731 et
1779 690 1893 768 oues

312 789 469 848 simul
498 766 769 858 pascentur
793 785 942 857 (Isai.
976 785 1059 838 11.
1092 781 1172 850 6).
1214 777 1329 833 Νοη
1374 772 1715 841 intelligimus
1752 766 1892 822 enim

317 884 470 952 lupos
496 890 550 935 et
571 894 721 942 oves,
756 891 851 931 nec
877 874 1075 944 paleas,
1106 871 1187 924 vel
1214 870 1403 923 bovem
1430 863 1515 919 vel
1543 872 1774 924 taurum,
1801 858 1895 958 sed

317 986 498 1028 mores
537 970 807 1025 hominum
852 982 944 1036 per
979 959 1378 1019 similitudinem
1409 957 1684 1012 brutorum
1712 957 1895 1019 expri-

317 1066 535 1120 mimus.
584 1062 699 1116 Alia
725 1074 852 1113 vero
895 1064 1020 1112 sunt
1067 1048 1371 1123 accipienda
1416 1045 1716 1115 dupliciter,
1744 1049 1804 1095 ut
1845 1047 1899 1092 et

321 1154 593 1210 sensibilia
621 1151 990 1219 intelligamus,
1010 1156 1062 1200 et
1086 1161 1206 1216 qua:
1229 1144 1281 1197 in
1308 1134 1656 1207 intelligentia
1681 1145 1899 1187 versnu-

324 1257 408 1300 tur
424 1243 773 1313 suscipiamus
791 1259 804 1293 :
825 1234 1270 1309 quemadmodum
1293 1232 1344 1285 in
1367 1241 1600 1299 anagoge
1613 1234 1665 1281 et
1684 1219 1898 1277 sublimi

322 1333 770 1405 contemplatione
813 1331 905 1385 ﬁlii
946 1327 1234 1383 Abraham.
1282 1323 1472 1378 Filium
1499 1318 1641 1373 enim
1666 1315 1896 1405 oblatum

324 1428 489 1480 fuisse
515 1402 712 1480 scimus
734 1419 883 1493 (Gen.
910 1418 1024 1488 22),
1067 1430 1249 1470 verum
1291 1409 1487 1481 aliquid
1528 1408 1686 1463 etiam
1732 1402 1896 1469 aliud,

324 1518 469 1587 quod
519 1518 649 1572 latet
693 1515 744 1569 in
787 1509 1149 1581 intelligentia,
1198 1522 1293 1576 per
1339 1504 1503 1558 ﬁlium
1543 1498 1897 1568 excerpimus,

327 1623 521 1677 nempe
547 1620 777 1661 erucem.
818 1602 885 1657 Et
911 1616 1093 1657 rursus
1114 1598 1165 1652 in
1196 1594 1399 1668 pecude
1426 1595 1477 1647 in
1503 1591 1756 1662 Egypto,
1785 1604 1904 1658 pas-

325 1701 496 1753 sionis
524 1695 919 1752 similitudinem
940 1690 1182 1747 similiter
1204 1687 1550 1759 exprimimus
1576 1682 1766 1752 (Exod.
1788 1678 1899 1750 Η).

330 1792 443 1846 lloc
480 1790 651 1858 ipsum
679 1787 765 1841 hic
793 1799 1005 1856 quoque
1043 1780 1341 1836 faciendum
1386 1786 1489 1833 est.
1534 1774 1719 1843 Neque
1758 1771 1900 1826 enim

329 1883 563 1953 loquitur
611 1880 781 1935 solum
829 1877 897 1932 de
938 1874 1201 1932 Arabibus
1252 1881 1308 1926 et
1353 1869 1565 1933 vicinis,
1617 1866 1709 1921 sed
1753 1872 1903 1918 vocat

328 1990 522 2029 onmes
566 1983 769 2043 gentes.
813 1969 1063 2037 Quoniam
1100 1965 1345 2020 Dominus
1380 1961 1619 2021 excelsus.
1649 1957 1901 2022 terribilis,

328 2083 423 2120 rea:
450 2082 658 2134 magnus
690 2078 839 2130 super
874 2077 1066 2114 onmem
1098 2067 1304 2112 terram.
1339 2055 1527 2110 Statim
1556 2067 1682 2121 ergo
1704 2066 1733 2104 a
1758 2049 1904 2119 prin-

329 2155 472 2224 cipio
500 2154 791 2208 auditorem
818 2151 1030 2215 excitat,
1062 2150 1127 2204 ad
1168 2158 1245 2202 tot
1281 2145 1591 2200 annuntiata
1633 2142 1768 2197 bona
1807 2156 1904 2193 vo-

328 2263 478 2309 cans,
513 2258 567 2300 et
594 2247 659 2299 ad
688 2245 945 2315 publicam
986 2243 1145 2297 totius
1181 2240 1325 2295 orbis
1369 2249 1525 2291 terra:
1562 2235 1903 2298 concionem,

330 2339 682 2407 divinumque
712 2351 774 2389 ac
801 2334 1070 2406 spirituale
1098 2332 1362 2404 quoddam
1395 2329 1584 2383 festum
1610 2367 1625 2392 ,
1656 2336 1813 2395 atque
1841 2323 1906 2377 ad

330 2432 606 2502 delapsam
644 2446 707 2485 ex
746 2428 891 2484 caelis
926 2427 1296 2500 mysteriorum
1327 2421 1645 2479 doctrinam.
1680 2420 1749 2474 Et
1787 2418 1909 2472 ideo

331 2523 466 2578 dicit
496 2540 511 2578 :
544 2520 777 2577 Plaudite
794 2519 1063 2584 mnibus;
1092 2518 1194 2572 hoc
1235 2525 1315 2572 est
1337 2557 1352 2581 ,
1380 2508 1649 2576 Gaudete,
1676 2510 1906 2567 exsilite.

330 2615 465 2669 Nam
516 2613 616 2667 hoc
653 2627 861 2681 quoque
896 2626 1074 2665 sermo
1105 2608 1253 2678 jubet
1290 2606 1655 2676 evangelicus,
1690 2602 1907 2668 dicens,

335 2703 604 2757 Exsultate
630 2701 781 2772 (Luc.
812 2702 865 2757 6.
903 2700 995 2770 25)
1029 2718 1042 2754 :
1073 2716 1179 2753 non
1212 2699 1390 2767 utique
1414 2696 1605 2766 jubens
1631 2695 1828 2749 saltare
1855 2702 1909 2746 et

333 2794 551 2848 exsilire
581 2793 719 2863 (hoc
743 2802 825 2848 est
860 2794 1002 2848 enim
1043 2790 1369 2860 illiberale),
1397 2788 1491 2843 sed
1517 2787 1908 2842 vehementiam

336 2884 535 2937 lzetitia:
572 2882 893 2952 significans.
934 2882 1085 2948 Quod
1112 2881 1253 2937 enim
1284 2881 1455 2951 agitur
1478 2919 1492 2944 ,
1523 2893 1763 2949 magnam
1796 2892 1909 2931 me-

337 2984 486 3028 retur
537 2972 793 3026 lmtitiam.
843 2973 1107 3040 Quantum
1152 2971 1294 3024 enim
1340 2979 1495 3024 terrm
1541 2969 1620 3022 sol
1666 2968 1909 3038 respicit,

337 3078 519 3118 sermo
542 3063 773 3134 pervasit
796 3063 1149 3133 evangelicus,
1179 3071 1234 3117 et
1262 3070 1502 3117 servatus
1527 3069 1608 3115 est
1634 3061 1914 3114 universus

340 3153 489 3207 orbis
516 3164 669 3208 terra:
720 3162 811 3209 :et
859 3154 946 3223 qui
992 3153 1058 3208 ab
1100 3168 1285 3207 errore
1327 3163 1482 3206 antea
1522 3151 1911 3215 detinebantur,

348 3244 567 3298 Judaico
617 3245 760 3299 cultu
804 3244 1060 3313 majorem
1103 3243 1453 3298 ostenderunt
1499 3240 1911 3313 philosophiam.

354 3335 536 3388 Omnes
550 3344 737 3405 gentes,
765 3334 990 3405 plaudite
1007 3334 1252 3388 manibus.
1279 3333 1404 3401 Illis,
1423 3332 1612 3403 inquit,
1630 3340 1782 3388 antea
1800 3347 1917 3387 sce—

347 3428 546 3490 leratis,
576 3428 679 3481 illis
706 3428 877 3496 impiis
906 3437 960 3483 et
986 3427 1350 3493 exsecrandis,
1379 3442 1497 3496 qua:
1521 3442 1616 3496 per
1642 3426 1913 3480 immunda

344 3520 603 3573 sacrificia
630 3521 865 3590 quotidie
894 3518 1502 3591 polluebantur,-quibus
1534 3520 1669 3575 ﬁlios
1696 3519 1911 3575 occide-

347 3614 504 3677 hatis,
525 3623 578 3667 et
605 3614 772 3682 turpia
797 3613 1101 3684 patrabatis,
1130 3621 1185 3668 et
1203 3611 1458 3668 adversus
1485 3613 1652 3682 ipsam
1675 3621 1917 3667 naturam

343 3703 782 3769 contendebatis,
823 3704 901 3758 eis
946 3718 1085 3758 nunc
1128 3703 1359 3769 plaudite
1404 3704 1671 3758 manibus.
1698 3702 1923 3757 Jubilate

345 3792 457 3848 Deo
482 3794 534 3847 in
554 3810 670 3849 voce
693 3794 1056 3849 exsultationis.
1087 3795 1286 3865 Lingua
1309 3795 1395 3849 illa
1419 3836 1434 3860 ,
1462 3809 1563 3865 qua
1596 3794 1920 3850 exsecranda

346 3887 618 3955 gustastis,
644 3902 747 3958 qua
771 3889 931 3943 verba
962 3888 1120 3957 impia
1160 3896 1216 3943 et
1253 3886 1559 3957 blaSphema
1596 3886 1918 3956 protulistis,

348 3993 412 4032 ea
440 3978 662 4047 jubilate
682 3979 943 4034 canticum
972 3979 1225 4034 victoriae.
1251 3978 1433 4034 Solent
1461 3978 1602 4033 enim
1630 3978 1916 4041 exercitus,

351 4069 565 4141 quando
595 4071 876 4126 inclinatur
895 4072 1038 4126 acies
1066 4071 1318 4135 hostium,
1349 4085 1454 4125 non
1483 4071 1556 4124 uti
1581 4070 1796 4124 stataria
1827 4086 1921 4138 pu-

348 4179 452 4232 gna
472 4204 488 4227 ,
518 4163 611 4218 sed
639 4163 887 4219 concordi
917 4179 1043 4218 voce
1069 4173 1122 4218 et
1145 4163 1377 4218 clamore
1400 4163 1595 4218 fractos
1610 4161 1720 4231 jam
1749 4171 1801 4215 et
1830 4161 1924 4214 ab-

345 4255 519 4323 jt-ctos
562 4270 746 4310 eorum
788 4255 993 4309 animos
1029 4269 1412 4324 conquassare;
1455 4254 1596 4325 quod
1644 4263 1726 4308 est
1766 4254 1924 4308 clarzn

352 4348 589 4400 victoriae
627 4356 682 4402 et
724 4348 905 4416 trop'ci
949 4347 1235 4404 maximum
1274 4358 1665 4417 argumentum,
1713 4346 1926 4416 quando

349 4437 551 4491 bellum
581 4452 684 4491 non
716 4437 993 4505 manibus,
1027 4436 1123 4494 sed
1146 4439 1381 4493 clamore
1407 4437 1712 4493 decernitur
1731 4476 1748 4503 ,
1773 4435 1924 4506 isque

351 4527 475 4582 loco
501 4544 746 4583 manuum
774 4538 828 4584 et
850 4544 1119 4595 armorum
1144 4531 1357 4585 sufﬁcit.

423 4617 480 4671 2.
519 4617 647 4672 Vicit
687 4618 959 4675 Diabolum
998 4618 1267 4688 Christus;
1298 4631 1656 4692 comparantur
1690 4622 1928 4688 beneﬁcia

351 4709 541 4763 collata
557 4710 611 4763 in
626 4708 836 4765 ludam
861 4711 981 4764 olim
1000 4728 1115 4766 cum
1142 4712 1393 4781 beneﬁciis
1426 4712 1481 4765 in
1514 4711 1827 4766 Christianos
1846 4713 1927 4783 ef-

352 4802 519 4869 fusis;
545 4801 922 4872 redarguuntur
936 4800 1195 4856 Anomaei.
1215 4831 1285 4844 —
1310 4804 1421 4859 lloc
1443 4818 1570 4874 ergo
1596 4806 1690 4858 ftnt
1720 4804 1932 4858 univer-

353 4902 473 4944 sum
490 4889 682 4946 Christi
707 4907 841 4961 opus
870 4910 885 4948 :
912 4891 1125 4948 difﬁcile
1147 4893 1288 4949 enim
1313 4894 1415 4949 hoc
1440 4894 1634 4950 bellum
1661 4895 1773 4964 ipse
1792 4910 1924 4950 con-

354 4979 500 5043 iecit,
530 4981 650 5034 forti
682 4982 915 5052 alligato,
946 4983 1278 5051 supellectile
1296 4984 1411 5052 ejus
1440 4985 1686 5055 vasisque
1711 4986 1922 5040 ablatis.

354 5068 486 5125 Cum
528 5072 597 5126 sit
632 5084 806 5129 autem
846 5073 1102 5144 benignus
1138 5083 1194 5129 et
1233 5074 1501 5143 clemens,
1534 5092 1629 5131 eos
1667 5078 1756 5148 qui
1797 5079 1929 5132 nihil

356 5163 755 5228 laboraverant,
786 5166 1003 5221 victoria
1046 5165 1146 5221 frui
1186 5165 1339 5237 jubet
1381 5176 1436 5222 et
1479 5168 1729 5236 tropmis.
1763 5176 1821 5222 et
1861 5168 1927 5222 ad

353 5254 639 5323 epinicium
690 5254 1018 5311 oﬁ‘erendum
1062 5272 1154 5312 eos
1200 5266 1481 5328 praeparat,
1523 5244 1741 5328 perinde
1778 5275 1840 5313 ac
1882 5259 1928 5314 si

352 5347 454 5416 ipsi
482 5361 542 5403 se
564 5356 708 5404 recte
735 5350 1045 5419 gessissent,
1068 5359 1122 5405 et
1147 5350 1417 5406 vicissent.
1449 5351 1707 5420 Quocirca
1736 5367 1925 5407 omnes

350 5453 563 5507 quiaque
588 5439 901 5507 clamamus,
932 5456 1037 5496 non
1069 5456 1196 5496 voce
1219 5442 1393 5513 aliqua
1415 5444 1637 5498 obscura
1653 5484 1669 5506 ,
1700 5443 1795 5498 sed
1817 5444 1928 5498 cla-

348 5527 561 5581 rissima
588 5545 604 5584 :
639 5528 735 5583 Ubi
753 5538 846 5595 est,
867 5547 1022 5598 mors,
1042 5532 1274 5587 stimulus
1294 5534 1447 5588 tuus?
1480 5533 1562 5587 ubi
1589 5544 1680 5597 est,
1710 5536 1925 5603 inferne,

348 5630 437 5671 tua
456 5620 662 5675 uictoria
690 5622 764 5693 (l.
795 5621 912 5677 Cor.
942 5624 1026 5678 l5.
1050 5622 1179 5691 55)?
1209 5623 1275 5679 Et
1296 5639 1513 5680 rursus:
1532 5626 1764 5680 Ascendit
1793 5625 1928 5682 Deus

347 5715 401 5765 in
419 5715 585 5784 jubilo
615 5716 685 5787 (υ.
714 5717 795 5786 6).
847 5717 957 5770 lloc
983 5719 1123 5771 enim
1152 5721 1203 5771 in
1232 5719 1333 5773 hoc
1364 5720 1575 5774 Psalmo
1599 5721 1796 5774 dictum
1820 5732 1921 5774 est.

352 5807 419 5862 Ει
443 5823 625 5864 rursus
651 5807 781 5863 alibi
813 5826 825 5861 :
854 5808 1133 5864 Ascendisli
1165 5812 1214 5864 in
1249 5813 1408 5865 altum
1429 5852 1442 5874 ,
1475 5809 1926 5880 captivamccpisti

1409 378 1765 440 EXI’OSlTlO
1805 374 1870 431 IN
1908 373 2222 430 [‘SAIAIUM
2266 375 2442 432 XLVI.

3481 379 3583 433 illi

1996 487 2351 554 captivitatem,
2375 489 2608 553 accepisti
2629 489 2762 540 dona
2785 489 2836 540 in
2859 488 3140 543 hominibus
3170 486 3341 558 (Psal.
3366 490 3454 542 6'7.
3476 489 3576 554 l9;

1997 576 2136 645 Eph.
2167 579 2222 632 4.
2251 577 2325 649 8).
2374 577 2694 633 Obtnlerunt
2739 580 2897 632 etiam
2945 579 3230 649 aliquando
3267 578 3437 635 Judaei
3480 580 3578 651 hy.

1998 683 2180 722 mnum
2228 683 2322 738 pro
2358 669 2594 732 victoria,
2643 671 2853 738 quando
2902 671 2955 725 in
2996 671 3128 724 tnari
3172 670 3271 726 fuit
3307 671 3584 727 demersus

1998 759 2369 830 :Egyptiorutn
2407 761 2701 824 exercitus,
2731 761 2969 815 dicentes
2998 761 3287 816 :Canamus
3314 763 3533 817 Domino
3562 779 3582 817 :

1997 850 2212 919 gloriose
2228 852 2360 903 enim
2386 851 2695 920 gloriﬁcatus
2723 861 2795 904 est
2827 850 3014 919 (Exod.
3042 851 3127 907 15.
3155 852 3231 922 1).
3261 851 3365 908 Sed
3396 861 3574 907 nostra

1999 952 2080 997 est
2108 943 2272 998 multo
2297 943 2484 1011 major,
2517 959 2622 996 non
2655 942 2918 1014 Aigyptiis
2946 943 3222 1010 demersis,
3252 944 3346 1000 sed
3374 944 3580 999 dieme-

2003 1033 2157 1088 nibus
2187 1051 2202 1088 :
2232 1049 2335 1088 non
2379 1034 2655 1088 Pharaone
2693 1042 2975 1103 superato,
3023 1034 3117 1089 sed
3161 1034 3371 1089 diabolo
3415 1053 3429 1089 :
3473 1052 3578 1090 non

1998 1125 2166 1179 armis
2193 1125 2365 1194 captis
2385 1125 2756 1191 sensibilibus,
2788 1124 2881 1179 sed
2918 1125 3122 1180 sublata
3163 1126 3393 1195 nequitia
3424 1145 3438 1181 :
3473 1144 3577 1181 non

2002 1215 2054 1268 in
2093 1213 2275 1269 Rubro
2312 1215 2468 1278 mari,
2494 1214 2588 1268 sed
2635 1214 2687 1268 in
2731 1215 2943 1269 lavacro
2985 1215 3442 1284 regenerationis:
3475 1232 3579 1271 non

2000 1305 2393 1375 egredientibus
2431 1304 2482 1359 in
2523 1316 2716 1360 terram
2757 1306 3156 1374 promissionis,
3190 1307 3283 1362 sed
3315 1307 3365 1360 in
3392 1308 3580 1362 cadum

2005 1396 2336 1450 tendentibus
2368 1412 2381 1448 :
2413 1410 2517 1450 non
2562 1412 2755 1450 manna
2796 1396 3203 1451 comedentibus
3247 1396 3456 1469 (Exod.
3494 1400 3579 1451 it}.

2009 1486 2121 1556 14),
2148 1486 2241 1541 sed
2266 1486 2531 1541 dominico
2559 1501 2784 1556 corpore
2810 1488 3147 1541 vescentibus
3169 1487 3344 1557 (Joan.
3367 1488 3423 1544 6.
3451 1488 3580 1557 δι).

2006 1594 2110 1633 non
2134 1595 2324 1649 aquam
2368 1595 2400 1635 e
2435 1588 2583 1649 petra
2627 1579 2956 1645 bibentibus,
2990 1579 3084 1635 sed
3111 1581 3419 1650 sanguinem
3451 1595 3481 1635 e
3512 1581 3578 1633 Ia-

2007 1681 2119 1727 tere
2162 1670 2371 1740 (Exod.
2415 1672 2502 1726 17.
2552 1669 2650 1741 6).
2693 1669 2816 1725 Ideo
2849 1671 3018 1726 dicit:
3048 1669 3288 1724 Plaudite
3328 1671 3581 1739 manibus,

2004 1762 2145 1832 quod
2185 1762 2392 1816 liberati
2435 1776 2466 1815 a
2503 1761 2656 1831 lignis
2674 1770 2748 1816 κει
2791 1761 3070 1830 lapidibus,
3100 1763 3280 1828 cados,
3326 1770 3380 1816 et
3423 1762 3586 1816 caelos

2004 1855 2255 1909 etclorum
2286 1852 2717 1908 trauscenderilis
2739 1893 2755 1920 ,
2789 1862 2845 1908 et
2877 1853 2943 1908 ad
2970 1854 3141 1923 ipsum
3171 1853 3370 1924 regium
3393 1854 3583 1909 solium

2004 1948 2275 2002 Steteritis.
2304 1946 2530 2001 Jubilate
2557 1961 2685 2017 ergo
2709 1945 2815 2000 Deo
2834 1988 2849 2014 ,
2880 1946 2982 2000 hoc
3009 1955 3124 2009 est,
3157 1947 3231 2000 illi
3255 1946 3441 2002 offerte
3463 1962 3583 2016 gra-

2008 2041 2197 2095 tiarum
2238 2038 2501 2093 actionem
2526 2079 2541 2104 ,
2579 2039 2652 2093 illi
2697 2038 2994 2103 victoriam,
3028 2037 3101 2091 illi
3148 2047 3424 2105 tropasum.
3468 2036 3584 2091 Non

2007 2143 2089 2188 est
2127 2133 2321 2186 bellum
2351 2131 2636 2185 humanum
2658 2172 2672 2195 ,
2701 2145 2800 2185 nec
2825 2145 2993 2200 pugna
3025 2130 3290 2184 sensibilis
3319 2147 3333 2183 :
3366 2145 3463 2183 nec
3491 2144 3587 2198 pro

2008 2225 2185 2294 aliquo
2204 2237 2389 2278 eorum
2415 2238 2533 2293 qua:
2571 2222 2638 2275 ad
2677 2221 2814 2275 hanc
2840 2220 3001 2275 vitam
3032 2220 3316 2289 pertinent,
3348 2218 3587 2273 decerta-

2012 2327 2114 2380 tur,
2142 2315 2236 2371 sed
2260 2329 2356 2384 pro
2382 2315 2526 2369 czelis
2549 2314 2706 2385 ipsis,
2734 2322 2788 2368 et
2812 2312 2876 2367 iis
2904 2326 3024 2382 qua:
3052 2321 3177 2366 sunt
3203 2312 3253 2365 in
3275 2311 3438 2365 czulis.
3472 2310 3586 2379 ipso

2008 2411 2119 2464 suis
2142 2408 2389 2478 auspiciis
2408 2423 2610 2478 suoque
2629 2406 2785 2461 ductu
2808 2406 2909 2460 hoc
2932 2406 3128 2460 bellmn
3150 2405 3407 2460 confecit:
3430 2405 3579 2458 nubit

2010 2510 2188 2555 autem
2217 2500 2488 2554 victoriam
2520 2496 2791 2567 impertiit.
2846 2496 3097 2561 Quoniam
3136 2494 3383 2549 Dominus
3426 2496 3587 2548 excel-

2010 2611 2115 2657 sus,
2155 2591 2414 2658 terribilis,
2442 2607 2532 2644 rex
2564 2606 2775 2660 magnus
2807 2606 2957 2654 super
2999 2606 3192 2641 onmem
3235 2599 3438 2641 (errant.
3487 2588 3584 2641 Ubi

2013 2701 2152 2741 nunc
2181 2695 2302 2739 sunt
2326 2684 2414 2754 qui
2442 2682 2727 2736 detrahunt
2750 2680 2933 2750 gloria:
2974 2679 3277 2748 Unigeniti?
3320 2680 3456 2733 Ecce
3497 2694 3588 2732 rex

2013 2793 2235 2849 magnus
2262 2776 2452 2831 dicitur
2474 2775 2659 2836 Filius,
2688 2773 2827 2845 quod
2854 2774 2921 2827 de
2951 2773 3105 2826 Patre
3127 2772 3323 2825 dictum
3355 2778 3438 2824 est
3469 2786 3481 2821 :
3509 2768 3590 2821 Ne

2003 2872 2258 2946 juraveris
2304 2871 2468 2936 enim,
2502 2869 2689 2937 inquit,
2720 2882 2877 2935 neque
2894 2867 2944 2918 in
2978 2863 3120 2929 cado,
3147 2863 3382 2933 quoniam
3405 2872 3476 2915 est
3506 2877 3586 2912 see

2013 2967 2100 3020 des
2148 2967 2256 3035 ejus
2281 2979 2302 3017 :
2328 2978 2483 3031 neque
2524 2961 2577 3014 in
2621 2958 2924 3020 Jerusalem,
2966 2957 3086 3020 quia
3125 2966 3197 3008 est
3243 2955 3416 3008 civitas
3461 2954 3593 3022 regis

2019 3056 2228 3129 (Matth.
2251 3055 2303 3109 5.
2336 3055 2423 3109 54.
2452 3053 2521 3107 55
2545 3052 2584 3122 ).
2627 3050 2693 3104 Et
2723 3063 2904 3102 rursus
2932 3046 3055 3101 alibi
3087 3063 3099 3099 :
3136 3045 3270 3097 Deus
3294 3044 3438 3115 fortis
3459 3083 3472 3106 ,
3502 3060 3594 3111 po-

2015 3161 2123 3205 tens
2149 3147 2299 3220 (Isai.
2328 3147 2381 3203 9.
2410 3144 2495 3215 ﬁ);
2524 3144 2664 3214 quod
2693 3151 2773 3197 est
2805 3157 2917 3194 rex.
2957 3139 3178 3205 Quando
3208 3154 3335 3207 ergo
3363 3137 3593 3189 audit-ris

2015 3243 2322 3299 crucifixum
2353 3254 2471 3295 esse
2504 3237 2813 3299 Dominum,
2848 3234 3007 3287 fuisse
3036 3248 3165 3301 scpu
3189 3241 3296 3284 tum
3316 3273 3329 3295 ,
3364 3230 3427 3283 ad
3456 3229 3593 3282 infe-

2018 3335 2188 3388 riores
2232 3341 2387 3386 terra:
2428 3337 2603 3399 partes
2644 3325 3002 3389 descendisse,
3031 3339 3098 3376 ne
3128 3322 3339 3385 labaris,
3370 3336 3469 3374 nec
3497 3337 3591 3373 au-

2017 3425 2159 3496 garis
2189 3441 2202 3473 :
2225 3433 2307 3478 est
2331 3423 2471 3477 enim
2494 3419 2810 3483 altissimus,
2825 3428 2878 3471 et
2904 3427 3086 3471 natura
3113 3414 3419 3467 altissimus.
3443 3412 3592 3480 Quod

2018 3524 2102 3570 est
2135 3523 2312 3569 autem
2353 3511 2520 3566 altum
2565 3518 2775 3573 natura,
2804 3508 2870 3562 ab
2910 3504 3184 3560 altitudine
3219 3504 3435 3558 tninime
3475 3518 3595 3556 um-

2020 3622 2177 3677 quam
2205 3602 2504 3666 recesserit,
2534 3615 2634 3655 nec
2662 3599 2859 3653 humile
2888 3596 3044 3650 fuerit
3070 3613 3083 3647 :
3108 3593 3199 3650 sed
3227 3595 3385 3649 etiam
3418 3595 3468 3646 in
3498 3593 3596 3647 lut-

2022 3701 2243 3755 militate
2276 3697 2391 3766 ejus
2431 3693 2653 3748 altitudo
2692 3699 2871 3745 manet
2906 3697 2961 3744 et
2996 3686 3311 3743 ostenditur.
3357 3685 3487 3740 Nam
3516 3686 3597 3738 vel

2025 3801 2265 3848 mortuus
2293 3789 2521 3843 maxime
2547 3783 2780 3840 ostendit
2798 3796 2946 3835 suam
2971 3780 3023 3833 in
3042 3784 3263 3832 mortem
3287 3777 3596 3847 potentiam.

2023 3887 2141 3941 Lua:
2162 3886 2215 3939 in
2241 3881 2450 3937 tenebris
2478 3885 2628 3944 lucet,
2662 3876 2867 3945 inquit,
2893 3883 2940 3928 et
2967 3874 3182 3926 tenebra:
3204 3887 3313 3924 eam
3345 3886 3443 3923 non
3466 3886 3602 3923 com—

2024 3976 2389 4050 prehenderunt
2415 3971 2639 4040 (Joan.l
2696 3969 2752 4036 5)
2776 3982 2790 4019 :
2816 3966 2885 4020 ita
2910 3965 3069 4019 etiam
3100 3962 3150 4016 in
3172 3960 3465 4015 humilitate
3486 3959 3603 4028 ejus

2024 4069 2245 4125 altitudo
2284 4063 2545 4135 apparuit.
2589 4061 2719 4115 Vide
2744 4073 2871 4127 ergo
2896 4057 3068 4127 ipsum
3089 4096 3105 4120 ,
3131 4054 3258 4109 dum
3284 4059 3424 4107 esset
3464 4051 3603 4120 apud

2026 4161 2220 4216 inferos
2243 4200 2257 4223 ,
2287 4156 2370 4211 vel
2397 4155 2501 4208 alta
2531 4152 2730 4221 quazvis
2749 4149 3156 4204 concutientent.
3195 4143 3284 4199 Sol
3314 4143 3455 4199 enim
3482 4152 3606 4196 tunc

2025 4250 2297 4307 avertebat
2328 4246 2522 4310 radios,
2551 4251 2713 4312 petra:
2744 4238 3109 4300 ﬁndebantur,
3140 4243 3194 4290 et
3217 4233 3391 4288 velum
3423 4234 3603 4301 templi

2027 4340 2472 4410 abrumpcbatur,
2500 4347 2637 4389 terra
2669 4332 2982 4387 movebatur
3000 4371 3014 4394 ,
3046 4327 3209 4381 Judas
3237 4325 3607 4394 strangulabu-

2031 4445 2135 4497 tur,
2159 4433 2359 4487 Pilatus
2401 4438 2456 4483 et
2492 4427 2607 4496 ejus
2650 4440 2784 4478 uxor
2827 4423 3182 4481 terrebantur,
3223 4418 3336 4486 ipse
3357 4416 3521 4486 judex
3548 4431 3607 4470 se

2028 4524 2362 4583 defendebat.
2391 4517 2613 4588 Quando
2641 4531 2767 4585 ergo
2793 4511 3045 4576 audieris,
3076 4525 3198 4563 eum
3226 4508 3455 4562 vinctum
3487 4521 3609 4561 esse

2029 4628 2084 4674 et
2106 4617 2282 4686 ﬂagris
2299 4626 2518 4675 ctesum,
2546 4622 2613 4663 ne
2636 4601 2973 4661 coufniidaris
2993 4618 3006 4653 :
3028 4598 3122 4655 sed
3145 4596 3265 4652 vide
3286 4612 3406 4651 eum
3425 4605 3608 4649 Osten-

2029 4709 2242 4765 dentem
2273 4702 2559 4775 potentiam
2602 4698 2683 4752 vel
2729 4696 2782 4749 in
2817 4692 3062 4748 vinculis.
3094 4688 3234 4744 Dixit
3259 4690 3423 4754 enim,
3450 4688 3609 4753 Quem

2029 4799 2252 4871 queritis
2280 4794 2474 4864 (Joan.
2504 4791 2592 4846 l8.
2620 4790 2655 4844 4
2676 4788 2733 4858 )?
2768 4795 2823 4841 et
2854 4797 3042 4839 omnes
3066 4781 3210 4834 lnnni
3240 4778 3458 4848 supinos
3490 4794 3613 4847 pro-

2031 4891 2239 4948 stravit.
2261 4888 2419 4942 Vides
2440 4899 2596 4954 quam
2623 4883 2690 4936 sit
2721 4877 2990 4941 terribilis,
3009 4872 3096 4945 qui
3123 4872 3235 4925 sola
3258 4886 3387 4925 voce
3406 4879 3460 4925 et
3480 4878 3610 4923 nutu

2033 4997 2176 5041 tanta
2209 4978 2400 5037 faciat?
2429 4975 2651 5045 Quando
2676 4988 2802 5042 ergo
2829 4969 3023 5023 videris
3047 4982 3169 5022 eum
3194 4974 3459 5018 mortuum
3481 5004 3495 5027 ,
3529 4961 3611 5014 fac

2032 5078 2210 5131 animo
2251 5071 2452 5143 cogites
2486 5069 2750 5123 sublatum
2799 5062 3056 5133 lapidem,
3096 5059 3312 5127 angelos
3357 5055 3447 5126 qui
3487 5069 3608 5108 cum

2033 5180 2176 5223 metu
2205 5165 2271 5221 ad
2298 5162 2598 5234 sepulcrum
2628 5163 2864 5222 manent,
2891 5150 3091 5207 inferos
3117 5149 3202 5218 qui
3231 5146 3609 5214 refringuntur,

2034 5272 2258 5315 mortem
2277 5271 2393 5327 quae
2411 5242 2760 5313 consumitur,
2782 5244 3018 5314 captivos
3038 5242 3350 5295 libet-antem
3378 5257 3391 5293 :
3412 5245 3466 5290 et
3486 5243 3610 5327 tunc

2033 5365 2222 5409 cernes
2247 5326 2404 5419 quam
2432 5346 2501 5401 sit
2522 5340 2788 5399 terribilis.
2820 5336 2875 5392 Si
2897 5343 3073 5390 autem
3100 5331 3151 5385 in
3174 5331 3290 5399 ipso
3310 5326 3613 5419 ignominia:

2035 5418 2273 5509 tempore
2318 5448 2458 5493 tanta
2489 5435 2643 5498 fecit,
2682 5431 2736 5487 in
2766 5429 2931 5493 ca-lo,
2988 5425 3043 5478 in
3091 5431 3264 5482 terra.
3292 5419 3431 5490 apud
3474 5418 3610 5473 infe-

2036 5550 2168 5590 ros:
2199 5529 2325 5600 quid
2369 5541 2473 5581 non
2519 5523 2672 5578 faciet
2717 5530 2957 5587 tempore
3000 5513 3158 5568 futuri
3198 5512 3278 5568 sui
3321 5510 3615 5565 adventus?

2037 5624 2171 5680 Audi
2198 5622 2322 5693 quid
2349 5619 2526 5673 dicant
2549 5615 2820 5669 daemones
2850 5620 3090 5678 tempore
3114 5603 3456 5668 humilitatis,
3486 5618 3618 5672 spn-

2033 5724 2260 5776 mantes,
2287 5707 2495 5764 vincula
2533 5705 2800 5759 solventes
2818 5742 2833 5765 ,
2873 5699 3199 5753 inaccessam
3222 5695 3362 5748 viam
3382 5693 3621 5749 redden-

2035 5819 2161 5862 tes:
2199 5802 2333 5872 Quid
2378 5798 2519 5854 nobis
2556 5804 2600 5853 et
2645 5794 2750 5855 tibi.
2795 5791 2899 5846 Fili
2942 5787 3081 5845 Dei?
3125 5785 3316 5842 Venisti
3356 5784 3455 5838 huc
3482 5791 3609 5837 ante
