4064 6416
497 486 692 541 tunpus
714 478 940 538 torquere
966 481 1055 518 nos
1084 462 1292 536 (.llatth.
1317 461 1370 516 8.
1400 460 1534 531 29)?
1560 458 1616 514 Si
1639 474 1765 528 ergo
1792 458 1905 511 h:ec
1934 444 2081 519 tunc,

497 558 710 630 quando
740 556 1004 620 adveniet,
1025 564 1078 607 cl.
1106 560 1390 622 potestates
1411 551 1662 604 actorum
1693 547 2084 608 concutiuntur,

500 663 555 707 et
578 654 657 707 sol
691 663 977 704 conversus
1006 646 1160 700 fuerit
1188 645 1239 698 in
1269 643 1546 709 tenebras,
1578 652 1631 696 et
1663 642 1781 695 luna
1811 656 1914 693 non
1943 639 2089 692 dabit

504 746 675 799 lucem
699 758 845 797 suam
876 739 1084 809 (Matth.
1118 738 1208 793 24.
1249 736 1362 809 ‘29),
1398 735 1524 806 quid
1553 734 1770 788 dicent?
1804 734 2087 801 Propterea

504 834 629 890 dicit
661 852 673 887 :
702 831 972 895 Excelsus,
1017 829 1271 883 terribilis.
1323 827 1412 881 Vel
1456 826 1629 896 potius
1651 865 1666 891 ,
1695 824 1819 895 quid
1847 824 1962 892 quis
1994 837 2089 891 pro

500 926 754 996 dignitate
770 923 980 985 dixerit,
1000 904 1140 975 diem
1161 922 1305 973 illum
1323 933 1565 982 narrans,
1580 915 1790 987 quando
1810 916 1981 970 mittet
1995 929 2093 968 an-

501 1017 646 1086 gelos
675 1030 765 1084 per
780 1015 1082 1068 universum
1109 1011 1292 1065 orbem
1324 1019 1476 1065 terrm
1496 1008 1546 1079 (1
1556 1009 1661 1066 bid.
1681 1009 1852 1077 v.51),
1878 1006 2090 1077 quando

503 1108 679 1161 omnia
709 1107 1099 1165 concutientur,
1128 1103 1341 1173 quando
1369 1112 1503 1156 terra
1536 1100 1832 1154 movebitur
1861 1099 2089 1154 reddens

504 1211 835 1253 mortuorum
865 1197 1191 1268 depositura,
1209 1194 1420 1266 quando
1446 1191 1842 1247 innumerabilia
1865 1204 2087 1259 corpora

505 1292 913 1356 excitabuntur,
958 1290 1171 1359 quando
1218 1288 1403 1343 crelom
1446 1286 1608 1340 veluti
1652 1285 1829 1339 velum
1876 1283 2089 1352 aliquod

502 1381 884 1446 contrahetur;
947 1378 1160 1449 quando
1217 1387 1478 1433 statuetur
1535 1376 1771 1431 terribile
1823 1374 2086 1439 tribunal,

504 1474 716 1542 quando
738 1472 878 1527 fluvii
901 1472 1034 1541 ignis
1063 1470 1358 1537 trahentur,
1385 1469 1593 1539 quando
1621 1468 1740 1522 libri
1762 1468 2090 1537 aperientur,

504 1564 717 1635 quando
746 1577 861 1634 quat
888 1564 955 1618 ab
982 1578 1300 1633 unoquoque
1326 1563 1377 1617 in
1410 1561 1643 1616 tenebris
1681 1559 1814 1613 facta
1858 1558 2086 1619 fuerint,

504 1656 558 1709 in
603 1655 838 1711 medium
885 1654 1275 1725 producentur;
1320 1654 1533 1724 quando
1580 1653 1683 1706 illm
1733 1650 2092 1705 intolerabiles

504 1760 678 1813 pruna:
722 1760 783 1799 ac
828 1745 1107 1814 supplicia,
1135 1744 1346 1815 quando
1384 1742 1717 1797 minabnnda:
1763 1748 2087 1809 potestates,

504 1837 718 1907 quando
744 1837 911 1892 stricti
942 1836 1100 1907 gladii
1125 1878 1140 1902 ,
1179 1836 1390 1906 quando
1420 1835 1521 1889 erit
1541 1834 1787 1888 obductio
1812 1832 1863 1886 in
1891 1831 2091 1901 gehen—

506 1942 659 1992 nam;
689 1927 900 1997 quando
924 1926 1099 1982 omnis
1125 1927 1318 1997 peribit
1341 1925 1651 1989 auctoritas,
1684 1925 2086 1993 imperatorum,

503 2016 720 2085 ducum,
767 2017 1082 2082 consulum,
1133 2027 1188 2071 et
1239 2016 1554 2085 praesidum;
1606 2013 1816 2084 quando
1860 2010 2090 2067 adfuerit

506 2117 684 2163 tantus
721 2108 1028 2178 angelorum
1072 2108 1296 2177 p0pu|us
1320 2149 1335 2174 ,
1367 2106 1578 2177 quando
1610 2114 1934 2176 martyrum,
1968 2118 2089 2174 pro-

505 2198 783 2267 phetarum
803 2238 818 2265 ,
857 2199 1217 2269 apostolorum
1243 2239 1260 2263 ,
1302 2198 1639 2253 sacerdotum
1660 2238 1676 2263 ,
1707 2195 2086 2251 monachorum

503 2289 768 2352 examina,
796 2290 1008 2358 quando
1035 2289 1119 2343 illa
1147 2288 1427 2343 inelTahilia
1458 2288 1694 2357 praemia,
1722 2285 1935 2356 quando
1961 2285 2086 2341 bra-

504 2381 610 2447 via,
635 2381 848 2450 quando
870 2396 1104 2447 coronae,
1131 2380 1342 2449 quando
1369 2380 1525 2445 bona,
1556 2394 1675 2450 qua:
1701 2393 1911 2433 onmem
1940 2393 2089 2432 men-

504 2484 611 2529 tem
642 2482 895 2543 superant
924 2473 1082 2545 (Dan.
1113 2474 1164 2528 7.
1195 2473 1287 2542 9)?

576 2568 632 2621 3.
663 2567 792 2632 Quae
813 2568 983 2621 oratio
1005 2566 1119 2621 hare
1144 2567 1411 2635 explicare
1437 2565 1670 2636 poterit?
1699 2565 1754 2621 Si
1778 2565 1918 2621 etrim
1941 2579 2090 2620 crea-

505 2656 703 2712 tionem
736 2656 989 2725 prOpheta
1024 2665 1369 2726 persequutus
1393 2698 1408 2724 ,
1431 2656 1745 2726 defatigatus
1770 2664 1853 2711 est
1879 2665 1930 2710 et
1956 2655 2090 2709 resi-

506 2747 603 2813 liit,
631 2747 814 2802 dicens
845 2765 858 2799 :
889 2747 1057 2815 Quam
1081 2747 1405 2818 magniﬁcam
1427 2757 1541 2801 sunt
1570 2764 1723 2816 opera
1749 2757 1854 2813 tua,
1877 2745 2090 2800 Domine

504 2837 674 2904 (Psal.
710 2839 796 2894 9i.
828 2840 903 2910 6)!
931 2848 983 2894 et
1005 2840 1196 2894 Paulus
1218 2856 1378 2894 unum
1405 2855 1572 2910 genus
1602 2851 1938 2909 perscrutans
1969 2856 2091 2910 pro-

506 2932 772 2994 videnlim,
805 2934 1150 2997 exclamavit,
1196 2933 1416 2987 dicens:
1452 2932 1496 2987 0
1541 2934 1758 2988 altitudo
1801 2934 2088 2989 divitiarum

506 3022 680 3090 (fiant.
717 3024 801 3080 ll.
830 3023 955 3094 '53)!
996 3022 1122 3092 quid
1147 3024 1341 3081 dixerit
1367 3024 1623 3093 quispiam
1653 3024 1791 3079 diem
1822 3025 1964 3077 illum
1991 3024 2088 3079 de-

502 3112 782 3167 scribens?
835 3115 958 3167 llam
1004 3112 1184 3167 omnia
1235 3129 1356 3167 cum
1408 3114 1737 3182 praevidisset
1789 3114 2086 3185 propheta,

507 3201 641 3254 dixit
670 3218 686 3256 :
713 3200 963 3256 Dominus
995 3203 1219 3257 excelsus
1238 3245 1253 3269 ,
1284 3204 1538 3269 terribilis,
1565 3220 1655 3258 rea:
1687 3221 1898 3275 magnus
1940 3222 2091 3275 super

506 3308 703 3345 onmem
732 3302 935 3357 terram,
967 3292 1111 3347 orbis
1153 3293 1376 3347 salutem
1415 3295 1720 3350 ostendens.
1753 3296 1879 3350 Erat
1914 3295 2092 3367 itaque

507 3384 668 3437 etiam
714 3393 871 3439 antea
913 3400 1005 3439 rex
1044 3400 1298 3455 magnus,
1337 3385 1433 3441 sed
1472 3387 1831 3457 ignorabatur.
1866 3389 2091 3444 Mundus

509 3476 650 3529 enim
698 3492 786 3546 per
829 3477 995 3548 ipsum
1032 3481 1200 3548 factus
1234 3487 1328 3542 est,
1364 3487 1410 3532 et
1446 3481 1681 3545 mundus,
1712 3482 1900 3551 inquit,
1925 3483 2090 3551 ipsum

509 3584 608 3620 non
649 3569 879 3638 cognorit
920 3569 938 3637 (
958 3568 1113 3622 Joan.
1150 3570 1199 3623 l.
1234 3569 1339 3637 10).
1379 3561 1529 3624 Nune
1554 3580 1730 3626 autem
1760 3572 1861 3627 hoc
1883 3589 2093 3643 quoque

512 3660 764 3727 praeclare
802 3660 1000 3730 gessit,
1030 3661 1169 3730 quod
1196 3678 1291 3716 nos
1319 3662 1417 3716 sibi
1448 3662 1801 3719 familiaritate
1821 3665 2093 3735 jungendo

512 3768 603 3806 rex
649 3768 870 3822 magnus
918 3752 1137 3808 effectus
1182 3762 1282 3808 est.
1329 3754 1521 3822 Quidni
1566 3755 1705 3810 enim
1737 3773 1979 3828 magnus,
2004 3760 2093 3827 qui

512 3860 773 3914 pauperes
802 3846 1110 3914 piscatores,
1136 3845 1433 3913 illiteratus,
1457 3846 1645 3901 idiotas
1672 3864 1893 3903 numero
1924 3850 2095 3905 unde-

511 3935 636 3993 cim.
670 3934 947 3998 obscuros,
979 3935 1310 4004 peregrinos,
1331 3937 1498 4005 magis
1521 3948 1694 3992 mutos
1713 3954 1869 4009 quam
1901 3941 2092 4009 pisces,

515 4024 725 4076 unicam
768 4024 997 4078 tunicam
1048 4024 1321 4088 habentes,
1368 4027 1561 4080 calceis
1607 4039 1870 4092 carentes,
1902 4032 2093 4098 nudos,

516 4129 613 4183 per
641 4113 950 4168 universum
982 4115 1164 4169 orbem
1195 4125 1451 4170 terrarum
1484 4118 1625 4171 misit
1654 4117 1673 4190 (
1700 4119 1883 4173 Matth.
1915 4123 2000 4176 l0.
2030 4122 2094 4187 9;

516 4207 645 4260 an.
674 4208 760 4264 10.
788 4204 882 4278 4),
911 4216 966 4261 et
992 4208 1155 4262 veluti
1185 4210 1432 4265 mandato
1463 4228 1649 4268 omnes
1672 4216 1851 4283 cepit?
1881 4215 1991 4270 Hoc
2017 4225 2100 4272 est

518 4315 644 4355 vere
672 4314 791 4355 esse
820 4317 997 4371 regem
1023 4317 1271 4373 magnum
1299 4306 1422 4374 :qui
1451 4306 1752 4361 universum
1779 4309 1961 4362 orbem
1991 4317 2100 4363 ter-

517 4410 592 4448 ra:
617 4410 798 4449 errore
826 4395 1082 4460 liberavit,
1117 4407 1171 4451 et
1203 4396 1349 4452 brevi
1391 4399 1644 4467 temporis
1669 4410 1938 4456 momento
1959 4401 2101 4456 veri~

522 4499 684 4544 talem
726 4490 971 4556 reduxit,
1013 4501 1067 4546 et
1109 4491 1307 4546 diaboli
1352 4493 1680 4564 tyrannidem
1729 4495 1980 4547 sustulit:
2013 4496 2101 4564 qui

522 4583 682 4635 etiam
710 4590 993 4651 antequam
1016 4592 1193 4638 essent
1218 4584 1306 4653 qui
1331 4588 1377 4639 ei
1403 4595 1684 4654 parerent,
1712 4596 1828 4641 erat
1866 4603 1957 4640 rex
1989 4603 2104 4640 ma-

523 4686 677 4738 gnus,
704 4687 807 4724 non
837 4671 1036 4726 habens
1064 4674 1113 4726 in
1147 4675 1315 4726 servis
1336 4674 1438 4726 vim
1463 4675 1688 4743 imperii,
1715 4692 1819 4731 non
1846 4679 1896 4732 in
1928 4677 2106 4746 specie

524 4775 589 4813 ac
618 4761 871 4827 vestibus,
903 4762 997 4816 sed
1027 4763 1078 4816 in
1109 4764 1218 4831 ipsa
1246 4774 1450 4818 natura.
1481 4766 1590 4836 Ego
1616 4769 1779 4836 enim,
1808 4770 2008 4841 inquit,
2039 4771 2109 4824 ad

525 4855 620 4905 hoc
644 4863 792 4908 natus
811 4870 922 4906 sum
950 4852 1128 4922 (Joan.
1153 4854 1239 4910 18.
1264 4857 1376 4927 '57).
1413 4858 1521 4913 Hoc
1545 4868 1762 4916 estesse
1787 4878 1964 4933 regem
1993 4878 2107 4917 ma-

526 4963 685 5017 gnum
725 4963 741 5000 :
769 4948 854 5015 qui
898 4963 1001 5001 non
1035 4947 1191 5004 habet
1219 4948 1473 5005 honorem
1495 4954 1825 5009 extrinsecus
1852 4956 2066 5010 allatum
2091 4996 2107 5022 ,

525 5041 615 5110 qui
643 5041 785 5096 nulla
816 5056 874 5094 re
901 5056 1037 5112 opus
1073 5041 1233 5096 habet
1270 5052 1326 5097 ut
1372 5045 1440 5098 sit
1480 5061 1593 5110 rex,
1639 5048 1726 5115 qui
1770 5047 1893 5102 facit
1931 5049 2107 5103 omnia

527 5149 877 5204 qutecumque
901 5137 1033 5189 vult.
1074 5133 1269 5191 Euntes
1307 5138 1437 5191 enim
1458 5181 1471 5204 ,
1504 5140 1706 5209 inquit,
1747 5141 1917 5194 docete
1943 5158 2112 5194 omnes

529 5237 696 5294 gentes
723 5226 912 5295 (Marc.
937 5226 1023 5282 16.
1050 5227 1168 5297 15);
1201 5236 1255 5283 et
1278 5243 1457 5282 sermo
1483 5230 1532 5283 in
1560 5244 1694 5299 Opus
1717 5231 1895 5285 exibat
1918 5251 1932 5287 :
1964 5231 2108 5297 Volo,

534 5318 774 5372 mundare
799 5317 1012 5386 (Matth.
1045 5319 1096 5374 8.
1128 5318 1205 5392 5).
1234 5319 1346 5374 Tibi
1371 5320 1504 5385 dico,
1535 5323 1841 5376 dazmonium
1863 5326 2072 5378 surdum
2096 5367 2112 5391 ,

532 5409 763 5474 egredere
784 5409 845 5461 ub
874 5410 1004 5479 ipso.
1029 5409 1180 5476 Tace,
1209 5414 1489 5466 obmutesce
1511 5413 1700 5484 (Marc.
1724 5414 1776 5469 9.
1800 5413 1889 5469 24.
1916 5425 1967 5470 et
1991 5432 2037 5469 c.
2060 5417 2112 5470 4.

533 5495 647 5563 39).
680 5496 756 5550 Ite
781 5498 832 5551 in
859 5500 1024 5568 ignem
1046 5511 1290 5556 teternum
1315 5503 1402 5573 qui
1421 5514 1627 5574 paratus
1654 5514 1726 5561 est
1755 5505 1976 5560 diabolo.
2019 5506 2112 5559 Ve-

536 5588 657 5648 nite,
679 5591 924 5654 possidete
946 5602 1176 5660 paratum
1197 5596 1332 5649 vobis
1353 5613 1560 5666 regnum
1580 5607 1695 5651 ante
1719 5600 2121 5652 constitutionem

543 5680 722 5731 mundi.
751 5680 769 5745 (
793 5682 974 5735 Matth.
1003 5683 1094 5738 25.
1127 5687 1215 5739 41.
1249 5696 1301 5741 et
1329 5686 1445 5756 54).
1480 5688 1638 5742 Vides
1668 5690 1862 5759 ubique
1888 5699 2122 5759 potesta-

547 5764 691 5817 tem?
716 5770 862 5826 vides
887 5775 1212 5842 potentiam?
1248 5777 1320 5831 ita
1350 5779 1490 5833 enim
1522 5781 1658 5848 cepit
1688 5796 1781 5836 eos
1810 5783 1897 5851 qui
1926 5796 2119 5851 paruo-

1303 348 1360 404 S.
1387 345 1660 403 JOANNIS
1696 340 2168 401 CHRYSOSTOMI
2208 340 2522 395 ARClllEP.
2561 340 3089 396 CONS'lANTlNOP.

3671 349 3765 404 2:2

2202 464 2344 518 runt,
2376 464 2431 507 ιιι
2472 454 2793 523 persuaserit
2826 454 2903 508 vel
2944 456 3175 510 ultimam
3222 456 3395 524 potius
3435 460 3761 529 profundere,

2196 560 2352 614 quam
2377 544 2515 614 quod
2538 545 2742 615 jnssum
2770 555 2851 599 est
2878 546 3160 600 transilire.
3192 546 3301 601 Rex
3335 549 3474 602 enim
3503 549 3658 607 habet
3676 552 3764 607 ho-

2198 653 2380 691 norem
2411 637 2477 690 ab
2511 638 2607 701 iis,
2651 638 2740 707 qui
2783 637 2900 706 ejus
2936 637 3287 706 subjiciuntur
3310 639 3494 693 ditioni
3526 659 3539 697 :
3567 641 3651 697 hic
3678 660 3766 698 au-
3824 638 3827 639 ν

2199 739 2301 783 tem
2332 728 2529 796 praebet
2554 727 2810 782 honorem
2840 728 2903 783 iis
2924 729 3011 798 qui
3039 729 3085 782 ei
3114 728 3367 783 obediunt
3390 748 3404 784 :
3426 740 3480 784 et
3506 731 3622 786 ideo
3646 734 3764 790 illud

2197 818 2409 887 quidem
2440 827 2521 873 est
2551 818 2719 871 solum
2751 834 2945 872 nomen
2969 860 2983 882 ,
3017 819 3118 872 hoc
3146 834 3272 873 vero
3298 834 3403 873 res.
3451 820 3662 890 Magnus
3691 835 3765 879 est

2197 926 2287 964 rex
2314 951 2328 975 ,
2356 910 2442 978 qui
2476 910 2775 964 universum
2821 911 3003 964 orbem
3043 921 3198 965 terrae
3235 912 3425 966 etelunt
3468 913 3611 980 fecit,
3638 926 3690 970 et
3715 926 3767 971 ut

2197 1000 2403 1055 barbari
2428 1000 2726 1070 philosophi
2757 1010 2956 1066 essent,
2980 1012 3032 1056 et
3061 1002 3278 1072 angelos
3299 1004 3652 1069 imitarentur,
3679 1023 3765 1060 cu-

2197 1093 2348 1145 ravit.
2381 1091 2607 1161 Populos
2632 1093 2775 1146 nobis
2798 1092 3028 1161 subjecit,
3058 1104 3105 1147 et
3127 1103 3297 1163 gentes
3326 1094 3416 1147 sub
3455 1095 3659 1161 pedibus
3680 1112 3765 1148 na-

2197 1184 2333 1237 stris.
2382 1184 2426 1238 0
2455 1184 2800 1238 miraculum!
2853 1185 2938 1238 Eis
2980 1186 3065 1253 qui
3106 1184 3500 1247 cruciﬁxerant,
3551 1186 3764 1241 adorare

2199 1276 2455 1343 persuasit
2480 1291 2604 1329 :eos
2625 1277 2711 1346 qui
2742 1278 3059 1330 contumelia
3085 1277 3405 1341 afficiebant,
3429 1280 3516 1349 qui
3549 1279 3764 1334 insecta-

2201 1367 2391 1419 bantur
2420 1367 2711 1421 maledictis
2733 1409 2747 1433 ,
2779 1367 2867 1437 qui
2907 1368 3165 1436 lapidibus
3194 1367 3339 1423 affixi
3379 1379 3553 1435 erant,
3593 1370 3764 1425 docuit

2196 1458 2278 1511 vel
2309 1472 2431 1511 suas
2455 1457 2659 1511 animas
2685 1457 3002 1527 profundere
3022 1500 3036 1520 ,
3068 1460 3131 1512 ad
3165 1459 3330 1529 ipsius
3357 1460 3626 1529 placitum.
3654 1460 3760 1515 Non

2196 1549 2336 1603 enim
2363 1548 2465 1604 hoc
2491 1549 2558 1604 ab
2584 1550 2837 1619 apostolis
2861 1551 3162 1620 gerebatur,
3190 1549 3283 1605 sed
3322 1552 3389 1605 ab
3427 1566 3491 1606 eo
3529 1552 3615 1621 qui
3654 1552 3760 1607 illos

2197 1639 2548 1708 praecedebat,
2594 1650 2648 1693 et
2693 1640 2936 1695 movebat
2976 1655 3159 1695 eorum
3202 1641 3457 1695 animum.
3498 1642 3762 1709 Quomodo

2195 1732 2335 1784 enim
2363 1731 2594 1800 piscator
2616 1733 2694 1785 vel
2725 1732 3186 1787 tabernaculorum
3208 1746 3542 1789 constructor
3572 1745 3758 1789 tantum

2196 1829 2353 1878 terra:
2378 1821 2676 1878 habitabilis
2696 1823 2876 1878 orbem
2912 1824 2980 1878 ita
3013 1834 3303 1892 mutasset,
3328 1827 3427 1879 nisi
3451 1826 3588 1880 illius
3610 1827 3759 1881 verba

2196 1916 2570 1986 impedimenta
2598 1917 2774 1970 omnia
2805 1918 3176 1972 sustulissent?
3216 1918 3282 1971 Et
3320 1918 3719 1989 prmstigiatores
3742 1960 3757 1984 ,

2194 2020 2248 2062 et
2275 2019 2547 2078 tyrannos,
2586 2020 2639 2065 et
2683 2019 2953 2075 oratores,
2984 2018 3039 2064 et
3081 2009 3446 2079 philosophos,
3487 2021 3539 2065 et
3584 2025 3760 2065 omnes

2193 2101 2420 2170 denique
2466 2103 2552 2169 qui
2598 2103 2954 2167 resistebant,
2988 2110 3254 2171 tamquam
3282 2103 3551 2170 pulverem
3580 2101 3762 2156 discu—

2194 2192 2386 2246 ticntcs
2407 2232 2420 2256 ,
2457 2192 2624 2246 instar
2654 2192 2781 2247 fumi
2809 2193 3162 2247 dissolventcs
3181 2233 3194 2256 ,
3228 2193 3298 2246 ita
3328 2193 3565 2247 veritatis
3601 2193 3760 2247 lucem

2193 2285 2605 2351 seminaverunt,
2636 2300 2739 2339 non
2770 2285 2950 2350 armis,
2975 2299 3075 2340 nec
3102 2286 3150 2338 vi
3175 2285 3433 2354 pecuniae,
3456 2284 3546 2338 sed
3574 2285 3681 2338 solo
3704 2297 3761 2337 ac

2192 2376 2417 2444 simplici
2440 2390 2685 2431 sermone
2712 2386 2951 2441 utentes;
2987 2378 3093 2431 imo
3121 2391 3251 2431 vero
3277 2391 3388 2430 non
3415 2386 3528 2431 erat
3548 2375 3757 2443 simplex

2193 2481 2369 2521 sermo
2389 2508 2403 2532 ,
2427 2468 2520 2523 sed
2548 2478 2662 2523 erat
2684 2470 2870 2538 quovis
2898 2485 3058 2539 opere
3088 2470 3375 2539 potentior.
3421 2469 3535 2535 Quo
3560 2469 3758 2522 tandem

2170 2559 2386 2626 ipacto?
2414 2558 2730 2614 lnvocabant
2752 2575 2947 2615 nomen
2973 2561 3205 2615 crucifixi
3231 2602 3247 2626 ,
3277 2569 3331 2615 et
3358 2575 3504 2615 mors
3524 2557 3757 2629 fugiebat,

2196 2648 2509 2718 fugabautur
2527 2652 2817 2717 dmmones,
2843 2653 3009 2707 morbi
3034 2654 3378 2718 curabuntur,
3391 2665 3665 2720 corporum
3691 2649 3761 2701 vi-

2196 2740 2266 2794 tia
2295 2742 2717 2810 corrigebantur,
2748 2744 2978 2813 nequitia
3009 2742 3322 2814 fugaba'etr,
3354 2742 3581 2813 pericula
3609 2740 3760 2812 proti-

2193 2848 2294 2888 nus
2326 2835 2660 2901 recedebant,
2689 2846 2744 2891 et
2770 2836 3112 2891 mutabantur
3136 2836 3424 2890 elementa.

2273 2933 2500 2988 Christus
2526 2947 2615 2984 cur
2641 2930 2704 2983 de
2728 2944 2873 2982 cruce
2894 2944 2994 2981 non
3022 2927 3351 2981 descenderit.
3368 2925 3664 2993 -Quando
3684 2939 3761 2979 er-

2193 3045 2261 3099 go
2293 3028 2444 3083 nobis
2469 3024 2701 3080 dixerint
2732 3040 2746 3076 :
2777 3022 2885 3077 Cur
2901 3035 3010 3080 non
3041 3036 3198 3091 opem
3224 3019 3324 3074 sibi
3356 3020 3479 3073 tulit
3507 3020 3556 3072 in
3575 3015 3761 3071 cruce?

2193 3121 2297 3178 hoc
2310 3120 2551 3176 dicamus
2583 3135 2597 3172 :
2628 3116 2888 3184 Quoniam
2921 3115 3021 3168 hoc
3049 3122 3162 3167 erat
3185 3110 3567 3166 admirabilius.
3593 3108 3761 3176 Neotte

2194 3225 2317 3271 sunt
2358 3213 2525 3282 paria,
2576 3226 2641 3265 ex
2670 3222 2827 3264 cruce
2855 3204 3236 3268 descendisse;
3276 3212 3331 3258 et
3363 3212 3636 3273 postquam
3675 3198 3761 3251 fuit

2194 3306 2500 3369 cruciﬁxus,
2533 3312 2610 3357 tot
2656 3316 2776 3356 esse
2805 3309 3040 3354 mortuos
3068 3296 3183 3367 ejus
3213 3298 3430 3351 nomine
3471 3294 3757 3351 ειιςςίιιιιοε.

2195 3397 2345 3467 Quod
2373 3397 2513 3453 enim
2543 3404 2668 3449 tunc
2696 3407 2791 3447 sua
2812 3399 3004 3461 sponte
3031 3389 3104 3445 ibi
3147 3391 3428 3454 manserit,
3460 3386 3676 3443 ostendit
3700 3398 3760 3438 ex

2196 3490 2262 3544 iis
2286 3504 2403 3560 qua:
2424 3495 2545 3542 sunt
2572 3492 2755 3556 postea
2795 3490 3146 3552 consequuta.
3185 3480 3286 3548 Qui
3321 3481 3466 3535 enim
3525 3486 3759 3539 mortem,

2197 3596 2316 3650 qua:
2344 3579 2477 3633 alios
2505 3578 2789 3639 invaserat,
2834 3573 3058 3644 expulit,
3107 3573 3270 3626 multo
3300 3571 3471 3641 magis
3510 3585 3539 3623 a
3577 3568 3759 3636 Scipso,

2197 3674 2504 3744 priusquam
2535 3667 2826 3733 invaderet,
2856 3665 3166 3737 pr0pulsarc
3192 3671 3441 3733 poterat;
3473 3669 3525 3715 et
3547 3658 3632 3730 qni
3656 3656 3763 3710 aliis

2200 3766 2359 3818 vitam
2393 3764 2613 3832 prtebet,
2642 3758 2810 3815 multo
2849 3757 3015 3827 magis
3076 3755 3177 3809 sibi
3207 3754 3304 3823 ipsi
3348 3753 3592 3822 pra-bere
3627 3756 3764 3818 pote-

2199 3866 2283 3913 rat
2308 3877 2321 3912 :
2345 3854 2484 3926 quod
2514 3854 2672 3909 etiam
2713 3851 2886 3906 triduo
2912 3858 3032 3919 post
3059 3847 3180 3901 fecit
3199 3885 3214 3911 ,
3246 3860 3313 3900 ex
3338 3859 3527 3914 magna
3550 3836 3762 3911 potentia

2200 3953 2505 4004 suscitatus.
2534 3944 2590 3999 ld
2617 3952 2791 3999 autem
2812 3940 3045 3995 ostendit
3072 3954 3165 4009 per
3211 3953 3274 3991 ca
3319 3952 3439 4007 qua:
3469 3944 3643 4005 postea
3684 3944 3764 3983 sc-

2202 4049 2362 4109 quuta
2386 4049 2527 4093 sunt.
2556 4036 2779 4103 Quando
2792 4036 2931 4089 enim
2956 4032 3069 4100 ejus
3092 4045 3286 4085 nomen
3313 4030 3485 4085 visunt
3516 4037 3595 4081 est
3619 4021 3766 4077 habe-

2202 4149 2264 4186 re
2290 4140 2489 4184 tantam
2535 4129 2783 4182 virtutem
2814 4126 2865 4180 in
2896 4123 3085 4178 alienis
3112 4121 3448 4190 corporibus.
3480 4126 3538 4172 ut
3564 4117 3764 4169 invocao

2206 4234 2317 4278 tum
2362 4231 2589 4276 mortem
2622 4218 2901 4287 fugaverit,
2942 4231 3099 4271 nemo
3136 4214 3306 4286 possit
3341 4211 3603 4272 dubitare,
3649 4202 3764 4272 qui"

2205 4315 2364 4369 etiam
2395 4313 2450 4366 in
2504 4311 2717 4381 proprio
2741 4323 2966 4379 corpore
2997 4321 3236 4376 magnam
3279 4302 3567 4375 potentiam
3605 4305 3768 4350 osten-

2208 4407 2389 4469 disset,
2411 4416 2465 4458 et
2494 4410 2718 4458 mortem
2747 4400 2850 4456 sibi
2874 4398 3207 4469 subiecisset.
3239 4411 3291 4450 4.
3324 4392 3546 4473 subjecit
3571 4384 3768 4459 papulas

2208 4498 2370 4562 nobis,
2416 4504 2462 4550 et
2486 4502 2655 4566 gentes
2679 4492 2768 4546 sub
2800 4491 3005 4562 pedibus
3052 4489 3254 4543 nostris.
3294 4486 3431 4541 Vide
3473 4478 3766 4552 sapientiam

2209 4591 2502 4660 prophette,
2532 4584 2622 4655 qui
2647 4584 2821 4639 omnia
2851 4588 3096 4637 accurate
3124 4579 3269 4634 dicit.
3296 4576 3446 4647 Quod
3476 4576 3612 4631 enim
3640 4576 3771 4639 post-

2210 4697 2270 4736 ca
2298 4682 2545 4735 dixerunt
2574 4677 2823 4748 apostoli,
2856 4675 2989 4742 Quia
3025 4690 3116 4726 nos
3138 4671 3419 4735 intuemini,
3453 4666 3593 4738 quasi
3615 4670 3770 4716 nostra

2211 4777 2390 4829 virtute
2416 4783 2504 4827 aut
2533 4773 2713 4844 pietate
2762 4768 3024 4840 fecerimus
3051 4774 3106 4818 ut
3134 4766 3213 4818 hic
3246 4762 3527 4837 ambularet
3552 4749 3769 4844 (Aebb.

2214 4865 2303 4935 l2)
2327 4866 2350 4918 ?
2376 4864 2430 4919 id
2459 4837 2626 4917 multo
2654 4837 2779 4915 ante
2803 4859 2930 4913 dicit
2957 4855 3234 4928 propheta.
3284 4854 3414 4908 Illud
3440 4862 3611 4906 autem
3632 4886 3647 4911 ,
3677 4837 3774 4896 Sub

2215 4957 2444 5029 pedibus,
2474 4954 2524 5008 id
2555 4952 2696 5022 quod
2717 4951 3013 5021 subjectum
3057 4957 3172 5002 erat
3210 4945 3463 5008 ostendit,
3509 4940 3589 4995 vel
3617 4935 3775 5029 potius

2214 5021 2458 5118 magnam
2484 5021 2886 5115 subiectionem.
2915 5042 2972 5096 Si
2996 5040 3078 5096 vis
3101 5051 3275 5094 autem
3298 5041 3434 5093 scire
3453 5040 3640 5106 quanta
3664 5021 3774 5079 sub-

2211 5142 2375 5211 jectio
2396 5148 2556 5202 esset,
2597 5137 2740 5191 audi.
2768 5135 3049 5203 Quotquot,
3080 5132 3249 5202 inquit
3270 5172 3285 5194 ,
3317 5138 3617 5200 possessores
3641 5130 3779 5187 agro-

2219 5252 2331 5289 rum
2360 5243 2446 5287 aut
2469 5233 2731 5285 domorum
2752 5239 2914 5291 erant,
2943 5228 3206 5281 uendentes
3228 5222 3503 5291 offerebant
3528 5214 3679 5289 pretia
3698 5223 3777 5262 e0-

2218 5342 2331 5379 rum
2351 5340 2462 5395 quae
2476 5323 2831 5387 vendebantur,
2848 5329 2896 5374 et
2910 5322 3157 5388 ponebant
3170 5325 3284 5371 ante
3296 5314 3443 5384 pedes
3459 5305 3781 5381 apostolorum

2225 5418 2359 5488 (Act.
2385 5419 2437 5471 4.
2463 5415 2576 5487 54).
2608 5414 2710 5468 Alii
2737 5423 2915 5466 autem
2973 5426 3093 5464 cum
3123 5407 3360 5477 pecuniis
3386 5402 3609 5457 animam
3658 5406 3779 5462 quo-

2224 5526 2327 5580 que
2386 5507 2767 5578 profuderunt.
2793 5505 2912 5572 Qui,
2944 5503 3134 5573 inquit,
3191 5516 3281 5570 pro
3326 5494 3497 5551 atiima
3534 5503 3638 5544 mea
3672 5500 3802 5542 suas

2225 5602 2436 5654 ceruices
2455 5605 2826 5667 supposuerunt
2860 5594 3033 5665 (Rom.
3067 5595 3153 5646 16.
3179 5593 3257 5661 4).
3312 5590 3384 5643 De
3431 5585 3548 5640 aliis
3591 5583 3784 5667 quoq:Ic

2228 5692 2467 5745 scribens
2497 5661 2741 5741 dicebat:
2770 5685 2831 5740 Si
2862 5661 3128 5756 possibile,
3177 5682 3338 5751 inquit
3358 5720 3373 5744 ,
3420 5676 3605 5739 fuisset,
3631 5661 3785 5756 oculos
3839 5733 3845 5742 ἱ

2235 5793 2420 5837 vestros
2446 5775 2771 5845 e/fodissetis,
2796 5787 2841 5830 et
2864 5754 3130 5829 dedissetis
3153 5773 3275 5825 mihi
3300 5768 3435 5842 (Gal.
3464 5769 3514 5819 4.
3546 5759 3646 5828 15).
3677 5754 3786 5806 l’or-
