4064 6418
335 320 436 376 2H

337 432 557 502 Ἦλθες
587 430 703 488 ὦδε
725 434 840 505 πρὸ
868 434 1094 503 καιροῦ,
1120 434 1459 499 ,βασανίσαι
1498 430 1688 501 ῆμᾶςξ
1723 430 1783 483 ΕΞ
1809 426 1919 481 τοί-

338 538 436 573 νυν
463 520 637 573 ταῦτα
662 518 806 583 τότε,
843 520 972 572 ὅταν
1003 517 1401 590 παραγένηται,
1431 517 1526 569 καὶ
1564 516 1621 570 αἱ
1664 514 1921 584 δυνάμεις

337 604 449 658 τῶν
484 601 729 671 οὐρανῶν
759 602 1113 667 σαλεύωνται,
1167 602 1260 656 καὶ
1306 602 1335 654 6
1379 599 1531 671 ἥλιος
1568 597 1922 669 μεταστραφῇ

341 691 427 752 εἰς
454 687 664 753 σκότος,
695 686 787 740 καὶ
825 688 859 758 ἠ
892 688 1088 758 σελήνη
1126 687 1187 739 ού
1217 684 1377 739 δώσει
1411 685 1473 737 τὸ
1511 683 1624 753 φῶς
1653 681 1843 751 αὐτῆς,
1870 678 1924 731 τί

340 772 531 843 ἐροῦσι
570 781 618 836 ⁶;
681 771 781 825 Διά
836 770 996 824 τοῦτό
1050 787 1239 842 φησιν’
1272 771 1595 838 Ὕψιστος,
1654 764 1921 836 φοϐερός.

342 856 561 911 Μᾶλλον
586 855 662 917 δὲ,
685 854 739 908 τί
781 854 845 909 ἄν
864 872 949 918 τις
972 853 1121 918 ἀξιον
1153 852 1319 917 εἴποι,
1344 852 1443 924 τὴν
1473 852 1686 923 ἡμέραν
1709 848 1925 917 ἐκείνην

345 938 724 1011 διηγούμενος,
758 938 886 992 ὃταν
931 938 1123 1009 πέμπῃ
1162 938 1286 1000 τοὺς
1335 935 1603 1004 ἀγγέλους
1651 930 1925 999 πανταχοῦ

346 1026 449 1095 τῆς
480 1022 829 1094 οἰκουμένης,
856 1022 982 1075 ὅταν
1010 1023 1188 1075 πάντα
1222 1020 1457 1090 σείηται,
1491 1019 1621 1071 ὅταν
1647 1018 1680 1086 ἡ
1710 1015 1781 1085 γῆ
1812 1013 1931 1068 κλοπ

346 1111 507 1180 νῆται
545 1110 642 1178 τὴν
682 1106 1157 1178 παρακαταθήκην
1191 1104 1300 1159 τῶν
1336 1103 1546 1175 νεκρῶν
1579 1098 1926 1161 ἀποδιδοῦσα,

349 1195 479 1248 ὅταν
527 1197 595 1247 τὰ
636 1191 804 1263 μυρία
850 1189 1079 1260 σώματα
1133 1189 1437 1260 ἐγείρηται,
1473 1188 1602 1241 ὃταν
1640 1187 1667 1239 6
1696 1182 1927 1251 οὐρανὸς

355 1275 729 1347 συστέλληται,
760 1273 1010 1343 καθάπερ
1038 1290 1090 1326 τι
1120 1271 1531 1342 καταπέτασμα
1566 1266 1931 1336 συστελλόμε-

352 1379 476 1416 νον⁸
508 1361 634 1414 ὅταν
674 1359 735 1412 τὸ
782 1358 929 1429 βῆμα
964 1358 1182 1428 τιθῆται
1215 1358 1275 1412 τὸ
1308 1356 1560 1427 φοϐερὸν,
1592 1354 1721 1407 ὅταν
1745 1354 1793 1405 οἰ
1830 1368 1930 1404 πο-

351 1443 516 1515 ταμοὶ
546 1442 639 1496 τοῦ
674 1442 845 1513 πυρὸς
867 1441 1151 1504 ἐλκωνται,
1184 1440 1312 1494 ὅταν
1345 1440 1403 1492 αἰ
1446 1436 1621 1506 βίϐλοι
1666 1434 1932 1503 ἀνοίγων-

350 1545 464 1590 ται,
491 1529 618 1582 ὅταν
645 1526 861 1597 ἑκάστῳ
885 1525 952 1579 τά
977 1526 1035 1577 έν
1066 1523 1241 1594 σκότῳ
1269 1521 1635 1593 πεπραγμένα
1664 1520 1743 1582 εἰς
1769 1518 1931 1589 μέσον

352 1612 497 1683 ἀγη·
527 1612 655 1664 ὅταν
694 1611 750 1662 αί
801 1608 1066 1680 ἀφόρητοι
1104 1607 1357 1669 κολάσεις
1398 1607 1603 1659 ἐκεῖναι
1641 1604 1738 1656 καὶ
1762 1618 1935 1671 τιμωο

354 1695 492 1766 ρίαι,
514 1694 640 1747 ὅταν
668 1694 723 1747 αἰ
743 1691 1103 1762 ἀπειληφόροι
1131 1690 1409 1760 δυνάμεις,
1434 1690 1561 1742 ὅταν
1587 1688 1643 1740 αἱ
1666 1686 1932 1763 ρομφαῖαι

352 1777 717 1848 ἐσπασμέναι,
766 1777 894 1829 ὅταν
932 1777 989 1828 αἱ
1021 1774 1156 1844 πρὸς
1194 1772 1293 1845 τὴν
1342 1772 1565 1841 γέενναν
1610 1767 1929 1836 ἀπαγωγαί⁸

352 1862 487 1915 ὅταν
518 1860 694 1913 πάντα
732 1857 800 1912 τά
833 1857 1122 1928 ἀξιώματα
1155 1856 1370 1926 λύηται,
1406 1855 1501 1908 καὶ
1535 1852 1820 1922 βασιλέων,
1842 1850 1935 1904 καὶ

356 1942 702 2015 στρατηγῶν,
734 1942 829 1995 καὶ
856 1940 1104 2001 ὑπάτων,
1136 1939 1230 1993 καὶ
1264 1938 1528 2009 ὑπάρχων
1548 1952 1561 1965 ·
1601 1937 1731 1989 ὅταν
1757 1932 1938 1986 τοσοῦ-

352 2045 447 2091 τος
474 2027 647 2096 δῆμος
677 2024 926 2093 ἀγγέλων
962 2027 1133 2096 παρῇ,
1167 2024 1295 2077 ὅταν
1322 2023 1579 2091 τάγματα
1622 2017 1935 2090 μαρτύρων,

356 2110 674 2183 προφητῶν,
725 2109 1059 2171 ἀποστόλων,
1112 2108 1325 2181 ἱερέων,
1373 2103 1645 2176 μοναχῶν,
1695 2104 1824 2156 ὅταν
1869 2100 1940 2153 τὰ

352 2197 567 2251 ἔπαθλα
599 2196 782 2248 ἐκεῖνα
821 2193 890 2246 τὰ
934 2192 1242 2264 ἀπόρρητα,
1273 2192 1402 2244 ὅταν
1437 2188 1687 2261 βραδεῖα,
1734 2187 1860 2240 ὅταν
1888 2187 1938 2238 οἱ

355 2281 662 2347 στέφανοι,
720 2278 847 2331 ὃταν
899 2276 967 2330 τὰ
1026 2274 1207 2345 ἀγαθά
1263 2275 1330 2327 τὰ
1400 2271 1797 2345 ὑπερϐαίνοντα
1850 2271 1940 2325 τὸν

351 2383 482 2419 νοῦν
505 2380 519 2427 ;

431 2445 580 2520 [1911
600 2445 768 2514 γ’.Τίς
784 2444 1122 2516 παραστήσει
1138 2442 1297 2497 τοῦτο
1316 2442 1492 2511 λόγος;
1514 2441 1577 2494 Εἰ
1593 2440 1701 2510 γὰρ
1716 2439 1812 2511 τὴν
1829 2438 1943 2491 κτί-

356 2551 445 2586 σιν
478 2530 644 2584 ἐπιὼν
669 2535 699 2587 ὁ
720 2530 1035 2601 Προφήτης,
1060 2528 1336 2598 ἀπέκαμε,
1361 2529 1455 2581 καὶ
1486 2526 1829 2597 ἀπεπήδησε,
1857 2524 1944 2578 λέ-

356 2632 496 2685 γων’
540 2614 637 2680 Ὠς
670 2613 1042 2683 ἑμεταλύνθη
1075 2611 1149 2665 τὰ
1174 2615 1315 2682 ἔργα
1342 2630 1480 2677 σου,
1510 2614 1688 2681 Κύριε
1708 2629 1721 2642 °
1768 2610 1862 2663 καὶ
1887 2608 1943 2661 ἓν

360 2697 507 2761 εἶδος
527 2694 830 2768 ἀνερευνῶν
855 2699 1112 2767 προνοίας
1134 2698 1162 2749 6
1182 2695 1394 2760 Παῦλος
1425 2696 1651 2767 ἐϐόησεν
1665 2693 1855 2748 είπών·
1879 2692 1943 2744 *Ω

349 2785 550 2850 ,ϐάθος
590 2782 857 2836 πλούτου
879 2797 893 2811 ⁸
928 2780 981 2834 τί
1010 2779 1076 2835 ἀν
1111 2798 1195 2845 τις
1229 2780 1394 2845 εἴποι,
1426 2781 1525 2851 τὴν
1552 2780 1764 2852 ἡμέραν
1798 2776 1945 2831 ὲκεί-

357 2884 460 2936 νην
495 2864 858 2936 ὑπογράφων;
897 2863 1084 2918 Ταῦτα
1131 2863 1346 2919 ἅπαντα
1388 2862 1623 2933 προϊδὼν
1658 2865 1687 2916 6
1723 2862 1944 2933 Προφή-

357 2969 486 3021 της,
533 2949 718 3016 ἔλεγε·
760 2946 979 3016 Κύριος
1021 2947 1303 3016 ὕψιστος,
1342 2946 1613 3018 φοϐερὸς,
1644 2944 1948 3011 ,ϐασιλεὺς

358 3036 552 3105 μέγας
585 3032 686 3088 ἐπὶ
729 3031 938 3086 πᾶσαν
968 3031 1084 3099 τὴν
1115 3031 1253 3101 γῆν,
1295 3032 1393 3103 τὴν
1425 3031 1807 3101 οίκουμενικὴν
1843 3046 1949 3081 σω-

362 3118 560 3190 τηρίαν
590 3115 894 3184 ἐμφαίνων.
914 3110 1023 3167 Ἦν
1059 3115 1157 3185 μὲν
1182 3110 1275 3168 οὖν
1305 3116 1401 3169 καὶ
1438 3115 1544 3187 πρὸ
1576 3115 1769 3167 τούτου
1802 3112 1949 3182 βασι-

366 3200 498 3262 λεὺς
534 3198 732 3269 μέγας,
772 3197 888 3252 ἀλλ’
929 3199 1197 3267 ἠγνοεῖτο.
1236 3197 1289 3251 '0
1318 3196 1425 3269 γὰρ
1484 3198 1713 3267 κόσμος
1739 3195 1814 3249 δι’
1841 3197 1948 3248 αὐ-

375 3281 483 3335 τοῦ
507 3282 754 3350 ἐγένετο,
795 3280 893 3335 καί
931 3282 965 3334 ὁ
1000 3281 1227 3350 κόσμος
1253 3281 1439 3334 αὺτὸν
1466 3283 1575 3334 οὐκ
1601 3280 1774 3348 ἔγνω.
1815 3279 1951 3332 Νυνί

376 3365 433 3419 δὲ
462 3367 550 3419 καὶ
582 3364 742 3418 τοῦτο
772 3363 1125 3436 κατώρθωσε,
1168 3365 1244 3428 ὡς
1273 3365 1366 3417 καὶ
1399 3363 1586 3417 κατὰι»
1619 3364 1716 3435 τὴν
1735 3363 1952 3417 οἰκείω-

375 3467 460 3503 σιν
488 3449 642 3520 ἡμῶν
667 3446 923 3518 γενέσθαι
954 3447 1207 3518 βασιλεὺς
1245 3449 1435 3517 μέγας.
1467 3448 1593 3512 Πῶς
1625 3447 1735 3519 γὰρ
1763 3449 1823 3502 ού
1854 3450 1953 3519 μέ-

368 3551 499 3603 γας,
529 3536 557 3587 6
585 3534 822 3604 πένητας
850 3532 1040 3598 ἁλιεῖς,
1063 3533 1486 3603 ἀγραμμάτους,
1519 3531 1733 3595 ἰδιώτας
1761 3531 1956 3586 ’ένδεκα

368 3620 465 3672 τὸν
496 3617 751 3689 ἀριθμὸν,
800 3618 1069 3687 ἀσήμους,
1106 3616 1388 3682 ἀπόλιδας,
1448 3614 1647 3686 ἰχθύων
1677 3615 1953 3685 ἀφωνοτέ-

375 3721 527 3777 ρους,
559 3701 949 3776 μονοχίτωνας,
979 3700 1360 3763 ἀνυποδέτους,
1388 3700 1651 3770 γυμνοὺς,
1677 3698 1953 3769 πανταχοῦ

371 3787 476 3858 τῆς
508 3785 831 3857 οἰκουμένης
854 3782 1204 3848 ἀποστείλας,
1224 3784 1317 3837 καὶ⁸
1348 3783 1537 3855 ὥσπερ
1568 3783 1627 3850 ἐξ
1651 3784 1959 3853 ἐπιτάγμα-

371 3886 467 3933 τος
496 3870 702 3932 πάντας
735 3866 943 3934 λαϐών;
978 3866 1148 3920 Τοῦτο
1197 3865 1413 3938 ἀληθῶς
1453 3864 1706 3936 βασιλεὺς
1747 3867 1919 3936 μέγας
1940 3882 1954 3897 ο

371 3958 405 4009 6
431 3955 530 4025 τὴν
562 3953 889 4025 οἰκουμένην
933 3951 1035 4021 τῆς
1097 3950 1303 4021 πλάνης
1352 3950 1687 4023 ἐκκαθάρας,
1728 3952 1825 4005 καὶ
1859 3951 1958 4021 τὴν

373 4038 634 4110 ἀλήθειαν
676 4033 1036 4105 ἐπαναγαγὼν
1060 4036 1119 4088 ἐν
1150 4035 1380 4107 βραχείᾳ
1414 4034 1607 4106 καιροῦ
1654 4037 1816 4105 ῥοπῇ,
1866 4036 1960 4089 καὶ

374 4121 473 4176 τοῦ
507 4121 751 4176 διαϐόλου
776 4120 873 4190 τὴν
902 4118 1192 4188 τυραννίδα
1224 4116 1470 4172 καθελών
1488 4135 1499 4148 ·
1532 4122 1561 4171 6
1598 4119 1692 4172 καὶ
1719 4119 1825 4190 πρὸ
1849 4119 1958 4171 τῶν

377 4205 636 4276 ὑπηκόων
677 4204 850 4275 μέγας
896 4201 1167 4273 βασιλεὺς,
1213 4201 1314 4254 οὐκ
1348 4203 1406 4254 ἐν
1431 4204 1543 4266 τοῖς
1581 4200 1788 4267 δούλοις
1820 4202 1959 4273 έχων

376 4290 479 4357 τῆς
511 4287 686 4359 ἀρχῆς
713 4287 811 4358 τὴν
839 4286 1014 4358 ἰσχὺν,
1062 4285 1163 4338 οὑκ
1195 4284 1253 4338 ἐν
1286 4285 1525 4356 σχήματι
1568 4286 1663 4339 καὶ
1704 4286 1958 4357 ἱματίοις,

378 4372 493 4425 ἀλλ’
528 4374 581 4423 ἐν
612 4372 747 4441 αὐτῇ
783 4372 849 4440 τῇ
895 4369 1073 4438 φύσει.
1116 4366 1256 4438 Ἐγὼ
1285 4367 1416 4438 γὰρ,
1445 4371 1629 4440 φησὶν,
1661 4371 1749 4434 εἰς
1784 4368 1961 4422 τοῦτο

378 4454 720 4524 γεγένημαι.
743 4454 914 4507 Τοῦτο
947 4451 1200 4523 βασιλεὺς
1231 4451 1433 4521 μέγας·
1468 4453 1497 4504 6
1530 4452 1604 4522 μὴ
1639 4451 1963 4506 ἐπείσακτον

379 4540 523 4611 ἔχων
545 4539 644 4610 τὴν
663 4539 851 4610 τιμὴν,
891 4539 919 4590 6
951 4536 1177 4608 μηδενὸς
1206 4535 1457 4606 δεόμενος
1486 4536 1572 4588 ἵνα
1689 4537 1959 4606 βασιλεὺς,

379 4625 412 4677 6
443 4622 623 4675 πάντα
669 4622 841 4674 ποιῶν
884 4621 983 4673 ὃσα
1035 4619 1303 4690 βούλεται.
1356 4617 1757 4686 Πορευθέντες
1831 4618 1960 4690 γάρ,

384 4706 538 4775 φησὶ,
564 4704 980 4773 μαθητεύσατε
1030 4701 1228 4757 πάντα
1273 4700 1346 4755 τὰ
1384 4701 1562 4770 ἒθνη’
1599 4701 1693 4754 καὶ
1739 4704 1767 4754 ὁ
1808 4701 1963 4770 λόγος

382 4790 546 4860 ἔργον
580 4790 819 4857 ἐγένετο.
866 4787 1047 4851 Θέλω,
1084 4787 1493 4854 καθαρίσθητι.
1534 4785 1636 4841 Σοί
1668 4785 1845 4854 λέγω,
1896 4785 1963 4838 τὸ

382 4872 692 4940 δαιμόνιον
742 4872 810 4926 τὸ
863 4870 1086 4940 κωφὸν,
1126 4870 1336 4934 ἔξελθε
1374 4869 1475 4923 ἀπ’
1502 4869 1710 4925 αὐτοῦ.
1744 4870 1962 4931 Σιώπα,

382 4955 719 5025 πεφίμωσο.
754 4955 1090 5024 Πορεύεσθε
1130 4955 1217 5019 εἰς
1258 4952 1321 5005 τὸ
1352 4953 1470 5020 πῦρ
1500 4952 1566 5005 τὸ
1616 4950 1967 5021 ἡτοιμασμέ-

383 5054 499 5091 νον
534 5037 614 5103 τῷ
640 5037 915 5102 δίαόόλῳ.
934 5035 1132 5100 Δεῦτε,
1159 5034 1653 5104 κληρονομήσατε
1671 5036 1786 5104 τὴν
1805 5035 1966 5102 ἢτοι-

378 5119 701 5190 μασμένηγ
742 5120 885 5191 ὑμῖν
927 5119 1255 5185 ,βασιλείαν
1311 5118 1423 5187 πρὸ
1454 5117 1791 5186 καταϐολῆς
1823 5121 1967 5173 κόσσ-

380 5222 525 5274 μου.
569 5205 731 5276 Ὁρᾷς
780 5202 1053 5275 πανταχοῦ
1099 5201 1196 5273 τὴν
1235 5200 1519 5268 ὲξουσίαν;
1558 5202 1693 5272 ὁρᾷς
1734 5201 1832 5271 τὴν
1873 5200 1964 5254 δύ-

384 5304 574 5359 ναμιν;
597 5288 753 5342 Οὕτω
775 5289 883 5358 γὰρ
913 5283 1027 5341 εἷλε
1059 5287 1184 5351 τοὺς
1216 5286 1652 5350 ὑπακούσαντας.
1683 5286 1758 5350 ῶς
1786 5289 1970 5340 πεῖσαι

384 5371 488 5441 τὴν
515 5371 692 5442 ψυχὴν
732 5371 993 5442 προέσθαι
1034 5371 1256 5440 μᾶλλον,
1296 5370 1329 5442 ἦ
1357 5370 1416 5424 τὸ
1443 5370 1734 5441 ἐπιταχθὲν
1766 5366 1971 5442 παρελ-

388 5452 527 5507 θεῖν.
562 5453 621 5507 '0
654 5453 752 5524 μὲν
778 5454 886 5526 γὰρ
918 5453 1171 5524 βασιλεὺς
1213 5455 1343 5526 παρ’
1371 5452 1550 5509 αὐτῶν
1575 5454 1683 5507 τῶν
1714 5455 1973 5525 ὑπηκόων

451 5631 479 5694 ἦ
512 5630 594 5694 δίο
611 5645 727 5694 mss.
757 5636 809 5679 et
830 5630 978 5694 Sgn'il.
1001 5630 1063 5680 Αἰ
1086 5630 1261 5680 Morel.
1285 5636 1342 5694 τῇ
1368 5629 1557 5694 ἐροῦσι,
1571 5631 1826 5680 mendose.

460 5690 489 5730 ι’
523 5692 691 5742 wore].
716 5691 902 5741 omittit
938 5696 1020 5750 ὡς,
1040 5694 1170 5754 quod
1213 5694 1292 5743 hic
1316 5690 1709 5752 deSiderabalur,
1732 5700 1782 5741 Pl
1806 5699 1879 5739 es!
1927 5691 1974 5740 in

385 5767 505 5805 ms.
533 5762 583 5804 et
605 5758 653 5804 in
677 5755 823 5803 Savil.

707 5830 983 5890 ΡΑΤιιοι..
1033 5830 1150 5891 Gn.
1204 5833 1327 5896 LV.

1440 314 1809 374 EXPOSITIO
1849 314 1913 368 1N
1955 313 2286 373 PSALMUM
2327 320 2515 379 XLVI.

3503 329 3609 385 2D

2026 428 2145 515 ἔχει
2175 431 2274 496 τὰς
2302 436 2500 505 τιμὰςο
2538 432 2691 502 οὗτος
2721 439 2777 493 δὲ
2811 441 2922 504 τοῖς
2955 439 3218 512 ὑπηκόοις
3245 441 3473 512 παρέχει
3510 447 3611 515 τὴν

2022 514 2209 585 τιμήν.
2253 517 2353 571 Διά
2399 519 2462 589 δὴ
2509 521 2687 587 τοῦτο,
2711 523 2872 576 τοῦτο
2906 522 3006 594 μὲν
3037 525 3210 595 όνομα
3248 525 3409 596 μόνον
3436 514 3609 590 ἐστὶν,

2024 597 2200 650 ἐκεῖνο
2229 599 2286 652 δὲ
2320 604 2573 673 πρᾶγμα.
2595 604 2855 667 Βασιλεὺς
2886 606 3060 676 μέγας
3087 617 3134 672 ε,
3154 606 3213 671 ὃς
3234 606 3333 678 τὴν
3363 610 3617 680 οἰκουμέ-

2025 698 2122 751 νην
2153 682 2371 738 ἆπασαν
2394 687 2618 755 οὐρανὸν
2659 689 2903 760 ἐποίησε,
2932 691 3027 743 καὶ
3053 690 3363 762 βαρϐάρους
3399 692 3615 761 φιλοσο-

2027 767 2149 833 φεῖν
2181 768 2582 836 παρεσκεύασε,
2614 772 2710 824 καὶ
2733 772 3000 840 ἀγγέλους
3031 774 3319 845 μιμεῖσθαι
3342 775 3619 846 προύτρε-

2025 847 2146 917 ψεν.
2177 849 2454 916 ’Υπέταξε
2510 854 2700 921 λαοὺς
2746 855 2909 925 ἡμῖν,
2968 860 3066 909 καὶ
3110 857 3256 925 ἔθνη
3309 857 3429 911 ὑπὸ
3476 858 3621 925 τοὺς

2027 932 2220 1000 πόδας
2243 933 2431 1002 ἡμῶν.
2461 938 2524 990 Ὦ
2538 938 2632 991 τοῦ
2667 938 2947 1009 θαύματος
2971 940 2983 992 ί
3009 940 3147 1001 Τοὺς
3174 941 3616 1013 σταυρώσαντας,

2026 1015 2251 1080 τούτους
2297 1018 2483 1073 ἔπεισε
2525 1025 2877 1092 προσκυνεῖν,
2923 1025 3050 1086 τοὺς
3099 1024 3440 1095 ὑϐρίζοντας,
3490 1028 3619 1091 τοὺς

2032 1100 2507 1173 βλασφημοῦντας,
2532 1107 2659 1170 τοὺς
2687 1106 2857 1171 λίθοις
2887 1107 3374 1179 προσηλωμένους,
3395 1109 3621 1174 τούτους

2031 1185 2238 1251 ἐδίδαξε
2277 1188 2371 1241 καὶ
2407 1188 2588 1259 ψυχάς
2638 1190 2901 1261 προέσθαι
2931 1190 3076 1244 κατὰ
3123 1191 3182 1244 τὸ
3218 1192 3367 1263 αὐτῷ
3405 1193 3618 1247 δοκοῦν.

2032 1269 2109 1321 Οὑ
2138 1268 2245 1340 γάρ
2266 1271 2374 1324 τῶν
2407 1272 2721 1326 ἀποστόλων
2757 1269 2826 1344 ἦν
2853 1274 2914 1327 τὲ
2956 1274 3311 1345 κατόρθωμα,
3347 1277 3485 1329 ἀλλά
3523 1276 3621 1330 τοῦ

2034 1352 2513 1420 προοδοποιοῦντος
2569 1357 2775 1423 αὐτοῖς,
2831 1357 2927 1410 καὶ
2969 1357 3071 1427 τὴν
3126 1357 3306 1411 αὐτῶν
3348 1359 3624 1421 κινοῦντος

2032 1434 2234 1507 ψυχήν.
2266 1438 2393 1501 Πῶς
2413 1439 2522 1512 γὰρ
2550 1442 2578 1496 6
2609 1441 2792 1504 ἁλιεὺς
2822 1441 2854 1511 ἦ
2878 1443 2906 1495 6
2932 1442 3257 1511 σκηνοποιὸς
3272 1443 3541 1511 τοσαύτην
3559 1444 3625 1498 ἂν

2037 1520 2344 1592 μετέθηκαν
2363 1524 2708 1596 οἰκουμένην,
2733 1525 2849 1578 ἀλλ’
2869 1524 2900 1595 ἦ
2918 1524 2987 1578 τὰ
3009 1525 3217 1579 ἐκείνου
3246 1528 3311 1597 ρή
3323 1544 3469 1597 ματα
3491 1526 3626 1581 πάν-

2033 1622 2103 1658 τα
2121 1605 2295 1659 ταῦτα
2313 1606 2620 1678 καθῄρειτά
2636 1608 2933 1680 κωλύματα
2954 1628 2967 1675 ;
2995 1610 3105 1663 Καὶ
3122 1610 3345 1680 γόητας,
3363 1611 3457 1664 καὶ
3474 1609 3623 1682 [192]

2034 1689 2353 1757 τυράννους,
2379 1692 2472 1743 καὶ
2504 1691 2763 1764 ῥήτορας,
2786 1693 2880 1745 καὶ
2910 1692 3257 1762 φιλοσόφους,
3284 1694 3379 1745 καὶ
3409 1695 3620 1756 πάντας

2036 1774 2161 1835 τοὺς
2210 1773 2640 1845 ἀνθισταμένους
2689 1776 2945 1847 καθάπερ
3008 1776 3158 1830 κόνιν
3197 1775 3627 1839 ἀποσοϐοῦντες,

2038 1856 2132 1910 καὶ
2166 1858 2373 1912 καπνὸν
2393 1858 2724 1923 διαλύοντες,
2755 1858 2929 1923 οὕτως
2953 1859 3211 1930 ἕσπειραν
3237 1860 3336 1930 τῆς
3368 1858 3630 1930 ἀληθείας
3738 1916 3745 1929 ,

2036 1938 2100 1993 τὸ
2132 1941 2267 2010 φῶς,
2307 1943 2406 2013 οὑχ
2441 1944 2649 2007 ὅπλοις,
2673 1944 2795 1997 οὐδὲ
2817 1945 3122 2015 χρημάτων
3153 1944 3463 2016 περιουσίᾳ,
3493 1943 3631 1997 ἀλλὰ

2018 2022 2184 2095 ’λόγῳ
2219 2027 2550 2097 κεχρημένοι
2600 2027 2769 2099 ψιλῷ·
2817 2027 3021 2096 μᾶλλον
3063 2027 3120 2080 δὲ
3159 2028 3259 2080 οὑκ
3299 2023 3368 2098 ἦν
3400 2026 3556 2097 ψιλὸς
3600 2029 3633 2079 6

2039 2106 2218 2177 λόγος,
2267 2109 2382 2162 ἀλλ’
2422 2110 2584 2181 ἔργον
2634 2110 2836 2175 παντὸς
2884 2108 3277 2181 δυνατώτερος.
3334 2110 3458 2173 Πῶς
3502 2105 3627 2174 οῦν;

2053 2191 2312 2246 Ἐκάλουν
2338 2193 2400 2246 τὸ
2430 2194 2601 2265 ὄνομα
2628 2193 2723 2247 τοῦ
2746 2193 3169 2265 σταυρωθέντος,
3207 2193 3303 2246 καὶ
3343 2194 3371 2246 6
3401 2193 3630 2255 θάνατος

2042 2275 2392 2346 ὲδραπέτευέ,
2443 2280 2539 2331 καὶ
2578 2277 2833 2349 δαίμονες
2879 2276 3296 2346 ἐφυγαδεύοντο,
3349 2276 3631 2346 νοσήματα

2042 2360 2252 2425 ἐλύετο,
2284 2360 2459 2413 λῶϐαι
2504 2360 2777 2431 σωμάτων
2800 2359 3145 2431 διωρθοῦντο,
3176 2358 3346 2414 κακία
3380 2358 3632 2429 ἀπηλαύ-

2042 2462 2194 2507 νετο,
2244 2445 2479 2499 κίνδυνοι
2528 2443 2885 2515 ἠφανίζοντο,
2931 2444 3025 2498 καὶ
3075 2446 3311 2515 στοιχεῖα
3367 2443 3631 2515 μετεϐάλ-

2042 2532 2215 2588 λοντο.

2115 2617 2283 2671 Ὅταν
2312 2614 2404 2672 οὖν
2437 2618 2666 2687 λέγωσιν
2691 2616 3018 2690 ἠμῖν,Διὰτί
3037 2616 3112 2688 μὴ
3132 2615 3426 2688 ἐϐοήθησεν
3455 2614 3633 2685 ἐαυτῷ

2046 2702 2139 2757 ἐπὶ
2167 2701 2261 2755 τοῦ
2296 2702 2565 2773 σταυροῦ;
2608 2703 2768 2757 τοῦτο
2798 2702 3068 2772 λέγωμεν,
3116 2701 3199 2754 ὅτι
3239 2699 3393 2754 τοῦτο
3420 2699 3634 2769 θαυμα-

2046 2787 2299 2856 στότερον
2328 2781 2416 2858 ἦν.
2454 2786 2528 2838 Οὑ
2566 2786 2677 2857 γὰρ
2704 2782 2772 2856 ἦν
2800 2784 2913 2838 ἴσον
2948 2787 3012 2837 ἐκ
3044 2782 3137 2835 τοῦ
3169 2782 3404 2853 σταυροῦ
3437 2782 3637 2837 κατελ-

2047 2871 2181 2936 θεῖν,
2212 2871 2304 2924 καὶ
2346 2870 2486 2941 μετά
2507 2874 2569 2923 τὸ
2595 2868 2977 2941 σταυρωθῆναι
3002 2867 3094 2919 ἐπὶ
3121 2865 3197 2936 τῷ
3218 2866 3443 2936 ὀνόματι
3466 2864 3634 2920 αὑτοῦ

2045 2954 2337 3018 τοσούτους
2363 2953 2670 3023 ἀναστῆσαι
2692 2951 2941 3021 νεκρούς.
2964 2952 3086 3006 Ὅτι
3111 2954 3222 3025 γὰρ
3243 2955 3336 3007 καὶ
3350 2953 3471 3004 τότε
3493 2949 3635 3004 ἑκὼν

2049 3040 2240 3110 ἔμενεν
2266 3037 2314 3103 δ,
2340 3039 2407 3092 ἐκ
2432 3036 2541 3091 τῶν
2569 3038 2706 3106 μετά
2743 3035 2916 3089 ταῦτα
2944 3036 3167 3103 ἔδειξεν.
3207 3039 3264 3090 '0
3298 3036 3404 3107 γάρ
3427 3034 3637 3104 ἑτέροις

2050 3121 2348 3176 ἐπελθόντα
2392 3120 2485 3174 τὸν
2526 3120 2758 3174 θάνατον
2805 3117 3074 3185 ἐκϐαλὼν,
3117 3119 3298 3189 πολλῴ
3343 3118 3544 3190 μᾶλλον
3580 3115 3641 3181 ἐξ

2052 3203 2268 3271 ἑαυτοῦ,
2297 3203 2479 3275 πρίνῆ
2505 3203 2775 3267 ἐπελθεῖν,
2799 3201 3228 3272 διακρούσασθαι
3254 3202 3503 3272 ἠδύνατο
3544 3201 3641 3253 καὶ

2051 3293 2079 3343 6
2105 3289 2313 3360 ἑτέροις
2354 3287 2613 3359 παρέχων
2642 3286 2807 3356 ζωὴν,
2832 3285 3012 3356 πολλῷ
3043 3287 3242 3357 μᾶλλον
3265 3284 3444 3355 ἐαυτῷ
3470 3301 3644 3354 παρα·-

2055 3375 2203 3444 σχεῖν
2232 3370 2496 3441 ἠδύνατο·
2531 3372 2668 3441 ὅπερ
2694 3371 2788 3423 καὶ
2823 3370 3047 3441 ἐποίησε
3081 3369 3219 3440 μετὰ
3246 3370 3397 3440 τρεῖς
3424 3367 3644 3438 ἡμέρας

2054 3456 2299 3527 ἐγερθεὶς
2333 3458 2398 3509 ὲκ
2430 3454 2629 3524 πολλῆς
2658 3454 2759 3524 τῆς
2793 3453 3132 3525 περιουσίας.
3192 3455 3299 3509 Καὶ
3357 3454 3516 3507 τοῦτο
3556 3450 3647 3506 διὰ

2053 3539 2162 3593 τῶν
2192 3538 2333 3611 μετά
2366 3538 2544 3592 ταῦτα
2587 3536 2807 3602 ἔδειξεν.
2836 3537 3003 3590 Ὅταν
3048 3537 3157 3608 γὰρ
3191 3537 3250 3591 τὸ
3278 3536 3447 3607 ὄνομα
3481 3533 3645 3589 αὑτοῦ

2056 3624 2150 3677 ἐπὶ
2210 3624 2479 3693 σωμάτων
2524 3619 2821 3691 ἀλλοτρίων
2873 3620 3136 3689 φαίνηται
3191 3619 3461 3690 τοσαύτην
3527 3619 3646 3688 ἔχον

2062 3707 2234 3776 ἰσχὺν,
2270 3705 2346 3768 ὼς
2390 3703 2722 3774 καλούμενον
2771 3702 3106 3771 φυγαδεῦσαι
3150 3702 3240 3754 τὸν
3282 3701 3533 3763 θάνατον,
3564 3701 3649 3753 ούο

2056 3790 2168 3853 δεῖς
2210 3788 2573 3860 ἀμφιϐάλλειν
2621 3786 2823 3838 δύναιτ’
2860 3786 2947 3850 ἂν,
2990 3786 3073 3838 ὅτι
3119 3785 3213 3838 καὶ
3243 3786 3300 3838 ἐν
3347 3783 3426 3855 τῷ
3463 3784 3650 3853 οἰκείῳ

2059 3871 2260 3941 πολλὴν
2292 3870 2355 3924 ἄν
2382 3870 2481 3941 τὴν
2507 3871 2660 3941 ίσχὺν
2681 3868 3015 3933 ἐπεδείξατο,
3062 3867 3158 3920 καὶ
3187 3866 3276 3919 τὸν
3295 3866 3526 3920 θάνατον
3551 3866 3651 3917 ὑπο

2060 3953 2577 4021 έταξεν.⁶Υπέταξε
2614 3952 2803 4017 λαοὺς
2826 3951 2990 4021 ἡμῖν,
3024 3951 3123 4003 καὶ
3163 3951 3307 4018 ἔθνη
3342 3949 3461 4004 ὑπὸ
3506 3950 3649 4015 τοὺς

2060 4039 2251 4106 πόδας
2285 4036 2625 4108 ἡμῶν.”υρα
2655 4036 2750 4090 τοῦ
2778 4036 3065 4106 Προφήτού
3093 4035 3192 4105 τὴν
3228 4034 3444 4104 σοφίαν,
3470 4033 3650 4086 πάντα

2064 4123 2204 4196 μετὰ
2233 4122 2518 4193 ἀκριϐείας
2550 4122 2822 4190 λέγοντος.
2856 4121 2921 4173 Ὂ
2952 4119 3062 4189 γὰρ
3093 4117 3231 4189 μετὰ
3264 4116 3436 4171 ταῦτα
3465 4117 3651 4184 ἔλεγον

2060 4210 2110 4262 οἱ
2142 4207 2432 4261 ἀπόστολοι
2493 4206 2554 4260 Τί
2583 4204 2725 4274 ἡμῖν
2766 4202 3097 4272 προσέχετε
3134 4212 3179 4265 ε,
3203 4201 3284 4265 ὡς
3321 4199 3442 4268 ἰδίᾳ
3475 4199 3654 4252 δυνά-

2056 4309 2155 4362 μει
2182 4291 2220 4360 ἢ
2249 4289 2525 4357 εὐσεϐείᾳ
2551 4289 2913 4355 πεποιηκόσι
2941 4286 3049 4340 τοῦ
3071 4283 3420 4353 περιπατεῖν
3442 4286 3653 4344 αὐτοις

2061 4376 2223 4428 τοῦτο
2257 4372 2461 4428 ἄνωθεν
2488 4373 2514 4425 ό
2554 4372 2844 4443 Προφήτης
2878 4368 3047 4433 λέγει.
3088 4369 3163 4420 Τὸ
3195 4367 3275 4429 δὲ,
3313 4366 3459 4418 Ὑπὸ
3510 4363 3654 4428 τοὺς

2063 4459 2277 4524 πόδας,
2308 4458 2368 4509 τὸ
2396 4455 2838 4524 ὑποτεταγμένον
2876 4452 3046 4522 δηλοῖ,
3073 4450 3272 4520 μᾶλλον
3300 4449 3355 4502 δὲ
3385 4449 3482 4517 τὴν
3522 4446 3654 4499 πολ-

2063 4542 2163 4613 λὴν
2196 4540 2497 4609 ὑποταγὴν.
2530 4538 2640 4590 Καὶ
2688 4538 2738 4589 εί
2779 4535 2957 4606 βούλει
3008 4534 3198 4605 μαθεῖν
3223 4535 3323 4604 τῆς
3369 4530 3654 4600 ὑποταγῆς

2063 4626 2164 4695 τὴν
2200 4622 2468 4683 ἐπίτασιν,
2517 4620 2745 4673 ἄκουσον
2767 4636 2781 4649 ο
2803 4619 2968 4672 Ὅσοι
2998 4618 3303 4686 κτήτορες,
3350 4617 3505 4686 φησί,
3541 4633 3655 4685 χω-

2058 4709 2211 4775 ρ.’ων
2244 4705 2279 4773 ἣ
2309 4704 2509 4759 οἰκιῶν
2543 4704 2561 4741 ί
2594 4702 2895 4771 ὑπῆρχον,
2927 4702 3272 4768 πωλοῦντες
3304 4701 3523 4770 ἔφερον
3550 4699 3656 4766 τὰς

2067 4792 2239 4861 τιμὰς
2268 4788 2385 4843 τῶν
2401 4787 2925 4857 πιπρασκομένων,
2959 4786 3057 4840 καί
3080 4783 3495 4853 ἑτίθουνπορὰ
3514 4786 3655 4849 τοὺς

2069 4874 2262 4939 πόδας
2292 4872 2408 4926 τῶν
2437 4872 2819 4926 ἀποστόλων.
2847 4870 3063 4941 ’Έτεροι
3102 4869 3159 4922 δέ
3206 4870 3344 4939 μετὰ
3374 4868 3482 4923 τῶι
3522 4883 3656 4939 γρη-

2072 4959 2275 5029 μάτων,
2310 4956 2402 5009 καὶ
2423 4956 2523 5025 τὴν
2550 4954 2725 5024 ψυχὴν
2746 4954 3018 5026 προΐεντο.
3054 4954 3284 5020 Οἵτινες
3314 4952 3443 5024 γὰρ,
3472 4952 3656 5020 φησὶν,

2068 5040 2221 5109 ὑπὲρ
2264 5039 2375 5109 τῆς
2410 5037 2623 5109 ψυχῆς
2659 5055 2778 5106 μου
2827 5036 2935 5091 τὸν
2966 5036 3196 5091 ἑαυτῶν
3223 5036 3529 5105 τράχηλον
3553 5035 3660 5087 ὐπ-

2068 5123 2312 5191 ἐθηκαν.
2346 5125 2456 5176 Καὶ
2486 5122 2614 5194 περὶ
2646 5122 2847 5193 ἐτέρων
2872 5121 2929 5174 δέ
2954 5120 3182 5191 γράφων
3210 5119 3415 5186 ἔλεγεν,
3444 5119 3585 5179 Ὅτι,
3605 5119 3659 5169 εὶ

2070 5207 2352 5271 δυνατὸν,
2387 5206 2531 5271 τοὺς
2557 5204 2904 5276 ὀφθαλμοὺς
2962 5202 3130 5272 ὑμῶν
3157 5201 3555 5269 ἐξορύξαντες
3581 5199 3659 5253 ἂν

2071 5289 2329 5345 ἐδώκατέ
2377 5307 2500 5360 μοι.
2535 5289 2648 5343 Καί⁵
2690 5286 2997 5359 Κορινθίοις
3029 5287 3085 5339 δὲ
3118 5284 3445 5340 ἐπιστέλλων
3476 5284 3659 5354 ἔλεγεν

2136 5449 2160 5478 °
2187 5446 2357 5495 Morel.
2408 5451 2462 5494 et
2507 5444 2659 5494 Savil.
2705 5444 2855 5505 μέγας
2888 5442 3041 5500 οὗτος,
3078 5441 3166 5491 sed
3208 5440 3346 5497 οὗτος
3368 5439 3655 5492 fereamss.

2073 5507 2233 5569 οἰκέει.
2262 5508 2472 5569 Legitur
2498 5513 2659 5556 Lameu
2683 5504 2734 5554 in
2760 5504 3063 5554 Colberliuo.

2138 5567 2163 5606 ά
2193 5570 2291 5631 Alii
2313 5567 2558 5631 ὑπέμενεν.

2142 5633 2164 5659 ε
2193 5629 2364 5677 Morel.
2390 5621 2443 5693 ἐι
2462 5627 2546 5678 alii
2566 5628 2832 5693 προσέχεις.
2856 5625 3007 5693 Ξανὶἰ.
3030 5626 3238 5691 ἐξουσίᾳ.
3269 5626 3422 5675 Paulo
3444 5632 3553 5688 post
3569 5621 3653 5675 aﬁi

2077 5693 2132 5740 τὸ
2152 5692 2515 5752 ὑποτεταμένον,
2542 5688 2625 5741 alii
2651 5690 2707 5738 τὸ
2719 5688 3069 5752 ἐπιτεταμένον.

2147 5751 2164 5789 ί
2192 5752 2272 5801 Sic
2297 5749 2480 5816 legitur
2505 5755 2551 5800 in
2578 5753 2729 5801 Actis.
2756 5750 2930 5799 Morel.
2955 5749 3143 5814 χωρίων
3168 5749 3372 5798 οἰκείων.

3241 5836 3315 5893 13
