4064 6412
508 310 621 365 213

504 427 543 481 ό
578 426 791 492 Παῦλος
810 441 823 457 ·
859 425 1007 483 Ἰδοὺ
1039 427 1145 498 γὰρ
1174 428 1320 482 αὐτύ
1350 429 1526 483 τοῦτο
1554 428 1621 482 τὸ
1641 427 1790 483 κατὰ
1817 428 1966 482 Θεὸν
1991 432 2095 483 λυ-

514 512 782 580 πηθῆναι
851 510 1041 580 ὑμᾶς,
1099 513 1304 579 πόσην
1353 511 1785 582 κατειργάσατο
1845 513 1916 567 ἐν
1950 512 2096 583 ὑμῖν

510 593 821 661 σπουδήνο
861 593 1022 648 ἀλλὰ
1059 594 1412 664 ἀπολογίαν,
1459 596 1621 650 ἀλλὰ
1656 594 2090 664 ἀγανάκτησιν,

508 678 671 732 ἀλλὰ
723 679 939 747 φόϐον,
999 677 1164 731 ἀλλὰ
1219 679 1606 746 ἐπιπόθησιν,
1668 679 1831 733 ἀλλὰ
1886 679 2091 748 ζῆλον,

506 762 647 819 ἀλλ’
686 763 1023 828 ἐκδίκησιν·
1064 762 1240 825 οὕτως
1272 762 1472 827 αὐτοὺς
1514 763 1744 835 ἔτρεμον
1773 764 1868 818 καὶ
1897 764 2092 818 ἐδεδοί-

504 864 716 901 κεισαν.
750 846 859 902 Καὶ
884 849 914 901 ὁ
940 848 1156 911 Λουκᾶς
1187 846 1350 902 πάλιν
1378 846 1606 918 γράφων
1632 847 1806 917 ἔλεγε’
1839 847 1947 902 Kal
1973 846 2092 902 τῶν

505 930 735 987 λοιπῶν
776 932 981 998 οὐδεὶς
1022 931 1250 1000 ἐτόλμα
1295 929 1636 987 κολλᾶσθαι
1685 931 1911 999 αὐτοῖς,
1950 932 2089 987 ἀλλ’

502 1015 1127 1087 ἐμεγάλυνεν-αὐτοὺς
1156 1019 1189 1070 ό
1215 1018 1385 1083 λαός.
1410 1018 1521 1071 Καὶ⁸
1549 1016 1733 1071 πάλιν·
1772 1017 1833 1071 Τί
1854 1017 2085 1083 θέλει-ες

500 1101 573 1154 ἐν
588 1099 791 1169 ῥάϐδῳ
815 1100 972 1156 ἔλθω
1001 1099 1151 1169 πρὸς
1182 1098 1357 1171 ὑμᾶς,
1392 1100 1430 1168 ἢ
1463 1100 1534 1154 ἐν
1567 1099 1769 1172 ἀγάπη
1797 1100 2089 1171 πνεύματί

501 1201 567 1239 τε
595 1187 964 1253 πραότητος;

569 1270 633 1324 δ’.
665 1269 817 1341 [195]
849 1265 1001 1333 Εἶδες
1040 1269 1336 1325 αύθεντίαν
1361 1272 1457 1324 καὶ
1502 1270 1781 1337 ἐξουσίαν;
1821 1268 2006 1324 Ταῦτα
2031 1268 2088 1324 δέ

496 1353 683 1407 πάντα
714 1354 777 1407 τὸ
814 1354 966 1426 ῥῆμα
994 1355 1172 1407 ἐκεῖνο
1215 1354 1411 1421 ἐποίει,
1444 1355 1582 1427 ὅπερ
1622 1357 1810 1427 εἴρηκε
1850 1353 2087 1425 πέμπων

501 1438 717 1502 αὐτοὺς,
754 1439 837 1490 ὅτι
878 1437 1025 1505 Ἐγὼ
1048 1441 1181 1506 μεθ’
1221 1437 1389 1508 ὑμῶν
1412 1441 1550 1508 είμι.
1586 1440 1755 1502 Αὐτὸς
1796 1438 1864 1492 τὰ
1912 1436 2086 1492 κωλύο

503 1540 650 1593 ματα
672 1521 904 1594 καθῄρει
933 1521 1243 1595 ἔμπροσθεν
1271 1523 1453 1577 αὐτῶν
1480 1525 1846 1596 πορευόμενος
1866 1540 1881 1555 ·
1922 1521 2084 1586 αὐτὸς

501 1606 716 1660 ἅπαντα
761 1605 1111 1679 ὲξευμάριζε,
1162 1606 1257 1660 καὶ
1308 1607 1377 1660 τὰ
1418 1606 1655 1661 δύσκολα
1695 1607 1873 1660 ἐποίει
1904 1605 2080 1678 ῥᾴδια.

499 1690 692 1744 Καίτοι
724 1689 903 1743 πάντα
946 1689 1197 1761 πολέμων
1236 1690 1423 1761 ἔγεμε,
1470 1692 1644 1745 πάντα
1684 1689 1948 1763 κρημνῶν
1991 1689 2086 1742 καὶ

499 1773 802 1839 σκοπέλων,
832 1774 927 1827 καὶ
954 1774 1074 1827 ούδέ
1096 1774 1229 1827 ὅπου
1254 1774 1460 1845 ἐρεῖσαι
1488 1773 1622 1827 πόδα
1641 1774 1790 1844 ἐνῆν,
1817 1772 1937 1827 ούδέ
1962 1772 2086 1841 στῆ·

498 1874 587 1910 ναι
605 1873 620 1888 ·
667 1858 869 1921 πάντες
896 1860 944 1911 οί
982 1854 1202 1930 λιμένες
1232 1859 1716 1931 προσκεχωσμένοι
1745 1854 1906 1930 ἦσαν,
1932 1859 2084 1911 πᾶσα

488 1944 646 1999 ὀἰκία
692 1945 1190 2015 ἀποκεκλεισμένη,
1233 1946 1454 2000 πάντων
1491 1944 1562 1999 τά
1604 1940 1720 2000 ῶτα
1755 1955 1774 1976 ⁸
1797 1946 2083 2016 ἐμπεφρα-

488 2028 692 2099 ηγμένα·
729 2028 845 2082 ἀλλ’
871 2029 1021 2099 ὅμως
1049 2029 1185 2100 ὁμοῦ
1208 2046 1267 2082 τε
1293 2030 1569 2101 εἰσῄεσαν,
1601 2030 1697 2084 καὶ
1727 2030 2081 2099 ἐφθέγγοντο,

495 2115 592 2167 καὶ
623 2115 800 2167 πάντα
853 2113 1118 2167 κατέλυον
1153 2112 1264 2168 τῶν
1296 2114 1574 2185 πολεμίων
1615 2114 1684 2169 τὰ
1726 2113 2079 2187 ὀχυρώματα,

479 2197 571 2262 ιὼς
621 2197 715 2252 καὶ
766 2197 937 2261 αὑτὰς
985 2199 1084 2263 τὰς
1131 2197 1309 2270 ψυχὰς
1353 2199 1659 2271 προίεσθαι,
1700 2201 1796 2255 καί
1854 2199 2082 2271 μυρίους

494 2280 681 2336 λοιπὸν
722 2281 1012 2353 ἀνέχεσθαι
1060 2282 1341 2345 κινδύνους
1388 2282 1529 2353 ὑπὲρ
1584 2283 1692 2337 τῶν
1751 2283 2078 2355 εἰρημένων.

506 2366 857 2431 Ἐξελέξατο
891 2366 1038 2436 ἡμῖν
1067 2366 1185 2435 τὴν
1226 2367 1639 2437 κληρονομίαν
1667 2368 1908 2431 ἑαυτοῦ,
1964 2366 2082 2435 τὴν

494 2448 817 2516 καλλονὴν
851 2450 1080 2513 Ἰακὼϐ,
1112 2448 1192 2518 ἣν
1214 2449 1556 2519 ἠγάπησεν.
1580 2450 1792 2515 Ἀλλος,
1833 2452 1943 2504 Τόν
1985 2451 2079 2505 ἐν·

493 2534 809 2603 δοξασμὸν
835 2534 1203 2607 Ἰακώϐ.”ορα
1225 2535 1563 2607 προφητείας
1582 2534 1887 2607 ἀκρίϐειαν.
1913 2532 2081 2589 Ἀνω-

491 2618 637 2688 τέρω
686 2617 785 2687 μὲν
829 2612 924 2671 οὖν
965 2617 1178 2687 ἔλεγεψ
1220 2618 1498 2684 Ὑπέταξε
1550 2619 1741 2684 λαοὺς
1791 2618 1938 2689 ἡμῖν
1979 2619 2079 2672 καί

490 2702 656 2769 ἔθνη.
694 2700 806 2755 Καὶ
840 2701 949 2773 γάρ
973 2700 1214 2755 Ἰουδαῖοι
1250 2701 1467 2773 πρῶτον
1503 2701 1827 2774 προσῆλθον,
1864 2704 2078 2774 πρῶτον

488 2783 800 2855 τρισχίλιοι,
848 2781 967 2838 εἶτα
1016 2785 1465 2855 πεντακισχίλιοι,
1503 2786 1597 2840 καὶ
1634 2785 1772 2857 μετὰ
1801 2786 1973 2840 ταῦτα
2008 2786 2078 2841 τὰ

489 2866 641 2939 ἔθνη.
679 2869 789 2923 Καὶ
822 2870 933 2939 γὰρ
979 2869 1144 2931 αὐτὸς
1185 2870 1347 2925 πάλιν
1372 2869 1557 2938 ἔλεγε·
1593 2870 1706 2925 Kal
1751 2870 1914 2925 ἄλλα
1957 2873 2077 2940 ἔχω

488 2951 775 3017 πρόϐατα,
816 2952 1066 3006 κάκεῖνά
1090 2970 1168 3023 με
1195 2953 1293 3007 δεῖ
1320 2954 1586 3023 ἀγαγεῖν,
1621 2953 1722 3008 καί
1756 2952 2075 3023 γενήσεται

482 3034 593 3100 μία
620 3035 866 3104 ποίμνη,
904 3031 994 3102 εἷς
1038 3037 1282 3107 ποιμήν.
1333 3035 1464 3091 Εἶτα
1495 3038 1580 3091 ίνα
1611 3038 1684 3109 μὴ
1714 3035 1956 3102 ἀκούσας
1991 3039 2072 3105 τὸ,

482 3114 839 3183 Ἔξελέξατο
863 3119 1010 3188 ημῖν
1040 3119 1156 3187 τὴν
1179 3118 1593 3187 κληρονομίαν
1619 3115 1818 3188 ἐαυτῷ,
1846 3119 2085 3192 διαπορῇ

478 3217 590 3266 τις,
619 3201 713 3256 καὶ
744 3202 1187 3275 ταλαιπωρῖγιαι,
1221 3203 1317 3257 καὶ
1359 3202 1519 3276 λέγῃ·
1556 3203 1683 3268 Πῶς
1711 3198 1806 3259 οὖν
1834 3202 2088 3259 Ἰουδαῖοι

486 3283 582 3337 νῦν
608 3285 929 3352 ἁπιστοῢσις
975 3291 1041 3359 τῇ
1077 3286 1456 3359 ἐπιδιορθώσει
1497 3288 1595 3361 τὴν
1622 3289 1856 3362 ἀπορίαν
1894 3290 2069 3345 ἔλυσε.

487 3368 741 3424 Μάλιστα
774 3372 872 3441 μὲν
897 3371 1027 3443 γὰρ,
1062 3371 1124 3424 τὸ
1157 3372 1321 3425 αὑτοῦ
1361 3373 1547 3444 μέρος.
1579 3375 1869 3436 κάκείνους
1889 3374 2072 3442 ἐξελέ-

486 3450 639 3516 ξατο,
675 3454 771 3506 καὶ
796 3454 859 3507 τὸ
905 3457 987 3519 εἰς
1036 3456 1201 3509 αὑτὸν
1228 3452 1385 3528 ἧκον,
1415 3448 1609 3512 οὐδένα
1647 3458 1883 3526 ἀφῆκεν.
1923 3457 2072 3511 Εἰδέ

482 3536 673 3591 καὶτὸ
711 3537 863 3602 τέλος
905 3539 1243 3611 ἐπιζητοίης,
1290 3539 1454 3594 ἄκουε
1502 3541 1611 3593 τῶν
1662 3542 1819 3609 ἑξῆς·
1875 3542 2070 3610 ἐπάγει

483 3622 622 3694 γάρ·
671 3621 789 3691 Τὴν
825 3623 1143 3692 καλλονὴν
1175 3624 1400 3687 Ἰακὼϐ,
1447 3623 1529 3693 ἢν
1573 3625 1912 3695 ἠγάπησεν.
1953 3627 2071 3679 Ἐν-

482 3704 656 3759 ταῦθα
690 3707 799 3777 γάρ
848 3724 937 3777 μοι
978 3710 1104 3773 τοὺς
1146 3710 1372 3773 πιστοὺς
1417 3709 1568 3763 δοκεῖ
1621 3710 1822 3780 λέγειν,
1865 3712 2001 3782 ὅπερ
2042 3713 2070 3766 ὁ

483 3788 696 3856 Παῦλος
727 3790 902 3862 δηλῶν
938 3792 1160 3862 ἔλεγενο
1201 3796 1324 3864 Οὐχ
1359 3789 1491 3849 οἷον
1522 3794 1591 3849 δὲ
1636 3795 1725 3849 ὅτι
1768 3795 2071 3850 ἐκπέπτω-

483 3889 594 3925 κεν
639 3877 672 3928 ό
719 3877 905 3945 λόγος
947 3876 1056 3931 τοῦ
1109 3876 1291 3931 Θεοῦ’
1336 3879 1407 3933 οὑ
1447 3878 1557 3948 γὰρ
1610 3880 1834 3946 πάντες
1887 3883 1943 3933 οί
1999 3878 2070 3945 ἐξ

496 3953 768 4026 Ἰσραὴλ,
808 3957 975 4016 οὗτοι
1017 3960 1280 4031 Ἰσραὴλ,
1311 3962 1448 4018 ἀλλ’
1478 3964 1548 4018 ἐν
1589 3964 1797 4019 Ἰσαὰκ
1844 3964 2070 4032 κληθή-

481 4042 657 4095 σεταί
690 4056 789 4096 σοι
839 4043 1112 4113 σπέρμα·
1160 4046 1497 4112 τουτέστιν,
1532 4047 1622 4101 ὅτι
1662 4050 1735 4102 οὐ
1774 4047 1848 4101 τὰ
1886 4048 2072 4104 τέκνα

479 4123 592 4192 τῆς
620 4125 866 4194 σαρκὸς,
890 4128 1075 4181 ταῦτα
1092 4127 1275 4182 τέκνα
1294 4130 1400 4185 τοῦ
1424 4132 1590 4199 Θεοῦ,
1614 4131 1777 4188 ἀλλὰ
1796 4132 1869 4187 τὰ
1888 4134 2070 4189 τέκνα

480 4206 595 4276 τῆς
623 4209 984 4280 ἐπαγγελίας
1011 4210 1303 4276 λογίζεται
1328 4215 1417 4280 εις
1442 4215 1701 4285 σπέρμα.
1735 4216 1979 4288 Καλλονὴ
2011 4219 2069 4272 δέ

478 4292 576 4345 τοῦ
593 4292 723 4347 λαοῦ
754 4294 978 4359 εἰκότως
999 4293 1062 4349 ἂν
1083 4299 1127 4349 οἱ
1155 4297 1337 4350 πιστοί
1363 4296 1625 4367 λέγοιντο.
1650 4300 1716 4353 Τί
1748 4302 1857 4374 γάρ
1878 4300 2069 4374 ὡραιό-

477 4394 636 4448 τερον
666 4378 891 4433 ἐκείνων
919 4379 1028 4433 τῶν
1059 4382 1500 4451 πιστευσάντων;

552 4470 932 4543 κληρονομίαν
960 4472 1016 4527 δέ
1047 4472 1215 4528 αὐτοῦ
1244 4475 1399 4529 καλεῖ
1435 4475 1497 4529 τὸ
1527 4475 1697 4543 ἔθνος,
1734 4478 1831 4550 οὐχ
1860 4477 1938 4543 ὡς
1957 4479 2067 4535 τῶν

478 4563 654 4617 ἄλλων
687 4565 970 4638 ἀμελήσας
1014 4568 1168 4635 ποτὲ,
1199 4567 1336 4624 άλλά
1386 4570 1487 4642 τὴν
1526 4570 1781 4626 ἐπίτασιν
1805 4571 1907 4644 τῆς
1938 4573 2067 4646 περὶ

478 4647 677 4709 αὐτοὺς
710 4649 933 4721 ἀγάπης
962 4650 1053 4704 καὶ
1082 4652 1181 4722 τὴν
1205 4652 1497 4721 οἰκείωσιν,
1539 4655 1633 4709 καὶ
1664 4655 1765 4727 τῆς
1809 4658 2067 4728 προνοίας

476 4730 576 4801 τὴν
602 4730 931 4813 προσθήκην
970 4734 1433 4807 ἐπιδεικνύμενος.
1472 4739 1582 4793 Καὶ
1622 4738 1709 4793 ἴνα
1749 4739 1927 4813 μάθῃς
1967 4740 2066 4813 τὴν

478 4812 765 4885 ἀκρίϐειαν
792 4814 891 4885 τὴν
923 4819 1290 4891 προφητικίψ,
1330 4821 1433 4892 ὅρα
1463 4820 1580 4885 πῶς
1614 4824 1680 4894 τῇ
1716 4812 1835 4877 τῶν
1853 4812 2065 4878 πολλῶν

477 4898 745 4967 κέχρηται
783 4898 948 4966 λέξει,
1041 4903 1133 4955 ἐπὶ
1155 4903 1263 4955 τῶν
1301 4904 1479 4959 ὠνίων
1505 4906 1553 4958 οί
1584 4906 1770 4960 πολλοί
1802 4908 2059 4978 χρῶνται.

478 4980 671 5035 Πολλοὶ
706 4982 815 5054 γάρ
847 4983 1109 5050 πολλάκις
1137 4986 1437 5058 ὠνούμενοί
1467 5006 1540 5053 τι,
1576 4988 1842 5063 καλλονὴν
1879 4994 2062 5047 ἐκεῖνα

474 5065 694 5137 λέγουσι
725 5067 790 5121 τὰ
836 5068 944 5123 τῶν
984 5069 1160 5124 ἄλλων
1212 5072 1570 5145 ὑπερέχοντα.
1611 5075 1836 5140 Δεικνὺς
1881 5076 2062 5133 τοίνυν

473 5152 556 5206 ὅτι
600 5153 663 5206 ού
719 5153 922 5217 πάντες
970 5154 1326 5228 σωθήσονται,
1379 5158 1534 5230 φησί,
1573 5157 1697 5228 Τὴν
1744 5163 2062 5231 καλλονὴν

487 5236 716 5295 Ἰακώϐ.
745 5237 929 5292 Ταῦτα
952 5239 1047 5293 καὶ
1074 5241 1132 5294 ἐν
1160 5243 1270 5305 τοῖς
1290 5238 1639 5311 Εὐαγγελίοις
1659 5243 1936 5299 δείκνυται
1972 5248 2061 5303 διά

479 5321 686 5401 μυρίων
734 5323 1079 5395 παραϐολῶν.
1114 5324 1319 5393 Ἀνέϐη
1355 5329 1387 5379 ό
1430 5326 1575 5392 Θεὸς
1610 5328 1681 5381 ἐν
1707 5328 2058 5401 ἀλαλαγμῷ.

476 5403 589 5486 ρύκ
611 5400 785 5470 εἶπεν,
818 5406 1173 5478 ἀνεϐιϐάσθη,
1202 5408 1338 5473 ἀλλ’,
1370 5409 1566 5479 Ἀνέϐη
1585 5429 1597 5443 ·
1621 5411 1833 5478 δεικνὺς
1861 5400 2059 5486 δτιίοὺχ

478 5483 662 5557 ἐτέρου
694 5488 835 5552 τινὸς
857 5490 1325 5559 χειραγωγοῦντος
1352 5493 1543 5565 ἀνέϐη,
1583 5495 1700 5549 ἀλλ’
1739 5498 1901 5561 αὐτὸς
1931 5483 2059 5551 ταύζ

538 5704 682 5782 ξίδίἰὶ
711 5708 862 5782 πάντα
884 5707 947 5756 τὰ
965 5710 1082 5758 ὦτα.
1114 5712 1263 5765 Paulo
1288 5724 1392 5780 post
1422 5717 1596 5767 Morel.
1632 5720 1934 5782 κατελύοντο,
1970 5724 2056 5771 alii

479 5770 724 5829 κατέλυον,
748 5770 946 5818 melius.

1189 309 1247 367 S.
1287 308 1569 367 JOANle
1603 309 2093 370 CHRYSOSTOMI
2133 311 2454 372 ABCHIEP.
2495 315 3042 377 (:ONSTANTINOP.

3679 327 3777 385 2H

2205 448 2305 502 την
2334 431 2536 486 ὁδεύων
2565 433 2664 505 τὴν
2696 434 2837 488 ὁδόν.
2873 436 2933 488 '0
2965 436 3063 502 μὲν
3092 436 3200 508 γὰρ
3234 436 3417 503 Ἠλίας
3441 437 3563 495 οὐδὲ
3593 444 3780 497 τοσαύ-

2200 529 2301 584 την
2348 514 2518 569 ἐλθὼν
2555 516 2688 586 ὅσην
2717 520 2746 571 ό
2774 518 3029 590 Χριστὸς,
3070 521 3161 589 ὑφ’
3194 522 3389 593 ἐτέρας
3427 520 3593 593 ἤγετο
3630 525 3780 580 δυνά-

2205 613 2368 666 μεως.
2396 598 2470 651 Ού
2495 598 2603 672 γὰρ
2623 595 2690 671 ἦν
2714 600 3061 674 ἀνθρωπίνης
3099 602 3317 673 φύσεως
3344 604 3606 660 δύνασθαι
3629 606 3778 680 ξένην

2200 680 2405 735 ὁδεύειν
2419 682 2556 737 ὀδόν.
2571 683 2629 736 Ὀ
2649 683 2705 736 δὲ
2732 685 3039 756 Μονογενὴς
3055 686 3221 757 ἀνέϐη
3242 688 3415 759 οίκείᾳ
3432 686 3667 760 ἐξουσία.
3686 692 3779 747 Διὰ

2198 763 2261 835 δὴ
2296 764 2456 818 τοῦτο
2479 766 2576 820 καὶ
2618 766 2646 819 ὁ
2679 768 2892 833 Λουκᾶς
2922 767 3256 843 [1941ούτως
3282 770 3461 841 ἔλεγε⁸
3489 772 3600 827 Kal
3625 770 3779 843 ἦσαν

2197 845 2567 917 ἀτενίζοντες
2592 852 2999 919 πορευομένου
3027 852 3215 907 αὑτοῦ
3244 856 3331 921 είς
3362 853 3468 909 τὸν
3501 858 3772 924 οὐρανόν.

2197 931 2312 984 οὐκ
2359 928 2531 1000 εἶπεν,
2566 933 3084 1006 ἀναλαμϐανομένου
3128 937 3315 1003 αὑτοῦ,
3348 937 3466 991 οὐδὲ
3512 938 3773 1007 βαστάζο-

2198 1014 2393 1084 μένου’
2434 1018 2628 1089 πορεία
2673 1017 2782 1089 γὰρ
2830 1018 2996 1071 αὐτοῦ
3042 1019 3149 1074 ἰδία
3178 1020 3240 1074 τὸ
3288 1021 3570 1091 γινόμενον
3600 1019 3686 1093 ἦν.
3715 1025 3773 1077 Εἰ

2194 1097 2250 1152 δὲ
2280 1100 2388 1171 πρὸ
2420 1100 2516 1154 τοῦ
2551 1102 2784 1173 σταυροῦ
2821 1102 2914 1155 ἐπὶ
2946 1103 3055 1158 τῶν
3087 1104 3296 1159 ὑδάτων
3317 1106 3564 1176 ἐφέρετο,
3600 1107 3772 1179 παθη-

2192 1181 2286 1235 τὸν
2322 1183 2402 1237 ἔτι
2434 1185 2529 1237 καὶ
2567 1184 2706 1258 βαρὺ
2735 1188 3118 1259 περικείμενος
3146 1188 3329 1258 σῶμα,
3359 1191 3412 1243 τί
3439 1189 3770 1261 θαυμαστὸν,

2194 1268 2243 1319 εἰ
2282 1268 2376 1321 καὶ
2426 1268 2567 1338 μετά
2609 1269 2673 1323 τὸ
2717 1269 2996 1342 ἄφθαρτον
3050 1272 3183 1325 αὐτὸ
3243 1272 3448 1336 λαϐεῖν,
3499 1275 3594 1329 τὸν
3638 1275 3771 1346 ἀέρα

2192 1348 2416 1419 ἔτεμνε;
2451 1351 2561 1405 Ποῦ
2588 1351 2645 1405 δὲ
2678 1354 2783 1407 Ἑν
2826 1353 3187 1424 ἀ.1αλαγμῷ;
3225 1357 3322 1420 Τίς
3366 1355 3653 1426 ἠλάλαξεν,
3684 1358 3768 1412 ὅτε

2193 1435 2387 1508 ἀνέϐη;
2420 1436 2613 1492 Καίτοι
2635 1441 2759 1511 σιγῇ
2784 1439 2943 1493 τοῦτο
2966 1440 3203 1508 ἐγένετο,
3227 1440 3322 1496 καὶ
3352 1441 3544 1495 ἐνδεκα
3574 1443 3768 1515 παρόν-

2190 1534 2299 1571 των
2347 1518 2607 1590 μαθητῶν
2650 1522 3011 1595 μόνον.’ορᾷς
3059 1524 3142 1576 ὃτι
3193 1523 3292 1594 οὺχ
3336 1523 3522 1587 ἁπλῶς
3559 1524 3637 1578 δεῖ
3675 1527 3769 1590 τὰς

2191 1599 2366 1667 λέξεις
2403 1603 2789 1674 ἐκλαμϐάνειν,
2839 1604 2956 1659 ἀλλ’
3003 1606 3205 1660 εἰδέναι
3256 1606 3319 1660 τὸ
3358 1606 3420 1671 ἐξ
3460 1606 3638 1661 αὐτῶν
3672 1624 3765 1678 ση-

2194 1687 2518 1757 μαινόμενον
2538 1705 2553 1753 ;
2575 1689 2753 1761 Ὅπερ
2775 1690 2884 1760 γὰρ
2908 1692 2965 1744 ἐν
2990 1690 3261 1761 προοιμίῳ
3282 1690 3376 1743 τοῦ
3409 1690 3626 1761 ψαλμοῦ
3653 1690 3765 1744 ἔλε-

2191 1784 2306 1837 γον,
2342 1770 2423 1823 ὅτι
2449 1770 2634 1842 ἕτερόν
2665 1790 2716 1825 τι
2759 1774 2787 1826 ὁ
2816 1772 3131 1844 ἀλαλαγμὸς
3171 1772 3341 1843 δηλοῖ,
3373 1774 3475 1844 τὴν
3498 1776 3672 1845 νίκην,
3709 1775 3767 1827 τὸ

2189 1853 2477 1926 τρόπαιονο
2508 1855 2538 1908 ὃ
2583 1855 2764 1909 τοίνυν
2804 1856 3038 1911 ἐνταῦθά
3064 1874 3251 1928 φησιν,
3282 1858 3384 1911 Ἔν
3424 1856 3764 1928 ἀλαλαγμῷ,

2189 1935 2346 1990 τοῦτό
2376 1939 2542 2003 ἐστιν,
2579 1940 2660 1992 ὅτι
2695 1940 2751 1993 ἐν
2781 1941 2906 2013 νίκῃ
2936 1940 3126 2010 ἀνέϐη,
3164 1940 3585 2011 περιγενόμενος
3610 1940 3765 1995 θανάο

2188 2038 2301 2085 του,
2333 2023 2678 2095 καταρῤίψας
2709 2023 2739 2063 ὶ)
2763 2024 2859 2095 τὴν
2880 2024 3177 2096 ἁμαρτίαν,
3216 2024 3343 2088 τοὺς
3371 2024 3631 2095 δαίμονας
3649 2042 3767 2097 τρο-

2188 2108 2533 2177 πωσάμενος,
2561 2108 2663 2180 τὴν
2690 2107 2899 2179 πλάνην
2928 2108 3195 2172 ἐκϐαλὼν,
3238 2108 3416 2162 πάντα
3455 2107 3765 2180 μεταϐαλὼν

2188 2194 2325 2264 πρὸς
2349 2194 2411 2247 τὸ
2442 2193 2670 2264 βέλτιον,
2693 2194 2829 2265 πρὸς
2866 2195 2965 2267 τὴν
2994 2194 3229 2265 ἀρχαίαν
3273 2195 3530 2266 πατρίδα,
3575 2194 3764 2266 μᾶλλον

2185 2278 2242 2331 δέ
2276 2278 2412 2349 πρὸς
2457 2278 2636 2349 πολλῷ
2686 2277 2949 2347 βελτίονα,
3004 2278 3103 2351 τὴν
3142 2280 3306 2349 φύσιν
3331 2278 3624 2350 ἀναγαγὼν
3671 2279 3765 2350 τὴν

2185 2362 2481 2433 ἡμετέραν.
2513 2362 2700 2426 Οὐδεὶς
2734 2362 2843 2435 γὰρ
2884 2362 3035 2433 αὐτῷ
3063 2362 3498 2434 παραγενομένῳ
3518 2362 3761 2431 ἀντέστη,

2184 2446 2282 2515 οὐχ
2310 2446 2587 2516 ἁμαρτίας
2622 2448 2898 2518 τυραννὶς,
2924 2447 2985 2500 ού
3015 2446 3248 2500 θανάτου
3279 2446 3533 2519 δύναμις,
3554 2447 3612 2501 ού
3639 2464 3763 2500 κατ-

2185 2528 2325 2601 άρας
2369 2531 2539 2600 ἰσχὺς,
2569 2531 2630 2584 ού
2668 2530 2894 2602 φθορᾶς,
2920 2530 2981 2584 ού
3004 2530 3201 2594 κακίας
3235 2530 3507 2595 ἐπίτασις,
3528 2532 3626 2585 οὐκ
3644 2531 3764 2586 ἄλλο

2183 2612 2291 2666 τῶν
2322 2613 2580 2667 τοιούτων
2603 2614 2789 2668 οὐδέν·
2831 2614 2968 2669 ἀλλά
3016 2614 3192 2667 πάντα
3223 2612 3393 2667 ταῦτα
3427 2615 3615 2684 ῶσπερ
3636 2614 3763 2685 ἀράς

2183 2714 2316 2767 χνην
2345 2695 2659 2769 διαρρήξας,
2687 2699 2782 2751 καὶ
2804 2697 3074 2769 δαιμόνων
3097 2698 3380 2766 φάλαγγας
3406 2698 3505 2752 καὶ
3527 2697 3759 2752 διαϐόλου

2182 2778 2372 2851 νεῦρα,
2402 2781 2495 2833 καὶ⁸
2524 2780 2742 2835 ἅπαντα
2772 2780 2945 2835 ταῦτα
2969 2779 3245 2846 διαλύσας,
3277 2780 3482 2852 ἀνῆλθε
3501 2780 3761 2852 κατορθώ-

2184 2881 2281 2928 σας
2312 2865 2456 2937 ἆπερ
2484 2866 2755 2921 ἐϐούλετο.

2252 2955 2312 3003 ε’.
2336 2950 2428 3003 Διὸ
2446 2952 2540 3005 καὶ
2559 2954 2587 3005 ὁ
2603 2951 2816 3017 Παῦλος
2845 2952 3009 3007 αὐτοῦ
3032 2953 3093 3007 τὸ
3112 2953 3369 3024 τρόπαιον
3387 2951 3753 3026 διηγούμενος.

2181 3032 2396 3103 ἔλεγεν
2430 3035 2941 3105 Ἆπεκδυσάμενος
2986 3036 3093 3102 τὰς
3113 3036 3306 3107 ἀρχὰς
3346 3038 3451 3091 καὶ
3480 3038 3586 3105 τὰς
3604 3036 3759 3101 ἐξουο

2178 3119 2339 3185 σίας,
2392 3118 2808 3190 ἐδειγμάτισεν
2857 3122 2926 3174 ἐν
2985 3124 3310 3191 παρρησίᾳ,
3366 3124 3755 3192 θριαμϐεύσας

2178 3201 2401 3268 αὐτοὺς
2434 3203 2506 3256 ἐν
2548 3202 2727 3269 αὐτῷ.
2765 3203 2877 3257 Καὶ
2931 3203 3092 3259 πάλιν
3112 3222 3125 3235 ·
3158 3205 3518 3275 Ἐξαλείψας
3546 3206 3609 3259 τὸ
3637 3206 3754 3259 καθ’

2178 3282 2351 3354 ἡμῶν
2396 3288 2792 3357 χειρόπραφον
2833 3289 2904 3341 ὲν
2946 3288 3071 3355 τοῖς
3116 3288 3438 3359 δόγμασιν,
3474 3289 3504 3343 ὃ
3540 3285 3617 3360 ἦν
3652 3291 3756 3342 ὐπ-

2177 3369 2457 3423 εναντίον
2480 3370 2644 3439 ἡμῖν,
2661 3371 2759 3425 καί
2776 3373 2922 3426 αὐτὸ
2939 3368 3084 3441 ἦρεν
3108 3371 3178 3425 ἐκ
3208 3372 3315 3426 τοῦ
3339 3373 3559 3441 μέσου,
3578 3387 3757 3441 προσ-

2176 3452 2424 3519 ηλώσας
2455 3452 2603 3507 αὑτό
2652 3453 2733 3520 τῷ
2775 3454 3036 3524 σταυρῷ.
3064 3457 3282 3523 Κύριος
3314 3457 3387 3510 ἐν
3418 3455 3589 3527 φωνῇ
3616 3455 3755 3510 σὰλο

2177 3550 2409 3605 πιγτος.
2432 3537 2600 3592 Πάλιν
2626 3538 2687 3591 τὸ
2715 3539 2847 3593 αὐτὸ
2883 3539 3054 3610 δηλοῖ,
3081 3540 3365 3593 τουτέστιν
3393 3542 3451 3594 ἐν
3481 3540 3603 3613 νίκῃ
3626 3540 3755 3609 λαμ-

2177 3620 2312 3691 πρᾷ.
2344 3620 2609 3675 Ἐνταῦθα
2655 3622 2713 3675 δέ
2766 3621 2954 3696 ἕτερόν
2980 3641 3033 3677 τι
3075 3622 3315 3694 νοητέον,
3358 3625 3419 3677 τὸ
3447 3625 3751 3697 περιφανὲς,

2175 3701 2239 3755 τὸ
2273 3702 2464 3773 σαφὲς,
2496 3704 2558 3759 τὺ
2594 3704 2900 3774 διωλύγιον.
2932 3708 3124 3760 Καίτοι
3158 3725 3222 3777 γε
3249 3708 3374 3761 τότε
3400 3709 3573 3773 οὐδεὶς
3600 3706 3752 3777 ἔγνω,

2175 3785 2366 3841 τούτου
2396 3790 2714 3860 γενομένου,
2739 3790 2854 3845 ἀλλ’
2875 3790 3048 3855 οὕτως
3071 3791 3286 3860 ἐγένετο
3310 3791 3503 3860 σαφὲς,
3528 3791 3602 3855 ὡς
3634 3791 3753 3846 σάλ-

2177 3886 2375 3940 πιγγος
2413 3872 2673 3944 ὴχούσης,
2708 3873 2908 3945 μᾶλλον
2930 3873 2987 3927 δέ
3017 3874 3110 3927 καί
3140 3873 3320 3945 πολλῷ
3351 3875 3532 3930 πλέον.
3560 3876 3754 3929 Ἐκεῖνο

2176 3954 2286 4027 γὰρ
2317 3956 2377 4009 τὸ
2414 3956 2590 4030 λάθρᾳ
2615 3959 2906 4029 γενόμενον
2949 3958 3068 4013 τότε
3100 3958 3276 4023 οὐδεὶς
3314 3959 3502 4030 σχεδὸν
3535 3959 3641 4012 τῶν
3678 3960 3751 4011 οἰ-

2176 4038 2416 4094 κούντων
2460 4041 2561 4112 τὴν
2610 4043 2937 4115 οἰκουμένην
2986 4043 3276 4115 ⁴ἰλιγνόησεν,
3312 4044 3429 4098 ἀλλ’
3469 4042 3640 4107 οὕτως
3671 4042 3753 4096 αύ-

2174 4121 2238 4175 τὸ
2272 4121 2572 4195 ἐξεκάλυψε
2609 4126 2720 4180 τῶν
2756 4127 3157 4199 πραγμάτωνὴ
3196 4127 3379 4197 φύσις,
3420 4129 3497 4192 ὡς
3531 4127 3750 4195 σάλπιγ-

2175 4222 2270 4274 γος
2301 4206 2563 4279 ἡχούσης,
2614 4210 2816 4279 μᾶλλον
2854 4211 2912 4264 δὲ
2953 4212 3050 4265 καὶ
3100 4210 3280 4283 πολλῷ
3312 4211 3494 4266 πλέον.
3538 4211 3611 4264 Οὐ
3649 4210 3751 4279 γάρ

2174 4288 2239 4361 δὴ
2273 4289 2415 4344 οὕτω
2447 4292 2682 4361 σάλπιγξ
2726 4294 2937 4366 ὴχοῦσα
2969 4295 3216 4359 ἅπαντας
3267 4296 3334 4349 ἂν
3372 4294 3628 4349 ἐκάλεσεν
3666 4292 3751 4345 ἐπὶ

2174 4373 2273 4443 τὴν
2302 4374 2430 4429 θέαν
2456 4376 2695 4447 ἐκείνην,
2737 4378 2814 4443 ὡς
2849 4379 2987 4449 μετὰ
3010 4379 3183 4434 ταῦτα
3211 4381 3245 4450 ἡ
3276 4379 3388 4434 τῶν
3420 4378 3749 4452 πραγμάτων

2175 4456 2329 4528 φωνὴ
2367 4459 2467 4530 τὴν
2511 4460 2777 4515 ἀνάϐασιν
2815 4461 3004 4528 ἔδειξε,
3058 4462 3287 4533 βροντῆς
3339 4463 3559 4533 ἀπάσης
3611 4463 3749 4529 ίσλυ·

2177 4539 2397 4613 Ρότερον
2460 4543 2763 4614 κατάδηλον
2818 4556 2841 4584 ο
2888 4547 2948 4599 τὸ
2991 4548 3227 4615 πρᾶγμα
3269 4547 3564 4616 ποιήσασα.
3621 4540 3747 4596 Οὐδὲ

2172 4624 2282 4696 γὰρ
2312 4624 2379 4679 ἂν
2409 4625 2607 4698 βροντὴ
2635 4626 2777 4681 οὕτω
2806 4627 2904 4699 τὴν
2943 4630 3269 4700 οἰκουμένην
3299 4628 3580 4691 ἐκάλεσεν,
3609 4625 3681 4688 ὡς
3714 4624 3745 4693 ἠ

2170 4708 2279 4763 τῶν
2302 4710 2643 4781 πραγμάτων
2668 4711 2929 4777 ἐπίδειξις
2954 4712 3080 4777 τούς
3104 4728 3164 4766 τε
3194 4712 3356 4776 ὄντας
3380 4713 3523 4777 τότε,
3550 4709 3670 4775 τούς
3691 4723 3746 4760 τε

2175 4794 2313 4865 μετά
2335 4794 2507 4848 ταῦτα
2532 4795 2843 4865 ἐσομένους.
2887 4797 2953 4850 Ἦ
2985 4797 3084 4868 μὲν
3133 4797 3244 4869 γὰρ
3281 4797 3478 4869 βροντὴ
3507 4798 3615 4860 τοῖς
3650 4810 3744 4846 πα-

2174 4877 2360 4950 ροῦσίν
2393 4880 2511 4932 ἐστι
2538 4879 2859 4951 κατάδηλος·
2900 4882 3037 4954 αὕτη
3059 4882 3116 4937 δέ
3150 4884 3354 4947 πάσαις
3386 4884 3599 4951 γενεαῖς
3628 4877 3746 4932 σάλ-

2170 4978 2369 5031 πιγγος
2408 4961 2814 5035 λαμπρότερον,
2861 4966 2956 5018 καὶ
2996 4965 3228 5038 βροντῆς
3266 4966 3595 5036 σαφέστερον
3632 4963 3745 5014 ἐπι-

2168 5045 2442 5099 δείκνυται
2478 5045 2540 5098 τὺ
2568 5047 2951 5119 γεγενημένον.

2241 5128 2355 5182 Ούκ
2384 5128 2451 5183 ἂν
2478 5128 2535 5182 δέ
2560 5146 2645 5194 τις
2675 5131 2910 5202 ἁμάρτοι
2935 5130 3239 5201 σάλπιγγας
3270 5131 3337 5186 τά
3369 5132 3608 5204 στόματα
3642 5125 3743 5181 τῶν

2168 5212 2483 5267 ἀποστόλων
2504 5211 2695 5277 εἰπὼν,
2723 5214 2845 5284 οὐχὶ
2869 5213 3243 5286 χαλκηλάτους
3265 5214 3587 5284 σάλπιγγας,
3615 5210 3740 5265 ἀλλὰ

2167 5295 2394 5367 χρυσίου
2429 5296 2787 5369 τιμιωτέρας,
2817 5298 2912 5350 καὶ.
2944 5296 3109 5351 λίθων
3143 5299 3619 5370 πολυτελεστέρας.
3648 5292 3741 5347 Διά

2166 5380 2218 5431 τί
2257 5375 2351 5433 οὖν
2384 5380 2485 5433 ούκ
2532 5374 2674 5446 εἷπε,
2715 5380 3038 5451 σάλπιγγος,
3065 5382 3205 5450 ἀλλ’,
3259 5385 3363 5437 Ἔν
3398 5379 3571 5452 φωνῇ
3598 5377 3740 5433 σάλ-

2226 5534 2256 5574 δ
2281 5537 2391 5604 Βιιρ
2419 5552 2532 5604 mss.
2557 5545 2605 5604 el
2636 5539 2788 5604 ερνὶι.
2824 5541 2905 5604 καὶ
2928 5539 3068 5604 κάτωΔ
3095 5540 3247 5604 ῥίψας.
3273 5538 3397 5589 Infra
3426 5536 3593 5587 Morel.
3628 5533 3737 5594 ἆτα-

2165 5598 2390 5665 γώνμαιὶἥ
2412 5608 2465 5650 et
2489 5602 2928 5665 δαγὶἰεάναγαγών,
2953 5598 3164 5665 ηιθΙίιίεί
3443 5660 3459 5665 ,ν

2229 5652 2431 5727 F'Savjl.
2459 5668 2513 5727 ert
2531 5661 2619 5727 alrii
2645 5664 2695 5711 in
2732 5652 2872 5711 ιὲχίυ
2898 5652 3093 5720 άπάσης
3128 5665 3306 5727 μᾶλλον
3335 5660 3614 5727 κατάδηλον.
3639 5652 3736 5721 Ηρ-

2163 5723 2257 5831 Eol).
2289 5731 2340 5771 et
2365 5724 2516 5775 Savil.
2568 5726 2619 5774 in
2659 5738 2808 5786 marg.
2835 5727 3029 5787 βροντῆς
3071 5723 3260 5783 ἁπάσης
3282 5724 3579 5787 ἰσχυρότερον
3596 5728 3735 5765 κατα-

2195 5800 2224 5831 η
2257 5800 2323 5831 ον.

2195 5800 2248 5841 ηι
2257 5800 2323 5833 ον.
