  <div class='ocr_page' id='page_1' title='image "/cluster/home/n/w/nwhite01/storage/ocr_20150623/55:no.5/coo.31924054869551/206.png"; bbox 0 0 4064 6420; ppageno 0'>
   <div class='ocr_carea' id='block_1_1' title="bbox 368 360 472 415">
    <p class='ocr_par' dir='ltr' id='par_1_1' title="bbox 368 360 472 415">
     <span class='ocr_line' id='line_1_1' title="bbox 368 360 472 415; baseline 0 0"><span class='ocrx_word' id='word_1_1' title='bbox 368 360 472 415; x_wconf 75' lang='grc'><strong>913</strong></span> 
     </span>
    </p>
   </div>
   <div class='ocr_carea' id='block_1_2' title="bbox 370 470 1935 542">
    <p class='ocr_par' dir='ltr' id='par_1_2' title="bbox 370 470 1935 542">
     <span class='ocr_line' id='line_1_2' title="bbox 370 470 1935 542; baseline -0.001 -13"><span class='ocrx_word' id='word_1_2' title='bbox 370 474 520 529; x_wconf 84' lang='lat' dir='ltr'><strong>road</strong></span> <span class='ocrx_word' id='word_1_3' title='bbox 568 472 876 528; x_wconf 74' lang='lat' dir='ltr'><strong>Corinthios</strong></span> <span class='ocrx_word' id='word_1_4' title='bbox 915 486 1123 542; x_wconf 90' lang='lat' dir='ltr'><strong>quoque</strong></span> <span class='ocrx_word' id='word_1_5' title='bbox 1166 470 1405 526; x_wconf 87' lang='lat' dir='ltr'><strong>scribens</strong></span> <span class='ocrx_word' id='word_1_6' title='bbox 1444 471 1654 526; x_wconf 83' lang='lat' dir='ltr'><strong>dicebat</strong></span> <span class='ocrx_word' id='word_1_7' title='bbox 1702 474 1935 528; x_wconf 81' lang='lat' dir='ltr'><strong>Paulus:</strong></span> 
     </span>
    </p>
   </div>
   <div class='ocr_carea' id='block_1_3' title="bbox 371 559 1940 634">
    <p class='ocr_par' dir='ltr' id='par_1_3' title="bbox 371 559 1940 634">
     <span class='ocr_line' id='line_1_3' title="bbox 371 559 1940 634; baseline -0.003 -14"><span class='ocrx_word' id='word_1_8' title='bbox 371 564 504 620; x_wconf 71' lang='lat' dir='ltr'><strong>Ecce</strong></span> <span class='ocrx_word' id='word_1_9' title='bbox 536 565 668 618; x_wconf 87' lang='lat' dir='ltr'><strong>enim</strong></span> <span class='ocrx_word' id='word_1_10' title='bbox 698 564 792 617; x_wconf 91' lang='lat' dir='ltr'><strong>hoc</strong></span> <span class='ocrx_word' id='word_1_11' title='bbox 830 563 991 634; x_wconf 89' lang='lat' dir='ltr'><strong>ipsum</strong></span> <span class='ocrx_word' id='word_1_12' title='bbox 1033 561 1304 617; x_wconf 87' lang='lat' dir='ltr'><strong>secundum</strong></span> <span class='ocrx_word' id='word_1_13' title='bbox 1340 560 1502 616; x_wconf 86' lang='lat' dir='ltr'><strong>Deum</strong></span> <span class='ocrx_word' id='word_1_14' title='bbox 1545 559 1750 616; x_wconf 70' lang='lat' dir='ltr'><strong>tristitia</strong></span> <span class='ocrx_word' id='word_1_15' title='bbox 1792 564 1940 633; x_wconf 74' lang='lat' dir='ltr'><strong>afﬁci,</strong></span> 
     </span>
    </p>
   </div>
   <div class='ocr_carea' id='block_1_4' title="bbox 370 652 1944 725">
    <p class='ocr_par' dir='ltr' id='par_1_4' title="bbox 370 652 1944 725">
     <span class='ocr_line' id='line_1_4' title="bbox 370 652 1944 725; baseline -0.001 -16"><span class='ocrx_word' id='word_1_16' title='bbox 370 665 609 724; x_wconf 83' lang='lat' dir='ltr'><strong>quantum</strong></span> <span class='ocrx_word' id='word_1_17' title='bbox 630 656 683 709; x_wconf 84' lang='lat' dir='ltr'><strong>in</strong></span> <span class='ocrx_word' id='word_1_18' title='bbox 708 655 845 709; x_wconf 86' lang='lat' dir='ltr'><strong>vobis</strong></span> <span class='ocrx_word' id='word_1_19' title='bbox 862 655 1081 709; x_wconf 73' lang='lat' dir='ltr'><strong>studium</strong></span> <span class='ocrx_word' id='word_1_20' title='bbox 1107 652 1269 721; x_wconf 73' lang='lat' dir='ltr'><strong>eﬂ&#39;ecit</strong></span> <span class='ocrx_word' id='word_1_21' title='bbox 1301 671 1319 712; x_wconf 89' lang='lat'><strong><em>:</em></strong></span> <span class='ocrx_word' id='word_1_22' title='bbox 1348 655 1448 708; x_wconf 90' lang='lat' dir='ltr'><strong>imo</strong></span> <span class='ocrx_word' id='word_1_23' title='bbox 1489 654 1796 725; x_wconf 88' lang='lat' dir='ltr'><strong>apologiam,</strong></span> <span class='ocrx_word' id='word_1_24' title='bbox 1843 655 1944 708; x_wconf 90' lang='lat' dir='ltr'><strong>imo</strong></span> 
     </span>
    </p>
   </div>
   <div class='ocr_carea' id='block_1_5' title="bbox 369 745 1948 819">
    <p class='ocr_par' dir='ltr' id='par_1_5' title="bbox 369 745 1948 819">
     <span class='ocr_line' id='line_1_5' title="bbox 369 745 1948 819; baseline -0.001 -17"><span class='ocrx_word' id='word_1_25' title='bbox 369 749 785 819; x_wconf 73' lang='lat' dir='ltr'><strong>indignationem,</strong></span> <span class='ocrx_word' id='word_1_26' title='bbox 814 748 914 801; x_wconf 86' lang='lat' dir='ltr'><strong>into</strong></span> <span class='ocrx_word' id='word_1_27' title='bbox 941 747 1183 812; x_wconf 76' lang='lat' dir='ltr'><strong>timorem,</strong></span> <span class='ocrx_word' id='word_1_28' title='bbox 1205 747 1307 799; x_wconf 90' lang='lat' dir='ltr'><strong>imo</strong></span> <span class='ocrx_word' id='word_1_29' title='bbox 1320 745 1639 812; x_wconf 76' lang='lat' dir='ltr'><strong>desiderium,</strong></span> <span class='ocrx_word' id='word_1_30' title='bbox 1669 747 1770 800; x_wconf 80' lang='lat' dir='ltr'><strong>imo</strong></span> <span class='ocrx_word' id='word_1_31' title='bbox 1790 761 1948 800; x_wconf 75' lang='lat' dir='ltr'><strong>tentu-</strong></span> 
     </span>
    </p>
   </div>
   <div class='ocr_carea' id='block_1_6' title="bbox 372 834 1945 910">
    <p class='ocr_par' dir='ltr' id='par_1_6' title="bbox 372 834 1945 910">
     <span class='ocr_line' id='line_1_6' title="bbox 372 834 1945 910; baseline -0.001 -16"><span class='ocrx_word' id='word_1_32' title='bbox 372 841 631 905; x_wconf 85' lang='lat' dir='ltr'><strong>lationem,</strong></span> <span class='ocrx_word' id='word_1_33' title='bbox 664 840 766 893; x_wconf 90' lang='lat' dir='ltr'><strong>imo</strong></span> <span class='ocrx_word' id='word_1_34' title='bbox 805 838 1077 892; x_wconf 89' lang='lat' dir='ltr'><strong>vindictam</strong></span> <span class='ocrx_word' id='word_1_35' title='bbox 1103 836 1174 910; x_wconf 74' lang='lat'><strong>(2</strong></span> <span class='ocrx_word' id='word_1_36' title='bbox 1204 835 1320 891; x_wconf 89' lang='lat' dir='ltr'><strong>Cor.</strong></span> <span class='ocrx_word' id='word_1_37' title='bbox 1348 837 1400 890; x_wconf 89' lang='lat'><strong>7.</strong></span> <span class='ocrx_word' id='word_1_38' title='bbox 1438 834 1497 891; x_wconf 82' lang='lat' dir='ltr'><strong>ll</strong></span> <span class='ocrx_word' id='word_1_39' title='bbox 1521 836 1577 906; x_wconf 91' lang='lat'><strong>):</strong></span> <span class='ocrx_word' id='word_1_40' title='bbox 1607 851 1773 905; x_wconf 92' lang='lat' dir='ltr'><strong>usque</strong></span> <span class='ocrx_word' id='word_1_41' title='bbox 1812 836 1945 892; x_wconf 90' lang='lat' dir='ltr'><strong>adeo</strong></span> 
     </span>
    </p>
   </div>
   <div class='ocr_carea' id='block_1_7' title="bbox 371 925 1947 998">
    <p class='ocr_par' dir='ltr' id='par_1_7' title="bbox 371 925 1947 998">
     <span class='ocr_line' id='line_1_7' title="bbox 371 925 1947 998; baseline -0.003 -13"><span class='ocrx_word' id='word_1_42' title='bbox 371 945 467 986; x_wconf 89' lang='lat' dir='ltr'><strong>eos</strong></span> <span class='ocrx_word' id='word_1_43' title='bbox 499 929 814 984; x_wconf 78' lang='lat' dir='ltr'><strong>verebantur</strong></span> <span class='ocrx_word' id='word_1_44' title='bbox 840 936 894 983; x_wconf 91' lang='lat' dir='ltr'><strong>et</strong></span> <span class='ocrx_word' id='word_1_45' title='bbox 930 927 1396 998; x_wconf 90' lang='lat' dir='ltr'><strong>pertimescebant.</strong></span> <span class='ocrx_word' id='word_1_46' title='bbox 1446 926 1514 980; x_wconf 89' lang='lat' dir='ltr'><strong>Et</strong></span> <span class='ocrx_word' id='word_1_47' title='bbox 1544 925 1715 980; x_wconf 88' lang='lat' dir='ltr'><strong>Lucas</strong></span> <span class='ocrx_word' id='word_1_48' title='bbox 1763 941 1947 981; x_wconf 86' lang='lat' dir='ltr'><strong>rursus</strong></span> 
     </span>
    </p>
   </div>
   <div class='ocr_carea' id='block_1_8' title="bbox 370 1015 1948 1089">
    <p class='ocr_par' dir='ltr' id='par_1_8' title="bbox 370 1015 1948 1089">
     <span class='ocr_line' id='line_1_8' title="bbox 370 1015 1948 1089; baseline -0.004 -13"><span class='ocrx_word' id='word_1_49' title='bbox 370 1022 634 1089; x_wconf 76' lang='lat' dir='ltr'><strong>scribens,</strong></span> <span class='ocrx_word' id='word_1_50' title='bbox 678 1019 885 1075; x_wconf 90' lang='lat' dir='ltr'><strong>dicebat.</strong></span> <span class='ocrx_word' id='word_1_51' title='bbox 912 1036 925 1072; x_wconf 88' lang='lat'><strong>:</strong></span> <span class='ocrx_word' id='word_1_52' title='bbox 951 1017 1252 1073; x_wconf 65' lang='lat' dir='ltr'><strong>Crater-orum</strong></span> <span class='ocrx_word' id='word_1_53' title='bbox 1279 1026 1444 1071; x_wconf 90' lang='lat' dir='ltr'><strong>autem</strong></span> <span class='ocrx_word' id='word_1_54' title='bbox 1484 1032 1627 1069; x_wconf 89' lang='lat' dir='ltr'><strong>nemo</strong></span> <span class='ocrx_word' id='word_1_55' title='bbox 1657 1015 1870 1069; x_wconf 77' lang='lat' dir='ltr'><strong>audebat</strong></span> <span class='ocrx_word' id='word_1_56' title='bbox 1895 1032 1948 1070; x_wconf 88' lang='lat' dir='ltr'><strong>se</strong></span> 
     </span>
    </p>
   </div>
   <div class='ocr_carea' id='block_1_9' title="bbox 370 1105 1943 1182">
    <p class='ocr_par' dir='ltr' id='par_1_9' title="bbox 370 1105 1943 1182">
     <span class='ocr_line' id='line_1_9' title="bbox 370 1105 1943 1182; baseline -0.005 -16"><span class='ocrx_word' id='word_1_57' title='bbox 370 1112 678 1182; x_wconf 79' lang='lat' dir='ltr'><strong>coniungere</strong></span> <span class='ocrx_word' id='word_1_58' title='bbox 715 1110 843 1175; x_wconf 96' lang='lat' dir='ltr'><strong>illis,</strong></span> <span class='ocrx_word' id='word_1_59' title='bbox 870 1108 958 1164; x_wconf 92' lang='lat' dir='ltr'><strong>sed</strong></span> <span class='ocrx_word' id='word_1_60' title='bbox 981 1107 1334 1179; x_wconf 84' lang='lat' dir='ltr'><strong>ma&#39;gni/icabat</strong></span> <span class='ocrx_word' id='word_1_61' title='bbox 1358 1122 1442 1160; x_wconf 90' lang='lat' dir='ltr'><strong>eos</strong></span> <span class='ocrx_word' id='word_1_62' title='bbox 1467 1107 1681 1176; x_wconf 84' lang='lat' dir='ltr'><strong>populus</strong></span> <span class='ocrx_word' id='word_1_63' title='bbox 1714 1105 1847 1176; x_wconf 81' lang='lat' dir='ltr'><strong>(Act.</strong></span> <span class='ocrx_word' id='word_1_64' title='bbox 1889 1107 1943 1161; x_wconf 80' lang='lat'><strong>5.</strong></span> 
     </span>
    </p>
   </div>
   <div class='ocr_carea' id='block_1_10' title="bbox 288 1197 1944 1273">
    <p class='ocr_par' dir='ltr' id='par_1_10' title="bbox 288 1197 1944 1273">
     <span class='ocr_line' id='line_1_10' title="bbox 288 1197 1944 1273; baseline -0.005 -13"><span class='ocrx_word' id='word_1_65' title='bbox 288 1216 295 1221; x_wconf 88' lang='lat'><em>‘</em></span> <span class='ocrx_word' id='word_1_66' title='bbox 377 1204 489 1273; x_wconf 79' lang='grc'><strong>13).</strong></span> <span class='ocrx_word' id='word_1_67' title='bbox 531 1203 598 1258; x_wconf 86' lang='lat' dir='ltr'><strong>Et</strong></span> <span class='ocrx_word' id='word_1_68' title='bbox 622 1216 842 1256; x_wconf 89' lang='lat' dir='ltr'><strong>rursus:</strong></span> <span class='ocrx_word' id='word_1_69' title='bbox 874 1199 1009 1267; x_wconf 84' lang='lat' dir='ltr'><strong>Quid</strong></span> <span class='ocrx_word' id='word_1_70' title='bbox 1035 1197 1225 1254; x_wconf 78' lang='lat' dir='ltr'><strong>vultis?</strong></span> <span class='ocrx_word' id='word_1_71' title='bbox 1250 1199 1302 1253; x_wconf 87' lang='lat' dir='ltr'><strong>in</strong></span> <span class='ocrx_word' id='word_1_72' title='bbox 1328 1199 1469 1269; x_wconf 89' lang='lat' dir='ltr'><strong>virga</strong></span> <span class='ocrx_word' id='word_1_73' title='bbox 1492 1199 1685 1254; x_wconf 83' lang='lat' dir='ltr'><strong>veniam</strong></span> <span class='ocrx_word' id='word_1_74' title='bbox 1729 1199 1794 1253; x_wconf 88' lang='lat' dir='ltr'><strong>ad</strong></span> <span class='ocrx_word' id='word_1_75' title='bbox 1839 1214 1944 1267; x_wconf 85' lang='lat' dir='ltr'><strong>vos,</strong></span> 
     </span>
    </p>
   </div>
   <div class='ocr_carea' id='block_1_11' title="bbox 374 1287 1737 1361">
    <p class='ocr_par' dir='ltr' id='par_1_11' title="bbox 374 1287 1737 1361">
     <span class='ocr_line' id='line_1_11' title="bbox 374 1287 1737 1361; baseline -0.004 -14"><span class='ocrx_word' id='word_1_76' title='bbox 374 1311 443 1348; x_wconf 86' lang='lat' dir='ltr'><strong>an</strong></span> <span class='ocrx_word' id='word_1_77' title='bbox 471 1294 523 1346; x_wconf 86' lang='lat' dir='ltr'><strong>in</strong></span> <span class='ocrx_word' id='word_1_78' title='bbox 547 1293 753 1347; x_wconf 86' lang='lat' dir='ltr'><strong>caritate</strong></span> <span class='ocrx_word' id='word_1_79' title='bbox 774 1301 824 1345; x_wconf 89' lang='lat' dir='ltr'><strong>et</strong></span> <span class='ocrx_word' id='word_1_80' title='bbox 848 1290 1028 1361; x_wconf 80' lang='lat' dir='ltr'><strong>spiritu</strong></span> <span class='ocrx_word' id='word_1_81' title='bbox 1056 1289 1274 1344; x_wconf 89' lang='lat' dir='ltr'><strong>lenitatis</strong></span> <span class='ocrx_word' id='word_1_82' title='bbox 1304 1288 1354 1361; x_wconf 78' lang='lat' dir='ltr'><strong>(l</strong></span> <span class='ocrx_word' id='word_1_83' title='bbox 1385 1287 1503 1344; x_wconf 82' lang='lat' dir='ltr'><strong>Cor.</strong></span> <span class='ocrx_word' id='word_1_84' title='bbox 1521 1289 1573 1344; x_wconf 76' lang='grc'><strong>4.</strong></span> <span class='ocrx_word' id='word_1_85' title='bbox 1605 1288 1737 1360; x_wconf 69' lang='lat'><strong>21)?</strong></span> 
     </span>
    </p>
   </div>
   <div class='ocr_carea' id='block_1_12' title="bbox 447 1380 1947 1451">
    <p class='ocr_par' dir='ltr' id='par_1_12' title="bbox 447 1380 1947 1451">
     <span class='ocr_line' id='line_1_12' title="bbox 447 1380 1947 1451; baseline -0.003 -11"><span class='ocrx_word' id='word_1_86' title='bbox 447 1386 502 1440; x_wconf 64' lang='grc' dir='ltr'><strong>Δ.</strong></span> <span class='ocrx_word' id='word_1_87' title='bbox 528 1383 713 1439; x_wconf 82' lang='lat' dir='ltr'><strong>Vidisti</strong></span> <span class='ocrx_word' id='word_1_88' title='bbox 742 1382 1108 1438; x_wconf 84' lang='lat' dir='ltr'><strong>auctoritatem</strong></span> <span class='ocrx_word' id='word_1_89' title='bbox 1133 1390 1186 1436; x_wconf 90' lang='lat' dir='ltr'><strong>et</strong></span> <span class='ocrx_word' id='word_1_90' title='bbox 1222 1380 1574 1451; x_wconf 84' lang='lat' dir='ltr'><strong>potestatem?</strong></span> <span class='ocrx_word' id='word_1_91' title='bbox 1603 1381 1726 1436; x_wconf 60' lang='lat' dir='ltr'><strong>Hac</strong></span> <span class='ocrx_word' id='word_1_92' title='bbox 1770 1389 1947 1436; x_wconf 88' lang='lat' dir='ltr'><strong>autem</strong></span> 
     </span>
    </p>
   </div>
   <div class='ocr_carea' id='block_1_13' title="bbox 374 1473 1946 1544">
    <p class='ocr_par' dir='ltr' id='par_1_13' title="bbox 374 1473 1946 1544">
     <span class='ocr_line' id='line_1_13' title="bbox 374 1473 1946 1544; baseline -0.003 -13"><span class='ocrx_word' id='word_1_93' title='bbox 374 1478 555 1532; x_wconf 83' lang='lat' dir='ltr'><strong>omnia</strong></span> <span class='ocrx_word' id='word_1_94' title='bbox 583 1476 708 1532; x_wconf 79' lang='lat' dir='ltr'><strong>fecit</strong></span> <span class='ocrx_word' id='word_1_95' title='bbox 730 1475 950 1531; x_wconf 86' lang='lat' dir='ltr'><strong>verbum</strong></span> <span class='ocrx_word' id='word_1_96' title='bbox 974 1473 1102 1528; x_wconf 90' lang='lat' dir='ltr'><strong>illud</strong></span> <span class='ocrx_word' id='word_1_97' title='bbox 1120 1473 1259 1544; x_wconf 89' lang='lat' dir='ltr'><strong>quod</strong></span> <span class='ocrx_word' id='word_1_98' title='bbox 1287 1474 1417 1527; x_wconf 82' lang='lat' dir='ltr'><strong>dixit</strong></span> <span class='ocrx_word' id='word_1_99' title='bbox 1443 1488 1562 1528; x_wconf 91' lang='lat' dir='ltr'><strong>cum</strong></span> <span class='ocrx_word' id='word_1_100' title='bbox 1585 1488 1677 1528; x_wconf 90' lang='lat' dir='ltr'><strong>eos</strong></span> <span class='ocrx_word' id='word_1_101' title='bbox 1694 1473 1946 1528; x_wconf 85' lang='lat' dir='ltr'><strong>mitteret:</strong></span> 
     </span>
    </p>
   </div>
   <div class='ocr_carea' id='block_1_14' title="bbox 378 1562 1951 1640">
    <p class='ocr_par' dir='ltr' id='par_1_14' title="bbox 378 1562 1951 1640">
     <span class='ocr_line' id='line_1_14' title="bbox 378 1562 1951 1640; baseline -0.003 -17"><span class='ocrx_word' id='word_1_102' title='bbox 378 1569 491 1640; x_wconf 77' lang='lat' dir='ltr'><strong>Ego</strong></span> <span class='ocrx_word' id='word_1_103' title='bbox 518 1566 766 1621; x_wconf 88' lang='lat' dir='ltr'><strong>vobiscum</strong></span> <span class='ocrx_word' id='word_1_104' title='bbox 802 1581 913 1619; x_wconf 88' lang='lat' dir='ltr'><strong>sum</strong></span> <span class='ocrx_word' id='word_1_105' title='bbox 934 1563 1109 1637; x_wconf 80' lang='lat' dir='ltr'><strong>(Matt.</strong></span> <span class='ocrx_word' id='word_1_106' title='bbox 1149 1563 1240 1619; x_wconf 70' lang='grc'><strong>28.</strong></span> <span class='ocrx_word' id='word_1_107' title='bbox 1264 1562 1376 1635; x_wconf 68' lang='grc'><strong>90).</strong></span> <span class='ocrx_word' id='word_1_108' title='bbox 1411 1563 1529 1634; x_wconf 84' lang='lat' dir='ltr'><strong>Ipse</strong></span> <span class='ocrx_word' id='word_1_109' title='bbox 1576 1564 1951 1633; x_wconf 87' lang='lat' dir='ltr'><strong>impedimenta</strong></span> 
     </span>
    </p>
   </div>
   <div class='ocr_carea' id='block_1_15' title="bbox 377 1654 1949 1724">
    <p class='ocr_par' dir='ltr' id='par_1_15' title="bbox 377 1654 1949 1724">
     <span class='ocr_line' id='line_1_15' title="bbox 377 1654 1949 1724; baseline -0.003 -12"><span class='ocrx_word' id='word_1_110' title='bbox 377 1659 554 1713; x_wconf 83' lang='lat' dir='ltr'><strong>omnia</strong></span> <span class='ocrx_word' id='word_1_111' title='bbox 583 1655 928 1724; x_wconf 81' lang='lat' dir='ltr'><strong>removebat,</strong></span> <span class='ocrx_word' id='word_1_112' title='bbox 974 1661 1099 1710; x_wconf 87' lang='lat' dir='ltr'><strong>ante</strong></span> <span class='ocrx_word' id='word_1_113' title='bbox 1147 1669 1242 1710; x_wconf 90' lang='lat' dir='ltr'><strong>eos</strong></span> <span class='ocrx_word' id='word_1_114' title='bbox 1282 1654 1605 1708; x_wconf 90' lang='lat' dir='ltr'><strong>ambulans:</strong></span> <span class='ocrx_word' id='word_1_115' title='bbox 1638 1655 1751 1724; x_wconf 91' lang='lat' dir='ltr'><strong>ipse</strong></span> <span class='ocrx_word' id='word_1_116' title='bbox 1795 1654 1949 1724; x_wconf 89' lang='lat' dir='ltr'><strong>plana</strong></span> 
     </span>
    </p>
   </div>
   <div class='ocr_carea' id='block_1_16' title="bbox 377 1744 1951 1816">
    <p class='ocr_par' dir='ltr' id='par_1_16' title="bbox 377 1744 1951 1816">
     <span class='ocr_line' id='line_1_16' title="bbox 377 1744 1951 1816; baseline -0.003 -11"><span class='ocrx_word' id='word_1_117' title='bbox 377 1752 556 1805; x_wconf 87' lang='lat' dir='ltr'><strong>omnia</strong></span> <span class='ocrx_word' id='word_1_118' title='bbox 601 1744 844 1814; x_wconf 83' lang='lat' dir='ltr'><strong>faciebat,</strong></span> <span class='ocrx_word' id='word_1_119' title='bbox 891 1761 953 1801; x_wconf 90' lang='lat' dir='ltr'><strong>ac</strong></span> <span class='ocrx_word' id='word_1_120' title='bbox 991 1745 1223 1801; x_wconf 89' lang='lat' dir='ltr'><strong>ditﬁcilia</strong></span> <span class='ocrx_word' id='word_1_121' title='bbox 1272 1745 1443 1800; x_wconf 80' lang='lat' dir='ltr'><strong>facilia</strong></span> <span class='ocrx_word' id='word_1_122' title='bbox 1488 1744 1765 1804; x_wconf 88' lang='lat' dir='ltr'><strong>reddebat.</strong></span> <span class='ocrx_word' id='word_1_123' title='bbox 1794 1746 1951 1816; x_wconf 91' lang='lat' dir='ltr'><strong>Atqui</strong></span> 
     </span>
    </p>
   </div>
   <div class='ocr_carea' id='block_1_17' title="bbox 326 1836 1949 1908">
    <p class='ocr_par' dir='ltr' id='par_1_17' title="bbox 326 1836 1949 1908">
     <span class='ocr_line' id='line_1_17' title="bbox 326 1836 1949 1908; baseline -0.001 -13"><span class='ocrx_word' id='word_1_124' title='bbox 326 1844 331 1847; x_wconf 70' lang='grc'><strong>⁷</strong></span> <span class='ocrx_word' id='word_1_125' title='bbox 376 1838 715 1895; x_wconf 89' lang='lat' dir='ltr'><strong>erantomnia</strong></span> <span class='ocrx_word' id='word_1_126' title='bbox 735 1838 886 1908; x_wconf 90' lang='lat' dir='ltr'><strong>plena</strong></span> <span class='ocrx_word' id='word_1_127' title='bbox 907 1836 1080 1903; x_wconf 90' lang='lat' dir='ltr'><strong>bellis,</strong></span> <span class='ocrx_word' id='word_1_128' title='bbox 1099 1836 1274 1890; x_wconf 81' lang='lat' dir='ltr'><strong>omnia</strong></span> <span class='ocrx_word' id='word_1_129' title='bbox 1299 1837 1529 1906; x_wconf 90' lang='lat' dir='ltr'><strong>scopulis</strong></span> <span class='ocrx_word' id='word_1_130' title='bbox 1550 1846 1602 1891; x_wconf 92' lang='lat' dir='ltr'><strong>et</strong></span> <span class='ocrx_word' id='word_1_131' title='bbox 1622 1837 1949 1908; x_wconf 71' lang='lat' dir='ltr'><strong>prmeipitiis,</strong></span> 
     </span>
    </p>
   </div>
   <div class='ocr_carea' id='block_1_18' title="bbox 377 1927 1954 2000">
    <p class='ocr_par' dir='ltr' id='par_1_18' title="bbox 377 1927 1954 2000">
     <span class='ocr_line' id='line_1_18' title="bbox 377 1927 1954 2000; baseline -0.001 -14"><span class='ocrx_word' id='word_1_132' title='bbox 377 1941 433 1987; x_wconf 89' lang='lat' dir='ltr'><strong>ct</strong></span> <span class='ocrx_word' id='word_1_133' title='bbox 449 1945 702 2000; x_wconf 87' lang='lat' dir='ltr'><strong>nusquam</strong></span> <span class='ocrx_word' id='word_1_134' title='bbox 724 1928 913 1984; x_wconf 87' lang='lat' dir='ltr'><strong>licebat</strong></span> <span class='ocrx_word' id='word_1_135' title='bbox 934 1928 1119 1999; x_wconf 87' lang='lat' dir='ltr'><strong>pedem</strong></span> <span class='ocrx_word' id='word_1_136' title='bbox 1139 1927 1318 1998; x_wconf 82' lang='lat' dir='ltr'><strong>ﬁgere,</strong></span> <span class='ocrx_word' id='word_1_137' title='bbox 1344 1943 1441 1983; x_wconf 90' lang='lat' dir='ltr'><strong>nec</strong></span> <span class='ocrx_word' id='word_1_138' title='bbox 1456 1929 1677 1996; x_wconf 88' lang='lat' dir='ltr'><strong>sistere;</strong></span> <span class='ocrx_word' id='word_1_139' title='bbox 1698 1927 1954 1987; x_wconf 89' lang='lat' dir='ltr'><strong>obstructi</strong></span> 
     </span>
    </p>
   </div>
   <div class='ocr_carea' id='block_1_19' title="bbox 383 2017 1952 2091">
    <p class='ocr_par' dir='ltr' id='par_1_19' title="bbox 383 2017 1952 2091">
     <span class='ocr_line' id='line_1_19' title="bbox 383 2017 1952 2091; baseline -0.003 -14"><span class='ocrx_word' id='word_1_140' title='bbox 383 2030 539 2077; x_wconf 89' lang='lat' dir='ltr'><strong>erant</strong></span> <span class='ocrx_word' id='word_1_141' title='bbox 566 2033 754 2074; x_wconf 91' lang='lat' dir='ltr'><strong>omnes</strong></span> <span class='ocrx_word' id='word_1_142' title='bbox 771 2028 973 2091; x_wconf 91' lang='lat' dir='ltr'><strong>.portus</strong></span> <span class='ocrx_word' id='word_1_143' title='bbox 993 2062 1008 2085; x_wconf 95' lang='lat'><strong>,</strong></span> <span class='ocrx_word' id='word_1_144' title='bbox 1041 2019 1214 2073; x_wconf 90' lang='lat' dir='ltr'><strong>omnis</strong></span> <span class='ocrx_word' id='word_1_145' title='bbox 1239 2017 1430 2074; x_wconf 90' lang='lat' dir='ltr'><strong>domus</strong></span> <span class='ocrx_word' id='word_1_146' title='bbox 1470 2018 1669 2084; x_wconf 90' lang='lat' dir='ltr'><strong>clausa,</strong></span> <span class='ocrx_word' id='word_1_147' title='bbox 1717 2019 1952 2073; x_wconf 88' lang='lat' dir='ltr'><strong>omnium</strong></span> 
     </span>
    </p>
   </div>
   <div class='ocr_carea' id='block_1_20' title="bbox 377 2110 1957 2181">
    <p class='ocr_par' dir='ltr' id='par_1_20' title="bbox 377 2110 1957 2181">
     <span class='ocr_line' id='line_1_20' title="bbox 377 2110 1957 2181; baseline -0.001 -13"><span class='ocrx_word' id='word_1_148' title='bbox 377 2129 536 2169; x_wconf 87' lang='lat' dir='ltr'><strong>aures</strong></span> <span class='ocrx_word' id='word_1_149' title='bbox 586 2112 843 2167; x_wconf 64' lang='lat' dir='ltr'><strong>obturatas</strong></span> <span class='ocrx_word' id='word_1_150' title='bbox 872 2129 885 2165; x_wconf 87' lang='lat'><strong><em>:</em></strong></span> <span class='ocrx_word' id='word_1_151' title='bbox 918 2120 973 2165; x_wconf 90' lang='lat' dir='ltr'><strong>et</strong></span> <span class='ocrx_word' id='word_1_152' title='bbox 1002 2120 1175 2166; x_wconf 91' lang='lat' dir='ltr'><strong>tamen</strong></span> <span class='ocrx_word' id='word_1_153' title='bbox 1219 2125 1341 2165; x_wconf 91' lang='lat' dir='ltr'><strong>cum</strong></span> <span class='ocrx_word' id='word_1_154' title='bbox 1396 2112 1623 2180; x_wconf 91' lang='lat' dir='ltr'><strong>primum</strong></span> <span class='ocrx_word' id='word_1_155' title='bbox 1652 2110 1874 2181; x_wconf 88' lang='lat' dir='ltr'><strong>ingrcssi</strong></span> <span class='ocrx_word' id='word_1_156' title='bbox 1903 2120 1957 2166; x_wconf 89' lang='lat' dir='ltr'><strong>et</strong></span> 
     </span>
    </p>
   </div>
   <div class='ocr_carea' id='block_1_21' title="bbox 380 2202 1956 2277">
    <p class='ocr_par' dir='ltr' id='par_1_21' title="bbox 380 2202 1956 2277">
     <span class='ocr_line' id='line_1_21' title="bbox 380 2202 1956 2277; baseline -0.003 -16"><span class='ocrx_word' id='word_1_157' title='bbox 380 2207 581 2277; x_wconf 89' lang='lat' dir='ltr'><strong>loquuti</strong></span> <span class='ocrx_word' id='word_1_158' title='bbox 615 2205 841 2273; x_wconf 81' lang='lat' dir='ltr'><strong>fuerant,</strong></span> <span class='ocrx_word' id='word_1_159' title='bbox 871 2202 1147 2259; x_wconf 89' lang='lat' dir='ltr'><strong>diruebant</strong></span> <span class='ocrx_word' id='word_1_160' title='bbox 1190 2202 1368 2258; x_wconf 88' lang='lat' dir='ltr'><strong>omnia</strong></span> <span class='ocrx_word' id='word_1_161' title='bbox 1400 2203 1627 2258; x_wconf 86' lang='lat' dir='ltr'><strong>hostium</strong></span> <span class='ocrx_word' id='word_1_162' title='bbox 1650 2218 1956 2274; x_wconf 86' lang='lat' dir='ltr'><strong>propugna-</strong></span> 
     </span>
    </p>
   </div>
   <div class='ocr_carea' id='block_1_22' title="bbox 379 2294 1959 2367">
    <p class='ocr_par' dir='ltr' id='par_1_22' title="bbox 379 2294 1959 2367">
     <span class='ocr_line' id='line_1_22' title="bbox 379 2294 1959 2367; baseline -0.004 -13"><span class='ocrx_word' id='word_1_163' title='bbox 379 2299 521 2364; x_wconf 87' lang='lat' dir='ltr'><strong>cula,</strong></span> <span class='ocrx_word' id='word_1_164' title='bbox 548 2307 605 2352; x_wconf 93' lang='lat' dir='ltr'><strong>ut</strong></span> <span class='ocrx_word' id='word_1_165' title='bbox 634 2304 689 2352; x_wconf 92' lang='lat' dir='ltr'><strong>et</strong></span> <span class='ocrx_word' id='word_1_166' title='bbox 719 2297 862 2367; x_wconf 90' lang='lat' dir='ltr'><strong>ipsas</strong></span> <span class='ocrx_word' id='word_1_167' title='bbox 889 2295 1094 2350; x_wconf 88' lang='lat' dir='ltr'><strong>animas</strong></span> <span class='ocrx_word' id='word_1_168' title='bbox 1119 2294 1518 2365; x_wconf 88' lang='lat' dir='ltr'><strong>proluudcreut,</strong></span> <span class='ocrx_word' id='word_1_169' title='bbox 1558 2302 1612 2348; x_wconf 91' lang='lat' dir='ltr'><strong>et</strong></span> <span class='ocrx_word' id='word_1_170' title='bbox 1655 2294 1959 2348; x_wconf 90' lang='lat' dir='ltr'><strong>innumera-</strong></span> 
     </span>
    </p>
   </div>
   <div class='ocr_carea' id='block_1_23' title="bbox 378 2381 1952 2457">
    <p class='ocr_par' dir='ltr' id='par_1_23' title="bbox 378 2381 1952 2457">
     <span class='ocr_line' id='line_1_23' title="bbox 378 2381 1952 2457; baseline -0.004 -15"><span class='ocrx_word' id='word_1_171' title='bbox 378 2388 508 2442; x_wconf 85' lang='lat' dir='ltr'><strong>bilia</strong></span> <span class='ocrx_word' id='word_1_172' title='bbox 541 2386 771 2457; x_wconf 86' lang='lat' dir='ltr'><strong>pericula</strong></span> <span class='ocrx_word' id='word_1_173' title='bbox 801 2385 1123 2441; x_wconf 88' lang='lat' dir='ltr'><strong>sustinerent</strong></span> <span class='ocrx_word' id='word_1_174' title='bbox 1152 2399 1247 2454; x_wconf 88' lang='lat' dir='ltr'><strong>pro</strong></span> <span class='ocrx_word' id='word_1_175' title='bbox 1291 2383 1355 2438; x_wconf 92' lang='lat' dir='ltr'><strong>iis</strong></span> <span class='ocrx_word' id='word_1_176' title='bbox 1387 2399 1506 2457; x_wconf 75' lang='lat' dir='ltr'><strong>qua:</strong></span> <span class='ocrx_word' id='word_1_177' title='bbox 1535 2382 1674 2437; x_wconf 88' lang='lat' dir='ltr'><strong>dicta</strong></span> <span class='ocrx_word' id='word_1_178' title='bbox 1725 2381 1952 2438; x_wconf 83' lang='lat' dir='ltr'><strong>fuerant.</strong></span> 
     </span>
    </p>
   </div>
   <div class='ocr_carea' id='block_1_24' title="bbox 379 2472 1959 2548">
    <p class='ocr_par' dir='ltr' id='par_1_24' title="bbox 379 2472 1959 2548">
     <span class='ocr_line' id='line_1_24' title="bbox 379 2472 1959 2548; baseline -0.003 -16"><span class='ocrx_word' id='word_1_179' title='bbox 379 2480 436 2533; x_wconf 85' lang='lat'><strong>5.</strong></span> <span class='ocrx_word' id='word_1_180' title='bbox 464 2477 634 2548; x_wconf 83' lang='lat' dir='ltr'><strong>Elegit</strong></span> <span class='ocrx_word' id='word_1_181' title='bbox 662 2477 803 2531; x_wconf 86' lang='lat' dir='ltr'><strong>nobis</strong></span> <span class='ocrx_word' id='word_1_182' title='bbox 828 2476 1152 2531; x_wconf 84' lang='lat' dir='ltr'><strong>hereditatem</strong></span> <span class='ocrx_word' id='word_1_183' title='bbox 1194 2491 1339 2528; x_wconf 87' lang='lat' dir='ltr'><strong>suam</strong></span> <span class='ocrx_word' id='word_1_184' title='bbox 1360 2475 1577 2544; x_wconf 84' lang='lat' dir='ltr'><strong>speciem</strong></span> <span class='ocrx_word' id='word_1_185' title='bbox 1600 2472 1781 2542; x_wconf 92' lang='lat' dir='ltr'><strong>Iacob,</strong></span> <span class='ocrx_word' id='word_1_186' title='bbox 1808 2490 1959 2542; x_wconf 81' lang='lat' dir='ltr'><strong>quant</strong></span> 
     </span>
    </p>
   </div>
   <div class='ocr_carea' id='block_1_25' title="bbox 380 2565 1958 2637">
    <p class='ocr_par' dir='ltr' id='par_1_25' title="bbox 380 2565 1958 2637">
     <span class='ocr_line' id='line_1_25' title="bbox 380 2565 1958 2637; baseline -0.006 -10"><span class='ocrx_word' id='word_1_187' title='bbox 380 2573 575 2627; x_wconf 73' lang='lat' dir='ltr'><strong>dilexit.</strong></span> <span class='ocrx_word' id='word_1_188' title='bbox 600 2571 770 2636; x_wconf 84' lang='lat' dir='ltr'><strong>Alius,</strong></span> <span class='ocrx_word' id='word_1_189' title='bbox 800 2568 1225 2637; x_wconf 85' lang='lat' dir='ltr'><strong>Glorl/icationem</strong></span> <span class='ocrx_word' id='word_1_190' title='bbox 1243 2565 1424 2620; x_wconf 92' lang='lat' dir='ltr'><strong>Iacob.</strong></span> <span class='ocrx_word' id='word_1_191' title='bbox 1454 2566 1584 2620; x_wconf 89' lang='lat' dir='ltr'><strong>Vide</strong></span> <span class='ocrx_word' id='word_1_192' title='bbox 1607 2581 1763 2635; x_wconf 90' lang='lat' dir='ltr'><strong>quam</strong></span> <span class='ocrx_word' id='word_1_193' title='bbox 1792 2565 1859 2619; x_wconf 85' lang='lat' dir='ltr'><strong>sit</strong></span> <span class='ocrx_word' id='word_1_194' title='bbox 1878 2580 1958 2619; x_wconf 85' lang='lat' dir='ltr'><strong>ac-</strong></span> 
     </span>
    </p>
   </div>
   <div class='ocr_carea' id='block_1_26' title="bbox 380 2654 1954 2730">
    <p class='ocr_par' dir='ltr' id='par_1_26' title="bbox 380 2654 1954 2730">
     <span class='ocr_line' id='line_1_26' title="bbox 380 2654 1954 2730; baseline -0.004 -12"><span class='ocrx_word' id='word_1_195' title='bbox 380 2673 565 2718; x_wconf 86' lang='lat' dir='ltr'><strong>curata</strong></span> <span class='ocrx_word' id='word_1_196' title='bbox 595 2671 889 2730; x_wconf 82' lang='lat' dir='ltr'><strong>exactaque</strong></span> <span class='ocrx_word' id='word_1_197' title='bbox 924 2658 1220 2729; x_wconf 83' lang='lat' dir='ltr'><strong>prophetia.</strong></span> <span class='ocrx_word' id='word_1_198' title='bbox 1248 2656 1502 2726; x_wconf 87' lang='lat' dir='ltr'><strong>Superius</strong></span> <span class='ocrx_word' id='word_1_199' title='bbox 1528 2655 1741 2726; x_wconf 89' lang='lat' dir='ltr'><strong>quidem</strong></span> <span class='ocrx_word' id='word_1_200' title='bbox 1779 2654 1911 2711; x_wconf 81' lang='lat' dir='ltr'><strong>dixit</strong></span> <span class='ocrx_word' id='word_1_201' title='bbox 1940 2674 1954 2711; x_wconf 90' lang='lat'><strong>:</strong></span> 
     </span>
    </p>
   </div>
   <div class='ocr_carea' id='block_1_27' title="bbox 381 2746 1960 2823">
    <p class='ocr_par' dir='ltr' id='par_1_27' title="bbox 381 2746 1960 2823">
     <span class='ocr_line' id='line_1_27' title="bbox 381 2746 1960 2823; baseline -0.005 -13"><span class='ocrx_word' id='word_1_202' title='bbox 381 2753 611 2823; x_wconf 83' lang='lat' dir='ltr'><strong>Subiecit</strong></span> <span class='ocrx_word' id='word_1_203' title='bbox 641 2750 781 2806; x_wconf 88' lang='lat' dir='ltr'><strong>nobis</strong></span> <span class='ocrx_word' id='word_1_204' title='bbox 807 2749 1021 2822; x_wconf 85' lang='lat' dir='ltr'><strong>populos</strong></span> <span class='ocrx_word' id='word_1_205' title='bbox 1048 2758 1095 2805; x_wconf 92' lang='lat' dir='ltr'><strong>et</strong></span> <span class='ocrx_word' id='word_1_206' title='bbox 1114 2758 1301 2820; x_wconf 88' lang='lat' dir='ltr'><strong>gentes.</strong></span> <span class='ocrx_word' id='word_1_207' title='bbox 1332 2746 1498 2803; x_wconf 80' lang='lat' dir='ltr'><strong>Judaei</strong></span> <span class='ocrx_word' id='word_1_208' title='bbox 1526 2748 1751 2817; x_wconf 88' lang='lat' dir='ltr'><strong>primum</strong></span> <span class='ocrx_word' id='word_1_209' title='bbox 1778 2761 1960 2802; x_wconf 88' lang='lat' dir='ltr'><strong>acces-</strong></span> 
     </span>
    </p>
   </div>
   <div class='ocr_carea' id='block_1_28' title="bbox 380 2838 1961 2914">
    <p class='ocr_par' dir='ltr' id='par_1_28' title="bbox 380 2838 1961 2914">
     <span class='ocr_line' id='line_1_28' title="bbox 380 2838 1961 2914; baseline -0.004 -14"><span class='ocrx_word' id='word_1_210' title='bbox 380 2853 568 2900; x_wconf 90' lang='lat' dir='ltr'><strong>serunt</strong></span> <span class='ocrx_word' id='word_1_211' title='bbox 610 2843 782 2914; x_wconf 91' lang='lat' dir='ltr'><strong>primo</strong></span> <span class='ocrx_word' id='word_1_212' title='bbox 832 2852 912 2897; x_wconf 90' lang='lat' dir='ltr'><strong>ter</strong></span> <span class='ocrx_word' id='word_1_213' title='bbox 941 2840 1104 2907; x_wconf 90' lang='lat' dir='ltr'><strong>mille,</strong></span> <span class='ocrx_word' id='word_1_214' title='bbox 1148 2839 1340 2895; x_wconf 92' lang='lat' dir='ltr'><strong>deinde</strong></span> <span class='ocrx_word' id='word_1_215' title='bbox 1388 2839 1668 2909; x_wconf 90' lang='lat' dir='ltr'><strong>quinquies</strong></span> <span class='ocrx_word' id='word_1_216' title='bbox 1699 2838 1861 2903; x_wconf 89' lang='lat' dir='ltr'><strong>mille,</strong></span> <span class='ocrx_word' id='word_1_217' title='bbox 1906 2846 1961 2894; x_wconf 89' lang='lat' dir='ltr'><strong>ct</strong></span> 
     </span>
    </p>
   </div>
   <div class='ocr_carea' id='block_1_29' title="bbox 382 2929 1960 3005">
    <p class='ocr_par' dir='ltr' id='par_1_29' title="bbox 382 2929 1960 3005">
     <span class='ocr_line' id='line_1_29' title="bbox 382 2929 1960 3005; baseline -0.004 -16"><span class='ocrx_word' id='word_1_218' title='bbox 382 2945 565 3005; x_wconf 88' lang='lat' dir='ltr'><strong>postea</strong></span> <span class='ocrx_word' id='word_1_219' title='bbox 580 2941 783 3005; x_wconf 82' lang='lat' dir='ltr'><strong>gentes.</strong></span> <span class='ocrx_word' id='word_1_220' title='bbox 813 2933 928 3003; x_wconf 88' lang='lat' dir='ltr'><strong>Ipse</strong></span> <span class='ocrx_word' id='word_1_221' title='bbox 948 2932 1087 2987; x_wconf 90' lang='lat' dir='ltr'><strong>enim</strong></span> <span class='ocrx_word' id='word_1_222' title='bbox 1112 2945 1295 2986; x_wconf 90' lang='lat' dir='ltr'><strong>rursus</strong></span> <span class='ocrx_word' id='word_1_223' title='bbox 1320 2931 1531 2986; x_wconf 88' lang='lat' dir='ltr'><strong>dicebat</strong></span> <span class='ocrx_word' id='word_1_224' title='bbox 1556 2947 1570 2985; x_wconf 90' lang='lat'><strong>:</strong></span> <span class='ocrx_word' id='word_1_225' title='bbox 1601 2929 1671 2983; x_wconf 86' lang='lat' dir='ltr'><strong>Et</strong></span> <span class='ocrx_word' id='word_1_226' title='bbox 1691 2930 1820 2984; x_wconf 88' lang='lat' dir='ltr'><strong>alias</strong></span> <span class='ocrx_word' id='word_1_227' title='bbox 1845 2945 1960 2983; x_wconf 81' lang='lat' dir='ltr'><strong>ores</strong></span> 
     </span>
    </p>
   </div>
   <div class='ocr_carea' id='block_1_30' title="bbox 381 3022 1955 3094">
    <p class='ocr_par' dir='ltr' id='par_1_30' title="bbox 381 3022 1955 3094">
     <span class='ocr_line' id='line_1_30' title="bbox 381 3022 1955 3094; baseline -0.003 -13"><span class='ocrx_word' id='word_1_228' title='bbox 381 3028 561 3091; x_wconf 84' lang='lat' dir='ltr'><strong>habeo,</strong></span> <span class='ocrx_word' id='word_1_229' title='bbox 584 3035 630 3080; x_wconf 93' lang='lat' dir='ltr'><strong>et</strong></span> <span class='ocrx_word' id='word_1_230' title='bbox 657 3025 773 3079; x_wconf 88' lang='lat' dir='ltr'><strong>illas</strong></span> <span class='ocrx_word' id='word_1_231' title='bbox 798 3041 875 3079; x_wconf 87' lang='lat' dir='ltr'><strong>me</strong></span> <span class='ocrx_word' id='word_1_232' title='bbox 892 3022 1139 3078; x_wconf 84' lang='lat' dir='ltr'><strong>adducere</strong></span> <span class='ocrx_word' id='word_1_233' title='bbox 1165 3031 1374 3094; x_wconf 79' lang='lat' dir='ltr'><strong>Oportet,</strong></span> <span class='ocrx_word' id='word_1_234' title='bbox 1406 3031 1452 3077; x_wconf 91' lang='lat' dir='ltr'><strong>et</strong></span> <span class='ocrx_word' id='word_1_235' title='bbox 1495 3022 1581 3091; x_wconf 79' lang='lat' dir='ltr'><strong>ﬁet</strong></span> <span class='ocrx_word' id='word_1_236' title='bbox 1618 3038 1774 3076; x_wconf 88' lang='lat' dir='ltr'><strong>unum</strong></span> <span class='ocrx_word' id='word_1_237' title='bbox 1811 3022 1955 3087; x_wconf 86' lang='lat' dir='ltr'><strong>ovile,</strong></span> 
     </span>
    </p>
   </div>
   <div class='ocr_carea' id='block_1_31' title="bbox 389 3112 1962 3187">
    <p class='ocr_par' dir='ltr' id='par_1_31' title="bbox 389 3112 1962 3187">
     <span class='ocr_line' id='line_1_31' title="bbox 389 3112 1962 3187; baseline -0.003 -15"><span class='ocrx_word' id='word_1_238' title='bbox 389 3127 435 3172; x_wconf 83' lang='lat' dir='ltr'><strong>et</strong></span> <span class='ocrx_word' id='word_1_239' title='bbox 465 3133 593 3172; x_wconf 84' lang='lat' dir='ltr'><strong>unus</strong></span> <span class='ocrx_word' id='word_1_240' title='bbox 617 3126 789 3186; x_wconf 81' lang='lat' dir='ltr'><strong>pastor</strong></span> <span class='ocrx_word' id='word_1_241' title='bbox 815 3114 991 3187; x_wconf 90' lang='lat' dir='ltr'><strong>(Ioan.</strong></span> <span class='ocrx_word' id='word_1_242' title='bbox 1010 3114 1098 3170; x_wconf 82' lang='lat' dir='ltr'><strong>l0.</strong></span> <span class='ocrx_word' id='word_1_243' title='bbox 1129 3112 1238 3184; x_wconf 83' lang='grc'><strong>16).</strong></span> <span class='ocrx_word' id='word_1_244' title='bbox 1270 3113 1468 3172; x_wconf 89' lang='lat' dir='ltr'><strong>Deinde</strong></span> <span class='ocrx_word' id='word_1_245' title='bbox 1493 3128 1560 3168; x_wconf 91' lang='lat' dir='ltr'><strong>ne</strong></span> <span class='ocrx_word' id='word_1_246' title='bbox 1580 3112 1695 3183; x_wconf 88' lang='lat' dir='ltr'><strong>quis</strong></span> <span class='ocrx_word' id='word_1_247' title='bbox 1717 3127 1836 3168; x_wconf 91' lang='lat' dir='ltr'><strong>cum</strong></span> <span class='ocrx_word' id='word_1_248' title='bbox 1867 3129 1962 3167; x_wconf 91' lang='lat' dir='ltr'><strong>au-</strong></span> 
     </span>
    </p>
   </div>
   <div class='ocr_carea' id='block_1_32' title="bbox 387 3202 1956 3279">
    <p class='ocr_par' dir='ltr' id='par_1_32' title="bbox 387 3202 1956 3279">
     <span class='ocr_line' id='line_1_32' title="bbox 387 3202 1956 3279; baseline -0.003 -16"><span class='ocrx_word' id='word_1_249' title='bbox 387 3208 572 3264; x_wconf 87' lang='lat' dir='ltr'><strong>dierit:</strong></span> <span class='ocrx_word' id='word_1_250' title='bbox 603 3207 768 3279; x_wconf 83' lang='lat' dir='ltr'><strong>Elegit</strong></span> <span class='ocrx_word' id='word_1_251' title='bbox 792 3207 934 3261; x_wconf 80' lang='lat' dir='ltr'><strong>nobis</strong></span> <span class='ocrx_word' id='word_1_252' title='bbox 949 3205 1269 3260; x_wconf 80' lang='lat' dir='ltr'><strong>hereditatem</strong></span> <span class='ocrx_word' id='word_1_253' title='bbox 1287 3204 1382 3259; x_wconf 88' lang='lat' dir='ltr'><strong>sibi</strong></span> <span class='ocrx_word' id='word_1_254' title='bbox 1405 3202 1536 3276; x_wconf 83' lang='lat' dir='ltr'><strong>(Act.</strong></span> <span class='ocrx_word' id='word_1_255' title='bbox 1564 3202 1618 3257; x_wconf 69' lang='grc' dir='ltr'><strong>ἓ.</strong></span> <span class='ocrx_word' id='word_1_256' title='bbox 1640 3204 1727 3259; x_wconf 66' lang='lat' dir='ltr'><strong>bl.</strong></span> <span class='ocrx_word' id='word_1_257' title='bbox 1750 3211 1794 3259; x_wconf 90' lang='lat' dir='ltr'><strong>et</strong></span> <span class='ocrx_word' id='word_1_258' title='bbox 1817 3204 1956 3276; x_wconf 67' lang='lat'><strong>4.4),</strong></span> 
     </span>
    </p>
   </div>
   <div class='ocr_carea' id='block_1_33' title="bbox 390 3296 1957 3371">
    <p class='ocr_par' dir='ltr' id='par_1_33' title="bbox 390 3296 1957 3371">
     <span class='ocr_line' id='line_1_33' title="bbox 390 3296 1957 3371; baseline -0.004 -13"><span class='ocrx_word' id='word_1_259' title='bbox 390 3304 587 3358; x_wconf 90' lang='lat' dir='ltr'><strong>dubitet</strong></span> <span class='ocrx_word' id='word_1_260' title='bbox 611 3312 665 3358; x_wconf 88' lang='lat' dir='ltr'><strong>et</strong></span> <span class='ocrx_word' id='word_1_261' title='bbox 690 3308 931 3371; x_wconf 79' lang='lat' dir='ltr'><strong>angatur,</strong></span> <span class='ocrx_word' id='word_1_262' title='bbox 963 3299 1174 3356; x_wconf 85' lang='lat' dir='ltr'><strong>etdicat</strong></span> <span class='ocrx_word' id='word_1_263' title='bbox 1200 3313 1215 3352; x_wconf 88' lang='lat'><strong>:</strong></span> <span class='ocrx_word' id='word_1_264' title='bbox 1246 3296 1525 3365; x_wconf 87' lang='lat' dir='ltr'><strong>Quomodo</strong></span> <span class='ocrx_word' id='word_1_265' title='bbox 1545 3312 1672 3367; x_wconf 88' lang='lat' dir='ltr'><strong>ergo</strong></span> <span class='ocrx_word' id='word_1_266' title='bbox 1708 3311 1810 3350; x_wconf 91' lang='lat' dir='ltr'><strong>non</strong></span> <span class='ocrx_word' id='word_1_267' title='bbox 1839 3312 1957 3352; x_wconf 90' lang='lat' dir='ltr'><strong>crc-</strong></span> 
     </span>
    </p>
   </div>
   <div class='ocr_carea' id='block_1_34' title="bbox 386 3387 1956 3452">
    <p class='ocr_par' dir='ltr' id='par_1_34' title="bbox 386 3387 1956 3452">
     <span class='ocr_line' id='line_1_34' title="bbox 386 3387 1956 3452; baseline -0.005 -3"><span class='ocrx_word' id='word_1_268' title='bbox 386 3394 520 3452; x_wconf 91' lang='lat' dir='ltr'><strong>dunt</strong></span> <span class='ocrx_word' id='word_1_269' title='bbox 547 3407 684 3447; x_wconf 88' lang='lat' dir='ltr'><strong>nunc</strong></span> <span class='ocrx_word' id='word_1_270' title='bbox 724 3392 930 3447; x_wconf 68' lang='lat' dir='ltr'><strong>Judmi‘?</strong></span> <span class='ocrx_word' id='word_1_271' title='bbox 969 3390 1301 3446; x_wconf 89' lang='lat' dir='ltr'><strong>correctione</strong></span> <span class='ocrx_word' id='word_1_272' title='bbox 1348 3388 1505 3444; x_wconf 90' lang='lat' dir='ltr'><strong>solvit</strong></span> <span class='ocrx_word' id='word_1_273' title='bbox 1551 3387 1956 3443; x_wconf 89' lang='lat' dir='ltr'><strong>dubitationem.</strong></span> 
     </span>
    </p>
   </div>
   <div class='ocr_carea' id='block_1_35' title="bbox 385 3481 1960 3554">
    <p class='ocr_par' dir='ltr' id='par_1_35' title="bbox 385 3481 1960 3554">
     <span class='ocr_line' id='line_1_35' title="bbox 385 3481 1960 3554; baseline -0.004 -13"><span class='ocrx_word' id='word_1_274' title='bbox 385 3486 615 3541; x_wconf 76' lang='lat' dir='ltr'><strong>Maxime</strong></span> <span class='ocrx_word' id='word_1_275' title='bbox 641 3484 803 3551; x_wconf 88' lang='lat' dir='ltr'><strong>enim,</strong></span> <span class='ocrx_word' id='word_1_276' title='bbox 829 3483 968 3554; x_wconf 89' lang='lat' dir='ltr'><strong>quod</strong></span> <span class='ocrx_word' id='word_1_277' title='bbox 989 3481 1054 3537; x_wconf 91' lang='lat' dir='ltr'><strong>ad</strong></span> <span class='ocrx_word' id='word_1_278' title='bbox 1078 3498 1137 3538; x_wconf 91' lang='lat' dir='ltr'><strong>se</strong></span> <span class='ocrx_word' id='word_1_279' title='bbox 1160 3482 1370 3550; x_wconf 85' lang='lat' dir='ltr'><strong>attinet,</strong></span> <span class='ocrx_word' id='word_1_280' title='bbox 1392 3495 1484 3536; x_wconf 90' lang='lat' dir='ltr'><strong>eos</strong></span> <span class='ocrx_word' id='word_1_281' title='bbox 1506 3481 1682 3550; x_wconf 81' lang='lat' dir='ltr'><strong>elegit,</strong></span> <span class='ocrx_word' id='word_1_282' title='bbox 1713 3488 1765 3536; x_wconf 89' lang='lat' dir='ltr'><strong>et</strong></span> <span class='ocrx_word' id='word_1_283' title='bbox 1788 3496 1960 3550; x_wconf 88' lang='lat' dir='ltr'><strong>quan-</strong></span> 
     </span>
    </p>
   </div>
   <div class='ocr_carea' id='block_1_36' title="bbox 384 3572 1961 3646">
    <p class='ocr_par' dir='ltr' id='par_1_36' title="bbox 384 3572 1961 3646">
     <span class='ocr_line' id='line_1_36' title="bbox 384 3572 1961 3646; baseline -0.004 -14"><span class='ocrx_word' id='word_1_284' title='bbox 384 3587 496 3632; x_wconf 91' lang='lat' dir='ltr'><strong>tum</strong></span> <span class='ocrx_word' id='word_1_285' title='bbox 517 3577 579 3631; x_wconf 90' lang='lat' dir='ltr'><strong>ad</strong></span> <span class='ocrx_word' id='word_1_286' title='bbox 607 3577 778 3646; x_wconf 88' lang='lat' dir='ltr'><strong>ipsum</strong></span> <span class='ocrx_word' id='word_1_287' title='bbox 810 3574 1022 3645; x_wconf 89' lang='lat' dir='ltr'><strong>quidem</strong></span> <span class='ocrx_word' id='word_1_288' title='bbox 1067 3582 1287 3644; x_wconf 91' lang='lat' dir='ltr'><strong>spectat,</strong></span> <span class='ocrx_word' id='word_1_289' title='bbox 1319 3573 1519 3628; x_wconf 91' lang='lat' dir='ltr'><strong>nullum</strong></span> <span class='ocrx_word' id='word_1_290' title='bbox 1547 3572 1780 3642; x_wconf 86' lang='lat' dir='ltr'><strong>reliquit.</strong></span> <span class='ocrx_word' id='word_1_291' title='bbox 1809 3573 1961 3640; x_wconf 85' lang='lat' dir='ltr'><strong>Quod</strong></span> 
     </span>
    </p>
   </div>
   <div class='ocr_carea' id='block_1_37' title="bbox 381 3662 1963 3739">
    <p class='ocr_par' dir='ltr' id='par_1_37' title="bbox 381 3662 1963 3739">
     <span class='ocr_line' id='line_1_37' title="bbox 381 3662 1963 3739; baseline -0.004 -17"><span class='ocrx_word' id='word_1_292' title='bbox 381 3670 426 3723; x_wconf 89' lang='lat' dir='ltr'><strong>si</strong></span> <span class='ocrx_word' id='word_1_293' title='bbox 451 3669 607 3723; x_wconf 89' lang='lat' dir='ltr'><strong>ﬁnem</strong></span> <span class='ocrx_word' id='word_1_294' title='bbox 629 3682 837 3737; x_wconf 88' lang='lat' dir='ltr'><strong>quoque</strong></span> <span class='ocrx_word' id='word_1_295' title='bbox 860 3666 1118 3739; x_wconf 90' lang='lat' dir='ltr'><strong>requiras,</strong></span> <span class='ocrx_word' id='word_1_296' title='bbox 1141 3664 1261 3719; x_wconf 91' lang='lat' dir='ltr'><strong>audi</strong></span> <span class='ocrx_word' id='word_1_297' title='bbox 1287 3678 1348 3719; x_wconf 91' lang='lat' dir='ltr'><strong>ea</strong></span> <span class='ocrx_word' id='word_1_298' title='bbox 1373 3678 1489 3733; x_wconf 74' lang='lat' dir='ltr'><strong>qua:</strong></span> <span class='ocrx_word' id='word_1_299' title='bbox 1504 3672 1814 3732; x_wconf 89' lang='lat' dir='ltr'><strong>sequuntur;</strong></span> <span class='ocrx_word' id='word_1_300' title='bbox 1839 3662 1963 3717; x_wconf 88' lang='lat' dir='ltr'><strong>sub-</strong></span> 
     </span>
    </p>
   </div>
   <div class='ocr_carea' id='block_1_38' title="bbox 376 3755 1961 3831">
    <p class='ocr_par' dir='ltr' id='par_1_38' title="bbox 376 3755 1961 3831">
     <span class='ocr_line' id='line_1_38' title="bbox 376 3755 1961 3831; baseline -0.004 -16"><span class='ocrx_word' id='word_1_301' title='bbox 376 3761 555 3831; x_wconf 88' lang='lat' dir='ltr'><strong>junxit</strong></span> <span class='ocrx_word' id='word_1_302' title='bbox 579 3759 716 3815; x_wconf 87' lang='lat' dir='ltr'><strong>enim</strong></span> <span class='ocrx_word' id='word_1_303' title='bbox 747 3776 761 3813; x_wconf 91' lang='lat'><strong>:</strong></span> <span class='ocrx_word' id='word_1_304' title='bbox 796 3759 1022 3829; x_wconf 86' lang='lat' dir='ltr'><strong>Speciem</strong></span> <span class='ocrx_word' id='word_1_305' title='bbox 1045 3756 1226 3824; x_wconf 86' lang='lat' dir='ltr'><strong>Iacob,</strong></span> <span class='ocrx_word' id='word_1_306' title='bbox 1256 3773 1406 3827; x_wconf 87' lang='lat' dir='ltr'><strong>quam</strong></span> <span class='ocrx_word' id='word_1_307' title='bbox 1431 3755 1624 3809; x_wconf 80' lang='lat' dir='ltr'><strong>dilexit.</strong></span> <span class='ocrx_word' id='word_1_308' title='bbox 1660 3755 1757 3809; x_wconf 87' lang='lat' dir='ltr'><strong>llic</strong></span> <span class='ocrx_word' id='word_1_309' title='bbox 1783 3764 1961 3809; x_wconf 89' lang='lat' dir='ltr'><strong>autem</strong></span> 
     </span>
    </p>
   </div>
   <div class='ocr_carea' id='block_1_39' title="bbox 382 3844 1952 3917">
    <p class='ocr_par' dir='ltr' id='par_1_39' title="bbox 382 3844 1952 3917">
     <span class='ocr_line' id='line_1_39' title="bbox 382 3844 1952 3917; baseline -0.005 -11"><span class='ocrx_word' id='word_1_310' title='bbox 382 3852 516 3907; x_wconf 88' lang='lat' dir='ltr'><strong>mihi</strong></span> <span class='ocrx_word' id='word_1_311' title='bbox 547 3851 753 3905; x_wconf 82' lang='lat' dir='ltr'><strong>videtur</strong></span> <span class='ocrx_word' id='word_1_312' title='bbox 786 3850 970 3905; x_wconf 89' lang='lat' dir='ltr'><strong>ﬁdeles</strong></span> <span class='ocrx_word' id='word_1_313' title='bbox 1007 3848 1207 3915; x_wconf 89' lang='lat' dir='ltr'><strong>dicere,</strong></span> <span class='ocrx_word' id='word_1_314' title='bbox 1237 3845 1377 3917; x_wconf 88' lang='lat' dir='ltr'><strong>quod</strong></span> <span class='ocrx_word' id='word_1_315' title='bbox 1405 3844 1618 3915; x_wconf 87' lang='lat' dir='ltr'><strong>quidem</strong></span> <span class='ocrx_word' id='word_1_316' title='bbox 1646 3844 1845 3900; x_wconf 77' lang='lat' dir='ltr'><strong>Paulus</strong></span> <span class='ocrx_word' id='word_1_317' title='bbox 1874 3845 1952 3899; x_wconf 92' lang='lat' dir='ltr'><strong>si-</strong></span> 
     </span>
    </p>
   </div>
   <div class='ocr_carea' id='block_1_40' title="bbox 381 3935 1964 4015">
    <p class='ocr_par' dir='ltr' id='par_1_40' title="bbox 381 3935 1964 4015">
     <span class='ocr_line' id='line_1_40' title="bbox 381 3935 1964 4015; baseline -0.006 -16"><span class='ocrx_word' id='word_1_318' title='bbox 381 3944 660 4015; x_wconf 82' lang='lat' dir='ltr'><strong>gniﬁcans,</strong></span> <span class='ocrx_word' id='word_1_319' title='bbox 690 3941 899 3997; x_wconf 88' lang='lat' dir='ltr'><strong>dicebat</strong></span> <span class='ocrx_word' id='word_1_320' title='bbox 928 3958 942 3994; x_wconf 89' lang='lat'><strong>:</strong></span> <span class='ocrx_word' id='word_1_321' title='bbox 977 3939 1097 3994; x_wconf 84' lang='lat' dir='ltr'><strong>Non</strong></span> <span class='ocrx_word' id='word_1_322' title='bbox 1134 3947 1301 3993; x_wconf 89' lang='lat' dir='ltr'><strong>autem</strong></span> <span class='ocrx_word' id='word_1_323' title='bbox 1323 3937 1460 4007; x_wconf 84' lang='lat' dir='ltr'><strong>quod</strong></span> <span class='ocrx_word' id='word_1_324' title='bbox 1489 3935 1726 3990; x_wconf 78' lang='lat' dir='ltr'><strong>exciderit</strong></span> <span class='ocrx_word' id='word_1_325' title='bbox 1760 3936 1964 3990; x_wconf 85' lang='lat' dir='ltr'><strong>verbum</strong></span> 
     </span>
    </p>
   </div>
   <div class='ocr_carea' id='block_1_41' title="bbox 387 4026 1958 4100">
    <p class='ocr_par' dir='ltr' id='par_1_41' title="bbox 387 4026 1958 4100">
     <span class='ocr_line' id='line_1_41' title="bbox 387 4026 1958 4100; baseline -0.004 -11"><span class='ocrx_word' id='word_1_326' title='bbox 387 4033 483 4090; x_wconf 81' lang='lat' dir='ltr'><strong>Dei</strong></span> <span class='ocrx_word' id='word_1_327' title='bbox 507 4050 524 4092; x_wconf 83' lang='lat'><strong>.&#39;</strong></span> <span class='ocrx_word' id='word_1_328' title='bbox 551 4049 648 4087; x_wconf 87' lang='lat' dir='ltr'><strong>non</strong></span> <span class='ocrx_word' id='word_1_329' title='bbox 674 4032 804 4087; x_wconf 83' lang='lat' dir='ltr'><strong>enim</strong></span> <span class='ocrx_word' id='word_1_330' title='bbox 831 4047 998 4086; x_wconf 85' lang='lat' dir='ltr'><strong>omnes</strong></span> <span class='ocrx_word' id='word_1_331' title='bbox 1024 4030 1107 4100; x_wconf 86' lang='lat' dir='ltr'><strong>qui</strong></span> <span class='ocrx_word' id='word_1_332' title='bbox 1129 4039 1243 4083; x_wconf 83' lang='lat' dir='ltr'><strong>sunt</strong></span> <span class='ocrx_word' id='word_1_333' title='bbox 1264 4045 1325 4083; x_wconf 77' lang='lat' dir='ltr'><strong>ea:</strong></span> <span class='ocrx_word' id='word_1_334' title='bbox 1349 4026 1510 4082; x_wconf 90' lang='lat' dir='ltr'><strong>Israel</strong></span> <span class='ocrx_word' id='word_1_335' title='bbox 1529 4037 1642 4081; x_wconf 87' lang='lat' dir='ltr'><strong>sunt</strong></span> <span class='ocrx_word' id='word_1_336' title='bbox 1666 4026 1831 4082; x_wconf 86' lang='lat' dir='ltr'><strong>Israel</strong></span> <span class='ocrx_word' id='word_1_337' title='bbox 1855 4029 1958 4098; x_wconf 92' lang='lat' dir='ltr'><strong>(a),</strong></span> 
     </span>
    </p>
   </div>
   <div class='ocr_carea' id='block_1_42' title="bbox 385 4117 1964 4190">
    <p class='ocr_par' dir='ltr' id='par_1_42' title="bbox 385 4117 1964 4190">
     <span class='ocr_line' id='line_1_42' title="bbox 385 4117 1964 4190; baseline -0.003 -12"><span class='ocrx_word' id='word_1_338' title='bbox 385 4125 476 4180; x_wconf 85' lang='lat' dir='ltr'><strong>sed</strong></span> <span class='ocrx_word' id='word_1_339' title='bbox 502 4124 555 4177; x_wconf 81' lang='lat' dir='ltr'><strong>in</strong></span> <span class='ocrx_word' id='word_1_340' title='bbox 583 4122 729 4177; x_wconf 89' lang='lat' dir='ltr'><strong>Isaac</strong></span> <span class='ocrx_word' id='word_1_341' title='bbox 755 4122 1006 4177; x_wconf 88' lang='lat' dir='ltr'><strong>vocabitur</strong></span> <span class='ocrx_word' id='word_1_342' title='bbox 1028 4122 1115 4174; x_wconf 87' lang='lat' dir='ltr'><strong>tibi</strong></span> <span class='ocrx_word' id='word_1_343' title='bbox 1141 4135 1341 4184; x_wconf 87' lang='lat' dir='ltr'><strong>semen;</strong></span> <span class='ocrx_word' id='word_1_344' title='bbox 1364 4120 1457 4172; x_wconf 92' lang='lat' dir='ltr'><strong>hoc</strong></span> <span class='ocrx_word' id='word_1_345' title='bbox 1481 4127 1572 4183; x_wconf 88' lang='lat' dir='ltr'><strong>est,</strong></span> <span class='ocrx_word' id='word_1_346' title='bbox 1602 4117 1722 4172; x_wconf 87' lang='lat' dir='ltr'><strong>Non</strong></span> <span class='ocrx_word' id='word_1_347' title='bbox 1739 4120 1824 4190; x_wconf 87' lang='lat' dir='ltr'><strong>qui</strong></span> <span class='ocrx_word' id='word_1_348' title='bbox 1847 4129 1964 4173; x_wconf 86' lang='lat' dir='ltr'><strong>sunt</strong></span> 
     </span>
    </p>
   </div>
   <div class='ocr_carea' id='block_1_43' title="bbox 387 4212 1963 4284">
    <p class='ocr_par' dir='ltr' id='par_1_43' title="bbox 387 4212 1963 4284">
     <span class='ocr_line' id='line_1_43' title="bbox 387 4212 1963 4284; baseline 0 -15"><span class='ocrx_word' id='word_1_349' title='bbox 387 4216 486 4284; x_wconf 78' lang='lat' dir='ltr'><strong>ﬁlii</strong></span> <span class='ocrx_word' id='word_1_350' title='bbox 512 4215 696 4280; x_wconf 89' lang='lat' dir='ltr'><strong>carnis,</strong></span> <span class='ocrx_word' id='word_1_351' title='bbox 723 4215 760 4268; x_wconf 91' lang='lat' dir='ltr'><strong>ii</strong></span> <span class='ocrx_word' id='word_1_352' title='bbox 780 4224 893 4268; x_wconf 85' lang='lat' dir='ltr'><strong>sunt</strong></span> <span class='ocrx_word' id='word_1_353' title='bbox 915 4213 1011 4283; x_wconf 84' lang='lat' dir='ltr'><strong>ﬁlii</strong></span> <span class='ocrx_word' id='word_1_354' title='bbox 1033 4213 1147 4275; x_wconf 86' lang='lat' dir='ltr'><strong>Dei,</strong></span> <span class='ocrx_word' id='word_1_355' title='bbox 1175 4213 1261 4267; x_wconf 90' lang='lat' dir='ltr'><strong>sed</strong></span> <span class='ocrx_word' id='word_1_356' title='bbox 1301 4213 1388 4284; x_wconf 86' lang='lat' dir='ltr'><strong>qui</strong></span> <span class='ocrx_word' id='word_1_357' title='bbox 1415 4212 1639 4280; x_wconf 80' lang='lat' dir='ltr'><strong>sunt/itii</strong></span> <span class='ocrx_word' id='word_1_358' title='bbox 1669 4215 1963 4283; x_wconf 87' lang='lat' dir='ltr'><strong>promissio-</strong></span> 
     </span>
    </p>
   </div>
   <div class='ocr_carea' id='block_1_44' title="bbox 387 4304 1962 4378">
    <p class='ocr_par' dir='ltr' id='par_1_44' title="bbox 387 4304 1962 4378">
     <span class='ocr_line' id='line_1_44' title="bbox 387 4304 1962 4378; baseline 0 -17"><span class='ocrx_word' id='word_1_359' title='bbox 387 4306 813 4372; x_wconf 70' lang='lat' dir='ltr'><strong>nis,wstimantur</strong></span> <span class='ocrx_word' id='word_1_360' title='bbox 832 4306 885 4358; x_wconf 85' lang='lat' dir='ltr'><strong>in</strong></span> <span class='ocrx_word' id='word_1_361' title='bbox 899 4306 1082 4359; x_wconf 86' lang='lat' dir='ltr'><strong>semine</strong></span> <span class='ocrx_word' id='word_1_362' title='bbox 1105 4304 1276 4373; x_wconf 87' lang='lat' dir='ltr'><strong>(Rom.</strong></span> <span class='ocrx_word' id='word_1_363' title='bbox 1303 4306 1355 4360; x_wconf 84' lang='lat'><strong>9.</strong></span> <span class='ocrx_word' id='word_1_364' title='bbox 1375 4306 1513 4378; x_wconf 86' lang='lat'><strong>6-8).</strong></span> <span class='ocrx_word' id='word_1_365' title='bbox 1542 4307 1758 4375; x_wconf 88' lang='lat' dir='ltr'><strong>Species</strong></span> <span class='ocrx_word' id='word_1_366' title='bbox 1788 4317 1962 4362; x_wconf 89' lang='lat' dir='ltr'><strong>autem</strong></span> 
     </span>
    </p>
   </div>
   <div class='ocr_carea' id='block_1_45' title="bbox 388 4394 1965 4466">
    <p class='ocr_par' dir='ltr' id='par_1_45' title="bbox 388 4394 1965 4466">
     <span class='ocr_line' id='line_1_45' title="bbox 388 4394 1965 4466; baseline 0.001 -15"><span class='ocrx_word' id='word_1_367' title='bbox 388 4411 485 4451; x_wconf 86' lang='lat' dir='ltr'><strong>seu</strong></span> <span class='ocrx_word' id='word_1_368' title='bbox 540 4394 876 4466; x_wconf 84' lang='lat' dir='ltr'><strong>pulchritudo</strong></span> <span class='ocrx_word' id='word_1_369' title='bbox 920 4395 1094 4465; x_wconf 89' lang='lat' dir='ltr'><strong>populi</strong></span> <span class='ocrx_word' id='word_1_370' title='bbox 1140 4394 1261 4464; x_wconf 88' lang='lat' dir='ltr'><strong>jure</strong></span> <span class='ocrx_word' id='word_1_371' title='bbox 1288 4394 1534 4451; x_wconf 88' lang='lat' dir='ltr'><strong>dicantur</strong></span> <span class='ocrx_word' id='word_1_372' title='bbox 1581 4396 1783 4453; x_wconf 78' lang='lat' dir='ltr'><strong>fideles.</strong></span> <span class='ocrx_word' id='word_1_373' title='bbox 1829 4396 1965 4465; x_wconf 84' lang='lat' dir='ltr'><strong>Quid</strong></span> 
     </span>
    </p>
   </div>
   <div class='ocr_carea' id='block_1_46' title="bbox 388 4485 1598 4556">
    <p class='ocr_par' dir='ltr' id='par_1_46' title="bbox 388 4485 1598 4556">
     <span class='ocr_line' id='line_1_46' title="bbox 388 4485 1598 4556; baseline -0.002 -14"><span class='ocrx_word' id='word_1_374' title='bbox 388 4497 471 4542; x_wconf 87' lang='lat' dir='ltr'><strong>est</strong></span> <span class='ocrx_word' id='word_1_375' title='bbox 496 4487 636 4541; x_wconf 87' lang='lat' dir='ltr'><strong>enim</strong></span> <span class='ocrx_word' id='word_1_376' title='bbox 665 4485 956 4556; x_wconf 88' lang='lat' dir='ltr'><strong>speciosius</strong></span> <span class='ocrx_word' id='word_1_377' title='bbox 983 4486 1085 4539; x_wconf 91' lang='lat' dir='ltr'><strong>illis</strong></span> <span class='ocrx_word' id='word_1_378' title='bbox 1112 4485 1200 4555; x_wconf 89' lang='lat' dir='ltr'><strong>qui</strong></span> <span class='ocrx_word' id='word_1_379' title='bbox 1223 4485 1598 4541; x_wconf 85' lang='lat' dir='ltr'><strong>crediderunt?</strong></span> 
     </span>
    </p>
   </div>
   <div class='ocr_carea' id='block_1_47' title="bbox 463 4574 1964 4633">
    <p class='ocr_par' dir='ltr' id='par_1_47' title="bbox 463 4574 1964 4633">
     <span class='ocr_line' id='line_1_47' title="bbox 463 4574 1964 4633; baseline 0 0"><span class='ocrx_word' id='word_1_380' title='bbox 463 4578 642 4633; x_wconf 83' lang='lat' dir='ltr'><strong>Gentes</strong></span> <span class='ocrx_word' id='word_1_381' title='bbox 682 4594 772 4632; x_wconf 89' lang='lat' dir='ltr'><strong>cur</strong></span> <span class='ocrx_word' id='word_1_382' title='bbox 814 4576 1059 4631; x_wconf 81' lang='lat' dir='ltr'><strong>hereditas</strong></span> <span class='ocrx_word' id='word_1_383' title='bbox 1102 4575 1381 4631; x_wconf 86' lang='lat' dir='ltr'><strong>Christi.—</strong></span> <span class='ocrx_word' id='word_1_384' title='bbox 1401 4574 1759 4633; x_wconf 84' lang='lat' dir='ltr'><strong>Hereditatem</strong></span> <span class='ocrx_word' id='word_1_385' title='bbox 1788 4586 1964 4633; x_wconf 89' lang='lat' dir='ltr'><strong>autem</strong></span> 
     </span>
    </p>
   </div>
   <div class='ocr_carea' id='block_1_48' title="bbox 388 4667 1966 4745">
    <p class='ocr_par' dir='ltr' id='par_1_48' title="bbox 388 4667 1966 4745">
     <span class='ocr_line' id='line_1_48' title="bbox 388 4667 1966 4745; baseline -0.003 -20"><span class='ocrx_word' id='word_1_386' title='bbox 388 4686 541 4725; x_wconf 88' lang='lat' dir='ltr'><strong>suam</strong></span> <span class='ocrx_word' id='word_1_387' title='bbox 572 4677 723 4725; x_wconf 89' lang='lat' dir='ltr'><strong>vocat</strong></span> <span class='ocrx_word' id='word_1_388' title='bbox 751 4677 962 4737; x_wconf 80' lang='lat' dir='ltr'><strong>gentem</strong></span> <span class='ocrx_word' id='word_1_389' title='bbox 983 4708 998 4731; x_wconf 95' lang='lat'><strong>,</strong></span> <span class='ocrx_word' id='word_1_390' title='bbox 1026 4682 1130 4722; x_wconf 90' lang='lat' dir='ltr'><strong>non</strong></span> <span class='ocrx_word' id='word_1_391' title='bbox 1153 4667 1291 4736; x_wconf 89' lang='lat' dir='ltr'><strong>quod</strong></span> <span class='ocrx_word' id='word_1_392' title='bbox 1324 4667 1544 4721; x_wconf 86' lang='lat' dir='ltr'><strong>aliarum</strong></span> <span class='ocrx_word' id='word_1_393' title='bbox 1574 4667 1809 4745; x_wconf 80' lang='lat' dir='ltr'><strong>gentium</strong></span> <span class='ocrx_word' id='word_1_394' title='bbox 1847 4668 1966 4722; x_wconf 87' lang='lat' dir='ltr'><strong>nul-</strong></span> 
     </span>
    </p>
   </div>
   <div class='ocr_carea' id='block_1_49' title="bbox 388 4755 1964 4828">
    <p class='ocr_par' dir='ltr' id='par_1_49' title="bbox 388 4755 1964 4828">
     <span class='ocr_line' id='line_1_49' title="bbox 388 4755 1964 4828; baseline -0.002 -14"><span class='ocrx_word' id='word_1_395' title='bbox 388 4761 495 4814; x_wconf 92' lang='lat' dir='ltr'><strong>lam</strong></span> <span class='ocrx_word' id='word_1_396' title='bbox 527 4774 700 4813; x_wconf 89' lang='lat' dir='ltr'><strong>curam</strong></span> <span class='ocrx_word' id='word_1_397' title='bbox 731 4759 975 4828; x_wconf 82' lang='lat' dir='ltr'><strong>gesserit,</strong></span> <span class='ocrx_word' id='word_1_398' title='bbox 1006 4755 1099 4812; x_wconf 89' lang='lat' dir='ltr'><strong>sed</strong></span> <span class='ocrx_word' id='word_1_399' title='bbox 1129 4756 1493 4811; x_wconf 87' lang='lat' dir='ltr'><strong>vehementem</strong></span> <span class='ocrx_word' id='word_1_400' title='bbox 1520 4757 1571 4810; x_wconf 91' lang='lat' dir='ltr'><strong>in</strong></span> <span class='ocrx_word' id='word_1_401' title='bbox 1599 4770 1693 4811; x_wconf 87' lang='lat' dir='ltr'><strong>eos</strong></span> <span class='ocrx_word' id='word_1_402' title='bbox 1722 4757 1964 4812; x_wconf 84' lang='lat' dir='ltr'><strong>dilectio-</strong></span> 
     </span>
    </p>
   </div>
   <div class='ocr_carea' id='block_1_50' title="bbox 389 4846 1964 4917">
    <p class='ocr_par' dir='ltr' id='par_1_50' title="bbox 389 4846 1964 4917">
     <span class='ocr_line' id='line_1_50' title="bbox 389 4846 1964 4917; baseline -0.002 -12"><span class='ocrx_word' id='word_1_403' title='bbox 389 4867 535 4917; x_wconf 90' lang='lat' dir='ltr'><strong>nem,</strong></span> <span class='ocrx_word' id='word_1_404' title='bbox 559 4859 611 4905; x_wconf 89' lang='lat' dir='ltr'><strong>et</strong></span> <span class='ocrx_word' id='word_1_405' title='bbox 637 4864 757 4904; x_wconf 91' lang='lat' dir='ltr'><strong>cum</strong></span> <span class='ocrx_word' id='word_1_406' title='bbox 786 4849 865 4903; x_wconf 91' lang='lat' dir='ltr'><strong>eis</strong></span> <span class='ocrx_word' id='word_1_407' title='bbox 888 4847 1334 4917; x_wconf 88' lang='lat' dir='ltr'><strong>conjunctionem,</strong></span> <span class='ocrx_word' id='word_1_408' title='bbox 1377 4855 1431 4902; x_wconf 87' lang='lat' dir='ltr'><strong>et</strong></span> <span class='ocrx_word' id='word_1_409' title='bbox 1477 4846 1823 4917; x_wconf 72' lang='lat' dir='ltr'><strong>providentia:</strong></span> <span class='ocrx_word' id='word_1_410' title='bbox 1870 4862 1964 4902; x_wconf 86' lang='lat' dir='ltr'><strong>ac-</strong></span> 
     </span>
    </p>
   </div>
   <div class='ocr_carea' id='block_1_51' title="bbox 386 4939 1967 5010">
    <p class='ocr_par' dir='ltr' id='par_1_51' title="bbox 386 4939 1967 5010">
     <span class='ocr_line' id='line_1_51' title="bbox 386 4939 1967 5010; baseline -0.003 -11"><span class='ocrx_word' id='word_1_411' title='bbox 386 4944 682 5000; x_wconf 79' lang='lat' dir='ltr'><strong>cessionem</strong></span> <span class='ocrx_word' id='word_1_412' title='bbox 709 4940 1016 4996; x_wconf 89' lang='lat' dir='ltr'><strong>ostendens.</strong></span> <span class='ocrx_word' id='word_1_413' title='bbox 1058 4940 1124 4994; x_wconf 85' lang='lat' dir='ltr'><strong>Et</strong></span> <span class='ocrx_word' id='word_1_414' title='bbox 1150 4949 1209 4995; x_wconf 92' lang='lat' dir='ltr'><strong>ut</strong></span> <span class='ocrx_word' id='word_1_415' title='bbox 1257 4941 1394 4994; x_wconf 88' lang='lat' dir='ltr'><strong>scias</strong></span> <span class='ocrx_word' id='word_1_416' title='bbox 1421 4954 1577 5010; x_wconf 90' lang='lat' dir='ltr'><strong>quam</strong></span> <span class='ocrx_word' id='word_1_417' title='bbox 1611 4939 1679 4994; x_wconf 89' lang='lat' dir='ltr'><strong>sit</strong></span> <span class='ocrx_word' id='word_1_418' title='bbox 1720 4948 1967 4995; x_wconf 86' lang='lat' dir='ltr'><strong>accurata</strong></span> 
     </span>
    </p>
   </div>
   <div class='ocr_carea' id='block_1_52' title="bbox 389 5029 1966 5105">
    <p class='ocr_par' dir='ltr' id='par_1_52' title="bbox 389 5029 1966 5105">
     <span class='ocr_line' id='line_1_52' title="bbox 389 5029 1966 5105; baseline -0.004 -16"><span class='ocrx_word' id='word_1_419' title='bbox 389 5034 685 5105; x_wconf 86' lang='lat' dir='ltr'><strong>prophetia,</strong></span> <span class='ocrx_word' id='word_1_420' title='bbox 719 5030 841 5087; x_wconf 91' lang='lat' dir='ltr'><strong>vide</strong></span> <span class='ocrx_word' id='word_1_421' title='bbox 870 5030 1133 5101; x_wconf 91' lang='lat' dir='ltr'><strong>quomodo</strong></span> <span class='ocrx_word' id='word_1_422' title='bbox 1159 5031 1324 5084; x_wconf 93' lang='lat' dir='ltr'><strong>utitur</strong></span> <span class='ocrx_word' id='word_1_423' title='bbox 1345 5029 1631 5084; x_wconf 87' lang='lat' dir='ltr'><strong>dilectione</strong></span> <span class='ocrx_word' id='word_1_424' title='bbox 1671 5029 1830 5099; x_wconf 83' lang='lat' dir='ltr'><strong>vulgi,</strong></span> <span class='ocrx_word' id='word_1_425' title='bbox 1862 5045 1966 5099; x_wconf 86' lang='lat' dir='ltr'><strong>qua</strong></span> 
     </span>
    </p>
   </div>
   <div class='ocr_carea' id='block_1_53' title="bbox 386 5119 1967 5191">
    <p class='ocr_par' dir='ltr' id='par_1_53' title="bbox 386 5119 1967 5191">
     <span class='ocr_line' id='line_1_53' title="bbox 386 5119 1967 5191; baseline -0.003 -12"><span class='ocrx_word' id='word_1_426' title='bbox 386 5126 553 5181; x_wconf 85' lang='lat' dir='ltr'><strong>utitur</strong></span> <span class='ocrx_word' id='word_1_427' title='bbox 595 5123 645 5179; x_wconf 88' lang='lat' dir='ltr'><strong>in</strong></span> <span class='ocrx_word' id='word_1_428' title='bbox 675 5122 837 5178; x_wconf 86' lang='lat' dir='ltr'><strong>rebus</strong></span> <span class='ocrx_word' id='word_1_429' title='bbox 875 5136 995 5191; x_wconf 75' lang='lat' dir='ltr'><strong>qua:</strong></span> <span class='ocrx_word' id='word_1_430' title='bbox 1028 5129 1295 5176; x_wconf 88' lang='lat' dir='ltr'><strong>emuntur.</strong></span> <span class='ocrx_word' id='word_1_431' title='bbox 1332 5119 1486 5190; x_wconf 70' lang='lat' dir='ltr'><strong>Stepe</strong></span> <span class='ocrx_word' id='word_1_432' title='bbox 1530 5120 1671 5173; x_wconf 89' lang='lat' dir='ltr'><strong>enim</strong></span> <span class='ocrx_word' id='word_1_433' title='bbox 1726 5120 1967 5190; x_wconf 83' lang='lat' dir='ltr'><strong>plerique</strong></span> 
     </span>
    </p>
   </div>
   <div class='ocr_carea' id='block_1_54' title="bbox 388 5212 1967 5286">
    <p class='ocr_par' dir='ltr' id='par_1_54' title="bbox 388 5212 1967 5286">
     <span class='ocr_line' id='line_1_54' title="bbox 388 5212 1967 5286; baseline -0.004 -15"><span class='ocrx_word' id='word_1_434' title='bbox 388 5214 586 5286; x_wconf 87' lang='lat' dir='ltr'><strong>aliquid</strong></span> <span class='ocrx_word' id='word_1_435' title='bbox 614 5224 877 5278; x_wconf 89' lang='lat' dir='ltr'><strong>ementes,</strong></span> <span class='ocrx_word' id='word_1_436' title='bbox 907 5213 1125 5282; x_wconf 91' lang='lat' dir='ltr'><strong>pulchra</strong></span> <span class='ocrx_word' id='word_1_437' title='bbox 1153 5213 1236 5267; x_wconf 91' lang='lat' dir='ltr'><strong>illa</strong></span> <span class='ocrx_word' id='word_1_438' title='bbox 1268 5227 1387 5267; x_wconf 79' lang='lat' dir='ltr'><strong>esse</strong></span> <span class='ocrx_word' id='word_1_439' title='bbox 1411 5212 1626 5276; x_wconf 90' lang='lat' dir='ltr'><strong>dicunt,</strong></span> <span class='ocrx_word' id='word_1_440' title='bbox 1674 5228 1792 5281; x_wconf 74' lang='lat' dir='ltr'><strong>qua:</strong></span> <span class='ocrx_word' id='word_1_441' title='bbox 1841 5212 1967 5266; x_wconf 87' lang='lat' dir='ltr'><strong>reli-</strong></span> 
     </span>
    </p>
   </div>
   <div class='ocr_carea' id='block_1_55' title="bbox 387 5303 1967 5376">
    <p class='ocr_par' dir='ltr' id='par_1_55' title="bbox 387 5303 1967 5376">
     <span class='ocr_line' id='line_1_55' title="bbox 387 5303 1967 5376; baseline -0.001 -18"><span class='ocrx_word' id='word_1_442' title='bbox 387 5308 510 5376; x_wconf 86' lang='lat' dir='ltr'><strong>quis</strong></span> <span class='ocrx_word' id='word_1_443' title='bbox 548 5305 892 5361; x_wconf 90' lang='lat' dir='ltr'><strong>antecelluut.</strong></span> <span class='ocrx_word' id='word_1_444' title='bbox 924 5303 1224 5360; x_wconf 88' lang='lat' dir='ltr'><strong>Ostendens</strong></span> <span class='ocrx_word' id='word_1_445' title='bbox 1248 5318 1375 5374; x_wconf 84' lang='lat' dir='ltr'><strong>ergo</strong></span> <span class='ocrx_word' id='word_1_446' title='bbox 1402 5317 1506 5357; x_wconf 93' lang='lat' dir='ltr'><strong>non</strong></span> <span class='ocrx_word' id='word_1_447' title='bbox 1533 5318 1718 5358; x_wconf 89' lang='lat' dir='ltr'><strong>omnes</strong></span> <span class='ocrx_word' id='word_1_448' title='bbox 1748 5318 1967 5358; x_wconf 89' lang='lat' dir='ltr'><strong>servan-</strong></span> 
     </span>
    </p>
   </div>
   <div class='ocr_carea' id='block_1_56' title="bbox 385 5398 1964 5470">
    <p class='ocr_par' dir='ltr' id='par_1_56' title="bbox 385 5398 1964 5470">
     <span class='ocr_line' id='line_1_56' title="bbox 385 5398 1964 5470; baseline -0.001 -15"><span class='ocrx_word' id='word_1_449' title='bbox 385 5400 513 5465; x_wconf 75' lang='lat' dir='ltr'><strong>dos,</strong></span> <span class='ocrx_word' id='word_1_450' title='bbox 540 5400 685 5465; x_wconf 86' lang='lat' dir='ltr'><strong>dicit,</strong></span> <span class='ocrx_word' id='word_1_451' title='bbox 719 5400 949 5470; x_wconf 86' lang='lat' dir='ltr'><strong>Speciem</strong></span> <span class='ocrx_word' id='word_1_452' title='bbox 976 5399 1154 5455; x_wconf 89' lang='lat' dir='ltr'><strong>Iacob.</strong></span> <span class='ocrx_word' id='word_1_453' title='bbox 1190 5399 1313 5454; x_wconf 69' lang='lat' dir='ltr'><strong>llaec</strong></span> <span class='ocrx_word' id='word_1_454' title='bbox 1341 5400 1500 5453; x_wconf 89' lang='lat' dir='ltr'><strong>etiam</strong></span> <span class='ocrx_word' id='word_1_455' title='bbox 1532 5398 1887 5453; x_wconf 89' lang='lat' dir='ltr'><strong>ostenduntur</strong></span> <span class='ocrx_word' id='word_1_456' title='bbox 1913 5399 1964 5453; x_wconf 90' lang='lat' dir='ltr'><strong>in</strong></span> 
     </span>
    </p>
   </div>
   <div class='ocr_carea' id='block_1_57' title="bbox 386 5488 1967 5562">
    <p class='ocr_par' dir='ltr' id='par_1_57' title="bbox 386 5488 1967 5562">
     <span class='ocr_line' id='line_1_57' title="bbox 386 5488 1967 5562; baseline -0.003 -17"><span class='ocrx_word' id='word_1_457' title='bbox 386 5491 674 5562; x_wconf 78' lang='lat' dir='ltr'><strong>evangeliis</strong></span> <span class='ocrx_word' id='word_1_458' title='bbox 718 5506 812 5561; x_wconf 85' lang='lat' dir='ltr'><strong>per</strong></span> <span class='ocrx_word' id='word_1_459' title='bbox 842 5490 1257 5546; x_wconf 81' lang='lat' dir='ltr'><strong>innumerabiles</strong></span> <span class='ocrx_word' id='word_1_460' title='bbox 1298 5489 1599 5560; x_wconf 82' lang='lat' dir='ltr'><strong>parabolas.</strong></span> <span class='ocrx_word' id='word_1_461' title='bbox 1633 5489 1686 5543; x_wconf 89' lang='lat'><strong>6.</strong></span> <span class='ocrx_word' id='word_1_462' title='bbox 1730 5488 1967 5543; x_wconf 82' lang='lat' dir='ltr'><strong>Ascendit</strong></span> 
     </span>
    </p>
   </div>
   <div class='ocr_carea' id='block_1_58' title="bbox 385 5580 1965 5656">
    <p class='ocr_par' dir='ltr' id='par_1_58' title="bbox 385 5580 1965 5656">
     <span class='ocr_line' id='line_1_58' title="bbox 385 5580 1965 5656; baseline -0.003 -16"><span class='ocrx_word' id='word_1_463' title='bbox 385 5582 528 5640; x_wconf 85' lang='lat' dir='ltr'><strong>Deus</strong></span> <span class='ocrx_word' id='word_1_464' title='bbox 574 5585 627 5638; x_wconf 88' lang='lat' dir='ltr'><strong>in</strong></span> <span class='ocrx_word' id='word_1_465' title='bbox 653 5584 833 5656; x_wconf 85' lang='lat' dir='ltr'><strong>jubilo.</strong></span> <span class='ocrx_word' id='word_1_466' title='bbox 877 5583 993 5638; x_wconf 87' lang='lat' dir='ltr'><strong>Non</strong></span> <span class='ocrx_word' id='word_1_467' title='bbox 1039 5582 1192 5650; x_wconf 78' lang='lat' dir='ltr'><strong>dixit,</strong></span> <span class='ocrx_word' id='word_1_468' title='bbox 1225 5583 1542 5653; x_wconf 87' lang='lat' dir='ltr'><strong>Assumptus</strong></span> <span class='ocrx_word' id='word_1_469' title='bbox 1576 5590 1680 5650; x_wconf 83' lang='lat' dir='ltr'><strong>est,</strong></span> <span class='ocrx_word' id='word_1_470' title='bbox 1729 5589 1821 5636; x_wconf 84' lang='lat' dir='ltr'><strong>aut</strong></span> <span class='ocrx_word' id='word_1_471' title='bbox 1867 5580 1965 5635; x_wconf 85' lang='lat' dir='ltr'><strong>de-</strong></span> 
     </span>
    </p>
   </div>
   <div class='ocr_carea' id='block_1_59' title="bbox 450 5737 1971 5808">
    <p class='ocr_par' dir='ltr' id='par_1_59' title="bbox 450 5737 1971 5808">
     <span class='ocr_line' id='line_1_59' title="bbox 450 5737 1971 5808; baseline 0.003 -21"><span class='ocrx_word' id='word_1_472' title='bbox 450 5737 525 5800; x_wconf 82' lang='lat' dir='ltr'><strong>(a)</strong></span> <span class='ocrx_word' id='word_1_473' title='bbox 559 5739 643 5788; x_wconf 69' lang='lat' dir='ltr'><strong>llic</strong></span> <span class='ocrx_word' id='word_1_474' title='bbox 664 5739 880 5802; x_wconf 68' lang='lat' dir='ltr'><strong>quaedam</strong></span> <span class='ocrx_word' id='word_1_475' title='bbox 901 5754 967 5790; x_wconf 80' lang='lat' dir='ltr'><strong>ex</strong></span> <span class='ocrx_word' id='word_1_476' title='bbox 991 5746 1130 5792; x_wconf 67' lang='lat' dir='ltr'><strong>textu</strong></span> <span class='ocrx_word' id='word_1_477' title='bbox 1154 5740 1405 5803; x_wconf 73' lang='lat' dir='ltr'><strong>Scriptura:</strong></span> <span class='ocrx_word' id='word_1_478' title='bbox 1447 5743 1781 5806; x_wconf 69' lang='lat' dir='ltr'><strong>praetermittit</strong></span> <span class='ocrx_word' id='word_1_479' title='bbox 1820 5746 1971 5808; x_wconf 79' lang='lat' dir='ltr'><strong>Chry-</strong></span> 
     </span>
    </p>
   </div>
   <div class='ocr_carea' id='block_1_60' title="bbox 388 5822 649 5869">
    <p class='ocr_par' dir='ltr' id='par_1_60' title="bbox 388 5822 649 5869">
     <span class='ocr_line' id='line_1_60' title="bbox 388 5822 649 5869; baseline 0 -4"><span class='ocrx_word' id='word_1_480' title='bbox 388 5822 649 5869; x_wconf 66' lang='lat' dir='ltr'><strong>SO&#39;elOillUS.</strong></span> 
     </span>
    </p>
   </div>
   <div class='ocr_carea' id='block_1_61' title="bbox 1467 358 2487 419">
    <p class='ocr_par' dir='ltr' id='par_1_61' title="bbox 1467 358 2487 419">
     <span class='ocr_line' id='line_1_61' title="bbox 1467 358 2487 419; baseline 0.007 -7"><span class='ocrx_word' id='word_1_481' title='bbox 1467 358 1816 415; x_wconf 76' lang='lat' dir='ltr'><strong>EXI‘OSITIO</strong></span> <span class='ocrx_word' id='word_1_482' title='bbox 1856 360 1919 416; x_wconf 74' lang='grc' dir='ltr'><strong>ΙΝ</strong></span> <span class='ocrx_word' id='word_1_483' title='bbox 1958 360 2274 417; x_wconf 76' lang='lat' dir='ltr'><strong>PSALMUM</strong></span> <span class='ocrx_word' id='word_1_484' title='bbox 2309 362 2487 419; x_wconf 72' lang='lat' dir='ltr'><strong>XLVI.</strong></span> 
     </span>
    </p>
   </div>
   <div class='ocr_carea' id='block_1_62' title="bbox 3520 382 3612 437">
    <p class='ocr_par' dir='ltr' id='par_1_62' title="bbox 3520 382 3612 437">
     <span class='ocr_line' id='line_1_62' title="bbox 3520 382 3612 437; baseline 0 -1"><span class='ocrx_word' id='word_1_485' title='bbox 3520 382 3612 437; x_wconf 69' lang='lat' dir='ltr'><strong>ili</strong></span> 
     </span>
    </p>
   </div>
   <div class='ocr_carea' id='block_1_63' title="bbox 2052 475 3625 552">
    <p class='ocr_par' dir='ltr' id='par_1_63' title="bbox 2052 475 3625 552">
     <span class='ocr_line' id='line_1_63' title="bbox 2052 475 3625 552; baseline 0.015 -24"><span class='ocrx_word' id='word_1_486' title='bbox 2052 475 2243 531; x_wconf 89' lang='lat' dir='ltr'><strong>ductus</strong></span> <span class='ocrx_word' id='word_1_487' title='bbox 2281 489 2399 544; x_wconf 91' lang='lat' dir='ltr'><strong>est,</strong></span> <span class='ocrx_word' id='word_1_488' title='bbox 2443 481 2536 535; x_wconf 89' lang='lat' dir='ltr'><strong>sed</strong></span> <span class='ocrx_word' id='word_1_489' title='bbox 2578 483 2853 552; x_wconf 81' lang='lat' dir='ltr'><strong>Ascendit,</strong></span> <span class='ocrx_word' id='word_1_490' title='bbox 2897 500 2953 543; x_wconf 88' lang='lat' dir='ltr'><strong>ut</strong></span> <span class='ocrx_word' id='word_1_491' title='bbox 3011 492 3314 549; x_wconf 86' lang='lat' dir='ltr'><strong>ostenderet</strong></span> <span class='ocrx_word' id='word_1_492' title='bbox 3357 509 3477 550; x_wconf 91' lang='lat' dir='ltr'><strong>cum</strong></span> <span class='ocrx_word' id='word_1_493' title='bbox 3532 512 3625 552; x_wconf 89' lang='lat' dir='ltr'><strong>as-</strong></span> 
     </span>
    </p>
   </div>
   <div class='ocr_carea' id='block_1_64' title="bbox 2051 569 3623 658">
    <p class='ocr_par' dir='ltr' id='par_1_64' title="bbox 2051 569 3623 658">
     <span class='ocr_line' id='line_1_64' title="bbox 2051 569 3623 658; baseline 0.015 -36"><span class='ocrx_word' id='word_1_494' title='bbox 2051 569 2294 625; x_wconf 89' lang='lat' dir='ltr'><strong>cendisse</strong></span> <span class='ocrx_word' id='word_1_495' title='bbox 2341 572 2485 628; x_wconf 90' lang='lat' dir='ltr'><strong>nullo</strong></span> <span class='ocrx_word' id='word_1_496' title='bbox 2509 574 2614 629; x_wconf 87' lang='lat' dir='ltr'><strong>alio</strong></span> <span class='ocrx_word' id='word_1_497' title='bbox 2657 592 2779 632; x_wconf 91' lang='lat' dir='ltr'><strong>eum</strong></span> <span class='ocrx_word' id='word_1_498' title='bbox 2833 580 3082 648; x_wconf 90' lang='lat' dir='ltr'><strong>ducente,</strong></span> <span class='ocrx_word' id='word_1_499' title='bbox 3138 585 3232 641; x_wconf 88' lang='lat' dir='ltr'><strong>sed</strong></span> <span class='ocrx_word' id='word_1_500' title='bbox 3272 587 3442 658; x_wconf 87' lang='lat' dir='ltr'><strong>ipsmn</strong></span> <span class='ocrx_word' id='word_1_501' title='bbox 3487 588 3623 645; x_wconf 89' lang='lat' dir='ltr'><strong>hanc</strong></span> 
     </span>
    </p>
   </div>
   <div class='ocr_carea' id='block_1_65' title="bbox 2052 661 3622 746">
    <p class='ocr_par' dir='ltr' id='par_1_65' title="bbox 2052 661 3622 746">
     <span class='ocr_line' id='line_1_65' title="bbox 2052 661 3622 746; baseline 0.013 -32"><span class='ocrx_word' id='word_1_502' title='bbox 2052 661 2190 717; x_wconf 90' lang='lat' dir='ltr'><strong>viam</strong></span> <span class='ocrx_word' id='word_1_503' title='bbox 2218 677 2337 718; x_wconf 91' lang='lat' dir='ltr'><strong>esse</strong></span> <span class='ocrx_word' id='word_1_504' title='bbox 2365 664 2681 735; x_wconf 87' lang='lat' dir='ltr'><strong>ingressum.</strong></span> <span class='ocrx_word' id='word_1_505' title='bbox 2734 670 2913 727; x_wconf 87' lang='lat' dir='ltr'><strong>Helias</strong></span> <span class='ocrx_word' id='word_1_506' title='bbox 2959 676 3100 730; x_wconf 89' lang='lat' dir='ltr'><strong>enim</strong></span> <span class='ocrx_word' id='word_1_507' title='bbox 3146 678 3235 746; x_wconf 91' lang='lat' dir='ltr'><strong>qui</strong></span> <span class='ocrx_word' id='word_1_508' title='bbox 3285 695 3390 733; x_wconf 84' lang='lat' dir='ltr'><strong>non</strong></span> <span class='ocrx_word' id='word_1_509' title='bbox 3434 680 3622 735; x_wconf 89' lang='lat' dir='ltr'><strong>eadem</strong></span> 
     </span>
    </p>
   </div>
   <div class='ocr_carea' id='block_1_66' title="bbox 2053 754 3624 830">
    <p class='ocr_par' dir='ltr' id='par_1_66' title="bbox 2053 754 3624 830">
     <span class='ocr_line' id='line_1_66' title="bbox 2053 754 3624 830; baseline 0.015 -26"><span class='ocrx_word' id='word_1_510' title='bbox 2053 764 2157 822; x_wconf 87' lang='lat' dir='ltr'><strong>qua</strong></span> <span class='ocrx_word' id='word_1_511' title='bbox 2211 754 2451 811; x_wconf 78' lang='lat' dir='ltr'><strong>Christus</strong></span> <span class='ocrx_word' id='word_1_512' title='bbox 2514 758 2601 813; x_wconf 88' lang='lat' dir='ltr'><strong>via</strong></span> <span class='ocrx_word' id='word_1_513' title='bbox 2652 773 3023 830; x_wconf 85' lang='lat' dir='ltr'><strong>processerat,</strong></span> <span class='ocrx_word' id='word_1_514' title='bbox 3070 766 3360 823; x_wconf 87' lang='lat' dir='ltr'><strong>ducebatur</strong></span> <span class='ocrx_word' id='word_1_515' title='bbox 3403 770 3470 823; x_wconf 92' lang='lat' dir='ltr'><strong>ab</strong></span> <span class='ocrx_word' id='word_1_516' title='bbox 3520 772 3624 827; x_wconf 82' lang='lat' dir='ltr'><strong>alia</strong></span> 
     </span>
    </p>
   </div>
   <div class='ocr_carea' id='block_1_67' title="bbox 2053 846 3624 924">
    <p class='ocr_par' dir='ltr' id='par_1_67' title="bbox 2053 846 3624 924">
     <span class='ocr_line' id='line_1_67' title="bbox 2053 846 3624 924; baseline 0.011 -26"><span class='ocrx_word' id='word_1_517' title='bbox 2053 853 2315 914; x_wconf 91' lang='lat' dir='ltr'><strong>potestate</strong></span> <span class='ocrx_word' id='word_1_518' title='bbox 2366 846 2457 917; x_wconf 78' lang='grc'><strong>(4.</strong></span> <span class='ocrx_word' id='word_1_519' title='bbox 2482 848 2606 919; x_wconf 87' lang='lat' dir='ltr'><strong>Reg.</strong></span> <span class='ocrx_word' id='word_1_520' title='bbox 2638 849 2693 905; x_wconf 78' lang='grc'><strong>9..</strong></span> <span class='ocrx_word' id='word_1_521' title='bbox 2730 853 2788 905; x_wconf 78' lang='lat' dir='ltr'><strong>ll</strong></span> <span class='ocrx_word' id='word_1_522' title='bbox 2810 851 2851 924; x_wconf 74' lang='lat' dir='ltr'><strong>j.</strong></span> <span class='ocrx_word' id='word_1_523' title='bbox 2901 854 3016 910; x_wconf 87' lang='lat' dir='ltr'><strong>Non</strong></span> <span class='ocrx_word' id='word_1_524' title='bbox 3046 866 3159 912; x_wconf 87' lang='lat' dir='ltr'><strong>erat</strong></span> <span class='ocrx_word' id='word_1_525' title='bbox 3204 859 3347 912; x_wconf 92' lang='lat' dir='ltr'><strong>enim</strong></span> <span class='ocrx_word' id='word_1_526' title='bbox 3381 859 3624 915; x_wconf 73' lang='lat' dir='ltr'><strong>humanm</strong></span> 
     </span>
    </p>
   </div>
   <div class='ocr_carea' id='block_1_68' title="bbox 2053 939 3625 1015">
    <p class='ocr_par' dir='ltr' id='par_1_68' title="bbox 2053 939 3625 1015">
     <span class='ocr_line' id='line_1_68' title="bbox 2053 939 3625 1015; baseline 0.009 -25"><span class='ocrx_word' id='word_1_527' title='bbox 2053 946 2253 992; x_wconf 75' lang='lat' dir='ltr'><strong>natura:</strong></span> <span class='ocrx_word' id='word_1_528' title='bbox 2274 939 2355 991; x_wconf 87' lang='lat' dir='ltr'><strong>via</strong></span> <span class='ocrx_word' id='word_1_529' title='bbox 2375 942 2649 1010; x_wconf 88' lang='lat' dir='ltr'><strong>peregrina</strong></span> <span class='ocrx_word' id='word_1_530' title='bbox 2674 942 2895 1011; x_wconf 79' lang='lat' dir='ltr'><strong>ingredi.</strong></span> <span class='ocrx_word' id='word_1_531' title='bbox 2914 944 3227 1015; x_wconf 90' lang='lat' dir='ltr'><strong>Unigenitus</strong></span> <span class='ocrx_word' id='word_1_532' title='bbox 3248 957 3422 1004; x_wconf 88' lang='lat' dir='ltr'><strong>autem</strong></span> <span class='ocrx_word' id='word_1_533' title='bbox 3438 965 3625 1005; x_wconf 87' lang='lat' dir='ltr'><strong>ascen-</strong></span> 
     </span>
    </p>
   </div>
   <div class='ocr_carea' id='block_1_69' title="bbox 2053 1027 3622 1109">
    <p class='ocr_par' dir='ltr' id='par_1_69' title="bbox 2053 1027 3622 1109">
     <span class='ocr_line' id='line_1_69' title="bbox 2053 1027 3622 1109; baseline 0.01 -27"><span class='ocrx_word' id='word_1_534' title='bbox 2053 1027 2130 1082; x_wconf 92' lang='lat' dir='ltr'><strong>dit</strong></span> <span class='ocrx_word' id='word_1_535' title='bbox 2154 1031 2364 1098; x_wconf 89' lang='lat' dir='ltr'><strong>propria</strong></span> <span class='ocrx_word' id='word_1_536' title='bbox 2394 1040 2674 1099; x_wconf 90' lang='lat' dir='ltr'><strong>potestate.</strong></span> <span class='ocrx_word' id='word_1_537' title='bbox 2706 1033 2963 1101; x_wconf 86' lang='lat' dir='ltr'><strong>Quocirca</strong></span> <span class='ocrx_word' id='word_1_538' title='bbox 3000 1036 3168 1093; x_wconf 86' lang='lat' dir='ltr'><strong>Lucas</strong></span> <span class='ocrx_word' id='word_1_539' title='bbox 3194 1055 3404 1109; x_wconf 83' lang='lat' dir='ltr'><strong>quoque</strong></span> <span class='ocrx_word' id='word_1_540' title='bbox 3429 1040 3511 1095; x_wconf 87' lang='lat' dir='ltr'><strong>sic</strong></span> <span class='ocrx_word' id='word_1_541' title='bbox 3536 1042 3622 1097; x_wconf 89' lang='lat' dir='ltr'><strong>di-</strong></span> 
     </span>
    </p>
   </div>
   <div class='ocr_carea' id='block_1_70' title="bbox 2052 1119 3626 1191">
    <p class='ocr_par' dir='ltr' id='par_1_70' title="bbox 2052 1119 3626 1191">
     <span class='ocr_line' id='line_1_70' title="bbox 2052 1119 3626 1191; baseline 0.008 -16"><span class='ocrx_word' id='word_1_542' title='bbox 2052 1119 2237 1176; x_wconf 89' lang='lat' dir='ltr'><strong>cehat:</strong></span> <span class='ocrx_word' id='word_1_543' title='bbox 2264 1119 2332 1174; x_wconf 89' lang='lat' dir='ltr'><strong>Et</strong></span> <span class='ocrx_word' id='word_1_544' title='bbox 2354 1122 2472 1191; x_wconf 73' lang='lat' dir='ltr'><strong>ﬁxis</strong></span> <span class='ocrx_word' id='word_1_545' title='bbox 2492 1122 2648 1178; x_wconf 86' lang='lat' dir='ltr'><strong>oculis</strong></span> <span class='ocrx_word' id='word_1_546' title='bbox 2664 1125 2982 1181; x_wconf 85' lang='lat' dir='ltr'><strong>intuebantur</strong></span> <span class='ocrx_word' id='word_1_547' title='bbox 3000 1127 3143 1183; x_wconf 88' lang='lat' dir='ltr'><strong>illum</strong></span> <span class='ocrx_word' id='word_1_548' title='bbox 3167 1141 3360 1186; x_wconf 86' lang='lat' dir='ltr'><strong>euntem</strong></span> <span class='ocrx_word' id='word_1_549' title='bbox 3384 1132 3434 1185; x_wconf 88' lang='lat' dir='ltr'><strong>in</strong></span> <span class='ocrx_word' id='word_1_550' title='bbox 3448 1134 3626 1187; x_wconf 67' lang='lat' dir='ltr'><strong>cretum</strong></span> 
     </span>
    </p>
   </div>
   <div class='ocr_carea' id='block_1_71' title="bbox 2054 1209 3625 1288">
    <p class='ocr_par' dir='ltr' id='par_1_71' title="bbox 2054 1209 3625 1288">
     <span class='ocr_line' id='line_1_71' title="bbox 2054 1209 3625 1288; baseline 0.009 -25"><span class='ocrx_word' id='word_1_551' title='bbox 2054 1209 2189 1279; x_wconf 86' lang='lat' dir='ltr'><strong>(Act.</strong></span> <span class='ocrx_word' id='word_1_552' title='bbox 2223 1211 2272 1265; x_wconf 82' lang='grc'><strong>1.</strong></span> <span class='ocrx_word' id='word_1_553' title='bbox 2301 1211 2412 1279; x_wconf 73' lang='lat'><strong>10).</strong></span> <span class='ocrx_word' id='word_1_554' title='bbox 2440 1211 2557 1267; x_wconf 91' lang='lat' dir='ltr'><strong>Non</strong></span> <span class='ocrx_word' id='word_1_555' title='bbox 2588 1213 2740 1280; x_wconf 82' lang='lat' dir='ltr'><strong>dixit,</strong></span> <span class='ocrx_word' id='word_1_556' title='bbox 2764 1214 2896 1270; x_wconf 89' lang='lat' dir='ltr'><strong>Cum</strong></span> <span class='ocrx_word' id='word_1_557' title='bbox 2940 1216 3052 1287; x_wconf 90' lang='lat' dir='ltr'><strong>ipse</strong></span> <span class='ocrx_word' id='word_1_558' title='bbox 3091 1230 3473 1287; x_wconf 86' lang='lat' dir='ltr'><strong>assumeretur,</strong></span> <span class='ocrx_word' id='word_1_559' title='bbox 3506 1238 3625 1288; x_wconf 82' lang='lat' dir='ltr'><strong>nec,</strong></span> 
     </span>
    </p>
   </div>
   <div class='ocr_carea' id='block_1_72' title="bbox 2053 1300 3625 1381">
    <p class='ocr_par' dir='ltr' id='par_1_72' title="bbox 2053 1300 3625 1381">
     <span class='ocr_line' id='line_1_72' title="bbox 2053 1300 3625 1381; baseline 0.006 -25"><span class='ocrx_word' id='word_1_560' title='bbox 2053 1300 2185 1356; x_wconf 86' lang='lat' dir='ltr'><strong>Cum</strong></span> <span class='ocrx_word' id='word_1_561' title='bbox 2215 1310 2552 1371; x_wconf 87' lang='lat' dir='ltr'><strong>portaretur:</strong></span> <span class='ocrx_word' id='word_1_562' title='bbox 2581 1314 2698 1360; x_wconf 87' lang='lat' dir='ltr'><strong>erat</strong></span> <span class='ocrx_word' id='word_1_563' title='bbox 2741 1307 2881 1361; x_wconf 90' lang='lat' dir='ltr'><strong>enim</strong></span> <span class='ocrx_word' id='word_1_564' title='bbox 2926 1309 3043 1377; x_wconf 85' lang='lat' dir='ltr'><strong>ejus</strong></span> <span class='ocrx_word' id='word_1_565' title='bbox 3087 1311 3329 1381; x_wconf 78' lang='lat' dir='ltr'><strong>proprius</strong></span> <span class='ocrx_word' id='word_1_566' title='bbox 3366 1311 3625 1377; x_wconf 73' lang='lat' dir='ltr'><strong>incessus,</strong></span> 
     </span>
    </p>
   </div>
   <div class='ocr_carea' id='block_1_73' title="bbox 2055 1392 3632 1472">
    <p class='ocr_par' dir='ltr' id='par_1_73' title="bbox 2055 1392 3632 1472">
     <span class='ocr_line' id='line_1_73' title="bbox 2055 1392 3632 1472; baseline 0.01 -29"><span class='ocrx_word' id='word_1_567' title='bbox 2055 1392 2195 1462; x_wconf 90' lang='lat' dir='ltr'><strong>quod</strong></span> <span class='ocrx_word' id='word_1_568' title='bbox 2221 1392 2396 1448; x_wconf 90' lang='lat' dir='ltr'><strong>ﬁebat.</strong></span> <span class='ocrx_word' id='word_1_569' title='bbox 2442 1393 2497 1448; x_wconf 90' lang='lat' dir='ltr'><strong>Si</strong></span> <span class='ocrx_word' id='word_1_570' title='bbox 2545 1407 2723 1451; x_wconf 84' lang='lat' dir='ltr'><strong>autem</strong></span> <span class='ocrx_word' id='word_1_571' title='bbox 2770 1406 3052 1469; x_wconf 87' lang='lat' dir='ltr'><strong>antequam</strong></span> <span class='ocrx_word' id='word_1_572' title='bbox 3083 1400 3519 1472; x_wconf 88' lang='lat' dir='ltr'><strong>cruciﬁgeretur,</strong></span> <span class='ocrx_word' id='word_1_573' title='bbox 3554 1404 3632 1458; x_wconf 81' lang='lat' dir='ltr'><strong>fe-</strong></span> 
     </span>
    </p>
   </div>
   <div class='ocr_carea' id='block_1_74' title="bbox 2056 1481 3632 1563">
    <p class='ocr_par' dir='ltr' id='par_1_74' title="bbox 2056 1481 3632 1563">
     <span class='ocr_line' id='line_1_74' title="bbox 2056 1481 3632 1563; baseline 0.008 -27"><span class='ocrx_word' id='word_1_574' title='bbox 2056 1481 2270 1536; x_wconf 89' lang='lat' dir='ltr'><strong>rebatur</strong></span> <span class='ocrx_word' id='word_1_575' title='bbox 2294 1497 2457 1553; x_wconf 88' lang='lat' dir='ltr'><strong>super</strong></span> <span class='ocrx_word' id='word_1_576' title='bbox 2478 1500 2663 1555; x_wconf 86' lang='lat' dir='ltr'><strong>aquas,</strong></span> <span class='ocrx_word' id='word_1_577' title='bbox 2691 1487 2864 1542; x_wconf 90' lang='lat' dir='ltr'><strong>adhuc</strong></span> <span class='ocrx_word' id='word_1_578' title='bbox 2912 1490 3112 1558; x_wconf 90' lang='lat' dir='ltr'><strong>patibili</strong></span> <span class='ocrx_word' id='word_1_579' title='bbox 3143 1499 3197 1545; x_wconf 92' lang='lat' dir='ltr'><strong>et</strong></span> <span class='ocrx_word' id='word_1_580' title='bbox 3241 1492 3383 1561; x_wconf 87' lang='lat' dir='ltr'><strong>gravi</strong></span> <span class='ocrx_word' id='word_1_581' title='bbox 3407 1508 3632 1563; x_wconf 88' lang='lat' dir='ltr'><strong>corpore</strong></span> 
     </span>
    </p>
   </div>
   <div class='ocr_carea' id='block_1_75' title="bbox 2055 1573 3635 1654">
    <p class='ocr_par' dir='ltr' id='par_1_75' title="bbox 2055 1573 3635 1654">
     <span class='ocr_line' id='line_1_75' title="bbox 2055 1573 3635 1654; baseline 0.009 -28"><span class='ocrx_word' id='word_1_582' title='bbox 2055 1573 2450 1630; x_wconf 89' lang='lat' dir='ltr'><strong>circumdatus:</strong></span> <span class='ocrx_word' id='word_1_583' title='bbox 2479 1576 2605 1646; x_wconf 90' lang='lat' dir='ltr'><strong>quid</strong></span> <span class='ocrx_word' id='word_1_584' title='bbox 2631 1578 2822 1632; x_wconf 88' lang='lat' dir='ltr'><strong>mirum</strong></span> <span class='ocrx_word' id='word_1_585' title='bbox 2848 1579 2890 1633; x_wconf 93' lang='lat' dir='ltr'><strong>si</strong></span> <span class='ocrx_word' id='word_1_586' title='bbox 2923 1589 3198 1650; x_wconf 84' lang='lat' dir='ltr'><strong>postquam</strong></span> <span class='ocrx_word' id='word_1_587' title='bbox 3235 1584 3635 1654; x_wconf 78' lang='lat' dir='ltr'><strong>incorruptibilo</strong></span> 
     </span>
    </p>
   </div>
   <div class='ocr_carea' id='block_1_76' title="bbox 2056 1664 3634 1744">
    <p class='ocr_par' dir='ltr' id='par_1_76' title="bbox 2056 1664 3634 1744">
     <span class='ocr_line' id='line_1_76' title="bbox 2056 1664 3634 1744; baseline 0.007 -23"><span class='ocrx_word' id='word_1_588' title='bbox 2056 1664 2302 1737; x_wconf 90' lang='lat' dir='ltr'><strong>sumpsit,</strong></span> <span class='ocrx_word' id='word_1_589' title='bbox 2352 1683 2530 1733; x_wconf 84' lang='lat' dir='ltr'><strong>aerem</strong></span> <span class='ocrx_word' id='word_1_590' title='bbox 2566 1672 2835 1725; x_wconf 88' lang='lat' dir='ltr'><strong>secuerit?</strong></span> <span class='ocrx_word' id='word_1_591' title='bbox 2861 1671 2959 1728; x_wconf 88' lang='lat' dir='ltr'><strong>Ubi</strong></span> <span class='ocrx_word' id='word_1_592' title='bbox 2985 1683 3162 1728; x_wconf 90' lang='lat' dir='ltr'><strong>autem</strong></span> <span class='ocrx_word' id='word_1_593' title='bbox 3195 1672 3258 1727; x_wconf 84' lang='lat' dir='ltr'><strong>In</strong></span> <span class='ocrx_word' id='word_1_594' title='bbox 3272 1674 3476 1744; x_wconf 82' lang='lat' dir='ltr'><strong>jubilo?</strong></span> <span class='ocrx_word' id='word_1_595' title='bbox 3504 1677 3634 1744; x_wconf 89' lang='lat' dir='ltr'><strong>Quis</strong></span> 
     </span>
    </p>
   </div>
   <div class='ocr_carea' id='block_1_77' title="bbox 2053 1756 3640 1833">
    <p class='ocr_par' dir='ltr' id='par_1_77' title="bbox 2053 1756 3640 1833">
     <span class='ocr_line' id='line_1_77' title="bbox 2053 1756 3640 1833; baseline 0.009 -25"><span class='ocrx_word' id='word_1_596' title='bbox 2053 1756 2327 1827; x_wconf 89' lang='lat' dir='ltr'><strong>jubilavit,</strong></span> <span class='ocrx_word' id='word_1_597' title='bbox 2374 1759 2587 1827; x_wconf 83' lang='lat' dir='ltr'><strong>quando</strong></span> <span class='ocrx_word' id='word_1_598' title='bbox 2635 1761 2916 1816; x_wconf 88' lang='lat' dir='ltr'><strong>ascendit?</strong></span> <span class='ocrx_word' id='word_1_599' title='bbox 2963 1764 3122 1833; x_wconf 84' lang='lat' dir='ltr'><strong>Atqui</strong></span> <span class='ocrx_word' id='word_1_600' title='bbox 3166 1763 3268 1819; x_wconf 92' lang='lat' dir='ltr'><strong>hoc</strong></span> <span class='ocrx_word' id='word_1_601' title='bbox 3303 1765 3514 1821; x_wconf 90' lang='lat' dir='ltr'><strong>silentio</strong></span> <span class='ocrx_word' id='word_1_602' title='bbox 3559 1768 3640 1822; x_wconf 81' lang='lat' dir='ltr'><strong>la-</strong></span> 
     </span>
    </p>
   </div>
   <div class='ocr_carea' id='block_1_78' title="bbox 2057 1848 3631 1925">
    <p class='ocr_par' dir='ltr' id='par_1_78' title="bbox 2057 1848 3631 1925">
     <span class='ocr_line' id='line_1_78' title="bbox 2057 1848 3631 1925; baseline 0.005 -23"><span class='ocrx_word' id='word_1_603' title='bbox 2057 1856 2200 1902; x_wconf 87' lang='lat' dir='ltr'><strong>etum</strong></span> <span class='ocrx_word' id='word_1_604' title='bbox 2226 1856 2326 1913; x_wconf 91' lang='lat' dir='ltr'><strong>est,</strong></span> <span class='ocrx_word' id='word_1_605' title='bbox 2369 1858 2423 1903; x_wconf 91' lang='lat' dir='ltr'><strong>et</strong></span> <span class='ocrx_word' id='word_1_606' title='bbox 2454 1848 2697 1905; x_wconf 90' lang='lat' dir='ltr'><strong>undecim</strong></span> <span class='ocrx_word' id='word_1_607' title='bbox 2728 1850 2901 1905; x_wconf 89' lang='lat' dir='ltr'><strong>solum</strong></span> <span class='ocrx_word' id='word_1_608' title='bbox 2938 1853 3290 1922; x_wconf 69' lang='lat' dir='ltr'><strong>prresentibus</strong></span> <span class='ocrx_word' id='word_1_609' title='bbox 3338 1854 3631 1925; x_wconf 85' lang='lat' dir='ltr'><strong>discipulis.</strong></span> 
     </span>
    </p>
   </div>
   <div class='ocr_carea' id='block_1_79' title="bbox 2057 1940 3638 2015">
    <p class='ocr_par' dir='ltr' id='par_1_79' title="bbox 2057 1940 3638 2015">
     <span class='ocr_line' id='line_1_79' title="bbox 2057 1940 3638 2015; baseline 0.005 -20"><span class='ocrx_word' id='word_1_610' title='bbox 2057 1940 2220 1995; x_wconf 87' lang='lat' dir='ltr'><strong>Vides</strong></span> <span class='ocrx_word' id='word_1_611' title='bbox 2245 1956 2350 1995; x_wconf 92' lang='lat' dir='ltr'><strong>non</strong></span> <span class='ocrx_word' id='word_1_612' title='bbox 2399 1950 2646 2012; x_wconf 90' lang='lat' dir='ltr'><strong>oportere</strong></span> <span class='ocrx_word' id='word_1_613' title='bbox 2666 1942 2925 1999; x_wconf 89' lang='lat' dir='ltr'><strong>dictiones</strong></span> <span class='ocrx_word' id='word_1_614' title='bbox 2964 1946 3280 2015; x_wconf 88' lang='lat' dir='ltr'><strong>simpliciter</strong></span> <span class='ocrx_word' id='word_1_615' title='bbox 3307 1956 3362 2003; x_wconf 89' lang='lat' dir='ltr'><strong>et</strong></span> <span class='ocrx_word' id='word_1_616' title='bbox 3389 1964 3494 2004; x_wconf 90' lang='lat' dir='ltr'><strong>uno</strong></span> <span class='ocrx_word' id='word_1_617' title='bbox 3521 1959 3638 2004; x_wconf 85' lang='lat' dir='ltr'><strong>tan-</strong></span> 
     </span>
    </p>
   </div>
   <div class='ocr_carea' id='block_1_80' title="bbox 2062 2032 3637 2108">
    <p class='ocr_par' dir='ltr' id='par_1_80' title="bbox 2062 2032 3637 2108">
     <span class='ocr_line' id='line_1_80' title="bbox 2062 2032 3637 2108; baseline 0.004 -22"><span class='ocrx_word' id='word_1_618' title='bbox 2062 2039 2171 2087; x_wconf 91' lang='lat' dir='ltr'><strong>tum</strong></span> <span class='ocrx_word' id='word_1_619' title='bbox 2204 2032 2364 2087; x_wconf 88' lang='lat' dir='ltr'><strong>modo</strong></span> <span class='ocrx_word' id='word_1_620' title='bbox 2397 2033 2661 2104; x_wconf 84' lang='lat' dir='ltr'><strong>accipere,</strong></span> <span class='ocrx_word' id='word_1_621' title='bbox 2702 2033 2795 2088; x_wconf 87' lang='lat' dir='ltr'><strong>sed</strong></span> <span class='ocrx_word' id='word_1_622' title='bbox 2824 2035 2960 2091; x_wconf 91' lang='lat' dir='ltr'><strong>scire</strong></span> <span class='ocrx_word' id='word_1_623' title='bbox 3009 2036 3133 2105; x_wconf 92' lang='lat' dir='ltr'><strong>quid</strong></span> <span class='ocrx_word' id='word_1_624' title='bbox 3161 2038 3237 2092; x_wconf 91' lang='lat' dir='ltr'><strong>eis</strong></span> <span class='ocrx_word' id='word_1_625' title='bbox 3266 2039 3637 2108; x_wconf 79' lang='lat' dir='ltr'><strong>signiﬁcetur?</strong></span> 
     </span>
    </p>
   </div>
   <div class='ocr_carea' id='block_1_81' title="bbox 2060 2124 3638 2198">
    <p class='ocr_par' dir='ltr' id='par_1_81' title="bbox 2060 2124 3638 2198">
     <span class='ocr_line' id='line_1_81' title="bbox 2060 2124 3638 2198; baseline 0.003 -20"><span class='ocrx_word' id='word_1_626' title='bbox 2060 2124 2517 2193; x_wconf 90' lang='lat' dir='ltr'><strong>Quemadmodum</strong></span> <span class='ocrx_word' id='word_1_627' title='bbox 2547 2124 2689 2179; x_wconf 90' lang='lat' dir='ltr'><strong>enim</strong></span> <span class='ocrx_word' id='word_1_628' title='bbox 2715 2125 2822 2180; x_wconf 89' lang='lat' dir='ltr'><strong>dixi</strong></span> <span class='ocrx_word' id='word_1_629' title='bbox 2864 2127 2915 2181; x_wconf 91' lang='lat' dir='ltr'><strong>in</strong></span> <span class='ocrx_word' id='word_1_630' title='bbox 2961 2127 3220 2195; x_wconf 68' lang='lat' dir='ltr'><strong>procemio</strong></span> <span class='ocrx_word' id='word_1_631' title='bbox 3253 2126 3467 2194; x_wconf 85' lang='lat' dir='ltr'><strong>Psalmi,</strong></span> <span class='ocrx_word' id='word_1_632' title='bbox 3495 2129 3638 2198; x_wconf 89' lang='lat' dir='ltr'><strong>jubi-</strong></span> 
     </span>
    </p>
   </div>
   <div class='ocr_carea' id='block_1_82' title="bbox 2061 2215 3638 2289">
    <p class='ocr_par' dir='ltr' id='par_1_82' title="bbox 2061 2215 3638 2289">
     <span class='ocr_line' id='line_1_82' title="bbox 2061 2215 3638 2289; baseline 0.001 -16"><span class='ocrx_word' id='word_1_633' title='bbox 2061 2218 2145 2273; x_wconf 92' lang='lat' dir='ltr'><strong>lus</strong></span> <span class='ocrx_word' id='word_1_634' title='bbox 2174 2217 2373 2289; x_wconf 90' lang='lat' dir='ltr'><strong>aliquid</strong></span> <span class='ocrx_word' id='word_1_635' title='bbox 2416 2215 2563 2272; x_wconf 89' lang='lat' dir='ltr'><strong>aliud</strong></span> <span class='ocrx_word' id='word_1_636' title='bbox 2610 2217 2906 2288; x_wconf 88' lang='lat' dir='ltr'><strong>signiﬁcat,</strong></span> <span class='ocrx_word' id='word_1_637' title='bbox 2959 2234 3152 2289; x_wconf 86' lang='lat' dir='ltr'><strong>nempe</strong></span> <span class='ocrx_word' id='word_1_638' title='bbox 3179 2220 3484 2287; x_wconf 90' lang='lat' dir='ltr'><strong>victoriam,</strong></span> <span class='ocrx_word' id='word_1_639' title='bbox 3525 2230 3638 2275; x_wconf 86' lang='lat' dir='ltr'><strong>tro-</strong></span> 
     </span>
    </p>
   </div>
   <div class='ocr_carea' id='block_1_83' title="bbox 2061 2309 3641 2381">
    <p class='ocr_par' dir='ltr' id='par_1_83' title="bbox 2061 2309 3641 2381">
     <span class='ocr_line' id='line_1_83' title="bbox 2061 2309 3641 2381; baseline 0.001 -16"><span class='ocrx_word' id='word_1_640' title='bbox 2061 2326 2232 2381; x_wconf 70' lang='lat' dir='ltr'><strong>pteum</strong></span> <span class='ocrx_word' id='word_1_641' title='bbox 2265 2329 2278 2366; x_wconf 90' lang='lat'><strong>:</strong></span> <span class='ocrx_word' id='word_1_642' title='bbox 2307 2309 2446 2380; x_wconf 88' lang='lat' dir='ltr'><strong>quod</strong></span> <span class='ocrx_word' id='word_1_643' title='bbox 2467 2324 2594 2381; x_wconf 84' lang='lat' dir='ltr'><strong>ergo</strong></span> <span class='ocrx_word' id='word_1_644' title='bbox 2615 2309 2703 2365; x_wconf 91' lang='lat' dir='ltr'><strong>hic</strong></span> <span class='ocrx_word' id='word_1_645' title='bbox 2728 2309 2873 2377; x_wconf 91' lang='lat' dir='ltr'><strong>dicit,</strong></span> <span class='ocrx_word' id='word_1_646' title='bbox 2902 2309 2968 2364; x_wconf 85' lang='lat' dir='ltr'><strong>In</strong></span> <span class='ocrx_word' id='word_1_647' title='bbox 2982 2310 3169 2381; x_wconf 89' lang='lat' dir='ltr'><strong>jubilo,</strong></span> <span class='ocrx_word' id='word_1_648' title='bbox 3205 2310 3307 2366; x_wconf 92' lang='lat' dir='ltr'><strong>hoc</strong></span> <span class='ocrx_word' id='word_1_649' title='bbox 3324 2321 3424 2379; x_wconf 90' lang='lat' dir='ltr'><strong>est,</strong></span> <span class='ocrx_word' id='word_1_650' title='bbox 3455 2326 3641 2367; x_wconf 88' lang='lat' dir='ltr'><strong>ascen-</strong></span> 
     </span>
    </p>
   </div>
   <div class='ocr_carea' id='block_1_84' title="bbox 2028 2399 3642 2472">
    <p class='ocr_par' dir='ltr' id='par_1_84' title="bbox 2028 2399 3642 2472">
     <span class='ocr_line' id='line_1_84' title="bbox 2028 2399 3642 2472; baseline 0.001 -16"><span class='ocrx_word' id='word_1_651' title='bbox 2028 2399 2140 2463; x_wconf 58' lang='lat' dir='ltr'><strong>~(lit</strong></span> <span class='ocrx_word' id='word_1_652' title='bbox 2166 2401 2220 2456; x_wconf 89' lang='lat' dir='ltr'><strong>in</strong></span> <span class='ocrx_word' id='word_1_653' title='bbox 2247 2399 2466 2456; x_wconf 90' lang='lat' dir='ltr'><strong>victoria</strong></span> <span class='ocrx_word' id='word_1_654' title='bbox 2491 2442 2506 2468; x_wconf 97' lang='lat'><strong>,</strong></span> <span class='ocrx_word' id='word_1_655' title='bbox 2549 2415 2670 2456; x_wconf 90' lang='lat' dir='ltr'><strong>cum</strong></span> <span class='ocrx_word' id='word_1_656' title='bbox 2697 2408 2924 2455; x_wconf 90' lang='lat' dir='ltr'><strong>mortem</strong></span> <span class='ocrx_word' id='word_1_657' title='bbox 2953 2401 3202 2470; x_wconf 89' lang='lat' dir='ltr'><strong>vicisset,</strong></span> <span class='ocrx_word' id='word_1_658' title='bbox 3243 2411 3518 2472; x_wconf 91' lang='lat' dir='ltr'><strong>peccatum</strong></span> <span class='ocrx_word' id='word_1_659' title='bbox 3549 2404 3642 2459; x_wconf 77' lang='lat' dir='ltr'><strong>de-</strong></span> 
     </span>
    </p>
   </div>
   <div class='ocr_carea' id='block_1_85' title="bbox 2058 2488 3637 2562">
    <p class='ocr_par' dir='ltr' id='par_1_85' title="bbox 2058 2488 3637 2562">
     <span class='ocr_line' id='line_1_85' title="bbox 2058 2488 3637 2562; baseline 0.001 -18"><span class='ocrx_word' id='word_1_660' title='bbox 2058 2490 2296 2560; x_wconf 89' lang='lat' dir='ltr'><strong>jecisset,</strong></span> <span class='ocrx_word' id='word_1_661' title='bbox 2341 2489 2615 2545; x_wconf 71' lang='lat' dir='ltr'><strong>daamones</strong></span> <span class='ocrx_word' id='word_1_662' title='bbox 2674 2488 3001 2561; x_wconf 81' lang='lat' dir='ltr'><strong>fugavisset,</strong></span> <span class='ocrx_word' id='word_1_663' title='bbox 3038 2506 3276 2547; x_wconf 89' lang='lat' dir='ltr'><strong>errorem</strong></span> <span class='ocrx_word' id='word_1_664' title='bbox 3322 2493 3637 2562; x_wconf 83' lang='lat' dir='ltr'><strong>expulisset,</strong></span> 
     </span>
    </p>
   </div>
   <div class='ocr_carea' id='block_1_86' title="bbox 2062 2580 3640 2654">
    <p class='ocr_par' dir='ltr' id='par_1_86' title="bbox 2062 2580 3640 2654">
     <span class='ocr_line' id='line_1_86' title="bbox 2062 2580 3640 2654; baseline 0.003 -20"><span class='ocrx_word' id='word_1_665' title='bbox 2062 2580 2238 2635; x_wconf 89' lang='lat' dir='ltr'><strong>omnia</strong></span> <span class='ocrx_word' id='word_1_666' title='bbox 2289 2580 2342 2634; x_wconf 90' lang='lat' dir='ltr'><strong>in</strong></span> <span class='ocrx_word' id='word_1_667' title='bbox 2395 2580 2586 2636; x_wconf 90' lang='lat' dir='ltr'><strong>melius</strong></span> <span class='ocrx_word' id='word_1_668' title='bbox 2616 2589 2908 2647; x_wconf 90' lang='lat' dir='ltr'><strong>mutasset,</strong></span> <span class='ocrx_word' id='word_1_669' title='bbox 2960 2581 3014 2636; x_wconf 91' lang='lat' dir='ltr'><strong>in</strong></span> <span class='ocrx_word' id='word_1_670' title='bbox 3063 2582 3333 2653; x_wconf 90' lang='lat' dir='ltr'><strong>antiquam</strong></span> <span class='ocrx_word' id='word_1_671' title='bbox 3394 2586 3640 2654; x_wconf 89' lang='lat' dir='ltr'><strong>patriam,</strong></span> 
     </span>
    </p>
   </div>
   <div class='ocr_carea' id='block_1_87' title="bbox 2062 2670 3643 2742">
    <p class='ocr_par' dir='ltr' id='par_1_87' title="bbox 2062 2670 3643 2742">
     <span class='ocr_line' id='line_1_87' title="bbox 2062 2670 3643 2742; baseline 0.002 -15"><span class='ocrx_word' id='word_1_672' title='bbox 2062 2671 2170 2728; x_wconf 91' lang='lat' dir='ltr'><strong>imo</strong></span> <span class='ocrx_word' id='word_1_673' title='bbox 2197 2686 2324 2727; x_wconf 90' lang='lat' dir='ltr'><strong>vero</strong></span> <span class='ocrx_word' id='word_1_674' title='bbox 2349 2670 2505 2742; x_wconf 84' lang='lat' dir='ltr'><strong>longe</strong></span> <span class='ocrx_word' id='word_1_675' title='bbox 2527 2673 2821 2740; x_wconf 90' lang='lat' dir='ltr'><strong>meliorem,</strong></span> <span class='ocrx_word' id='word_1_676' title='bbox 2850 2682 3087 2729; x_wconf 88' lang='lat' dir='ltr'><strong>nostram</strong></span> <span class='ocrx_word' id='word_1_677' title='bbox 3118 2683 3360 2730; x_wconf 88' lang='lat' dir='ltr'><strong>naturam</strong></span> <span class='ocrx_word' id='word_1_678' title='bbox 3392 2675 3643 2730; x_wconf 84' lang='lat' dir='ltr'><strong>deduxis-</strong></span> 
     </span>
    </p>
   </div>
   <div class='ocr_carea' id='block_1_88' title="bbox 2061 2762 3643 2838">
    <p class='ocr_par' dir='ltr' id='par_1_88' title="bbox 2061 2762 3643 2838">
     <span class='ocr_line' id='line_1_88' title="bbox 2061 2762 3643 2838; baseline 0.003 -18"><span class='ocrx_word' id='word_1_679' title='bbox 2061 2774 2164 2821; x_wconf 88' lang='lat' dir='ltr'><strong>set.</strong></span> <span class='ocrx_word' id='word_1_680' title='bbox 2195 2762 2329 2821; x_wconf 87' lang='lat' dir='ltr'><strong>Cum</strong></span> <span class='ocrx_word' id='word_1_681' title='bbox 2355 2766 2495 2822; x_wconf 90' lang='lat' dir='ltr'><strong>enim</strong></span> <span class='ocrx_word' id='word_1_682' title='bbox 2518 2766 2842 2832; x_wconf 87' lang='lat' dir='ltr'><strong>advenisset,</strong></span> <span class='ocrx_word' id='word_1_683' title='bbox 2871 2782 3030 2823; x_wconf 93' lang='lat' dir='ltr'><strong>nemo</strong></span> <span class='ocrx_word' id='word_1_684' title='bbox 3060 2767 3108 2822; x_wconf 93' lang='lat' dir='ltr'><strong>ei</strong></span> <span class='ocrx_word' id='word_1_685' title='bbox 3135 2769 3348 2836; x_wconf 88' lang='lat' dir='ltr'><strong>restitit,</strong></span> <span class='ocrx_word' id='word_1_686' title='bbox 3382 2784 3488 2823; x_wconf 91' lang='lat' dir='ltr'><strong>non</strong></span> <span class='ocrx_word' id='word_1_687' title='bbox 3518 2784 3643 2838; x_wconf 89' lang='lat' dir='ltr'><strong>pec-</strong></span> 
     </span>
    </p>
   </div>
   <div class='ocr_carea' id='block_1_89' title="bbox 2062 2858 3640 2931">
    <p class='ocr_par' dir='ltr' id='par_1_89' title="bbox 2062 2858 3640 2931">
     <span class='ocr_line' id='line_1_89' title="bbox 2062 2858 3640 2931; baseline 0 -17"><span class='ocrx_word' id='word_1_688' title='bbox 2062 2858 2166 2915; x_wconf 89' lang='lat' dir='ltr'><strong>cati</strong></span> <span class='ocrx_word' id='word_1_689' title='bbox 2194 2860 2453 2931; x_wconf 85' lang='lat' dir='ltr'><strong>tyrannis,</strong></span> <span class='ocrx_word' id='word_1_690' title='bbox 2482 2875 2590 2914; x_wconf 89' lang='lat' dir='ltr'><strong>non</strong></span> <span class='ocrx_word' id='word_1_691' title='bbox 2612 2859 2798 2916; x_wconf 91' lang='lat' dir='ltr'><strong>mortis</strong></span> <span class='ocrx_word' id='word_1_692' title='bbox 2823 2860 3080 2930; x_wconf 91' lang='lat' dir='ltr'><strong>potentia,</strong></span> <span class='ocrx_word' id='word_1_693' title='bbox 3109 2875 3216 2915; x_wconf 88' lang='lat' dir='ltr'><strong>non</strong></span> <span class='ocrx_word' id='word_1_694' title='bbox 3242 2862 3322 2915; x_wconf 89' lang='lat' dir='ltr'><strong>vis</strong></span> <span class='ocrx_word' id='word_1_695' title='bbox 3351 2861 3640 2925; x_wconf 90' lang='lat' dir='ltr'><strong>maledicti,</strong></span> 
     </span>
    </p>
   </div>
   <div class='ocr_carea' id='block_1_90' title="bbox 2064 2951 3643 3025">
    <p class='ocr_par' dir='ltr' id='par_1_90' title="bbox 2064 2951 3643 3025">
     <span class='ocr_line' id='line_1_90' title="bbox 2064 2951 3643 3025; baseline 0.001 -19"><span class='ocrx_word' id='word_1_696' title='bbox 2064 2966 2169 3006; x_wconf 89' lang='lat' dir='ltr'><strong>non</strong></span> <span class='ocrx_word' id='word_1_697' title='bbox 2199 2951 2463 3017; x_wconf 88' lang='lat' dir='ltr'><strong>interitus,</strong></span> <span class='ocrx_word' id='word_1_698' title='bbox 2491 2966 2597 3006; x_wconf 91' lang='lat' dir='ltr'><strong>non</strong></span> <span class='ocrx_word' id='word_1_699' title='bbox 2629 2952 2879 3022; x_wconf 86' lang='lat' dir='ltr'><strong>nequitiae</strong></span> <span class='ocrx_word' id='word_1_700' title='bbox 2916 2952 3258 3022; x_wconf 82' lang='lat' dir='ltr'><strong>magnitudo,</strong></span> <span class='ocrx_word' id='word_1_701' title='bbox 3308 2968 3413 3008; x_wconf 90' lang='lat' dir='ltr'><strong>non</strong></span> <span class='ocrx_word' id='word_1_702' title='bbox 3445 2954 3643 3025; x_wconf 89' lang='lat' dir='ltr'><strong>aliquid</strong></span> 
     </span>
    </p>
   </div>
   <div class='ocr_carea' id='block_1_91' title="bbox 2063 3041 3639 3113">
    <p class='ocr_par' dir='ltr' id='par_1_91' title="bbox 2063 3041 3639 3113">
     <span class='ocr_line' id='line_1_91' title="bbox 2063 3041 3639 3113; baseline 0.001 -16"><span class='ocrx_word' id='word_1_703' title='bbox 2063 3043 2204 3099; x_wconf 88' lang='lat' dir='ltr'><strong>aliud</strong></span> <span class='ocrx_word' id='word_1_704' title='bbox 2250 3042 2513 3113; x_wconf 85' lang='lat' dir='ltr'><strong>ejusmodi</strong></span> <span class='ocrx_word' id='word_1_705' title='bbox 2539 3058 2552 3095; x_wconf 92' lang='lat'><strong>:</strong></span> <span class='ocrx_word' id='word_1_706' title='bbox 2582 3041 2678 3104; x_wconf 84' lang='lat' dir='ltr'><strong>sed</strong></span> <span class='ocrx_word' id='word_1_707' title='bbox 2715 3057 2837 3097; x_wconf 89' lang='lat' dir='ltr'><strong>cum</strong></span> <span class='ocrx_word' id='word_1_708' title='bbox 2864 3041 2978 3098; x_wconf 76' lang='lat' dir='ltr'><strong>lucc</strong></span> <span class='ocrx_word' id='word_1_709' title='bbox 3006 3043 3182 3097; x_wconf 90' lang='lat' dir='ltr'><strong>omnia</strong></span> <span class='ocrx_word' id='word_1_710' title='bbox 3214 3052 3481 3113; x_wconf 84' lang='lat' dir='ltr'><strong>tamquam</strong></span> <span class='ocrx_word' id='word_1_711' title='bbox 3515 3059 3639 3098; x_wconf 82' lang='lat' dir='ltr'><strong>ara-</strong></span> 
     </span>
    </p>
   </div>
   <div class='ocr_carea' id='block_1_92' title="bbox 2064 3134 3645 3206">
    <p class='ocr_par' dir='ltr' id='par_1_92' title="bbox 2064 3134 3645 3206">
     <span class='ocr_line' id='line_1_92' title="bbox 2064 3134 3645 3206; baseline -0.002 -15"><span class='ocrx_word' id='word_1_712' title='bbox 2064 3152 2218 3192; x_wconf 89' lang='lat' dir='ltr'><strong>neam</strong></span> <span class='ocrx_word' id='word_1_713' title='bbox 2265 3134 2623 3206; x_wconf 83' lang='lat' dir='ltr'><strong>perlregisset,</strong></span> <span class='ocrx_word' id='word_1_714' title='bbox 2665 3134 2966 3189; x_wconf 67' lang='lat' dir='ltr'><strong>daemonum</strong></span> <span class='ocrx_word' id='word_1_715' title='bbox 3003 3142 3278 3200; x_wconf 88' lang='lat' dir='ltr'><strong>catervas,</strong></span> <span class='ocrx_word' id='word_1_716' title='bbox 3310 3151 3501 3190; x_wconf 90' lang='lat' dir='ltr'><strong>nervos</strong></span> <span class='ocrx_word' id='word_1_717' title='bbox 3528 3135 3645 3189; x_wconf 84' lang='lat' dir='ltr'><strong>dia-</strong></span> 
     </span>
    </p>
   </div>
   <div class='ocr_carea' id='block_1_93' title="bbox 2063 3225 3643 3298">
    <p class='ocr_par' dir='ltr' id='par_1_93' title="bbox 2063 3225 3643 3298">
     <span class='ocr_line' id='line_1_93' title="bbox 2063 3225 3643 3298; baseline -0.002 -14"><span class='ocrx_word' id='word_1_718' title='bbox 2063 3228 2194 3296; x_wconf 89' lang='lat' dir='ltr'><strong>boli,</strong></span> <span class='ocrx_word' id='word_1_719' title='bbox 2221 3236 2273 3283; x_wconf 90' lang='lat' dir='ltr'><strong>et</strong></span> <span class='ocrx_word' id='word_1_720' title='bbox 2302 3226 2417 3282; x_wconf 79' lang='lat' dir='ltr'><strong>hzec</strong></span> <span class='ocrx_word' id='word_1_721' title='bbox 2445 3226 2622 3281; x_wconf 89' lang='lat' dir='ltr'><strong>omnia</strong></span> <span class='ocrx_word' id='word_1_722' title='bbox 2646 3225 2977 3298; x_wconf 82' lang='lat' dir='ltr'><strong>proﬂigasset</strong></span> <span class='ocrx_word' id='word_1_723' title='bbox 2997 3267 3009 3291; x_wconf 92' lang='lat'><strong>,</strong></span> <span class='ocrx_word' id='word_1_724' title='bbox 3039 3227 3275 3282; x_wconf 88' lang='lat' dir='ltr'><strong>ascendit</strong></span> <span class='ocrx_word' id='word_1_725' title='bbox 3312 3227 3471 3283; x_wconf 86' lang='lat' dir='ltr'><strong>rebus</strong></span> <span class='ocrx_word' id='word_1_726' title='bbox 3498 3239 3643 3283; x_wconf 84' lang='lat' dir='ltr'><strong>recte</strong></span> 
     </span>
    </p>
   </div>
   <div class='ocr_carea' id='block_1_94' title="bbox 2064 3318 2549 3391">
    <p class='ocr_par' dir='ltr' id='par_1_94' title="bbox 2064 3318 2549 3391">
     <span class='ocr_line' id='line_1_94' title="bbox 2064 3318 2549 3391; baseline -0.012 -14"><span class='ocrx_word' id='word_1_727' title='bbox 2064 3319 2249 3391; x_wconf 82' lang='lat' dir='ltr'><strong>gestis.</strong></span> <span class='ocrx_word' id='word_1_728' title='bbox 2280 3327 2338 3372; x_wconf 92' lang='lat' dir='ltr'><strong>ut</strong></span> <span class='ocrx_word' id='word_1_729' title='bbox 2365 3318 2549 3372; x_wconf 87' lang='lat' dir='ltr'><strong>voluit.</strong></span> 
     </span>
    </p>
   </div>
   <div class='ocr_carea' id='block_1_95' title="bbox 2135 3408 3640 3480">
    <p class='ocr_par' dir='ltr' id='par_1_95' title="bbox 2135 3408 3640 3480">
     <span class='ocr_line' id='line_1_95' title="bbox 2135 3408 3640 3480; baseline 0.001 -16"><span class='ocrx_word' id='word_1_730' title='bbox 2135 3410 2189 3465; x_wconf 82' lang='lat'><strong>5.</strong></span> <span class='ocrx_word' id='word_1_731' title='bbox 2228 3408 2485 3477; x_wconf 78' lang='lat' dir='ltr'><strong>Quocirca</strong></span> <span class='ocrx_word' id='word_1_732' title='bbox 2516 3408 2709 3464; x_wconf 87' lang='lat' dir='ltr'><strong>Paulus</strong></span> <span class='ocrx_word' id='word_1_733' title='bbox 2736 3424 2943 3480; x_wconf 89' lang='lat' dir='ltr'><strong>quoque</strong></span> <span class='ocrx_word' id='word_1_734' title='bbox 2971 3409 3086 3479; x_wconf 85' lang='lat' dir='ltr'><strong>ejus</strong></span> <span class='ocrx_word' id='word_1_735' title='bbox 3112 3418 3365 3480; x_wconf 73' lang='lat' dir='ltr'><strong>tropmum</strong></span> <span class='ocrx_word' id='word_1_736' title='bbox 3399 3426 3640 3478; x_wconf 89' lang='lat' dir='ltr'><strong>narrans,</strong></span> 
     </span>
    </p>
   </div>
   <div class='ocr_carea' id='block_1_96' title="bbox 2066 3496 3639 3572">
    <p class='ocr_par' dir='ltr' id='par_1_96' title="bbox 2066 3496 3639 3572">
     <span class='ocr_line' id='line_1_96' title="bbox 2066 3496 3639 3572; baseline 0.002 -18"><span class='ocrx_word' id='word_1_737' title='bbox 2066 3498 2322 3555; x_wconf 89' lang='lat' dir='ltr'><strong>dicebat:</strong></span> <span class='ocrx_word' id='word_1_738' title='bbox 2370 3496 2497 3552; x_wconf 86' lang='lat' dir='ltr'><strong>Cum</strong></span> <span class='ocrx_word' id='word_1_739' title='bbox 2537 3499 2860 3569; x_wconf 68' lang='lat' dir='ltr'><strong>erspoliasset</strong></span> <span class='ocrx_word' id='word_1_740' title='bbox 2900 3500 3209 3570; x_wconf 70' lang='lat' dir='ltr'><strong>principatus</strong></span> <span class='ocrx_word' id='word_1_741' title='bbox 3252 3517 3312 3554; x_wconf 90' lang='lat' dir='ltr'><strong>ac</strong></span> <span class='ocrx_word' id='word_1_742' title='bbox 3340 3510 3639 3572; x_wconf 85' lang='lat' dir='ltr'><strong>potestates.</strong></span> 
     </span>
    </p>
   </div>
   <div class='ocr_carea' id='block_1_97' title="bbox 2068 3586 3643 3664">
    <p class='ocr_par' dir='ltr' id='par_1_97' title="bbox 2068 3586 3643 3664">
     <span class='ocr_line' id='line_1_97' title="bbox 2068 3586 3643 3664; baseline 0.003 -20"><span class='ocrx_word' id='word_1_743' title='bbox 2068 3590 2292 3644; x_wconf 74' lang='lat' dir='ltr'><strong>traduxit</strong></span> <span class='ocrx_word' id='word_1_744' title='bbox 2327 3589 2497 3658; x_wconf 88' lang='lat' dir='ltr'><strong>libere,</strong></span> <span class='ocrx_word' id='word_1_745' title='bbox 2545 3586 2606 3644; x_wconf 82' lang='lat' dir='ltr'><strong>de</strong></span> <span class='ocrx_word' id='word_1_746' title='bbox 2653 3590 2722 3645; x_wconf 86' lang='lat' dir='ltr'><strong>eis</strong></span> <span class='ocrx_word' id='word_1_747' title='bbox 2759 3592 2811 3644; x_wconf 89' lang='lat' dir='ltr'><strong>in</strong></span> <span class='ocrx_word' id='word_1_748' title='bbox 2858 3592 3022 3662; x_wconf 87' lang='lat' dir='ltr'><strong>seipso</strong></span> <span class='ocrx_word' id='word_1_749' title='bbox 3065 3593 3381 3663; x_wconf 70' lang='lat' dir='ltr'><strong>triumphans</strong></span> <span class='ocrx_word' id='word_1_750' title='bbox 3428 3594 3643 3664; x_wconf 81' lang='lat' dir='ltr'><strong>(Coloss.</strong></span> 
     </span>
    </p>
   </div>
   <div class='ocr_carea' id='block_1_98' title="bbox 2065 3680 3646 3753">
    <p class='ocr_par' dir='ltr' id='par_1_98' title="bbox 2065 3680 3646 3753">
     <span class='ocr_line' id='line_1_98' title="bbox 2065 3680 3646 3753; baseline 0.001 -16"><span class='ocrx_word' id='word_1_751' title='bbox 2065 3682 2116 3738; x_wconf 71' lang='lat'><strong>9..</strong></span> <span class='ocrx_word' id='word_1_752' title='bbox 2150 3682 2263 3751; x_wconf 71' lang='grc'><strong>15).</strong></span> <span class='ocrx_word' id='word_1_753' title='bbox 2292 3682 2357 3735; x_wconf 87' lang='lat' dir='ltr'><strong>Et</strong></span> <span class='ocrx_word' id='word_1_754' title='bbox 2386 3697 2568 3737; x_wconf 87' lang='lat' dir='ltr'><strong>rursus</strong></span> <span class='ocrx_word' id='word_1_755' title='bbox 2595 3696 2607 3732; x_wconf 90' lang='lat'><strong>:</strong></span> <span class='ocrx_word' id='word_1_756' title='bbox 2641 3680 2833 3735; x_wconf 79' lang='lat' dir='ltr'><strong>Delcrit</strong></span> <span class='ocrx_word' id='word_1_757' title='bbox 2872 3683 3008 3753; x_wconf 86' lang='lat' dir='ltr'><strong>quod</strong></span> <span class='ocrx_word' id='word_1_758' title='bbox 3029 3693 3135 3737; x_wconf 87' lang='lat' dir='ltr'><strong>erat</strong></span> <span class='ocrx_word' id='word_1_759' title='bbox 3159 3685 3393 3739; x_wconf 85' lang='lat' dir='ltr'><strong>adversus</strong></span> <span class='ocrx_word' id='word_1_760' title='bbox 3422 3703 3512 3740; x_wconf 87' lang='lat' dir='ltr'><strong>nos</strong></span> <span class='ocrx_word' id='word_1_761' title='bbox 3534 3687 3646 3739; x_wconf 85' lang='lat' dir='ltr'><strong>chi—</strong></span> 
     </span>
    </p>
   </div>
   <div class='ocr_carea' id='block_1_99' title="bbox 2065 3773 3647 3845">
    <p class='ocr_par' dir='ltr' id='par_1_99' title="bbox 2065 3773 3647 3845">
     <span class='ocr_line' id='line_1_99' title="bbox 2065 3773 3647 3845; baseline 0.003 -18"><span class='ocrx_word' id='word_1_762' title='bbox 2065 3773 2375 3845; x_wconf 84' lang='lat' dir='ltr'><strong>rographum</strong></span> <span class='ocrx_word' id='word_1_763' title='bbox 2424 3774 2475 3827; x_wconf 85' lang='lat' dir='ltr'><strong>in</strong></span> <span class='ocrx_word' id='word_1_764' title='bbox 2515 3774 2749 3840; x_wconf 85' lang='lat' dir='ltr'><strong>decretis,</strong></span> <span class='ocrx_word' id='word_1_765' title='bbox 2781 3775 2915 3844; x_wconf 88' lang='lat' dir='ltr'><strong>quod</strong></span> <span class='ocrx_word' id='word_1_766' title='bbox 2937 3784 3046 3828; x_wconf 90' lang='lat' dir='ltr'><strong>erat</strong></span> <span class='ocrx_word' id='word_1_767' title='bbox 3072 3775 3213 3829; x_wconf 88' lang='lat' dir='ltr'><strong>nobis</strong></span> <span class='ocrx_word' id='word_1_768' title='bbox 3238 3778 3566 3842; x_wconf 86' lang='lat' dir='ltr'><strong>contrarium,</strong></span> <span class='ocrx_word' id='word_1_769' title='bbox 3602 3787 3647 3832; x_wconf 88' lang='lat' dir='ltr'><strong>ct</strong></span> 
     </span>
    </p>
   </div>
   <div class='ocr_carea' id='block_1_100' title="bbox 2066 3864 3642 3940">
    <p class='ocr_par' dir='ltr' id='par_1_100' title="bbox 2066 3864 3642 3940">
     <span class='ocr_line' id='line_1_100' title="bbox 2066 3864 3642 3940; baseline 0.004 -21"><span class='ocrx_word' id='word_1_770' title='bbox 2066 3867 2232 3937; x_wconf 86' lang='lat' dir='ltr'><strong>ipsum</strong></span> <span class='ocrx_word' id='word_1_771' title='bbox 2259 3866 2322 3920; x_wconf 89' lang='lat' dir='ltr'><strong>de</strong></span> <span class='ocrx_word' id='word_1_772' title='bbox 2351 3866 2511 3920; x_wconf 89' lang='lat' dir='ltr'><strong>medio</strong></span> <span class='ocrx_word' id='word_1_773' title='bbox 2537 3864 2760 3933; x_wconf 85' lang='lat' dir='ltr'><strong>sustulit,</strong></span> <span class='ocrx_word' id='word_1_774' title='bbox 2782 3867 2982 3937; x_wconf 60' lang='lat' dir='ltr'><strong>oﬁgens</strong></span> <span class='ocrx_word' id='word_1_775' title='bbox 2998 3866 3124 3921; x_wconf 89' lang='lat' dir='ltr'><strong>illud</strong></span> <span class='ocrx_word' id='word_1_776' title='bbox 3143 3868 3281 3921; x_wconf 89' lang='lat' dir='ltr'><strong>cruci</strong></span> <span class='ocrx_word' id='word_1_777' title='bbox 3298 3867 3458 3940; x_wconf 87' lang='lat' dir='ltr'><strong>(Ibid.</strong></span> <span class='ocrx_word' id='word_1_778' title='bbox 3477 3868 3550 3924; x_wconf 66' lang='lat' dir='ltr'><strong>v.1</strong></span> <span class='ocrx_word' id='word_1_779' title='bbox 3568 3872 3642 3931; x_wconf 69' lang='grc'><strong>4).</strong></span> 
     </span>
    </p>
   </div>
   <div class='ocr_carea' id='block_1_101' title="bbox 2069 3955 3649 4029">
    <p class='ocr_par' dir='ltr' id='par_1_101' title="bbox 2069 3955 3649 4029">
     <span class='ocr_line' id='line_1_101' title="bbox 2069 3955 3649 4029; baseline 0.004 -21"><span class='ocrx_word' id='word_1_780' title='bbox 2069 3955 2320 4011; x_wconf 88' lang='lat' dir='ltr'><strong>Dominus</strong></span> <span class='ocrx_word' id='word_1_781' title='bbox 2363 3956 2417 4009; x_wconf 86' lang='lat' dir='ltr'><strong>in</strong></span> <span class='ocrx_word' id='word_1_782' title='bbox 2458 3972 2576 4010; x_wconf 91' lang='lat' dir='ltr'><strong>voce</strong></span> <span class='ocrx_word' id='word_1_783' title='bbox 2618 3956 2765 4010; x_wconf 74' lang='lat' dir='ltr'><strong>tubaz.</strong></span> <span class='ocrx_word' id='word_1_784' title='bbox 2821 3956 2961 4011; x_wconf 88' lang='lat' dir='ltr'><strong>Idem</strong></span> <span class='ocrx_word' id='word_1_785' title='bbox 3008 3973 3190 4012; x_wconf 87' lang='lat' dir='ltr'><strong>rursus</strong></span> <span class='ocrx_word' id='word_1_786' title='bbox 3242 3960 3519 4029; x_wconf 77' lang='lat' dir='ltr'><strong>signiﬁcat,</strong></span> <span class='ocrx_word' id='word_1_787' title='bbox 3550 3961 3649 4015; x_wconf 80' lang='lat' dir='ltr'><strong>ln-c</strong></span> 
     </span>
    </p>
   </div>
   <div class='ocr_carea' id='block_1_102' title="bbox 2067 4047 3650 4122">
    <p class='ocr_par' dir='ltr' id='par_1_102' title="bbox 2067 4047 3650 4122">
     <span class='ocr_line' id='line_1_102' title="bbox 2067 4047 3650 4122; baseline 0.003 -20"><span class='ocrx_word' id='word_1_788' title='bbox 2067 4056 2170 4116; x_wconf 82' lang='lat' dir='ltr'><strong>est,</strong></span> <span class='ocrx_word' id='word_1_789' title='bbox 2195 4049 2246 4102; x_wconf 92' lang='lat' dir='ltr'><strong>in</strong></span> <span class='ocrx_word' id='word_1_790' title='bbox 2278 4048 2529 4118; x_wconf 77' lang='lat' dir='ltr'><strong>przcclara</strong></span> <span class='ocrx_word' id='word_1_791' title='bbox 2563 4047 2801 4102; x_wconf 86' lang='lat' dir='ltr'><strong>victoria.</strong></span> <span class='ocrx_word' id='word_1_792' title='bbox 2850 4048 2946 4103; x_wconf 84' lang='lat' dir='ltr'><strong>llic</strong></span> <span class='ocrx_word' id='word_1_793' title='bbox 2970 4058 3247 4106; x_wconf 89' lang='lat' dir='ltr'><strong>autemest</strong></span> <span class='ocrx_word' id='word_1_794' title='bbox 3273 4050 3413 4105; x_wconf 91' lang='lat' dir='ltr'><strong>aliud</strong></span> <span class='ocrx_word' id='word_1_795' title='bbox 3440 4068 3650 4122; x_wconf 90' lang='lat' dir='ltr'><strong>quoque</strong></span> 
     </span>
    </p>
   </div>
   <div class='ocr_carea' id='block_1_103' title="bbox 2071 4136 3651 4213">
    <p class='ocr_par' dir='ltr' id='par_1_103' title="bbox 2071 4136 3651 4213">
     <span class='ocr_line' id='line_1_103' title="bbox 2071 4136 3651 4213; baseline 0.004 -21"><span class='ocrx_word' id='word_1_796' title='bbox 2071 4136 2490 4208; x_wconf 86' lang='lat' dir='ltr'><strong>intelligendum,</strong></span> <span class='ocrx_word' id='word_1_797' title='bbox 2515 4153 2704 4208; x_wconf 90' lang='lat' dir='ltr'><strong>nempe</strong></span> <span class='ocrx_word' id='word_1_798' title='bbox 2726 4138 2777 4193; x_wconf 89' lang='lat' dir='ltr'><strong>id</strong></span> <span class='ocrx_word' id='word_1_799' title='bbox 2806 4138 2968 4194; x_wconf 79' lang='lat' dir='ltr'><strong>fuisse</strong></span> <span class='ocrx_word' id='word_1_800' title='bbox 2997 4141 3220 4209; x_wconf 82' lang='lat' dir='ltr'><strong>clarum,</strong></span> <span class='ocrx_word' id='word_1_801' title='bbox 3248 4151 3509 4213; x_wconf 87' lang='lat' dir='ltr'><strong>apertum,</strong></span> <span class='ocrx_word' id='word_1_802' title='bbox 3537 4145 3651 4199; x_wconf 77' lang='lat' dir='ltr'><strong>illu~</strong></span> 
     </span>
    </p>
   </div>
   <div class='ocr_carea' id='block_1_104' title="bbox 2069 4230 3649 4301">
    <p class='ocr_par' dir='ltr' id='par_1_104' title="bbox 2069 4230 3649 4301">
     <span class='ocr_line' id='line_1_104' title="bbox 2069 4230 3649 4301; baseline 0.004 -18"><span class='ocrx_word' id='word_1_803' title='bbox 2069 4239 2197 4285; x_wconf 93' lang='lat' dir='ltr'><strong>stre.</strong></span> <span class='ocrx_word' id='word_1_804' title='bbox 2222 4230 2384 4300; x_wconf 85' lang='lat' dir='ltr'><strong>Atqui</strong></span> <span class='ocrx_word' id='word_1_805' title='bbox 2410 4230 2586 4285; x_wconf 90' lang='lat' dir='ltr'><strong>nullus</strong></span> <span class='ocrx_word' id='word_1_806' title='bbox 2614 4230 2665 4285; x_wconf 91' lang='lat' dir='ltr'><strong>id</strong></span> <span class='ocrx_word' id='word_1_807' title='bbox 2702 4239 2825 4286; x_wconf 90' lang='lat' dir='ltr'><strong>tunc</strong></span> <span class='ocrx_word' id='word_1_808' title='bbox 2866 4232 3030 4293; x_wconf 88' lang='lat' dir='ltr'><strong>novit.</strong></span> <span class='ocrx_word' id='word_1_809' title='bbox 3061 4249 3181 4287; x_wconf 91' lang='lat' dir='ltr'><strong>cum</strong></span> <span class='ocrx_word' id='word_1_810' title='bbox 3206 4233 3378 4301; x_wconf 83' lang='lat' dir='ltr'><strong>ﬁeret,</strong></span> <span class='ocrx_word' id='word_1_811' title='bbox 3428 4235 3522 4290; x_wconf 89' lang='lat' dir='ltr'><strong>sed</strong></span> <span class='ocrx_word' id='word_1_812' title='bbox 3545 4245 3649 4289; x_wconf 86' lang='lat' dir='ltr'><strong>tam</strong></span> 
     </span>
    </p>
   </div>
   <div class='ocr_carea' id='block_1_105' title="bbox 2070 4322 3651 4394">
    <p class='ocr_par' dir='ltr' id='par_1_105' title="bbox 2070 4322 3651 4394">
     <span class='ocr_line' id='line_1_105' title="bbox 2070 4322 3651 4394; baseline 0.001 -17"><span class='ocrx_word' id='word_1_813' title='bbox 2070 4322 2624 4390; x_wconf 83' lang='lat' dir='ltr'><strong>cvasitmanifestum,</strong></span> <span class='ocrx_word' id='word_1_814' title='bbox 2671 4338 2828 4392; x_wconf 88' lang='lat' dir='ltr'><strong>quam</strong></span> <span class='ocrx_word' id='word_1_815' title='bbox 2873 4324 2919 4379; x_wconf 87' lang='lat' dir='ltr'><strong>si</strong></span> <span class='ocrx_word' id='word_1_816' title='bbox 2965 4323 3085 4378; x_wconf 90' lang='lat' dir='ltr'><strong>tuba</strong></span> <span class='ocrx_word' id='word_1_817' title='bbox 3126 4324 3444 4391; x_wconf 87' lang='lat' dir='ltr'><strong>cecinisset,</strong></span> <span class='ocrx_word' id='word_1_818' title='bbox 3492 4335 3651 4394; x_wconf 85' lang='lat' dir='ltr'><strong>atque</strong></span> 
     </span>
    </p>
   </div>
   <div class='ocr_carea' id='block_1_106' title="bbox 2070 4412 3649 4484">
    <p class='ocr_par' dir='ltr' id='par_1_106' title="bbox 2070 4412 3649 4484">
     <span class='ocr_line' id='line_1_106' title="bbox 2070 4412 3649 4484; baseline 0.003 -19"><span class='ocrx_word' id='word_1_819' title='bbox 2070 4412 2204 4468; x_wconf 88' lang='lat' dir='ltr'><strong>adeo</strong></span> <span class='ocrx_word' id='word_1_820' title='bbox 2232 4412 2399 4468; x_wconf 92' lang='lat' dir='ltr'><strong>multo</strong></span> <span class='ocrx_word' id='word_1_821' title='bbox 2429 4414 2614 4484; x_wconf 87' lang='lat' dir='ltr'><strong>magis.</strong></span> <span class='ocrx_word' id='word_1_822' title='bbox 2666 4412 2797 4468; x_wconf 90' lang='lat' dir='ltr'><strong>lllud</strong></span> <span class='ocrx_word' id='word_1_823' title='bbox 2822 4414 2985 4480; x_wconf 91' lang='lat' dir='ltr'><strong>enim,</strong></span> <span class='ocrx_word' id='word_1_824' title='bbox 3014 4414 3152 4484; x_wconf 91' lang='lat' dir='ltr'><strong>quod</strong></span> <span class='ocrx_word' id='word_1_825' title='bbox 3193 4423 3317 4470; x_wconf 90' lang='lat' dir='ltr'><strong>tunc</strong></span> <span class='ocrx_word' id='word_1_826' title='bbox 3351 4414 3649 4470; x_wconf 88' lang='lat' dir='ltr'><strong>clanculum</strong></span> 
     </span>
    </p>
   </div>
   <div class='ocr_carea' id='block_1_107' title="bbox 2072 4504 3650 4577">
    <p class='ocr_par' dir='ltr' id='par_1_107' title="bbox 2072 4504 3650 4577">
     <span class='ocr_line' id='line_1_107' title="bbox 2072 4504 3650 4577; baseline 0.003 -19"><span class='ocrx_word' id='word_1_827' title='bbox 2072 4504 2267 4560; x_wconf 83' lang='lat' dir='ltr'><strong>factum</strong></span> <span class='ocrx_word' id='word_1_828' title='bbox 2291 4514 2392 4573; x_wconf 91' lang='lat' dir='ltr'><strong>est,</strong></span> <span class='ocrx_word' id='word_1_829' title='bbox 2445 4521 2602 4561; x_wconf 89' lang='lat' dir='ltr'><strong>nemo</strong></span> <span class='ocrx_word' id='word_1_830' title='bbox 2630 4506 2740 4562; x_wconf 79' lang='lat' dir='ltr'><strong>fere</strong></span> <span class='ocrx_word' id='word_1_831' title='bbox 2769 4522 2953 4561; x_wconf 91' lang='lat' dir='ltr'><strong>eorum</strong></span> <span class='ocrx_word' id='word_1_832' title='bbox 2994 4507 3081 4577; x_wconf 94' lang='lat' dir='ltr'><strong>qui</strong></span> <span class='ocrx_word' id='word_1_833' title='bbox 3109 4507 3292 4562; x_wconf 89' lang='lat' dir='ltr'><strong>orbem</strong></span> <span class='ocrx_word' id='word_1_834' title='bbox 3322 4516 3474 4563; x_wconf 76' lang='lat' dir='ltr'><strong>terra:</strong></span> <span class='ocrx_word' id='word_1_835' title='bbox 3502 4507 3650 4565; x_wconf 88' lang='lat' dir='ltr'><strong>habi-</strong></span> 
     </span>
    </p>
   </div>
   <div class='ocr_carea' id='block_1_108' title="bbox 2074 4596 3649 4667">
    <p class='ocr_par' dir='ltr' id='par_1_108' title="bbox 2074 4596 3649 4667">
     <span class='ocr_line' id='line_1_108' title="bbox 2074 4596 3649 4667; baseline 0.001 -16"><span class='ocrx_word' id='word_1_836' title='bbox 2074 4606 2185 4651; x_wconf 91' lang='lat' dir='ltr'><strong>tant</strong></span> <span class='ocrx_word' id='word_1_837' title='bbox 2215 4597 2510 4667; x_wconf 89' lang='lat' dir='ltr'><strong>ignoravit,</strong></span> <span class='ocrx_word' id='word_1_838' title='bbox 2561 4596 2655 4651; x_wconf 88' lang='lat' dir='ltr'><strong>sed</strong></span> <span class='ocrx_word' id='word_1_839' title='bbox 2700 4597 2871 4666; x_wconf 90' lang='lat' dir='ltr'><strong>ipsum</strong></span> <span class='ocrx_word' id='word_1_840' title='bbox 2922 4597 3141 4667; x_wconf 87' lang='lat' dir='ltr'><strong>perinde</strong></span> <span class='ocrx_word' id='word_1_841' title='bbox 3178 4599 3432 4653; x_wconf 89' lang='lat' dir='ltr'><strong>revelavit</strong></span> <span class='ocrx_word' id='word_1_842' title='bbox 3469 4614 3649 4653; x_wconf 87' lang='lat' dir='ltr'><strong>rerum</strong></span> 
     </span>
    </p>
   </div>
   <div class='ocr_carea' id='block_1_109' title="bbox 2073 4687 3647 4760">
    <p class='ocr_par' dir='ltr' id='par_1_109' title="bbox 2073 4687 3647 4760">
     <span class='ocr_line' id='line_1_109' title="bbox 2073 4687 3647 4760; baseline 0 -17"><span class='ocrx_word' id='word_1_843' title='bbox 2073 4698 2256 4743; x_wconf 86' lang='lat' dir='ltr'><strong>natura</strong></span> <span class='ocrx_word' id='word_1_844' title='bbox 2277 4730 2292 4755; x_wconf 92' lang='lat'><strong>,</strong></span> <span class='ocrx_word' id='word_1_845' title='bbox 2320 4703 2381 4743; x_wconf 91' lang='lat' dir='ltr'><strong>ac</strong></span> <span class='ocrx_word' id='word_1_846' title='bbox 2414 4688 2457 4742; x_wconf 91' lang='lat' dir='ltr'><strong>si</strong></span> <span class='ocrx_word' id='word_1_847' title='bbox 2483 4687 2603 4742; x_wconf 91' lang='lat' dir='ltr'><strong>tuba</strong></span> <span class='ocrx_word' id='word_1_848' title='bbox 2647 4687 2950 4756; x_wconf 88' lang='lat' dir='ltr'><strong>cecinisset,</strong></span> <span class='ocrx_word' id='word_1_849' title='bbox 2980 4687 3087 4743; x_wconf 89' lang='lat' dir='ltr'><strong>imo</strong></span> <span class='ocrx_word' id='word_1_850' title='bbox 3129 4688 3295 4743; x_wconf 90' lang='lat' dir='ltr'><strong>multo</strong></span> <span class='ocrx_word' id='word_1_851' title='bbox 3322 4690 3515 4760; x_wconf 82' lang='lat' dir='ltr'><strong>magis.</strong></span> <span class='ocrx_word' id='word_1_852' title='bbox 3535 4690 3647 4744; x_wconf 87' lang='lat' dir='ltr'><strong>Ne-</strong></span> 
     </span>
    </p>
   </div>
   <div class='ocr_carea' id='block_1_110' title="bbox 2071 4780 3650 4851">
    <p class='ocr_par' dir='ltr' id='par_1_110' title="bbox 2071 4780 3650 4851">
     <span class='ocr_line' id='line_1_110' title="bbox 2071 4780 3650 4851; baseline 0.001 -17"><span class='ocrx_word' id='word_1_853' title='bbox 2071 4796 2174 4851; x_wconf 87' lang='lat' dir='ltr'><strong>que</strong></span> <span class='ocrx_word' id='word_1_854' title='bbox 2201 4781 2342 4835; x_wconf 89' lang='lat' dir='ltr'><strong>enim</strong></span> <span class='ocrx_word' id='word_1_855' title='bbox 2388 4781 2512 4834; x_wconf 89' lang='lat' dir='ltr'><strong>tuba</strong></span> <span class='ocrx_word' id='word_1_856' title='bbox 2557 4794 2756 4835; x_wconf 87' lang='lat' dir='ltr'><strong>c:mcus</strong></span> <span class='ocrx_word' id='word_1_857' title='bbox 2787 4781 2857 4834; x_wconf 86' lang='lat' dir='ltr'><strong>ita</strong></span> <span class='ocrx_word' id='word_1_858' title='bbox 2896 4795 3082 4835; x_wconf 90' lang='lat' dir='ltr'><strong>omnes</strong></span> <span class='ocrx_word' id='word_1_859' title='bbox 3123 4791 3366 4837; x_wconf 77' lang='lat' dir='ltr'><strong>vocasset</strong></span> <span class='ocrx_word' id='word_1_860' title='bbox 3407 4781 3473 4836; x_wconf 91' lang='lat' dir='ltr'><strong>ad</strong></span> <span class='ocrx_word' id='word_1_861' title='bbox 3521 4780 3650 4836; x_wconf 87' lang='lat' dir='ltr'><strong>illud</strong></span> 
     </span>
    </p>
   </div>
   <div class='ocr_carea' id='block_1_111' title="bbox 2073 4874 3652 4945">
    <p class='ocr_par' dir='ltr' id='par_1_111' title="bbox 2073 4874 3652 4945">
     <span class='ocr_line' id='line_1_111' title="bbox 2073 4874 3652 4945; baseline -0.003 -16"><span class='ocrx_word' id='word_1_862' title='bbox 2073 4874 2456 4945; x_wconf 87' lang='lat' dir='ltr'><strong>spectaculum,</strong></span> <span class='ocrx_word' id='word_1_863' title='bbox 2502 4874 2640 4929; x_wconf 90' lang='lat' dir='ltr'><strong>sicut</strong></span> <span class='ocrx_word' id='word_1_864' title='bbox 2683 4881 2862 4943; x_wconf 89' lang='lat' dir='ltr'><strong>postea</strong></span> <span class='ocrx_word' id='word_1_865' title='bbox 2885 4889 3060 4928; x_wconf 90' lang='lat' dir='ltr'><strong>rerum</strong></span> <span class='ocrx_word' id='word_1_866' title='bbox 3090 4890 3190 4926; x_wconf 78' lang='lat' dir='ltr'><strong>vox</strong></span> <span class='ocrx_word' id='word_1_867' title='bbox 3216 4874 3447 4929; x_wconf 88' lang='lat' dir='ltr'><strong>ostendit</strong></span> <span class='ocrx_word' id='word_1_868' title='bbox 3471 4889 3652 4928; x_wconf 85' lang='lat' dir='ltr'><strong>ascen-</strong></span> 
     </span>
    </p>
   </div>
   <div class='ocr_carea' id='block_1_112' title="bbox 2072 4963 3646 5034">
    <p class='ocr_par' dir='ltr' id='par_1_112' title="bbox 2072 4963 3646 5034">
     <span class='ocr_line' id='line_1_112' title="bbox 2072 4963 3646 5034; baseline -0.001 -14"><span class='ocrx_word' id='word_1_869' title='bbox 2072 4980 2210 5030; x_wconf 90' lang='lat' dir='ltr'><strong>sum,</strong></span> <span class='ocrx_word' id='word_1_870' title='bbox 2235 4966 2401 5034; x_wconf 87' lang='lat' dir='ltr'><strong>magis</strong></span> <span class='ocrx_word' id='word_1_871' title='bbox 2439 4965 2596 5019; x_wconf 89' lang='lat' dir='ltr'><strong>etiam</strong></span> <span class='ocrx_word' id='word_1_872' title='bbox 2624 4979 2780 5034; x_wconf 90' lang='lat' dir='ltr'><strong>quam</strong></span> <span class='ocrx_word' id='word_1_873' title='bbox 2804 4965 2999 5018; x_wconf 90' lang='lat' dir='ltr'><strong>tonitru</strong></span> <span class='ocrx_word' id='word_1_874' title='bbox 3027 4979 3138 5019; x_wconf 91' lang='lat' dir='ltr'><strong>rem</strong></span> <span class='ocrx_word' id='word_1_875' title='bbox 3167 4966 3361 5019; x_wconf 91' lang='lat' dir='ltr'><strong>claram</strong></span> <span class='ocrx_word' id='word_1_876' title='bbox 3389 4963 3646 5019; x_wconf 78' lang='lat' dir='ltr'><strong>efﬁciens.</strong></span> 
     </span>
    </p>
   </div>
   <div class='ocr_carea' id='block_1_113' title="bbox 2071 5054 3650 5126">
    <p class='ocr_par' dir='ltr' id='par_1_113' title="bbox 2071 5054 3650 5126">
     <span class='ocr_line' id='line_1_113' title="bbox 2071 5054 3650 5126; baseline -0.002 -17"><span class='ocrx_word' id='word_1_877' title='bbox 2071 5054 2253 5126; x_wconf 87' lang='lat' dir='ltr'><strong>Neque</strong></span> <span class='ocrx_word' id='word_1_878' title='bbox 2277 5054 2418 5108; x_wconf 89' lang='lat' dir='ltr'><strong>enim</strong></span> <span class='ocrx_word' id='word_1_879' title='bbox 2440 5055 2635 5108; x_wconf 91' lang='lat' dir='ltr'><strong>tonitru</strong></span> <span class='ocrx_word' id='word_1_880' title='bbox 2667 5055 2737 5109; x_wconf 91' lang='lat' dir='ltr'><strong>ita</strong></span> <span class='ocrx_word' id='word_1_881' title='bbox 2760 5064 3005 5108; x_wconf 88' lang='lat' dir='ltr'><strong>vocasset</strong></span> <span class='ocrx_word' id='word_1_882' title='bbox 3047 5055 3230 5108; x_wconf 84' lang='lat' dir='ltr'><strong>orbem</strong></span> <span class='ocrx_word' id='word_1_883' title='bbox 3255 5062 3430 5120; x_wconf 68' lang='lat' dir='ltr'><strong>terrm,</strong></span> <span class='ocrx_word' id='word_1_884' title='bbox 3476 5062 3535 5107; x_wconf 89' lang='lat' dir='ltr'><strong>ut</strong></span> <span class='ocrx_word' id='word_1_885' title='bbox 3561 5068 3650 5107; x_wconf 84' lang='lat' dir='ltr'><strong>re-</strong></span> 
     </span>
    </p>
   </div>
   <div class='ocr_carea' id='block_1_114' title="bbox 2073 5145 3652 5214">
    <p class='ocr_par' dir='ltr' id='par_1_114' title="bbox 2073 5145 3652 5214">
     <span class='ocr_line' id='line_1_114' title="bbox 2073 5145 3652 5214; baseline -0.002 -14"><span class='ocrx_word' id='word_1_886' title='bbox 2073 5158 2190 5201; x_wconf 91' lang='lat' dir='ltr'><strong>rum</strong></span> <span class='ocrx_word' id='word_1_887' title='bbox 2221 5147 2456 5200; x_wconf 85' lang='lat' dir='ltr'><strong>ostensio</strong></span> <span class='ocrx_word' id='word_1_888' title='bbox 2477 5161 2568 5201; x_wconf 88' lang='lat' dir='ltr'><strong>eos</strong></span> <span class='ocrx_word' id='word_1_889' title='bbox 2595 5147 2683 5214; x_wconf 94' lang='lat' dir='ltr'><strong>qui</strong></span> <span class='ocrx_word' id='word_1_890' title='bbox 2717 5155 2840 5200; x_wconf 92' lang='lat' dir='ltr'><strong>tunc</strong></span> <span class='ocrx_word' id='word_1_891' title='bbox 2862 5155 3034 5209; x_wconf 88' lang='lat' dir='ltr'><strong>erant,</strong></span> <span class='ocrx_word' id='word_1_892' title='bbox 3082 5153 3137 5198; x_wconf 91' lang='lat' dir='ltr'><strong>et</strong></span> <span class='ocrx_word' id='word_1_893' title='bbox 3182 5145 3266 5212; x_wconf 82' lang='lat' dir='ltr'><strong>qui</strong></span> <span class='ocrx_word' id='word_1_894' title='bbox 3294 5152 3473 5213; x_wconf 88' lang='lat' dir='ltr'><strong>postea</strong></span> <span class='ocrx_word' id='word_1_895' title='bbox 3499 5150 3652 5197; x_wconf 82' lang='lat' dir='ltr'><strong>erant</strong></span> 
     </span>
    </p>
   </div>
   <div class='ocr_carea' id='block_1_115' title="bbox 2073 5235 3645 5303">
    <p class='ocr_par' dir='ltr' id='par_1_115' title="bbox 2073 5235 3645 5303">
     <span class='ocr_line' id='line_1_115' title="bbox 2073 5235 3645 5303; baseline -0.004 -9"><span class='ocrx_word' id='word_1_896' title='bbox 2073 5237 2254 5294; x_wconf 82' lang='lat' dir='ltr'><strong>futuri.</strong></span> <span class='ocrx_word' id='word_1_897' title='bbox 2286 5237 2508 5292; x_wconf 89' lang='lat' dir='ltr'><strong>Touitru</strong></span> <span class='ocrx_word' id='word_1_898' title='bbox 2533 5238 2673 5291; x_wconf 88' lang='lat' dir='ltr'><strong>enim</strong></span> <span class='ocrx_word' id='word_1_899' title='bbox 2704 5249 2784 5292; x_wconf 86' lang='lat' dir='ltr'><strong>est</strong></span> <span class='ocrx_word' id='word_1_900' title='bbox 2814 5246 3015 5290; x_wconf 83' lang='lat' dir='ltr'><strong>tantum</strong></span> <span class='ocrx_word' id='word_1_901' title='bbox 3046 5235 3378 5288; x_wconf 77' lang='lat' dir='ltr'><strong>manifestum</strong></span> <span class='ocrx_word' id='word_1_902' title='bbox 3407 5249 3645 5303; x_wconf 70' lang='lat' dir='ltr'><strong>przcseu-</strong></span> 
     </span>
    </p>
   </div>
   <div class='ocr_carea' id='block_1_116' title="bbox 2075 5325 3651 5400">
    <p class='ocr_par' dir='ltr' id='par_1_116' title="bbox 2075 5325 3651 5400">
     <span class='ocr_line' id='line_1_116' title="bbox 2075 5325 3651 5400; baseline -0.004 -14"><span class='ocrx_word' id='word_1_903' title='bbox 2075 5333 2251 5397; x_wconf 89' lang='lat' dir='ltr'><strong>tibus;</strong></span> <span class='ocrx_word' id='word_1_904' title='bbox 2306 5332 2419 5400; x_wconf 87' lang='lat' dir='ltr'><strong>ipsa</strong></span> <span class='ocrx_word' id='word_1_905' title='bbox 2462 5346 2590 5385; x_wconf 87' lang='lat' dir='ltr'><strong>vero</strong></span> <span class='ocrx_word' id='word_1_906' title='bbox 2615 5329 2862 5384; x_wconf 89' lang='lat' dir='ltr'><strong>omnibus</strong></span> <span class='ocrx_word' id='word_1_907' title='bbox 2900 5326 3333 5398; x_wconf 88' lang='lat' dir='ltr'><strong>generationibus</strong></span> <span class='ocrx_word' id='word_1_908' title='bbox 3374 5325 3497 5381; x_wconf 90' lang='lat' dir='ltr'><strong>tuba</strong></span> <span class='ocrx_word' id='word_1_909' title='bbox 3539 5326 3651 5381; x_wconf 86' lang='lat' dir='ltr'><strong>cla-</strong></span> 
     </span>
    </p>
   </div>
   <div class='ocr_carea' id='block_1_117' title="bbox 2072 5417 3552 5490">
    <p class='ocr_par' dir='ltr' id='par_1_117' title="bbox 2072 5417 3552 5490">
     <span class='ocr_line' id='line_1_117' title="bbox 2072 5417 3552 5490; baseline -0.006 -10"><span class='ocrx_word' id='word_1_910' title='bbox 2072 5425 2202 5489; x_wconf 88' lang='lat' dir='ltr'><strong>rius,</strong></span> <span class='ocrx_word' id='word_1_911' title='bbox 2233 5433 2286 5478; x_wconf 90' lang='lat' dir='ltr'><strong>et</strong></span> <span class='ocrx_word' id='word_1_912' title='bbox 2315 5422 2512 5476; x_wconf 86' lang='lat' dir='ltr'><strong>tonitru</strong></span> <span class='ocrx_word' id='word_1_913' title='bbox 2539 5420 2773 5490; x_wconf 88' lang='lat' dir='ltr'><strong>apertius</strong></span> <span class='ocrx_word' id='word_1_914' title='bbox 2799 5417 3030 5472; x_wconf 89' lang='lat' dir='ltr'><strong>ostendit</strong></span> <span class='ocrx_word' id='word_1_915' title='bbox 3057 5417 3195 5487; x_wconf 90' lang='lat' dir='ltr'><strong>quod</strong></span> <span class='ocrx_word' id='word_1_916' title='bbox 3224 5417 3418 5471; x_wconf 77' lang='lat' dir='ltr'><strong>factum</strong></span> <span class='ocrx_word' id='word_1_917' title='bbox 3449 5424 3552 5472; x_wconf 89' lang='lat' dir='ltr'><strong>est.</strong></span> 
     </span>
    </p>
   </div>
   <div class='ocr_carea' id='block_1_118' title="bbox 2156 5507 3653 5581">
    <p class='ocr_par' dir='ltr' id='par_1_118' title="bbox 2156 5507 3653 5581">
     <span class='ocr_line' id='line_1_118' title="bbox 2156 5507 3653 5581; baseline -0.003 -14"><span class='ocrx_word' id='word_1_918' title='bbox 2156 5513 2265 5567; x_wconf 81' lang='lat' dir='ltr'><strong>l&#39;oa:</strong></span> <span class='ocrx_word' id='word_1_919' title='bbox 2290 5513 2420 5566; x_wconf 73' lang='lat' dir='ltr'><strong>tuba:</strong></span> <span class='ocrx_word' id='word_1_920' title='bbox 2443 5509 2680 5581; x_wconf 85' lang='lat' dir='ltr'><strong>apostoli.</strong></span> <span class='ocrx_word' id='word_1_921' title='bbox 2710 5539 2780 5550; x_wconf 93' lang='lat'><strong>--</strong></span> <span class='ocrx_word' id='word_1_922' title='bbox 2795 5508 2904 5564; x_wconf 84' lang='lat' dir='ltr'><strong>Nec</strong></span> <span class='ocrx_word' id='word_1_923' title='bbox 2920 5523 3045 5562; x_wconf 88' lang='lat' dir='ltr'><strong>vero</strong></span> <span class='ocrx_word' id='word_1_924' title='bbox 3069 5508 3401 5563; x_wconf 86' lang='lat' dir='ltr'><strong>aberraveris</strong></span> <span class='ocrx_word' id='word_1_925' title='bbox 3426 5507 3473 5562; x_wconf 86' lang='lat' dir='ltr'><strong>si</strong></span> <span class='ocrx_word' id='word_1_926' title='bbox 3500 5508 3653 5562; x_wconf 82' lang='lat' dir='ltr'><strong>tubas</strong></span> 
     </span>
    </p>
   </div>
   <div class='ocr_carea' id='block_1_119' title="bbox 2072 5600 3648 5671">
    <p class='ocr_par' dir='ltr' id='par_1_119' title="bbox 2072 5600 3648 5671">
     <span class='ocr_line' id='line_1_119' title="bbox 2072 5600 3648 5671; baseline -0.004 -10"><span class='ocrx_word' id='word_1_927' title='bbox 2072 5603 2344 5661; x_wconf 72' lang='lat' dir='ltr'><strong>vocaveris</strong></span> <span class='ocrx_word' id='word_1_928' title='bbox 2366 5618 2458 5657; x_wconf 86' lang='lat' dir='ltr'><strong>ora</strong></span> <span class='ocrx_word' id='word_1_929' title='bbox 2490 5600 2875 5670; x_wconf 88' lang='lat' dir='ltr'><strong>apostolorum,</strong></span> <span class='ocrx_word' id='word_1_930' title='bbox 2899 5615 3002 5654; x_wconf 91' lang='lat' dir='ltr'><strong>non</strong></span> <span class='ocrx_word' id='word_1_931' title='bbox 3027 5600 3179 5655; x_wconf 86' lang='lat' dir='ltr'><strong>tubas</strong></span> <span class='ocrx_word' id='word_1_932' title='bbox 3204 5600 3418 5671; x_wconf 88' lang='lat' dir='ltr'><strong>quidem</strong></span> <span class='ocrx_word' id='word_1_933' title='bbox 3447 5615 3611 5655; x_wconf 69' lang='lat' dir='ltr'><strong>aereas</strong></span> <span class='ocrx_word' id='word_1_934' title='bbox 3632 5640 3648 5664; x_wconf 88' lang='lat'><strong><em>.</em></strong></span> 
     </span>
    </p>
   </div>
   <div class='ocr_carea' id='block_1_120' title="bbox 2073 5691 3646 5764">
    <p class='ocr_par' dir='ltr' id='par_1_120' title="bbox 2073 5691 3646 5764">
     <span class='ocr_line' id='line_1_120' title="bbox 2073 5691 3646 5764; baseline -0.006 -11"><span class='ocrx_word' id='word_1_935' title='bbox 2073 5697 2166 5753; x_wconf 88' lang='lat' dir='ltr'><strong>sed</strong></span> <span class='ocrx_word' id='word_1_936' title='bbox 2197 5710 2328 5749; x_wconf 87' lang='lat' dir='ltr'><strong>auro</strong></span> <span class='ocrx_word' id='word_1_937' title='bbox 2373 5693 2715 5764; x_wconf 86' lang='lat' dir='ltr'><strong>pretiosiores</strong></span> <span class='ocrx_word' id='word_1_938' title='bbox 2742 5735 2758 5759; x_wconf 95' lang='lat'><strong>,</strong></span> <span class='ocrx_word' id='word_1_939' title='bbox 2803 5703 2858 5748; x_wconf 91' lang='lat' dir='ltr'><strong>et</strong></span> <span class='ocrx_word' id='word_1_940' title='bbox 2884 5694 3108 5763; x_wconf 86' lang='lat' dir='ltr'><strong>gemmis</strong></span> <span class='ocrx_word' id='word_1_941' title='bbox 3148 5691 3646 5762; x_wconf 56' lang='lat' dir='ltr'><strong>magniﬁcentiam.</strong></span> 
     </span>
    </p>
   </div>
   <div class='ocr_carea' id='block_1_121' title="bbox 2077 5782 3647 5859">
    <p class='ocr_par' dir='ltr' id='par_1_121' title="bbox 2077 5782 3647 5859">
     <span class='ocr_line' id='line_1_121' title="bbox 2077 5782 3647 5859; baseline -0.006 -13"><span class='ocrx_word' id='word_1_942' title='bbox 2077 5789 2183 5847; x_wconf 79' lang='lat' dir='ltr'><strong>Cur</strong></span> <span class='ocrx_word' id='word_1_943' title='bbox 2212 5803 2339 5859; x_wconf 83' lang='lat' dir='ltr'><strong>ergo</strong></span> <span class='ocrx_word' id='word_1_944' title='bbox 2385 5802 2488 5842; x_wconf 88' lang='lat' dir='ltr'><strong>non</strong></span> <span class='ocrx_word' id='word_1_945' title='bbox 2519 5784 2683 5854; x_wconf 79' lang='lat' dir='ltr'><strong>dixit,</strong></span> <span class='ocrx_word' id='word_1_946' title='bbox 2716 5785 2770 5840; x_wconf 91' lang='lat' dir='ltr'><strong>lu</strong></span> <span class='ocrx_word' id='word_1_947' title='bbox 2799 5785 2946 5855; x_wconf 87' lang='lat' dir='ltr'><strong>tuba,</strong></span> <span class='ocrx_word' id='word_1_948' title='bbox 2972 5784 3062 5842; x_wconf 80' lang='lat' dir='ltr'><strong>sed</strong></span> <span class='ocrx_word' id='word_1_949' title='bbox 3090 5826 3104 5855; x_wconf 93' lang='lat'><strong>,</strong></span> <span class='ocrx_word' id='word_1_950' title='bbox 3139 5783 3200 5839; x_wconf 89' lang='lat' dir='ltr'><strong>In</strong></span> <span class='ocrx_word' id='word_1_951' title='bbox 3231 5800 3347 5840; x_wconf 88' lang='lat' dir='ltr'><strong>voce</strong></span> <span class='ocrx_word' id='word_1_952' title='bbox 3376 5782 3647 5845; x_wconf 63' lang='lat' dir='ltr'><strong>tubwl’b&#39;to</strong></span> 
     </span>
    </p>
   </div>
  </div>
