4064 6422
500 298 600 347 223$
1229 293 1281 348 S.
1326 293 1601 348 .IOANNIS
1639 292 2120 348 CIIRYSOSTOMI
2164 294 2480 350 AIlCIIIEI‘.
2524 294 3056 351 CONSTANTINOP.

501 413 756 478 guiticaus
788 425 972 465 eorum
996 408 1352 471 concordiam,
1369 409 1505 461 sicut
1525 407 1682 460 etiam
1705 407 1832 460 dicit
1852 405 2042 462 Paulus
2067 423 2079 458 :

504 503 620 554 Sive
651 516 766 571 ergo
796 517 904 572 ego,
925 501 1025 552 sire
1050 498 1675 567 illi,sicprwdicamus(l.
1707 496 1824 551 Cor.
1859 497 1945 551 15.
1971 497 2080 566 II).

499 592 570 644 Et
623 607 808 645 rursus
856 611 868 645 :
924 589 1271 643 Multitudinis
1309 599 1471 642 autem
1514 591 1821 642 credentium
1857 598 1962 642 erat
1999 605 2085 642 cor

506 699 685 749 unum,
715 691 766 737 et
792 683 961 735 anima
992 699 1093 734 una
1121 681 1260 751 (Act.
1310 681 1365 736 4.
1394 679 1518 749 52);
1557 681 1679 736 tuba
1724 690 1898 736 autem
1928 695 2085 734 canc-

500 777 651 840 bant,
682 790 786 828 non
821 775 886 827 ad
917 774 1113 828 bellum
1163 774 1463 838 incitantes,
1501 773 1593 828 sed
1641 773 1990 842 prmdicantes
2032 781 2086 827 et

500 866 874 920 annuntiantes
899 867 1198 920 victoriam.
1224 865 1680 932 Quemadmodum
1713 867 1852 921 enim
1883 867 1932 920 in
1965 881 2084 921 eas-

505 960 623 1024 tris,
650 959 862 1028 quando
905 974 1024 1012 cum
1080 960 1245 1029 signis
1287 961 1337 1014 in
1354 960 1519 1014 aciein
1567 959 1848 1028 prodeunt,
1882 976 2084 1030 prcece~

501 1048 633 1104 dunt
655 1048 791 1102 tuba:
828 1064 945 1119 quae
976 1059 1267 1119 prmsentes
1300 1051 1563 1118 excitant,
1589 1067 1694 1105 non
1736 1061 1953 1121 aspectu
1992 1067 2082 1106 so-

505 1143 638 1202 lum.
673 1139 766 1193 sed
790 1141 951 1194 etiam
994 1141 1175 1194 auditu
1213 1157 1227 1194 :
1255 1141 1322 1194 ita
1355 1150 1478 1196 tunc
1521 1139 1713 1195 factum
1753 1154 1833 1197 est
1866 1161 1878 1195 :
1909 1143 2084 1213 ingre-

498 1233 769 1287 dientibus
799 1233 1054 1302 apostolis
1082 1233 1132 1286 in
1163 1248 1586 1304 unamquamque
1612 1234 1877 1288 civitatem
1899 1276 1913 1299 ,
1945 1235 2084 1289 tuba:

499 1325 784 1390 sonabant,
817 1333 870 1379 et
909 1325 975 1378 ad
1027 1324 1346 1378 audiendum
1405 1339 1592 1379 omnes
1633 1326 1999 1381 aecurrebant.
2028 1328 2079 1382 7.

500 1416 718 1470 Psallite
769 1414 877 1469 Deo
924 1425 1115 1482 nostro,
1159 1417 1360 1486 psallite
1397 1432 1416 1470 :
1456 1418 1656 1486 psallite
1709 1418 1832 1488 Regi
1874 1431 2080 1486 nostra,

499 1507 717 1574 psallite.
746 1507 798 1561 8.
836 1507 1085 1573 Quoniam
1116 1523 1207 1562 rex
1233 1509 1394 1562 omnis
1426 1517 1570 1562 terra
1599 1508 1751 1575 Deus,
1771 1510 1970 1579 psallite
1994 1529 2082 1564 sa-

506 1597 720 1664 pienter.
752 1596 802 1651 9.
828 1597 1073 1668 Regnavit
1105 1597 1238 1651 Deus
1267 1615 1419 1668 super
1455 1610 1640 1669 gentes.
1676 1600 1958 1671 Postquam
1983 1603 2082 1672 igi-

499 1699 584 1740 tur
605 1689 837 1740 narravit
863 1703 1020 1758 quam
1053 1704 1239 1758 magna
1269 1690 1393 1754 sint,
1417 1698 1471 1744 et
1498 1706 1651 1758 qualn
1680 1693 1930 1760 prmelara
1964 1709 2083 1762 qua:

497 1779 680 1846 gessit,
707 1777 1011 1832 universum
1043 1779 1227 1833 orbem
1259 1789 1412 1834 terra:
1440 1783 1671 1836 vocatad
1695 1798 1814 1837 cum
1840 1785 2082 1841 laudibus

496 1867 873 1923 celebrandum
916 1885 1035 1924 cum
1067 1885 1258 1941 magno
1301 1871 1478 1925 studio
1518 1881 1572 1926 et
1602 1873 1872 1944 diligentia
1913 1893 1924 1928 :
1957 1891 2083 1932 usus

498 1971 578 2014 est
595 1961 795 2016 idcirco
818 1964 1131 2032 repetitione
1155 1981 1168 2018 :
1189 1979 1287 2019 nec
1307 1965 1492 2019 invitat
1512 1965 1844 2022 solummodo
1860 1969 1922 2021 ad
1943 1971 2082 2038 pSal-

497 2052 733 2116 Iettdtttn,
764 2052 857 2106 sed
900 2053 965 2107 ad
1011 2053 1342 2121 pSaIleudum
1398 2069 1519 2108 cum
1572 2072 1759 2127 magna
1802 2059 2078 2128 sapientia.

494 2143 629 2208 Quid
659 2152 740 2198 est
763 2186 777 2209 ,
806 2144 1018 2199 Psallite
1045 2147 1336 2216 sapienter?
1365 2147 1495 2203 Cum
1535 2164 1654 2219 qum
1679 2190 1692 2214 ,
1726 2150 1916 2220 inquit,
1948 2151 2080 2206 facta

505 2245 648 2301 sunt,
671 2236 980 2304 didieeritis,
1017 2239 1415 2295 considerantes
1454 2257 1631 2296 rerum
1670 2253 1939 2312 gestarum
1971 2261 2085 2298 ma-

493 2328 843 2398 gnitudinem.
871 2329 996 2384 Mihi
1037 2341 1212 2386 autem
1245 2332 1454 2388 videtur
1492 2335 1649 2388 etiam
1694 2337 1892 2406 aliquid
1939 2338 2079 2393 aliud

495 2420 851 2486 snbindieare,
883 2437 1002 2476 cum
1022 2421 1174 2489 dixit,
1207 2422 1475 2493 Sapienter
1503 2441 1522 2479 :
1549 2440 1653 2479 non
1683 2441 1810 2481 voce
1851 2437 2077 2495 tantum,

494 2511 586 2566 sed
610 2512 770 2565 etiam
795 2513 945 2566 factis
963 2513 1219 2582 psallere;
1247 2530 1352 2568 non
1374 2515 1549 2585 lingua
1566 2525 1786 2581 tantum,
1808 2519 1900 2574 sed
1920 2520 2079 2574 etiam

495 2605 619 2656 vita.
652 2603 894 2674 Regnavit
935 2607 1068 2660 Deus
1094 2608 1232 2660 enim
1259 2624 1410 2675 super
1449 2618 1619 2679 gentes
1639 2649 1657 2676 ,
1685 2610 1873 2681 inquit.
1911 2613 2077 2678 Alius,

497 2696 671 2764 Supra
695 2707 884 2767 gentes.
906 2697 971 2751 Et
997 2699 1260 2767 quodnam
1276 2699 1358 2754 hic
1381 2715 1600 2769 regnum
1630 2702 1795 2756 dicit?
1817 2702 1930 2757 Non
1954 2703 2081 2758 illud

499 2788 638 2859 quod
665 2789 867 2844 obtinet
899 2793 1103 2846 ratione
1128 2792 1410 2847 creationis
1431 2834 1445 2857 ,
1470 2794 1562 2848 sed
1591 2793 1691 2850 hoc
1710 2796 1848 2866 quod
1876 2798 2082 2852 ratione

486 2881 629 2945 ejus,
661 2880 727 2934 ad
754 2897 910 2951 quant
936 2897 1026 2937 eas
1054 2882 1296 2948 adscivit,
1333 2885 1758 2942 necessitudinis.
1793 2887 2076 2943 Fuitenim

494 2986 591 3026 rex
641 2975 877 3028 omnium
919 2976 1078 3029 etiam
1129 2975 1388 3037 antehac.
1422 2987 1478 3030 ut
1508 2977 1596 3046 qui
1637 2986 1780 3032 esset
1818 2979 1994 3048 Opifex
2026 2989 2080 3035 et

494 3075 703 3120 creator
730 3084 743 3120 :
773 3082 911 3122 nunc
938 3077 1116 3123 autem
1145 3079 1198 3122 ct
1225 3069 1515 3125 Iubentium
1569 3079 1622 3124 et
1655 3071 1849 3142 gratias
1880 3073 2080 3128 haben-

485 3157 661 3212 ‘titun:
695 3159 835 3230 quod
862 3161 1074 3230 quidem
1103 3169 1185 3215 est
1211 3163 1446 3216 maxima
1477 3161 1629 3217 laude
1657 3162 1895 3233 dignum,
1930 3174 1985 3219 et
2025 3165 2077 3220 in

493 3249 679 3316 primis
703 3249 1092 3316 admirandum,
1118 3265 1237 3304 eum
1260 3251 1346 3320 qui
1371 3252 1514 3321 prius
1543 3253 1863 3308 contumelia
1883 3254 2081 3310 afﬁcie-

498 3339 651 3395 batur
676 3355 704 3393 a
750 3339 969 3406 Judwis,
1001 3341 1242 3396 effecisse
1272 3351 1328 3396 ut
1375 3351 1516 3396 tanta
1548 3341 1701 3398 fieret
1747 3346 1990 3412 mutatio,
2025 3355 2082 3401 ut

493 3430 690 3499 ubique
722 3439 1004 3484 caneretur
1028 3449 1042 3485 :
1066 3439 1120 3485 et
1144 3431 1231 3500 qui
1258 3447 1357 3486 nec
1383 3432 1669 3502 prepbetas
1697 3433 1954 3504 legerant,
1979 3452 2080 3492 nec

493 3523 544 3576 in
575 3523 690 3593 lege
715 3523 926 3578 educati
951 3524 1196 3590 fuerant,
1234 3525 1342 3578 imo
1367 3539 1496 3580 vero
1523 3526 1674 3595 plane
1701 3536 1856 3582 erant
1895 3529 2078 3582 ferinis

492 3615 749 3680 moribus,
800 3624 1016 3685 repente
1045 3616 1229 3670 mutati
1256 3624 1402 3682 sunt,
1434 3625 1488 3671 et
1520 3617 1767 3673 onmibus
1794 3619 1896 3674 illis
1925 3619 2077 3688 abje-

488 3710 590 3764 etis
617 3709 912 3776 erroribus,
945 3724 1004 3763 se
1039 3708 1088 3763 ei
1121 3708 1478 3778 subjecerunt,
1511 3722 1616 3762 non
1662 3708 1802 3774 dum,
1827 3719 1916 3764 aut
1945 3720 2074 3777 tres,

488 3811 581 3855 aut
617 3809 864 3870 quatuor,
893 3809 984 3855 aut
1010 3799 1195 3856 decem
1222 3809 1442 3870 gentes,
1479 3799 1572 3855 sed
1623 3801 1712 3872 qtti
1768 3802 2073 3857 universum

489 3894 674 3946 orbem
702 3899 968 3947 terrarum
993 3891 1317 3947 incolebant.
1346 3890 1482 3948 Deus
1507 3893 1641 3947 sedet
1663 3909 1812 3964 super
1837 3895 2072 3949 thronum

487 3995 718 4039 (anetum
744 4001 918 4038 suum.

561 4077 750 4131 Sedere
777 4076 884 4130 Deo
905 4076 1068 4146 quid?
1093 4076 1280 4132 Sancte
1311 4093 1538 4148 regnare.
1567 4105 1640 4118 —
1667 4077 1802 4147 Quid
1831 4087 1910 4134 est
1929 4120 1946 4145 ,
1975 4077 2075 4134 Se-

489 4169 570 4222 det
593 4182 745 4236 super
769 4166 1047 4221 thronum?
1071 4167 1294 4235 Regnat,
1327 4169 1518 4237 inquit,
1548 4169 1826 4240 imperium
1847 4170 2071 4225 obtinet.

491 4259 656 4314 llecte
682 4267 855 4313 autem
882 4257 1034 4323 dixit,
1067 4258 1332 4313 Sanctum.
1363 4258 1477 4313 Non
1509 4261 1679 4314 solum
1703 4261 1842 4314 enim
1866 4272 2070 4331 regnat,

487 4352 579 4407 sed
609 4353 766 4406 etiam
815 4360 998 4406 sancte
1047 4359 1250 4422 regnat.
1304 4351 1438 4420 Quid
1490 4362 1591 4418 est,
1623 4362 1804 4409 sancte
1853 4358 2074 4423 regnat?

487 4445 646 4500 Pure.
689 4443 944 4499 llornines
974 4444 1114 4498 enim
1159 4443 1248 4515 qui
1289 4445 1509 4500 veniunt
1547 4444 1613 4500 ad
1645 4444 1745 4499 hoc
1770 4445 2070 4515 imperium,

486 4550 547 4589 ea
602 4543 865 4604 potestate
905 4533 970 4588 ad
1001 4534 1248 4604 injuriam
1296 4533 1626 4590 inferendam
1666 4544 1905 4590 utuntur.
1941 4537 2071 4592 Illud

487 4634 665 4679 autem
697 4624 975 4695 imperium
1015 4635 1097 4679 est
1132 4625 1198 4680 ab
1229 4629 1372 4681 omni
1405 4641 1462 4681 re
1491 4625 1748 4695 ejusmodi
1793 4627 2069 4695 intactum,

487 4731 697 4786 purum,
729 4726 780 4769 et
818 4728 1082 4770 sanctum.
1109 4716 1288 4786 Neque
1311 4717 1452 4772 enim
1481 4717 1642 4782 fraus,
1673 4733 1845 4789 neque
1874 4719 2070 4788 aliquid

485 4807 752 4878 ejusmodi
804 4806 932 4860 illud
985 4806 1244 4877 judicium
1275 4808 1569 4878 corrumpit
1609 4817 1661 4862 et
1698 4807 2067 4874 circumvenit,

486 4900 578 4955 sed
606 4908 688 4954 est
709 4914 920 4970 purutn,
952 4897 1238 4962 sincerum,
1263 4914 1595 4968 quacumque
1613 4900 1841 4969 puritate
1865 4900 2070 4970 fulgens

488 4994 702 5060 clarius,
745 4990 1092 5061 resplendens
1146 4991 1393 5046 ineffabili
1439 4992 1626 5060 gloria.
1668 4991 1754 5046 10.
1808 4991 2071 5062 Principes

489 5083 786 5158 pepulerunt
813 5082 1099 5152 congregati
1135 5092 1250 5134 sunt
1296 5097 1412 5135 cum
1462 5080 1568 5135 Deo
1613 5081 1910 5136 Abraham:
1941 5099 2068 5153 quo-

484 5179 620 5233 niam
647 5175 741 5232 Dei
769 5176 925 5247 fortes
949 5185 1095 5230 terra:
1114 5175 1424 5229 vehementer
1450 5174 1628 5228 elevati
1648 5184 1782 5228 sunt.

554 5270 604 5326 6.
651 5269 745 5324 IIic
788 5267 1022 5322 ostendit
1057 5265 1326 5337 quomodo
1357 5265 1512 5320 fuerit
1536 5275 1812 5320 extensum
1839 5281 2067 5337 evange-

486 5364 634 5427 lium,
663 5359 803 5428 quod
831 5374 936 5413 non
969 5357 1137 5413 solum
1169 5357 1401 5426 privatos
1429 5355 1621 5426 attigit,
1654 5357 1747 5410 sed
1771 5371 1864 5412 eos
1906 5358 2066 5412 etiam

485 5453 572 5516 qui
601 5458 726 5504 sunt
755 5449 983 5504 redimiti
1018 5448 1337 5510 diademate,
1365 5457 1419 5502 et
1439 5447 1626 5502 sedent
1650 5447 1699 5500 in
1730 5447 1866 5502 solio
1894 5449 2063 5518 regio.

490 5541 690 5594 Deinde
715 5539 1004 5595 ostendens
1038 5553 1160 5593 eum
1187 5553 1308 5594 esse
1339 5553 1501 5592 unum
1533 5538 1696 5592 Deum
1720 5537 1854 5593 Novi
1882 5547 1934 5592 et
1961 5538 2064 5592 Ve-

491 5631 619 5683 teris
643 5630 990 5696 Tesmmcnti,
1033 5629 1161 5685 dicit
1193 5648 1206 5684 :
1237 5631 1360 5686 Cum
1394 5631 1496 5685 Deo
1526 5631 1784 5684 Abraham
1808 5673 1822 5695 ,
1859 5632 1908 5685 id
1944 5643 2062 5699 est,

492 5719 580 5774 ille
602 5719 712 5786 ipse
745 5723 834 5791 qui
873 5733 922 5776 et
953 5727 1257 5776 nostrorum
1283 5722 1540 5791 majorum
1574 5721 1714 5776 Deus
1742 5731 1859 5790 est,
1891 5733 1943 5778 et
1973 5725 2062 5793 qui

3653 302 3746 357 2l6

2195 405 2300 460 illis
2325 409 2480 461 etiam
2505 407 2673 477 legem
2700 409 2862 463 dedit.
2889 409 2952 463 Et
2972 409 3089 464 ideo
3117 407 3324 463 dicebat
3343 408 3592 466 Jeretnias
3655 415 3746 466 θα.

2192 501 2254 551 bo
2281 499 2414 553 vobis
2444 509 2789 555 testamentum
2818 517 2998 554 novum
3025 543 3039 564 ,
3070 517 3168 554 non
3198 503 3468 556 secundum
3502 513 3744 557 testamen-

2192 597 2315 648 tum,
2337 591 2471 661 quod
2496 591 2609 643 dedi
2638 592 2865 659 patribus
2895 594 3092 657 vestris,
3125 593 3173 645 in
3218 593 3298 645 die
3325 609 3421 662 quo
3451 610 3537 664 ego
3566 612 3738 663 appre-

2192 683 2341 736 hendi
2369 701 2572 737 manum
2599 701 2771 738 eorum
2802 693 2857 737 ut
2898 684 3159 738 educerem
3193 701 3275 737 cos
3320 685 3384 738 de
3421 697 3550 738 terra
3594 686 3747 757 κερμ-

2193 775 2266 842 ριὲ
2305 773 2436 844 (Jer.
2487 775 2577 828 51.
2635 776 2722 830 51.
2771 775 2858 841 52)
2889 817 2903 840 ,
2934 775 3222 830 ostendens
3255 793 3413 829 untun
3445 786 3494 830 et
3521 779 3750 832 eunulem

2190 879 2310 920 esse
2338 865 2693 935 IegisIatorem
2723 875 2776 920 et
2820 866 2946 920 Novi
2972 877 3025 921 et
3054 866 3265 922 Veteris
3300 868 3642 923 Testameuti.
3696 875 3750 927 Et

2191 955 2398 1009 Iiarucb
2429 972 2610 1010 rursus
2640 956 2849 1011 dicebat
2879 975 2890 1010 :
2922 956 3024 1010 Hic
3050 969 3120 1012 est
3163 957 3302 1011 Deus
3329 971 3492 1013 noster
3514 1001 3528 1025 ,
3559 978 3652 1014 non
3679 981 3750 1014 re.

2191 1049 2445 1117 putatritur
2497 1047 2630 1101 alius
2675 1058 2855 1118 prteter
2907 1050 3092 1118 ipsum.
3146 1048 3346 1104 Invenit
3397 1067 3586 1104 omnem
3633 1055 3752 1106 vium

2189 1138 2411 1190 scienticv
2439 1149 2483 1190 et
2525 1138 2661 1191 dedit
2694 1155 2806 1191 eam
2831 1137 2993 1192 Jacob
3024 1141 3130 1207 ﬁlio
3157 1157 3268 1205 suo,
3293 1151 3338 1193 et
3387 1140 3548 1194 Ιδναιῖι
3585 1143 3752 1196 dilecto

2189 1246 2301 1284 suo.
2334 1227 2516 1284 Postea
2541 1242 2704 1285 autem
2730 1233 2781 1285 in
2807 1243 2940 1285 terra
2964 1234 3096 1287 visus
3121 1244 3194 1286 est
3217 1275 3230 1294 ,
3265 1245 3309 1287 et
3341 1252 3451 1288 cum
3489 1235 3752 1292 hominibus

2189 1333 2509 1376 conversatus
2535 1335 2605 1378 est
2646 1323 2892 1396 (Baruch.
2922 1326 2974 1380 5.
3016 1325 3257 1397 56-58),
3289 1326 3588 1396 significans
3615 1345 3752 1383 cuin-

2189 1413 2310 1468 dem
2340 1429 2459 1470 esse
2489 1417 2577 1485 qui
2609 1417 2777 1486 legem
2806 1415 2954 1471 dedit
2979 1459 2992 1480 ,
3021 1425 3074 1470 et
3107 1417 3194 1486 qui
3225 1418 3524 1472 incarnatus
3549 1429 3627 1472 est
3663 1438 3674 1470 :
3705 1430 3752 1475 ct

2187 1521 2309 1561 eum
2360 1508 2448 1576 qui
2495 1509 2798 1561 incarnatus
2824 1517 2923 1569 est,
2959 1507 3127 1576 legem
3174 1507 3404 1562 dedisse.
3453 1508 3560 1562 IIoc
3604 1512 3749 1564 etiam

2188 1598 2316 1653 dicit
2345 1599 2602 1668 prOpIieta
2631 1615 2642 1651 :
2669 1599 2968 1670 Congregati
2989 1611 3126 1664 sunt,
3146 1601 3460 1668 inquit,cum
3483 1600 3584 1654 Deo
3609 1601 3752 1654 Abra-

2189 1689 2328 1742 ham.
2361 1689 2620 1744 Hebrzrus
2646 1699 2822 1744 autem
2855 1706 2950 1759 pro
2979 1705 3044 1746 eo
3071 1692 3210 1761 qUod
3237 1702 3333 1755 est,
3365 1691 3491 1745 Cum
3516 1691 3635 1759 Deo,
3668 1692 3751 1745 I'Int

2193 1781 2306 1836 Elui
2337 1782 2610 1836 Abraham.
2638 1783 2702 1837 Et
2727 1799 2834 1852 quo
2858 1782 3038 1849 modo,
3070 1798 3268 1853 qumso,
3305 1783 3408 1838 hoc
3435 1783 3623 1840 factum
3641 1788 3751 1840 est?

2191 1874 2440 1939 Quoniam
2474 1871 2572 1927 Dei
2630 1878 2784 1943 fortes
2832 1883 2979 1927 terra:
3028 1876 3342 1928 vehementer
3399 1877 3571 1930 elcvati
3627 1887 3748 1931 sinit.

2187 1964 2410 2031 Quinam
2453 1975 2578 2019 sunt
2621 1976 2795 2019 autem
2826 1965 2922 2020 Dei
2949 1965 3132 2032 fortes,
3163 1967 3262 2021 nisi
3291 1969 3553 2038 apostoli,
3587 1968 3754 2022 fideles

2187 2057 2416 2110 omnes?
2441 2055 2701 2122 Quoniam
2732 2060 2871 2112 enim
2912 2059 3148 2128 potentia
3193 2074 3377 2114 eorum
3424 2075 3588 2131 usque
3631 2062 3753 2116 adeo

2187 2147 2534 2216 resplenduit,
2560 2162 2747 2202 omnes
2777 2149 3018 2203 vicerunt
3043 2167 3055 2203 :
3084 2159 3228 2204 recte
3257 2160 3434 2206 autem
3470 2166 3561 2206 eos
3586 2152 3754 2221 appel-

2188 2239 2314 2294 lavit
2345 2239 2527 2294 fortes.
2559 2239 2752 2308 Quidni
2782 2241 2923 2296 enim
2951 2239 3138 2304 fortes,
3169 2243 3256 2312 qui
3288 2242 3548 2298 adversus
3580 2245 3751 2298 orbein

2190 2340 2344 2386 teme
2374 2332 2540 2386 aciem
2571 2332 2956 2395 instruxerunt,
2986 2332 3244 2387 adversus
3267 2333 3561 2400 daemones,
3588 2334 3753 2389 advero

2187 2437 2277 2478 sus
2303 2423 2594 2488 diabolum,
2635 2424 2896 2478 adversus
2929 2425 3172 2494 populos,
3217 2426 3477 2481 adversus
3506 2429 3749 2493 cixitates,

2187 2513 2442 2568 adversus
2493 2523 2700 2584 gentes,
2731 2515 2988 2570 adversus
3039 2525 3315 2587 tyrannos,
3368 2517 3619 2573 adversus
3655 2528 3752 2572 tor-

2188 2615 2363 2662 mcnta
2421 2621 2482 2661 ac
2537 2607 2814 2676 snpplicia,
2866 2605 3121 2662 adversus
3168 2609 3485 2679 sartagines,
3515 2609 3753 2663 adversus

2189 2696 2431 2752 fornaces
2451 2740 2464 2762 ,
2491 2697 2745 2752 adversus
2775 2698 3210 2753 consuetudinem
3231 2741 3248 2767 ,
3281 2700 3536 2756 adversus
3566 2710 3751 2754 natura:

2190 2791 2571 2861 tyrannidem,
2620 2799 2675 2846 et
2720 2793 2896 2846 omnia
2950 2792 3238 2847 diruebant
3269 2794 3308 2860 ⁸,
3361 2802 3418 2849 et
3467 2796 3752 2864 superiores

2186 2882 2432 2936 omnibus
2463 2881 2780 2949 evadebant,
2812 2892 2866 2938 et
2893 2898 2921 2937 a
2948 2884 3094 2938 nullo
3117 2884 3515 2941 vincebantur?
3541 2901 3751 2957 quomo-

2184 2971 2254 3027 do
2277 2987 2380 3026 non
2409 2971 2594 3036 fortes,
2615 2973 2703 3043 qui
2726 2973 2807 3029 vel
2836 2984 2957 3045 post
2981 2983 3229 3040 mortem,
3253 2984 3456 3030 tantam
3482 2976 3754 3031 ostendunt

2185 3063 2466 3118 virtutem?
2492 3061 2759 3133 quomodo
2789 3079 2894 3117 non
2928 3062 3122 3129 fortes,
3152 3079 3384 3134 quorum
3435 3066 3595 3122 verba
3641 3073 3754 3119 sunt

2183 3155 2372 3225 quovis
2409 3153 2690 3210 adamante
2715 3155 2926 3211 duriora
2949 3197 2961 3220 ,
2992 3171 3090 3211 nec
3130 3157 3292 3211 ullum
3324 3173 3390 3214 ea
3413 3167 3615 3229 tempus
3636 3158 3753 3213 abo-

2186 3245 2342 3312 levit,
2366 3245 2458 3300 sed
2487 3245 2722 3316 quotidie
2781 3246 2950 3316 majus
2997 3246 3388 3304 incrementum
3429 3249 3710 3319 suscipiunt
3739 3264 3750 3299 :

2183 3337 2308 3392 dum
2335 3352 2522 3392 omnes
2566 3337 2758 3408 ubique
2797 3339 2942 3395 orbis
2976 3349 3236 3394 terrarum
3291 3357 3421 3398 oras
3466 3341 3751 3412 evangelica

2184 3430 2488 3499 pratdieatio
2541 3430 2811 3499 pervadit?
2862 3431 2964 3485 Pro
3009 3429 3092 3486 bis
3143 3432 3397 3488 omnibus
3448 3433 3670 3504 benigno
3703 3441 3754 3486 et

2181 3521 2430 3576 elementi
2465 3522 2574 3576 Deo
2604 3523 2798 3592 gratias
2835 3537 3054 3593 agamus
3085 3540 3100 3576 :
3129 3526 3381 3594 quoniam
3413 3527 3460 3581 ei
3505 3525 3662 3596 gloria
3703 3533 3751 3578 et

2183 3617 2416 3686 potentia
2436 3657 2450 3680 ,
2484 3631 2624 3672 nunc
2652 3623 2709 3672 et
2735 3630 2982 3687 semper,
3015 3626 3068 3672 et
3099 3617 3152 3672 in
3192 3617 3394 3673 saecula
3429 3618 3750 3674 ειεευιυτυιιι.

2182 3709 2372 3762 Amen.

2613 3817 2677 3873 IN
2715 3816 3034 3878 PSALMUM
3074 3821 3282 3877 XLVII.

2537 3937 2588 3990 1.
2620 3934 2878 3989 Canticum
2900 3934 3098 3990 Psalmi
3119 3937 3240 4005 ﬁliis
3261 3937 3409 3991 Core.

2177 4045 2232 4100 ‘2.
2268 4047 2486 4117 Magnus
2514 4045 2760 4101 Dominus
2787 4058 2833 4102 et
2861 4048 3130 4102 laudabilis
3169 4049 3333 4114 valde,
3368 4052 3420 4104 in
3451 4051 3644 4104 civitate
3673 4050 3754 4102 llei

2250 4140 2428 4205 nostri,
2461 4140 2512 4192 in
2538 4149 2705 4192 monte
2719 4151 2889 4193 sancto
2911 4141 3038 4210 ejus,
3064 4141 3117 4194 3.
3141 4139 3262 4193 bene
3280 4141 3534 4196 radicibus
3554 4143 3752 4210 ﬁrmans

2249 4234 2587 4287 exsultatione
2633 4232 2874 4286 universa:
2923 4242 3088 4285 teme.
3144 4231 3292 4285 Alius
3338 4232 3490 4296 dicit,
3543 4231 3753 4286 Pulchro

2248 4324 2485 4396 germine,
2509 4322 2696 4392 gaudio
2719 4323 2962 4376 universa:
2985 4332 3149 4376 terra'.
3183 4322 3353 4390 Alius,
3378 4325 3451 4378 Ab
3471 4324 3612 4376 initio
3633 4335 3754 4393 pra?-

2247 4417 2432 4488 scripto
2453 4413 2723 4488 splendore
2744 4415 2987 4468 universa
3012 4424 3177 4467 terra.

2250 4531 2298 4585 1.
2343 4529 2440 4584 Hic
2486 4543 2697 4599 quoque
2742 4527 3003 4598 significat
3031 4525 3406 4581 liberationem
3454 4543 3484 4580 a
3517 4525 3666 4582 bellis
3703 4531 3752 4577 et

2176 4621 2385 4692 pugnis.
2416 4619 2549 4686 Quia
2577 4620 2716 4674 enim
2747 4635 2776 4672 a
2809 4617 3079 4688 Babylone
3126 4619 3368 4684 reversi,
3414 4629 3469 4673 et
3523 4633 3552 4672 a
3606 4617 3749 4683 longa

2175 4715 2482 4784 captivitate
2520 4712 2762 4774 liberati,
2792 4720 2987 4765 terram
3017 4719 3295 4780 paternam
3319 4716 3676 4781 receperunt,
3701 4716 3751 4759 et

2175 4823 2205 4861 a
2231 4807 2409 4862 multis
2439 4806 2591 4860 bellis
2617 4813 2921 4870 evaserunt,
2952 4819 3049 4873 pro
3071 4803 3153 4857 bis
3169 4805 3419 4860 omnibus
3447 4805 3553 4858 Deo
3569 4802 3748 4857 horum

2175 4901 2433 4954 bonorum
2457 4897 2867 4967 auctorigratias
2889 4908 3124 4966 agentes,
3155 4897 3250 4950 hos
3273 4897 3501 4968 hymnos
3531 4903 3745 4952 canunt:

2173 4993 2355 5046 dicunt
2377 5001 2554 5046 autem
2587 5005 2600 5044 :
2635 4989 2854 5060 Magnus
2901 4987 3174 5053 Dominus,
3211 5001 3256 5043 et
3287 4988 3562 5042 laudabilis
3590 4985 3745 5042 valde.

2175 5085 2394 5156 Magnus
2420 5083 2632 5153 quidem
2674 5082 2876 5148 dicunt,
2919 5081 3012 5136 sed
3038 5096 3194 5151 quam
3238 5096 3486 5151 magnos,
3523 5094 3626 5134 non
3675 5077 3747 5129 di-

2173 5185 2337 5229 cunt:
2372 5173 2474 5228 hoc.
2523 5173 2663 5227 enim
2713 5187 2872 5228 nemo
2920 5171 3050 5236 scit;
3098 5180 3152 5226 et
3203 5171 3322 5226 ideo
3347 5170 3656 5241 snlijunxit:
3688 5166 3748 5220 Et

2174 5267 2441 5322 laudabilis
2467 5266 2628 5319 valde.
2654 5264 2769 5319 Non
2791 5273 2874 5320 est
2900 5265 3040 5318 enim
3073 5262 3193 5319 ﬁnis
3219 5264 3334 5332 ejus
3355 5261 3744 5333 magnitudinis.

2171 5360 2320 5427 Quod
2344 5370 2520 5414 autem
2551 5358 2699 5420 dicit,
2732 5368 2812 5412 est
2837 5357 3101 5427 ejusmodi
3127 5376 3140 5411 :
3171 5355 3393 5426 Oportet
3414 5357 3561 5410 illum
3583 5355 3744 5410 solum

2171 5452 2337 5520 gloria
2377 5450 2591 5504 allicere
2632 5459 2686 5504 et
2714 5447 2962 5514 laudare,
2991 5447 3149 5518 idque
3181 5462 3341 5518 supra
3383 5459 3597 5500 omnem
3640 5454 3747 5496 mo-

2235 5607 2251 5638 ί
2288 5613 2431 5656 Unus.
2455 5605 2682 5654 adversus
2704 5602 3009 5667 tyrannidem
3040 5608 3244 5660 mrturte,
3271 5601 3498 5667 adrersns
3539 5598 3743 5667 domina-

2169 5675 2310 5723 tores,
2354 5674 2583 5716 aaversus
2601 5661 2758 5728 reges,
2794 5664 3023 5728 adversus
3054 5667 3228 5728 f'tnnent
3255 5672 3296 5714 et
3337 5663 3479 5720 sitim,
3527 5661 3745 5708 adversus

2174 5737 2391 5790 mortem,
2416 5735 2460 5779 et
2483 5727 2640 5778 omnia
2661 5725 2932 5776 diruebant.
