4064 6422
392 315 501 368 ΞΠ

389 432 565 485 dum:
604 428 826 486 laudare
881 443 1070 499 nempe
1117 442 1237 484 eum
1281 436 1496 497 propter
1546 425 1682 482 hanc
1722 425 1981 481 inﬁnitam

391 533 448 576 ct
502 521 1093 591 incomprehensibilem
1143 520 1391 574 essentia:
1441 517 1882 589 magnitudinem,
1928 525 1985 573 et

394 622 615 683 propter
641 628 851 668 summa
881 611 998 683 ejus
1026 611 1077 666 in
1107 626 1206 666 nos
1238 610 1516 666 beneﬁcia.
1548 609 1679 664 Nam
1712 618 1767 665 et
1791 608 1980 674 voluit,

389 714 443 761 ct
476 706 645 777 potuit
680 721 801 776 quas
829 705 1015 760 voluit.
1073 702 1138 758 In
1169 698 1368 758 civitate
1392 701 1489 757 Dei
1515 702 1709 769 nostri,
1733 702 1786 756 in
1817 709 1983 756 monte

388 808 565 853 sancto
590 800 716 871 ejus.
746 797 885 867 Quid
914 797 1084 852 dicis?
1114 795 1226 851 illic
1264 794 1382 864 ejus
1425 793 1641 850 laudem
1680 792 1978 857 concludis,

388 892 481 960 qui
508 899 589 946 est
617 905 859 961 magnus,
888 889 977 960 qui
1003 887 1301 955 laudabilis,
1331 887 1384 941 in
1407 886 1619 943 civitate
1651 896 1706 941 et
1730 885 1783 940 in
1820 899 1981 940 mon-

392 983 489 1037 te?
519 982 637 1037 Non
672 982 773 1037 hoc
802 982 944 1049 dico,
973 980 1166 1052 inquit,
1192 979 1285 1037 sed
1312 978 1452 1050 quod
1477 992 1575 1033 nos
1598 986 1722 1033 ante
1750 976 1854 1031 alia
1880 976 1981 1033 hoc

387 1074 814 1143 cognoverimus.
853 1072 950 1129 Vel
1004 1079 1284 1142 propterea
1332 1084 1463 1141 ergo
1508 1067 1641 1124 dixit
1694 1067 1862 1135 illud,
1909 1065 1979 1122 In

388 1167 590 1220 civitate
616 1164 711 1219 Dei
753 1165 934 1231 nostri,
980 1164 1063 1219 vel
1099 1162 1286 1218 volens
1333 1159 1638 1227 ostendere,
1687 1158 1831 1230 quod
1880 1173 1978 1230 per

389 1257 809 1329 magnitudinem
838 1255 1214 1311 miraculorum
1243 1268 1363 1325 quae
1392 1252 1462 1307 ibi
1484 1251 1618 1306 facta
1636 1259 1778 1317 sunt,
1794 1257 1980 1306 osten~

389 1366 451 1405 sa
476 1351 547 1404 sit
570 1349 685 1419 ejus
706 1347 1016 1418 magnitudo
1060 1355 1116 1402 et
1142 1344 1308 1418 gloria
1341 1361 1355 1399 :
1389 1343 1532 1416 quod
1571 1357 1664 1400 eos
1700 1342 1788 1413 qui
1825 1349 1980 1399 erant

386 1440 616 1511 captivi,
642 1440 732 1511 qui
763 1439 1003 1509 disjecti,
1035 1439 1123 1508 qui
1167 1436 1493 1506 contempti,
1523 1434 1613 1506 qui
1655 1434 1712 1489 in
1762 1434 1978 1504 regione

388 1531 571 1587 hostili
620 1532 766 1587 velut
807 1531 861 1586 in
894 1530 1141 1600 sepulcro
1175 1528 1582 1592 detinebantur,
1623 1536 1681 1582 ut
1717 1525 1852 1581 adeo
1884 1540 1973 1581 re-

386 1633 549 1694 pente
576 1624 701 1679 clari
731 1629 929 1688 essent,
954 1620 1320 1692 procuraverit
1351 1634 1364 1668 :
1395 1627 1453 1674 ut
1492 1628 1548 1673 et
1575 1618 1663 1689 qui
1698 1632 1792 1673 eos
1826 1617 1973 1673 vice-

384 1725 530 1781 rant,
559 1722 907 1785 superarent,
937 1722 992 1769 et
1015 1713 1079 1768 ad
1106 1713 1337 1782 priorem
1368 1710 1605 1766 redirent
1647 1709 1973 1781 prosperita-

384 1820 494 1862 tein
524 1850 542 1875 ,
592 1817 645 1863 et
693 1806 940 1877 antiquus
995 1806 1182 1876 patriae
1237 1812 1406 1858 status
1453 1802 1532 1858 eis
1578 1802 1970 1858 restitueretur.

381 1898 630 1954 Ostendit
654 1899 795 1955 enim
817 1940 833 1965 ,
862 1898 1050 1968 inquit,
1080 1898 1249 1967 ipsum
1278 1896 1436 1950 etiam
1459 1902 1821 1949 creaturarum
1850 1907 1970 1963 quas

380 1991 631 2046 videntur
659 1990 964 2061 magnitudo
997 2006 1010 2042 :
1040 1988 1136 2044 sed
1154 1986 1405 2059 quoniam
1423 1984 1727 2055 complures
1742 1984 1971 2054 antiqui-

381 2090 472 2137 tus
495 2091 647 2138 erant
680 2081 839 2152 paulo
884 2079 1292 2149 insipientiores,
1315 2077 1674 2146 cognitionem
1698 2116 1713 2140 ,
1746 2089 1866 2145 qua:
1899 2089 1966 2129 ex

380 2173 614 2229 inimicis
651 2181 705 2229 et
737 2188 805 2228 ex
835 2171 1053 2228 victoria
1085 2169 1276 2235 oritur,
1322 2168 1523 2239 adjicit,
1556 2165 1820 2221 mirabilia
1851 2165 1968 2221 hzec

383 2275 588 2334 tropaea
634 2262 845 2319 assidue
875 2264 1087 2334 erigens
1107 2303 1122 2326 ,
1151 2269 1206 2316 et
1230 2276 1315 2316 res
1343 2260 1395 2315 in
1433 2258 1626 2314 melius
1651 2256 1844 2312 mutari
1866 2271 1966 2312 cu-

379 2367 531 2419 rans,
559 2368 622 2408 ac
639 2360 831 2424 prteter
848 2368 996 2422 spem
1027 2360 1081 2407 et
1101 2350 1553 2421 exspectationem
1584 2363 1797 2404 omnem
1823 2347 1967 2418 ejus-

374 2446 525 2501 modi
548 2446 803 2502 miracula
829 2445 1012 2501 edens.
1053 2444 1204 2501 Hanc
1241 2451 1418 2498 autem
1442 2450 1596 2497 vocat
1626 2441 1743 2511 ejus
1775 2440 1962 2497 civita-

378 2551 525 2608 tem,
558 2556 666 2595 non
690 2540 821 2595 alias
852 2539 969 2610 ejus
1004 2540 1219 2610 privans
1261 2536 1614 2608 providentia,
1642 2534 1736 2590 sed
1770 2543 1829 2589 ut
1865 2532 1963 2589 hos

374 2631 657 2701 ostendat,
687 2630 827 2703 quod
853 2629 919 2685 ad
945 2629 1261 2699 cognitionis
1289 2628 1549 2682 rationem
1585 2626 1798 2691 attinet,
1841 2624 1961 2679 aliis

373 2722 539 2778 fuisse
561 2722 716 2792 longe
746 2722 969 2792 priores.
999 2719 1110 2775 Illae
1140 2719 1282 2776 enim
1313 2718 1428 2789 ejus
1454 2717 1557 2773 dici
1598 2724 1850 2787 poterant
1874 2731 1962 2771 ra-

371 2816 520 2869 tione
546 2822 748 2867 tantum
773 2811 999 2883 opiﬁcii;
1043 2812 1157 2867 haec
1192 2826 1322 2867 vero
1361 2810 1522 2866 etiam
1558 2809 1765 2865 ratione
1808 2807 1960 2863 lami-

371 2906 615 2960 liaritatis
642 2913 695 2960 et
721 2902 1162 2968 necessitudinis,
1190 2911 1245 2957 et
1289 2900 1435 2974 quod
1474 2901 1588 2956 haec
1626 2900 1804 2955 omnia
1850 2899 1960 2954 illic

372 3001 564 3055 tierent
593 2998 864 3053 miracula.
896 2996 1047 3053 Tunc
1083 2997 1259 3067 itaque
1300 3010 1362 3051 ea
1396 2994 1677 3049 dicebatur
1709 2994 1801 3048 Dei
1824 2993 1956 3048 civi-

372 3100 490 3155 tas;
521 3106 661 3145 nunc
701 3098 882 3145 autem
913 3103 1011 3144 nos
1040 3102 1227 3143 omnes
1264 3086 1358 3142 Dei
1393 3085 1639 3141 dicimur.
1682 3084 1783 3152 Qui
1823 3085 1956 3138 enim

378 3183 560 3238 Christi
583 3193 719 3250 sunt,
745 3183 943 3252 inquit,
974 3197 1175 3236 carnem
1200 3180 1558 3249 cruciﬁxerunt
1591 3194 1709 3232 cum
1751 3178 1882 3232 vitiis
1908 3187 1955 3232 et

376 3274 779 3343 concupiscentiis
807 3270 946 3343 (Gal.
975 3272 1030 3328 5.
1060 3271 1175 3342 24).
1203 3270 1392 3325 Vidisti
1415 3284 1675 3325 summam
1695 3276 1749 3324 et
1775 3268 1952 3323 inten-

373 3364 632 3418 tissimam
693 3362 982 3418 virtutem?
1048 3362 1118 3416 Et
1169 3361 1289 3416 ideo
1332 3358 1697 3431 appellabatur
1742 3372 1954 3429 quoque

368 3471 527 3510 mons
550 3454 661 3523 Dei,
684 3454 935 3525 quoniam
964 3454 1105 3509 Deus
1121 3453 1227 3507 illic
1242 3452 1532 3508 colebatur.
1549 3451 1683 3505 Bene
1697 3451 1953 3505 radicibus

364 3550 581 3617 ﬁrmans
628 3548 959 3602 exsultatione
1007 3548 1251 3601 universa:
1308 3555 1473 3600 terras.
1535 3544 1746 3600 Dictum
1798 3543 1953 3598 valde

362 3640 673 3707 obscurum,
700 3648 755 3694 et
781 3639 902 3694 ideo
946 3646 1157 3709 oportet
1205 3636 1501 3691 attendere.
1548 3635 1611 3690 Ei
1654 3635 1831 3698 enim,
1860 3633 1949 3704 qui

364 3731 730 3802 perfunctorie
759 3732 922 3802 legit,
952 3745 1196 3801 magnam
1224 3729 1377 3785 aﬁ‘ert
1401 3728 1783 3784 dubitationem
1816 3745 1829 3782 :
1859 3726 1949 3795 qui

370 3824 424 3878 id
452 3832 629 3878 autem
671 3822 952 3893 diligenter
982 3820 1337 3892 persequitur,
1369 3818 1569 3873 videbit
1612 3831 1948 3887 consequenv

368 3916 519 3980 tiam,
553 3923 606 3967 et
632 3922 933 3967 accuratam
958 3913 1339 3968 sententiarum
1361 3908 1771 3965 connexionem.
1795 3904 1949 3973 Quod

363 4007 509 4060 enim
540 4005 687 4072 dicit,
707 4014 789 4060 est
816 4003 1077 4075 ejusmodi
1106 4022 1119 4057 :
1150 4003 1370 4074 Magnus
1390 4000 1641 4055 Dominus
1671 4000 1723 4054 in
1751 3999 1950 4054 civitate

364 4098 461 4152 Dei
487 4099 642 4152 nostri
663 4140 678 4165 ,
703 4099 755 4152 in
783 4107 949 4152 monte
975 4107 1146 4151 sancto
1175 4114 1264 4152 suo
1286 4103 1406 4153 bene
1426 4096 1679 4162 radicans,
1712 4094 1815 4150 hoc
1846 4103 1945 4162 est,

361 4191 505 4247 bene
531 4192 796 4248 radicibus
842 4191 1080 4257 ﬁrmans,
1115 4200 1169 4246 et
1202 4207 1321 4247 eam
1372 4190 1589 4261 pulchre
1634 4191 1849 4245 lirmans
1888 4204 1951 4244 ac

361 4283 639 4338 stabiliens
666 4283 716 4336 in
751 4283 945 4354 gaudio
984 4291 1038 4339 et
1062 4284 1243 4338 laetitia
1282 4283 1441 4338 totius
1470 4283 1616 4338 orbis
1659 4292 1947 4337 terrarum.

361 4377 476 4431 lloc
515 4376 671 4431 etiam
703 4376 840 4429 alius
868 4376 1091 4430 obscure
1126 4373 1432 4445 signiﬁcans
1459 4374 1613 4443 dixit,
1645 4373 1950 4444 Prwscripto

360 4469 631 4540 splendore
654 4470 1078 4524 universwteme.
1111 4468 1245 4523 Eam
1283 4468 1427 4524 enim
1460 4468 1583 4524 fecit
1611 4468 1950 4537 splendorem

359 4572 414 4615 et
444 4561 678 4616 la-titiam
708 4560 973 4615 universa:
1006 4569 1178 4615 terrae.
1210 4558 1360 4615 Illinc
1386 4568 1463 4616 est
1496 4559 1614 4615 t‘ons
1637 4560 1868 4631 pictatis,
1897 4568 1952 4615 et

362 4653 568 4707 radices
599 4661 653 4707 et
693 4652 946 4723 principia
982 4651 1071 4705 Dei
1098 4651 1435 4721 cognitionis.
1476 4651 1624 4706 Hanc
1649 4666 1797 4721 ergo,
1826 4666 1948 4706 cum

361 4744 485 4797 talis
517 4751 692 4810 esset,
724 4742 991 4798 radicibus
1033 4743 1263 4798 ﬁrmavit
1291 4757 1354 4797 ac
1382 4741 1634 4797 stabilivit
1681 4741 1747 4797 ad
1792 4756 1949 4796 orna—

362 4843 596 4888 mentum
625 4835 786 4889 totius
814 4831 960 4888 orbis
985 4841 1267 4898 terrarum,
1295 4832 1361 4887 ad
1392 4831 1808 4887 exsultationem
1832 4873 1847 4899 ,
1878 4831 1946 4887 ad

358 4924 608 4994 gaudium
640 4924 803 4978 totius
847 4922 1049 4978 mundi.
1099 4922 1437 4995 Jcrosolyma
1489 4923 1633 4978 enim
1681 4932 1805 4977 tunc
1832 4931 1949 4978 erat

361 5016 612 5086 magistra
636 5015 898 5070 universae
926 5024 1103 5082 terrae,
1128 5024 1183 5069 et
1210 5015 1299 5086 qui
1332 5013 1580 5069 volebant
1605 5014 1703 5069 lrui
1728 5013 1943 5085 gaudio,

359 5110 667 5180 cultumque
694 5119 749 5164 et
774 5118 1144 5163 ornamentum
1172 5123 1363 5178 capere
1389 5150 1404 5175 ,
1433 5109 1556 5163 hinc
1580 5123 1641 5163 ea
1671 5125 1787 5179 quae
1812 5110 1946 5164 bona

357 5211 414 5255 et
451 5199 671 5256 honesta
715 5209 870 5256 erant
905 5200 1198 5254 discebant.
1234 5200 1301 5253 Et
1342 5199 1464 5253 ideo
1494 5198 1596 5254 hoc
1642 5199 1948 5268 signiﬁcans

360 5306 467 5344 non
494 5291 643 5358 dixit,
667 5291 955 5345 Radicibus
981 5290 1216 5355 ﬁrmans,
1245 5290 1337 5346 sed
1360 5332 1374 5356 ,
1406 5288 1543 5344 Bene
1567 5291 1777 5359 ﬁrmans
1803 5291 1944 5344 radi-

360 5382 518 5436 cibus.
550 5381 700 5449 Quod
727 5383 770 5436 si
798 5382 934 5437 velis
970 5381 1201 5450 idipsum
1240 5382 1484 5452 accipere
1512 5383 1799 5452 anagogice
1819 5424 1833 5448 ,
1866 5383 1943 5436 vi-

359 5473 513 5527 debis
539 5489 714 5527 rerum
738 5473 1037 5529 veritatem.
1074 5473 1204 5529 lliuc
1240 5475 1379 5528 enim
1413 5474 1672 5544 processit
1713 5476 1947 5529 exsulta-

364 5571 435 5618 tio
465 5580 558 5634 per
599 5564 905 5619 universum
947 5565 1129 5618 orbem
1184 5576 1441 5621 terrarum
1467 5608 1481 5633 ,
1513 5566 1635 5621 hinc
1688 5567 1947 5637 processit

360 5656 612 5726 gaudium
655 5665 707 5711 et
734 5657 937 5723 lzetitia,
969 5656 1091 5711 hinc
1141 5667 1455 5712 emanarunt
1492 5658 1665 5713 fontes
1712 5659 1944 5728 philoso-

365 5748 524 5819 phiae,
559 5748 648 5805 ubi
675 5747 917 5805 Christus
946 5747 1040 5803 fuit
1067 5748 1371 5817 cruciﬁxus,
1406 5749 1545 5805 unde
1572 5748 1793 5821 profecti
1817 5760 1941 5805 sunt

1499 310 1859 369 exrosmo
1896 311 1963 368 1N
2002 310 2327 373 PSALMUM
2367 276 2575 376 XLvu.

3576 330 3700 384 ἳιῆὲ

2091 432 2315 501 apostoli
2346 474 2358 486 .
2384 432 2467 486 La:
2490 433 2635 499 Sion,
2663 433 2823 501 enim,
2847 434 3032 505 inquit,
3067 428 3343 507 egredietur
3364 438 3464 503 lex,
3497 448 3544 494 et
3572 455 3681 495 rer-

2090 522 2205 576 bum
2244 521 2454 578 Domini
2478 540 2543 578 ea:
2566 522 2853 581 Jerusalem
2874 526 3060 598 (Mich.
3091 528 3146 583 4.
3168 527 3228 601 2)
3262 545 3275 585 :
3308 529 3469 585 habet
3499 539 3677 587 autem

2089 613 2193 672 hoc
2216 615 2462 686 gaudium
2501 617 2708 673 radices
2734 619 3081 675 immortales.
3130 619 3332 677 Montes
3359 620 3487 678 Sion
3518 623 3677 678 latera

2086 710 2359 779 aquilonis.
2396 711 2569 777 Alius,
2610 710 2810 768 Montes
2859 712 2988 769 Sion
3035 717 3230 785 femora
3267 716 3541 786 aquilonis.
3572 716 3679 771 lle—

2085 798 2263 856 braeus
2278 808 2476 869 autem,
2493 800 2567 856 Ar
2584 802 2712 859 Sion
2723 804 2957 875 jerclttlte
2982 806 3233 876 saphoun.
3252 806 3366 875 Qua
3394 808 3462 864 de
3485 822 3671 874 causa,

2086 906 2304 962 quaeso,
2333 893 2575 949 meminit
2614 910 2756 949 nunc
2790 895 3074 966 aquilonis,
3100 908 3152 952 et
3180 900 3339 953 situm
3377 899 3477 956 loci
3519 901 3676 957 nobis

2085 984 2377 1041 describit?
2397 984 2661 1053 Quoniam
2689 988 2906 1043 assidue
2931 989 3129 1045 bellum
3154 989 3277 1046 hinc
3292 993 3670 1059 suscitabatur,

2085 1075 2457 1134 invadentibus
2483 1078 2754 1148 barbaris,
2809 1079 2970 1151 idque
3029 1082 3301 1152 prophetae
3338 1083 3520 1140 dicunt
3564 1087 3669 1141 l're-

2084 1178 2309 1239 quenter
2330 1210 2344 1236 ,
2375 1169 2573 1225 bellum
2602 1171 2669 1226 ab
2693 1171 2942 1242 aquilone
2978 1174 3308 1243 appellantes
3331 1174 3465 1246 (Jer.
3499 1177 3549 1230 1.
3578 1177 3669 1233 15.

2084 1262 2174 1335 id)
2198 1280 2214 1331 ;
2241 1272 2296 1321 et
2324 1264 2552 1320 lebetem
2581 1264 2728 1321 illinc
2747 1264 3040 1322 ferventem
3054 1266 3365 1323 describunt
3388 1286 3401 1323 :
3427 1270 3498 1324 ita
3525 1271 3669 1326 enim

2080 1356 2182 1411 sita
2200 1365 2282 1414 est
2300 1358 2447 1427 regio
2464 1357 2821 1425 Persarum,si
2838 1358 3095 1415 habeatur
3111 1360 3248 1416 ratio
3265 1360 3664 1434 Palaestinae(a).

2080 1450 2230 1519 Quod
2255 1450 2450 1508 factum
2479 1450 2752 1508 admirans
2773 1492 2792 1521 ,
2834 1453 2935 1509 hoc
2967 1454 3261 1527 subjuuxit,
3296 1454 3601 1526 signiﬁcans
3648 1473 3664 1511 :

2080 1543 2210 1597 Eam
2240 1558 2359 1613 qua:
2380 1543 2527 1600 illinc
2555 1543 2771 1600 assidue
2788 1543 3107 1612 vexabatur,
3140 1544 3313 1601 iecisti
3334 1545 3665 1619 inexpugna-

2077 1635 2260 1691 bilem.
2299 1634 2530 1691 Perinde
2566 1635 2710 1691 enim
2757 1649 2822 1692 ac
2862 1636 2909 1692 si
2946 1637 3066 1707 quis
3091 1636 3297 1693 diceret
3323 1637 3393 1693 de
3415 1653 3663 1709 corpore,

2078 1728 2288 1784 Partem
2337 1728 2482 1782 illam
2525 1727 2844 1784 imbecillam
2894 1728 3069 1785 fecisti
3113 1729 3461 1786 valentiorem
3502 1748 3516 1786 :
3562 1729 3666 1786 hoc

2076 1823 2238 1879 etiam
2271 1820 2358 1877 hic
2382 1822 2494 1892 ipse
2522 1820 2855 1887 subindicat,
2896 1821 3083 1878 dicens
3111 1835 3128 1878 :
3156 1822 3296 1878 unde
3320 1823 3494 1878 luctus
3518 1831 3571 1877 et
3598 1824 3667 1877 la-

2074 1930 2294 1988 crymte,
2323 1915 2463 1971 unde
2501 1915 2652 1986 origo
2692 1914 3056 1973 calamitatum
3074 1955 3090 1983 ,
3119 1930 3199 1972 eae
3227 1923 3404 1982 partes
3430 1915 3662 1985 impleta:

2075 2018 2202 2065 sunt
2226 2009 2925 2080 voluptate,‘alacritateque
2950 2009 3135 2063 animi.
3164 2007 3313 2064 Unde
3339 2007 3520 2075 minas,
3543 2022 3660 2062 me-

2074 2111 2179 2170 tus,
2207 2113 2262 2159 et
2287 2102 2517 2174 pericula
2539 2142 2555 2168 ,
2596 2101 2721 2157 hinc
2746 2100 2995 2172 gaudium
3022 2108 3077 2155 et
3118 2099 3298 2154 Iaititia
3331 2115 3347 2155 :
3386 2114 3491 2155 nec
3518 2098 3660 2153 ullus

2071 2194 2324 2265 deinceps
2368 2194 2560 2250 metuit
2596 2193 2962 2264 aquilonarem
3001 2191 3146 2245 illam
3196 2199 3404 2262 partem
3445 2188 3654 2256 mundi,

2072 2301 2230 2343 nemo
2259 2286 2439 2342 animo
2466 2285 2697 2357 angitur,
2728 2300 2886 2340 nemo
2902 2284 3223 2354 suspicatur,
3241 2281 3335 2338 sed
3357 2295 3541 2337 omnes
3558 2281 3655 2336 de-

2067 2390 2195 2451 gunt
2222 2380 2275 2435 in
2313 2380 2519 2446 ltetitia,
2544 2393 2665 2434 cum
2695 2378 2810 2448 ejus
2835 2377 3042 2432 radices
3072 2375 3251 2430 ﬁxeris
3280 2375 3336 2430 in
3362 2373 3652 2444 voluptate.

2068 2474 2254 2530 Civitas
2282 2474 2412 2546 regis
2438 2473 2628 2545 magni.
2670 2474 2728 2529 4.
2758 2471 2894 2527 Deus
2922 2472 2976 2525 in
3004 2470 3234 2525 domibus
3261 2470 3369 2537 eius
3393 2466 3654 2539 cognosci-

2066 2577 2168 2633 tur,
2186 2583 2303 2621 cum
2322 2565 2555 2636 suscipiet
2572 2565 2759 2635 ipsum.
2776 2564 2947 2631 Alius,
2967 2562 3206 2634 Cognitus
3221 2571 3312 2616 est.
3331 2562 3501 2628 Alius,
3521 2558 3654 2614 Deus

2065 2658 2117 2713 in
2145 2659 2295 2729 regiis
2322 2659 2430 2728 ejus
2459 2666 2787 2728 cognoscerer
2830 2655 2899 2709 ad
2933 2654 3295 2709 munimentum
3341 2653 3434 2724 (ὁ).
3477 2652 3650 2717 Alius,

2063 2748 2202 2804 Deus
2238 2749 2292 2803 in
2323 2747 2526 2819 palatiis
2569 2752 2677 2819 ejus
2719 2747 2951 2818 cognitus
2980 2753 3051 2800 est
3075 2744 3144 2798 ad
3178 2742 3490 2815 eripiendam
3518 2758 3651 2797 eam.

2133 2841 2189 2895 ‘2.
2219 2840 2480 2897 Prtedicat
2519 2840 2634 2910 ejus
2671 2838 3020 2910 dignitatem,
3066 2836 3311 2901 laudem,
3355 2849 3607 2891 coronam
3630 2875 3646 2901 ,

2061 2933 2247 2989 dicens
2273 2950 2285 2985 :
2316 2932 2503 2987 Civitas
2532 2932 2665 3003 regis
2693 2930 2886 3001 magni.
2936 2927 3138 2984 Deinde
3177 2926 3467 2984 ostendens
3511 2940 3649 2996 quo-

2061 3027 2221 3082 modo
2237 3026 2306 3080 sit
2332 3024 2519 3079 civitas
2550 3024 2688 3093 regis
2714 3021 2910 3092 magni,
2941 3020 3208 3090 adjungit,
3238 3016 3377 3073 Deus
3402 3020 3453 3072 in
3480 3018 3647 3070 domi-

2059 3117 2150 3172 bus
2178 3117 2286 3187 ejus
2306 3114 2641 3187 cognoscitur,
2666 3127 2909 3183 magnam
2930 3109 3217 3166 ostendens
3233 3109 3644 3181 providentiam,

2058 3208 2200 3279 quod
2227 3222 2345 3262 eam
2369 3216 2531 3261 totam
2559 3204 2704 3261 omni
2729 3220 2793 3259 ex
2821 3212 2971 3275 parte
2999 3209 3199 3270 servet,
3232 3216 3339 3257 non
3366 3200 3507 3255 illius
3530 3207 3645 3253 tan-

2060 3308 2171 3355 tum
2195 3299 2357 3355 totius
2385 3313 2567 3353 curam
2595 3311 2810 3369 gerens,
2834 3294 2929 3350 sed
2951 3294 3110 3350 etiam
3142 3295 3195 3349 in
3222 3308 3647 3363 unamquamque

2057 3389 2274 3446 domum
2301 3404 2452 3446 suam
2481 3387 2773 3444 ostendens
2815 3385 3225 3457 providentiam.
3287 3383 3454 3439 Nobis
3501 3383 3644 3438 enim

2056 3485 2215 3540 etiam
2245 3482 2446 3553 absque
2470 3497 2536 3538 eo
2562 3491 2647 3537 est
2686 3480 2950 3550 cognitus,
2991 3477 3220 3532 inimicis
3248 3484 3425 3531 autem
3471 3490 3539 3531 ex
3580 3492 3645 3528 eo

2056 3591 2206 3631 suam
2231 3573 2464 3631 ostendit
2489 3573 2761 3629 virtutem.
2781 3570 3047 3641 Tempore
3064 3568 3206 3624 enim
3232 3566 3498 3634 Ezecbize,
3521 3580 3641 3621 cum

2056 3666 2406 3722 barbarorum
2458 3663 2631 3718 nubes
2661 3678 2781 3719 eam
2831 3660 3146 3727 invasisset,
3186 3668 3243 3715 et
3286 3666 3450 3715 totam
3482 3657 3643 3712 veluti

2055 3772 2252 3827 sagena
2298 3754 2771 3819 circumdedisset,
2828 3759 3167 3807 recesserunt
3218 3765 3339 3805 cum
3412 3749 3641 3804 maxima

2057 3862 2273 3903 suorum
2313 3846 2466 3902 clade
2484 3844 2797 3913 relictisque
2835 3842 3183 3897 cadaveribus
3229 3842 3305 3914 (4.
3351 3842 3479 3912 Reg.
3527 3840 3638 3909 19).

2054 3939 2358 4006 Quinetiam
2397 3936 2549 3991 multi
2578 3951 2790 4006 quoque
2815 3934 2904 3989 alii
2937 3934 2988 3988 in
3032 3949 3151 3989 eam
3196 3948 3340 4003 srepe
3379 3932 3599 4003 ingressi
3624 3976 3638 3998 ,

2057 4029 2344 4101 ignominia
2388 4027 2561 4083 allecti
2592 4034 2948 4082 recesserunt.
2996 4027 3150 4093 llmc,
3208 4025 3410 4095 inquit,
3461 4024 3640 4078 omnia

2053 4130 2205 4193 gestu
2231 4128 2356 4176 sunt
2393 4120 2488 4176 Dei
2532 4118 2903 4191 providentia,
2954 4133 3179 4188 eamque
3231 4118 3539 4187 praeclaram
3590 4126 3642 4169 et

2056 4214 2317 4284 insignem
2358 4211 2619 4268 iecerunt.
2649 4212 2763 4267 Non
2794 4210 2966 4266 solum
2988 4219 3166 4266 autem
3192 4208 3333 4280 quod
3364 4209 3637 4279 prseclara,

2055 4306 2150 4361 sed
2190 4304 2516 4376 etiamquod
2557 4305 2691 4360 adeo
2719 4303 2972 4375 prmclara
2995 4301 3131 4357 facta
3155 4302 3261 4366 sit,
3302 4314 3491 4371 magna
3518 4314 3641 4353 cva-

2054 4401 2143 4455 sit.
2170 4400 2223 4455 5.
2256 4399 2507 4465 Quoniam
2543 4414 2655 4452 ecce
2679 4414 2821 4469 reges
2848 4406 2995 4451 terra:
3021 4393 3311 4465 congregati
3343 4402 3481 4457 sunt,
3513 4408 3635 4445 con-

2054 4500 2296 4547 uenerunt
2321 4492 2375 4545 in
2402 4507 2580 4545 unum.
2614 4489 2785 4557 Alius,
2826 4486 2962 4542 Ecce
3005 4487 3138 4540 enim
3183 4501 3324 4556 reges
3369 4485 3523 4539 simul
3562 4485 3641 4536 in-

2053 4583 2230 4638 structi
2253 4591 2388 4636 sunt.
2408 4583 2462 4636 6.
2488 4579 2515 4633 1
2522 4579 2601 4650 psi
2624 4579 2844 4634 videntes
2866 4578 2957 4645 sic,
2989 4576 3225 4630 admirati
3250 4583 3397 4641 sunt,
3426 4586 3635 4628 cantur—-

2053 4672 2157 4726 bati
2176 4679 2310 4735 sunt,
2341 4670 2574 4724 comntoti
2596 4679 2753 4724 sunt:
2779 4669 2830 4723 7.
2862 4676 3047 4722 tremor
3071 4666 3406 4738 apprehendit
3430 4683 3534 4721 eos.
3563 4665 3637 4719 lbi

2054 4766 2253 4820 dolores
2269 4774 2323 4817 ut
2336 4754 2680 4835 parturientis,
2696 4762 2747 4817 8.
2761 4763 2812 4816 in
2827 4762 3010 4831 spiritu
3026 4761 3319 4816 vehementi.
3341 4762 3512 4826 Alius,
3539 4758 3637 4814 Per

2052 4866 2251 4911 rentum
2273 4855 2560 4909 violentum.
2588 4853 2759 4921 Alius,
2783 4852 3012 4907 Ardoris.
3033 4851 3267 4907 Conteres
3295 4868 3443 4906 naves
3465 4850 3635 4905 Thura

2052 4946 2142 5001 sis.
2166 4945 2315 5000 Alius
2338 4986 2353 5012 ,
2384 4938 2703 5017 Confringes.
2737 4943 2991 4998 llebrzeus
3040 4952 3217 4998 autem
3263 4943 3371 5010 ait,
3401 4941 3633 4996 Titanis.

2056 5040 2152 5094 llic
2182 5047 2360 5092 narrat
2385 5036 2611 5102 bellum,
2644 5036 2839 5092 bellum
2865 5033 3117 5102 difﬁcile,
3160 5033 3393 5104 undique
3431 5032 3629 5086 cunila-

2054 5139 2187 5198 tum,
2207 5138 2261 5184 et
2280 5128 2560 5183 clariorem
2591 5126 2884 5181 victoriam.
2915 5126 3176 5193 Quoniam
3206 5124 3350 5179 enim
3379 5122 3546 5188 dixit,
3572 5123 3634 5174 il-

2053 5222 2162 5277 lum
2208 5221 2257 5277 ei
2284 5220 2623 5291 patrocinari,
2664 5228 2720 5273 et
2762 5218 2879 5287 ejus
2917 5231 3100 5271 curam
3147 5229 3353 5284 gerere,
3403 5213 3635 5267 osmndit

2052 5315 2302 5383 deinceps
2346 5311 2612 5383 quomodo
2639 5325 2757 5364 cam
2784 5308 3101 5377 susciperet.
3143 5305 3277 5360 Nam
3320 5319 3439 5359 cum
3470 5303 3629 5356 inuu-

2052 5406 2337 5464 merabiles
2395 5414 2582 5474 gentes
2618 5417 2735 5456 eam
2780 5398 3097 5454 invasissent
3127 5395 3253 5466 (hoc
3295 5395 3436 5450 enim
3465 5395 3631 5463 signi»

2113 5570 2187 5631 (α)
2218 5575 2315 5616 ιςοη
2338 5565 2458 5631 satis
2494 5567 2724 5631 accurate
2750 5557 2921 5607 dicitur
2953 5555 3209 5617 regionem
3246 5562 3497 5604 Persarum
3520 5565 3631 5602 esse

2050 5623 2518 5693 ad‘séptentrioncm
2546 5623 2852 5693 ινξιιεμδιὶιιῳ.Δ
2904 5692 2927 5693 η
3042 5679 3088 5693 μ
3126 5684 3160 5693 7_
3309 5686 3364 5693 __

2112 5678 2328 5755 (bifilum
2351 5685 2686 5755 interpretatio
2711 5691 2787 5733 est
2830 5679 3090 5743 Symmachi
3115 5684 3167 5729 et
3188 5680 3369 5741 quinta:
3392 5678 3629 5727 lltltllttnrs.

2055 5768 2074 5804 κ
2091 5749 2178 5805 ide'
2192 5749 2419 5815 Ilexapla.
