4064 6426
420 344 524 399 ξιξ)

424 465 543 514 fleat
581 472 675 528 per
704 470 885 525 regmn
918 445 1366 512 multitudinem),
1396 451 1449 497 et
1491 455 1598 495 non
1630 437 1802 492 solum
1852 433 2002 487 inva-

424 553 656 612 sissent,
682 545 774 601 sed
805 545 963 597 etiam
987 536 1286 607 congregati
1309 534 1476 588 aciem
1505 529 1899 590 instruxissent,
1921 539 2007 578 res

422 638 682 712 eiusmodi
709 647 874 708 gestae
911 642 1064 699 sunt,
1098 639 1154 684 ut
1185 628 1282 699 ipsi
1312 627 1522 682 abirent
1554 620 1899 691 obstupefacti
1940 617 2009 672 ob

422 751 484 789 ea
518 748 636 804 qua:
661 740 809 785 tanto
858 725 1114 781 miraculo
1153 722 1289 777 facta
1332 730 1473 775 sunt.
1517 717 1592 772 lta
1622 717 1764 773 enim
1813 713 2008 769 bellum

424 822 822 885 conﬁciebatur,
851 829 910 874 ut
955 818 1055 888 ipsi
1097 816 1321 870 horrore
1350 829 1414 870 ac
1456 823 1671 882 torpore
1699 809 1837 880 pleni
1864 822 2012 861 rece—

423 919 612 971 derent
632 956 646 981 ,
673 922 727 969 et
753 928 873 968 cum
896 925 1084 981 magna
1116 908 1277 963 animi
1306 905 1702 977 perturbatione
1722 900 2006 964 resilirent,

426 1012 549 1066 dum
579 1007 728 1062 multi
760 1020 987 1076 paucos,
1010 1013 1064 1058 et
1086 1004 1118 1057 ii
1151 1002 1240 1072 qui
1272 1001 1485 1055 ordines
1513 998 1894 1058 instruxerant,
1926 994 2001 1045 di.

426 1104 567 1158 visos
609 1098 894 1159 timerent,
926 1110 1025 1148 nec
1050 1106 1206 1147 secus
1250 1091 1590 1145 afficerentur
1633 1102 1791 1157 quam
1823 1085 2015 1139 mulier

428 1207 544 1256 qum
573 1189 819 1260 parturit.
853 1186 1006 1243 Unde
1049 1185 1253 1240 clarum
1295 1192 1443 1250 erat,
1475 1180 1669 1236 bellum
1702 1195 1806 1234 non
1850 1177 2013 1231 fuisse

427 1293 631 1352 gestum
673 1280 905 1334 humano
945 1293 1130 1341 more.
1175 1276 1268 1331 sed
1303 1276 1470 1331 Deum
1524 1273 1688 1329 fuisse
1724 1272 1913 1327 ducem
1961 1271 2013 1325 in

429 1373 816 1431 committendo
864 1372 1068 1443 praelio,
1095 1371 1187 1442 qui
1236 1385 1340 1425 non
1361 1368 1532 1424 solum
1582 1366 1800 1437 Spiritus
1828 1379 2013 1419 eorum

429 1465 798 1540 deprimebat,
827 1463 921 1520 sed
951 1464 1109 1520 etiam
1135 1470 1367 1518 mentem
1395 1474 1578 1515 eorum
1608 1456 2010 1527 eonquassabat,

432 1561 617 1630 eisque
645 1559 859 1614 dolores
886 1556 1205 1612 immittebat
1232 1562 1286 1609 et
1309 1551 1627 1630 ineffabilem
1660 1552 1904 1604 timorem
1932 1547 2014 1601 af-

432 1651 639 1707 ferebat
670 1667 684 1703 :
715 1663 779 1704 ac
805 1647 1025 1719 perinde
1044 1645 1269 1711 accidit,
1299 1659 1362 1699 ac
1388 1644 1431 1697 si
1461 1656 1647 1713 magna
1673 1641 1846 1696 classe
1870 1653 2017 1694 con—

432 1747 669 1812 gregata,
697 1739 986 1795 vehemens
1015 1744 1203 1792 ventus
1230 1735 1466 1796 irruens,
1492 1746 1679 1788 omnes
1701 1745 1861 1785 naves
1890 1745 2020 1785 eon-

436 1832 708 1897 trivisset,
745 1831 989 1884 triremes
1006 1827 1381 1890 demersisset,
1410 1838 1761 1895 magnamque
1800 1831 2017 1891 repente

434 1924 887 1994 perturbationem
943 1920 1233 1991 iniecisset.
1297 1918 1396 1973 Hic
1430 1918 1573 1971 enim
1622 1915 1752 1971 mihi
1807 1914 2017 1969 videtur

437 2031 531 2085 per
557 2015 661 2070 hue
684 2014 987 2083 exemplum
1017 2020 1072 2067 et
1095 2010 1332 2066 victoria:
1357 2008 1663 2064 facilitatem
1688 2049 1703 2075 ,
1728 2016 1783 2062 et
1810 2017 2018 2076 pertur-

440 2107 668 2162 bationis
706 2104 1124 2177 magnitudinem
1169 2103 1491 2173 significare.
1520 2100 1650 2155 Nam
1700 2100 1753 2154 hi
1806 2114 2020 2170 quoque

437 2219 557 2257 rum
589 2215 832 2272 magnam
860 2199 1086 2254 classem
1118 2205 1414 2268 parassent,
1440 2203 1495 2251 et
1515 2210 1578 2249 ex
1601 2193 1884 2264 longinqua
1915 2192 2015 2247 ali-

435 2308 538 2363 qua
568 2302 620 2349 et
639 2292 809 2348 aliena
828 2292 1042 2361 regione
1065 2290 1357 2356 venissent,
1389 2290 1463 2343 ira
1488 2287 1582 2343 Dei
1606 2286 1765 2342 veluti
1787 2285 2017 2357 quodam

441 2382 743 2439 vehementi
786 2388 947 2436 vento
1001 2393 1190 2435 omnes
1240 2379 1528 2448 perierunt.
1575 2378 1640 2432 Et
1685 2376 1805 2431 ideo
1842 2376 2019 2432 locum

437 2488 649 2543 quoque
671 2471 978 2542 signiﬁcans
1017 2470 1159 2525 unde
1195 2477 1492 2534 venerunt,
1538 2468 1812 2540 subiunxit
1853 2468 2017 2532 illud,

438 2565 670 2619 Thai-sis.
701 2563 776 2619 lta
800 2563 960 2619 etiam
988 2562 1301 2633 signiﬁcavit
1329 2561 1582 2616 llebrteus
1608 2575 1703 2629 per
1714 2560 2019 2626 dictionem,

438 2672 597 2726 quam
628 2665 803 2710 vestra
830 2668 992 2709 causa
1020 2653 1310 2723 adiecimus
1352 2652 1405 2706 in
1451 2651 1678 2707 lectione
1718 2659 2020 2706 contextus.

440 2749 536 2803 Vel
579 2749 681 2802 hoc
705 2763 833 2818 ergo
859 2746 966 2802 dici
996 2753 1204 2818 potest,
1236 2745 1321 2801 vel
1361 2745 1486 2799 illud
1513 2745 1654 2816 quod
1701 2754 1827 2801 ante
1878 2744 2022 2811 dixi,

440 2840 888 2910 quemadmodum
934 2853 1099 2894 naves
1139 2837 1363 2894 That-sis
1406 2837 1692 2893 vehemens
1716 2846 1907 2894 ventus
1954 2838 2027 2893 ir-

440 2948 601 2989 ruens
624 2948 767 3004 saepe
803 2932 1051 2988 contrivit
1084 2952 1099 2986 :
1133 2931 1202 2985 ita
1231 2931 1389 2986 etiam
1436 2931 1830 2988 multitudinem
1881 2931 2026 2987 illam

442 3027 582 3080 Deus
611 3026 964 3082 conturbavit.
992 3024 1046 3079 9.
1069 3023 1212 3081 Sicut
1241 3024 1525 3078 audivimus
1548 3066 1563 3091 ,
1601 3039 1669 3078 si;
1717 3023 1933 3078 vidimus
1972 3025 2026 3078 in

441 3119 636 3172 civitate
668 3117 870 3172 Domini
889 3118 1155 3181 virtutum,
1176 3117 1232 3170 in
1258 3116 1456 3170 civitate
1478 3114 1573 3170 Dei
1613 3115 1793 3171 nostri.
1837 3115 2027 3170 Vidisti

443 3207 715 3276 quomodo
742 3208 958 3278 exponit
974 3207 1024 3261 id
1039 3205 1180 3277 quod
1206 3216 1288 3261 est
1313 3207 1583 3277 superius,
1602 3205 1737 3261 Bene
1751 3205 1989 3263 radicum
2002 3209 2030 3263 f

447 3300 564 3354 Non
608 3299 737 3354 dixit
767 3300 909 3353 enim
932 3338 947 3364 ,
984 3298 1085 3367 Qui
1114 3299 1250 3355 bene
1297 3299 1584 3367 radicavit,
1626 3299 1740 3365 sed,
1779 3299 1916 3355 Bene
1944 3317 2029 3354 ra-

444 3394 660 3447 dicans:
693 3391 793 3446 hoc
836 3401 938 3459 est,
980 3392 1190 3448 assidue
1232 3392 1536 3463 providens,
1583 3393 1797 3449 assidue
1843 3407 2027 3447 curam

444 3497 656 3549 gerens,
701 3480 911 3536 assidue
937 3482 1199 3537 muniens.
1250 3482 1536 3553 Postquam
1578 3482 1721 3536 enim
1750 3481 1884 3537 dixit
1911 3498 2030 3552 qua:

447 3586 574 3630 tunc
613 3575 981 3643 contigerunt,
1012 3573 1081 3628 ad
1107 3587 1196 3628 res
1246 3573 1491 3643 antiquas
1517 3573 1808 3629 narrandas
1845 3588 2031 3629 rursus

446 3665 710 3722 convertit
738 3667 1057 3732 orationem,
1087 3667 1376 3722 ostendens
1407 3667 1520 3722 haec
1547 3666 1743 3723 habere
1772 3682 1892 3723 cum
1927 3668 2031 3723 illis

450 3760 787 3818 afﬁnitatem.
812 3759 941 3826 Qua:
965 3760 1109 3816 enim
1132 3800 1147 3828 ,
1172 3759 1373 3830 inquit,
1403 3758 1582 3814 verbis
1610 3759 1911 3815 audivimus
1932 3802 1945 3824 ,
1968 3774 2030 3814 ea

453 3853 606 3908 factis
633 3852 881 3921 vidimus,
917 3852 1163 3908 victorias
1188 3851 1304 3919 Dei,
1338 3861 1536 3921 tropica
1559 3893 1572 3914 ,
1604 3867 1786 3907 curam
1817 3867 1879 3906 ac
1911 3866 2032 3923 pro-

451 3947 759 4014 videntiam,
816 3955 871 4002 et
920 3961 1037 4017 qua:
1075 3946 1379 4016 Opinionem
1437 3955 1690 4015 superant
1751 3946 2029 4000 miracula.

454 4037 594 4091 Deus
621 4038 765 4092 enim
792 4051 1077 4105 numquam
1106 4036 1520 4090 intermisitth
1536 4035 1733 4092 facere.
1756 4036 1884 4105 Ejus
1906 4050 2035 4106 ergo

453 4136 538 4181 est
563 4136 618 4183 et
645 4126 874 4182 liberare
898 4142 930 4181 a
958 4126 1205 4197 periculis
1222 4166 1237 4193 ,
1271 4134 1325 4181 et
1352 4126 1615 4184 deducere
1638 4128 1706 4183 ad
1732 4129 1822 4183 Dei
1850 4128 2036 4199 cogni-

456 4218 677 4272 tionem.
709 4216 873 4271 Recte
901 4226 1079 4271 autem
1109 4217 1350 4272 meminit
1377 4218 1632 4288 propheta
1662 4234 1847 4274 eorum
1869 4262 1884 4287 ,
1916 4237 2035 4291 qua:

457 4312 612 4380 longo
635 4317 759 4365 ante
784 4317 1023 4379 tempore
1058 4307 1193 4365 facta
1219 4319 1364 4366 sunt.
1391 4309 1679 4380 Oportebat
1704 4314 1843 4367 enim
1890 4327 1943 4369 et
1970 4330 2036 4368 ex

457 4402 730 4458 veteribus
758 4400 1169 4466 narrationibus,
1199 4412 1254 4456 et
1282 4418 1346 4457 ex
1367 4417 1557 4458 recens
1581 4403 1746 4472 gestis
1764 4404 1963 4469 doceri,
1985 4415 2041 4460 ut

456 4495 745 4549 crassiores
775 4509 839 4548 ex
880 4494 972 4560 iis,
1007 4509 1124 4563 qua:
1163 4493 1390 4561 fiebant,
1422 4494 1485 4550 iis
1513 4510 1727 4566 quoque
1753 4512 1871 4567 quin
1899 4497 2036 4553 facta

458 4595 612 4641 erant
637 4585 938 4651 crederent,
971 4596 1025 4641 et
1051 4586 1248 4656 duplex
1275 4587 1477 4642 lucrum
1507 4586 1764 4652 facerent,
1793 4602 2041 4662 essetque

460 4679 538 4732 eis
568 4679 768 4732 auditio
809 4694 904 4748 pro
935 4681 1069 4734 visu.
1103 4679 1240 4733 Deus
1269 4680 1500 4753 fuitdauit
1526 4696 1640 4735 eam
1680 4683 1734 4735 in
1776 4694 2039 4738 aeternum.

461 4771 549 4824 £0.
576 4770 932 4837 Suscepimus,
968 4768 1134 4835 Deus,
1182 4772 1577 4825 miseﬁcordiam
1616 4782 1754 4826 tuam
1782 4774 1834 4827 in
1877 4777 2042 4829 medio

464 4860 640 4931 populi
661 4861 751 4913 tui.
794 4859 971 4926 Alius,
1001 4858 1388 4915 zEstimauimus
1407 4902 1422 4927 ,
1454 4861 1624 4929 Deus,
1648 4865 2045 4921 misericordiam

464 4963 602 5004 mam
631 4950 683 5004 in
708 4950 870 5004 medio
899 4950 1072 5019 papufi
1102 4953 1232 5008 ltui.
1263 4951 1518 5008 chrazus
1547 4963 1753 5017 autem,
1785 4954 2045 5011 Ecltaluch

465 5045 749 5098 demnteuu.
778 5044 863 5098 Η.
889 5042 1180 5099 Secundum
1202 5060 1380 5098 nomen
1402 5052 1562 5110 tuum,
1598 5044 1733 5099 Deus
1752 5085 1767 5111 ,
1802 5047 1871 5101 sic
1894 5050 2045 5103 etiam

466 5138 578 5188 laus
603 5145 688 5188 fuit
702 5136 754 5188 in
782 5135 907 5201 ﬁnes
929 5142 1091 5188 terrm.

537 5230 591 5281 5.
615 5228 869 5296 Quoniam
891 5226 1118 5288 dixerat,
1140 5227 1267 5288 Qua:
1288 5226 1605 5289 audivitnuS,
1631 5243 1691 5281 ea
1718 5237 1771 5282 et
1796 5229 2046 5299 vidimus,

536 5333 553 5363 ι
583 5330 706 5392 Reg.
729 5330 824 5379 65$
842 5331 1009 5390 templi
1038 5331 1216 5393 (ναοῦ).
1237 5344 1350 5392 quae
1373 5334 1451 5379 est
1469 5343 1586 5378 vera
1609 5327 1777 5393 lectio,
1801 5329 2052 5384 Chrt'sost.

473 5394 638 5458 tamen
682 5395 805 5454 tegit
829 5396 997 5458 populi
1041 5392 1203 5455 (λαοῦ)
1236 5397 1407 5441 contra
1450 5395 1710 5441 veritatem
1744 5392 2054 5454 Hebraicam,

472 5451 656 5554 πίπδππ,
695 5451 837 5539 quod.
871 5451 951 5527 hic
1000 5451 1327 5554 exprimitur,
1373 5477 1539 5542 templi
1581 5477 1668 5528 lui.
1719 5479 1838 5554 Cum
1886 5451 2055 5554 autem

475 5551 850 5619 Curvsmtomus
882 5552 1068 5616 legerit
1118 5552 1168 5602 in
1223 5553 1400 5619 priore
1428 5555 1537 5604 loco
1562 5592 1575 5614 ,
1623 5551 1794 5619 populi
1829 5552 1927 5614 tui,
1970 5567 2053 5619 se-_

478 5612 691 5678 cundum
740 5612 1182 5678 exemplarsnum
1223 5612 1331 5678 'txx
1383 5612 1753 5678 Interpretum,
1808 5612 1921 5678 non
1947 5614 2054 5666 ausi

478 5673 945 5740 sumitsleetioneht
981 5673 1196 5724 alterius
1228 5673 1537 5740 interpretis
1560 5676 1707 5727 unius
1743 5675 1939 5740 Codicis
1967 5693 2054 5726 au-

479 5729 710 5839 ἳιοτέἔλιξε
739 5741 947 5796 mutare,
972 5749 1084 5784 cum
1110 5738 1320 5787 maxime
1355 5729 1439 5789 ille
1467 5754 1573 5788 eam
1614 5741 1880 5788 lectionem
1929 5737 2052 5789 infra

527 5804 571 5839 ἰι
630 5806 654 5839 a
683 5829 694 5838 .

527 5804 598 5849 ‘pc
608 5804 694 5839 tat.

1106 333 1160 389 S.
1201 326 1478 387 JOANNIS
1514 314 1983 379 CllRYSOSTOMl
2026 311 2344 370 ARCHIEP.
2383 314 2921 373 CONSTANTINOP.

3614 320 3722 378 320

2115 443 2254 481 nunc
2282 427 2409 482 dicit
2434 438 2490 483 et
2512 429 2640 499 quid
2662 431 2921 500 audierit,
2950 442 3003 486 et
3026 432 3149 503 quid
3173 434 3383 490 viderit.
3409 434 3557 503 Quid
3586 451 3721 506 ergo

2113 521 2333 587 audivit,
2355 530 2411 575 et
2431 522 2557 592 quid
2596 522 2763 577 vidit?
2790 524 2941 590 Quod
2975 525 3065 581 Dei
3090 528 3259 597 gratia
3288 528 3474 583 reddit
3518 530 3719 584 civita-

2115 625 2218 669 tem
2240 614 2530 672 firmiorem
2551 626 2605 671 et
2629 617 3020 674 inconcussam.
3074 620 3187 675 Hoc
3211 629 3294 675 cst
3319 623 3471 677 enim
3519 624 3569 677 ei
3600 621 3724 676 fun-

2113 705 2442 773 damentum,
2469 706 2569 763 hoc
2595 709 2778 775 robur,
2804 711 2905 765 hoc
2923 726 3039 765 eam
3067 711 3188 768 facit
3213 714 3722 786 inexpugnabilem,

2116 812 2221 851 non
2250 796 2495 853 humanae
2517 814 2648 869 opes
2676 810 2729 856 et
2745 802 3017 870 auxilium,
3053 820 3156 859 non
3187 804 3266 859 vis
3290 822 3602 874 armorum,
3622 823 3725 864 nec

2117 898 2290 943 turres
2326 896 2381 943 et
2404 890 2629 957 moenia;
2653 892 2746 946 sed
2774 892 2942 963 quid?
2970 894 3109 949 Deus
3137 910 3254 950 eam
3282 899 3423 967 regit
3447 906 3507 953 et
3546 899 3727 953 conti-

2117 989 2228 1035 net.
2247 981 2358 1035 lloe
2378 983 2518 1036 enim
2540 997 2635 1037 eos
2651 984 2881 1039 maxime
2897 985 3074 1040 doceri
3098 990 3352 1057 Oportuit,
3374 999 3430 1042 et
3450 989 3723 1059 pri-pheta

2117 1072 2332 1127 assidue
2361 1073 2480 1128 illos
2505 1088 2571 1129 eo
2590 1074 2827 1130 deducit.
2854 1076 3202 1147 Suscepimus,
3230 1075 3395 1143 Deus,
3427 1081 3730 1134 misericor-

2118 1165 2257 1218 diam
2277 1175 2415 1219 tnam
2442 1166 2494 1219 in
2523 1168 2684 1221 medio
2706 1168 2881 1239 pepuli
2908 1170 3000 1223 tui.
3025 1170 3161 1236 Quid
3191 1180 3293 1226 est.
3331 1172 3677 1242 Suscepimus
3700 1173 3727 1227 .’

2119 1254 2481 1327 Speravimus,
2510 1260 2960 1329 exspectavimus,
2984 1262 3329 1332 cognovimus
3352 1272 3505 1318 tuam
3532 1265 3729 1318 imma-

2120 1352 2339 1405 nitatem
2361 1360 2416 1406 et
2434 1351 2794 1408 clementiam.
2826 1352 3088 1421 Quoniam
3115 1355 3258 1410 enim
3284 1355 3424 1411 dixit
3448 1397 3466 1424 ,
3503 1357 3726 1413 Funda-

2119 1445 2213 1511 vit,
2232 1445 2507 1511 radieavit,
2533 1445 2743 1511 muniit,
2772 1447 3063 1503 ostendens
3091 1458 3289 1504 tantam
3319 1449 3725 1519 providentiam

2121 1551 2226 1591 non
2254 1536 2517 1607 proficisci
2541 1553 2606 1592 ex
2635 1538 2842 1594 meritis
2871 1553 3058 1594 eorum
3079 1541 3167 1610 qui
3190 1556 3308 1597 eam
3328 1553 3722 1614 assequuntur,

2120 1629 2214 1684 sed
2246 1628 2537 1700 procedere
2562 1646 2628 1687 ex
2653 1631 2890 1687 bonitate
2915 1632 3031 1703 ejus
3052 1633 3141 1703 qui
3168 1633 3254 1689 illa
3293 1634 3447 1700 facit,
3481 1646 3538 1691 et
3561 1638 3725 1693 simul

2122 1723 2313 1776 volens
2342 1722 2532 1777 fastum
2556 1737 2740 1778 eorum
2771 1725 3126 1794 comprimere
3149 1768 3163 1792 ,
3192 1727 3271 1782 sic
3313 1728 3577 1799 loquutus
3603 1742 3723 1798 est,

2123 1814 2225 1869 hoc
2252 1814 2634 1885 propemodum
2650 1815 2876 1872 dicens:
2900 1816 3028 1872 Tute
3057 1829 3178 1874 sunt
3193 1822 3587 1877 misericordiae
3609 1824 3725 1878 haec

2121 1905 2376 1975 priet-lora
2404 1904 2636 1960 facinora
2660 1949 2674 1972 ,
2704 1915 2809 1962 tuae
2833 1909 3035 1978 gloriae,
3067 1920 3172 1964 tute
3200 1911 3478 1968 bonitatis.
3508 1913 3581 1968 Et
3603 1915 3725 1971 ideo

2122 1998 2431 2069 subiunxit:
2473 1999 2769 2054 Secundum
2813 2017 2994 2055 nomen
3031 2011 3207 2069 tuum,
3252 2002 3413 2071 Deus,
3444 2004 3522 2059 sic
3543 2007 3728 2062 etlaus

2123 2100 2209 2146 tua
2235 2095 2288 2145 in
2312 2092 2438 2161 ﬁnes
2453 2101 2618 2147 terra.
2648 2091 2808 2159 Laus,
2829 2094 3018 2165 inquit,
3037 2103 3124 2148 tua
3149 2110 3235 2150 res
3251 2096 3390 2151 adeo
3406 2096 3720 2169 pneclaras,

2123 2200 2344 2256 magnas
2383 2195 2439 2241 et
2479 2186 2825 2243 admirabiles
2870 2200 3143 2258 operatur,
3189 2190 3325 2245 adeo
3371 2195 3622 2250 excelsas
3671 2201 3724 2247 et

2123 2279 2403 2351 gloriosas.
2449 2279 2570 2335 Non
2619 2281 2762 2336 enim
2807 2280 2873 2335 ad
2923 2296 3227 2338 mensuram
3272 2299 3462 2341 curam
3509 2287 3723 2357 gessisti

2123 2388 2308 2429 eorum
2329 2389 2466 2445 quos
2495 2374 2755 2430 beneﬁcio
2783 2374 2982 2440 efficis,
3016 2391 3114 2432 nec
3145 2388 3364 2448 propter
3391 2396 3584 2435 eorum
3614 2397 3725 2438 nte-

2126 2465 2258 2534 rita,
2307 2467 2402 2522 sed
2450 2480 2546 2537 pro
2574 2475 2660 2521 tua
2710 2467 3095 2537 magnitudine.
3127 2467 3265 2525 Laus
3290 2485 3428 2543 ergo
3476 2483 3587 2539 tua,
3625 2474 3724 2530 hoc

2126 2569 2228 2623 est,
2258 2569 2346 2613 tua
2388 2559 2696 2627 celebratio,
2737 2575 2856 2630 quae
2907 2575 2972 2615 ex
3024 2562 3275 2631 operibus
3305 2564 3552 2635 profecta
3607 2576 3721 2635 est,

2128 2651 2253 2705 fecit
2283 2661 2339 2705 ut
2367 2651 2621 2722 praeclara
2650 2662 2737 2707 tua
2781 2650 2916 2707 facta
2957 2653 3353 2723 erulgarentur.
3392 2656 3552 2712 Facta
3580 2658 3721 2713 enim

2129 2744 2342 2800 fuerunt
2369 2745 2422 2799 in
2453 2743 2755 2809 Palmstina,
2785 2744 2879 2799 sed
2906 2753 3127 2815 propter
3165 2746 3440 2816 ingentem
3487 2751 3722 2819 ipsorum

2130 2836 2544 2908 magnitudinem
2585 2845 2945 2906 pervenerunt
2979 2837 3045 2891 ad
3096 2848 3367 2896 extremos
3418 2842 3553 2898 fines
3579 2844 3725 2899 Orbis

2131 2938 2392 2985 terrarum
2419 2971 2434 2995 ,
2487 2941 2540 2985 et
2566 2931 2652 3000 qui
2684 2939 2835 2986 erant
2853 2928 3039 3001 procul
3069 2930 3296 2997 remoti,
3347 2948 3416 2989 ea
3460 2935 3723 2991 sciebant.

2131 3023 2261 3090 Quae
2287 3022 2420 3078 facta
2445 3022 2621 3093 itaque
2649 3020 2859 3078 fuerant
2889 3023 2941 3078 in
2963 3021 3197 3094 .‘Egypto
3216 3064 3231 3088 ,
3263 3026 3526 3083 meretrix
3556 3026 3725 3082 llieri-

2131 3114 2347 3169 cuntina
2372 3115 2572 3168 sciebat
2593 3113 2780 3168 melius
2799 3129 2958 3183 quam
2990 3114 3052 3180 ii,
3084 3114 3172 3184 qui
3195 3114 3556 3174 interfuerant
3588 3117 3720 3189 (.Ios.

2131 3205 2185 3259 2.
2210 3204 2321 3277 10).
2350 3204 2556 3259 Rursus
2575 3219 2693 3275 qua:
2725 3205 2776 3258 iu
2805 3204 3084 3259 Palmstina
3112 3218 3428 3276 evenerant,
3458 3208 3492 3263 ii
3516 3222 3723 3279 quoque

2133 3298 2221 3367 qui
2268 3296 2320 3352 in
2350 3311 2569 3367 regione
2613 3297 2893 3352 Persarum
2937 3297 3277 3366 habitabant,
3328 3301 3720 3371 praedicabant;

2134 3403 2253 3459 quae
2283 3403 2467 3444 rursus
2487 3399 2632 3460 gesta
2664 3386 2875 3443 fuerant
2901 3388 2953 3444 in
2982 3389 3199 3445 Perside
3219 3432 3234 3457 ,
3263 3403 3529 3448 noverant
3557 3392 3646 3463 qui
3674 3393 3723 3446 in

2134 3482 2389 3538 extremis
2412 3481 2604 3535 finibus
2633 3492 2788 3536 terra:
2812 3482 3058 3553 agebant.
3091 3482 3431 3555 Quapropter
3459 3502 3551 3542 rex
3590 3501 3724 3556 quo-

2134 3592 2239 3647 que
2266 3575 2410 3630 misit
2431 3574 2612 3629 literas
2640 3589 2736 3646 per
2769 3576 3073 3631 universum
3100 3576 3284 3632 orbem
3318 3588 3500 3645 terrae,
3536 3577 3726 3648 prmdi-

2136 3682 2265 3722 cans
2289 3683 2353 3722 ea
2398 3682 2516 3738 quae
2555 3667 2607 3721 in
2647 3667 2864 3723 fornace
2893 3677 3186 3723 evenerant
3212 3668 3372 3741 (Dan.
3435 3673 3488 3726 5.
3519 3671 3631 3742 98).
3665 3669 3727 3724 Et

2139 3758 2259 3813 ideo
2287 3758 2373 3813 hic
2397 3774 2608 3829 quoque
2631 3774 2751 3812 cum
2775 3757 3017 3825 dixisset,
3051 3757 3190 3814 Laus
3220 3770 3307 3813 tua
3327 3762 3378 3815 in
3412 3763 3541 3832 ﬁnes
3560 3771 3723 3826 teme,

2138 3850 2411 3923 subiungit
2444 3869 2457 3905 :
2487 3850 2698 3905 Justitia
2718 3852 2870 3922 plena
2912 3860 2984 3907 est
3009 3853 3216 3907 dextera
3265 3863 3371 3909 tua.
3402 3855 3556 3925 Quod
3586 3856 3724 3909 enim

2138 3942 2353 3998 assidue
2383 3941 2560 3997 facere
2586 3942 2885 4007 consuevit,
2916 3943 3055 3998 utab
3082 3943 3146 3998 iis
3174 3960 3293 4014 qua:
3323 3961 3453 4018 erga
3485 3947 3726 4002 homines

2142 4037 2274 4093 ﬁunt
2301 4037 2557 4092 ascendat
2594 4035 2660 4091 ad
2691 4051 2752 4091 ea
2779 4077 2795 4102 ,
2836 4052 2956 4107 qua:
2994 4037 3061 4092 ad
3091 4037 3259 4107 ipsius
3289 4048 3535 4095 naturam
3566 4038 3723 4109 perti-

2141 4137 2302 4196 nent,
2346 4128 2449 4183 hoc
2472 4129 2633 4182 etiam
2664 4127 2790 4183 fecit
2826 4129 2878 4183 in
2908 4130 3157 4199 prmsenti
3184 4147 3197 4183 :
3231 4146 3338 4185 non
3372 4142 3431 4187 ut
3460 4133 3633 4200 aliqua
3662 4129 3723 4183 ad

2146 4221 2311 4274 Deum
2338 4218 2595 4273 accedere
2623 4228 2714 4272 aut
2741 4218 2809 4274 ab
2835 4235 2902 4274 eo
2930 4220 3184 4276 recedere
3210 4223 3543 4293 cogitemus,
3564 4221 3722 4285 absit;

2144 4310 2237 4365 sed
2257 4308 2507 4380 quoniam
2556 4309 2858 4364 infirmatur
2905 4326 3084 4367 sermo
3130 4321 3187 4368 et
3234 4314 3417 4385 lingua
3463 4317 3719 4378 humana,

2144 4410 2355 4473 oportet
2382 4401 2536 4457 dictis
2565 4401 2674 4456 Deo
2699 4401 2914 4473 dignum
2942 4418 3159 4459 sensum
3191 4407 3446 4464 tribuere.

2215 4492 2426 4548 Iustitia
2468 4493 2576 4548 Deo
2602 4493 2838 4549 colueret.
2865 4526 2935 4535 —
2963 4496 3093 4563 Quae
3118 4512 3244 4569 ergo
3277 4499 3372 4555 Dei
3402 4509 3604 4555 naturre
3631 4497 3723 4551 ad-

2146 4596 2291 4652 sunt,
2316 4599 2378 4640 ea
2404 4584 2569 4651 dicit,
2614 4600 2734 4655 qua:
2761 4594 2886 4641 sunt
2926 4586 3042 4657 eius
3066 4588 3376 4645 substantiae
3425 4591 3720 4660 conjuncta.

2147 4678 2399 4745 Quaenam
2429 4687 2608 4731 autem
2635 4691 2698 4732 ea
2739 4678 2901 4732 sunt?
2929 4677 3175 4744 Iustitia,
3216 4680 3414 4751 inquit,
3470 4683 3618 4753 plena
3657 4687 3726 4732 cst

2150 4771 2354 4823 dextera
2381 4779 2490 4823 tua.
2518 4766 2765 4824 Ostendit
2789 4771 2964 4837 enim,
3006 4785 3070 4825 ea
3121 4787 3240 4843 qua:
3293 4772 3427 4829 ﬁunt
3458 4789 3563 4828 non
3612 4784 3724 4826 esse

2150 4876 2214 4917 ex
2244 4861 2447 4916 meritis
2490 4876 2675 4917 eorum
2721 4877 2856 4932 quos
2882 4862 3141 4919 beneﬁcio
3161 4864 3343 4930 afﬁcit,
3376 4867 3470 4923 sed
3521 4881 3586 4919 ex
3636 4877 3724 4918 sua

2152 4951 2479 5017 substantia,
2517 4952 2768 5022 quoniam
2799 4953 2914 5024 ipsa
2944 4953 3059 5025 eius
3094 4956 3389 5012 substantia
3437 4957 3725 5013 delectatur

2148 5043 2351 5112 iustitia
2372 5082 2387 5109 ,
2418 5043 2626 5098 lastatur
2644 5045 2967 5115 benignitate
2991 5053 3047 5101 et
3065 5048 3366 5103 clementia.
3387 5049 3496 5103 Hoc
3522 5055 3599 5102 est
3615 5045 3727 5114 eius

2153 5150 2322 5204 Opus,
2355 5134 2470 5191 haec
2498 5144 2580 5190 est
2621 5136 2737 5205 eius
2768 5139 3100 5193 consuetudo
3120 5180 3135 5205 ,
3182 5150 3237 5196 et
3260 5141 3380 5197 ideo
3430 5150 3568 5195 tanta
3594 5136 3724 5192 accio

2156 5227 2370 5296 piebant
2412 5228 2481 5283 ab
2506 5242 2572 5283 eo
2616 5229 2892 5284 beneﬁcia.
2924 5230 3381 5298 Quemadmodum
3429 5233 3567 5288 enim
3599 5227 3726 5300 ignis

2157 5329 2240 5375 est
2265 5320 2595 5384 calefacere,
2625 5329 2680 5376 et
2726 5321 2854 5376 solis
2883 5323 3147 5379 illustrare
3179 5345 3192 5379 :
3226 5327 3293 5379 ita
3322 5326 3477 5381 etiam
3505 5322 3615 5393 eius
3648 5326 3725 5373 est

2157 5411 2475 5468 benefacere
2499 5429 2513 5477 ;
2545 5413 2651 5468 imo
2680 5428 2807 5468 vero
2833 5429 2899 5470 ne
2924 5414 3002 5470 sic
3031 5416 3244 5486 quidem
3265 5458 3282 5483 ,
3309 5419 3402 5473 sed
3445 5418 3594 5485 longe
3621 5425 3725 5465 am-

2160 5505 2316 5574 plius.
2350 5505 2416 5559 Et
2454 5505 2573 5561 ideo
2622 5506 2700 5560 sic
2737 5522 2950 5577 quoque
2987 5507 3117 5562 dixit
3150 5527 3163 5561 :
3209 5508 3420 5564 Iustitia
3464 5508 3609 5579 plena
3658 5509 3725 5555 es:

2160 5594 2367 5648 dextera
2410 5605 2530 5661 tua,
2585 5595 2700 5664 eius
2755 5596 3119 5663 affluentiam,
3168 5601 3419 5671 illamque
3466 5598 3576 5668 ejus
3612 5606 3724 5647 esse

2165 5684 2474 5741 substantiae
2499 5687 2857 5757 coniunctam,
2886 5689 3213 5758 significans.
3246 5692 3330 5745 i2.
3359 5691 3571 5745 Laetetur
3596 5694 3723 5735 mou:

2171 5778 2317 5845 Sion,
2354 5788 2397 5831 cf
2436 5780 2681 5832 exsultent
2725 5782 2846 5849 ﬁlia:
2888 5782 3114 5847 Juda’a’,
3154 5793 3360 5853 propter
3385 5779 3577 5852 judicia
3613 5784 3722 5833 tua:
