4064 6418
350 439 566 493 ϐάνετο.
628 432 862 506 Μυρίων
891 433 999 506 γάρ
1032 431 1200 487 ἐθνῶν
1247 429 1588 484 ἐπελθόντων
1630 425 1811 496 (τοῦτο
1837 422 1948 493 γὰρ

353 527 444 582 διὰ
461 524 557 579 τοῦ
591 523 835 597 πλήθους
872 523 978 576 τῶν
1011 521 1273 591 βασιλέων
1308 518 1502 591 δηλοῖ),
1528 518 1624 571 καὶ
1643 516 1741 585 οὐχ
1762 512 1949 576 ἀπλῶς

353 613 714 678 ἐπελθόντων,
745 609 885 664 ἀλλά
908 608 1430 681 συγκεκροτημένων
1465 605 1558 659 καὶ
1584 599 1948 671 συντεταγμέ-

354 721 483 765 νων,
502 699 726 755 τοιαῦτα
747 698 938 767 γέγονε
964 697 1286 768 πράγματα,
1305 695 1380 759 ὼς
1401 694 1599 756 αὐτοὺς
1627 687 1947 761 θαυμαστάς

354 788 681 860 γενομένους
696 786 808 840 τῶν
831 784 1146 856 παραδόξων
1167 782 1346 838 αὐτῶν
1359 781 1628 836 ἀπελθεῖν.
1660 777 1817 832 Οὕτω
1837 776 1947 849 γὰρ

354 884 385 934 ὁ
406 880 644 948 πόλεμος
691 875 1010 948 ἐτροποῦτο,
1043 875 1119 938 ὡς
1152 874 1361 944 νάρκης
1390 872 1484 926 καὶ
1514 871 1717 942 φρίκης
1742 868 1947 939 ἐμπλη-

357 968 583 1030 σθέντας
607 966 806 1028 αὐτοὺς
834 965 1157 1034 ἀναχωρεῖν·
1179 961 1275 1015 καὶ
1297 959 1434 1031 μετὰ
1463 957 1662 1025 πολλῆς
1677 956 1775 1025 τῆς
1798 955 1945 1023 ἀγω-

354 1057 475 1119 νίας
510 1054 804 1124 ἀπεπήδων
831 1054 883 1105 οἱ
914 1052 1099 1105 πολλοὶ
1140 1051 1266 1113 τοὺς
1304 1047 1518 1116 ὀλίγους
1549 1046 1849 1109 δείσαντες,
1892 1044 1943 1096 οί

357 1142 779 1213 συντεταγμένοι
824 1141 950 1203 τοὺς
978 1138 1361 1211 διῃρημένους,
1401 1136 1495 1190 καὶ
1526 1131 1823 1203 ὠδινούσης
1846 1147 1943 1199 γυ-

354 1232 542 1295 ναικὸς
593 1231 742 1285 οὐδὲν
790 1230 1012 1301 ἄμεινον
1044 1226 1323 1280 διέκειντο.
1370 1218 1529 1277 Ὅθεν
1555 1221 1732 1293 δῆλον,
1772 1219 1848 1283 ὼς
1880 1220 1941 1272 οὐ

355 1321 498 1376 κατά
528 1317 851 1372 ἀκολουθίαν
884 1315 1233 1388 ἀνθρωπίνην
1257 1312 1538 1382 όπόλεμος
1569 1307 1940 1380 κατωρθοῦτο,

352 1408 494 1462 ἀλλά
537 1406 668 1469 Θεὸς
709 1401 777 1477 ἦν
811 1406 840 1458 6
890 1404 990 1475 τὴν
1049 1403 1230 1473 μάχην
1293 1398 1636 1471 στρατηγῶν,
1680 1398 1707 1451 6
1746 1397 1842 1450 καὶ
1875 1395 1941 1448 τά

353 1498 681 1566 φρονήματα
731 1492 909 1546 αὐτῶν
959 1491 1020 1544 οὐ
1056 1490 1215 1561 μόνον
1250 1486 1625 1552 καταϐάλλων,
1680 1485 1816 1539 ἀλλά
1848 1485 1942 1538 καὶ

351 1585 453 1654 τὴν
482 1583 715 1637 διάνοιαν
738 1580 917 1635 αὐτῶν
943 1577 1267 1642 κατασείων,
1293 1577 1389 1632 καὶ
1414 1576 1609 1637 ὠδῖνας
1645 1574 1826 1638 αὐτοῖς
1858 1575 1944 1626 ἐν·

351 1669 541 1731 τιθεὶς,
582 1669 675 1722 καὶ
706 1668 942 1740 ἄρρητον
975 1667 1138 1736 φόϐον
1167 1664 1291 1718 τινὰ
1320 1664 1504 1726 αὐτοῖς
1548 1661 1938 1734 ἐργαςόμενος.

353 1756 466 1808 Καὶ
484 1754 678 1808 ταύτὸν
706 1754 946 1823 γέγονεν,
983 1748 1096 1806 οἷον
1134 1751 1201 1807 ἂν
1239 1754 1287 1805 εί
1322 1750 1509 1804 στόλου
1544 1748 1740 1803 πολλοῦ
1766 1765 1943 1802 ναυτι-

350 1842 453 1896 κοῦ
475 1841 839 1907 συνελθόντος,
861 1840 1078 1911 πνεῦμα
1104 1838 1343 1911 ἐμπεσὸν
1368 1837 1602 1910 χαλεπὸν
1629 1835 1938 1909 συντρίψειε

351 1930 532 1984 πάντα
566 1930 633 1985 τὰ
660 1929 839 1993 πλοῖα,
886 1928 980 1982 καὶ
1026 1925 1350 1982 καταδύσειε
1398 1926 1493 1990 τὰς
1540 1926 1805 1996 τριήρεις,
1845 1923 1940 1976 καὶ

353 2019 557 2091 πολλὴν
585 2017 780 2089 ἀθρόον
814 2015 1041 2088 ἐμϐάλοι
1083 2016 1183 2088 τὴν
1220 2017 1487 2087 ταραχήν.
1538 2012 1807 2068 Ἐνταῦθα
1830 2012 1939 2083 γάρ

353 2106 506 2181 [200]
540 2123 628 2178 μοι
649 2105 735 2159 διὰ
762 2105 854 2159 τοῦ
885 2104 1282 2175 ὐποδείγματος
1312 2102 1504 2157 τούτου
1539 2102 1601 2155 τό
1624 2118 1684 2153 τε
1718 2098 1940 2153 εύκολον

348 2197 453 2267 τῆς
474 2197 631 2267 νίκης
657 2195 804 2249 δοκεῖ
825 2192 1040 2265 δηλοῦν,
1058 2193 1155 2247 καὶ
1191 2193 1291 2263 τῆς
1316 2192 1561 2265 ταραχῆς
1586 2191 1686 2263 τὴν
1710 2189 1940 2260 ὐπερϐο·

349 2285 468 2355 λήν.
494 2282 607 2338 Καὶ
634 2281 743 2354 γὰρ
769 2280 1012 2352 ναυτικῷ
1053 2281 1390 2352 χρησάμενοι
1443 2278 1637 2349 στόλῳ,
1676 2278 1772 2331 καὶ
1794 2272 1939 2332 οὗτοι

352 2370 790 2443 παραγενόμενοι
820 2370 883 2422 ἐκ
906 2370 1124 2440 μακρᾶς
1144 2385 1290 2431 τινος
1319 2368 1415 2421 καὶ
1430 2366 1716 2438 ἀλλοτρίας
1731 2363 1936 2437 χώρας,

346 2455 540 2526 ὥσπερ
567 2455 673 2509 τινὶ
706 2452 975 2524 πνεύματι
1002 2451 1160 2523 βιαίῳ
1190 2455 1255 2523 τῇ
1290 2452 1425 2523 ὀργῇ
1452 2450 1546 2504 τοῦ
1572 2449 1706 2503 Θεοῦ
1738 2450 1939 2513 πάντες

347 2552 374 2582 ι
431 2538 731 2594 ἀπώλοντο.
762 2535 853 2589 Διὸ
905 2536 1120 2591 καὶτὸν
1166 2536 1334 2588 τόπον
1388 2532 1565 2605 δηλῶν
1599 2533 1721 2587 ὅθεν
1748 2529 1935 2605 ἦλθον,

345 2625 600 2694 ἐπήγαγε
629 2622 710 2688 τὸ,
742 2620 1014 2689 Θαρσεῖς.
1039 2617 1196 2673 οὕτω
1224 2621 1333 2692 γὰρ
1358 2619 1453 2672 καὶ
1485 2619 1513 2672 ό
1544 2618 1792 2691 Ἐϐραῖος
1817 2619 1938 2689 ἐδὴ-

346 2709 490 2762 λωσε
527 2707 615 2762 διὰ
638 2706 739 2778 τῆς
762 2706 979 2773 λέξεως,
1014 2704 1080 2776 ἢν
1120 2703 1215 2757 καὶ
1239 2701 1633 2775 παρεθήκαμεν
1654 2704 1808 2776 ὐμῶν
1834 2703 1935 2774 χά-

352 2811 437 2859 ριν
468 2795 549 2855 είς
600 2791 701 2862 τὴν
748 2790 1056 2858 ἀνάγνωσιν
1096 2785 1192 2840 τοῦ
1232 2786 1419 2858 ῥητοῦ.
1452 2788 1522 2840 Ἢ
1560 2787 1721 2842 τοῦτο
1756 2788 1936 2840 τοίνυν

350 2879 498 2932 ἔστιν
532 2876 725 2937 εἰπεῖν,
756 2874 789 2945 ἢ
822 2875 998 2925 ἐκεῖνο
1020 2871 1047 2924 ὃ
1082 2869 1393 2941 ἔμπροσθεν
1424 2863 1601 2936 εἶπον,
1641 2872 1722 2925 ὄτι
1744 2870 1935 2941 ὥσπερ

344 2961 417 3014 τὰ
454 2959 612 3013 πλοῖα
642 2958 874 3029 Θαρσεῖς
906 2957 1104 3026 ἀνεμος
1133 2955 1368 3026 χαλεπὸς
1392 2954 1650 3025 ἐμπεσὼν
1691 2956 1936 3026 συνέτρι-

345 3045 418 3114 ψε
456 3042 737 3104 πολλάκις,
752 3040 895 3093 οὕτω
935 3038 998 3111 δὴ
1034 3040 1102 3093 τά
1142 3040 1321 3112 πλήθη
1356 3041 1540 3093 ἐκεῖνα
1576 3040 1937 3111 συνετάραξεν

348 3131 380 3183 ὁ
408 3128 557 3191 Θεός.
583 3124 864 3193 Καθάπερ
890 3124 1263 3193 ἠκούσαμεν,
1298 3124 1453 3178 οὕτω
1474 3124 1572 3177 καὶ
1600 3123 1843 3192 εἴδομεν
1866 3124 1938 3177 ἐν

356 3210 530 3264 πόλει
549 3208 769 3275 Κυρίου
802 3204 923 3260 τῶν
961 3206 1298 3276 δυνάμεων,
1330 3208 1402 3261 ἐν
1434 3208 1609 3261 πόλει
1649 3207 1755 3261 τοῦ
1785 3206 1935 3261 Θεοῦ

357 3292 540 3362 ἡμῶν.
574 3288 727 3355 Εἶδες
762 3291 879 3354 πῶς
908 3289 970 3342 τὸ
1012 3289 1285 3361 ἀνώτερον
1319 3289 1614 3361 ἐξηγεῖται,
1642 3290 1725 3351 τὸ,
1765 3292 1937 3359 Εὐρι-

352 3376 537 3442 (arb;
566 3377 638 3431 Οὐ
675 3376 784 3446 γὰρ
806 3370 979 3437 εἶπεν,
1012 3372 1337 3447 εὐριζώσας,
1361 3373 1799 3450 ἀλλ’,Είφιζὼκ
1817 3392 1937 3430 του-

348 3460 533 3522 τέστι,
565 3458 830 3531 διηνεκῶς
862 3457 1135 3529 προορῶν,
1181 3457 1444 3530 διηνεκῶς
1487 3460 1815 3531 κηδόμενος,
1854 3460 1935 3513 δι-

346 3545 561 3614 ηνεκῶς
592 3541 862 3615 τειχίζων.
898 3540 1077 3595 Εἰπὼν
1110 3543 1220 3613 γὰρ
1252 3543 1320 3595 τὰ
1348 3543 1634 3611 συμϐάντα
1668 3544 1812 3607 τότε,
1844 3542 1936 3597 ἐπὶ

345 3632 419 3683 τὸ.
444 3628 653 3681 παλαιά
684 3627 1003 3698 διηγήματα
1038 3626 1229 3693 ἀνάγει
1262 3626 1352 3679 τὸν
1388 3626 1566 3695 λόγον,
1595 3628 1813 3692 δεικνὺς
1851 3628 1934 3680 ὃτι

346 3714 522 3769 ταῦτα
551 3713 775 3766 ἐκείνων
806 3711 1062 3781 συγγενῆ.
1099 3712 1165 3763 "A
1197 3711 1306 3781 γάρ
1342 3710 1574 3780 εἴδομεν,
1613 3712 1798 3781 φησὶν,
1842 3711 1935 3764 ἐπὶ

345 3797 455 3849 τῶν
482 3796 761 3868 ῥημάτων,
788 3793 960 3848 ταῦτα
994 3796 1086 3846 ἐπὶ
1116 3794 1226 3845 τῶν
1254 3793 1433 3862 ἔργων
1460 3794 1808 3864 ἑωράκαμεν,
1834 3792 1934 3855 τὰς

349 3881 526 3942 νίκας,
554 3879 624 3932 τά
652 3878 891 3948 τρόπαια
918 3875 1010 3929 τοῦ
1041 3876 1196 3936 Θεοῦ,
1230 3876 1332 3947 τὴν
1363 3876 1709 3947 κηδεμονίαν,
1733 3876 1802 3930 τά
1828 3893 1933 3930 πα-

352 3962 550 4036 ράδοξα
588 3961 861 4032 θαύματα.
895 3961 970 4014 Οὐ
1006 3960 1119 4031 γὰρ
1164 3960 1449 4014 διέλιπενὸ
1480 3960 1613 4023 Θεὸς
1646 3960 1733 4013 ἀεὶ
1760 3959 1932 4014 ταῦτα

349 4046 741 4119 ἐργαζόμενος.
774 4046 936 4098 Ὥστε
983 4044 1147 4098 αὐτοῦ
1189 4046 1307 4097 ἐστι
1341 4044 1435 4097 καλ⁵
1468 4042 1728 4097 κινδύνων
1753 4044 1931 4097 ἀπαλ-

348 4132 586 4197 λάττειν,
603 4130 849 4201 καὶπρὸς
873 4127 1203 4197 θεογνωσίαν
1222 4131 1596 4200 χειραγωγεῖν.
1616 4130 1725 4182 Καὶ
1753 4128 1935 4192 καλῶς

345 4220 377 4269 ὁ
404 4217 690 4287 προφήτης
721 4213 1092 4285 ἐμνημόνευσε
1126 4211 1235 4265 τῶν
1266 4213 1372 4284 πρὸ
1396 4211 1591 4265 πολλοῦ
1627 4210 1717 4265 τοῦ
1740 4212 1934 4283 χρόνου

347 4299 679 4369 γενομένων.
719 4298 872 4351 Ἐπεὶ
899 4296 1008 4369 γὰρ
1039 4298 1133 4351 καὶ
1172 4297 1280 4350 ἀπὸ
1308 4296 1416 4350 τῶν
1462 4296 1706 4351 παλαιῶν
1742 4297 1936 4367 διηγη-

354 4382 564 4451 μάτων,
584 4381 679 4434 καὶ
700 4380 808 4433 ἀπὸ
837 4379 943 4433 τῶν
966 4379 1176 4450 νεαρῶν
1200 4378 1550 4433 παιδεύεσθαι
1580 4380 1775 4452 ἔργων,
1793 4379 1935 4433 ὥστε

346 4464 818 4536 τούςπαχυτέρους
853 4464 1033 4517 αὐτῶν
1071 4463 1180 4517 ἀπὸ
1208 4464 1317 4516 τῶν
1348 4464 1649 4533 γινομένων
1691 4465 1786 4517 καὶ
1822 4467 1935 4529 τοῖς

350 4546 454 4619 ἤδη
478 4549 865 4619 γεγενημένοις
892 4547 1191 4610 πιστεύειν,
1224 4548 1320 4601 καί¹
1344 4547 1564 4601 διπλοῦν
1591 4545 1934 4617 καρποῦσθαι

346 4630 412 4685 τὸ
440 4631 649 4702 κέρδος,
671 4632 767 4685 καὶ
784 4633 884 4703 τὴν
916 4631 1087 4702 ἀκοὴν
1115 4633 1301 4693 αὐτοῖς
1320 4631 1439 4684 ἀντὶ
1466 4630 1642 4698 ὅψεως
1664 4630 1929 4697 γίνεσθαι.

361 4716 419 4767 ’0
462 4714 608 4780 Θεὸς
633 4716 1032 4785 ἐθεμελίωσεν
1063 4714 1261 4783 αὐτὴν
1290 4716 1377 4779 εις
1414 4713 1523 4767 τὸν
1552 4714 1756 4769 αἰῶνα.
1795 4715 1933 4767 ’Υπ-

346 4797 663 4867 ελὰϐομεν,
690 4802 724 4853 ὀ
754 4798 1005 4864 Θεὸςιτὸ
1025 4798 1199 4864 ἔλεός
1222 4811 1341 4851 σου
1364 4796 1615 4866 ἐνμέσῳ
1643 4796 1751 4851 τοῦ
1777 4798 1932 4852 λαοῦ

347 4897 490 4935 σου.
514 4881 760 4953 Ἕτερος,
780 4880 1144 4950 Εὶκάσαμεν,
1170 4884 1203 4935 ό
1224 4880 1386 4946 Θεὸς,
1413 4878 1480 4933 τὸ
1508 4880 1682 4945 ἔλεός
1715 4897 1830 4934 σου
1863 4882 1933 4935 ἐν

341 4965 513 5035 μέσῳ
540 4965 646 5019 τοῦ
670 4965 825 5019 λαοῦ
851 4980 991 5021 σου.
1023 4964 1082 5019 '0
1103 4964 1161 5018 δὲ
1194 4963 1465 5036 Ἐϐραῖος,
1506 4964 1773 5032 Ἠχαλὰχ
1797 4964 1933 5033 δεμ-

339 5049 565 5119 μηνοῦ.
603 5049 766 5103 Κατὰ
792 5047 859 5102 τὸ
891 5046 1081 5116 ὄνομα
1112 5063 1250 5111 σου,
1288 5050 1321 5101 ό
1364 5047 1530 5112 Θεὸς,
1576 5048 1730 5101 οὕτω
1762 5049 1861 5102 καὶ
1892 5049 1930 5117 ἠ

344 5133 583 5200 αινεσίς
607 5147 723 5187 σου
744 5133 843 5187 ἐπὶ
877 5133 950 5187 τὰ
988 5132 1212 5201 πέρατα
1239 5130 1349 5201 τῆς
1386 5130 1513 5201 τῆς.

420 5223 491 5285 γ’.
531 5217 746 5287 Ἐπειδὴ
766 5214 940 5280 εἶπεν,
966 5218 1030 5268 Ἀ
1045 5215 1253 5285 ὴκούσα
1262 5232 1381 5285 μεν,
1398 5215 1572 5268 ταῦτα
1589 5216 1681 5269 καὶ
1698 5216 1931 5288 είδομεν,

342 5298 495 5368 λέγει
529 5302 623 5354 καὶ
649 5300 701 5353 τί
724 5300 947 5371 ἤκουσε,
981 5299 1077 5351 καὶ
1109 5298 1163 5350 τί
1198 5293 1329 5351 εἶδε.
1362 5297 1427 5350 Τί
1460 5292 1553 5351 οῦν
1582 5298 1803 5369 ἤκουσε,
1839 5299 1934 5353 καὶ

407 5458 436 5488 ⁸
463 5457 730 5519 Sequenlia
759 5459 831 5507 sic
873 5456 1113 5506 exhibent
1133 5455 1242 5519 duo_
1257 5468 1374 5504 mss.
1505 5455 1773 5519 ἀπώλοντο.
1800 5458 1931 5519 Θαρ-

343 5521 445 5576 οςιὶς
464 5521 517 5591 δὲ
535 5514 616 5568 τὸν
640 5520 787 5591 τόπον
809 5520 915 5591 ἐμ.ρὶ
948 5518 1078 5591 δοκεῖ
1102 5514 1292 5591 δηλρῦνο
1323 5518 1552 5591 καὶηάρηό
1581 5517 1801 5591 ξΕᾷραῖος
1816 5514 1930 5591 ταύ-

341 5599 406 5640 τῃ
428 5584 654 5644 κέχρηται
675 5587 734 5644 τῇ
759 5577 907 5644 φωνῇ.
937 5580 1022 5644 Διὸ
1048 5581 1129 5626 καὶ
1149 5579 1295 5644 αὐτην
1311 5580 1406 5644 Δτὴν
1438 5577 1695 5641 Ἒὸραῐκήν
1719 5580 1929 5641 παρεθή-

341 5639 651 5742 καμενλέξιν·
677 5639 877 5701 ἢτοῦτο
896 5642 1049 5689 τοίνυν
1071 5641 1230 5702 φησὶν,
1252 5642 1281 5695 ἢ
1305 5639 1472 5687 ἐκεῖνο.

476 5705 612 5742 “nnc
656 5705 838 5742 n'mﬂ'nL
874 5702 999 5742 Vidn.
1037 5715 1198 5742 suum-
1247 5701 1353 5742 Mox
1404 5714 1468 5742 lll'l

476 5705 612 5756 Unus
656 5705 839 5768 εὐρίζῳ.
874 5702 999 5753 Vide
1037 5700 1198 5763 stipra.
1247 5701 1355 5751 Mox
1404 5713 1529 5751 unus
1554 5700 1781 5759 διηνεκῶς
1812 5717 1929 5764 προ-

341 5784 482 5816 νοω-θ.

1432 305 1804 365 EXPOSITIO
1841 303 1908 360 IN
1949 303 2285 363 PSALMUM
2326 306 2541 364 XLVII.

3534 308 3641 365 2ἓο

2048 418 2387 486 τίεῖδε;Ὄτι
2406 422 2754 495 ἰσχυροτέραν
2778 424 2873 478 καὶ
2917 423 3140 497 ἀρραγῆ
3171 424 3204 496 ἡ
3243 424 3340 479 τοῦ
3373 423 3507 481 Θεοῦ
3537 429 3639 499 χά-

2048 527 2134 580 ρις
2162 511 2261 582 τὴν
2294 510 2447 564 πόλιν
2491 510 2802 584 ἐργάζεται.
2827 512 2998 565 Τοῦτο
3035 513 3145 586 γάρ
3190 515 3328 586 αὐτῇ
3365 514 3633 587 θεμέλιος,

2044 597 2203 653 τοῦτο
2230 601 2402 670 ἰσχὺς,
2424 598 2583 653 τοῦτο
2608 599 2904 670 ἀχείρωτον
2926 600 3095 673 αὐτὴν
3121 605 3284 667 ποιεῖ,
3304 603 3402 656 οὐκ
3426 604 3636 677 ἀνθρω-

2048 688 2182 758 πίνη
2215 687 2505 759 συμμαχία
2535 688 2631 741 καὶ
2660 687 2901 759 βοήθεια.
2931 687 3056 741 οῦτε
3083 690 3264 744 ὃπλων
3310 693 3485 761 ἰσχὺς,
3512 695 3634 748 οὐδὲ

2046 775 2248 847 πύργοι
2272 777 2366 830 καὶ
2384 774 2539 847 τείχη
2562 792 2576 806 ·
2606 775 2743 830 ἀλλὰ
2771 775 2855 843 τί;
2892 777 2950 829 Ὀ
2970 776 3100 841 Θεὸς
3130 779 3301 850 αὐτὴν
3328 780 3631 853 διακρατεῖ.

2045 865 2216 919 Τοῦτο
2232 866 2341 938 γὰρ
2372 867 2606 938 μάλιστα
2628 865 2979 921 παιδεύεσθαι
3001 867 3195 932 αὐτοὺς
3220 869 3346 934 ἔδει,
3380 872 3474 924 καὶ
3497 872 3633 942 πρὸς

2042 954 2202 1007 τοῦτο
2232 956 2431 1019 αὐτοὺς
2467 957 2496 1009 6
2534 955 2826 1027 Προφήτης
2860 952 3044 1023 ἐνάγει
3073 953 3356 1025 διηνεκῶς.
3388 957 3630 1013 Ὑπελὼ

2045 1042 2245 1111 ὄομεν,
2261 1045 2293 1095 ό
2311 1041 2474 1108 Θεὸς,
2493 1046 2558 1096 τὸ
2588 1042 2762 1108 ἔλεός
2781 1057 2897 1095 σου
2918 1042 2988 1095 ἐν
3004 1040 3171 1110 μέσῳ
3192 1043 3297 1099 τοῦ
3314 1044 3467 1098 λαοῦ
3492 1062 3631 1101 σου.

2044 1129 2110 1182 Τί
2141 1131 2310 1198 ἐστιν,
2360 1130 2804 1200 Ὑπελάϐομεν;
2838 1130 3200 1202 Ἠλπίσαμεν,
3227 1134 3634 1205 προσεδοκήσα-

2046 1234 2167 1287 μεν,
2193 1217 2440 1288 ἔγνωμεν
2458 1218 2555 1289 τὴν
2578 1217 2989 1289 φιλανθρωπίαν
3013 1220 3111 1289 τὴν
3134 1219 3252 1291 σήν.
3285 1221 3500 1293 Ἐπειδὴ
3522 1222 3633 1295 γὰρ

2042 1301 2216 1367 εἶπεν,
2237 1305 2983 1381 Ἕθεμελίωσεν,ἐρῤίζωσεν,
3014 1306 3268 1379 ἐτείχισε,
3305 1308 3520 1373 δεικνὺς
3549 1312 3631 1365 ὅτι

2044 1393 2197 1467 [201]
2222 1397 2254 1464 ἡ
2283 1395 2518 1467 τοσαύτη
2544 1396 2770 1468 πρόνοια
2793 1397 2854 1450 οὐ
2878 1395 3019 1451 κατά
3048 1397 3148 1468 τὴν
3172 1396 3331 1464 ἀξίαν
3360 1398 3469 1451 τῶν
3494 1400 3633 1454 ἀπο-

2039 1483 2336 1551 λαϐόντων,
2371 1486 2509 1541 ἀλλά
2551 1486 2695 1541 κατά
2732 1487 2831 1557 τὴν
2863 1486 3179 1558 ἀγαθότητα
3227 1488 3320 1542 τοῦ
3352 1490 3632 1556 ποιοῦντος

2040 1573 2271 1641 γίνεται,
2298 1576 2391 1627 καὶ
2414 1575 2529 1647 ἅμα
2551 1574 2720 1629 θέλων
2742 1575 2832 1628 τὸν
2853 1575 3020 1645 τῦφον
3044 1576 3222 1631 αὐτῶν
3251 1581 3628 1643 καταστεῖλαι,

2040 1663 2213 1727 οὕτως
2251 1659 2370 1718 εἷπε
2391 1709 2405 1729 ,
2448 1666 2730 1736 μονονουχὶ
2758 1664 2917 1719 τοῦτο
2956 1666 3131 1735 λέγων
3149 1681 3163 1696 ⁶
3190 1667 3294 1723 Σοῦ
3325 1669 3416 1723 τοῦ
3447 1670 3630 1735 ἐλέους

2042 1752 2158 1804 ἐστὶ
2186 1752 2357 1805 ταῦτα
2383 1753 2451 1805 τὰ
2483 1752 2907 1824 κατορθώματα,
2936 1755 3034 1825 τῆς
3062 1753 3222 1827 δόξης
3248 1756 3346 1828 τῆς
3377 1758 3494 1829 σῆς,
3529 1759 3632 1830 τῆς

2040 1839 2402 1911 ἀγαθωσύνης
2460 1842 2559 1911 τῆς
2593 1842 2713 1911 σῆς.
2758 1842 2849 1895 Διὸ
2894 1843 2988 1897 καὶ
3039 1845 3318 1914 ἐπήγαγε·
3349 1848 3511 1902 Κατὰ
3561 1849 3628 1902 τὸ

2042 1926 2231 1997 ὄνομά
2260 1943 2397 1995 σου,
2444 1932 2478 1982 ὀ
2511 1928 2675 1993 Θεὸς,
2712 1930 2866 1983 οὕτω
2899 1932 2996 1984 καὶ
3032 1932 3069 2000 ἡ
3103 1933 3341 2000 αἷνεσίς
3381 1951 3498 1989 σου
3529 1935 3628 1988 ἐπὶ

2040 2014 2112 2067 τὰ
2138 2014 2362 2083 πέρατα
2389 2014 2500 2083 τῆς
2532 2015 2663 2087 τῆς.
2692 2017 2763 2071 Ἡ
2799 2017 3037 2084 αἵνεσίς
3064 2036 3201 2085 σου,
3238 2023 3390 2093 φησὶ,
3428 2040 3627 2094 κατορ-

2040 2101 2271 2173 θώματα
2298 2102 2441 2156 οὐτω
2493 2104 2704 2174 μεγάλα
2747 2107 2894 2158 ποιεῖ
2932 2107 3024 2159 καὶ
3084 2106 3408 2182 θαυμαστὰ,
3451 2110 3627 2174 οὕτως

2040 2190 2222 2261 ὑψηλά
2255 2193 2349 2246 καὶ
2379 2192 2583 2260 ἔνδοξα.
2614 2192 2689 2246 οὐ
2720 2193 2829 2265 γὰρ
2858 2195 2999 2249 κατά
3020 2196 3082 2249 τὸ
3111 2197 3310 2268 μέτρον
3334 2198 3441 2252 τῶν
3472 2200 3629 2271 εὐερ-

2038 2280 2386 2349 γετουμένων
2418 2278 2519 2349 τὴν
2559 2279 2888 2351 κηδεμονίαν
2931 2283 3302 2347 ὲπεδείκνυσο,
3331 2286 3450 2340 οὐδὲ
3484 2288 3627 2342 κατὰ

2037 2365 2136 2437 τὴν
2164 2367 2345 2433 ἀξίαν,
2378 2367 2516 2422 ἀλλά
2546 2369 2689 2423 κατὰ
2717 2371 2775 2424 τὸ
2826 2370 3055 2441 μέγεθος
3078 2372 3139 2425 τὸ
3170 2373 3281 2426 σόν.
3327 2374 3390 2427 Ἠ
3422 2376 3628 2441 αἴνεσις

2037 2455 2237 2520 τοίνυν,
2278 2458 2556 2510 τουτέστιν
2581 2496 2595 2521 ,
2630 2460 2662 2528 ἡ
2693 2458 2940 2529 εὐφημία
2966 2462 2998 2531 ή
3048 2460 3157 2515 ἀπὸ
3185 2462 3293 2515 τῶν
3319 2461 3517 2533 ἔργων,
3558 2466 3628 2521 τά

2039 2541 2443 2614 κατορθώματα
2473 2546 2727 2616 ἐποίησεν
2760 2546 3082 2613 ἐξάκουστα.
3113 2549 3354 2618 Ἐγίνετο
3389 2552 3489 2622 μὲν
3517 2554 3628 2626 γὰρ

2040 2638 2098 2690 ἐν
2127 2638 2193 2707 τῇ
2228 2637 2584 2710 Παλαιστίνῃ,
2616 2637 2703 2692 διὰ
2730 2637 2785 2691 δὲ
2817 2637 2877 2692 τὸ
2923 2638 3152 2710 μέγεθος
3195 2642 3290 2695 καὶ
3336 2642 3425 2697 τὸν
3462 2643 3627 2713 δγκον

2039 2724 2210 2788 αὐτὰς
2233 2726 2332 2795 τῆς
2354 2725 2677 2795 οἰκουμένης
2703 2726 3082 2794 κατελάμϐανε
3103 2727 3202 2793 τὰς
3234 2730 3506 2800 ἐσχατιὰς,
3534 2733 3628 2786 καὶ

2038 2814 2087 2866 οἱ
2115 2812 2399 2884 πόρρωθεν
2445 2812 2599 2875 ὄντες
2630 2812 2810 2866 πάντα
2861 2812 3184 2883 ἐμάνθανον.
3219 2815 3301 2869 Τά
3344 2816 3395 2885 γ’
3428 2812 3521 2870 οὖν
3567 2819 3627 2872 ἐν

2039 2902 2300 2971 Αἰγύπτῳ
2338 2901 2627 2972 γενόμενα,
2661 2904 2694 2972 η
2740 2901 3089 2972 Ἰεριχουντία
3139 2904 3310 2977 πόρνη
3341 2905 3448 2958 τῶν
3488 2925 3631 2975 παρ-

2038 2988 2206 3042 όντων
2255 2990 2645 3061 ἀκριϐέστερον
2697 2990 2833 3061 ᾔδει.
2867 2992 3037 3045 Πάλιν
3071 2993 3141 3046 τὰ
3187 2995 3245 3047 ἐν
3294 2994 3624 3069 Παλαιστίνῃ

2041 3076 2324 3147 συμϐάντα
2361 3077 2455 3131 καὶ
2485 3078 2533 3130 οἱ
2567 3077 2666 3148 τὴν
2701 3078 2809 3131 τῶν
2853 3079 3079 3149 Περσῶν
3121 3078 3306 3152 χώραν
3346 3082 3627 3148 οἰκοῦντες

2037 3167 2437 3237 ἀνεκήρυττονο
2465 3166 2534 3221 τά
2570 3167 2629 3219 ἐν
2673 3167 2811 3238 αὐτῇ
2843 3171 2909 3239 τῇ
2944 3168 3165 3241 Περσίδι
3206 3168 3365 3224 πάλιν
3395 3171 3444 3225 οἱ
3488 3172 3627 3240 πρὸς

2036 3254 2106 3308 τὰ
2149 3254 2361 3326 πέρατα
2402 3256 2505 3324 τῆς
2544 3256 2648 3327 γῆς
2692 3255 2845 3320 ὄντες
2878 3256 3193 3325 ἐγίνωσκον.
3221 3259 3321 3312 Διά
3358 3259 3421 3331 δὴ
3467 3260 3627 3315 τοῦτο

2039 3345 2132 3398 καὶ
2157 3346 2185 3397 ὁ
2207 3343 2460 3414 βασιλεὺς
2485 3344 2572 3398 διὰ
2600 3344 2944 3415 γραμμάτων
2974 3345 3190 3416 ἔπεμπε
3218 3349 3495 3420 πανταχοῦ
3525 3350 3627 3419 τῆς

2037 3433 2185 3485 οίκου
2195 3432 2382 3503 μένης,
2410 3431 2802 3503 ἀνακηρύττων
2823 3432 2891 3485 τά
2915 3434 2972 3485 ἐν
2996 3436 3061 3503 τῇ
3096 3434 3331 3505 καμίνῳ.
3346 3436 3446 3489 Διά
3465 3436 3626 3490 τοῦτο

2038 3519 2130 3573 καὶ
2155 3514 2309 3582 οὗτος
2334 3518 2526 3587 εἰπὼν,
2561 3519 2670 3574 Καὶ
2700 3520 2737 3587 ἠ
2762 3520 3000 3585 αἷνεσίς
3023 3537 3140 3575 σου
3163 3523 3260 3576 ἐπὶ
3292 3524 3363 3577 τὰ
3400 3524 3626 3591 πέρατα

2036 3607 2149 3675 τῆς
2174 3606 2306 3677 γῆς,
2350 3608 2600 3677 ἐπήγαγε
2621 3624 2635 3637 ·
2666 3608 3066 3675 Δικαιοσύνης
3108 3610 3349 3678 πλήρης
3378 3612 3415 3679 ἡ
3455 3611 3626 3675 δεξιὰ

2037 3712 2174 3749 σου.
2217 3696 2395 3764 Ὅπερ
2426 3696 2523 3765 μὲν
2546 3694 2667 3757 ἔθος
2705 3693 2855 3765 αὐτῷ
2887 3697 3061 3748 ποιεῖν
3089 3696 3346 3766 συνεχῶς,
3381 3698 3491 3751 ἀπὸ
3515 3699 3625 3752 τῶν

2038 3785 2117 3842 εἰς
2140 3782 2464 3853 ἀνθρώπους
2484 3784 2783 3852 γινομένων
2805 3782 3115 3836 ἀναϐαίνειν
3140 3784 3231 3836 ἐπὶ
3257 3784 3325 3838 τὰ
3353 3786 3624 3856 προσόντα

2036 3868 2201 3923 αὐτοῦ
2237 3872 2301 3940 τῇ
2337 3868 2518 3938 φύσει,
2553 3870 2712 3923 τοῦτο
2745 3871 2839 3923 καὶ
2882 3871 2975 3923 ἐπὶ
3004 3870 3098 3923 τοῦ
3139 3873 3408 3942 παρόντος
3441 3877 3621 3926 ποιεῖ’

2038 3958 2135 4027 οὐχ
2165 3957 2252 4010 ἴνα
2271 3956 2627 4026 ἐπιγινόμενα
2653 3958 2748 4011 καὶ
2773 3958 3143 4026 ἀπογινόμενα
3170 3968 3192 3998 α
3217 3960 3519 4030 νοήσωμεν,
3548 3960 3623 4032 μὴ

2037 4046 2276 4113 γένοιτοο
2313 4044 2428 4098 ἀλλ’
2459 4043 2647 4116 ἐπειδὴ
2678 4044 2897 4098 ἀσθενεῖ
2923 4047 2951 4099 ὁ
2978 4046 3134 4114 λόγος
3161 4046 3253 4101 καὶ
3283 4049 3315 4119 ἡ
3351 4048 3565 4115 γλῶττα
3588 4051 3623 4121 ἡ

2038 4132 2378 4206 ἀνθρωπίνη,
2413 4133 2495 4187 δεῖ
2529 4133 2807 4205 θεοπρεπῆ
2853 4151 2974 4189 τινα
3023 4134 3232 4190 ἔννοιαν
3273 4137 3623 4207 προστιθέναι

2000 4226 2005 4237 ’
2037 4219 2115 4292 τῷ
2153 4221 2313 4293 λόγῳ.

2109 4348 2189 4401 Τά
2219 4349 2490 4420 προσόντα
2530 4346 2623 4404 οὗν
2654 4353 2719 4422 τῇ
2762 4348 2919 4418 φύσει
2951 4350 3042 4405 τοῦ
3080 4349 3216 4403 Θεοῦ
3249 4350 3418 4403 ταῦτα
3450 4350 3619 4419 λέγει,

2038 4435 2103 4490 τά
2137 4437 2547 4507 συνουσιωμένα
2579 4438 2747 4509 αὐτῷ.
2772 4439 2905 4491 Τίνα
2935 4438 2989 4491 δὲ
3016 4438 3189 4491 ταῦτά
3216 4437 3332 4489 ἐστι
3356 4455 3371 4500 ;
3398 4440 3623 4491 Δικαιο-

2038 4528 2235 4594 σύνης
2256 4527 2516 4595 πλήρης,
2550 4530 2736 4599 φησιν,
2770 4528 2809 4595 η
2844 4527 3013 4591 δεξιά
3047 4543 3183 4581 σου.
3224 4527 3620 4597 Δείκνυσιγάρ,

2039 4615 2119 4668 ὅτι
2143 4616 2203 4669 οὐ
2224 4615 2325 4685 τῆς
2346 4614 2500 4680 ἀξίας
2523 4611 2592 4685 ἦν
2618 4615 2725 4669 τῶν
2752 4615 3223 4686 εὐεργετουμένων
3246 4614 3313 4668 τὰ
3338 4614 3621 4686 γινόμενα,

2039 4702 2177 4756 άλλά
2201 4702 2302 4772 τῆς
2328 4702 2514 4766 οὐσίας
2541 4704 2643 4773 τῆς
2672 4702 2857 4769 αὐτοῦ,
2891 4702 3077 4774 ἐπειδὴ
3108 4703 3243 4773 αὐτὴ
3266 4703 3431 4756 αὐτοῦ
3465 4706 3498 4775 ή
3527 4704 3623 4757 οὐ-

2041 4789 2131 4843 σία
2178 4788 2494 4861 δικαιοσύνῃ
2558 4791 2767 4861 χαίρει,
2823 4790 3203 4862 φιλανθρωπία
3250 4791 3617 4862 εὐφραίνεται.

2039 4878 2211 4931 Τοῦτο
2246 4877 2405 4949 ἔργον
2432 4878 2620 4943 αὐτοῦ,
2660 4879 2820 4933 τοῦτο
2852 4879 2971 4943 ἔθος
3003 4879 3171 4951 αὐτῷ,
3220 4880 3314 4933 καὶ
3351 4878 3439 4932 διὰ
3464 4879 3623 4933 τοῦτο

2035 4965 2308 5036 τοσαύτης
2339 4966 2620 5038 ἀπήλαυον
2650 4967 2991 5041 εὐεργεσίας.
3017 4968 3225 5038 Ὥσπερ
3255 4967 3363 5040 γὰρ
3397 4966 3491 5021 τοῦ
3520 4983 3621 5019 πυ-

2040 5053 2133 5124 ρὸς
2169 5054 2230 5107 τὸ
2259 5054 2591 5125 θερμαίνειν,
2620 5056 2712 5109 καὶ
2746 5055 2897 5127 ἡλίου
2930 5055 2993 5108 τὸ
3042 5054 3296 5124 φωτίζειν
3318 5071 3331 5085 ·
3368 5054 3510 5107 οὕτω
3555 5052 3620 5125 δὴ

2038 5142 2132 5195 καὶ
2150 5141 2316 5196 αὐτοῦ
2340 5143 2398 5195 τὸ
2422 5144 2751 5214 εὐεργετεῖν,
2773 5144 2873 5212 οὐχ
2898 5141 3039 5195 οὓτω
3062 5141 3142 5207 δὲ,
3165 5139 3299 5194 ἀλλά
3322 5140 3416 5194 καὶ
3440 5137 3621 5208 πολλῷ

2041 5230 2260 5300 μᾶλλον.
2294 5232 2385 5284 Διὸ
2429 5232 2523 5285 καὶ
2558 5230 2730 5296 οὕτως
2760 5226 2906 5296 εἷπε,
2952 5229 3343 5295 Δικαιοσύνης
3382 5227 3620 5295 πλήρης

2038 5319 2077 5387 ἡ
2112 5318 2282 5383 δεξιά
2316 5334 2469 5386 σου,
2499 5320 2559 5372 τὸ
2597 5318 2850 5387 δαψιλὲς,
2895 5317 2956 5369 τὸ
3006 5317 3438 5384 συνουσιωμένον
3472 5312 3620 5384 αὐτῷ

2036 5410 2230 5481 δηλῶν.
2263 5410 2667 5480 Εὐφρονθήτω
2693 5410 2830 5476 ὄρος
2857 5407 3029 5473 Σιὼν,
3074 5407 3173 5461 καὶ
3204 5404 3619 5477 ἀγαλλιάσθω·

2036 5514 2160 5553 σαν
2190 5501 2249 5552 al
2285 5497 2601 5567 θυγατέρες
2624 5496 2734 5564 τῆς
2776 5494 3083 5561 Ἰουδαίας,
3114 5494 3322 5549 ἕνεκεν
3348 5494 3467 5548 τῶν
3495 5511 3620 5563 κρι-

2030 5584 2237 5655 μάτων
2260 5602 2397 5649 σου,
2437 5586 2633 5652 Κύριε.
2661 5582 2854 5646 Ἀλλος
2887 5582 3041 5653 φησὶ,
3075 5582 3179 5637 Διὰ
3217 5582 3446 5650 κρίσεις
3478 5597 3617 5636 σου.

2098 5762 2122 5794 ο
2145 5762 2227 5812 Sic
2260 5775 2373 5812 mss.
2399 5767 2449 5811 el
2472 5760 2582 5811 Sav.
2610 5762 2769 5809 reclc.
2802 5759 2855 5809 In
2883 5758 3000 5809 Mor.
3024 5759 3107 5807 καὶ
3132 5757 3446 5821 άπογινόμενα
3459 5757 3620 5808 deest.
