  <div class='ocr_page' id='page_1' title='image "/cluster/home/n/w/nwhite01/storage/ocr_20150623/55:no.5/coo.31924054869551/213.png"; bbox 0 0 4064 6412; ppageno 0'>
   <div class='ocr_carea' id='block_1_1' title="bbox 503 300 602 356">
    <p class='ocr_par' dir='ltr' id='par_1_1' title="bbox 503 300 602 356">
     <span class='ocr_line' id='line_1_1' title="bbox 503 300 602 356; baseline -0.02 -1"><span class='ocrx_word' id='word_1_1' title='bbox 503 300 602 356; x_wconf 67' lang='grc' dir='ltr'><em>εει</em></span> 
     </span>
    </p>
   </div>
   <div class='ocr_carea' id='block_1_2' title="bbox 505 411 2084 485">
    <p class='ocr_par' dir='ltr' id='par_1_2' title="bbox 505 411 2084 485">
     <span class='ocr_line' id='line_1_2' title="bbox 505 411 2084 485; baseline 0.002 -13"><span class='ocrx_word' id='word_1_2' title='bbox 505 419 870 473; x_wconf 71' lang='grc' dir='ltr'><em>Κυκλώσατε</em></span> <span class='ocrx_word' id='word_1_3' title='bbox 900 416 1072 483; x_wconf 87' lang='grc' dir='ltr'><em>Σιὼν,</em></span> <span class='ocrx_word' id='word_1_4' title='bbox 1101 417 1200 471; x_wconf 81' lang='grc' dir='ltr'><em>καί</em></span> <span class='ocrx_word' id='word_1_5' title='bbox 1234 416 1581 485; x_wconf 76' lang='grc' dir='ltr'><em>περιλάϐετε</em></span> <span class='ocrx_word' id='word_1_6' title='bbox 1618 414 1826 481; x_wconf 80' lang='grc' dir='ltr'><em>αὐτήν.</em></span> <span class='ocrx_word' id='word_1_7' title='bbox 1870 411 2084 473; x_wconf 73' lang='grc' dir='ltr'><em>’Δλλοςο</em></span> 
     </span>
    </p>
   </div>
   <div class='ocr_carea' id='block_1_3' title="bbox 505 507 2086 583">
    <p class='ocr_par' dir='ltr' id='par_1_3' title="bbox 505 507 2086 583">
     <span class='ocr_line' id='line_1_3' title="bbox 505 507 2086 583; baseline -0.004 -16"><span class='ocrx_word' id='word_1_8' title='bbox 505 515 601 567; x_wconf 79' lang='grc' dir='ltr'><em>καὶ</em></span> <span class='ocrx_word' id='word_1_9' title='bbox 622 511 978 583; x_wconf 76' lang='grc' dir='ltr'><em>περιέλθετε.</em></span> <span class='ocrx_word' id='word_1_10' title='bbox 995 513 1371 582; x_wconf 75' lang='grc' dir='ltr'><em>Διηγήσασθε</em></span> <span class='ocrx_word' id='word_1_11' title='bbox 1384 513 1455 567; x_wconf 80' lang='grc' dir='ltr'><em>ἐν</em></span> <span class='ocrx_word' id='word_1_12' title='bbox 1472 513 1598 579; x_wconf 82' lang='grc' dir='ltr'><em>τοῖς</em></span> <span class='ocrx_word' id='word_1_13' title='bbox 1614 513 1852 579; x_wconf 79' lang='grc' dir='ltr'><em>πύργοις</em></span> <span class='ocrx_word' id='word_1_14' title='bbox 1876 511 1951 563; x_wconf 85' lang='grc' dir='ltr'><em>αὑ</em></span> <span class='ocrx_word' id='word_1_15' title='bbox 1959 507 2086 577; x_wconf 82' lang='grc' dir='ltr'><em>τῆς.</em></span> 
     </span>
    </p>
   </div>
   <div class='ocr_carea' id='block_1_4' title="bbox 509 600 2085 676">
    <p class='ocr_par' dir='ltr' id='par_1_4' title="bbox 509 600 2085 676">
     <span class='ocr_line' id='line_1_4' title="bbox 509 600 2085 676; baseline -0.004 -19"><span class='ocrx_word' id='word_1_16' title='bbox 509 607 637 657; x_wconf 82' lang='grc' dir='ltr'><em>’Ἑτε</em></span> <span class='ocrx_word' id='word_1_17' title='bbox 648 622 757 676; x_wconf 83' lang='grc' dir='ltr'><em>ρος,</em></span> <span class='ocrx_word' id='word_1_18' title='bbox 794 602 1176 672; x_wconf 78' lang='grc' dir='ltr'><em>Ἀριθμήσατε</em></span> <span class='ocrx_word' id='word_1_19' title='bbox 1202 603 1342 670; x_wconf 84' lang='grc' dir='ltr'><em>τοὺς</em></span> <span class='ocrx_word' id='word_1_20' title='bbox 1366 605 1633 673; x_wconf 74' lang='grc' dir='ltr'><em>πύργους</em></span> <span class='ocrx_word' id='word_1_21' title='bbox 1654 600 2085 671; x_wconf 79' lang='grc' dir='ltr'><em>αὺτῆς.”Λλλος,</em></span> 
     </span>
    </p>
   </div>
   <div class='ocr_carea' id='block_1_5' title="bbox 518 694 2087 766">
    <p class='ocr_par' dir='ltr' id='par_1_5' title="bbox 518 694 2087 766">
     <span class='ocr_line' id='line_1_5' title="bbox 518 694 2087 766; baseline 0.005 -17"><span class='ocrx_word' id='word_1_22' title='bbox 518 697 930 751; x_wconf 80' lang='grc' dir='ltr'><em>Ἐπαινέσατε.</em></span> <span class='ocrx_word' id='word_1_23' title='bbox 964 696 1152 751; x_wconf 86' lang='grc' dir='ltr'><em>Θέσθε</em></span> <span class='ocrx_word' id='word_1_24' title='bbox 1195 698 1303 764; x_wconf 80' lang='grc' dir='ltr'><em>τὰς</em></span> <span class='ocrx_word' id='word_1_25' title='bbox 1338 697 1590 766; x_wconf 81' lang='grc' dir='ltr'><em>καρδίας</em></span> <span class='ocrx_word' id='word_1_26' title='bbox 1627 695 1795 763; x_wconf 84' lang='grc' dir='ltr'><em>ὑμῶν</em></span> <span class='ocrx_word' id='word_1_27' title='bbox 1847 696 1934 761; x_wconf 79' lang='grc' dir='ltr'><em>εις</em></span> <span class='ocrx_word' id='word_1_28' title='bbox 1971 694 2087 762; x_wconf 74' lang='grc' dir='ltr'><em>τὴν</em></span> 
     </span>
    </p>
   </div>
   <div class='ocr_carea' id='block_1_6' title="bbox 505 787 2086 860">
    <p class='ocr_par' dir='ltr' id='par_1_6' title="bbox 505 787 2086 860">
     <span class='ocr_line' id='line_1_6' title="bbox 505 787 2086 860; baseline 0.001 -20"><span class='ocrx_word' id='word_1_29' title='bbox 505 788 765 857; x_wconf 82' lang='grc' dir='ltr'><em>δύναμιν</em></span> <span class='ocrx_word' id='word_1_30' title='bbox 795 787 1004 856; x_wconf 81' lang='grc' dir='ltr'><em>αὐτῆς.</em></span> <span class='ocrx_word' id='word_1_31' title='bbox 1030 790 1276 860; x_wconf 85' lang='grc' dir='ltr'><em>Ἕτερος,</em></span> <span class='ocrx_word' id='word_1_32' title='bbox 1305 794 1410 858; x_wconf 83' lang='grc' dir='ltr'><em>Εἰς</em></span> <span class='ocrx_word' id='word_1_33' title='bbox 1438 791 1544 845; x_wconf 86' lang='grc' dir='ltr'><em>τὸν</em></span> <span class='ocrx_word' id='word_1_34' title='bbox 1569 793 1907 860; x_wconf 77' lang='grc' dir='ltr'><em>περίϐολον.</em></span> <span class='ocrx_word' id='word_1_35' title='bbox 1929 790 2086 842; x_wconf 82' lang='grc' dir='ltr'><em>Ἐτε-</em></span> 
     </span>
    </p>
   </div>
   <div class='ocr_carea' id='block_1_7' title="bbox 512 879 2083 951">
    <p class='ocr_par' dir='ltr' id='par_1_7' title="bbox 512 879 2083 951">
     <span class='ocr_line' id='line_1_7' title="bbox 512 879 2083 951; baseline 0.001 -19"><span class='ocrx_word' id='word_1_36' title='bbox 512 898 624 951; x_wconf 78' lang='grc' dir='ltr'><em>ρος,</em></span> <span class='ocrx_word' id='word_1_37' title='bbox 670 879 787 947; x_wconf 77' lang='grc' dir='ltr'><em>Τὴν</em></span> <span class='ocrx_word' id='word_1_38' title='bbox 812 882 1122 949; x_wconf 78' lang='grc' dir='ltr'><em>εὐπορίαν.</em></span> <span class='ocrx_word' id='word_1_39' title='bbox 1154 883 1263 936; x_wconf 80' lang='grc' dir='ltr'><em>Καὶ</em></span> <span class='ocrx_word' id='word_1_40' title='bbox 1291 884 1713 938; x_wconf 72' lang='grc' dir='ltr'><em>καταδιέλεσθε</em></span> <span class='ocrx_word' id='word_1_41' title='bbox 1740 882 1847 949; x_wconf 80' lang='grc' dir='ltr'><em>τὰς</em></span> <span class='ocrx_word' id='word_1_42' title='bbox 1871 882 2083 948; x_wconf 81' lang='grc' dir='ltr'><em>,ϐάρεις</em></span> 
     </span>
    </p>
   </div>
   <div class='ocr_carea' id='block_1_8' title="bbox 505 962 2080 1035">
    <p class='ocr_par' dir='ltr' id='par_1_8' title="bbox 505 962 2080 1035">
     <span class='ocr_line' id='line_1_8' title="bbox 505 962 2080 1035; baseline 0.003 -20"><span class='ocrx_word' id='word_1_43' title='bbox 505 962 716 1031; x_wconf 80' lang='grc' dir='ltr'><em>αὐτῆς.</em></span> <span class='ocrx_word' id='word_1_44' title='bbox 737 964 983 1034; x_wconf 83' lang='grc' dir='ltr'><em>Ἕτερος,</em></span> <span class='ocrx_word' id='word_1_45' title='bbox 1002 966 1438 1035; x_wconf 82' lang='grc' dir='ltr'><em>Διαμετρήσατε</em></span> <span class='ocrx_word' id='word_1_46' title='bbox 1461 968 1534 1021; x_wconf 80' lang='grc' dir='ltr'><em>τὰ</em></span> <span class='ocrx_word' id='word_1_47' title='bbox 1556 968 1844 1032; x_wconf 75' lang='grc' dir='ltr'><em>,Βασίλεια</em></span> <span class='ocrx_word' id='word_1_48' title='bbox 1869 965 2080 1029; x_wconf 81' lang='grc' dir='ltr'><em>αὐτῆς.</em></span> 
     </span>
    </p>
   </div>
   <div class='ocr_carea' id='block_1_9' title="bbox 507 1054 2086 1128">
    <p class='ocr_par' dir='ltr' id='par_1_9' title="bbox 507 1054 2086 1128">
     <span class='ocr_line' id='line_1_9' title="bbox 507 1054 2086 1128; baseline 0.003 -22"><span class='ocrx_word' id='word_1_49' title='bbox 507 1054 701 1121; x_wconf 85' lang='grc' dir='ltr'><em>Ὅπως</em></span> <span class='ocrx_word' id='word_1_50' title='bbox 724 1054 800 1109; x_wconf 79' lang='grc' dir='ltr'><em>ἂν</em></span> <span class='ocrx_word' id='word_1_51' title='bbox 821 1054 974 1128; x_wconf 69' lang='grc'><em>[202]</em></span> <span class='ocrx_word' id='word_1_52' title='bbox 991 1056 1364 1125; x_wconf 74' lang='grc' dir='ltr'><em>διηγήσησθε</em></span> <span class='ocrx_word' id='word_1_53' title='bbox 1378 1061 1465 1125; x_wconf 81' lang='grc' dir='ltr'><em>εἰς</em></span> <span class='ocrx_word' id='word_1_54' title='bbox 1485 1059 1699 1127; x_wconf 81' lang='grc' dir='ltr'><em>γενεὰν</em></span> <span class='ocrx_word' id='word_1_55' title='bbox 1726 1058 2086 1128; x_wconf 70' lang='grc' dir='ltr'><em>ἑτέραν-,Ἅλ-</em></span> 
     </span>
    </p>
   </div>
   <div class='ocr_carea' id='block_1_10' title="bbox 505 1146 2087 1219">
    <p class='ocr_par' dir='ltr' id='par_1_10' title="bbox 505 1146 2087 1219">
     <span class='ocr_line' id='line_1_10' title="bbox 505 1146 2087 1219; baseline 0.002 -19"><span class='ocrx_word' id='word_1_56' title='bbox 505 1147 617 1211; x_wconf 83' lang='grc' dir='ltr'><em>λος,</em></span> <span class='ocrx_word' id='word_1_57' title='bbox 640 1147 832 1215; x_wconf 84' lang='grc' dir='ltr'><em>Γενεᾷ</em></span> <span class='ocrx_word' id='word_1_58' title='bbox 844 1149 1327 1218; x_wconf 81' lang='grc' dir='ltr'><em>μεταγενεστέρᾳ.</em></span> <span class='ocrx_word' id='word_1_59' title='bbox 1349 1152 1475 1205; x_wconf 83' lang='grc' dir='ltr'><em>Ὀτι</em></span> <span class='ocrx_word' id='word_1_60' title='bbox 1497 1146 1674 1219; x_wconf 83' lang='grc' dir='ltr'><em>οὗτος</em></span> <span class='ocrx_word' id='word_1_61' title='bbox 1693 1153 1725 1205; x_wconf 85' lang='grc' dir='ltr'><em>ό</em></span> <span class='ocrx_word' id='word_1_62' title='bbox 1749 1150 1894 1217; x_wconf 80' lang='grc' dir='ltr'><em>Θεὸς</em></span> <span class='ocrx_word' id='word_1_63' title='bbox 1914 1150 2087 1219; x_wconf 81' lang='grc' dir='ltr'><em>ἡμῶν</em></span> 
     </span>
    </p>
   </div>
   <div class='ocr_carea' id='block_1_11' title="bbox 503 1239 2086 1313">
    <p class='ocr_par' dir='ltr' id='par_1_11' title="bbox 503 1239 2086 1313">
     <span class='ocr_line' id='line_1_11' title="bbox 503 1239 2086 1313; baseline 0.001 -18"><span class='ocrx_word' id='word_1_64' title='bbox 503 1240 711 1307; x_wconf 58' lang='lat' dir='ltr'><em>sig-213v</em></span> <span class='ocrx_word' id='word_1_65' title='bbox 731 1239 916 1294; x_wconf 84' lang='grc' dir='ltr'><em>αἰῶνα</em></span> <span class='ocrx_word' id='word_1_66' title='bbox 935 1241 1041 1295; x_wconf 83' lang='grc' dir='ltr'><em>τοῦ</em></span> <span class='ocrx_word' id='word_1_67' title='bbox 1060 1242 1292 1309; x_wconf 83' lang='grc' dir='ltr'><em>αἰῶνος.</em></span> <span class='ocrx_word' id='word_1_68' title='bbox 1317 1243 1507 1311; x_wconf 80' lang='grc' dir='ltr'><em>Αὐτὸς</em></span> <span class='ocrx_word' id='word_1_69' title='bbox 1533 1243 1812 1313; x_wconf 80' lang='grc' dir='ltr'><em>ποιμανεῖ</em></span> <span class='ocrx_word' id='word_1_70' title='bbox 1826 1243 1981 1312; x_wconf 78' lang='grc' dir='ltr'><em>ἡμᾶς</em></span> <span class='ocrx_word' id='word_1_71' title='bbox 1999 1246 2086 1310; x_wconf 84' lang='grc' dir='ltr'><em>εἰς</em></span> 
     </span>
    </p>
   </div>
   <div class='ocr_carea' id='block_1_12' title="bbox 508 1332 2088 1409">
    <p class='ocr_par' dir='ltr' id='par_1_12' title="bbox 508 1332 2088 1409">
     <span class='ocr_line' id='line_1_12' title="bbox 508 1332 2088 1409; baseline 0.002 -22"><span class='ocrx_word' id='word_1_72' title='bbox 508 1333 649 1399; x_wconf 83' lang='grc' dir='ltr'><em>τοὺς</em></span> <span class='ocrx_word' id='word_1_73' title='bbox 668 1332 907 1399; x_wconf 86' lang='grc' dir='ltr'><em>αἰῶνας.</em></span> <span class='ocrx_word' id='word_1_74' title='bbox 928 1333 995 1385; x_wconf 89' lang='grc' dir='ltr'><em>Τί</em></span> <span class='ocrx_word' id='word_1_75' title='bbox 1014 1334 1213 1405; x_wconf 83' lang='grc' dir='ltr'><em>δήποτε</em></span> <span class='ocrx_word' id='word_1_76' title='bbox 1249 1335 1423 1391; x_wconf 87' lang='grc' dir='ltr'><em>ταῦτα</em></span> <span class='ocrx_word' id='word_1_77' title='bbox 1450 1336 1907 1409; x_wconf 81' lang='grc' dir='ltr'><em>παρακελεύεται,</em></span> <span class='ocrx_word' id='word_1_78' title='bbox 1930 1354 2088 1408; x_wconf 91' lang='grc' dir='ltr'><em>περι-</em></span> 
     </span>
    </p>
   </div>
   <div class='ocr_carea' id='block_1_13' title="bbox 511 1428 2090 1505">
    <p class='ocr_par' dir='ltr' id='par_1_13' title="bbox 511 1428 2090 1505">
     <span class='ocr_line' id='line_1_13' title="bbox 511 1428 2090 1505; baseline 0.001 -22"><span class='ocrx_word' id='word_1_79' title='bbox 511 1430 647 1483; x_wconf 86' lang='grc' dir='ltr'><em>ιέναι</em></span> <span class='ocrx_word' id='word_1_80' title='bbox 668 1428 764 1500; x_wconf 76' lang='grc' dir='ltr'><em>τὴν</em></span> <span class='ocrx_word' id='word_1_81' title='bbox 786 1428 959 1493; x_wconf 89' lang='grc' dir='ltr'><em>πόλιν,</em></span> <span class='ocrx_word' id='word_1_82' title='bbox 975 1430 1225 1501; x_wconf 82' lang='grc' dir='ltr'><em>ἀριθμεῖν</em></span> <span class='ocrx_word' id='word_1_83' title='bbox 1244 1435 1369 1497; x_wconf 86' lang='grc' dir='ltr'><em>τοὺς</em></span> <span class='ocrx_word' id='word_1_84' title='bbox 1389 1432 1651 1505; x_wconf 78' lang='grc' dir='ltr'><em>πύργους,</em></span> <span class='ocrx_word' id='word_1_85' title='bbox 1665 1433 1952 1505; x_wconf 84' lang='grc' dir='ltr'><em>προσέχειν</em></span> <span class='ocrx_word' id='word_1_86' title='bbox 1971 1435 2090 1497; x_wconf 90' lang='grc' dir='ltr'><em>ταῖς</em></span> 
     </span>
    </p>
   </div>
   <div class='ocr_carea' id='block_1_14' title="bbox 505 1519 2092 1592">
    <p class='ocr_par' dir='ltr' id='par_1_14' title="bbox 505 1519 2092 1592">
     <span class='ocr_line' id='line_1_14' title="bbox 505 1519 2092 1592; baseline 0.003 -20"><span class='ocrx_word' id='word_1_87' title='bbox 505 1520 836 1590; x_wconf 68' lang='grc' dir='ltr'><em>οἰκοδομαῖς,</em></span> <span class='ocrx_word' id='word_1_88' title='bbox 854 1519 952 1591; x_wconf 79' lang='grc' dir='ltr'><em>τὴν</em></span> <span class='ocrx_word' id='word_1_89' title='bbox 972 1521 1305 1592; x_wconf 86' lang='grc' dir='ltr'><em>εὐπρέπειαν</em></span> <span class='ocrx_word' id='word_1_90' title='bbox 1321 1523 1488 1591; x_wconf 85' lang='grc' dir='ltr'><em>αὐτῆς</em></span> <span class='ocrx_word' id='word_1_91' title='bbox 1510 1522 1946 1589; x_wconf 74' lang='grc' dir='ltr'><em>ἀναλογίζεσθαι,</em></span> <span class='ocrx_word' id='word_1_92' title='bbox 1964 1523 2092 1587; x_wconf 82' lang='grc' dir='ltr'><em>τοὺς</em></span> 
     </span>
    </p>
   </div>
   <div class='ocr_carea' id='block_1_15' title="bbox 512 1610 2093 1684">
    <p class='ocr_par' dir='ltr' id='par_1_15' title="bbox 512 1610 2093 1684">
     <span class='ocr_line' id='line_1_15' title="bbox 512 1610 2093 1684; baseline 0.003 -21"><span class='ocrx_word' id='word_1_93' title='bbox 512 1610 833 1681; x_wconf 80' lang='grc' dir='ltr'><em>περιϐόλους</em></span> <span class='ocrx_word' id='word_1_94' title='bbox 868 1612 1039 1682; x_wconf 81' lang='grc' dir='ltr'><em>αὐτῆς</em></span> <span class='ocrx_word' id='word_1_95' title='bbox 1069 1613 1162 1666; x_wconf 67' lang='grc' dir='ltr'><em>καλ.</em></span> <span class='ocrx_word' id='word_1_96' title='bbox 1192 1613 1260 1666; x_wconf 65' lang='grc' dir='ltr'><em>τὰ</em></span> <span class='ocrx_word' id='word_1_97' title='bbox 1285 1614 1438 1684; x_wconf 84' lang='grc' dir='ltr'><em>τείχη</em></span> <span class='ocrx_word' id='word_1_98' title='bbox 1471 1614 1749 1684; x_wconf 74' lang='grc' dir='ltr'><em>ψηφίζειν,</em></span> <span class='ocrx_word' id='word_1_99' title='bbox 1784 1613 1884 1678; x_wconf 86' lang='grc' dir='ltr'><em>τάς</em></span> <span class='ocrx_word' id='word_1_100' title='bbox 1914 1614 2093 1677; x_wconf 86' lang='grc' dir='ltr'><em>οἰκίας</em></span> 
     </span>
    </p>
   </div>
   <div class='ocr_carea' id='block_1_16' title="bbox 508 1701 2093 1779">
    <p class='ocr_par' dir='ltr' id='par_1_16' title="bbox 508 1701 2093 1779">
     <span class='ocr_line' id='line_1_16' title="bbox 508 1701 2093 1779; baseline 0.004 -25"><span class='ocrx_word' id='word_1_101' title='bbox 508 1703 603 1755; x_wconf 78' lang='grc' dir='ltr'><em>καὶ</em></span> <span class='ocrx_word' id='word_1_102' title='bbox 640 1701 709 1755; x_wconf 77' lang='grc' dir='ltr'><em>τὰ</em></span> <span class='ocrx_word' id='word_1_103' title='bbox 743 1702 988 1772; x_wconf 90' lang='grc' dir='ltr'><em>βασίλεια</em></span> <span class='ocrx_word' id='word_1_104' title='bbox 1037 1706 1282 1775; x_wconf 85' lang='grc' dir='ltr'><em>μετρεῖν,</em></span> <span class='ocrx_word' id='word_1_105' title='bbox 1326 1705 1386 1757; x_wconf 91' lang='grc' dir='ltr'><em>οὐ</em></span> <span class='ocrx_word' id='word_1_106' title='bbox 1437 1706 1596 1777; x_wconf 84' lang='grc' dir='ltr'><em>χρεία</em></span> <span class='ocrx_word' id='word_1_107' title='bbox 1633 1707 1732 1777; x_wconf 91' lang='grc' dir='ltr'><em>τῆς</em></span> <span class='ocrx_word' id='word_1_108' title='bbox 1766 1708 1895 1779; x_wconf 85' lang='grc' dir='ltr'><em>παρ’</em></span> <span class='ocrx_word' id='word_1_109' title='bbox 1935 1705 2093 1777; x_wconf 79' lang='grc' dir='ltr'><em>ἡμῶν</em></span> 
     </span>
    </p>
   </div>
   <div class='ocr_carea' id='block_1_17' title="bbox 510 1794 2092 1870">
    <p class='ocr_par' dir='ltr' id='par_1_17' title="bbox 510 1794 2092 1870">
     <span class='ocr_line' id='line_1_17' title="bbox 510 1794 2092 1870; baseline 0.006 -26"><span class='ocrx_word' id='word_1_110' title='bbox 510 1794 835 1863; x_wconf 74' lang='grc' dir='ltr'><em>ἑρμηνείας·</em></span> <span class='ocrx_word' id='word_1_111' title='bbox 886 1794 1047 1857; x_wconf 84' lang='grc' dir='ltr'><em>αὐτὸς</em></span> <span class='ocrx_word' id='word_1_112' title='bbox 1080 1795 1270 1849; x_wconf 73' lang='grc' dir='ltr'><em>ἑαυτὸν</em></span> <span class='ocrx_word' id='word_1_113' title='bbox 1302 1798 1331 1849; x_wconf 86' lang='grc' dir='ltr'>ὁ</span> <span class='ocrx_word' id='word_1_114' title='bbox 1373 1796 1530 1865; x_wconf 82' lang='grc' dir='ltr'><em>λόγος</em></span> <span class='ocrx_word' id='word_1_115' title='bbox 1564 1799 1871 1870; x_wconf 74' lang='grc' dir='ltr'><em>σαφηνίζει,</em></span> <span class='ocrx_word' id='word_1_116' title='bbox 1906 1797 2092 1854; x_wconf 86' lang='grc' dir='ltr'><em>Εἰπὼν</em></span> 
     </span>
    </p>
   </div>
   <div class='ocr_carea' id='block_1_18' title="bbox 509 1885 2095 1963">
    <p class='ocr_par' dir='ltr' id='par_1_18' title="bbox 509 1885 2095 1963">
     <span class='ocr_line' id='line_1_18' title="bbox 509 1885 2095 1963; baseline 0.006 -25"><span class='ocrx_word' id='word_1_117' title='bbox 509 1887 619 1958; x_wconf 68' lang='grc' dir='ltr'><em>γὰρ</em></span> <span class='ocrx_word' id='word_1_118' title='bbox 651 1885 846 1948; x_wconf 88' lang='grc' dir='ltr'><em>ταῦτα,</em></span> <span class='ocrx_word' id='word_1_119' title='bbox 875 1887 969 1940; x_wconf 78' lang='grc' dir='ltr'><em>καὶ</em></span> <span class='ocrx_word' id='word_1_120' title='bbox 997 1888 1096 1957; x_wconf 77' lang='grc' dir='ltr'><em>τὴν</em></span> <span class='ocrx_word' id='word_1_121' title='bbox 1126 1888 1303 1940; x_wconf 84' lang='grc' dir='ltr'><em>αἰτίαν</em></span> <span class='ocrx_word' id='word_1_122' title='bbox 1332 1889 1536 1953; x_wconf 88' lang='grc' dir='ltr'><em>εὐθέως</em></span> <span class='ocrx_word' id='word_1_123' title='bbox 1570 1892 1899 1963; x_wconf 89' lang='grc' dir='ltr'><em>προσέθηκε.</em></span> <span class='ocrx_word' id='word_1_124' title='bbox 1926 1892 2095 1948; x_wconf 86' lang='grc' dir='ltr'><em>Ποίαν</em></span> 
     </span>
    </p>
   </div>
   <div class='ocr_carea' id='block_1_19' title="bbox 509 1978 2097 2052">
    <p class='ocr_par' dir='ltr' id='par_1_19' title="bbox 509 1978 2097 2052">
     <span class='ocr_line' id='line_1_19' title="bbox 509 1978 2097 2052; baseline 0.004 -21"><span class='ocrx_word' id='word_1_125' title='bbox 509 1979 573 2049; x_wconf 82' lang='grc' dir='ltr'><em>δὴ</em></span> <span class='ocrx_word' id='word_1_126' title='bbox 602 1979 837 2049; x_wconf 88' lang='grc' dir='ltr'><em>ταύτην;</em></span> <span class='ocrx_word' id='word_1_127' title='bbox 881 1980 1082 2045; x_wconf 79' lang='grc' dir='ltr'><em>Ὅπως</em></span> <span class='ocrx_word' id='word_1_128' title='bbox 1121 1978 1199 2033; x_wconf 82' lang='grc' dir='ltr'><em>ἂν</em></span> <span class='ocrx_word' id='word_1_129' title='bbox 1229 1979 1624 2050; x_wconf 76' lang='grc' dir='ltr'><em>διηγήσησθε,</em></span> <span class='ocrx_word' id='word_1_130' title='bbox 1666 1982 1849 2052; x_wconf 81' lang='grc' dir='ltr'><em>φησὶν,</em></span> <span class='ocrx_word' id='word_1_131' title='bbox 1877 1985 1965 2051; x_wconf 85' lang='grc' dir='ltr'><em>εἰς</em></span> <span class='ocrx_word' id='word_1_132' title='bbox 2001 2000 2097 2052; x_wconf 77' lang='grc' dir='ltr'><em>τε·</em></span> 
     </span>
    </p>
   </div>
   <div class='ocr_carea' id='block_1_20' title="bbox 507 2068 2095 2146">
    <p class='ocr_par' dir='ltr' id='par_1_20' title="bbox 507 2068 2095 2146">
     <span class='ocr_line' id='line_1_20' title="bbox 507 2068 2095 2146; baseline 0.004 -23"><span class='ocrx_word' id='word_1_133' title='bbox 507 2070 653 2123; x_wconf 79' lang='grc' dir='ltr'><em>νεὰν</em></span> <span class='ocrx_word' id='word_1_134' title='bbox 679 2070 908 2138; x_wconf 78' lang='grc' dir='ltr'><em>ἑτέραν.</em></span> <span class='ocrx_word' id='word_1_135' title='bbox 929 2073 994 2123; x_wconf 88' lang='grc' dir='ltr'>Ὃ</span> <span class='ocrx_word' id='word_1_136' title='bbox 1011 2071 1067 2123; x_wconf 82' lang='grc' dir='ltr'><em>δὲ</em></span> <span class='ocrx_word' id='word_1_137' title='bbox 1087 2070 1233 2140; x_wconf 82' lang='grc' dir='ltr'><em>λέγει</em></span> <span class='ocrx_word' id='word_1_138' title='bbox 1257 2072 1496 2125; x_wconf 83' lang='grc' dir='ltr'><em>τοιοῦτόν</em></span> <span class='ocrx_word' id='word_1_139' title='bbox 1521 2069 1690 2121; x_wconf 82' lang='grc' dir='ltr'><em>ἐστιν’</em></span> <span class='ocrx_word' id='word_1_140' title='bbox 1714 2068 2095 2146; x_wconf 83' lang='grc' dir='ltr'><em>Ἐμπλήσθητε</em></span> 
     </span>
    </p>
   </div>
   <div class='ocr_carea' id='block_1_21' title="bbox 507 2160 2094 2237">
    <p class='ocr_par' dir='ltr' id='par_1_21' title="bbox 507 2160 2094 2237">
     <span class='ocr_line' id='line_1_21' title="bbox 507 2160 2094 2237; baseline 0.006 -25"><span class='ocrx_word' id='word_1_141' title='bbox 507 2160 723 2230; x_wconf 67' lang='grc' dir='ltr'><em>ἡδονῆς,</em></span> <span class='ocrx_word' id='word_1_142' title='bbox 758 2160 985 2232; x_wconf 90' lang='grc' dir='ltr'><em>χάρητε,</em></span> <span class='ocrx_word' id='word_1_143' title='bbox 1026 2164 1376 2234; x_wconf 83' lang='grc' dir='ltr'><em>σκιρτήσατε.</em></span> <span class='ocrx_word' id='word_1_144' title='bbox 1420 2164 1580 2218; x_wconf 83' lang='grc' dir='ltr'><em>Ἀλλά</em></span> <span class='ocrx_word' id='word_1_145' title='bbox 1617 2166 1691 2237; x_wconf 80' lang='grc' dir='ltr'><em>μὴ</em></span> <span class='ocrx_word' id='word_1_146' title='bbox 1722 2164 1928 2230; x_wconf 85' lang='grc' dir='ltr'><em>ἁπλῶς,</em></span> <span class='ocrx_word' id='word_1_147' title='bbox 1960 2166 2094 2237; x_wconf 78' lang='grc' dir='ltr'><em>μηδὲ</em></span> 
     </span>
    </p>
   </div>
   <div class='ocr_carea' id='block_1_22' title="bbox 506 2251 2095 2328">
    <p class='ocr_par' dir='ltr' id='par_1_22' title="bbox 506 2251 2095 2328">
     <span class='ocr_line' id='line_1_22' title="bbox 506 2251 2095 2328; baseline 0.006 -25"><span class='ocrx_word' id='word_1_148' title='bbox 506 2252 584 2315; x_wconf 53' lang='grc' dir='ltr'><em>κὼς</em></span> <span class='ocrx_word' id='word_1_149' title='bbox 617 2251 827 2323; x_wconf 83' lang='grc' dir='ltr'><em>ἔτυχεν,</em></span> <span class='ocrx_word' id='word_1_150' title='bbox 861 2252 997 2306; x_wconf 89' lang='grc' dir='ltr'><em>ἀλλά</em></span> <span class='ocrx_word' id='word_1_151' title='bbox 1034 2254 1172 2325; x_wconf 89' lang='grc' dir='ltr'><em>μετὰ</em></span> <span class='ocrx_word' id='word_1_152' title='bbox 1223 2254 1509 2326; x_wconf 88' lang='grc' dir='ltr'><em>ἀκριϐείας</em></span> <span class='ocrx_word' id='word_1_153' title='bbox 1548 2256 1895 2327; x_wconf 79' lang='grc' dir='ltr'><em>καταμάθετε</em></span> <span class='ocrx_word' id='word_1_154' title='bbox 1926 2257 2095 2328; x_wconf 86' lang='grc' dir='ltr'><em>αὐτῆς</em></span> 
     </span>
    </p>
   </div>
   <div class='ocr_carea' id='block_1_23' title="bbox 506 2343 2094 2419">
    <p class='ocr_par' dir='ltr' id='par_1_23' title="bbox 506 2343 2094 2419">
     <span class='ocr_line' id='line_1_23' title="bbox 506 2343 2094 2419; baseline 0.003 -23"><span class='ocrx_word' id='word_1_155' title='bbox 506 2343 606 2414; x_wconf 84' lang='grc' dir='ltr'><em>τὴν</em></span> <span class='ocrx_word' id='word_1_156' title='bbox 657 2345 828 2414; x_wconf 88' lang='grc' dir='ltr'><em>ἰσχύν.</em></span> <span class='ocrx_word' id='word_1_157' title='bbox 883 2345 1100 2416; x_wconf 76' lang='grc' dir='ltr'><em>Ἐπειδὴ</em></span> <span class='ocrx_word' id='word_1_158' title='bbox 1142 2347 1251 2419; x_wconf 89' lang='grc' dir='ltr'><em>γάρ</em></span> <span class='ocrx_word' id='word_1_159' title='bbox 1310 2347 1548 2419; x_wconf 86' lang='grc' dir='ltr'><em>ἐρείπιον</em></span> <span class='ocrx_word' id='word_1_160' title='bbox 1596 2347 1854 2417; x_wconf 87' lang='grc' dir='ltr'><em>γέγονεν,</em></span> <span class='ocrx_word' id='word_1_161' title='bbox 1908 2349 2094 2419; x_wconf 81' lang='grc' dir='ltr'><em>ἐπειδὴ</em></span> 
     </span>
    </p>
   </div>
   <div class='ocr_carea' id='block_1_24' title="bbox 511 2434 2096 2510">
    <p class='ocr_par' dir='ltr' id='par_1_24' title="bbox 511 2434 2096 2510">
     <span class='ocr_line' id='line_1_24' title="bbox 511 2434 2096 2510; baseline 0.006 -25"><span class='ocrx_word' id='word_1_162' title='bbox 511 2434 804 2505; x_wconf 73' lang='grc' dir='ltr'><em>πρόρριζος</em></span> <span class='ocrx_word' id='word_1_163' title='bbox 848 2436 1162 2507; x_wconf 81' lang='grc' dir='ltr'><em>ἀνεσπάσθη</em></span> <span class='ocrx_word' id='word_1_164' title='bbox 1185 2479 1199 2502; x_wconf 93' lang='grc'><em>,</em></span> <span class='ocrx_word' id='word_1_165' title='bbox 1230 2439 1327 2492; x_wconf 74' lang='grc' dir='ltr'><em>καὶ</em></span> <span class='ocrx_word' id='word_1_166' title='bbox 1366 2439 1429 2491; x_wconf 81' lang='grc' dir='ltr'><em>τὸ</em></span> <span class='ocrx_word' id='word_1_167' title='bbox 1465 2438 1660 2507; x_wconf 87' lang='grc' dir='ltr'><em>ἔδαφος</em></span> <span class='ocrx_word' id='word_1_168' title='bbox 1691 2439 1863 2509; x_wconf 88' lang='grc' dir='ltr'><em>αὐτῆς</em></span> <span class='ocrx_word' id='word_1_169' title='bbox 1908 2440 2096 2510; x_wconf 81' lang='grc' dir='ltr'><em>σχεδὸν</em></span> 
     </span>
    </p>
   </div>
   <div class='ocr_carea' id='block_1_25' title="bbox 510 2524 2095 2601">
    <p class='ocr_par' dir='ltr' id='par_1_25' title="bbox 510 2524 2095 2601">
     <span class='ocr_line' id='line_1_25' title="bbox 510 2524 2095 2601; baseline 0.004 -22"><span class='ocrx_word' id='word_1_170' title='bbox 510 2524 778 2590; x_wconf 84' lang='grc' dir='ltr'><em>ἀπώλετο,</em></span> <span class='ocrx_word' id='word_1_171' title='bbox 822 2529 917 2581; x_wconf 81' lang='grc' dir='ltr'><em>καὶ</em></span> <span class='ocrx_word' id='word_1_172' title='bbox 946 2528 1275 2596; x_wconf 82' lang='grc' dir='ltr'><em>ἀπέγνωσαν</em></span> <span class='ocrx_word' id='word_1_173' title='bbox 1314 2530 1414 2601; x_wconf 82' lang='grc' dir='ltr'><em>τὴν</em></span> <span class='ocrx_word' id='word_1_174' title='bbox 1451 2530 1544 2583; x_wconf 71' lang='grc' dir='ltr'><em>ἐπὶ</em></span> <span class='ocrx_word' id='word_1_175' title='bbox 1573 2530 1635 2583; x_wconf 87' lang='grc' dir='ltr'><em>τδ</em></span> <span class='ocrx_word' id='word_1_176' title='bbox 1679 2530 1886 2601; x_wconf 89' lang='grc' dir='ltr'><em>βέλτιον</em></span> <span class='ocrx_word' id='word_1_177' title='bbox 1924 2532 2095 2601; x_wconf 83' lang='grc' dir='ltr'><em>αὐτῆς</em></span> 
     </span>
    </p>
   </div>
   <div class='ocr_carea' id='block_1_26' title="bbox 514 2616 2092 2692">
    <p class='ocr_par' dir='ltr' id='par_1_26' title="bbox 514 2616 2092 2692">
     <span class='ocr_line' id='line_1_26' title="bbox 514 2616 2092 2692; baseline 0.006 -26"><span class='ocrx_word' id='word_1_178' title='bbox 514 2616 840 2688; x_wconf 80' lang='grc' dir='ltr'><em>μεταϐολὴν,</em></span> <span class='ocrx_word' id='word_1_179' title='bbox 873 2619 949 2682; x_wconf 88' lang='grc' dir='ltr'><em>ώς</em></span> <span class='ocrx_word' id='word_1_180' title='bbox 978 2618 1179 2688; x_wconf 86' lang='grc' dir='ltr'><em>λέγειν,</em></span> <span class='ocrx_word' id='word_1_181' title='bbox 1208 2621 1369 2690; x_wconf 80' lang='grc' dir='ltr'><em>Ξηρὰ</em></span> <span class='ocrx_word' id='word_1_182' title='bbox 1396 2621 1603 2691; x_wconf 79' lang='grc' dir='ltr'><em>γέγονε</em></span> <span class='ocrx_word' id='word_1_183' title='bbox 1630 2619 1703 2675; x_wconf 81' lang='grc' dir='ltr'><em>τὰ</em></span> <span class='ocrx_word' id='word_1_184' title='bbox 1730 2621 1883 2677; x_wconf 78' lang='grc' dir='ltr'><em>ὀστᾶ</em></span> <span class='ocrx_word' id='word_1_185' title='bbox 1905 2622 2092 2692; x_wconf 78' lang='grc' dir='ltr'><em>ἡμῶν,</em></span> 
     </span>
    </p>
   </div>
   <div class='ocr_carea' id='block_1_27' title="bbox 504 2706 2097 2784">
    <p class='ocr_par' dir='ltr' id='par_1_27' title="bbox 504 2706 2097 2784">
     <span class='ocr_line' id='line_1_27' title="bbox 504 2706 2097 2784; baseline 0.006 -25"><span class='ocrx_word' id='word_1_186' title='bbox 504 2706 1070 2780; x_wconf 69' lang='grc' dir='ltr'><em>διαπεφωνήκαμεν,</em></span> <span class='ocrx_word' id='word_1_187' title='bbox 1106 2712 1602 2782; x_wconf 72' lang='grc' dir='ltr'><em>παρανηλώμεθα,</em></span> <span class='ocrx_word' id='word_1_188' title='bbox 1635 2714 1810 2769; x_wconf 88' lang='grc' dir='ltr'><em>καὶού</em></span> <span class='ocrx_word' id='word_1_189' title='bbox 1841 2715 2097 2784; x_wconf 87' lang='grc' dir='ltr'><em>προσεδό-</em></span> 
     </span>
    </p>
   </div>
   <div class='ocr_carea' id='block_1_28' title="bbox 511 2800 2094 2879">
    <p class='ocr_par' dir='ltr' id='par_1_28' title="bbox 511 2800 2094 2879">
     <span class='ocr_line' id='line_1_28' title="bbox 511 2800 2094 2879; baseline 0.006 -28"><span class='ocrx_word' id='word_1_190' title='bbox 511 2816 625 2851; x_wconf 88' lang='grc' dir='ltr'><em>κων</em></span> <span class='ocrx_word' id='word_1_191' title='bbox 659 2800 829 2872; x_wconf 80' lang='grc' dir='ltr'><em>αύτὴν</em></span> <span class='ocrx_word' id='word_1_192' title='bbox 863 2802 1269 2873; x_wconf 74' lang='grc' dir='ltr'><em>ἀπολήψεσθαιο</em></span> <span class='ocrx_word' id='word_1_193' title='bbox 1299 2804 1571 2859; x_wconf 85' lang='grc' dir='ltr'><em>ἀπέλαϐον</em></span> <span class='ocrx_word' id='word_1_194' title='bbox 1600 2806 1657 2859; x_wconf 85' lang='grc' dir='ltr'><em>δὲ</em></span> <span class='ocrx_word' id='word_1_195' title='bbox 1690 2807 1881 2879; x_wconf 83' lang='grc' dir='ltr'><em>αὐτὴν,</em></span> <span class='ocrx_word' id='word_1_196' title='bbox 1912 2808 2006 2861; x_wconf 74' lang='grc' dir='ltr'><em>καὶ</em></span> <span class='ocrx_word' id='word_1_197' title='bbox 2033 2808 2094 2861; x_wconf 88' lang='grc' dir='ltr'><em>οὐ</em></span> 
     </span>
    </p>
   </div>
   <div class='ocr_carea' id='block_1_29' title="bbox 509 2892 2097 2971">
    <p class='ocr_par' dir='ltr' id='par_1_29' title="bbox 509 2892 2097 2971">
     <span class='ocr_line' id='line_1_29' title="bbox 509 2892 2097 2971; baseline 0.007 -29"><span class='ocrx_word' id='word_1_198' title='bbox 509 2892 787 2964; x_wconf 80' lang='grc' dir='ltr'><em>τοιαύτην,</em></span> <span class='ocrx_word' id='word_1_199' title='bbox 839 2895 958 2948; x_wconf 76' lang='grc' dir='ltr'><em>οἵαν</em></span> <span class='ocrx_word' id='word_1_200' title='bbox 990 2895 1282 2963; x_wconf 86' lang='grc' dir='ltr'><em>ἀπέϐαλον,</em></span> <span class='ocrx_word' id='word_1_201' title='bbox 1323 2896 1459 2951; x_wconf 88' lang='grc' dir='ltr'><em>ἀλλά</em></span> <span class='ocrx_word' id='word_1_202' title='bbox 1502 2898 1682 2970; x_wconf 88' lang='grc' dir='ltr'><em>πολλῷ</em></span> <span class='ocrx_word' id='word_1_203' title='bbox 1729 2899 1972 2971; x_wconf 86' lang='grc' dir='ltr'><em>βελτίονα</em></span> <span class='ocrx_word' id='word_1_204' title='bbox 2003 2900 2097 2953; x_wconf 73' lang='grc' dir='ltr'><em>καὶ</em></span> 
     </span>
    </p>
   </div>
   <div class='ocr_carea' id='block_1_30' title="bbox 513 2984 2097 3063">
    <p class='ocr_par' dir='ltr' id='par_1_30' title="bbox 513 2984 2097 3063">
     <span class='ocr_line' id='line_1_30' title="bbox 513 2984 2097 3063; baseline 0.004 -26"><span class='ocrx_word' id='word_1_205' title='bbox 513 2984 920 3058; x_wconf 84' lang='grc' dir='ltr'><em>λαμπροτέραν,</em></span> <span class='ocrx_word' id='word_1_206' title='bbox 951 2988 1044 3041; x_wconf 80' lang='grc' dir='ltr'><em>καὶ</em></span> <span class='ocrx_word' id='word_1_207' title='bbox 1078 2990 1564 3061; x_wconf 80' lang='grc' dir='ltr'><em>περιφανεστέραν,</em></span> <span class='ocrx_word' id='word_1_208' title='bbox 1595 2992 1689 3046; x_wconf 82' lang='grc' dir='ltr'><em>καί</em></span> <span class='ocrx_word' id='word_1_209' title='bbox 1717 2993 1961 3063; x_wconf 75' lang='grc' dir='ltr'><em>μείζονα,</em></span> <span class='ocrx_word' id='word_1_210' title='bbox 2002 2992 2097 3045; x_wconf 65' lang='grc' dir='ltr'><em>καὶ</em></span> 
     </span>
    </p>
   </div>
   <div class='ocr_carea' id='block_1_31' title="bbox 511 3076 2096 3157">
    <p class='ocr_par' dir='ltr' id='par_1_31' title="bbox 511 3076 2096 3157">
     <span class='ocr_line' id='line_1_31' title="bbox 511 3076 2096 3157; baseline 0.008 -29"><span class='ocrx_word' id='word_1_211' title='bbox 511 3076 895 3149; x_wconf 84' lang='grc' dir='ltr'><em>εὐπορωτέραν</em></span> <span class='ocrx_word' id='word_1_212' title='bbox 919 3117 935 3142; x_wconf 89' lang='grc'><em>,</em></span> <span class='ocrx_word' id='word_1_213' title='bbox 971 3080 1066 3133; x_wconf 67' lang='grc' dir='ltr'><em>καί¹</em></span> <span class='ocrx_word' id='word_1_214' title='bbox 1109 3080 1520 3157; x_wconf 88' lang='grc' dir='ltr'><em>δυνατωτέραν,</em></span> <span class='ocrx_word' id='word_1_215' title='bbox 1561 3085 1655 3137; x_wconf 76' lang='grc' dir='ltr'><em>καὶ</em></span> <span class='ocrx_word' id='word_1_216' title='bbox 1706 3085 2004 3157; x_wconf 81' lang='grc' dir='ltr'><em>εὐρυτέραν</em></span> <span class='ocrx_word' id='word_1_217' title='bbox 2037 3085 2096 3140; x_wconf 82' lang='grc' dir='ltr'><em>ἐν</em></span> 
     </span>
    </p>
   </div>
   <div class='ocr_carea' id='block_1_32' title="bbox 508 3169 2093 3249">
    <p class='ocr_par' dir='ltr' id='par_1_32' title="bbox 508 3169 2093 3249">
     <span class='ocr_line' id='line_1_32' title="bbox 508 3169 2093 3249; baseline 0.008 -30"><span class='ocrx_word' id='word_1_218' title='bbox 508 3171 629 3232; x_wconf 79' lang='grc' dir='ltr'><em>ταῖς</em></span> <span class='ocrx_word' id='word_1_219' title='bbox 662 3169 993 3239; x_wconf 73' lang='grc' dir='ltr'><em>οἰκοδομαῖς,</em></span> <span class='ocrx_word' id='word_1_220' title='bbox 1028 3171 1085 3223; x_wconf 86' lang='grc' dir='ltr'><em>ἐν</em></span> <span class='ocrx_word' id='word_1_221' title='bbox 1108 3174 1221 3236; x_wconf 84' lang='grc' dir='ltr'><em>τοῖς</em></span> <span class='ocrx_word' id='word_1_222' title='bbox 1247 3171 1449 3239; x_wconf 84' lang='grc' dir='ltr'><em>ὠνίοις,</em></span> <span class='ocrx_word' id='word_1_223' title='bbox 1482 3176 1540 3227; x_wconf 79' lang='grc' dir='ltr'><em>ἐν</em></span> <span class='ocrx_word' id='word_1_224' title='bbox 1573 3177 1639 3247; x_wconf 77' lang='grc' dir='ltr'><em>τῇ</em></span> <span class='ocrx_word' id='word_1_225' title='bbox 1663 3175 1907 3248; x_wconf 81' lang='grc' dir='ltr'><em>δυνάμει,</em></span> <span class='ocrx_word' id='word_1_226' title='bbox 1931 3179 1990 3231; x_wconf 85' lang='grc' dir='ltr'><em>ἐν</em></span> <span class='ocrx_word' id='word_1_227' title='bbox 2028 3179 2093 3249; x_wconf 80' lang='grc' dir='ltr'><em>τῇ</em></span> 
     </span>
    </p>
   </div>
   <div class='ocr_carea' id='block_1_33' title="bbox 511 3260 2094 3341">
    <p class='ocr_par' dir='ltr' id='par_1_33' title="bbox 511 3260 2094 3341">
     <span class='ocr_line' id='line_1_33' title="bbox 511 3260 2094 3341; baseline 0.008 -29"><span class='ocrx_word' id='word_1_228' title='bbox 511 3260 611 3330; x_wconf 86' lang='grc' dir='ltr'><em>τῆς</em></span> <span class='ocrx_word' id='word_1_229' title='bbox 641 3261 990 3325; x_wconf 80' lang='grc' dir='ltr'><em>ὑποστάσεως</em></span> <span class='ocrx_word' id='word_1_230' title='bbox 1019 3263 1325 3334; x_wconf 81' lang='grc' dir='ltr'><em>περιουσίᾳ.</em></span> <span class='ocrx_word' id='word_1_231' title='bbox 1371 3267 1585 3321; x_wconf 84' lang='grc' dir='ltr'><em>Ἔσται</em></span> <span class='ocrx_word' id='word_1_232' title='bbox 1626 3268 1768 3341; x_wconf 82' lang='grc' dir='ltr'><em>γάρ,</em></span> <span class='ocrx_word' id='word_1_233' title='bbox 1822 3270 2017 3340; x_wconf 79' lang='grc' dir='ltr'><em>φησὶν,</em></span> <span class='ocrx_word' id='word_1_234' title='bbox 2053 3271 2094 3340; x_wconf 82' lang='grc' dir='ltr'><strong><em>ἠ</em></strong></span> 
     </span>
    </p>
   </div>
   <div class='ocr_carea' id='block_1_34' title="bbox 510 3356 2095 3438">
    <p class='ocr_par' dir='ltr' id='par_1_34' title="bbox 510 3356 2095 3438">
     <span class='ocr_line' id='line_1_34' title="bbox 510 3356 2095 3438; baseline 0.008 -28"><span class='ocrx_word' id='word_1_235' title='bbox 510 3356 742 3426; x_wconf 81' lang='grc' dir='ltr'><em>ἐσχάτη</em></span> <span class='ocrx_word' id='word_1_236' title='bbox 790 3359 940 3423; x_wconf 78' lang='grc' dir='ltr'><em>δόξα</em></span> <span class='ocrx_word' id='word_1_237' title='bbox 978 3359 1082 3413; x_wconf 84' lang='grc' dir='ltr'><em>τοῦ</em></span> <span class='ocrx_word' id='word_1_238' title='bbox 1112 3361 1282 3416; x_wconf 80' lang='grc' dir='ltr'><em>οἴκου</em></span> <span class='ocrx_word' id='word_1_239' title='bbox 1312 3364 1562 3432; x_wconf 84' lang='grc' dir='ltr'><em>τούτου,</em></span> <span class='ocrx_word' id='word_1_240' title='bbox 1614 3367 1767 3435; x_wconf 82' lang='grc' dir='ltr'><em>ὑπὲρ</em></span> <span class='ocrx_word' id='word_1_241' title='bbox 1820 3366 1936 3435; x_wconf 80' lang='grc' dir='ltr'><em>τὴν</em></span> <span class='ocrx_word' id='word_1_242' title='bbox 1988 3367 2095 3438; x_wconf 70' lang='grc' dir='ltr'><em>εμ-</em></span> 
     </span>
    </p>
   </div>
   <div class='ocr_carea' id='block_1_35' title="bbox 511 3440 2091 3529">
    <p class='ocr_par' dir='ltr' id='par_1_35' title="bbox 511 3440 2091 3529">
     <span class='ocr_line' id='line_1_35' title="bbox 511 3440 2091 3529; baseline 0.007 -28"><span class='ocrx_word' id='word_1_243' title='bbox 511 3440 799 3517; x_wconf 68' lang='grc' dir='ltr'><em>προσϐεν.</em></span> <span class='ocrx_word' id='word_1_244' title='bbox 826 3452 1091 3522; x_wconf 88' lang='grc' dir='ltr'><em>Παραινεί</em></span> <span class='ocrx_word' id='word_1_245' title='bbox 1116 3450 1193 3523; x_wconf 82' lang='grc' dir='ltr'><em>τῷ</em></span> <span class='ocrx_word' id='word_1_246' title='bbox 1220 3451 1356 3524; x_wconf 82' lang='grc' dir='ltr'><em>λαῷ,</em></span> <span class='ocrx_word' id='word_1_247' title='bbox 1385 3456 1479 3508; x_wconf 75' lang='grc' dir='ltr'><em>καὶ</em></span> <span class='ocrx_word' id='word_1_248' title='bbox 1508 3458 1789 3529; x_wconf 72' lang='grc' dir='ltr'><em>μονονουχὶ</em></span> <span class='ocrx_word' id='word_1_249' title='bbox 1810 3457 1980 3512; x_wconf 88' lang='grc' dir='ltr'><em>ταῦτα</em></span> <span class='ocrx_word' id='word_1_250' title='bbox 2007 3458 2091 3512; x_wconf 80' lang='grc' dir='ltr'><em>λέ-</em></span> 
     </span>
    </p>
   </div>
   <div class='ocr_carea' id='block_1_36' title="bbox 512 3536 2098 3622">
    <p class='ocr_par' dir='ltr' id='par_1_36' title="bbox 512 3536 2098 3622">
     <span class='ocr_line' id='line_1_36' title="bbox 512 3536 2098 3622; baseline 0.006 -29"><span class='ocrx_word' id='word_1_251' title='bbox 512 3554 643 3609; x_wconf 75' lang='grc' dir='ltr'><em>γειι</em></span> <span class='ocrx_word' id='word_1_252' title='bbox 669 3558 681 3572; x_wconf 66' lang='grc' dir='ltr'><em>ι</em></span> <span class='ocrx_word' id='word_1_253' title='bbox 704 3536 883 3613; x_wconf 83' lang='grc' dir='ltr'><em>Ἰδοὺή</em></span> <span class='ocrx_word' id='word_1_254' title='bbox 915 3543 1072 3608; x_wconf 84' lang='grc' dir='ltr'><em>πόλις</em></span> <span class='ocrx_word' id='word_1_255' title='bbox 1106 3543 1267 3616; x_wconf 74' lang='grc' dir='ltr'><em>αὕτη,</em></span> <span class='ocrx_word' id='word_1_256' title='bbox 1299 3548 1333 3617; x_wconf 81' lang='grc' dir='ltr'><strong>ἡ</strong></span> <span class='ocrx_word' id='word_1_257' title='bbox 1379 3547 1800 3621; x_wconf 85' lang='grc' dir='ltr'><em>ἀπεγνωσμένη,</em></span> <span class='ocrx_word' id='word_1_258' title='bbox 1844 3551 1879 3621; x_wconf 83' lang='grc' dir='ltr'><strong>ἡ</strong></span> <span class='ocrx_word' id='word_1_259' title='bbox 1920 3549 2098 3622; x_wconf 72' lang='grc' dir='ltr'><em>ἀπηλο-</em></span> 
     </span>
    </p>
   </div>
   <div class='ocr_carea' id='block_1_37' title="bbox 510 3633 2095 3713">
    <p class='ocr_par' dir='ltr' id='par_1_37' title="bbox 510 3633 2095 3713">
     <span class='ocr_line' id='line_1_37' title="bbox 510 3633 2095 3713; baseline 0.006 -28"><span class='ocrx_word' id='word_1_260' title='bbox 510 3633 787 3705; x_wconf 83' lang='grc' dir='ltr'><em>πισμένη,</em></span> <span class='ocrx_word' id='word_1_261' title='bbox 844 3637 878 3706; x_wconf 84' lang='grc' dir='ltr'><strong>ἡ</strong></span> <span class='ocrx_word' id='word_1_262' title='bbox 918 3635 1159 3707; x_wconf 86' lang='grc' dir='ltr'><em>ἐρείπιον</em></span> <span class='ocrx_word' id='word_1_263' title='bbox 1204 3633 1375 3702; x_wconf 80' lang='grc' dir='ltr'><em>οὖσα,</em></span> <span class='ocrx_word' id='word_1_264' title='bbox 1421 3639 1539 3704; x_wconf 89' lang='grc' dir='ltr'><em>πῶς</em></span> <span class='ocrx_word' id='word_1_265' title='bbox 1589 3641 1682 3693; x_wconf 84' lang='grc' dir='ltr'><em>ἐπί</em></span> <span class='ocrx_word' id='word_1_266' title='bbox 1720 3640 2095 3713; x_wconf 88' lang='grc' dir='ltr'><em>λαμπρότερον</em></span> 
     </span>
    </p>
   </div>
   <div class='ocr_carea' id='block_1_38' title="bbox 513 3724 2095 3806">
    <p class='ocr_par' dir='ltr' id='par_1_38' title="bbox 513 3724 2095 3806">
     <span class='ocr_line' id='line_1_38' title="bbox 513 3724 2095 3806; baseline 0.007 -30"><span class='ocrx_word' id='word_1_267' title='bbox 513 3724 784 3795; x_wconf 78' lang='grc' dir='ltr'><em>ἐπανῆλθε</em></span> <span class='ocrx_word' id='word_1_268' title='bbox 815 3726 1035 3798; x_wconf 79' lang='grc' dir='ltr'><em>σχῆμας</em></span> <span class='ocrx_word' id='word_1_269' title='bbox 1062 3729 1212 3781; x_wconf 78' lang='grc' dir='ltr'><em>Αὺτά</em></span> <span class='ocrx_word' id='word_1_270' title='bbox 1250 3725 1344 3784; x_wconf 78' lang='grc' dir='ltr'><em>οὖν</em></span> <span class='ocrx_word' id='word_1_271' title='bbox 1372 3730 1547 3785; x_wconf 86' lang='grc' dir='ltr'><em>ταῦτα</em></span> <span class='ocrx_word' id='word_1_272' title='bbox 1594 3733 1966 3804; x_wconf 85' lang='grc' dir='ltr'><em>καταμάθετε,</em></span> <span class='ocrx_word' id='word_1_273' title='bbox 1996 3732 2095 3806; x_wconf 82' lang='grc' dir='ltr'><em>τὴν</em></span> 
     </span>
    </p>
   </div>
   <div class='ocr_carea' id='block_1_39' title="bbox 513 3807 2092 3889">
    <p class='ocr_par' dir='ltr' id='par_1_39' title="bbox 513 3807 2092 3889">
     <span class='ocr_line' id='line_1_39' title="bbox 513 3807 2092 3889; baseline 0.009 -32"><span class='ocrx_word' id='word_1_274' title='bbox 513 3807 799 3880; x_wconf 82' lang='grc' dir='ltr'><em>οἰκοδομὴν</em></span> <span class='ocrx_word' id='word_1_275' title='bbox 832 3810 1021 3881; x_wconf 85' lang='grc' dir='ltr'><em>αὐτῆς,</em></span> <span class='ocrx_word' id='word_1_276' title='bbox 1051 3810 1148 3882; x_wconf 83' lang='grc' dir='ltr'><em>τὴν</em></span> <span class='ocrx_word' id='word_1_277' title='bbox 1172 3809 1553 3884; x_wconf 84' lang='grc' dir='ltr'><em>λαμπρότητα,</em></span> <span class='ocrx_word' id='word_1_278' title='bbox 1584 3816 1682 3886; x_wconf 85' lang='grc' dir='ltr'><em>τὴν</em></span> <span class='ocrx_word' id='word_1_279' title='bbox 1714 3818 2092 3889; x_wconf 85' lang='grc' dir='ltr'><em>περιφάνειαν,</em></span> 
     </span>
    </p>
   </div>
   <div class='ocr_carea' id='block_1_40' title="bbox 515 3899 2094 3982">
    <p class='ocr_par' dir='ltr' id='par_1_40' title="bbox 515 3899 2094 3982">
     <span class='ocr_line' id='line_1_40' title="bbox 515 3899 2094 3982; baseline 0.009 -32"><span class='ocrx_word' id='word_1_280' title='bbox 515 3899 601 3952; x_wconf 84' lang='grc' dir='ltr'><em>ἵνα</em></span> <span class='ocrx_word' id='word_1_281' title='bbox 631 3899 922 3954; x_wconf 89' lang='grc' dir='ltr'><em>κάντεῦθεν</em></span> <span class='ocrx_word' id='word_1_282' title='bbox 961 3902 1221 3972; x_wconf 84' lang='grc' dir='ltr'><em>μαθόντες</em></span> <span class='ocrx_word' id='word_1_283' title='bbox 1245 3903 1338 3958; x_wconf 83' lang='grc' dir='ltr'><em>τοῦ</em></span> <span class='ocrx_word' id='word_1_284' title='bbox 1361 3905 1496 3958; x_wconf 85' lang='grc' dir='ltr'><em>Θεοῦ</em></span> <span class='ocrx_word' id='word_1_285' title='bbox 1518 3907 1616 3979; x_wconf 86' lang='grc' dir='ltr'><em>τὴν</em></span> <span class='ocrx_word' id='word_1_286' title='bbox 1642 3908 1817 3979; x_wconf 84' lang='grc' dir='ltr'><em>ἰσχὺν,</em></span> <span class='ocrx_word' id='word_1_287' title='bbox 1851 3909 1965 3974; x_wconf 86' lang='grc' dir='ltr'><em>πῶς</em></span> <span class='ocrx_word' id='word_1_288' title='bbox 1995 3909 2094 3982; x_wconf 81' lang='grc' dir='ltr'><em>τὴν</em></span> 
     </span>
    </p>
   </div>
   <div class='ocr_carea' id='block_1_41' title="bbox 504 4000 2095 4079">
    <p class='ocr_par' dir='ltr' id='par_1_41' title="bbox 504 4000 2095 4079">
     <span class='ocr_line' id='line_1_41' title="bbox 504 4000 2095 4079; baseline 0.009 -29"><span class='ocrx_word' id='word_1_289' title='bbox 504 4000 945 4071; x_wconf 82' lang='grc' dir='ltr'><em>ἀπεγνωσμένην</em></span> <span class='ocrx_word' id='word_1_290' title='bbox 983 4000 1205 4072; x_wconf 79' lang='grc' dir='ltr'><em>μείζονα</em></span> <span class='ocrx_word' id='word_1_291' title='bbox 1233 4004 1479 4076; x_wconf 88' lang='grc' dir='ltr'><em>ἐποίησε,</em></span> <span class='ocrx_word' id='word_1_292' title='bbox 1508 4004 1770 4077; x_wconf 82' lang='grc' dir='ltr'><em>διηγῆσθε</em></span> <span class='ocrx_word' id='word_1_293' title='bbox 1798 4011 1911 4072; x_wconf 89' lang='grc' dir='ltr'><em>τοῖς</em></span> <span class='ocrx_word' id='word_1_294' title='bbox 1938 4010 2095 4079; x_wconf 82' lang='grc' dir='ltr'><em>ἐγγό-</em></span> 
     </span>
    </p>
   </div>
   <div class='ocr_carea' id='block_1_42' title="bbox 519 4095 2092 4177">
    <p class='ocr_par' dir='ltr' id='par_1_42' title="bbox 519 4095 2092 4177">
     <span class='ocr_line' id='line_1_42' title="bbox 519 4095 2092 4177; baseline 0.006 -29"><span class='ocrx_word' id='word_1_295' title='bbox 519 4112 631 4157; x_wconf 86' lang='grc' dir='ltr'><em>νοις</em></span> <span class='ocrx_word' id='word_1_296' title='bbox 668 4095 822 4164; x_wconf 84' lang='grc' dir='ltr'><em>ὑμῶν</em></span> <span class='ocrx_word' id='word_1_297' title='bbox 857 4098 958 4164; x_wconf 80' lang='grc' dir='ltr'><em>τὴν</em></span> <span class='ocrx_word' id='word_1_298' title='bbox 994 4098 1224 4169; x_wconf 87' lang='grc' dir='ltr'><em>δύναμιν</em></span> <span class='ocrx_word' id='word_1_299' title='bbox 1258 4099 1352 4152; x_wconf 83' lang='grc' dir='ltr'><em>τοῦ</em></span> <span class='ocrx_word' id='word_1_300' title='bbox 1389 4100 1547 4165; x_wconf 83' lang='grc' dir='ltr'><em>Θεοῦ,</em></span> <span class='ocrx_word' id='word_1_301' title='bbox 1577 4102 1637 4155; x_wconf 83' lang='grc' dir='ltr'><em>τὺ</em></span> <span class='ocrx_word' id='word_1_302' title='bbox 1668 4103 1887 4177; x_wconf 83' lang='grc' dir='ltr'><em>διαρκὲς</em></span> <span class='ocrx_word' id='word_1_303' title='bbox 1925 4103 2092 4158; x_wconf 87' lang='grc' dir='ltr'><em>αὐτοῦ</em></span> 
     </span>
    </p>
   </div>
   <div class='ocr_carea' id='block_1_43' title="bbox 511 4187 2091 4267">
    <p class='ocr_par' dir='ltr' id='par_1_43' title="bbox 511 4187 2091 4267">
     <span class='ocr_line' id='line_1_43' title="bbox 511 4187 2091 4267; baseline 0.01 -31"><span class='ocrx_word' id='word_1_304' title='bbox 511 4187 611 4254; x_wconf 83' lang='grc' dir='ltr'><em>τῆς</em></span> <span class='ocrx_word' id='word_1_305' title='bbox 640 4187 896 4255; x_wconf 87' lang='grc' dir='ltr'><em>προνοίας</em></span> <span class='ocrx_word' id='word_1_306' title='bbox 913 4204 924 4217; x_wconf 84' lang='grc'><em>’</em></span> <span class='ocrx_word' id='word_1_307' title='bbox 949 4189 1031 4242; x_wconf 87' lang='grc' dir='ltr'><em>ὃτι</em></span> <span class='ocrx_word' id='word_1_308' title='bbox 1057 4189 1347 4255; x_wconf 82' lang='grc' dir='ltr'><em>διαπαντὸς</em></span> <span class='ocrx_word' id='word_1_309' title='bbox 1376 4192 1568 4263; x_wconf 80' lang='grc' dir='ltr'><em>ἔμενεν</em></span> <span class='ocrx_word' id='word_1_310' title='bbox 1589 4196 1621 4265; x_wconf 85' lang='grc' dir='ltr'>ἠ</span> <span class='ocrx_word' id='word_1_311' title='bbox 1631 4193 1747 4265; x_wconf 91' lang='grc' dir='ltr'><em>μῶν</em></span> <span class='ocrx_word' id='word_1_312' title='bbox 1774 4196 2091 4267; x_wconf 87' lang='grc' dir='ltr'><em>κηδόμενος,</em></span> 
     </span>
    </p>
   </div>
   <div class='ocr_carea' id='block_1_44' title="bbox 512 4283 2092 4364">
    <p class='ocr_par' dir='ltr' id='par_1_44' title="bbox 512 4283 2092 4364">
     <span class='ocr_line' id='line_1_44' title="bbox 512 4283 2092 4364; baseline 0.007 -29"><span class='ocrx_word' id='word_1_313' title='bbox 512 4283 608 4336; x_wconf 74' lang='grc' dir='ltr'><em>καὶ</em></span> <span class='ocrx_word' id='word_1_314' title='bbox 647 4283 1045 4354; x_wconf 86' lang='grc' dir='ltr'><em>προϊστάμενος</em></span> <span class='ocrx_word' id='word_1_315' title='bbox 1070 4285 1164 4337; x_wconf 77' lang='grc' dir='ltr'><em>καὶ</em></span> <span class='ocrx_word' id='word_1_316' title='bbox 1202 4288 1524 4356; x_wconf 90' lang='grc' dir='ltr'><em>ποιμαίνων.</em></span> <span class='ocrx_word' id='word_1_317' title='bbox 1562 4285 1747 4344; x_wconf 91' lang='grc' dir='ltr'><em>Ταῦτα</em></span> <span class='ocrx_word' id='word_1_318' title='bbox 1779 4291 1889 4364; x_wconf 75' lang='grc' dir='ltr'><em>γὰρ</em></span> <span class='ocrx_word' id='word_1_319' title='bbox 1920 4293 1989 4346; x_wconf 79' lang='grc' dir='ltr'><em>τὰ</em></span> <span class='ocrx_word' id='word_1_320' title='bbox 2012 4293 2092 4346; x_wconf 90' lang='grc' dir='ltr'><em>δι-</em></span> 
     </span>
    </p>
   </div>
   <div class='ocr_carea' id='block_1_45' title="bbox 499 4366 2087 4458">
    <p class='ocr_par' dir='ltr' id='par_1_45' title="bbox 499 4366 2087 4458">
     <span class='ocr_line' id='line_1_45' title="bbox 499 4366 2087 4458; baseline 0.007 -26"><span class='ocrx_word' id='word_1_321' title='bbox 499 4366 776 4452; x_wconf 69' lang='grc' dir='ltr'><em>ἠγήματα</em></span> <span class='ocrx_word' id='word_1_322' title='bbox 812 4381 906 4435; x_wconf 82' lang='grc' dir='ltr'><em>καὶ</em></span> <span class='ocrx_word' id='word_1_323' title='bbox 930 4384 1042 4444; x_wconf 88' lang='grc' dir='ltr'><em>τοῖς</em></span> <span class='ocrx_word' id='word_1_324' title='bbox 1078 4380 1217 4452; x_wconf 89' lang='grc' dir='ltr'><em>μετά</em></span> <span class='ocrx_word' id='word_1_325' title='bbox 1246 4381 1419 4437; x_wconf 89' lang='grc' dir='ltr'><em>ταῦτα</em></span> <span class='ocrx_word' id='word_1_326' title='bbox 1447 4383 1649 4456; x_wconf 89' lang='grc' dir='ltr'><em>πολλῆς</em></span> <span class='ocrx_word' id='word_1_327' title='bbox 1688 4385 1839 4441; x_wconf 86' lang='grc' dir='ltr'><em>ἔσται</em></span> <span class='ocrx_word' id='word_1_328' title='bbox 1874 4387 2087 4458; x_wconf 87' lang='grc' dir='ltr'><em>φιλοσο-</em></span> 
     </span>
    </p>
   </div>
   <div class='ocr_carea' id='block_1_46' title="bbox 498 4474 2085 4556">
    <p class='ocr_par' dir='ltr' id='par_1_46' title="bbox 498 4474 2085 4556">
     <span class='ocr_line' id='line_1_46' title="bbox 498 4474 2085 4556; baseline 0.008 -30"><span class='ocrx_word' id='word_1_329' title='bbox 498 4474 641 4549; x_wconf 27' lang='grc' dir='ltr'><em>,φίας</em></span> <span class='ocrx_word' id='word_1_330' title='bbox 666 4475 937 4540; x_wconf 76' lang='grc' dir='ltr'><em>ὑπόθεσις,</em></span> <span class='ocrx_word' id='word_1_331' title='bbox 956 4478 1051 4531; x_wconf 77' lang='grc' dir='ltr'><em>καὶ</em></span> <span class='ocrx_word' id='word_1_332' title='bbox 1071 4477 1398 4546; x_wconf 88' lang='grc' dir='ltr'><em>θεογνωσίας</em></span> <span class='ocrx_word' id='word_1_333' title='bbox 1419 4479 1816 4553; x_wconf 81' lang='grc' dir='ltr'><em>ἀκριϐεστάτης</em></span> <span class='ocrx_word' id='word_1_334' title='bbox 1843 4484 2085 4556; x_wconf 82' lang='grc' dir='ltr'><em>ἀφορμὴ,</em></span> 
     </span>
    </p>
   </div>
   <div class='ocr_carea' id='block_1_47' title="bbox 513 4567 2088 4646">
    <p class='ocr_par' dir='ltr' id='par_1_47' title="bbox 513 4567 2088 4646">
     <span class='ocr_line' id='line_1_47' title="bbox 513 4567 2088 4646; baseline 0.01 -29"><span class='ocrx_word' id='word_1_335' title='bbox 513 4567 608 4617; x_wconf 75' lang='grc' dir='ltr'><em>καὶ</em></span> <span class='ocrx_word' id='word_1_336' title='bbox 628 4567 829 4637; x_wconf 86' lang='grc' dir='ltr'><em>ἀρετῆς</em></span> <span class='ocrx_word' id='word_1_337' title='bbox 855 4569 1161 4639; x_wconf 79' lang='grc' dir='ltr'><em>ἐπιμέλεια.</em></span> <span class='ocrx_word' id='word_1_338' title='bbox 1191 4570 1291 4624; x_wconf 88' lang='grc' dir='ltr'><em>Διά</em></span> <span class='ocrx_word' id='word_1_339' title='bbox 1309 4571 1478 4626; x_wconf 89' lang='grc' dir='ltr'><em>ταῦτα</em></span> <span class='ocrx_word' id='word_1_340' title='bbox 1502 4573 1672 4646; x_wconf 82' lang='grc' dir='ltr'><em>αὐτὴν</em></span> <span class='ocrx_word' id='word_1_341' title='bbox 1695 4576 1963 4646; x_wconf 80' lang='grc' dir='ltr'><em>περιιέναι</em></span> <span class='ocrx_word' id='word_1_342' title='bbox 1992 4596 2088 4632; x_wconf 90' lang='grc' dir='ltr'><em>κε-</em></span> 
     </span>
    </p>
   </div>
   <div class='ocr_carea' id='block_1_48' title="bbox 500 4655 2087 4737">
    <p class='ocr_par' dir='ltr' id='par_1_48' title="bbox 500 4655 2087 4737">
     <span class='ocr_line' id='line_1_48' title="bbox 500 4655 2087 4737; baseline 0.009 -28"><span class='ocrx_word' id='word_1_343' title='bbox 500 4655 679 4719; x_wconf 76' lang='grc' dir='ltr'><em>λεύει,</em></span> <span class='ocrx_word' id='word_1_344' title='bbox 702 4658 789 4710; x_wconf 85' lang='grc' dir='ltr'><em>ἵνα</em></span> <span class='ocrx_word' id='word_1_345' title='bbox 821 4658 1069 4730; x_wconf 86' lang='grc' dir='ltr'><em>ἀκριϐεῖς</em></span> <span class='ocrx_word' id='word_1_346' title='bbox 1091 4660 1399 4715; x_wconf 89' lang='grc' dir='ltr'><em>διδάσκαλοι</em></span> <span class='ocrx_word' id='word_1_347' title='bbox 1426 4662 1535 4717; x_wconf 90' lang='grc' dir='ltr'><em>τῶν</em></span> <span class='ocrx_word' id='word_1_348' title='bbox 1562 4666 1800 4735; x_wconf 80' lang='grc' dir='ltr'><em>ἐγγόνων</em></span> <span class='ocrx_word' id='word_1_349' title='bbox 1824 4668 2087 4737; x_wconf 84' lang='grc' dir='ltr'><em>γένωνται</em></span> 
     </span>
    </p>
   </div>
   <div class='ocr_carea' id='block_1_49' title="bbox 511 4750 873 4807">
    <p class='ocr_par' dir='ltr' id='par_1_49' title="bbox 511 4750 873 4807">
     <span class='ocr_line' id='line_1_49' title="bbox 511 4750 873 4807; baseline 0.008 -4"><span class='ocrx_word' id='word_1_350' title='bbox 511 4750 620 4804; x_wconf 88' lang='grc' dir='ltr'><em>τῶν</em></span> <span class='ocrx_word' id='word_1_351' title='bbox 648 4752 873 4807; x_wconf 78' lang='grc' dir='ltr'><em>ἑαυτῶν.</em></span> 
     </span>
    </p>
   </div>
   <div class='ocr_carea' id='block_1_50' title="bbox 584 4927 2085 5011">
    <p class='ocr_par' dir='ltr' id='par_1_50' title="bbox 584 4927 2085 5011">
     <span class='ocr_line' id='line_1_50' title="bbox 584 4927 2085 5011; baseline 0.013 -31"><span class='ocrx_word' id='word_1_352' title='bbox 584 4928 646 4981; x_wconf 81' lang='grc' dir='ltr'><em>δ’.</em></span> <span class='ocrx_word' id='word_1_353' title='bbox 663 4927 754 4980; x_wconf 83' lang='grc' dir='ltr'><em>Διὸ</em></span> <span class='ocrx_word' id='word_1_354' title='bbox 773 4927 837 4999; x_wconf 81' lang='grc' dir='ltr'><em>δὴ</em></span> <span class='ocrx_word' id='word_1_355' title='bbox 853 4930 946 4983; x_wconf 80' lang='grc' dir='ltr'><em>καὶ</em></span> <span class='ocrx_word' id='word_1_356' title='bbox 967 4931 1126 5000; x_wconf 83' lang='grc' dir='ltr'><em>ἡμεῖς</em></span> <span class='ocrx_word' id='word_1_357' title='bbox 1142 4932 1227 4986; x_wconf 75' lang='grc' dir='ltr'><em>ἀεὶ</em></span> <span class='ocrx_word' id='word_1_358' title='bbox 1243 4933 1336 4987; x_wconf 76' lang='grc' dir='ltr'><em>καὶ</em></span> <span class='ocrx_word' id='word_1_359' title='bbox 1351 4934 1612 5007; x_wconf 84' lang='grc' dir='ltr'><em>διηνεκῶς</em></span> <span class='ocrx_word' id='word_1_360' title='bbox 1626 4940 2085 5011; x_wconf 72' lang='grc' dir='ltr'><em>ἀποσκοποῦντες,</em></span> 
     </span>
    </p>
   </div>
   <div class='ocr_carea' id='block_1_51' title="bbox 506 5020 2089 5109">
    <p class='ocr_par' dir='ltr' id='par_1_51' title="bbox 506 5020 2089 5109">
     <span class='ocr_line' id='line_1_51' title="bbox 506 5020 2089 5109; baseline 0.012 -34"><span class='ocrx_word' id='word_1_361' title='bbox 506 5022 570 5076; x_wconf 78' lang='grc' dir='ltr'><em>ἐν</em></span> <span class='ocrx_word' id='word_1_362' title='bbox 599 5020 676 5093; x_wconf 83' lang='grc' dir='ltr'><em>νῷ</em></span> <span class='ocrx_word' id='word_1_363' title='bbox 696 5021 908 5093; x_wconf 77' lang='grc' dir='ltr'><em>ἔχωμεν</em></span> <span class='ocrx_word' id='word_1_364' title='bbox 937 5025 1035 5095; x_wconf 82' lang='grc' dir='ltr'><em>τὴν</em></span> <span class='ocrx_word' id='word_1_365' title='bbox 1060 5026 1213 5079; x_wconf 89' lang='grc' dir='ltr'><em>πόλιν</em></span> <span class='ocrx_word' id='word_1_366' title='bbox 1246 5028 1401 5098; x_wconf 82' lang='grc' dir='ltr'><em>ἡμῶν</em></span> <span class='ocrx_word' id='word_1_367' title='bbox 1432 5029 1805 5106; x_wconf 80' lang='grc' dir='ltr'><em>Ἰερουσαλὴμ,</em></span> <span class='ocrx_word' id='word_1_368' title='bbox 1827 5038 1998 5109; x_wconf 72' lang='grc' dir='ltr'><em>αὐτῆς</em></span> <span class='ocrx_word' id='word_1_369' title='bbox 2020 5040 2089 5094; x_wconf 79' lang='grc' dir='ltr'><em>τὰ</em></span> 
     </span>
    </p>
   </div>
   <div class='ocr_carea' id='block_1_52' title="bbox 510 5114 2090 5203">
    <p class='ocr_par' dir='ltr' id='par_1_52' title="bbox 510 5114 2090 5203">
     <span class='ocr_line' id='line_1_52' title="bbox 510 5114 2090 5203; baseline 0.011 -36"><span class='ocrx_word' id='word_1_370' title='bbox 510 5114 683 5183; x_wconf 80' lang='grc' dir='ltr'><em>κάλλη</em></span> <span class='ocrx_word' id='word_1_371' title='bbox 716 5114 1005 5180; x_wconf 82' lang='grc' dir='ltr'><em>διαπαντὸς</em></span> <span class='ocrx_word' id='word_1_372' title='bbox 1042 5122 1455 5191; x_wconf 77' lang='grc' dir='ltr'><em>φανταζόμενοι,</em></span> <span class='ocrx_word' id='word_1_373' title='bbox 1477 5125 1597 5194; x_wconf 82' lang='grc' dir='ltr'><em>ἥτις</em></span> <span class='ocrx_word' id='word_1_374' title='bbox 1621 5127 1737 5179; x_wconf 61' lang='grc' dir='ltr'><em>ἐστὶ¹</em></span> <span class='ocrx_word' id='word_1_375' title='bbox 1759 5132 2090 5203; x_wconf 87' lang='grc' dir='ltr'><em>μητρόπολις</em></span> 
     </span>
    </p>
   </div>
   <div class='ocr_carea' id='block_1_53' title="bbox 506 5206 2086 5291">
    <p class='ocr_par' dir='ltr' id='par_1_53' title="bbox 506 5206 2086 5291">
     <span class='ocr_line' id='line_1_53' title="bbox 506 5206 2086 5291; baseline 0.014 -34"><span class='ocrx_word' id='word_1_376' title='bbox 506 5206 603 5259; x_wconf 85' lang='grc' dir='ltr'><em>τοῦ</em></span> <span class='ocrx_word' id='word_1_377' title='bbox 644 5206 907 5276; x_wconf 88' lang='grc' dir='ltr'><em>βασιλέως</em></span> <span class='ocrx_word' id='word_1_378' title='bbox 938 5209 1046 5262; x_wconf 90' lang='grc' dir='ltr'><em>τῶν</em></span> <span class='ocrx_word' id='word_1_379' title='bbox 1093 5210 1326 5275; x_wconf 88' lang='grc' dir='ltr'><em>αἰώνων,</em></span> <span class='ocrx_word' id='word_1_380' title='bbox 1370 5215 1427 5267; x_wconf 84' lang='grc' dir='ltr'><em>ἐν</em></span> <span class='ocrx_word' id='word_1_381' title='bbox 1526 5218 1811 5289; x_wconf 88' lang='grc' dir='ltr'><em>πνεύματα</em></span> <span class='ocrx_word' id='word_1_382' title='bbox 1843 5222 2086 5291; x_wconf 83' lang='grc' dir='ltr'><em>δικαίων,</em></span> 
     </span>
    </p>
   </div>
   <div class='ocr_carea' id='block_1_54' title="bbox 508 5297 2083 5384">
    <p class='ocr_par' dir='ltr' id='par_1_54' title="bbox 508 5297 2083 5384">
     <span class='ocr_line' id='line_1_54' title="bbox 508 5297 2083 5384; baseline 0.014 -37"><span class='ocrx_word' id='word_1_383' title='bbox 508 5297 661 5367; x_wconf 80' lang='grc' dir='ltr'><em>χοροὶ</em></span> <span class='ocrx_word' id='word_1_384' title='bbox 694 5299 1070 5371; x_wconf 86' lang='grc' dir='ltr'><em>πατριαρχῶν,</em></span> <span class='ocrx_word' id='word_1_385' title='bbox 1104 5303 1417 5359; x_wconf 89' lang='grc' dir='ltr'><em>ἀποστόλων</em></span> <span class='ocrx_word' id='word_1_386' title='bbox 1442 5347 1456 5370; x_wconf 92' lang='grc'><em>,</em></span> <span class='ocrx_word' id='word_1_387' title='bbox 1492 5309 1586 5361; x_wconf 69' lang='grc' dir='ltr'><em>καί⁵</em></span> <span class='ocrx_word' id='word_1_388' title='bbox 1634 5310 1851 5366; x_wconf 81' lang='grc' dir='ltr'><em>πάντων</em></span> <span class='ocrx_word' id='word_1_389' title='bbox 1883 5316 2050 5384; x_wconf 80' lang='grc' dir='ltr'><em>ἁγίων</em></span> <span class='ocrx_word' id='word_1_390' title='bbox 2070 5336 2083 5349; x_wconf 90' lang='grc'><strong>·</strong></span> 
     </span>
    </p>
   </div>
   <div class='ocr_carea' id='block_1_55' title="bbox 505 5387 2086 5477">
    <p class='ocr_par' dir='ltr' id='par_1_55' title="bbox 505 5387 2086 5477">
     <span class='ocr_line' id='line_1_55' title="bbox 505 5387 2086 5477; baseline 0.015 -36"><span class='ocrx_word' id='word_1_391' title='bbox 505 5387 638 5443; x_wconf 70' lang='grc' dir='ltr'><em>ἔνθα</em></span> <span class='ocrx_word' id='word_1_392' title='bbox 672 5392 849 5447; x_wconf 86' lang='grc' dir='ltr'><em>πάντα</em></span> <span class='ocrx_word' id='word_1_393' title='bbox 877 5394 1235 5465; x_wconf 76' lang='grc' dir='ltr'><em>ἀστασίαστα,</em></span> <span class='ocrx_word' id='word_1_394' title='bbox 1274 5400 1368 5453; x_wconf 78' lang='grc' dir='ltr'><em>καὶ</em></span> <span class='ocrx_word' id='word_1_395' title='bbox 1396 5400 1471 5472; x_wconf 82' lang='grc' dir='ltr'><em>μὴ</em></span> <span class='ocrx_word' id='word_1_396' title='bbox 1514 5406 1928 5477; x_wconf 86' lang='grc' dir='ltr'><em>παρερχόμενα·</em></span> <span class='ocrx_word' id='word_1_397' title='bbox 1958 5411 2086 5465; x_wconf 88' lang='grc' dir='ltr'><em>ἔνθα</em></span> 
     </span>
    </p>
   </div>
   <div class='ocr_carea' id='block_1_56' title="bbox 513 5632 2069 5747">
    <p class='ocr_par' dir='ltr' id='par_1_56' title="bbox 513 5632 2069 5747">
     <span class='ocr_line' id='line_1_56' title="bbox 513 5632 2069 5747; baseline 0.028 -76"><span class='ocrx_word' id='word_1_398' title='bbox 513 5632 602 5741; x_wconf 50' lang='lat' dir='ltr'>ﬂ:</span> <span class='ocrx_word' id='word_1_399' title='bbox 614 5633 794 5747; x_wconf 45' lang='lat' dir='ltr'><em>ﬁcii-:3]:</em></span> <span class='ocrx_word' id='word_1_400' title='bbox 818 5649 869 5693; x_wconf 62' lang='lat' dir='ltr'><strong>et</strong></span> <span class='ocrx_word' id='word_1_401' title='bbox 902 5643 1023 5705; x_wconf 78' lang='lat' dir='ltr'><em>Reg.</em></span> <span class='ocrx_word' id='word_1_402' title='bbox 1051 5643 1143 5693; x_wconf 65' lang='lat' dir='ltr'><em>65E</em></span> <span class='ocrx_word' id='word_1_403' title='bbox 1166 5649 1236 5711; x_wconf 83' lang='grc' dir='ltr'><em>τῷ</em></span> <span class='ocrx_word' id='word_1_404' title='bbox 1264 5649 1363 5713; x_wconf 84' lang='grc' dir='ltr'><em>λαῷ</em></span> <span class='ocrx_word' id='word_1_405' title='bbox 1385 5649 1535 5701; x_wconf 88' lang='grc' dir='ltr'><em>ταῦτα</em></span> <span class='ocrx_word' id='word_1_406' title='bbox 1558 5653 1719 5716; x_wconf 77' lang='grc' dir='ltr'><em>λέγῷν.</em></span> <span class='ocrx_word' id='word_1_407' title='bbox 1761 5657 1891 5709; x_wconf 74' lang='lat' dir='ltr'><em>Coll).</em></span> <span class='ocrx_word' id='word_1_408' title='bbox 1917 5667 1968 5713; x_wconf 78' lang='lat' dir='ltr'><em>et</em></span> <span class='ocrx_word' id='word_1_409' title='bbox 1992 5662 2069 5713; x_wconf 47' lang='lat' dir='ltr'><em>Sa.</em></span> 
     </span>
    </p>
   </div>
   <div class='ocr_carea' id='block_1_57' title="bbox 1276 288 3132 356">
    <p class='ocr_par' dir='ltr' id='par_1_57' title="bbox 1276 288 3132 356">
     <span class='ocr_line' id='line_1_57' title="bbox 1276 288 3132 356; baseline -0.003 -3"><span class='ocrx_word' id='word_1_410' title='bbox 1276 298 1334 356; x_wconf 87' lang='lat' dir='ltr'><em>S.</em></span> <span class='ocrx_word' id='word_1_411' title='bbox 1373 295 1656 353; x_wconf 68' lang='lat' dir='ltr'><em>JOANNIS</em></span> <span class='ocrx_word' id='word_1_412' title='bbox 1692 289 2181 350; x_wconf 74' lang='lat' dir='ltr'><em>CIIRYSOSTOMI</em></span> <span class='ocrx_word' id='word_1_413' title='bbox 2218 288 2538 347; x_wconf 78' lang='lat' dir='ltr'><em>ARCHIEP.</em></span> <span class='ocrx_word' id='word_1_414' title='bbox 2581 290 3132 350; x_wconf 78' lang='lat' dir='ltr'><em>CONSTANTINOP.</em></span> 
     </span>
    </p>
   </div>
   <div class='ocr_carea' id='block_1_58' title="bbox 3652 295 3752 353">
    <p class='ocr_par' dir='ltr' id='par_1_58' title="bbox 3652 295 3752 353">
     <span class='ocr_line' id='line_1_58' title="bbox 3652 295 3752 353; baseline 0.03 -3"><span class='ocrx_word' id='word_1_415' title='bbox 3652 295 3752 353; x_wconf 70' lang='lat'><strong>22‘!</strong></span> 
     </span>
    </p>
   </div>
   <div class='ocr_carea' id='block_1_59' title="bbox 2197 407 3752 482">
    <p class='ocr_par' dir='ltr' id='par_1_59' title="bbox 2197 407 3752 482">
     <span class='ocr_line' id='line_1_59' title="bbox 2197 407 3752 482; baseline 0 -19"><span class='ocrx_word' id='word_1_416' title='bbox 2197 409 2265 464; x_wconf 88' lang='grc' dir='ltr'><em>τά</em></span> <span class='ocrx_word' id='word_1_417' title='bbox 2295 409 2548 482; x_wconf 73' lang='grc' dir='ltr'><em>ἄφθαρτα</em></span> <span class='ocrx_word' id='word_1_418' title='bbox 2582 411 2675 465; x_wconf 73' lang='grc' dir='ltr'><em>καὶ</em></span> <span class='ocrx_word' id='word_1_419' title='bbox 2718 410 2925 465; x_wconf 80' lang='grc' dir='ltr'><em>ἀθέατα</em></span> <span class='ocrx_word' id='word_1_420' title='bbox 2956 409 3152 481; x_wconf 86' lang='grc' dir='ltr'><em>κάλλη,</em></span> <span class='ocrx_word' id='word_1_421' title='bbox 3181 408 3218 464; x_wconf 74' lang='grc' dir='ltr'>ἃ</span> <span class='ocrx_word' id='word_1_422' title='bbox 3272 407 3454 479; x_wconf 88' lang='grc' dir='ltr'><em>μόνοις</em></span> <span class='ocrx_word' id='word_1_423' title='bbox 3503 408 3752 480; x_wconf 79' lang='grc' dir='ltr'><em>πρόσεστι</em></span> 
     </span>
    </p>
   </div>
   <div class='ocr_carea' id='block_1_60' title="bbox 2184 503 3752 578">
    <p class='ocr_par' dir='ltr' id='par_1_60' title="bbox 2184 503 3752 578">
     <span class='ocr_line' id='line_1_60' title="bbox 2184 503 3752 578; baseline 0.001 -21"><span class='ocrx_word' id='word_1_424' title='bbox 2184 503 2588 577; x_wconf 85' lang='grc' dir='ltr'><em>κληρονομῆσαι</em></span> <span class='ocrx_word' id='word_1_425' title='bbox 2610 508 2723 569; x_wconf 85' lang='grc' dir='ltr'><em>τοῖς</em></span> <span class='ocrx_word' id='word_1_426' title='bbox 2745 506 3026 571; x_wconf 87' lang='grc' dir='ltr'><em>παντελῶς</em></span> <span class='ocrx_word' id='word_1_427' title='bbox 3044 506 3215 578; x_wconf 85' lang='grc' dir='ltr'><em>λήθην</em></span> <span class='ocrx_word' id='word_1_428' title='bbox 3239 503 3626 575; x_wconf 85' lang='grc' dir='ltr'><em>ποιησαμένοις</em></span> <span class='ocrx_word' id='word_1_429' title='bbox 3650 505 3752 560; x_wconf 88' lang='grc' dir='ltr'><em>τῶν</em></span> 
     </span>
    </p>
   </div>
   <div class='ocr_carea' id='block_1_61' title="bbox 2184 596 3754 670">
    <p class='ocr_par' dir='ltr' id='par_1_61' title="bbox 2184 596 3754 670">
     <span class='ocr_line' id='line_1_61' title="bbox 2184 596 3754 670; baseline 0 -20"><span class='ocrx_word' id='word_1_430' title='bbox 2184 597 2437 670; x_wconf 82' lang='grc' dir='ltr'><em>φθαρτῶν</em></span> <span class='ocrx_word' id='word_1_431' title='bbox 2460 598 2662 652; x_wconf 89' lang='grc' dir='ltr'><em>τούτων</em></span> <span class='ocrx_word' id='word_1_432' title='bbox 2695 599 2793 654; x_wconf 72' lang='grc' dir='ltr'><em>καὶ</em></span> <span class='ocrx_word' id='word_1_433' title='bbox 2827 600 3179 670; x_wconf 86' lang='grc' dir='ltr'><em>προσκαίρων</em></span> <span class='ocrx_word' id='word_1_434' title='bbox 3215 596 3486 669; x_wconf 86' lang='grc' dir='ltr'><em>βιωτικῶν</em></span> <span class='ocrx_word' id='word_1_435' title='bbox 3516 597 3754 668; x_wconf 79' lang='grc' dir='ltr'><em>μελημά-</em></span> 
     </span>
    </p>
   </div>
   <div class='ocr_carea' id='block_1_62' title="bbox 2182 688 3754 764">
    <p class='ocr_par' dir='ltr' id='par_1_62' title="bbox 2182 688 3754 764">
     <span class='ocr_line' id='line_1_62' title="bbox 2182 688 3754 764; baseline -0.001 -21"><span class='ocrx_word' id='word_1_436' title='bbox 2182 708 2309 755; x_wconf 90' lang='grc' dir='ltr'><em>των,</em></span> <span class='ocrx_word' id='word_1_437' title='bbox 2347 690 2580 745; x_wconf 90' lang='grc' dir='ltr'><em>πλούτου</em></span> <span class='ocrx_word' id='word_1_438' title='bbox 2605 690 2769 759; x_wconf 78' lang='grc' dir='ltr'><em>λέγω,</em></span> <span class='ocrx_word' id='word_1_439' title='bbox 2801 692 2896 745; x_wconf 76' lang='grc' dir='ltr'><em>καὶ</em></span> <span class='ocrx_word' id='word_1_440' title='bbox 2922 692 3154 764; x_wconf 80' lang='grc' dir='ltr'><em>τρυφῆς,</em></span> <span class='ocrx_word' id='word_1_441' title='bbox 3188 691 3283 744; x_wconf 64' lang='grc' dir='ltr'><em>καί¹</em></span> <span class='ocrx_word' id='word_1_442' title='bbox 3310 689 3418 743; x_wconf 92' lang='grc' dir='ltr'><em>τῶν</em></span> <span class='ocrx_word' id='word_1_443' title='bbox 3454 688 3754 743; x_wconf 75' lang='grc' dir='ltr'><em>ἐπιϐλαϐῶν</em></span> 
     </span>
    </p>
   </div>
   <div class='ocr_carea' id='block_1_63' title="bbox 2180 782 3753 855">
    <p class='ocr_par' dir='ltr' id='par_1_63' title="bbox 2180 782 3753 855">
     <span class='ocr_line' id='line_1_63' title="bbox 2180 782 3753 855; baseline 0.001 -21"><span class='ocrx_word' id='word_1_444' title='bbox 2180 782 2385 853; x_wconf 79' lang='grc' dir='ltr'><em>ἡδονῶν</em></span> <span class='ocrx_word' id='word_1_445' title='bbox 2413 782 2508 836; x_wconf 90' lang='grc' dir='ltr'><em>τοῦ</em></span> <span class='ocrx_word' id='word_1_446' title='bbox 2545 783 2814 839; x_wconf 87' lang='grc' dir='ltr'><em>διαϐόλου.</em></span> <span class='ocrx_word' id='word_1_447' title='bbox 2851 784 2963 855; x_wconf 83' lang='grc' dir='ltr'><em>Τὴν</em></span> <span class='ocrx_word' id='word_1_448' title='bbox 3011 784 3069 837; x_wconf 79' lang='grc' dir='ltr'><em>δὲ</em></span> <span class='ocrx_word' id='word_1_449' title='bbox 3125 782 3478 852; x_wconf 81' lang='grc' dir='ltr'><em>φιλαδελφίαν</em></span> <span class='ocrx_word' id='word_1_450' title='bbox 3512 782 3608 837; x_wconf 75' lang='grc' dir='ltr'><em>καὶ</em></span> <span class='ocrx_word' id='word_1_451' title='bbox 3657 782 3753 854; x_wconf 73' lang='grc' dir='ltr'><em>τῆν</em></span> 
     </span>
    </p>
   </div>
   <div class='ocr_carea' id='block_1_64' title="bbox 2182 877 3750 951">
    <p class='ocr_par' dir='ltr' id='par_1_64' title="bbox 2182 877 3750 951">
     <span class='ocr_line' id='line_1_64' title="bbox 2182 877 3750 951; baseline 0.001 -20"><span class='ocrx_word' id='word_1_452' title='bbox 2182 878 2486 946; x_wconf 80' lang='grc' dir='ltr'><em>φιλοξενίαν</em></span> <span class='ocrx_word' id='word_1_453' title='bbox 2525 878 2662 951; x_wconf 81' lang='grc' dir='ltr'><em>πρὸς</em></span> <span class='ocrx_word' id='word_1_454' title='bbox 2696 879 2823 943; x_wconf 73' lang='grc' dir='ltr'><em>τοὺς</em></span> <span class='ocrx_word' id='word_1_455' title='bbox 2867 879 3154 950; x_wconf 84' lang='grc' dir='ltr'><em>δεομένους</em></span> <span class='ocrx_word' id='word_1_456' title='bbox 3208 878 3330 934; x_wconf 81' lang='grc' dir='ltr'><em>καθ’</em></span> <span class='ocrx_word' id='word_1_457' title='bbox 3373 878 3610 951; x_wconf 79' lang='grc' dir='ltr'><em>ἑκάστην</em></span> <span class='ocrx_word' id='word_1_458' title='bbox 3653 877 3750 950; x_wconf 77' lang='grc' dir='ltr'><em>τὴν</em></span> 
     </span>
    </p>
   </div>
   <div class='ocr_carea' id='block_1_65' title="bbox 2182 968 3755 1042">
    <p class='ocr_par' dir='ltr' id='par_1_65' title="bbox 2182 968 3755 1042">
     <span class='ocr_line' id='line_1_65' title="bbox 2182 968 3755 1042; baseline -0.001 -20"><span class='ocrx_word' id='word_1_459' title='bbox 2182 969 2395 1042; x_wconf 85' lang='grc' dir='ltr'><em>ἡμέραν</em></span> <span class='ocrx_word' id='word_1_460' title='bbox 2420 969 2730 1035; x_wconf 78' lang='grc' dir='ltr'><em>αὐξοῦντες,</em></span> <span class='ocrx_word' id='word_1_461' title='bbox 2747 971 2970 1041; x_wconf 86' lang='grc' dir='ltr'><em>ἀγάπην</em></span> <span class='ocrx_word' id='word_1_462' title='bbox 2993 969 3092 1041; x_wconf 78' lang='grc' dir='ltr'><em>τὴν</em></span> <span class='ocrx_word' id='word_1_463' title='bbox 3121 969 3259 1041; x_wconf 70' lang='grc' dir='ltr'><em>πρὸς</em></span> <span class='ocrx_word' id='word_1_464' title='bbox 3281 969 3372 1024; x_wconf 82' lang='grc' dir='ltr'><em>τὸν</em></span> <span class='ocrx_word' id='word_1_465' title='bbox 3397 968 3643 1039; x_wconf 85' lang='grc' dir='ltr'><em>πλησίον,</em></span> <span class='ocrx_word' id='word_1_466' title='bbox 3664 969 3755 1023; x_wconf 74' lang='grc' dir='ltr'><em>καὶ</em></span> 
     </span>
    </p>
   </div>
   <div class='ocr_carea' id='block_1_66' title="bbox 2185 1058 3759 1134">
    <p class='ocr_par' dir='ltr' id='par_1_66' title="bbox 2185 1058 3759 1134">
     <span class='ocr_line' id='line_1_66' title="bbox 2185 1058 3759 1134; baseline -0.001 -19"><span class='ocrx_word' id='word_1_467' title='bbox 2185 1060 2341 1133; x_wconf 74' lang='grc'><em>[205]</em></span> <span class='ocrx_word' id='word_1_468' title='bbox 2370 1061 2469 1132; x_wconf 83' lang='grc' dir='ltr'><em>τὴν</em></span> <span class='ocrx_word' id='word_1_469' title='bbox 2492 1062 2557 1115; x_wconf 84' lang='grc' dir='ltr'><em>ἐκ</em></span> <span class='ocrx_word' id='word_1_470' title='bbox 2584 1061 2683 1133; x_wconf 86' lang='grc' dir='ltr'><em>τῆς</em></span> <span class='ocrx_word' id='word_1_471' title='bbox 2710 1063 2937 1133; x_wconf 85' lang='grc' dir='ltr'><em>καρδίας</em></span> <span class='ocrx_word' id='word_1_472' title='bbox 2964 1060 3313 1134; x_wconf 83' lang='grc' dir='ltr'><em>συγχώρησιν</em></span> <span class='ocrx_word' id='word_1_473' title='bbox 3339 1058 3436 1114; x_wconf 90' lang='grc' dir='ltr'><em>τοῦ</em></span> <span class='ocrx_word' id='word_1_474' title='bbox 3463 1059 3759 1132; x_wconf 84' lang='grc' dir='ltr'><em>λελυπηκό-</em></span> 
     </span>
    </p>
   </div>
   <div class='ocr_carea' id='block_1_67' title="bbox 2185 1150 3757 1227">
    <p class='ocr_par' dir='ltr' id='par_1_67' title="bbox 2185 1150 3757 1227">
     <span class='ocr_line' id='line_1_67' title="bbox 2185 1150 3757 1227; baseline -0.003 -19"><span class='ocrx_word' id='word_1_475' title='bbox 2185 1170 2296 1217; x_wconf 87' lang='grc' dir='ltr'><em>τος,</em></span> <span class='ocrx_word' id='word_1_476' title='bbox 2327 1154 2394 1207; x_wconf 77' lang='grc' dir='ltr'><em>ἶν’</em></span> <span class='ocrx_word' id='word_1_477' title='bbox 2420 1153 2563 1208; x_wconf 75' lang='grc' dir='ltr'><em>οὕτω</em></span> <span class='ocrx_word' id='word_1_478' title='bbox 2589 1154 2772 1220; x_wconf 89' lang='grc' dir='ltr'><em>καλῶς</em></span> <span class='ocrx_word' id='word_1_479' title='bbox 2797 1155 2891 1208; x_wconf 77' lang='grc' dir='ltr'><em>καὶ</em></span> <span class='ocrx_word' id='word_1_480' title='bbox 2920 1154 3223 1227; x_wconf 84' lang='grc' dir='ltr'><em>θεαρέστως</em></span> <span class='ocrx_word' id='word_1_481' title='bbox 3250 1152 3601 1224; x_wconf 87' lang='grc' dir='ltr'><em>βιοτεύοντες,</em></span> <span class='ocrx_word' id='word_1_482' title='bbox 3631 1150 3757 1221; x_wconf 88' lang='grc' dir='ltr'><em>κλη-</em></span> 
     </span>
    </p>
   </div>
   <div class='ocr_carea' id='block_1_68' title="bbox 2186 1242 3756 1317">
    <p class='ocr_par' dir='ltr' id='par_1_68' title="bbox 2186 1242 3756 1317">
     <span class='ocr_line' id='line_1_68' title="bbox 2186 1242 3756 1317; baseline -0.001 -20"><span class='ocrx_word' id='word_1_483' title='bbox 2186 1245 2406 1315; x_wconf 89' lang='grc' dir='ltr'><em>ρονόμοι</em></span> <span class='ocrx_word' id='word_1_484' title='bbox 2440 1244 2732 1316; x_wconf 88' lang='grc' dir='ltr'><em>γενοίμεθα</em></span> <span class='ocrx_word' id='word_1_485' title='bbox 2777 1246 2877 1315; x_wconf 85' lang='grc' dir='ltr'><em>τῆς</em></span> <span class='ocrx_word' id='word_1_486' title='bbox 2919 1244 3028 1301; x_wconf 89' lang='grc' dir='ltr'><em>τῶν</em></span> <span class='ocrx_word' id='word_1_487' title='bbox 3065 1244 3308 1317; x_wconf 81' lang='grc' dir='ltr'><em>οὐρανῶν</em></span> <span class='ocrx_word' id='word_1_488' title='bbox 3355 1242 3658 1315; x_wconf 85' lang='grc' dir='ltr'><em>βασιλείας,</em></span> <span class='ocrx_word' id='word_1_489' title='bbox 3700 1243 3756 1295; x_wconf 80' lang='grc' dir='ltr'><em>ἐν</em></span> 
     </span>
    </p>
   </div>
   <div class='ocr_carea' id='block_1_69' title="bbox 2185 1333 3757 1409">
    <p class='ocr_par' dir='ltr' id='par_1_69' title="bbox 2185 1333 3757 1409">
     <span class='ocr_line' id='line_1_69' title="bbox 2185 1333 3757 1409; baseline -0.001 -21"><span class='ocrx_word' id='word_1_490' title='bbox 2185 1335 2334 1407; x_wconf 82' lang='grc' dir='ltr'><em>αὐτῷ</em></span> <span class='ocrx_word' id='word_1_491' title='bbox 2361 1335 2583 1408; x_wconf 83' lang='grc' dir='ltr'><em>Χριστῷ</em></span> <span class='ocrx_word' id='word_1_492' title='bbox 2603 1336 2683 1408; x_wconf 82' lang='grc' dir='ltr'><em>τῷ</em></span> <span class='ocrx_word' id='word_1_493' title='bbox 2712 1336 2901 1409; x_wconf 79' lang='grc' dir='ltr'><em>Κυρίῳ</em></span> <span class='ocrx_word' id='word_1_494' title='bbox 2936 1336 3112 1408; x_wconf 84' lang='grc' dir='ltr'><em>ἡμῶν,</em></span> <span class='ocrx_word' id='word_1_495' title='bbox 3132 1333 3176 1406; x_wconf 83' lang='grc' dir='ltr'>ᾧ</span> <span class='ocrx_word' id='word_1_496' title='bbox 3201 1339 3234 1407; x_wconf 84' lang='grc' dir='ltr'><strong>ή</strong></span> <span class='ocrx_word' id='word_1_497' title='bbox 3264 1335 3391 1400; x_wconf 81' lang='grc' dir='ltr'><em>δόξα</em></span> <span class='ocrx_word' id='word_1_498' title='bbox 3420 1334 3596 1389; x_wconf 79' lang='grc' dir='ltr'><em>καὶτὸ</em></span> <span class='ocrx_word' id='word_1_499' title='bbox 3628 1333 3757 1406; x_wconf 84' lang='grc' dir='ltr'><em>κρά-</em></span> 
     </span>
    </p>
   </div>
   <div class='ocr_carea' id='block_1_70' title="bbox 2184 1424 3757 1500">
    <p class='ocr_par' dir='ltr' id='par_1_70' title="bbox 2184 1424 3757 1500">
     <span class='ocr_line' id='line_1_70' title="bbox 2184 1424 3757 1500; baseline -0.001 -21"><span class='ocrx_word' id='word_1_500' title='bbox 2184 1444 2277 1489; x_wconf 90' lang='grc' dir='ltr'><em>τος</em></span> <span class='ocrx_word' id='word_1_501' title='bbox 2324 1428 2421 1482; x_wconf 80' lang='grc' dir='ltr'><em>σύν</em></span> <span class='ocrx_word' id='word_1_502' title='bbox 2451 1427 2529 1498; x_wconf 85' lang='grc' dir='ltr'><em>τῷ</em></span> <span class='ocrx_word' id='word_1_503' title='bbox 2562 1428 2736 1500; x_wconf 78' lang='grc' dir='ltr'><em>Πατρὶ</em></span> <span class='ocrx_word' id='word_1_504' title='bbox 2782 1428 2877 1483; x_wconf 72' lang='grc' dir='ltr'><em>καὶ</em></span> <span class='ocrx_word' id='word_1_505' title='bbox 2906 1429 2983 1499; x_wconf 84' lang='grc' dir='ltr'><em>τῷ</em></span> <span class='ocrx_word' id='word_1_506' title='bbox 3026 1429 3164 1499; x_wconf 84' lang='grc' dir='ltr'><em>ἀγίῳ</em></span> <span class='ocrx_word' id='word_1_507' title='bbox 3207 1428 3483 1499; x_wconf 83' lang='grc' dir='ltr'><em>Πνεύματι</em></span> <span class='ocrx_word' id='word_1_508' title='bbox 3503 1468 3517 1495; x_wconf 92' lang='grc'><em>,</em></span> <span class='ocrx_word' id='word_1_509' title='bbox 3545 1424 3637 1480; x_wconf 90' lang='grc' dir='ltr'><em>νῦν</em></span> <span class='ocrx_word' id='word_1_510' title='bbox 3667 1425 3757 1479; x_wconf 78' lang='grc' dir='ltr'><em>καὶ</em></span> 
     </span>
    </p>
   </div>
   <div class='ocr_carea' id='block_1_71' title="bbox 2186 1518 3523 1592">
    <p class='ocr_par' dir='ltr' id='par_1_71' title="bbox 2186 1518 3523 1592">
     <span class='ocr_line' id='line_1_71' title="bbox 2186 1518 3523 1592; baseline 0.003 -20"><span class='ocrx_word' id='word_1_511' title='bbox 2186 1519 2295 1585; x_wconf 75' lang='grc' dir='ltr'><em>ἀεὶ,</em></span> <span class='ocrx_word' id='word_1_512' title='bbox 2331 1521 2425 1573; x_wconf 65' lang='grc' dir='ltr'><em>καλ⁵</em></span> <span class='ocrx_word' id='word_1_513' title='bbox 2446 1522 2525 1583; x_wconf 89' lang='grc' dir='ltr'><em>εἰς</em></span> <span class='ocrx_word' id='word_1_514' title='bbox 2548 1520 2675 1583; x_wconf 80' lang='grc' dir='ltr'><em>τοὺς</em></span> <span class='ocrx_word' id='word_1_515' title='bbox 2695 1518 2899 1584; x_wconf 85' lang='grc' dir='ltr'><em>αἰῶνας</em></span> <span class='ocrx_word' id='word_1_516' title='bbox 2921 1519 3032 1574; x_wconf 90' lang='grc' dir='ltr'><em>τῶν</em></span> <span class='ocrx_word' id='word_1_517' title='bbox 3062 1519 3294 1576; x_wconf 81' lang='grc' dir='ltr'><em>αἰώνων.</em></span> <span class='ocrx_word' id='word_1_518' title='bbox 3324 1521 3523 1592; x_wconf 77' lang='grc' dir='ltr'><em>’Δμήνο</em></span> 
     </span>
    </p>
   </div>
   <div class='ocr_carea' id='block_1_72' title="bbox 2572 1698 3370 1755">
    <p class='ocr_par' dir='ltr' id='par_1_72' title="bbox 2572 1698 3370 1755">
     <span class='ocr_line' id='line_1_72' title="bbox 2572 1698 3370 1755; baseline 0.005 -5"><span class='ocrx_word' id='word_1_519' title='bbox 2572 1698 2683 1751; x_wconf 83' lang='grc' dir='ltr'><em>ΕΙΣ</em></span> <span class='ocrx_word' id='word_1_520' title='bbox 2720 1698 2857 1752; x_wconf 90' lang='lat' dir='ltr'><strong>TON</strong></span> <span class='ocrx_word' id='word_1_521' title='bbox 2893 1699 3012 1753; x_wconf 85' lang='lat' dir='ltr'><em>MH&#39;</em></span> <span class='ocrx_word' id='word_1_522' title='bbox 3048 1698 3370 1755; x_wconf 76' lang='grc' dir='ltr'><em>ΨΔΛΜΟΝ.</em></span> 
     </span>
    </p>
   </div>
   <div class='ocr_carea' id='block_1_73' title="bbox 2190 1840 3754 1913">
    <p class='ocr_par' dir='ltr' id='par_1_73' title="bbox 2190 1840 3754 1913">
     <span class='ocr_line' id='line_1_73' title="bbox 2190 1840 3754 1913; baseline 0.005 -19"><span class='ocrx_word' id='word_1_523' title='bbox 2190 1843 2295 1907; x_wconf 80' lang='grc' dir='ltr'><em>Εἰς</em></span> <span class='ocrx_word' id='word_1_524' title='bbox 2327 1840 2391 1894; x_wconf 80' lang='grc' dir='ltr'><em>τὸ</em></span> <span class='ocrx_word' id='word_1_525' title='bbox 2420 1841 2594 1907; x_wconf 75' lang='grc' dir='ltr'><em>τέλος</em></span> <span class='ocrx_word' id='word_1_526' title='bbox 2620 1842 2745 1909; x_wconf 79' lang='grc' dir='ltr'><em>τοῖς</em></span> <span class='ocrx_word' id='word_1_527' title='bbox 2769 1842 2919 1908; x_wconf 77' lang='grc' dir='ltr'><em>υἱοῖς</em></span> <span class='ocrx_word' id='word_1_528' title='bbox 2960 1843 3128 1911; x_wconf 82' lang='grc' dir='ltr'><em>Κορέ.</em></span> <span class='ocrx_word' id='word_1_529' title='bbox 3168 1842 3382 1909; x_wconf 73' lang='grc' dir='ltr'><em>Ἄλλος,</em></span> <span class='ocrx_word' id='word_1_530' title='bbox 3432 1844 3754 1913; x_wconf 79' lang='grc' dir='ltr'><em>Ἐπινικιος.</em></span> 
     </span>
    </p>
   </div>
   <div class='ocr_carea' id='block_1_74' title="bbox 2202 1998 3760 2068">
    <p class='ocr_par' dir='ltr' id='par_1_74' title="bbox 2202 1998 3760 2068">
     <span class='ocr_line' id='line_1_74' title="bbox 2202 1998 3760 2068; baseline 0.004 -16"><span class='ocrx_word' id='word_1_531' title='bbox 2202 1998 2519 2053; x_wconf 74' lang='grc' dir='ltr'><em>Ἀκούσατε</em></span> <span class='ocrx_word' id='word_1_532' title='bbox 2551 2000 2756 2062; x_wconf 80' lang='grc' dir='ltr'><em>ταῦτα,</em></span> <span class='ocrx_word' id='word_1_533' title='bbox 2787 1999 2984 2055; x_wconf 80' lang='grc' dir='ltr'><em>πάντα</em></span> <span class='ocrx_word' id='word_1_534' title='bbox 3020 2001 3094 2054; x_wconf 78' lang='grc' dir='ltr'><em>τὰ</em></span> <span class='ocrx_word' id='word_1_535' title='bbox 3129 2001 3297 2068; x_wconf 75' lang='grc' dir='ltr'><em>ἔθνη.</em></span> <span class='ocrx_word' id='word_1_536' title='bbox 3324 2000 3538 2066; x_wconf 70' lang='grc' dir='ltr'><em>Ἄλλος,</em></span> <span class='ocrx_word' id='word_1_537' title='bbox 3571 2000 3760 2058; x_wconf 75' lang='grc' dir='ltr'><em>Ἀκού-</em></span> 
     </span>
    </p>
   </div>
   <div class='ocr_carea' id='block_1_75' title="bbox 2260 2070 3760 2137">
    <p class='ocr_par' dir='ltr' id='par_1_75' title="bbox 2260 2070 3760 2137">
     <span class='ocr_line' id='line_1_75' title="bbox 2260 2070 3760 2137; baseline 0.003 -14"><span class='ocrx_word' id='word_1_538' title='bbox 2260 2086 2407 2123; x_wconf 81' lang='grc' dir='ltr'><em>σατε</em></span> <span class='ocrx_word' id='word_1_539' title='bbox 2438 2070 2634 2124; x_wconf 81' lang='grc' dir='ltr'><em>τοῦτο.</em></span> <span class='ocrx_word' id='word_1_540' title='bbox 2670 2070 3091 2133; x_wconf 80' lang='grc' dir='ltr'><em>Ἐνωτίσασθε,</em></span> <span class='ocrx_word' id='word_1_541' title='bbox 3115 2071 3336 2137; x_wconf 81' lang='grc' dir='ltr'><em>πάντες</em></span> <span class='ocrx_word' id='word_1_542' title='bbox 3362 2075 3417 2126; x_wconf 80' lang='grc' dir='ltr'><em>οἱ</em></span> <span class='ocrx_word' id='word_1_543' title='bbox 3433 2071 3760 2128; x_wconf 76' lang='grc' dir='ltr'><em>κατοικοῦν-</em></span> 
     </span>
    </p>
   </div>
   <div class='ocr_carea' id='block_1_76' title="bbox 2259 2139 3756 2209">
    <p class='ocr_par' dir='ltr' id='par_1_76' title="bbox 2259 2139 3756 2209">
     <span class='ocr_line' id='line_1_76' title="bbox 2259 2139 3756 2209; baseline 0.003 -17"><span class='ocrx_word' id='word_1_544' title='bbox 2259 2156 2358 2204; x_wconf 86' lang='grc' dir='ltr'><em>τες</em></span> <span class='ocrx_word' id='word_1_545' title='bbox 2396 2139 2511 2207; x_wconf 81' lang='grc' dir='ltr'><em>τὴν</em></span> <span class='ocrx_word' id='word_1_546' title='bbox 2540 2140 2925 2209; x_wconf 80' lang='grc' dir='ltr'><em>οἰκουμένην.</em></span> <span class='ocrx_word' id='word_1_547' title='bbox 2955 2141 3167 2203; x_wconf 80' lang='grc' dir='ltr'><em>Ἀλλος,</em></span> <span class='ocrx_word' id='word_1_548' title='bbox 3196 2140 3315 2209; x_wconf 60' lang='grc' dir='ltr'><em>Τὴζ</em></span> <span class='ocrx_word' id='word_1_549' title='bbox 3341 2142 3756 2209; x_wconf 62' lang='grc' dir='ltr'><em>ἐγκατάδυσιν.</em></span> 
     </span>
    </p>
   </div>
   <div class='ocr_carea' id='block_1_77' title="bbox 2264 2204 3754 2281">
    <p class='ocr_par' dir='ltr' id='par_1_77' title="bbox 2264 2204 3754 2281">
     <span class='ocr_line' id='line_1_77' title="bbox 2264 2204 3754 2281; baseline 0.001 -20"><span class='ocrx_word' id='word_1_550' title='bbox 2264 2204 2467 2281; x_wconf 69' lang='grc' dir='ltr'><em>’Ἄλλος</em></span> <span class='ocrx_word' id='word_1_551' title='bbox 2499 2210 2652 2280; x_wconf 72' lang='grc' dir='ltr'><em>φησὶ,</em></span> <span class='ocrx_word' id='word_1_552' title='bbox 2702 2204 2822 2277; x_wconf 72' lang='grc' dir='ltr'><em>Τὴν</em></span> <span class='ocrx_word' id='word_1_553' title='bbox 2848 2204 3215 2281; x_wconf 52' lang='grc' dir='ltr'><em>ξκατάδυσιν.</em></span> <span class='ocrx_word' id='word_1_554' title='bbox 3242 2204 3347 2281; x_wconf 22' lang='grc' dir='ltr'><em>λ’·Ο-</em></span> <span class='ocrx_word' id='word_1_555' title='bbox 3361 2204 3418 2260; x_wconf 82' lang='grc' dir='ltr'><em>δὲ</em></span> <span class='ocrx_word' id='word_1_556' title='bbox 3479 2208 3717 2281; x_wconf 84' lang='grc' dir='ltr'><em>Ἐϐραῖος</em></span> <span class='ocrx_word' id='word_1_557' title='bbox 3739 2254 3754 2278; x_wconf 86' lang='grc'><em>,</em></span> 
     </span>
    </p>
   </div>
   <div class='ocr_carea' id='block_1_78' title="bbox 2263 2278 3755 2350">
    <p class='ocr_par' dir='ltr' id='par_1_78' title="bbox 2263 2278 3755 2350">
     <span class='ocr_line' id='line_1_78' title="bbox 2263 2278 3755 2350; baseline 0.001 -20"><span class='ocrx_word' id='word_1_558' title='bbox 2263 2279 2422 2350; x_wconf 74' lang='grc' dir='ltr'><em>’(Μδ.</em></span> <span class='ocrx_word' id='word_1_559' title='bbox 2446 2278 2597 2333; x_wconf 70' lang='grc' dir='ltr'><em>Οἵτε</em></span> <span class='ocrx_word' id='word_1_560' title='bbox 2629 2280 2896 2350; x_wconf 71' lang='grc' dir='ltr'><em>γηγενεῖς</em></span> <span class='ocrx_word' id='word_1_561' title='bbox 2922 2282 3020 2335; x_wconf 82' lang='grc' dir='ltr'><em>καί</em></span> <span class='ocrx_word' id='word_1_562' title='bbox 3052 2284 3105 2336; x_wconf 86' lang='grc' dir='ltr'><em>οι</em></span> <span class='ocrx_word' id='word_1_563' title='bbox 3139 2278 3258 2335; x_wconf 66' lang='lat' dir='ltr'><em>vlo!</em></span> <span class='ocrx_word' id='word_1_564' title='bbox 3277 2278 3402 2350; x_wconf 72' lang='grc' dir='ltr'><em>τῶν</em></span> <span class='ocrx_word' id='word_1_565' title='bbox 3423 2278 3755 2350; x_wconf 79' lang='grc' dir='ltr'><em>ἀνθρώπων.</em></span> 
     </span>
    </p>
   </div>
   <div class='ocr_carea' id='block_1_79' title="bbox 2263 2348 3761 2420">
    <p class='ocr_par' dir='ltr' id='par_1_79' title="bbox 2263 2348 3761 2420">
     <span class='ocr_line' id='line_1_79' title="bbox 2263 2348 3761 2420; baseline -0.001 -19"><span class='ocrx_word' id='word_1_566' title='bbox 2263 2349 2475 2413; x_wconf 80' lang='grc' dir='ltr'><em>Ἀλλος,</em></span> <span class='ocrx_word' id='word_1_567' title='bbox 2498 2351 2567 2405; x_wconf 87' lang='grc' dir='ltr'><strong>Ἦ</strong></span> <span class='ocrx_word' id='word_1_568' title='bbox 2585 2348 2649 2404; x_wconf 71' lang='grc' dir='ltr'><em>τε</em></span> <span class='ocrx_word' id='word_1_569' title='bbox 2677 2348 3082 2420; x_wconf 78' lang='grc' dir='ltr'><em>ἀνθρωπότης,</em></span> <span class='ocrx_word' id='word_1_570' title='bbox 3100 2348 3350 2418; x_wconf 84' lang='grc' dir='ltr'><em>προσέτι</em></span> <span class='ocrx_word' id='word_1_571' title='bbox 3377 2350 3446 2403; x_wconf 79' lang='grc' dir='ltr'><em>δὲ</em></span> <span class='ocrx_word' id='word_1_572' title='bbox 3462 2350 3559 2403; x_wconf 81' lang='grc' dir='ltr'><em>καί</em></span> <span class='ocrx_word' id='word_1_573' title='bbox 3579 2352 3632 2403; x_wconf 78' lang='lat' dir='ltr'><em>oi</em></span> <span class='ocrx_word' id='word_1_574' title='bbox 3651 2349 3761 2420; x_wconf 78' lang='grc' dir='ltr'><em>υἰοί</em></span> 
     </span>
    </p>
   </div>
   <div class='ocr_carea' id='block_1_80' title="bbox 2260 2417 3761 2490">
    <p class='ocr_par' dir='ltr' id='par_1_80' title="bbox 2260 2417 3761 2490">
     <span class='ocr_line' id='line_1_80' title="bbox 2260 2417 3761 2490; baseline -0.001 -17"><span class='ocrx_word' id='word_1_575' title='bbox 2260 2420 2522 2490; x_wconf 78' lang='grc' dir='ltr'><em>ἑκάστου</em></span> <span class='ocrx_word' id='word_1_576' title='bbox 2541 2417 2799 2490; x_wconf 52' lang='grc' dir='ltr'><em>ἀνδρός(</em></span> <span class='ocrx_word' id='word_1_577' title='bbox 2819 2422 2951 2475; x_wconf 77' lang='grc' dir='ltr'><em>Ἐπὶ</em></span> <span class='ocrx_word' id='word_1_578' title='bbox 2970 2417 3034 2475; x_wconf 71' lang='grc' dir='ltr'><em>τὸ</em></span> <span class='ocrx_word' id='word_1_579' title='bbox 3056 2417 3202 2476; x_wconf 74' lang='grc' dir='ltr'><em>αὐτὸ</em></span> <span class='ocrx_word' id='word_1_580' title='bbox 3222 2422 3522 2487; x_wconf 77' lang='grc' dir='ltr'><em>πλούσιος</em></span> <span class='ocrx_word' id='word_1_581' title='bbox 3542 2420 3636 2475; x_wconf 79' lang='grc' dir='ltr'><em>καί</em></span> <span class='ocrx_word' id='word_1_582' title='bbox 3665 2417 3761 2472; x_wconf 78' lang='grc' dir='ltr'><em>πέ-</em></span> 
     </span>
    </p>
   </div>
   <div class='ocr_carea' id='block_1_81' title="bbox 2261 2489 2875 2561">
    <p class='ocr_par' dir='ltr' id='par_1_81' title="bbox 2261 2489 2875 2561">
     <span class='ocr_line' id='line_1_81' title="bbox 2261 2489 2875 2561; baseline 0.007 -18"><span class='ocrx_word' id='word_1_583' title='bbox 2261 2507 2394 2557; x_wconf 86' lang='grc' dir='ltr'><em>νης.</em></span> <span class='ocrx_word' id='word_1_584' title='bbox 2425 2489 2638 2557; x_wconf 83' lang='grc' dir='ltr'><em>Ἀλλος,</em></span> <span class='ocrx_word' id='word_1_585' title='bbox 2656 2489 2659 2490; x_wconf 53' lang='grc'><strong><em>⁷</em></strong></span> <span class='ocrx_word' id='word_1_586' title='bbox 2685 2491 2875 2561; x_wconf 83' lang='grc' dir='ltr'><em>Ὁμοῦ.</em></span> 
     </span>
    </p>
   </div>
   <div class='ocr_carea' id='block_1_82' title="bbox 2264 2665 3761 2742">
    <p class='ocr_par' dir='ltr' id='par_1_82' title="bbox 2264 2665 3761 2742">
     <span class='ocr_line' id='line_1_82' title="bbox 2264 2665 3761 2742; baseline 0.002 -23"><span class='ocrx_word' id='word_1_587' title='bbox 2264 2665 2331 2720; x_wconf 86' lang='grc' dir='ltr'><em>α’.</em></span> <span class='ocrx_word' id='word_1_588' title='bbox 2365 2667 2594 2736; x_wconf 84' lang='grc' dir='ltr'><em>Μεγάλα</em></span> <span class='ocrx_word' id='word_1_589' title='bbox 2619 2667 2741 2722; x_wconf 84' lang='grc' dir='ltr'><em>τινὰ</em></span> <span class='ocrx_word' id='word_1_590' title='bbox 2775 2670 2869 2723; x_wconf 75' lang='grc' dir='ltr'><em>καὶ</em></span> <span class='ocrx_word' id='word_1_591' title='bbox 2906 2670 3192 2742; x_wconf 77' lang='grc' dir='ltr'><em>ἀπόρρητα</em></span> <span class='ocrx_word' id='word_1_592' title='bbox 3219 2670 3409 2742; x_wconf 87' lang='grc' dir='ltr'><em>μέλλει</em></span> <span class='ocrx_word' id='word_1_593' title='bbox 3436 2669 3761 2741; x_wconf 83' lang='grc' dir='ltr'><em>διαλέγεσθαι</em></span> 
     </span>
    </p>
   </div>
   <div class='ocr_carea' id='block_1_83' title="bbox 2191 2756 3759 2834">
    <p class='ocr_par' dir='ltr' id='par_1_83' title="bbox 2191 2756 3759 2834">
     <span class='ocr_line' id='line_1_83' title="bbox 2191 2756 3759 2834; baseline 0.009 -25"><span class='ocrx_word' id='word_1_594' title='bbox 2191 2756 2286 2809; x_wconf 87' lang='grc' dir='ltr'><em>νῦν</em></span> <span class='ocrx_word' id='word_1_595' title='bbox 2307 2759 2438 2827; x_wconf 82' lang='grc' dir='ltr'><em>ἡμῖν</em></span> <span class='ocrx_word' id='word_1_596' title='bbox 2466 2760 2494 2811; x_wconf 87' lang='grc' dir='ltr'>ὁ</span> <span class='ocrx_word' id='word_1_597' title='bbox 2518 2759 2827 2831; x_wconf 85' lang='grc' dir='ltr'><em>Προφήτης.</em></span> <span class='ocrx_word' id='word_1_598' title='bbox 2848 2761 2983 2814; x_wconf 80' lang='grc' dir='ltr'><em>Οὐδὲ</em></span> <span class='ocrx_word' id='word_1_599' title='bbox 3005 2763 3115 2834; x_wconf 85' lang='grc' dir='ltr'><em>γὰρ</em></span> <span class='ocrx_word' id='word_1_600' title='bbox 3139 2763 3205 2816; x_wconf 81' lang='grc' dir='ltr'><em>ἀν</em></span> <span class='ocrx_word' id='word_1_601' title='bbox 3224 2764 3350 2826; x_wconf 82' lang='grc' dir='ltr'><em>τοὺς</em></span> <span class='ocrx_word' id='word_1_602' title='bbox 3373 2761 3643 2834; x_wconf 87' lang='grc' dir='ltr'><em>πανταχοῦ</em></span> <span class='ocrx_word' id='word_1_603' title='bbox 3667 2760 3759 2830; x_wconf 82' lang='grc' dir='ltr'><em>τῆς</em></span> 
     </span>
    </p>
   </div>
   <div class='ocr_carea' id='block_1_84' title="bbox 2191 2849 3759 2926">
    <p class='ocr_par' dir='ltr' id='par_1_84' title="bbox 2191 2849 3759 2926">
     <span class='ocr_line' id='line_1_84' title="bbox 2191 2849 3759 2926; baseline 0.001 -22"><span class='ocrx_word' id='word_1_604' title='bbox 2191 2849 2295 2920; x_wconf 83' lang='grc' dir='ltr'><em>γῆς</em></span> <span class='ocrx_word' id='word_1_605' title='bbox 2322 2849 2578 2904; x_wconf 77' lang='grc' dir='ltr'><em>ἐκάλεσεν</em></span> <span class='ocrx_word' id='word_1_606' title='bbox 2612 2853 2692 2914; x_wconf 85' lang='grc' dir='ltr'><em>εἰς</em></span> <span class='ocrx_word' id='word_1_607' title='bbox 2717 2853 2979 2924; x_wconf 88' lang='grc' dir='ltr'><em>ἀκρόασιν</em></span> <span class='ocrx_word' id='word_1_608' title='bbox 2998 2894 3013 2920; x_wconf 92' lang='grc'><em>,</em></span> <span class='ocrx_word' id='word_1_609' title='bbox 3051 2854 3161 2908; x_wconf 80' lang='grc' dir='ltr'><em>οὐδ’</em></span> <span class='ocrx_word' id='word_1_610' title='bbox 3194 2854 3259 2908; x_wconf 86' lang='grc' dir='ltr'><em>ἂν</em></span> <span class='ocrx_word' id='word_1_611' title='bbox 3288 2855 3352 2908; x_wconf 81' lang='grc' dir='ltr'><em>τὸ</em></span> <span class='ocrx_word' id='word_1_612' title='bbox 3392 2857 3491 2926; x_wconf 89' lang='grc' dir='ltr'><em>τῆς</em></span> <span class='ocrx_word' id='word_1_613' title='bbox 3517 2851 3759 2924; x_wconf 82' lang='grc' dir='ltr'><em>οἰκουμέ-</em></span> 
     </span>
    </p>
   </div>
   <div class='ocr_carea' id='block_1_85' title="bbox 2192 2941 3759 3018">
    <p class='ocr_par' dir='ltr' id='par_1_85' title="bbox 2192 2941 3759 3018">
     <span class='ocr_line' id='line_1_85' title="bbox 2192 2941 3759 3018; baseline 0.002 -24"><span class='ocrx_word' id='word_1_614' title='bbox 2192 2958 2289 3013; x_wconf 90' lang='grc' dir='ltr'><em>νης</em></span> <span class='ocrx_word' id='word_1_615' title='bbox 2321 2941 2541 2996; x_wconf 83' lang='grc' dir='ltr'><em>ἐκάθισε</em></span> <span class='ocrx_word' id='word_1_616' title='bbox 2581 2943 2841 3017; x_wconf 89' lang='grc' dir='ltr'><em>θέατρον,</em></span> <span class='ocrx_word' id='word_1_617' title='bbox 2875 2948 2924 2999; x_wconf 89' lang='grc' dir='ltr'><em>εἰ</em></span> <span class='ocrx_word' id='word_1_618' title='bbox 2955 2945 3030 3018; x_wconf 84' lang='grc' dir='ltr'><em>μὴ</em></span> <span class='ocrx_word' id='word_1_619' title='bbox 3066 2946 3209 3018; x_wconf 86' lang='grc' dir='ltr'><em>μέγα</em></span> <span class='ocrx_word' id='word_1_620' title='bbox 3246 2964 3332 3013; x_wconf 92' lang='grc' dir='ltr'><em>τι,</em></span> <span class='ocrx_word' id='word_1_621' title='bbox 3366 2948 3463 3001; x_wconf 81' lang='grc' dir='ltr'><em>καὶ</em></span> <span class='ocrx_word' id='word_1_622' title='bbox 3499 2945 3759 3018; x_wconf 78' lang='grc' dir='ltr'><em>λαμπρὸν,</em></span> 
     </span>
    </p>
   </div>
   <div class='ocr_carea' id='block_1_86' title="bbox 2192 3034 3761 3111">
    <p class='ocr_par' dir='ltr' id='par_1_86' title="bbox 2192 3034 3761 3111">
     <span class='ocr_line' id='line_1_86' title="bbox 2192 3034 3761 3111; baseline -0.001 -23"><span class='ocrx_word' id='word_1_623' title='bbox 2192 3034 2399 3089; x_wconf 75' lang='grc' dir='ltr'><em>καὶτοῦ</em></span> <span class='ocrx_word' id='word_1_624' title='bbox 2428 3035 2690 3106; x_wconf 86' lang='grc' dir='ltr'><em>μεγέθους</em></span> <span class='ocrx_word' id='word_1_625' title='bbox 2719 3036 2812 3093; x_wconf 85' lang='grc' dir='ltr'><em>τοῦ</em></span> <span class='ocrx_word' id='word_1_626' title='bbox 2837 3038 3093 3107; x_wconf 88' lang='grc' dir='ltr'><em>συλλόγου</em></span> <span class='ocrx_word' id='word_1_627' title='bbox 3117 3037 3266 3105; x_wconf 81' lang='grc' dir='ltr'><em>ἀξιον</em></span> <span class='ocrx_word' id='word_1_628' title='bbox 3288 3041 3440 3110; x_wconf 88' lang='grc' dir='ltr'><em>ἐρεῖν</em></span> <span class='ocrx_word' id='word_1_629' title='bbox 3468 3041 3597 3111; x_wconf 82' lang='grc' dir='ltr'><em>ἡμῖν</em></span> <span class='ocrx_word' id='word_1_630' title='bbox 3620 3035 3761 3108; x_wconf 84' lang='grc' dir='ltr'><em>ἔμελ-</em></span> 
     </span>
    </p>
   </div>
   <div class='ocr_carea' id='block_1_87' title="bbox 2189 3124 3761 3199">
    <p class='ocr_par' dir='ltr' id='par_1_87' title="bbox 2189 3124 3761 3199">
     <span class='ocr_line' id='line_1_87' title="bbox 2189 3124 3761 3199; baseline -0.002 -19"><span class='ocrx_word' id='word_1_631' title='bbox 2189 3126 2301 3180; x_wconf 87' lang='grc' dir='ltr'><em>λεν.</em></span> <span class='ocrx_word' id='word_1_632' title='bbox 2335 3126 2532 3180; x_wconf 88' lang='grc' dir='ltr'><em>Οὐκέτι</em></span> <span class='ocrx_word' id='word_1_633' title='bbox 2555 3124 2664 3198; x_wconf 87' lang='grc' dir='ltr'><em>γὰρ</em></span> <span class='ocrx_word' id='word_1_634' title='bbox 2699 3126 2776 3190; x_wconf 87' lang='grc' dir='ltr'><em>ώς</em></span> <span class='ocrx_word' id='word_1_635' title='bbox 2829 3127 3102 3191; x_wconf 85' lang='grc' dir='ltr'><em>Ἰουδαίοις</em></span> <span class='ocrx_word' id='word_1_636' title='bbox 3136 3127 3503 3199; x_wconf 84' lang='grc' dir='ltr'><em>προφητεύων</em></span> <span class='ocrx_word' id='word_1_637' title='bbox 3533 3129 3644 3191; x_wconf 89' lang='grc' dir='ltr'><em>τοῖς</em></span> <span class='ocrx_word' id='word_1_638' title='bbox 3668 3124 3761 3197; x_wconf 78' lang='grc' dir='ltr'><em>τὴν</em></span> 
     </span>
    </p>
   </div>
   <div class='ocr_carea' id='block_1_88' title="bbox 2191 3218 3759 3292">
    <p class='ocr_par' dir='ltr' id='par_1_88' title="bbox 2191 3218 3759 3292">
     <span class='ocr_line' id='line_1_88' title="bbox 2191 3218 3759 3292; baseline -0.001 -19"><span class='ocrx_word' id='word_1_639' title='bbox 2191 3219 2558 3290; x_wconf 86' lang='grc' dir='ltr'><em>Παλαιστίνην</em></span> <span class='ocrx_word' id='word_1_640' title='bbox 2615 3218 2824 3272; x_wconf 79' lang='grc' dir='ltr'><em>οἰκοῦσι</em></span> <span class='ocrx_word' id='word_1_641' title='bbox 2879 3218 3223 3288; x_wconf 86' lang='grc' dir='ltr'><em>διαλέγεται,</em></span> <span class='ocrx_word' id='word_1_642' title='bbox 3271 3219 3390 3274; x_wconf 85' lang='grc' dir='ltr'><em>ἀλλ’</em></span> <span class='ocrx_word' id='word_1_643' title='bbox 3444 3219 3630 3292; x_wconf 83' lang='grc' dir='ltr'><em>ὥσπερ</em></span> <span class='ocrx_word' id='word_1_644' title='bbox 3684 3234 3759 3280; x_wconf 85' lang='grc' dir='ltr'><em>τις</em></span> 
     </span>
    </p>
   </div>
   <div class='ocr_carea' id='block_1_89' title="bbox 2191 3308 3760 3383">
    <p class='ocr_par' dir='ltr' id='par_1_89' title="bbox 2191 3308 3760 3383">
     <span class='ocr_line' id='line_1_89' title="bbox 2191 3308 3760 3383; baseline -0.001 -18"><span class='ocrx_word' id='word_1_645' title='bbox 2191 3311 2488 3375; x_wconf 81' lang='grc' dir='ltr'><em>ἀπόστολος</em></span> <span class='ocrx_word' id='word_1_646' title='bbox 2531 3310 2627 3364; x_wconf 77' lang='grc' dir='ltr'><em>καὶ</em></span> <span class='ocrx_word' id='word_1_647' title='bbox 2669 3310 3059 3382; x_wconf 75' lang='grc' dir='ltr'><em>εὐαγγελιστὴς</em></span> <span class='ocrx_word' id='word_1_648' title='bbox 3094 3310 3230 3382; x_wconf 82' lang='grc' dir='ltr'><em>πρὸς</em></span> <span class='ocrx_word' id='word_1_649' title='bbox 3269 3312 3492 3366; x_wconf 76' lang='grc' dir='ltr'><em>ἃπασαν</em></span> <span class='ocrx_word' id='word_1_650' title='bbox 3527 3312 3624 3383; x_wconf 80' lang='grc' dir='ltr'><em>τὴν</em></span> <span class='ocrx_word' id='word_1_651' title='bbox 3659 3308 3760 3363; x_wconf 80' lang='grc' dir='ltr'><em>τῶν</em></span> 
     </span>
    </p>
   </div>
   <div class='ocr_carea' id='block_1_90' title="bbox 2191 3400 3759 3475">
    <p class='ocr_par' dir='ltr' id='par_1_90' title="bbox 2191 3400 3759 3475">
     <span class='ocr_line' id='line_1_90' title="bbox 2191 3400 3759 3475; baseline -0.002 -19"><span class='ocrx_word' id='word_1_652' title='bbox 2191 3401 2491 3473; x_wconf 86' lang='grc' dir='ltr'><em>ἀνθρώπων</em></span> <span class='ocrx_word' id='word_1_653' title='bbox 2511 3400 2671 3469; x_wconf 86' lang='grc' dir='ltr'><em>φύσιν</em></span> <span class='ocrx_word' id='word_1_654' title='bbox 2699 3401 2970 3457; x_wconf 86' lang='grc' dir='ltr'><em>ἀποτείνει</em></span> <span class='ocrx_word' id='word_1_655' title='bbox 2994 3402 3087 3455; x_wconf 82' lang='grc' dir='ltr'><em>τὸν</em></span> <span class='ocrx_word' id='word_1_656' title='bbox 3119 3401 3296 3469; x_wconf 89' lang='grc' dir='ltr'><em>λόγον.</em></span> <span class='ocrx_word' id='word_1_657' title='bbox 3332 3402 3397 3457; x_wconf 90' lang='lat'><strong>&#39;0</strong></span> <span class='ocrx_word' id='word_1_658' title='bbox 3423 3403 3521 3475; x_wconf 84' lang='grc' dir='ltr'><em>μὲν</em></span> <span class='ocrx_word' id='word_1_659' title='bbox 3547 3400 3653 3473; x_wconf 82' lang='grc' dir='ltr'><em>γάρ</em></span> <span class='ocrx_word' id='word_1_660' title='bbox 3679 3402 3759 3454; x_wconf 66' lang='lat' dir='ltr'><em>vdo</em></span> 
     </span>
    </p>
   </div>
   <div class='ocr_carea' id='block_1_91' title="bbox 2194 3491 3757 3565">
    <p class='ocr_par' dir='ltr' id='par_1_91' title="bbox 2194 3491 3757 3565">
     <span class='ocr_line' id='line_1_91' title="bbox 2194 3491 3757 3565; baseline 0 -21"><span class='ocrx_word' id='word_1_661' title='bbox 2194 3509 2295 3562; x_wconf 84' lang='grc' dir='ltr'><em>μος</em></span> <span class='ocrx_word' id='word_1_662' title='bbox 2326 3493 2384 3546; x_wconf 83' lang='grc' dir='ltr'><em>ὲν</em></span> <span class='ocrx_word' id='word_1_663' title='bbox 2420 3495 2517 3565; x_wconf 82' lang='grc' dir='ltr'><em>μιᾷ</em></span> <span class='ocrx_word' id='word_1_664' title='bbox 2536 3492 2708 3564; x_wconf 79' lang='grc' dir='ltr'><em>γωνίᾳ</em></span> <span class='ocrx_word' id='word_1_665' title='bbox 2736 3493 2833 3562; x_wconf 83' lang='grc' dir='ltr'><em>τῆς</em></span> <span class='ocrx_word' id='word_1_666' title='bbox 2850 3493 3173 3564; x_wconf 84' lang='grc' dir='ltr'><em>οἰκουμένης</em></span> <span class='ocrx_word' id='word_1_667' title='bbox 3194 3494 3255 3547; x_wconf 79' lang='grc' dir='ltr'><em>τὸ</em></span> <span class='ocrx_word' id='word_1_668' title='bbox 3273 3491 3429 3559; x_wconf 82' lang='grc' dir='ltr'><em>ἔθνος</em></span> <span class='ocrx_word' id='word_1_669' title='bbox 3457 3493 3724 3548; x_wconf 77' lang='grc' dir='ltr'><em>ἐπαίδευεν</em></span> <span class='ocrx_word' id='word_1_670' title='bbox 3741 3505 3757 3522; x_wconf 90' lang='grc'><strong>·</strong></span> 
     </span>
    </p>
   </div>
   <div class='ocr_carea' id='block_1_92' title="bbox 2192 3580 3757 3657">
    <p class='ocr_par' dir='ltr' id='par_1_92' title="bbox 2192 3580 3757 3657">
     <span class='ocr_line' id='line_1_92' title="bbox 2192 3580 3757 3657; baseline 0 -21"><span class='ocrx_word' id='word_1_671' title='bbox 2192 3584 2220 3636; x_wconf 86' lang='grc' dir='ltr'>ὁ</span> <span class='ocrx_word' id='word_1_672' title='bbox 2246 3582 2401 3653; x_wconf 90' lang='grc' dir='ltr'><em>λόγος</em></span> <span class='ocrx_word' id='word_1_673' title='bbox 2440 3583 2499 3637; x_wconf 82' lang='grc' dir='ltr'><em>δὲ</em></span> <span class='ocrx_word' id='word_1_674' title='bbox 2549 3583 2641 3637; x_wconf 92' lang='grc' dir='ltr'><em>τοῦ</em></span> <span class='ocrx_word' id='word_1_675' title='bbox 2688 3585 3045 3657; x_wconf 87' lang='grc' dir='ltr'><em>κηρύγματος</em></span> <span class='ocrx_word' id='word_1_676' title='bbox 3094 3584 3373 3655; x_wconf 87' lang='grc' dir='ltr'><em>πανταχοῦ</em></span> <span class='ocrx_word' id='word_1_677' title='bbox 3407 3585 3505 3656; x_wconf 87' lang='grc' dir='ltr'><em>τῆς</em></span> <span class='ocrx_word' id='word_1_678' title='bbox 3541 3585 3639 3655; x_wconf 90' lang='grc' dir='ltr'><em>γῆς</em></span> <span class='ocrx_word' id='word_1_679' title='bbox 3676 3580 3757 3647; x_wconf 83' lang='grc' dir='ltr'><em>ἐξ·</em></span> 
     </span>
    </p>
   </div>
   <div class='ocr_carea' id='block_1_93' title="bbox 2193 3671 3757 3745">
    <p class='ocr_par' dir='ltr' id='par_1_93' title="bbox 2193 3671 3757 3745">
     <span class='ocr_line' id='line_1_93' title="bbox 2193 3671 3757 3745; baseline -0.001 -19"><span class='ocrx_word' id='word_1_680' title='bbox 2193 3677 2374 3744; x_wconf 81' lang='grc' dir='ltr'><em>ηχεῖτο</em></span> <span class='ocrx_word' id='word_1_681' title='bbox 2397 3674 2446 3740; x_wconf 69' lang='grc' dir='ltr'><em>ι),</em></span> <span class='ocrx_word' id='word_1_682' title='bbox 2476 3675 2569 3728; x_wconf 71' lang='grc' dir='ltr'><em>καὶ</em></span> <span class='ocrx_word' id='word_1_683' title='bbox 2604 3675 2794 3728; x_wconf 79' lang='grc' dir='ltr'><em>ἑαυτὸν</em></span> <span class='ocrx_word' id='word_1_684' title='bbox 2820 3675 3073 3742; x_wconf 80' lang='grc' dir='ltr'><em>ἐξέτεινε,</em></span> <span class='ocrx_word' id='word_1_685' title='bbox 3093 3674 3362 3745; x_wconf 87' lang='grc' dir='ltr'><em>τοσαύτην</em></span> <span class='ocrx_word' id='word_1_686' title='bbox 3392 3674 3628 3729; x_wconf 86' lang='grc' dir='ltr'><em>ἐπελθὼν</em></span> <span class='ocrx_word' id='word_1_687' title='bbox 3655 3671 3757 3744; x_wconf 88' lang='grc' dir='ltr'><em>χώ-</em></span> 
     </span>
    </p>
   </div>
   <div class='ocr_carea' id='block_1_94' title="bbox 2194 3766 3758 3839">
    <p class='ocr_par' dir='ltr' id='par_1_94' title="bbox 2194 3766 3758 3839">
     <span class='ocr_line' id='line_1_94' title="bbox 2194 3766 3758 3839; baseline -0.003 -19"><span class='ocrx_word' id='word_1_688' title='bbox 2194 3782 2315 3837; x_wconf 87' lang='grc' dir='ltr'><em>ραν,</em></span> <span class='ocrx_word' id='word_1_689' title='bbox 2338 3766 2469 3836; x_wconf 83' lang='grc' dir='ltr'><em>ὅσην</em></span> <span class='ocrx_word' id='word_1_690' title='bbox 2499 3767 2593 3820; x_wconf 80' lang='grc' dir='ltr'><em>καὶ</em></span> <span class='ocrx_word' id='word_1_691' title='bbox 2622 3768 2651 3820; x_wconf 85' lang='grc' dir='ltr'><em>ό</em></span> <span class='ocrx_word' id='word_1_692' title='bbox 2689 3766 2841 3836; x_wconf 79' lang='grc' dir='ltr'><em>ἥλιος</em></span> <span class='ocrx_word' id='word_1_693' title='bbox 2863 3767 3098 3822; x_wconf 89' lang='grc' dir='ltr'><em>ἔπεισιν.</em></span> <span class='ocrx_word' id='word_1_694' title='bbox 3135 3766 3347 3820; x_wconf 85' lang='grc' dir='ltr'><em>Ἐκεῖνα</em></span> <span class='ocrx_word' id='word_1_695' title='bbox 3383 3767 3480 3839; x_wconf 79' lang='grc' dir='ltr'><em>μὲν</em></span> <span class='ocrx_word' id='word_1_696' title='bbox 3506 3766 3614 3838; x_wconf 80' lang='grc' dir='ltr'><em>γὰρ</em></span> <span class='ocrx_word' id='word_1_697' title='bbox 3641 3780 3758 3818; x_wconf 86' lang='grc' dir='ltr'><em>παι-</em></span> 
     </span>
    </p>
   </div>
   <div class='ocr_carea' id='block_1_95' title="bbox 2190 3849 3756 3926">
    <p class='ocr_par' dir='ltr' id='par_1_95' title="bbox 2190 3849 3756 3926">
     <span class='ocr_line' id='line_1_95' title="bbox 2190 3849 3756 3926; baseline -0.003 -18"><span class='ocrx_word' id='word_1_698' title='bbox 2190 3852 2434 3921; x_wconf 83' lang='grc' dir='ltr'><em>δαγωγία</em></span> <span class='ocrx_word' id='word_1_699' title='bbox 2461 3870 2546 3917; x_wconf 91' lang='grc' dir='ltr'><em>τις</em></span> <span class='ocrx_word' id='word_1_700' title='bbox 2565 3849 2633 3925; x_wconf 81' lang='grc' dir='ltr'><em>ἦν</em></span> <span class='ocrx_word' id='word_1_701' title='bbox 2667 3854 2761 3909; x_wconf 75' lang='grc' dir='ltr'><em>καὶ</em></span> <span class='ocrx_word' id='word_1_702' title='bbox 2786 3855 3084 3926; x_wconf 76' lang='grc' dir='ltr'><em>εἰσαγωγὴ,</em></span> <span class='ocrx_word' id='word_1_703' title='bbox 3113 3859 3207 3910; x_wconf 76' lang='grc' dir='ltr'><em>καὶ</em></span> <span class='ocrx_word' id='word_1_704' title='bbox 3230 3855 3478 3911; x_wconf 89' lang='grc' dir='ltr'><em>διακονία</em></span> <span class='ocrx_word' id='word_1_705' title='bbox 3505 3851 3756 3925; x_wconf 82' lang='grc' dir='ltr'><em>κατακρί-</em></span> 
     </span>
    </p>
   </div>
   <div class='ocr_carea' id='block_1_96' title="bbox 2193 3944 3756 4020">
    <p class='ocr_par' dir='ltr' id='par_1_96' title="bbox 2193 3944 3756 4020">
     <span class='ocr_line' id='line_1_96' title="bbox 2193 3944 3756 4020; baseline -0.001 -22"><span class='ocrx_word' id='word_1_706' title='bbox 2193 3962 2329 4010; x_wconf 85' lang='grc' dir='ltr'><em>σεως</em></span> <span class='ocrx_word' id='word_1_707' title='bbox 2352 3947 2447 3998; x_wconf 77' lang='grc' dir='ltr'><em>καὶ</em></span> <span class='ocrx_word' id='word_1_708' title='bbox 2476 3944 2737 3999; x_wconf 88' lang='grc' dir='ltr'><em>θανάτου·</em></span> <span class='ocrx_word' id='word_1_709' title='bbox 2769 3945 2942 4001; x_wconf 89' lang='grc' dir='ltr'><em>ταῦτα</em></span> <span class='ocrx_word' id='word_1_710' title='bbox 2971 3946 3027 4001; x_wconf 78' lang='grc' dir='ltr'><em>δὲ</em></span> <span class='ocrx_word' id='word_1_711' title='bbox 3053 3948 3212 4020; x_wconf 89' lang='grc' dir='ltr'><em>χάρις</em></span> <span class='ocrx_word' id='word_1_712' title='bbox 3252 3948 3344 4003; x_wconf 82' lang='grc' dir='ltr'><em>καὶ</em></span> <span class='ocrx_word' id='word_1_713' title='bbox 3375 3950 3584 4020; x_wconf 84' lang='grc' dir='ltr'><em>εἰρήνη.</em></span> <span class='ocrx_word' id='word_1_714' title='bbox 3616 3945 3756 4000; x_wconf 74' lang='grc' dir='ltr'><em>Ἐπεὶ</em></span> 
     </span>
    </p>
   </div>
   <div class='ocr_carea' id='block_1_97' title="bbox 2190 4032 3756 4111">
    <p class='ocr_par' dir='ltr' id='par_1_97' title="bbox 2190 4032 3756 4111">
     <span class='ocr_line' id='line_1_97' title="bbox 2190 4032 3756 4111; baseline 0.001 -21"><span class='ocrx_word' id='word_1_715' title='bbox 2190 4032 2284 4090; x_wconf 81' lang='grc' dir='ltr'><em>οὖν</em></span> <span class='ocrx_word' id='word_1_716' title='bbox 2306 4037 2452 4091; x_wconf 78' lang='grc' dir='ltr'><em>ἅπαν</em></span> <span class='ocrx_word' id='word_1_717' title='bbox 2471 4036 2532 4091; x_wconf 83' lang='grc' dir='ltr'><em>τὸ</em></span> <span class='ocrx_word' id='word_1_718' title='bbox 2557 4037 2713 4106; x_wconf 90' lang='grc' dir='ltr'><em>γένος</em></span> <span class='ocrx_word' id='word_1_719' title='bbox 2733 4039 2813 4102; x_wconf 86' lang='grc' dir='ltr'><em>εἰς</em></span> <span class='ocrx_word' id='word_1_720' title='bbox 2839 4037 2937 4110; x_wconf 78' lang='grc' dir='ltr'><em>τὴν</em></span> <span class='ocrx_word' id='word_1_721' title='bbox 2962 4040 3225 4111; x_wconf 85' lang='grc' dir='ltr'><em>ἀκρόασιν</em></span> <span class='ocrx_word' id='word_1_722' title='bbox 3249 4042 3592 4103; x_wconf 85' lang='grc' dir='ltr'><em>συνεκάλεσε,</em></span> <span class='ocrx_word' id='word_1_723' title='bbox 3609 4038 3756 4108; x_wconf 83' lang='grc' dir='ltr'><em>δεῦρο</em></span> 
     </span>
    </p>
   </div>
   <div class='ocr_carea' id='block_1_98' title="bbox 2191 4127 3755 4203">
    <p class='ocr_par' dir='ltr' id='par_1_98' title="bbox 2191 4127 3755 4203">
     <span class='ocr_line' id='line_1_98' title="bbox 2191 4127 3755 4203; baseline 0 -23"><span class='ocrx_word' id='word_1_724' title='bbox 2191 4127 2255 4200; x_wconf 83' lang='grc' dir='ltr'><em>δὴ</em></span> <span class='ocrx_word' id='word_1_725' title='bbox 2281 4128 2375 4181; x_wconf 77' lang='grc' dir='ltr'><em>καὶ</em></span> <span class='ocrx_word' id='word_1_726' title='bbox 2394 4130 2555 4200; x_wconf 78' lang='grc' dir='ltr'><em>ἡμεῖς</em></span> <span class='ocrx_word' id='word_1_727' title='bbox 2585 4130 3042 4201; x_wconf 86' lang='grc' dir='ltr'><em>παραγενώμεθα,</em></span> <span class='ocrx_word' id='word_1_728' title='bbox 3076 4132 3167 4186; x_wconf 75' lang='grc' dir='ltr'><em>καὶ</em></span> <span class='ocrx_word' id='word_1_729' title='bbox 3196 4131 3395 4203; x_wconf 73' lang='grc' dir='ltr'><em>ἴδωμεν</em></span> <span class='ocrx_word' id='word_1_730' title='bbox 3433 4132 3485 4187; x_wconf 84' lang='grc' dir='ltr'><em>τί</em></span> <span class='ocrx_word' id='word_1_731' title='bbox 3523 4130 3755 4203; x_wconf 87' lang='grc' dir='ltr'><em>βούλεται</em></span> 
     </span>
    </p>
   </div>
   <div class='ocr_carea' id='block_1_99' title="bbox 2193 4219 3754 4295">
    <p class='ocr_par' dir='ltr' id='par_1_99' title="bbox 2193 4219 3754 4295">
     <span class='ocr_line' id='line_1_99' title="bbox 2193 4219 3754 4295; baseline 0 -21"><span class='ocrx_word' id='word_1_732' title='bbox 2193 4222 2323 4292; x_wconf 78' lang='grc' dir='ltr'><em>ἡμῖν</em></span> <span class='ocrx_word' id='word_1_733' title='bbox 2355 4223 2385 4273; x_wconf 85' lang='grc' dir='ltr'><strong>ὁ</strong></span> <span class='ocrx_word' id='word_1_734' title='bbox 2416 4221 2702 4293; x_wconf 72' lang='grc' dir='ltr'><em>ψαλμῳδὸς</em></span> <span class='ocrx_word' id='word_1_735' title='bbox 2735 4226 2907 4276; x_wconf 88' lang='grc' dir='ltr'><em>εἰπεῖν</em></span> <span class='ocrx_word' id='word_1_736' title='bbox 2930 4264 2945 4288; x_wconf 91' lang='grc'><em>,</em></span> <span class='ocrx_word' id='word_1_737' title='bbox 2990 4227 3019 4278; x_wconf 83' lang='grc' dir='ltr'><strong>ὁ</strong></span> <span class='ocrx_word' id='word_1_738' title='bbox 3050 4224 3228 4289; x_wconf 80' lang='grc' dir='ltr'><em>κοινὸς</em></span> <span class='ocrx_word' id='word_1_739' title='bbox 3270 4224 3363 4279; x_wconf 91' lang='grc' dir='ltr'><em>τοῦ</em></span> <span class='ocrx_word' id='word_1_740' title='bbox 3418 4225 3606 4295; x_wconf 85' lang='grc' dir='ltr'><em>γένους</em></span> <span class='ocrx_word' id='word_1_741' title='bbox 3655 4219 3754 4275; x_wconf 88' lang='grc' dir='ltr'><em>τῶν</em></span> 
     </span>
    </p>
   </div>
   <div class='ocr_carea' id='block_1_100' title="bbox 2192 4309 3753 4387">
    <p class='ocr_par' dir='ltr' id='par_1_100' title="bbox 2192 4309 3753 4387">
     <span class='ocr_line' id='line_1_100' title="bbox 2192 4309 3753 4387; baseline -0.004 -20"><span class='ocrx_word' id='word_1_742' title='bbox 2192 4312 2497 4385; x_wconf 88' lang='grc' dir='ltr'><em>ἀνθρώπων</em></span> <span class='ocrx_word' id='word_1_743' title='bbox 2526 4315 2890 4386; x_wconf 74' lang='grc' dir='ltr'><em>προστάτης.ο</em></span> <span class='ocrx_word' id='word_1_744' title='bbox 2917 4316 3038 4370; x_wconf 78' lang='grc' dir='ltr'><em>Κᾶν</em></span> <span class='ocrx_word' id='word_1_745' title='bbox 3058 4315 3324 4387; x_wconf 88' lang='grc' dir='ltr'><em>βάρϐαροί</em></span> <span class='ocrx_word' id='word_1_746' title='bbox 3352 4333 3498 4380; x_wconf 85' lang='grc' dir='ltr'><em>τινες</em></span> <span class='ocrx_word' id='word_1_747' title='bbox 3513 4311 3630 4380; x_wconf 79' lang='grc' dir='ltr'><em>ὦσι,</em></span> <span class='ocrx_word' id='word_1_748' title='bbox 3657 4309 3753 4365; x_wconf 82' lang='grc' dir='ltr'><em>κάν</em></span> 
     </span>
    </p>
   </div>
   <div class='ocr_carea' id='block_1_101' title="bbox 2193 4403 3751 4479">
    <p class='ocr_par' dir='ltr' id='par_1_101' title="bbox 2193 4403 3751 4479">
     <span class='ocr_line' id='line_1_101' title="bbox 2193 4403 3751 4479; baseline -0.004 -20"><span class='ocrx_word' id='word_1_749' title='bbox 2193 4406 2366 4474; x_wconf 77' lang='grc' dir='ltr'><em>σοφοὶ,</em></span> <span class='ocrx_word' id='word_1_750' title='bbox 2402 4406 2507 4460; x_wconf 75' lang='grc' dir='ltr'><em>κᾶν</em></span> <span class='ocrx_word' id='word_1_751' title='bbox 2542 4406 2770 4471; x_wconf 86' lang='grc' dir='ltr'><em>ἰδιῶται,</em></span> <span class='ocrx_word' id='word_1_752' title='bbox 2804 4406 3045 4472; x_wconf 85' lang='grc' dir='ltr'><em>κελεύεις</em></span> <span class='ocrx_word' id='word_1_753' title='bbox 3085 4408 3285 4470; x_wconf 80' lang='grc' dir='ltr'><em>αὐτοὺς</em></span> <span class='ocrx_word' id='word_1_754' title='bbox 3319 4403 3751 4479; x_wconf 76' lang='grc' dir='ltr'><em>παραγενέσθαις</em></span> 
     </span>
    </p>
   </div>
   <div class='ocr_carea' id='block_1_102' title="bbox 2189 4492 3751 4570">
    <p class='ocr_par' dir='ltr' id='par_1_102' title="bbox 2189 4492 3751 4570">
     <span class='ocr_line' id='line_1_102' title="bbox 2189 4492 3751 4570; baseline -0.003 -20"><span class='ocrx_word' id='word_1_755' title='bbox 2189 4497 2317 4562; x_wconf 79' lang='grc' dir='ltr'><em>Ναὶ,</em></span> <span class='ocrx_word' id='word_1_756' title='bbox 2349 4498 2502 4569; x_wconf 88' lang='grc' dir='ltr'><em>φησί.</em></span> <span class='ocrx_word' id='word_1_757' title='bbox 2526 4498 2625 4551; x_wconf 90' lang='grc' dir='ltr'><em>Διά</em></span> <span class='ocrx_word' id='word_1_758' title='bbox 2651 4498 2714 4570; x_wconf 82' lang='grc' dir='ltr'><em>δὴ</em></span> <span class='ocrx_word' id='word_1_759' title='bbox 2740 4498 2899 4553; x_wconf 92' lang='grc' dir='ltr'><em>τοῦτο</em></span> <span class='ocrx_word' id='word_1_760' title='bbox 2928 4499 3230 4570; x_wconf 85' lang='grc' dir='ltr'><em>ἀρχόμενος</em></span> <span class='ocrx_word' id='word_1_761' title='bbox 3261 4495 3435 4562; x_wconf 73' lang='grc' dir='ltr'><em>εἶπεν,</em></span> <span class='ocrx_word' id='word_1_762' title='bbox 3459 4496 3657 4553; x_wconf 80' lang='grc' dir='ltr'><em>Πάντα</em></span> <span class='ocrx_word' id='word_1_763' title='bbox 3687 4492 3751 4547; x_wconf 67' lang='grc' dir='ltr'><em>τὰ</em></span> 
     </span>
    </p>
   </div>
   <div class='ocr_carea' id='block_1_103' title="bbox 2189 4587 3753 4661">
    <p class='ocr_par' dir='ltr' id='par_1_103' title="bbox 2189 4587 3753 4661">
     <span class='ocr_line' id='line_1_103' title="bbox 2189 4587 3753 4661; baseline -0.001 -18"><span class='ocrx_word' id='word_1_764' title='bbox 2189 4589 2367 4656; x_wconf 71' lang='grc' dir='ltr'><em>ἔθνη·</em></span> <span class='ocrx_word' id='word_1_765' title='bbox 2409 4591 2505 4643; x_wconf 74' lang='grc' dir='ltr'><em>καὶ</em></span> <span class='ocrx_word' id='word_1_766' title='bbox 2542 4590 2702 4646; x_wconf 84' lang='grc' dir='ltr'><em>πάλιν</em></span> <span class='ocrx_word' id='word_1_767' title='bbox 2747 4592 2990 4645; x_wconf 85' lang='grc' dir='ltr'><em>ἐπέτεινε</em></span> <span class='ocrx_word' id='word_1_768' title='bbox 3041 4592 3213 4661; x_wconf 87' lang='grc' dir='ltr'><em>λέγων</em></span> <span class='ocrx_word' id='word_1_769' title='bbox 3237 4610 3251 4623; x_wconf 92' lang='grc'><strong>·</strong></span> <span class='ocrx_word' id='word_1_770' title='bbox 3286 4594 3354 4646; x_wconf 83' lang='grc' dir='ltr'><em>ΟΖ</em></span> <span class='ocrx_word' id='word_1_771' title='bbox 3392 4608 3455 4646; x_wconf 78' lang='grc' dir='ltr'><em>τε</em></span> <span class='ocrx_word' id='word_1_772' title='bbox 3494 4587 3753 4661; x_wconf 73' lang='grc' dir='ltr'><em>γηγενεῖς</em></span> 
     </span>
    </p>
   </div>
   <div class='ocr_carea' id='block_1_104' title="bbox 2190 4680 3752 4756">
    <p class='ocr_par' dir='ltr' id='par_1_104' title="bbox 2190 4680 3752 4756">
     <span class='ocr_line' id='line_1_104' title="bbox 2190 4680 3752 4756; baseline -0.002 -21"><span class='ocrx_word' id='word_1_773' title='bbox 2190 4681 2288 4735; x_wconf 82' lang='grc' dir='ltr'><em>καὶ</em></span> <span class='ocrx_word' id='word_1_774' title='bbox 2306 4682 2360 4735; x_wconf 86' lang='grc' dir='ltr'><em>οί</em></span> <span class='ocrx_word' id='word_1_775' title='bbox 2388 4681 2504 4736; x_wconf 76' lang='grc' dir='ltr'><em>υἱοί</em></span> <span class='ocrx_word' id='word_1_776' title='bbox 2528 4680 2647 4735; x_wconf 85' lang='grc' dir='ltr'><em>τῶν</em></span> <span class='ocrx_word' id='word_1_777' title='bbox 2666 4682 3011 4751; x_wconf 83' lang='grc' dir='ltr'><em>ἀνθρώπων,</em></span> <span class='ocrx_word' id='word_1_778' title='bbox 3039 4684 3136 4755; x_wconf 87' lang='grc' dir='ltr'><em>τὴν</em></span> <span class='ocrx_word' id='word_1_779' title='bbox 3164 4683 3559 4756; x_wconf 88' lang='grc' dir='ltr'><em>ἀνθρωπότητα</em></span> <span class='ocrx_word' id='word_1_780' title='bbox 3581 4683 3752 4736; x_wconf 81' lang='grc' dir='ltr'><em>πᾶσαν</em></span> 
     </span>
    </p>
   </div>
   <div class='ocr_carea' id='block_1_105' title="bbox 2189 4772 3749 4843">
    <p class='ocr_par' dir='ltr' id='par_1_105' title="bbox 2189 4772 3749 4843">
     <span class='ocr_line' id='line_1_105' title="bbox 2189 4772 3749 4843; baseline -0.001 -16"><span class='ocrx_word' id='word_1_781' title='bbox 2189 4772 2390 4827; x_wconf 77' lang='grc' dir='ltr'><em>καλῶν.</em></span> <span class='ocrx_word' id='word_1_782' title='bbox 2426 4773 2599 4826; x_wconf 66' lang='grc' dir='ltr'><em>Βαϐαῖ</em></span> <span class='ocrx_word' id='word_1_783' title='bbox 2635 4773 2733 4843; x_wconf 89' lang='grc' dir='ltr'><em>τῆς</em></span> <span class='ocrx_word' id='word_1_784' title='bbox 2758 4774 3139 4838; x_wconf 82' lang='grc' dir='ltr'><em>διδασκαλίαςί</em></span> <span class='ocrx_word' id='word_1_785' title='bbox 3185 4775 3299 4840; x_wconf 89' lang='grc' dir='ltr'><em>πῶς</em></span> <span class='ocrx_word' id='word_1_786' title='bbox 3326 4777 3443 4830; x_wconf 88' lang='grc' dir='ltr'><em>ἐστι</em></span> <span class='ocrx_word' id='word_1_787' title='bbox 3475 4776 3638 4828; x_wconf 82' lang='grc' dir='ltr'><em>πᾶσιν</em></span> <span class='ocrx_word' id='word_1_788' title='bbox 3660 4773 3749 4841; x_wconf 85' lang='grc' dir='ltr'><em>ἀρ·</em></span> 
     </span>
    </p>
   </div>
   <div class='ocr_carea' id='block_1_106' title="bbox 2192 4865 3750 4940">
    <p class='ocr_par' dir='ltr' id='par_1_106' title="bbox 2192 4865 3750 4940">
     <span class='ocr_line' id='line_1_106' title="bbox 2192 4865 3750 4940; baseline -0.002 -22"><span class='ocrx_word' id='word_1_789' title='bbox 2192 4865 2389 4935; x_wconf 85' lang='grc' dir='ltr'><em>μόδιος,</em></span> <span class='ocrx_word' id='word_1_790' title='bbox 2421 4867 2515 4920; x_wconf 78' lang='grc' dir='ltr'><em>καὶ</em></span> <span class='ocrx_word' id='word_1_791' title='bbox 2543 4867 2718 4937; x_wconf 86' lang='grc' dir='ltr'><em>κοινή.</em></span> <span class='ocrx_word' id='word_1_792' title='bbox 2749 4867 2847 4921; x_wconf 89' lang='grc' dir='ltr'><em>Διά</em></span> <span class='ocrx_word' id='word_1_793' title='bbox 2870 4868 2975 4940; x_wconf 90' lang='grc' dir='ltr'><em>γάρ</em></span> <span class='ocrx_word' id='word_1_794' title='bbox 3005 4885 3087 4921; x_wconf 91' lang='grc' dir='ltr'><em>τοι</em></span> <span class='ocrx_word' id='word_1_795' title='bbox 3116 4867 3274 4922; x_wconf 90' lang='grc' dir='ltr'><em>τοῦτο</em></span> <span class='ocrx_word' id='word_1_796' title='bbox 3299 4869 3420 4922; x_wconf 84' lang='grc' dir='ltr'><em>οὐδέ</em></span> <span class='ocrx_word' id='word_1_797' title='bbox 3453 4866 3636 4928; x_wconf 84' lang='grc' dir='ltr'><em>ἁπλῶς</em></span> <span class='ocrx_word' id='word_1_798' title='bbox 3659 4879 3750 4916; x_wconf 87' lang='grc' dir='ltr'><em>κα-</em></span> 
     </span>
    </p>
   </div>
   <div class='ocr_carea' id='block_1_107' title="bbox 2188 4958 3750 5033">
    <p class='ocr_par' dir='ltr' id='par_1_107' title="bbox 2188 4958 3750 5033">
     <span class='ocr_line' id='line_1_107' title="bbox 2188 4958 3750 5033; baseline 0 -23"><span class='ocrx_word' id='word_1_799' title='bbox 2188 4958 2272 5011; x_wconf 89' lang='grc' dir='ltr'><em>λεῖ</em></span> <span class='ocrx_word' id='word_1_800' title='bbox 2305 4958 2464 5028; x_wconf 87' lang='grc' dir='ltr'><em>μόνον</em></span> <span class='ocrx_word' id='word_1_801' title='bbox 2489 4959 2755 5025; x_wconf 76' lang='grc' dir='ltr'><em>ἅπαντας,</em></span> <span class='ocrx_word' id='word_1_802' title='bbox 2788 4959 2922 5012; x_wconf 87' lang='grc' dir='ltr'><em>ἀλλά</em></span> <span class='ocrx_word' id='word_1_803' title='bbox 2950 4961 3044 5014; x_wconf 77' lang='grc' dir='ltr'><em>καὶ</em></span> <span class='ocrx_word' id='word_1_804' title='bbox 3073 4963 3209 5032; x_wconf 70' lang='grc' dir='ltr'><em>μετὰ</em></span> <span class='ocrx_word' id='word_1_805' title='bbox 3241 4961 3441 5033; x_wconf 81' lang='grc' dir='ltr'><em>πολλῆς</em></span> <span class='ocrx_word' id='word_1_806' title='bbox 3475 4963 3573 5031; x_wconf 82' lang='grc' dir='ltr'><em>τῆς</em></span> <span class='ocrx_word' id='word_1_807' title='bbox 3595 4971 3750 5010; x_wconf 87' lang='grc' dir='ltr'><em>σπου·</em></span> 
     </span>
    </p>
   </div>
   <div class='ocr_carea' id='block_1_108' title="bbox 2186 5047 3745 5124">
    <p class='ocr_par' dir='ltr' id='par_1_108' title="bbox 2186 5047 3745 5124">
     <span class='ocr_line' id='line_1_108' title="bbox 2186 5047 3745 5124; baseline -0.002 -22"><span class='ocrx_word' id='word_1_808' title='bbox 2186 5049 2302 5118; x_wconf 87' lang='grc' dir='ltr'><em>δῆς,</em></span> <span class='ocrx_word' id='word_1_809' title='bbox 2328 5050 2421 5103; x_wconf 75' lang='grc' dir='ltr'><em>καὶ</em></span> <span class='ocrx_word' id='word_1_810' title='bbox 2441 5049 2724 5121; x_wconf 89' lang='grc' dir='ltr'><em>ἀκριϐείας</em></span> <span class='ocrx_word' id='word_1_811' title='bbox 2745 5051 3030 5122; x_wconf 79' lang='grc' dir='ltr'><em>προσέχειν</em></span> <span class='ocrx_word' id='word_1_812' title='bbox 3055 5055 3167 5117; x_wconf 84' lang='grc' dir='ltr'><em>τοῖς</em></span> <span class='ocrx_word' id='word_1_813' title='bbox 3192 5053 3504 5124; x_wconf 83' lang='grc' dir='ltr'><em>λεγομένοις</em></span> <span class='ocrx_word' id='word_1_814' title='bbox 3529 5047 3745 5104; x_wconf 86' lang='grc' dir='ltr'><em>κελεύει.</em></span> 
     </span>
    </p>
   </div>
   <div class='ocr_carea' id='block_1_109' title="bbox 2189 5136 3750 5213">
    <p class='ocr_par' dir='ltr' id='par_1_109' title="bbox 2189 5136 3750 5213">
     <span class='ocr_line' id='line_1_109' title="bbox 2189 5136 3750 5213; baseline -0.001 -20"><span class='ocrx_word' id='word_1_815' title='bbox 2189 5142 2264 5194; x_wconf 85' lang='grc' dir='ltr'><em>Οὐ</em></span> <span class='ocrx_word' id='word_1_816' title='bbox 2299 5141 2407 5213; x_wconf 90' lang='grc' dir='ltr'><em>γάρ</em></span> <span class='ocrx_word' id='word_1_817' title='bbox 2439 5138 2952 5203; x_wconf 80' lang='grc' dir='ltr'><em>εἳπεν,”Ακούσατε</em></span> <span class='ocrx_word' id='word_1_818' title='bbox 3013 5141 3174 5210; x_wconf 90' lang='grc' dir='ltr'><em>μόνον</em></span> <span class='ocrx_word' id='word_1_819' title='bbox 3217 5146 3421 5207; x_wconf 76' lang='grc' dir='ltr'><em>ταῦτα,</em></span> <span class='ocrx_word' id='word_1_820' title='bbox 3453 5142 3645 5197; x_wconf 80' lang='grc' dir='ltr'><em>πάντα</em></span> <span class='ocrx_word' id='word_1_821' title='bbox 3682 5136 3750 5191; x_wconf 82' lang='grc' dir='ltr'><em>τὰ</em></span> 
     </span>
    </p>
   </div>
   <div class='ocr_carea' id='block_1_110' title="bbox 2187 5231 3745 5299">
    <p class='ocr_par' dir='ltr' id='par_1_110' title="bbox 2187 5231 3745 5299">
     <span class='ocr_line' id='line_1_110' title="bbox 2187 5231 3745 5299; baseline -0.001 -13"><span class='ocrx_word' id='word_1_822' title='bbox 2187 5232 2355 5299; x_wconf 72' lang='grc' dir='ltr'><em>ἔθνη,</em></span> <span class='ocrx_word' id='word_1_823' title='bbox 2386 5233 2520 5287; x_wconf 77' lang='grc' dir='ltr'><em>ἀλλὰ</em></span> <span class='ocrx_word' id='word_1_824' title='bbox 2552 5235 2666 5297; x_wconf 71' lang='grc' dir='ltr'><em>καὶ,</em></span> <span class='ocrx_word' id='word_1_825' title='bbox 2717 5236 3139 5292; x_wconf 78' lang='grc' dir='ltr'><em>Ἐνωτίσασθε.</em></span> <span class='ocrx_word' id='word_1_826' title='bbox 3183 5237 3257 5291; x_wconf 82' lang='grc' dir='ltr'>Τὸ</span> <span class='ocrx_word' id='word_1_827' title='bbox 3299 5238 3357 5292; x_wconf 83' lang='grc' dir='ltr'><em>δὲ</em></span> <span class='ocrx_word' id='word_1_828' title='bbox 3403 5231 3745 5291; x_wconf 83' lang='grc' dir='ltr'><em>ἐνωτίσασθαι</em></span> 
     </span>
    </p>
   </div>
   <div class='ocr_carea' id='block_1_111' title="bbox 2188 5322 3747 5401">
    <p class='ocr_par' dir='ltr' id='par_1_111' title="bbox 2188 5322 3747 5401">
     <span class='ocr_line' id='line_1_111' title="bbox 2188 5322 3747 5401; baseline 0.001 -26"><span class='ocrx_word' id='word_1_829' title='bbox 2188 5323 2340 5377; x_wconf 83' lang='grc' dir='ltr'><em>οὐδὲν</em></span> <span class='ocrx_word' id='word_1_830' title='bbox 2372 5325 2555 5395; x_wconf 87' lang='grc' dir='ltr'><em>ἔτερόν</em></span> <span class='ocrx_word' id='word_1_831' title='bbox 2593 5326 2761 5392; x_wconf 88' lang='grc' dir='ltr'><em>ἐστιν,</em></span> <span class='ocrx_word' id='word_1_832' title='bbox 2793 5328 2827 5399; x_wconf 75' lang='grc' dir='ltr'>ἢ</span> <span class='ocrx_word' id='word_1_833' title='bbox 2873 5329 2935 5381; x_wconf 84' lang='grc' dir='ltr'><em>τὸ</em></span> <span class='ocrx_word' id='word_1_834' title='bbox 2972 5328 3108 5399; x_wconf 89' lang='grc' dir='ltr'><em>μετά</em></span> <span class='ocrx_word' id='word_1_835' title='bbox 3141 5332 3375 5401; x_wconf 81' lang='grc' dir='ltr'><em>σπουδῆς</em></span> <span class='ocrx_word' id='word_1_836' title='bbox 3414 5327 3565 5401; x_wconf 66' lang='grc'>[204]</span> <span class='ocrx_word' id='word_1_837' title='bbox 3594 5322 3747 5380; x_wconf 70' lang='grc' dir='ltr'><em>ἀκοῦο</em></span> 
     </span>
    </p>
   </div>
   <div class='ocr_carea' id='block_1_112' title="bbox 2182 5416 3745 5494">
    <p class='ocr_par' dir='ltr' id='par_1_112' title="bbox 2182 5416 3745 5494">
     <span class='ocr_line' id='line_1_112' title="bbox 2182 5416 3745 5494; baseline 0.004 -25"><span class='ocrx_word' id='word_1_838' title='bbox 2182 5433 2301 5485; x_wconf 87' lang='grc' dir='ltr'><em>σαι,</em></span> <span class='ocrx_word' id='word_1_839' title='bbox 2347 5419 2440 5470; x_wconf 80' lang='grc' dir='ltr'><em>καὶ</em></span> <span class='ocrx_word' id='word_1_840' title='bbox 2475 5420 2847 5494; x_wconf 84' lang='grc' dir='ltr'><em>συντεταμένῃ</em></span> <span class='ocrx_word' id='word_1_841' title='bbox 2894 5425 2961 5492; x_wconf 82' lang='grc' dir='ltr'><em>τῇ</em></span> <span class='ocrx_word' id='word_1_842' title='bbox 2990 5423 3214 5494; x_wconf 82' lang='grc' dir='ltr'><em>διανοίᾳ.</em></span> <span class='ocrx_word' id='word_1_843' title='bbox 3241 5422 3620 5479; x_wconf 85' lang='grc' dir='ltr'><em>Ἐνωτίσασθαι</em></span> <span class='ocrx_word' id='word_1_844' title='bbox 3644 5416 3745 5487; x_wconf 80' lang='grc' dir='ltr'><em>γὰρ</em></span> 
     </span>
    </p>
   </div>
   <div class='ocr_carea' id='block_1_113' title="bbox 2243 5598 2722 5665">
    <p class='ocr_par' dir='ltr' id='par_1_113' title="bbox 2243 5598 2722 5665">
     <span class='ocr_line' id='line_1_113' title="bbox 2243 5598 2722 5665; baseline 0.015 -23"><span class='ocrx_word' id='word_1_845' title='bbox 2243 5598 2271 5637; x_wconf 76' lang='lat' dir='ltr'><strong>b</strong></span> <span class='ocrx_word' id='word_1_846' title='bbox 2295 5599 2468 5665; x_wconf 53' lang='lat' dir='ltr'><em>Morel.</em></span> <span class='ocrx_word' id='word_1_847' title='bbox 2491 5602 2722 5665; x_wconf 84' lang='grc' dir='ltr'><em>ἐνηχεῖτο.</em></span> 
     </span>
    </p>
   </div>
   <div class='ocr_carea' id='block_1_114' title="bbox 2246 5661 3742 5724">
    <p class='ocr_par' dir='ltr' id='par_1_114' title="bbox 2246 5661 3742 5724">
     <span class='ocr_line' id='line_1_114' title="bbox 2246 5661 3742 5724; baseline 0.005 -16"><span class='ocrx_word' id='word_1_848' title='bbox 2246 5666 2265 5691; x_wconf 72' lang='grc' dir='ltr'><em>ε</em></span> <span class='ocrx_word' id='word_1_849' title='bbox 2294 5661 2506 5711; x_wconf 70' lang='lat' dir='ltr'><strong>Tenum</strong></span> <span class='ocrx_word' id='word_1_850' title='bbox 2527 5661 2740 5714; x_wconf 68' lang='lat' dir='ltr'><strong>ahlehac</strong></span> <span class='ocrx_word' id='word_1_851' title='bbox 2781 5664 2829 5716; x_wconf 89' lang='lat' dir='ltr'><strong>in</strong></span> <span class='ocrx_word' id='word_1_852' title='bbox 2854 5667 3024 5721; x_wconf 78' lang='lat' dir='ltr'><em>Morel.</em></span> <span class='ocrx_word' id='word_1_853' title='bbox 3055 5674 3106 5722; x_wconf 84' lang='lat' dir='ltr'><em>el</em></span> <span class='ocrx_word' id='word_1_854' title='bbox 3151 5672 3301 5724; x_wconf 71' lang='lat' dir='ltr'><em>Savil.</em></span> <span class='ocrx_word' id='word_1_855' title='bbox 3338 5672 3555 5723; x_wconf 74' lang='lat' dir='ltr'><em>vitiatum</em></span> <span class='ocrx_word' id='word_1_856' title='bbox 3576 5670 3644 5719; x_wconf 83' lang='lat' dir='ltr'><em>sic</em></span> <span class='ocrx_word' id='word_1_857' title='bbox 3664 5677 3742 5716; x_wconf 81' lang='lat' dir='ltr'><em>ro-</em></span> 
     </span>
    </p>
   </div>
   <div class='ocr_carea' id='block_1_115' title="bbox 2185 5726 2780 5779">
    <p class='ocr_par' dir='ltr' id='par_1_115' title="bbox 2185 5726 2780 5779">
     <span class='ocr_line' id='line_1_115' title="bbox 2185 5726 2780 5779; baseline 0.01 -6"><span class='ocrx_word' id='word_1_858' title='bbox 2185 5726 2432 5773; x_wconf 68' lang='lat' dir='ltr'><em>:lnuimus</em></span> <span class='ocrx_word' id='word_1_859' title='bbox 2457 5738 2515 5775; x_wconf 81' lang='lat' dir='ltr'><strong>cx</strong></span> <span class='ocrx_word' id='word_1_860' title='bbox 2538 5726 2643 5775; x_wconf 84' lang='lat' dir='ltr'><strong>cod.</strong></span> <span class='ocrx_word' id='word_1_861' title='bbox 2667 5739 2780 5779; x_wconf 83' lang='lat' dir='ltr'><em>mss.</em></span> 
     </span>
    </p>
   </div>
  </div>
