4064 6436
380 301 484 358 εχει

376 414 612 471 Domine.
648 416 822 484 Alius,
859 416 934 472 Ob
955 418 1154 488 judicia
1185 426 1291 472 tua.
1327 418 1412 473 13.
1442 416 1765 472 Circumdate
1805 414 1957 480 Sion,

371 519 421 560 et
444 508 836 578 complectitnini
854 527 986 564 eam.
1036 510 1208 579 Alius,
1259 508 1324 563 Et
1367 509 1594 563 circuite.
1640 505 1866 561 Narrate
1907 506 1961 559 in

372 599 594 653 turribus
621 601 753 670 ejus.
786 601 956 667 Alius,
982 599 1261 655 Numerata
1286 610 1446 654 turres
1474 601 1600 669 ejus.
1628 599 1796 664 Alius,
1819 596 1960 650 Lau-

369 689 505 743 date.
532 690 618 746 14.
650 690 832 745 Ponite
854 692 1008 745 corda
1050 702 1212 745 vestra
1239 692 1292 745 in
1320 692 1500 745 virtute
1527 690 1658 759 ejus.
1691 688 1860 753 Alius,
1890 686 1958 740 In

368 781 631 835 ambitum.
662 781 832 847 Alius,
875 781 940 836 In
960 782 1343 836 abundantiam.
1369 780 1437 836 Et
1468 780 1752 835 distribuite
1780 779 1957 833 domos

369 873 497 943 ejus.
531 872 707 937 Alius,
766 872 1079 929 Dimetimini
1115 875 1283 946 regias
1330 875 1459 943 ejus.
1509 872 1577 927 Ut
1629 870 1869 925 enarretis
1902 870 1956 923 in

366 966 607 1036 progenie
641 966 821 1020 altera.
865 968 1014 1023 Alius
1036 1009 1051 1035 ,
1097 965 1165 1022 In
1205 968 1525 1037 generatione
1546 965 1829 1036 posteriori.
1861 964 1951 1020 15.

371 1056 622 1124 Quoniam
644 1057 726 1111 hic
744 1067 815 1113 est
844 1058 979 1113 Deus
1008 1069 1175 1113 noster
1200 1059 1253 1112 in
1274 1059 1535 1122 saeculum,
1560 1067 1605 1112 et
1634 1058 1688 1109 in
1711 1055 1953 1109 saxulum

363 1145 705 1218 saeculinse
738 1160 872 1215 reget
901 1167 992 1215 nos
1038 1150 1091 1204 in
1143 1149 1349 1204 saecula.
1403 1148 1643 1217 Quanam
1673 1146 1739 1202 de
1791 1161 1952 1202 causa

366 1239 483 1295 inec
524 1242 790 1311 praecipit,
816 1242 1047 1299 circuire
1084 1244 1352 1299 civitatem
1373 1283 1388 1308 ,
1430 1256 1715 1309 numerare
1735 1251 1909 1297 turres
1931 1281 1947 1307 ,

361 1332 642 1391 attendere
666 1333 888 1390 nidiﬁcia
910 1376 925 1401 ,
955 1334 1295 1391 considerare
1319 1335 1436 1405 ejus
1462 1333 1713 1390 decorem
1732 1375 1749 1402 ,
1799 1340 1950 1403 septa

361 1430 479 1501 ejus
505 1442 559 1487 et
586 1448 767 1489 muros
794 1442 1105 1504 computare
1123 1474 1140 1501 ,
1172 1432 1361 1489 domos
1389 1441 1444 1488 et
1493 1431 1688 1503 palatia
1732 1430 1945 1497 metiri,

360 1536 469 1577 non
493 1536 626 1592 opus
650 1532 733 1579 est
756 1532 934 1581 nostra
982 1525 1451 1596 interpretatione,
1497 1522 1592 1579 sed
1635 1521 1805 1578 oratio
1832 1521 1947 1592 ipsa

358 1615 592 1684 seipsam
618 1616 867 1686 explicat.
897 1617 1029 1672 Cum
1069 1618 1213 1679 enim
1266 1618 1380 1673 haec
1423 1616 1681 1684 dixisset,
1729 1630 1946 1671 causam

358 1720 571 1776 quoque
596 1707 776 1763 statim
827 1706 1042 1778 adjecit.
1092 1707 1431 1777 Quamnam?
1483 1706 1552 1762 Ut
1601 1707 1846 1760 enarretis
1890 1705 1944 1759 in

355 1798 594 1867 progenie
619 1797 799 1853 altera.
838 1798 990 1868 Quod
1015 1808 1192 1854 autem
1240 1798 1402 1866 dicit,
1461 1795 1767 1868 hujusmodi
1810 1804 1893 1852 est
1924 1812 1941 1851 :

355 1887 687 1958 Impleamini
715 1891 946 1963 gaudio,
995 1890 1280 1958 ltetemini,
1334 1889 1632 1947 exsultetis.
1683 1887 1789 1945 Sed
1836 1903 1940 1942 non

352 1980 544 2037 leviter
565 1997 629 2038 ac
648 1983 837 2048 obiter,
871 1982 966 2039 sed
989 1992 1236 2038 accurate
1259 1991 1313 2038 et
1344 1981 1629 2053 diligenter
1655 1979 1772 2051 ejus
1796 1981 1939 2034 vires

351 2074 651 2146 intelligite.
690 2076 950 2144 Quoniam
976 2079 1119 2134 enim
1159 2076 1260 2132 fuit
1283 2077 1491 2145 diruta,
1522 2077 1771 2147 quoniam
1800 2076 1942 2131 radi-

348 2166 490 2221 citus
516 2168 800 2235 convulsa,
828 2168 1052 2239 ejusque
1076 2170 1249 2224 solum
1276 2168 1661 2238 propemodum
1703 2168 1904 2222 interiit
1921 2208 1938 2235 ,

348 2265 405 2310 et
431 2255 782 2326 desperarunt
806 2257 925 2316 fore
972 2268 1028 2315 ut
1056 2274 1117 2315 ea
1150 2259 1203 2313 in
1234 2259 1429 2315 melius
1459 2267 1774 2326 mutaretur,
1803 2257 1940 2313 adeo

346 2360 408 2403 ut
453 2348 694 2407 dicerent
728 2369 742 2407 :
792 2351 1045 2407 Aruerunt
1082 2369 1197 2407 ossa
1268 2362 1471 2417 nostra,
1511 2352 1687 2407 lassati
1738 2368 1935 2417 sumus,

343 2443 630 2512 consumpti
653 2460 826 2499 sumus
858 2445 875 2476 ι
905 2443 1113 2514 (Ezech.
1156 2446 1246 2503 37.
1275 2446 1388 2516 II),
1421 2459 1521 2500 nec
1556 2444 1938 2515 eISpectabant

342 2533 463 2590 fore
516 2543 573 2588 ut
615 2550 732 2591 eam
778 2535 1078 2606 reciperent
1127 2554 1141 2592 :
1193 2550 1312 2593 eam
1358 2546 1536 2591 tamen
1592 2544 1931 2607 receperunt,

342 2635 400 2683 et
434 2640 542 2681 non
582 2627 739 2682 talem
788 2628 998 2697 qualem
1044 2627 1367 2694 amiserant,
1403 2626 1495 2683 sed
1542 2627 1699 2697 longe
1747 2626 1936 2682 melio-

340 2733 459 2773 rem
476 2758 493 2784 ,
521 2717 802 2775 clariorem
819 2759 834 2784 ,
861 2728 1021 2789 atque
1050 2718 1393 2775 illustriorem
1414 2758 1428 2782 ,
1452 2718 1711 2788 majorem
1730 2758 1747 2784 ,
1775 2717 1935 2772 ditio-

340 2822 481 2872 rem,
506 2808 878 2876 potentiorem,
902 2817 957 2865 et
994 2807 1508 2878 tnagniﬁcentiorem
1555 2808 1609 2863 in
1658 2806 1930 2874 aediliciis,

341 2899 397 2954 in
423 2898 590 2957 rebus
630 2900 927 2968 venalibus,
961 2900 1014 2955 in
1045 2901 1280 2971 potentia
1301 2942 1316 2967 ,
1343 2900 1398 2956 in
1424 2899 1786 2956 facultatibus.
1816 2899 1932 2954 Erit

342 2990 491 3045 cnim
512 3028 530 3051 ,
559 2990 763 3061 inquit,
794 2991 976 3046 ultima
1001 2992 1163 3062 gloria
1207 2992 1387 3048 domus
1424 2993 1575 3064 hujus
1598 3009 1758 3064 supra
1788 2993 1930 3063 prio-

342 3097 451 3135 rem
478 3081 629 3153 (Agg.
659 3081 715 3136 2.
750 3082 860 3154 10).
893 3083 1218 3139 Adhortatur
1238 3086 1490 3155 populum
1515 3125 1531 3152 ,
1552 3093 1607 3139 et
1648 3099 1930 3155 propemo-

348 3173 608 3231 dumhtec
636 3175 764 3231 dicit
794 3194 807 3230 :
839 3175 980 3232 Ecce
1005 3176 1117 3231 hazc
1138 3176 1325 3231 civitas
1345 3217 1360 3243 ,
1387 3175 1456 3231 de
1480 3190 1584 3247 qua
1612 3184 1727 3230 erat
1755 3175 1931 3230 omnis

349 3279 474 3336 spes
498 3267 717 3338 ahjccta,
738 3284 859 3340 quae
883 3268 1058 3325 diruta
1073 3278 1128 3324 et
1142 3284 1329 3324 eversa
1352 3268 1549 3337 fuerat,
1582 3268 1851 3340 quomodo
1877 3268 1929 3323 in

344 3357 756 3428 splendidiorem
787 3361 1022 3430 speciem
1059 3369 1363 3432 statumque
1390 3360 1633 3416 restituta
1658 3360 1779 3415 est?
1804 3360 1931 3415 Haec

341 3464 473 3519 ergo
502 3450 609 3522 ipsa
632 3450 842 3518 discite,
859 3452 973 3522 ejus
996 3451 1420 3517 aediﬁcationem,
1442 3452 1804 3523 Splendor-em,
1822 3452 1932 3507 cla-

340 3540 578 3607 ritatem,
611 3549 670 3596 ut
692 3557 811 3597 cum
839 3541 963 3597 hinc
985 3542 1078 3598 Dei
1099 3542 1347 3598 virtutem
1378 3542 1705 3607 didiceritis,
1736 3557 1930 3612 nempe

339 3648 450 3704 quo
481 3643 636 3702 pacto
674 3650 794 3690 eam
815 3676 830 3702 ,
861 3634 1011 3705 cujus
1040 3634 1185 3689 nulla
1212 3644 1326 3691 erat
1356 3648 1481 3705 spes
1510 3632 1690 3689 relicta
1709 3675 1724 3700 ,
1757 3633 1929 3704 majo-

339 3742 455 3783 rem
480 3728 682 3793 fecerit,
702 3729 931 3784 narretis
956 3729 1184 3799 posteris
1200 3729 1393 3784 vestris
1414 3728 1506 3783 Dei
1535 3727 1845 3798 potentiam,
1876 3734 1931 3781 et

338 3830 649 3890 perpetuam
705 3820 820 3891 ejus
870 3820 1288 3890 providentiam,
1329 3832 1562 3889 eumque
1613 3817 1782 3873 nostri
1827 3832 1926 3872 cu-

338 3927 454 3967 ram
484 3926 695 3981 semper
727 3926 914 3982 gerere
934 3951 949 3978 ,
990 3926 1088 3965 nos
1124 3925 1343 3982 regere,
1373 3918 1427 3964 et
1470 3907 1780 3964 defendere.
1837 3908 1929 3964 llas

337 4004 483 4059 enim
514 4004 846 4059 narrationes
873 4003 1099 4072 posteris
1116 4016 1327 4073 quoque
1347 4009 1504 4057 erunt
1533 4016 1737 4072 magnae
1763 4016 1927 4072 argu-

336 4108 574 4151 mentum
597 4096 946 4167 pbilosOphim
964 4138 980 4164 ,
1012 4107 1066 4151 et
1092 4096 1305 4152 occasio
1331 4095 1687 4151 exactissima:
1716 4095 1808 4149 Dei
1835 4109 1927 4149 co-

336 4190 623 4260 gnitionis,
674 4198 722 4245 et
759 4190 929 4247 studii
960 4189 1188 4261 virtutis.
1220 4189 1577 4256 Quamobrem
1616 4187 1769 4258 jubet
1807 4188 1927 4243 illos

337 4295 454 4336 eam
479 4281 722 4355 circuire,
749 4290 805 4336 ut
830 4281 937 4335 sint
955 4280 1171 4350 perfecti
1187 4281 1435 4336 doctores
1461 4288 1795 4351 posterorum
1826 4277 1921 4352 (a).

411 4374 462 4428 4.
501 4372 758 4440 Quocirca
785 4386 881 4427 nos
907 4387 1116 4444 quoque
1140 4386 1354 4439 semper
1381 4379 1436 4426 et
1459 4362 1715 4425 continuo
1747 4369 1926 4425 consi-

334 4465 587 4521 derantes
610 4506 627 4533 ,
655 4465 922 4521 civitatem
950 4477 1186 4519 nostram
1214 4463 1509 4520 Jerusalem
1537 4472 1718 4519 mente
1738 4478 1925 4520 verse-

337 4572 457 4613 mus
475 4597 491 4622 ,
533 4572 599 4612 ac
626 4556 1074 4627 pulchritudinem
1104 4557 1220 4627 ejus
1248 4555 1402 4611 nobis
1429 4556 1497 4611 ob
1521 4555 1708 4610 oculos
1738 4571 1926 4626 perpe-

336 4659 429 4704 tuo
469 4664 756 4719 ponamus,
785 4664 902 4720 qua:
922 4648 1083 4718 Regis
1115 4647 1431 4703 Sicculorum
1461 4656 1544 4703 est
1572 4646 1883 4715 metrOpolis
1906 4687 1922 4714 ,

334 4739 389 4793 in
431 4756 529 4810 qua
563 4741 830 4811 justorum
859 4748 984 4795 sunt
1013 4739 1259 4809 spiritus,
1284 4739 1432 4794 chori
1466 4738 1885 4808 patriarcharum
1904 4779 1920 4804 ,

335 4831 732 4900 apostolorum,
784 4832 1129 4900 omniumque
1184 4839 1525 4896 sanctorum;
1574 4829 1663 4883 ubi
1715 4828 1924 4884 stabilia

335 4932 460 4977 sunt
499 4930 724 4988 cuncta,
772 4937 878 4977 non
924 4921 1298 4992 praetereuntia
1336 4936 1352 4988 ;
1392 4919 1478 4975 ubi
1506 4920 1924 4991 pulchritudines

332 5022 462 5068 sunt
506 5013 831 5068 immortales
854 5054 868 5076 .
898 5021 953 5068 et
982 5027 1101 5083 qua:
1128 5011 1229 5067 sub
1256 5020 1528 5082 aspectum
1557 5027 1663 5065 non
1690 5011 1886 5066 cadunt
1904 5053 1920 5079 ,

332 5120 457 5173 qua:
502 5105 630 5159 solis
667 5104 732 5159 iis
775 5103 1070 5160 hereditate
1103 5104 1361 5174 consequi
1391 5104 1547 5170 licet,
1575 5104 1663 5174 qui
1694 5104 1922 5159 caduca-

331 5212 451 5251 rum
491 5206 548 5252 et
583 5196 851 5252 ﬂuxarum
891 5196 1224 5252 szecularium
1260 5211 1506 5252 curarum
1538 5197 1747 5266 penitus
1773 5196 1927 5252 obliti

406 5306 430 5371 ξ
473 5302 597 5371 ‘Htec
648 5305 799 5371 verba
826 5340 839 5363 ,
896 5304 1167 5371 consume
1225 5319 1393 5371 sumus
1456 5306 1608 5371 (GI-.4
1645 5310 1928 5371 παρανηλώ-

350 5365 509 5425 μεθα).
549 5380 643 5414 non
683 5366 930 5417 habentur
966 5365 1104 5431 apud
1134 5365 1480 5430 Ezechielem',
1512 5369 1643 5419 unde
1671 5365 1809 5419 locus
1835 5383 1927 5420 ex-

346 5434 550 5476 cerntus
573 5435 664 5476 θεῖ..

414 5441 828 5557 Eliquot
876 5488 992 5557 Mss.
1048 5491 1131 5557 hic
1173 5489 1717 5557 desinitex‘planatio,
1761 5492 1927 5557 addita

346 5550 554 5618 ῃιλβδιιίᾐ
603 5551 688 5618 tll_a
726 5550 984 5618 clausula,
1021 5550 1150 5618 quia
1191 5550 1306 5618 ipsi
1344 5550 1530 5617 gloria,
1589 5557 1661 5605 ὅτε
1704 5550 1852 5618 acra.
1893 5559 1924 5614 ἡ

348 5611 480 5680 esi-ta,
510 5616 608 5659 etc.
639 5611 711 5660 De
730 5614 995 5680 authentia
1021 5611 1172 5680 hujus
1194 5611 1526 5680 additamenll
1553 5619 1750 5667 dubitat
1788 5611 1929 5680 Sari;

347 5671 484 5719 lius:
514 5685 698 5734 anceps
730 5674 935 5733 haeteo;
984 5671 1104 5725 non'
1129 5676 1361 5727 videnlur
1409 5683 1571 5729 tamen
1614 5680 1719 5729 htrc
1761 5676 1927 5730 aliena

346 5744 459 5783 ease
487 5748 515 5783 a
537 5735 667 5796 ston
692 5735 1042 5798 Chrysmlomi.

1384 299 1746 358 EXPOSITIO
1786 298 1851 356 IN
1882 297 2208 355 PSALML‘M
2249 298 2479 355 XLVIII.

3558 307 3666 365 22'!

2072 410 2303 478 fuerint,
2355 428 2515 483 opum
2563 414 2767 471 scilicet
2809 430 2873 472 ac
2914 415 3224 475 deliciarum
3250 463 3266 491 ,
3294 431 3350 479 et
3372 422 3662 484 damnosa-

2068 521 2188 561 rum
2227 504 2423 560 diaboli
2453 506 2815 576 voluptatum;
2858 509 3148 566 fraternum
3190 523 3367 569 autem
3418 531 3659 577 amorem

2067 605 2123 652 et
2150 594 2566 665 hospitalitatem
2589 613 2710 669 erga
2740 614 3018 670 pauperes,
3036 612 3089 657 et
3103 604 3378 660 caritatem
3403 607 3455 662 in
3473 614 3660 679 prosi-

2066 702 2213 742 mum
2244 688 2294 742 in
2322 687 2437 744 dies
2456 698 2671 760 augent,
2700 700 2855 760 atque
2880 702 3126 762 acceptas
3149 694 3370 764 injurias
3390 713 3455 753 ex
3478 701 3659 755 animo

2065 779 2402 834 condonant:
2450 791 2542 846 ut,
2587 794 2708 835 cum
2754 781 2853 836 hac
2894 784 3100 837 ratione
3144 785 3368 842 honeste
3412 799 3571 858 atque
3601 806 3658 847 ut

2066 870 2176 927 Deo
2210 882 2486 941 acceptum
2525 880 2636 936 est,
2666 872 2827 926 vitam
2857 874 3281 944 traduxerimus,
3314 879 3460 947 regni
3493 881 3656 935 catla-

2062 977 2180 1016 rum
2205 962 2555 1019 hereditatem
2586 965 2937 1034 accipiamus,
2963 967 3015 1020 in
3044 966 3158 1036 ipso
3186 967 3400 1024 Christo
3432 972 3656 1027 Domino

2062 1063 2248 1109 nostro
2267 1097 2282 1121 ,
2305 1055 2390 1109 cui
2421 1056 2585 1126 gloria
2613 1065 2666 1111 et
2689 1058 2970 1125 imperium
2996 1074 3097 1112 una
3129 1074 3248 1114 cum
3278 1061 3433 1118 Patre
3462 1073 3516 1118 et
3536 1065 3656 1135 Spi-

2059 1144 2164 1199 ritu
2204 1157 2388 1201 saucto
2413 1189 2426 1213 ,
2472 1164 2613 1203 nunc
2658 1159 2712 1205 et
2752 1146 2998 1221 semper,
3031 1159 3086 1207 et
3116 1153 3168 1207 in
3207 1155 3403 1212 smcula
3429 1160 3654 1214 saaculo-

2058 1249 2200 1290 rum.
2227 1238 2419 1293 Amen.

2511 1309 2578 1364 IN
2607 1310 2932 1367 PSALMUM
2963 1312 3194 1369 XLVIII.

2178 1399 2231 1453 I.
2260 1398 2326 1453 In
2356 1401 2508 1470 liuent
2531 1403 2655 1472 ﬁliis
2673 1403 2821 1459 Core.
2851 1406 3002 1462 Alius
3024 1408 3100 1479 (a)
3119 1448 3134 1471 ,
3164 1407 3527 1481 Triumpltalis.

2053 1507 2109 1562 2.
2143 1510 2326 1566 Audite
2361 1513 2468 1567 lucc
2491 1556 2505 1581 ,
2547 1531 2718 1570 omnes
2760 1525 2947 1589 gentes.
2975 1518 3158 1585 Alius,
3189 1521 3371 1576 Audite
3397 1523 3512 1579 hoc.
3544 1525 3650 1580 Au-

2125 1602 2262 1656 ribus
2301 1605 2573 1674 percipite,
2616 1622 2789 1661 omnes
2827 1611 2913 1676 qui
2955 1610 3190 1665 habitatis
3232 1612 3419 1666 orbem.
3460 1616 3645 1683 Alius,

2092 1706 2101 1711 ‘
2123 1691 2371 1748 Intimum
2402 1693 2745 1753 Occidentem.
2772 1700 2953 1766 Alius,
2988 1703 3328 1758 Occidentem.
3354 1705 3608 1763 Ilebrtrus
3626 1750 3646 1777 ,

2126 1785 2246 1840 Old.
2290 1788 2344 1843 '5.
2391 1790 2588 1860 Quique
2624 1794 2886 1863 terrigena:
2910 1805 2957 1849 et
2993 1795 3088 1860 ﬁlii
3128 1798 3405 1854 hominum.
3456 1804 3604 1858 Alius
3628 1846 3645 1870 ,

2120 1879 2292 1934 Etiam
2318 1881 2594 1937 humanum
2638 1901 2816 1954 genus,
2849 1897 2894 1941 et
2925 1900 3166 1958 praeterea
3192 1892 3287 1959 ﬁlii
3314 1895 3646 1966 uniuscujus-

2119 1989 2215 2044 que
2257 1975 2369 2028 viri.
2413 1974 2587 2031 Simul
2636 1979 2690 2032 in
2737 1995 2893 2032 unum
2938 1981 3076 2036 dives
3116 1992 3161 2037 et
3198 2001 3412 2055 panper.
3456 1988 3643 2059 Alius,

2122 2065 2341 2122 Pariter.

2119 2159 2173 2213 1.
2215 2159 2398 2229 Magna
2443 2161 2683 2232 quaedam
2718 2174 2772 2218 et
2796 2180 2987 2220 arcana
3017 2168 3170 2223 nobis
3199 2186 3336 2225 nunc
3365 2181 3446 2227 est
3469 2172 3646 2229 dictu-

2046 2262 2138 2302 rus
2168 2250 2446 2319 propheta.
2473 2253 2655 2323 Neque
2671 2255 2810 2309 enim
2836 2267 3093 2327 quotquot
3113 2271 3236 2313 sunt
3263 2262 3457 2331 ubique
3476 2275 3644 2320 terra-

2047 2356 2165 2394 rum
2205 2341 2272 2396 ad
2310 2343 2632 2399 audiendum
2672 2357 2946 2416 vocasset,
2992 2365 3088 2404 nec
3126 2352 3288 2407 totius
3316 2355 3460 2408 orbis
3488 2356 3640 2412 thea-

2047 2440 2186 2487 trum
2215 2435 2526 2502 excivisset,
2558 2437 2660 2492 nisi
2700 2454 2951 2509 magnum
2978 2441 3104 2510 quid
3130 2455 3181 2497 et
3207 2445 3520 2513 praeclarum
3543 2489 3557 2514 ,
3588 2458 3643 2503 ct

2048 2527 2178 2579 tanti
2222 2536 2516 2582 conventus
2556 2531 2919 2600 magnitudine
2961 2534 3178 2603 dignum
3206 2535 3358 2591 nobis
3385 2547 3528 2593 esset
3556 2539 3642 2593 di-

2043 2624 2246 2671 cturus.
2290 2617 2473 2688 Neque
2508 2620 2650 2674 enim
2697 2623 2923 2691 amplius
2967 2624 3199 2695 loquitur
3235 2637 3291 2681 ut
3317 2630 3641 2698 prepltctans

2040 2708 2240 2765 Judaris
2278 2711 2365 2780 qui
2410 2710 2748 2768 Palmstinam
2795 2713 3068 2783 habitant,
3102 2717 3197 2772 sed
3227 2719 3385 2774 veluti
3425 2721 3637 2790 quidam

2040 2799 2315 2869 apostolus
2355 2810 2410 2855 et
2448 2803 2772 2873 evangelista
2809 2805 2875 2859 ad
2923 2821 3137 2862 omnem
3171 2809 3454 2865 humanam
3484 2821 3640 2867 natu-

2040 2909 2155 2948 ram
2196 2894 2376 2965 dirigit
2401 2897 2717 2951 orationem.
2750 2896 2859 2952 Lex
2888 2900 3030 2954 enim
3064 2915 3168 2955 uno
3196 2902 3247 2955 in
3271 2902 3417 2957 orbis
3445 2909 3639 2975 angulo

2039 3002 2200 3040 unam
2248 2997 2459 3057 gentem
2499 2988 2724 3043 docebat
2770 3008 2784 3044 :
2826 3005 3005 3045 sermo
3039 3001 3214 3046 autem
3243 2994 3639 3063 pra'dicatioufs

2041 3077 2241 3146 ubique
2290 3086 2553 3133 terrarum
2600 3082 2872 3147 resanuit,
2915 3092 2969 3136 et
3012 3083 3245 3153 seipsum
3277 3087 3548 3153 extendit,
3579 3098 3638 3143 ιιι

2039 3169 2128 3238 qui
2162 3178 2358 3222 tantam
2398 3172 2693 3239 pervaserit
2722 3172 2991 3240 regionem
3024 3184 3273 3243 quantam
3300 3176 3381 3231 sol
3414 3193 3635 3246 percur-

2038 3260 2127 3316 rit.
2168 3260 2261 3317 llla
2300 3263 2442 3318 enim
2482 3271 2634 3318 erant
2663 3264 2996 3337 ptrdagogica
3022 3266 3264 3338 quadam
3295 3269 3555 3325 institutio
3579 3281 3636 3328 et

2038 3352 2393 3408 ministerium
2433 3355 2894 3411 condemnationis
2936 3366 2991 3413 et
3032 3359 3219 3415 mortis
3258 3376 3272 3415 :
3308 3359 3423 3415 haec
3455 3372 3633 3418 autem

2037 3445 2204 3515 gratia
2244 3454 2299 3500 et
2340 3461 2460 3516 pax.
2498 3447 2757 3513 Quoniam
2786 3463 2917 3520 ergo
2941 3451 3253 3506 convocavit
3279 3466 3439 3508 omne
3464 3468 3631 3524 genus

2039 3538 2105 3593 ad
2136 3538 2496 3606 audiendum,
2529 3555 2627 3595 nos
2649 3556 2859 3611 quoque
2885 3541 2971 3597 hic
2997 3542 3253 3611 adsimus,
3282 3552 3336 3599 et
3361 3544 3634 3602 videamus

2037 3630 2161 3703 quid
2207 3632 2318 3687 vult
2362 3632 2514 3687 nobis
2538 3632 2715 3688 dicere
2746 3634 3183 3704 psalmographus
3204 3675 3217 3699 ,
3246 3638 3332 3706 qui
3363 3640 3631 3694 communi

2039 3721 2312 3778 hominum
2341 3725 2523 3791 generi
2551 3733 2763 3794 praeest.
2797 3724 2942 3779 Licet
2966 3741 3094 3796 ergo
3124 3727 3230 3781 sint
3255 3728 3487 3792 barbari,
3509 3730 3634 3786 licet

2036 3815 2334 3883 sapientes,
2385 3815 2508 3871 licet
2556 3816 2782 3886 privati,
2825 3817 2982 3886 jubcs
3027 3831 3215 3873 omnes
3261 3834 3356 3875 eos
3398 3820 3632 3877 adesse?

2037 3907 2211 3962 Etiam
2233 3948 2246 3973 ,
2277 3909 2462 3978 inquit.
2493 3908 2558 3963 Et
2585 3908 2703 3963 ideo
2726 3909 2983 3979 incipiens
3008 3926 3222 3980 quoque
3244 3911 3375 3966 dixit
3399 3930 3412 3965 :
3442 3914 3629 3969 Omnes

2034 4010 2242 4071 gentes;
2269 4006 2322 4053 et
2347 4014 2532 4054 rursus
2560 4000 2903 4071 amplilicavit
2933 4006 3229 4057 orationem
3256 4002 3437 4060 dicens
3469 4023 3482 4059 :
3506 4005 3632 4073 Qni-

2034 4109 2131 4165 que
2170 4092 2431 4164 terrigeme
2472 4104 2520 4147 et
2566 4094 2662 4163 ﬁlii
2700 4095 2997 4161 hominum,
3041 4110 3239 4151 vocans
3278 4112 3437 4153 omne
3459 4114 3630 4169 genus

2036 4187 2332 4242 hominum.
2366 4189 2522 4257 Papa:
2552 4203 2672 4259 qua:
2710 4187 2981 4244 doctrina!
3016 4204 3172 4258 quatn
3202 4199 3283 4245 est
3307 4199 3429 4260 apta
3458 4193 3634 4247 cunti-

2033 4277 2135 4333 bus
2169 4288 2222 4334 et
2263 4279 2593 4333 communis!
2640 4278 2708 4333 Et
2742 4278 2862 4333 ideo
2888 4293 2993 4334 non
3029 4279 3201 4335 solum
3226 4291 3389 4341 vocat.
3405 4297 3625 4349 omnes,

2034 4369 2126 4425 sed
2169 4386 2362 4440 magno
2406 4370 2584 4425 studio
2612 4379 2666 4425 et
2689 4370 2966 4441 diligentia
2990 4371 3140 4439 jubet
3165 4388 3258 4426 eos
3289 4372 3374 4426 illa
3402 4388 3520 4442 quae
3545 4374 3629 4428 di-

2034 4469 2226 4516 cuntur
2250 4461 2545 4516 attendere.
2573 4460 2689 4515 Non
2719 4462 2890 4516 solum
2917 4462 3059 4516 enim
3091 4462 3251 4527 dixit,
3284 4461 3467 4517 Audite
3495 4465 3629 4532 haec,

2034 4569 2204 4607 omnes
2246 4563 2456 4623 gentes;
2493 4552 2586 4607 sed
2629 4553 2787 4607 etiam
2810 4594 2826 4621 ,
2858 4553 3076 4607 Auribus
3102 4554 3364 4625 percipite.
3392 4555 3632 4614 Auribus

2034 4645 2309 4717 percipere
2338 4654 2516 4700 autem
2545 4645 2672 4699 nihil
2705 4656 2788 4701 est
2811 4645 2953 4701 aliud
2979 4661 3136 4716 quam
3164 4648 3443 4718 diligenter
3471 4660 3523 4703 et
3544 4658 3627 4704 at-

2034 4746 2180 4794 tcnte
2208 4737 2413 4792 audire.
2446 4737 2677 4792 Auribus
2706 4738 2848 4793 enim
2872 4738 3146 4807 percipere
3173 4738 3224 4792 id
3255 4742 3467 4810 proprie
3492 4739 3629 4797 dici-

2034 4840 2122 4885 tur
2139 4871 2153 4895 ,
2187 4829 2399 4901 quando
2424 4831 2542 4900 quis
2571 4843 2700 4885 aure
2719 4830 2832 4884 auri
2854 4827 3063 4885 admota
3086 4829 3338 4901 loquitur,
3362 4831 3633 4903 seipsumu

2095 4983 2169 5047 (a)
2204 4989 2531 5056 Interpretum
2554 4985 2749 5033 nomina
2773 4983 2900 5056 apud
2942 4985 3083 5035 Savil.
3108 4985 3184 5056 ad
3200 4998 3353 5049 marg.
3379 4994 3624 5056 notantur.

2031 5044 2208 5096 Verum
2232 5054 2315 5108 aut
2335 5044 2513 5103 Codex,
2540 5059 2637 5108 quo
2662 5060 2777 5095 usus
2801 5044 2885 5094 ille
2907 5057 2998 5108 est,
3026 5044 3216 5096 mendis
3236 5044 3413 5107 sca'tet,
3439 5056 3523 5096 aut
3539 5062 3628 5097 no-

2032 5115 2109 5171 tas
2131 5107 2470 5171 Hexaplorumg
2498 5106 2592 5171 non
2619 5108 2865 5171 intellexit
2887 5106 2989 5157 ille.
3017 5110 3259 5171 siquidem
3302 5109 3435 5170 prior
3459 5108 3625 5168 lectio,

2032 5170 2182 5229 Alius,
2211 5187 2234 5242 at
2256 5168 2635 5242 triumphalis,»
2666 5169 2792 5242 apud
2810 5171 2965 5242 ipsum
2988 5168 3146 5242 sextae
3162 5168 3360 5242 Editioni
3378 5171 3628 5242 tribuitur,

2032 5245 2142 5296 qua:
2163 5240 2240 5282 est
2258 5231 2534 5296 Symmachi,
2562 5238 2616 5281 ut
2639 5231 2806 5281 videas
2830 5231 2878 5279 in
2904 5231 3133 5293 Hexaplis
3165 5234 3359 5280 nostris.
3384 5233 3460 5281 sic
3494 5231 3630 5282 enim

2031 5292 2118 5364 ille
2141 5292 2495 5372 solet,'m:m5
2522 5318 2740 5363 vertere.
2777 5312 2902 5361 ln’ra
2948 5292 3066 5363 vero
3111 5312 3255 5371 illud,
3299 5311 3628 5374 occidentem,

2033 5386 2160 5451 quod
2181 5387 2246 5451 ab
2268 5388 2372 5451 ipso
2389 5384 2772 5451 sextaahﬁditioni
2810 5383 3054 5451 tribuitur,
3094 5391 3173 5432 cst
3208 5382 3395 5451 Aquilae.
3424 5391 3476 5433 et
3498 5391 3629 5447 Sym-

2033 5444 2208 5507 machi,
2234 5444 2356 5509 ut'iu
2383 5444 2609 5509 Hexaplis
2623 5444 2802 5509 nostris
2827 5444 3008 5501 videas,
3026 5452 3077 5493 et
3093 5451 3198 5493 Mss.
3215 5444 3503 5496 auctoritate
3518 5444 3627 5509 pro;

2034 5503 2334 5580 baturflllud
2360 5519 2495 5575 vero,
2512 5503 2685 5580 etiam
2710 5503 2974 5580 human-um
3009 5518 3175 5580 genus.
3201 5513 3246 5556 et
3276 5503 3628 5580 prwterea_'ﬁlie'

2035 5570 2407 5631 tmiuscuinsqne
2427 5567 2752 5630 piri,,notatur
2772 5567 2898 5628 apud
2943 5567 3083 5617 Savtl.
3112 5572 3172 5618 θ’.
3200 5584 3249 5619 e.
3275 5567 3412 5632 quasi
3435 5567 3628 5620 scilicet

2043 5641 2181 5682 esset
2211 5637 2525 5695 septuaginta
2555 5636 2888 5695 Interpretum
2922 5640 2976 5695 et.
3008 5633 3392 5695 'l‘lteodotionis;
3430 5635 3519 5684 sed
3544 5638 3632 5686 est

2043 5695 2344 5757 Symmachi,
2371 5702 2423 5746 ut
2450 5692 2617 5745 videas
2640 5692 2707 5744 in‘
2727 5693 2965 5758 llcxaplis
2996 5693 3197 5746 nostris.
