4064 6414
461 348 563 401 223
1205 345 1260 401 s.
1303 341 1579 400 JOANNIS
1617 330 2086 394 cunrsosrom
2129 330 2448 386 saeuum.
2476 329 3014 388 CONSTANTINOP.

543 370 563 402 ἰ

458 481 562 533 que
590 474 643 518 et
674 464 816 518 illum
843 463 987 530 jubet
1015 461 1265 516 adhibere
1297 463 1529 514 animum
1561 461 1622 514 iis
1647 476 1714 528 qu
1735 460 2049 514 t-dicuntur.

463 555 681 609 Auribus
725 555 1002 624 percipite,
1035 569 1203 606 omnes
1233 553 1316 621 qui
1345 552 1580 605 habitatis
1611 552 1798 604 orbem.
1835 551 2054 604 Etiamsi

460 647 546 713 qui
575 686 589 710 ,
642 645 842 714 inquit,
886 659 989 697 non
1029 643 1332 699 referuntur
1373 643 1423 696 in
1464 658 1743 696 numerum
1783 642 2051 712 gentium,

460 737 554 792 sed
579 748 706 792 sunt
735 737 909 803 misti,
937 747 990 792 et
1016 737 1241 806 dispersi
1275 737 1549 804 nomades,
1579 753 1673 793 eos
1695 753 1904 808 quoque
1922 753 2053 792 voco

461 829 526 882 ad
558 828 901 884 audiendum.
932 830 1065 885 Vide
1093 832 1484 886 concionatoris
1516 833 1848 902 prudentiam
1875 833 1912 885 ¹.
1941 833 2056 886 Pri-

460 937 602 974 mum
643 937 828 976 eorum
884 924 1117 978 animum
1178 925 1466 991 excitavit,
1514 935 1568 980 et
1625 928 1795 981 erexit
1845 927 1911 982 ad
1956 942 2050 980 au-

459 1011 744 1077 diendum,
793 1028 858 1067 eo
897 1014 1035 1082 quod
1078 1030 1266 1068 omnes
1313 1016 1469 1069 simul
1510 1018 1795 1071 vocaverit.
1847 1019 2050 1073 Deinde

459 1112 738 1173 postquam
771 1105 1008 1170 vocavit,
1038 1108 1232 1160 fastum
1261 1121 1445 1160 eorum
1477 1108 1808 1176 comprimit,
1841 1125 1906 1161 ne
1929 1124 2054 1178 pro-

460 1201 578 1262 pter
609 1193 998 1248 multitudinem
1029 1195 1079 1247 in
1111 1198 1463 1266 arrogantiam
1494 1197 1803 1254 efferantur.
1838 1199 2052 1256 Talibus

460 1287 601 1339 enim
655 1288 886 1341 maxime
925 1288 1252 1344 auditoribus
1278 1304 1412 1360 opus
1441 1300 1558 1356 est,
1591 1292 1803 1360 quando
1828 1294 1946 1362 quis
1972 1303 2053 1347 est

458 1379 620 1432 verba
661 1377 896 1434 facturus
923 1397 1043 1450 quae
1075 1381 1140 1435 ad
1166 1382 1396 1436 studium
1424 1385 1698 1453 sapientia:
1720 1387 2050 1454 pertineant,

459 1484 652 1539 nempe
695 1471 970 1537 contritis,
1013 1474 1320 1542 compositis
1363 1483 1415 1528 et
1443 1476 1511 1529 ab
1536 1477 1680 1530 omni
1711 1476 1847 1530 fastu
1873 1493 1935 1532 ac
1967 1488 2050 1531 lu-

462 1576 610 1614 more
652 1561 849 1615 liberis.
878 1563 1154 1630 Quomodo
1181 1581 1308 1636 ergo
1347 1566 1578 1621 ferocem
1603 1583 1785 1622 eorum
1813 1569 2048 1623 animum

460 1657 825 1726 compescuit?
863 1656 1119 1712 Naturam
1160 1659 1212 1713 in
1241 1661 1552 1716 memoriam
1581 1677 1858 1718 revocans.
1893 1663 2054 1719 Post-

461 1761 618 1814 quam
663 1746 804 1801 enim
833 1747 985 1814 dixit,
1014 1747 1215 1818 Gentes,
1247 1751 1548 1821 subiunxit,
1575 1753 1769 1825 Quique
1789 1756 2052 1827 terrigena:

459 1851 504 1892 et
546 1840 641 1908 ﬁlii
665 1841 949 1896 hominum.
981 1843 1121 1897 Dixit
1141 1845 1488 1900 substantiam
1523 1863 1586 1902 ex
1618 1863 1718 1918 qua
1745 1857 1828 1904 est
1853 1851 2051 1919 princi-

460 1934 605 2002 pium
646 1942 845 1988 nostra:
886 1938 1273 2005 generationis,
1304 1954 1639 1995 communem
1669 1944 1905 1998 omnium
1931 1959 2046 1997 ma-

461 2034 595 2079 trem
629 2029 896 2082 revocavit
941 2029 992 2082 in
1034 2033 1362 2087 memoriam.
1408 2033 1472 2088 Et
1517 2049 1682 2103 quare
1726 2035 1884 2100 dixit,
1926 2035 2051 2090 Filii

461 2118 763 2172 hominum?
791 2119 922 2185 Quia
945 2120 1152 2175 dixerat
1181 2124 1473 2193 terrigenas
1493 2166 1506 2189 ,
1537 2140 1604 2179 ne
1634 2126 1752 2195 quis
1771 2127 2049 2180 existima-

461 2217 540 2263 ret
562 2250 576 2273 ,
620 2216 679 2263 ut
703 2210 887 2264 volunt
926 2213 1215 2284 mythologi
1235 2254 1251 2279 ,
1300 2213 1546 2270 homines
1575 2217 1642 2270 ab
1669 2217 1818 2271 initio
1847 2234 1877 2274 e
1907 2228 2046 2273 terra

461 2301 786 2370 pullulasse,
839 2306 1287 2374 quemadmodum
1335 2309 1575 2364 nonnulli
1624 2310 1840 2366 fabulati
1885 2322 2045 2381 sunt,

458 2395 715 2463 quosdam
741 2406 858 2450 satu
875 2397 1045 2452 editos
1067 2398 1465 2455 introducentes
1485 2442 1498 2464 ,
1530 2413 1808 2472 propterea
1830 2403 2049 2473 subjun-

459 2485 567 2550 xit,
593 2485 719 2539 Filii
744 2488 1024 2544 hominum.
1056 2489 1242 2545 Patres
1264 2491 1405 2546 enim
1435 2493 1583 2548 vobis
1613 2505 1736 2548 sunt
1764 2495 2006 2550 homines
2031 2514 2044 2550 :

461 2577 780 2646 principium
811 2587 988 2633 autem
1014 2582 1373 2648 generationis
1400 2583 1550 2638 vobis
1576 2593 1629 2638 et
1650 2585 1751 2639 illis
1778 2594 1917 2640 terra
1945 2596 2046 2642 est.

462 2666 598 2732 Quid
625 2683 753 2738 ergo
777 2669 998 2738 superbit
1022 2680 1154 2724 terra
1183 2682 1227 2726 et
1257 2673 1384 2728 cinis
1409 2672 1596 2742 (Eccli.
1627 2675 1712 2731 10.
1737 2676 1836 2748 9)?
1864 2675 2048 2748 (Sosila

457 2758 596 2825 apud
623 2767 673 2813 te
697 2775 940 2828 quamam
971 2762 1040 2816 sit
1066 2771 1236 2818 mater
1267 2774 1352 2818 tua
1371 2807 1384 2830 ,
1413 2773 1465 2819 et
1493 2766 1682 2821 fastum
1708 2769 2000 2838 comprime
2030 2788 2042 2824 :

458 2851 596 2903 altos
638 2851 856 2920 spiritus
903 2854 1154 2908 conculca
1194 2870 1255 2910 ac
1284 2855 1561 2926 deprime:
1591 2860 1865 2914 considera
1898 2861 2048 2926 Quod

455 2953 588 2994 terra
616 2958 688 3010 es,
707 2955 750 2995 et
776 2944 827 2998 in
857 2953 1040 2998 terram
1060 2949 1316 3002 reverteris
1347 2949 1496 3021 (Gen.
1531 2952 1584 3005 5.
1615 2950 1725 3023 19),
1756 2962 1808 3007 et
1834 2968 2044 3008 omnem

454 3035 808 3102 arrogantiam
850 3037 1077 3106 expelle.
1121 3037 1231 3093 Tali
1272 3039 1412 3095 enim
1457 3041 1588 3096 mihi
1633 3044 1874 3100 auditore
1912 3060 2047 3114 Opus

451 3135 551 3180 est.
593 3127 715 3182 ldeo
745 3138 795 3183 te
819 3128 1062 3185 sedatum
1094 3131 1260 3188 reddo
1290 3149 1351 3188 ac
1376 3137 1763 3205 compositum,
1794 3147 1851 3192 ut
1882 3148 1931 3194 te
1957 3155 2047 3193 ac-

453 3217 643 3285 cipiam
677 3226 856 3287 aptum
891 3220 955 3275 ad
979 3237 1039 3275 ea
1061 3238 1178 3292 qua:
1203 3223 1453 3279 dicuntur
1480 3228 1836 3296 suscipienda.
1872 3229 2047 3284 Simul

452 3309 503 3359 in
532 3325 692 3362 unum
722 3311 857 3365 dives
885 3321 928 3364 et
945 3329 1157 3382 pauper.
1193 3315 1380 3371 Vidisti
1406 3317 1734 3375 nobilitatem
1767 3321 2040 3378 Ecclesia).

451 3397 645 3463 Quidni
683 3400 825 3454 enim
855 3402 1216 3472 nobilitatem,
1256 3407 1469 3476 quando
1499 3408 1568 3462 ob
1593 3411 1914 3468 conditionis
1942 3413 2044 3469 dif-

454 3489 729 3544 ferentiam
762 3507 866 3546 non
895 3503 1041 3548 arcet
1065 3495 1384 3563 auditorem,
1416 3499 1508 3553 sed
1529 3501 1771 3556 universa
1799 3502 2040 3561 doctrina

448 3597 515 3633 cx
565 3596 719 3650 mque
770 3583 1136 3652 profunditur,
1176 3600 1230 3644 et
1277 3591 1528 3660 pauperi,
1575 3602 1629 3648 et
1673 3591 1822 3649 diviti
1859 3611 2040 3652 mensa

448 3673 749 3728 communis
792 3675 1112 3732 exhibetur?
1152 3679 1435 3750 Postquam
1476 3685 1617 3738 enim
1660 3685 1792 3740 dixit
1818 3686 1868 3742 id
1899 3669 2040 3757 quod

446 3781 636 3822 omnes
677 3768 828 3836 unit,
873 3785 968 3826 eos
1012 3772 1260 3829 videlicet
1304 3789 1422 3830 esse
1453 3778 1786 3848 terrigenas,
1816 3788 1870 3835 et
1895 3779 2035 3836 filios

451 3857 757 3927 hominum,
807 3871 861 3915 et
903 3877 1239 3919 communem
1295 3881 1414 3922 esse
1464 3878 1706 3924 naturam
1755 3873 2032 3928 ostendit:

449 3957 574 4004 tunc
615 3964 734 4018 quae
777 3967 842 4004 ex
885 3953 1044 4007 rebus
1073 3956 1420 4013 smcularibus
1449 3959 1724 4016 videbatur
1750 3977 1870 4019 esse
1891 4005 1904 4026 .
1935 3963 2038 4018 dif-

447 4039 722 4092 ferentiam
752 4049 805 4096 et
831 4043 1236 4114 inazqualitatem
1259 4049 1499 4105 oratione
1526 4051 2036 4121 ejiciteommuuitcr
2085 4092 2092 4094 -

446 4148 632 4187 omnes
671 4148 868 4190 γοοξιηε
916 4155 930 4193 ζ
979 4144 1061 4193 εει
1089 4140 1232 4195 enim
1260 4145 1557 4198 communis
1588 4153 1766 4200 nostra
1795 4157 1979 4203 natura
2016 4169 2029 4204 2

446 4225 812 4282 (Iommuniter
842 4242 1026 4284 omnes
1048 4246 1181 4285 voco
1205 4249 1220 4298 ;
1252 4235 1552 4288 communis
1580 4239 1719 4291 enim
1751 4249 1928 4294 nostra
1957 4243 2032 4295 ci-

446 4317 578 4370 vitas
622 4327 705 4371 est
743 4319 886 4373 orbis
930 4331 1192 4378 terrarum
1238 4323 1373 4397 (Act.
1404 4326 1492 4381 17.
1524 4327 1638 4399 26).
1668 4330 1772 4386 Sed
1805 4349 1871 4387 ex
1903 4349 2032 4404 pau-

448 4417 647 4476 pertate
678 4421 732 4465 et
769 4413 969 4469 divitiis
1007 4414 1358 4474 differentiam
1388 4420 1618 4490 aliquam
1653 4427 2026 4497 excogitastis,

441 4513 494 4555 ct
544 4503 951 4574 inmqualilatem
1006 4510 1392 4568 introduxistis.
1445 4517 1602 4586 Atqui
1656 4533 1773 4573 eam
1817 4536 2027 4591 quoque

443 4610 625 4650 rursus
661 4597 813 4665 cjicio
833 4641 848 4666 ,
887 4617 989 4655 non
1018 4601 1209 4659 divites
1238 4606 1452 4676 quidem
1481 4607 1796 4676 admittens,
1831 4628 2026 4682 paupe-

441 4702 530 4741 res
572 4696 749 4743 autem
792 4690 993 4748 habens
1031 4695 1363 4766 despicatui,
1394 4715 1493 4756 nec
1525 4716 1784 4772 pauperes
1808 4705 2022 4775 quidem

440 4794 664 4846 vocans,
701 4782 892 4838 divites
918 4793 1094 4840 autem
1121 4791 1395 4857 expellens
1414 4832 1430 4858 ,
1459 4793 1554 4848 sed
1581 4804 1635 4848 et
1664 4793 1760 4850 hos
1786 4805 1838 4852 et
1867 4797 1985 4852 illos
2004 4840 2019 4866 ,

435 4885 490 4929 ct
537 4890 641 4929 non
684 4877 1021 4933 solummodo
1069 4881 1166 4935 hos
1214 4890 1268 4937 et
1316 4883 1465 4951 illos,
1508 4881 1656 4941 verbi
1683 4889 1848 4958 gratia
1878 4933 1892 4957 ,
1924 4891 2022 4946 hos

435 4965 649 5035 quidem
693 4967 926 5037 priores,
960 4970 1079 5025 illos
1109 4987 1236 5027 vero
1266 4977 1614 5043 posteriores,
1645 4980 1724 5034 vel
1758 4981 1874 5035 illos
1899 4983 2018 5052 qui-

433 5059 554 5114 dem
605 5062 962 5130 posteriores,
1007 5062 1104 5117 hos
1151 5080 1276 5119 vero
1318 5068 1554 5136 priores,
1599 5071 1692 5126 sed
1735 5073 1911 5137 simul.
1941 5074 2021 5129 Sit

430 5152 728 5207 communis
765 5163 1057 5208 conventus
1081 5195 1097 5222 ,
1139 5159 1436 5212 communis
1469 5161 1688 5224 concio,
1721 5165 2019 5219 communis

431 5242 727 5296 auditorum
757 5253 946 5299 curtus.
980 5245 1129 5301 Licet
1155 5247 1227 5302 sis
1255 5247 1435 5315 dives,
1467 5266 1530 5306 ex
1562 5252 1748 5308 eodem
1779 5255 1889 5309 luto
1919 5271 2018 5310 na-

431 5343 514 5389 tus
552 5353 612 5393 es
661 5357 673 5392 :
721 5340 858 5394 idem
897 5341 991 5396 fuit
1023 5343 1113 5396 tibi
1141 5359 1261 5398 cum
1289 5361 1520 5415 paupere
1547 5349 1844 5419 ingressus,
1876 5349 2014 5406 idem

429 5439 593 5485 ortus.
620 5433 686 5485 Et
714 5441 766 5486 tu
796 5433 1025 5489 hominis
1050 5435 1185 5492 filius
1215 5452 1300 5502 es,
1330 5447 1383 5492 et
1415 5439 1523 5494 ille.

491 5609 519 5674 ⁸,
541 5611 650 5657 Cod.
675 5613 785 5682 633's,
811 5613 1117 5675 prudrntiam
1149 5617 1432 5725 deli'ttsoris,
1468 5627 1549 5670 aut
1582 5621 1735 5725 potius
1758 5623 2010 5676 contiona-

491 5680 542 5716 ἰδ
573 5681 589 5715 :
613 5684 722 5719 ante
745 5678 938 5725 lorsitan
965 5687 1042 5725 est
1068 5691 1180 5725 vera
1226 5683 1354 5725 ectio
1381 5696 1390 5725 :
1423 5696 1529 5725 nam
1567 5687 1577 5725 i
1602 5684 1680 5725 Ind
1715 5685 2006 5725 mltIilamtm.

429 5672 542 5737 toris
573 5681 589 5715 :
613 5684 722 5737 ante
745 5672 938 5725 "orlxitan
965 5687 1042 5726 est
1068 5691 1180 5726 vera
1207 5672 1354 5728 lectio
1381 5696 1390 5728 :
1421 5672 1529 5730 nam
1567 5672 1680 5732 illud
1715 5672 2006 5737 additamen-

430 5733 530 5800 tum
555 5742 645 5777 nec
667 5732 821 5800 lapsu,
848 5752 939 5786 nec
963 5737 1162 5788 consilio
1198 5743 1444 5791 inductum
1482 5745 1630 5793 fuisse
1656 5732 2006 5800 videturibihil

428 5793 590 5836 tmen
617 5793 754 5841 unius
777 5801 1059 5849 auctoritate
1083 5802 1262 5851 codicis
1296 5804 1476 5856 addere
1503 5809 1604 5856 ausi
1628 5793 1808 5857 sumus.

3643 327 3740 383 29.5

2236 446 2290 500 2.
2321 445 2452 498 Cum
2484 461 2609 513 ergo
2645 460 2762 514 qua:
2793 456 2914 498 Sltnt
2945 443 3230 516 praecipua,
3275 458 3325 501 et
3357 448 3527 520 magis
3557 465 3750 522 oppor-

2164 547 2286 590 tuna
2314 579 2328 603 ,
2375 547 2430 591 et
2477 537 2677 591 honore
2717 538 2958 606 aequalia,
3024 553 3090 590 ex
3133 553 3285 606 aequo
3330 537 3606 606 habeatis,
3658 557 3748 597 cur

2164 638 2379 697 propter
2411 629 2624 682 umbras
2650 637 2703 683 et
2728 630 2931 682 somnia
2963 630 3298 694 intumescis,
3331 645 3396 686 ex
3438 631 3504 685 iis
3533 648 3651 703 qua:
3678 636 3754 688 ni-

2161 722 2231 775 hil
2265 731 2390 775 sunt
2433 722 2734 775 communia
2773 721 3145 790 distinguens?
3172 721 3487 777 Communia
3517 735 3752 786 naturai.

2159 814 2460 867 communia
2490 822 2660 879 ortus,
2705 815 3012 867 communia
3055 815 3328 869 affinitatis
3364 823 3420 869 et
3459 818 3747 872 necessitu—

2159 907 2317 959 dinis.
2345 906 2455 959 Cur
2475 907 2724 958 amictum
2748 905 3068 959 exteriorem
3096 905 3335 970 adducis,
3370 917 3427 960 ut
3452 907 3749 964 distinctio~

2159 1012 2279 1049 nent
2298 1011 2360 1050 ex
2391 1011 2454 1050 eo
2479 993 2716 1049 eflicias?
2737 993 2852 1047 Non
2881 995 3012 1058 fero,
3038 1010 3141 1048 non
3174 996 3362 1065 patior.
3389 996 3457 1050 Et
3483 997 3604 1052 ideo
3624 1013 3751 1052 voco

2161 1098 2212 1141 te
2241 1101 2361 1140 cum
2389 1101 2648 1155 paupere,
2673 1086 2858 1140 dicens
2885 1102 2900 1140 :
2929 1086 3098 1140 Simul
3123 1087 3174 1139 in
3202 1103 3354 1140 unum
3383 1089 3522 1142 dives
3547 1098 3592 1142 et
3623 1106 3750 1158 pau-

2158 1197 2261 1250 per.
2286 1179 2340 1234 ln
2363 1180 2482 1234 aliis
2501 1179 2763 1234 enimnon
2787 1191 3006 1249 possunt
3025 1180 3180 1233 simul
3203 1179 3367 1235 videri
3387 1179 3539 1236 dives
3563 1191 3616 1236 et
3638 1197 3754 1252 pau-

2161 1286 2256 1340 per
2281 1287 2295 1336 ;
2332 1287 2436 1324 non
2467 1271 2516 1323 in
2537 1269 2772 1339 judiciis,
2802 1285 2905 1323 non
2937 1271 2989 1324 in
3020 1270 3156 1325 aulis
3176 1271 3358 1340 regiis,
3388 1287 3499 1325 non
3527 1272 3578 1326 in
3607 1270 3750 1337 foris,

2161 1377 2266 1414 non
2296 1362 2344 1414 in
2377 1362 2576 1415 mensis
2607 1378 2620 1413 :
2651 1361 2743 1414 sed
2787 1359 2932 1414 illum
2978 1360 3190 1430 quidem
3224 1360 3580 1428 honoratum,
3617 1361 3753 1418 hunc

2161 1466 2289 1505 vero
2319 1459 2683 1520 contemptum
2712 1460 2765 1506 et
2795 1451 3060 1521 abjectum
3088 1471 3102 1519 ;
3135 1451 3284 1507 illum
3315 1453 3482 1508 libere
3509 1463 3564 1509 et
3586 1455 3750 1510 confiv

2157 1545 2349 1600 denter
2379 1555 2621 1615 agentem
2646 1587 2660 1610 ,
2693 1544 2832 1598 hunc
2870 1545 3072 1614 pudore
3101 1554 3154 1599 et
3182 1546 3471 1614 ignominia
3500 1547 3742 1602 affectum

2157 1639 2337 1693 videas
2364 1657 2378 1692 :
2411 1638 2677 1706 Sapientia
2699 1639 2828 1692 enim
2855 1639 3090 1707 pauperis
3115 1638 3261 1692 nihili
3290 1640 3514 1708 ducitur,
3538 1652 3585 1695 et
3612 1644 3752 1696 verba

2161 1732 2272 1800 ejus
2296 1747 2394 1784 non
2421 1731 2722 1800 audiuntur(
2747 1729 2916 1784 Eccle.
2939 1731 2993 1785 9.
3019 1731 3130 1802 16).
3173 1731 3451 1803 Loquutus
3479 1745 3563 1789 est
3585 1735 3748 1804 dives,

2163 1832 2218 1877 et
2245 1837 2366 1877 eum
2395 1821 2618 1891 pulchre
2643 1836 2704 1875 ac
2729 1832 2874 1877 reete
2899 1822 3097 1877 dixisse
3119 1823 3265 1878 aiunt
3289 1839 3306 1890 ;
3339 1839 3544 1896 pauper
3570 1827 3750 1898 loquu-

2155 1923 2240 1968 tus
2273 1923 2352 1967 est
2372 1953 2387 1979 ,
2415 1921 2597 1969 etnon
2618 1921 2700 1967 est
2722 1912 2877 1968 datus
2898 1914 2950 1968 ei
2982 1913 3166 1980 locus(
3190 1914 3354 1971 Eccli.
3399 1917 3486 1971 15.
3517 1917 3606 1971 2'1.
3637 1918 3746 1988 28).

2156 2010 2223 2060 At
2266 2021 2369 2061 non
2411 2005 2517 2060 hic.
2558 2005 2741 2076 Neque
2766 2007 2908 2060 enim
2941 2007 2992 2061 in
3020 2005 3119 2062 hac
3145 2008 3385 2064 Ecclesia
3411 2025 3475 2066 ac
3502 2013 3751 2068 concione

2153 2099 2371 2152 stultam
2433 2097 2578 2152 illam
2629 2097 2976 2153 ambitionem
3030 2098 3354 2170 honorisque
3409 2103 3746 2173 cupiditatem

2157 2189 2330 2259 patior
2350 2231 2364 2256 ,
2399 2189 2492 2244 sed
2518 2203 2856 2243 communem
2887 2190 3136 2246 omnibus
3164 2191 3466 2248 doctrinam
3492 2210 3744 2267 propono.

2158 2281 2286 2337 Vide
2329 2281 2566 2337 doctoris
2595 2281 2955 2353 prudentiam,
2983 2282 3252 2351 quomodo
3281 2285 3443 2339 etiam
3475 2295 3747 2357 antequam

2153 2371 2369 2443 incip‘at
2396 2373 2710 2427 concionem
2738 2413 2752 2438 ,
2781 2388 2846 2427 ex
2878 2372 2990 2442 ipsa
3027 2373 3143 2428 sola
3163 2374 3447 2431 vocatione
3469 2377 3747 2434 maximum

2151 2466 2409 2520 doctrinae
2430 2465 2701 2520 decretum
2731 2465 3031 2535 protulerit.
3078 2465 3177 2536 Qui
3203 2467 3347 2520 enim
3380 2483 3569 2525 omnes
3595 2471 3742 2525 simul

2153 2557 2399 2624 vocavit,
2452 2572 2624 2627 neque
2655 2557 2802 2610 illum
2853 2556 2976 2610 sivit
3020 2559 3379 2614 intumescere
3406 2599 3420 2626 ,
3473 2575 3570 2615 nec
3615 2561 3747 2617 hunc

2153 2649 2311 2702 vilem
2355 2657 2408 2703 et
2447 2649 2712 2718 abjectum
2741 2663 2894 2715 esse,
2929 2647 3024 2702 sed
3071 2649 3346 2716 ostendit,
3397 2666 3499 2706 nec
3541 2652 3744 2708 divitias

2151 2753 2270 2794 esse
2306 2741 2499 2794 bonum
2525 2781 2539 2806 ,
2570 2740 2707 2794 sicut
2749 2753 2848 2794 nec
2891 2747 3255 2809 paupertatem
3285 2742 3524 2808 malum,
3569 2742 3660 2798 sed
3687 2759 3742 2796 ca

2152 2848 2272 2888 esse
2301 2849 2698 2904 supervacanea
2725 2843 2779 2888 et
2803 2842 3043 2890 externa.
3072 2833 3248 2902 Quare
3275 2834 3412 2889 nihil
3441 2851 3561 2891 mea
3582 2833 3741 2892 refert

2149 2941 2216 2979 an
2245 2925 2345 2979 hoc
2373 2925 2446 2980 sis
2471 2966 2485 2990 ,
2517 2926 2600 2980 vel
2639 2924 2769 2979 illud
2804 2943 2816 2978 :
2847 2940 3020 2995 neque
3049 2927 3192 2980 enim
3223 2927 3265 2981 si
3294 2927 3370 2982 sis
3398 2928 3569 2996 dives,
3595 2927 3743 2984 video

2152 3017 2249 3074 tibi
2279 3017 2479 3088 aliquid
2522 3018 2815 3084 accedere;
2844 3033 2944 3073 nec
2983 3018 3027 3074 si
3071 3021 3145 3072 sis
3191 3034 3430 3089 panper,
3471 3021 3739 3076 decedere.

2157 3111 2261 3165 Sed
2291 3110 2424 3165 forte
2452 3110 2648 3166 dixerit
2688 3111 2880 3181 aliquis
2911 3130 2924 3166 :
2957 3111 3022 3166 Et
3049 3126 3146 3166 cur
3168 3127 3288 3166 cum
3315 3112 3480 3167 homo
3504 3116 3576 3168 sis
3603 3113 3740 3183 ejus-

2147 3203 2376 3274 demque
2420 3213 2624 3257 uatura:
2668 3203 2976 3274 particeps,
3027 3205 3252 3273 teipsum
3293 3207 3429 3260 tanti
3478 3205 3642 3272 facis,
3688 3217 3741 3259 ut

2150 3307 2302 3366 putes
2335 3305 2385 3351 te
2415 3311 2534 3351 esse
2562 3295 2814 3350 idoneum
2839 3296 2985 3350 orbis
3026 3305 3286 3351 terrarum
3316 3300 3664 3370 magistrum,
3689 3307 3740 3353 et

2147 3404 2240 3443 eos
2262 3389 2348 3456 qui
2377 3397 2501 3443 sunt
2526 3389 2577 3442 in
2605 3390 2861 3443 extremis
2896 3389 3090 3444 finibus
3115 3390 3262 3444 orbis
3285 3405 3554 3446 convoces
3574 3392 3596 3445 ?
3618 3391 3738 3461 quid

2150 3491 2302 3552 potes
2331 3481 2511 3536 dicere
2542 3481 2683 3552 quod
2706 3483 2776 3536 sit
2797 3491 2944 3537 tanto
2967 3481 3186 3553 dignum
3215 3483 3427 3540 theatro
3449 3484 3472 3538 ?
3496 3485 3733 3548 Possum,

2147 3575 2337 3642 inquit.
2388 3575 2675 3643 Postquam
2703 3575 2844 3628 enim
2887 3576 3102 3635 vocavit
3124 3576 3311 3630 orbem
3343 3584 3536 3644 terrae,
3567 3575 3734 3632 credi-

2147 3667 2307 3721 bilem
2352 3681 2414 3721 ac
2456 3665 2560 3721 fide
2589 3665 2801 3736 dignam
2833 3665 3063 3721 reddens
3093 3667 3392 3731 orationem
3418 3709 3433 3734 ,
3465 3668 3586 3722 audi
3615 3666 3732 3736 quid

2143 3759 2285 3814 dicat
2312 3777 2324 3814 :
2354 3771 2408 3814 4.
2462 3758 2532 3813 0s
2555 3775 2719 3813 meum
2765 3757 2994 3830 loquetur
3036 3760 3334 3829 sapientiora
3363 3802 3377 3824 ,
3410 3771 3456 3815 et
3487 3760 3732 3814 meditatio

2140 3852 2306 3905 cordis
2337 3851 2432 3904 mei
2457 3851 2796 3921 prudentiam.
2829 3850 2979 3904 Alius
3001 3890 3016 3916 ,
3047 3848 3111 3902 Et
3137 3850 3423 3904 cantillabit
3452 3867 3538 3906 cor
3562 3865 3719 3904 meum

2141 3945 2484 4018 prudentiam.
2517 3945 2773 4001 Hebraeus
2799 3956 2977 3999 autem
3009 3945 3110 4000 hoc
3147 3945 3280 4000 dixit
3308 3944 3546 4016 Ovaqith.
3580 3945 3729 4016 Vides

2139 4036 2410 4107 quomodo
2454 4036 2632 4092 statim
2674 4036 2858 4091 extulit
2885 4037 3203 4091 orationem.
3253 4035 3372 4091 Non
3407 4039 3614 4103 dicam,
3647 4038 3727 4091 in-

2138 4130 2272 4198 quit,
2303 4128 2371 4182 de
2393 4129 2651 4199 pecuniis,
2681 4143 2789 4183 non
2818 4129 2885 4183 de
2913 4128 3275 4198 dignitatibus,
3309 4145 3418 4184 non
3445 4129 3514 4185 de
3541 4139 3723 4201 poten-

2137 4224 2206 4276 tia
2229 4262 2244 4288 ,
2275 4237 2380 4277 non
2424 4221 2493 4276 de
2530 4221 2726 4278 robore
2766 4224 3042 4293 corporis,
3072 4239 3176 4278 non
3216 4223 3284 4278 de
3323 4225 3500 4295 aliqua
3529 4224 3627 4279 alia
3671 4238 3724 4278 re

2135 4315 2276 4370 fluxa
2313 4333 2326 4370 :
2360 4315 2427 4370 de
2456 4315 2716 4385 sapit-mia
2767 4331 2884 4371 sum
2926 4325 3114 4372 exacte
3156 4316 3414 4383 dicturus,
3461 4334 3580 4389 qua:
3622 4332 3720 4372 non

2135 4418 2336 4464 temere
2383 4409 2514 4463 mihi
2562 4410 2787 4465 accessit
2829 4425 2894 4465 ex
2943 4419 3205 4479 tempore.
3251 4410 3306 4465 5.
3363 4409 3629 4465 Inclinabo
3672 4411 3720 4462 in

2134 4501 2427 4572 parabolam
2467 4518 2638 4556 aurem
2682 4518 2863 4556 meam.
2909 4503 3057 4558 Alius
3083 4544 3097 4568 ,
3153 4501 3423 4558 Inclinabo
3468 4503 3717 4574 parabole:

2131 4609 2304 4647 aurem
2345 4610 2528 4647 meam.
2585 4593 2838 4648 llebrteus
2887 4593 3054 4659 dicit,
3102 4592 3343 4649 Lamnsal
3392 4596 3626 4666 Aperiunt
3667 4594 3716 4646 in

2131 4685 2369 4754 psalterio
2399 4686 2652 4757 problema
2691 4703 2875 4739 meum.
2908 4687 3077 4751 Alius,
3116 4685 3365 4758 AEnigma
3405 4705 3588 4741 meum.
3609 4683 3713 4739 He-

2130 4779 2305 4832 brmus
2347 4788 2524 4832 autem
2551 4820 2566 4844 ,
2597 4777 2793 4832 Idathi.
2843 4780 2909 4833 Et
2935 4778 3203 4848 quomodo
3247 4789 3372 4834 sunt
3413 4780 3528 4834 huic
3559 4792 3709 4846 supra

2129 4869 2286 4924 dictis
2323 4870 2748 4940 consequentia?
2776 4871 2878 4925 Pro
2921 4871 3144 4926 doctore
3183 4871 3325 4926 enim
3378 4886 3521 4925 nunc
3564 4868 3712 4922 vidco

2127 4962 2448 5016 auditorem.
2493 4961 2602 5016 Nos
2629 4963 2773 5017 enim
2800 4963 2999 5018 vocasti
3042 4971 3313 5032 tamquam
3353 4960 3549 5033 aliquid
3588 4957 3706 5014 boni

2126 5062 2182 5108 et
2207 5053 2351 5108 utilis
2379 5053 2688 5120 audituros;
2719 5062 2997 5123 postquam
3024 5064 3200 5108 autem
3231 5069 3416 5109 omnes
3445 5052 3634 5107 adsunt
3656 5058 3708 5104 ct

2126 5153 2514 5214 convenerunt,
2571 5154 2625 5201 et
2679 5155 2730 5200 te
2783 5145 2981 5216 aliquid
3033 5145 3250 5200 doctum
3294 5153 3349 5200 ct
3393 5142 3701 5214 prazclarum

2122 5239 2389 5293 dicturum
2435 5253 2493 5294 es
2524 5237 2810 5308 pollicitus,
2840 5238 2971 5291 nihil
3004 5237 3178 5292 adhuc
3209 5240 3456 5307 loquutus
3477 5278 3492 5301 ,
3524 5234 3702 5290 relicto

2123 5330 2242 5385 loco
2287 5331 2560 5395 doctoris,
2611 5319 2870 5384 auditoris
2923 5338 3100 5399 partes
3147 5329 3392 5398 suscipis.
3443 5323 3698 5379 Inclinabo

2122 5425 2263 5478 enim
2285 5467 2301 5491 ,
2333 5425 2532 5494 inquit,
2565 5424 2617 5476 in
2646 5421 2939 5493 parabolam
2968 5439 3140 5475 aurem
3172 5437 3352 5474 meam.
3390 5420 3564 5486 Quare
3605 5414 3700 5468 hoc

2123 5517 2283 5572 facit?
2309 5516 2479 5572 Valde
2500 5515 2812 5585 prudenter,
2839 5523 2892 5568 ct
2916 5523 3309 5583 consequenter
3338 5512 3401 5566 iis
3431 5523 3546 5579 qua:
3567 5505 3698 5560 dicta

2119 5619 2260 5664 sunt.
2308 5609 2568 5676 Quoniam
2615 5607 2757 5662 enim
2786 5606 2959 5672 dixit,
2995 5605 3204 5675 Loquar
3239 5603 3547 5674 sapientiam
3569 5639 3582 5663 ,
3636 5607 3699 5647 ne

2119 5702 2236 5770 quis
2257 5702 2588 5756 existimaret
2611 5713 2728 5752 esse
2758 5699 3045 5752 humanum
3071 5697 3210 5767 quod
3233 5695 3441 5756 dicitur,
3467 5701 3520 5744 ct
3539 5684 3694 5742 medi-

2115 5797 2368 5850 tationem
2402 5791 2578 5849 cordis
2598 5831 2612 5860 ,
2644 5807 2710 5847 ne
2736 5789 2953 5847 haberet
2979 5800 3278 5859 suspectam
3306 5789 3416 5858 ejus
3444 5778 3690 5839 inventiu-
