4064 6420
355 303 469 364 2Ξ5

357 419 579 490 λέγεται
623 417 847 488 κυρίως,
877 416 1004 472 ὅταν
1048 434 1132 483 τις
1164 411 1257 478 οῦς
1302 413 1439 483 πρὸς
1468 408 1562 477 οὖς
1602 411 1938 481 διαλέγηται,

360 518 658 574 συντείνων
682 534 741 571 τε
778 517 989 580 ἑαυτὸν,
1026 515 1121 570 καὶ
1147 515 1352 567 ἐκεῖνον
1385 509 1622 565 κελεύων
1656 507 1942 582 προσέχειν

356 619 474 682 τοῖς
514 614 849 687 λεγομένοις.
902 613 1303 669 Ἐνωτίσασθε
1326 651 1341 676 ,
1382 607 1603 674 πάντες
1646 608 1699 660 οί
1743 620 1942 657 κατοι-

356 715 616 779 κοῦντες
639 712 758 781 τὴν
777 710 1156 780 οἰκουμένην.
1178 706 1290 762 Καὶ
1318 707 1372 761 εί
1396 721 1540 768 τινες
1573 702 1674 756 οὐκ
1702 701 1783 763 είς
1812 698 1939 768 ἔθνη

355 809 772 878 καταλέγονται,
799 808 913 863 ἀλλ’
944 807 1049 861 είσλ⁵
1075 805 1317 878 μιγάδες,
1350 802 1383 875 ἢ
1412 800 1639 872 νομάδες
1676 798 1909 865 διεσπαρ
1926 824 1940 834 -

359 906 539 978 μένοι,
571 906 665 961 καὶ
689 905 913 970 τούτους
938 904 1033 958 ἐπὶ
1071 904 1172 974 τὴν
1205 900 1468 975 ἀκρόασιν
1503 896 1675 952 καλῶ.
1706 894 1818 948 Καὶ
1843 892 1941 945 θέα

358 1001 576 1056 σύνεσιν
601 1000 914 1073 δημηγόρου
946 1010 996 1053 ³.
1019 999 1241 1071 Πρῶτον
1278 995 1455 1050 αὐτῶν
1481 991 1800 1061 διανέστησε
1841 987 1942 1059 τὴν

353 1097 616 1164 διάνοιαν,
644 1097 739 1151 καὶ
771 1094 1079 1168 μετεώρους
1108 1093 1332 1163 ἐποίησε
1363 1089 1498 1161 πρὸς
1529 1087 1627 1159 τὴν
1654 1085 1939 1158 ἀκρόασιν,

355 1193 440 1266 τῷ
478 1192 681 1258 πάντας
703 1192 900 1265 ἀθρόον
927 1192 1173 1246 καλέσαι.
1196 1185 1329 1244 Εἶτα
1358 1187 1611 1251 καλέσας,
1640 1181 1941 1239 καταστέλ-

356 1290 443 1345 λει
470 1291 562 1345 τὸν
602 1290 769 1361 τῦφον
802 1289 1004 1356 αὐτῶν,
1049 1288 1135 1344 ἵνα
1171 1287 1246 1360 μὴ
1286 1285 1367 1358 τῷ
1398 1283 1592 1355 πλήθει
1627 1282 1763 1353 πρὸς
1801 1280 1941 1335 ἀπό-

358 1417 513 1456 νοιαν
561 1395 845 1469 αἴρωνται.
896 1394 1166 1449 Τοιούτων
1211 1392 1320 1465 γὰρ
1372 1390 1607 1464 μάλιστα
1655 1387 1941 1461 ἀκροατῶν

357 1497 543 1570 χρεία,
572 1495 701 1548 ὅταν
741 1491 1004 1563 φιλόσοφά
1028 1508 1113 1554 τις
1146 1489 1314 1563 μέλλῃ
1344 1484 1675 1558 φθέγγεσθαι
1704 1486 1940 1555 ῥήματα,

362 1589 835 1663 συντετριμμένων
855 1630 870 1654 ,
910 1589 1005 1642 καὶ
1041 1584 1521 1657 κατεσταλμένων,
1557 1580 1825 1645 ἀπονοίας
1851 1581 1946 1634 καὶ

361 1691 679 1762 φυσήματος
700 1685 1156 1759 ἀπηλλαγμένων.
1176 1682 1301 1747 Πῶς
1321 1679 1413 1737 οὖν
1433 1679 1614 1736 αὐτῶν
1634 1677 1945 1734 κατέστειλε

358 1787 463 1860 τὴν
498 1786 772 1851 διάνοιαν;
810 1783 1154 1855 ’Δναμνήσας
1178 1782 1279 1853 τῆς
1320 1779 1556 1851 φύσεως.
1586 1776 1773 1833 Εἰπὼν
1811 1776 1944 1847 γὰρ,

332 1882 547 1949 Ἔθνη,
581 1881 886 1951 ἐπήγαγεν
921 1880 990 1933 Οἵ
1028 1897 1093 1934 τε
1133 1878 1413 1950 γηγενεῖς
1440 1881 1540 1938 καί
1569 1886 1625 1939 οί
1663 1882 1783 1939 υἱοί
1813 1884 1937 1940 τῶν

332 1976 683 2047 ἀνθρώπων.
715 1972 851 2032 Εἷπε
878 1976 977 2050 τὴν
1004 1978 1214 2045 οὐσίαν,
1241 1979 1298 2047 ἐξ
1320 1975 1387 2054 ἧς
1421 1981 1454 2051 ἡ
1487 1980 1630 2053 ἀρχὴ
1660 1981 1761 2053 τῆς
1781 1984 1936 2054 γενέ-

337 2095 481 2141 σεως
515 2076 694 2148 ἡμῶν,
717 2075 989 2148 ἀνέμνησε
1013 2075 1113 2147 τῆς
1136 2077 1317 2149 κοινῆς
1355 2079 1615 2133 ἁπάντων
1641 2079 1798 2153 ἡμῶν
1825 2097 1934 2151 μη-

334 2172 485 2244 τρός.
505 2173 615 2226 Καὶ
630 2172 773 2236 τίνος
798 2173 984 2227 ἕνεκεν
1005 2168 1182 2241 εἶπεν,
1214 2177 1279 2229 Οἱ
1299 2174 1418 2230 υἱοὶ
1438 2172 1557 2229 τῶν
1579 2174 1907 2243 ἀνθρώπων
1920 2192 1939 2240 ;

339 2270 564 2341 Ἐπειδὴ
605 2265 749 2337 εἷπε,
794 2271 1119 2340 Γηγενεῖς,
1170 2272 1259 2328 ἵνα
1302 2273 1377 2345 μή
1424 2290 1508 2338 τις
1551 2273 1750 2347 νομίσῃ
1799 2274 1943 2327 κατά

337 2370 469 2434 τοὺς
500 2368 606 2437 ἔξω
651 2368 1001 2441 μυθολόγους,
1032 2370 1140 2424 ἀπὸ
1168 2371 1274 2443 γῆς
1319 2373 1379 2439 ἐξ
1412 2372 1590 2444 ἀρχῆς
1640 2371 1942 2442 βλαστῆσαι

336 2470 472 2533 τοὺς
503 2468 841 2543 ἀνθρώπους,
864 2470 1117 2543 καθάπερ
1141 2471 1286 2536 τινὲς
1304 2471 1738 2543 ἐμυθολόγησαν,
1770 2489 1944 2542 σπαρ-

339 2565 477 2631 τούς
522 2584 675 2632 τινας
714 2567 1124 2638 ἐπεισάγοντες,
1175 2568 1266 2623 διά
1311 2568 1472 2624 τοῦτο
1521 2571 1831 2641 ἐπήγαγεν·
1879 2571 1945 2623 Ol

342 2667 469 2724 υἱοὶ
503 2667 621 2722 τῶν
656 2665 1005 2736 ἀνθρώπων.
1030 2669 1276 2742 Πατέρες
1303 2669 1412 2741 γάρ
1440 2670 1569 2740 ὑμῖν
1605 2670 1744 2724 εἰσιν
1771 2670 1825 2723 οἱ
1854 2669 1947 2723 άν-

347 2769 596 2841 θρωποι,
630 2765 774 2840 ἀρχή
810 2766 867 2821 δὲ
911 2768 1040 2840 ὑμῖν
1077 2768 1352 2834 κάκείνοις
1396 2768 1660 2839 γενέσεως
1694 2771 1729 2841 ή
1755 2768 1850 2839 γῆ.
1889 2769 1949 2822 Τί

348 2865 536 2919 τοίνυν
570 2867 1081 2936 ὑπερηφανεωται
1113 2864 1190 2937 γῆ
1232 2866 1331 2920 καὶ
1366 2865 1635 2932 σποδός;
1665 2864 1950 2937 Ἐννόησόν

356 2975 450 3012 σου
482 2958 582 3029 τήν
610 2960 840 3031 μητέρα,
869 2959 963 3014 καὶ
986 2958 1338 3015 κατάστειλον
1360 2962 1452 3015 τὸν
1479 2960 1670 3031 τῦφον·
1705 2961 1953 3015 καταπά-

354 3068 525 3121 τησον
548 3052 609 3105 τὸ
632 3052 906 3124 φρόνημα·
932 3052 1210 3125 ἐννόησον,
1228 3055 1349 3108 Ὅτι
1372 3053 1449 3124 γῆ
1477 3050 1550 3119 εἷ,
1584 3053 1686 3107 καὶ
1714 3056 1803 3120 εἰς
1832 3053 1952 3123 γῆν

360 3144 698 3211 ἁπελεύσῃ,
724 3146 817 3199 καὶ
843 3146 1025 3199 πᾶσαν
1050 3145 1309 3201 ἀπόνοιαν
1331 3144 1550 3200 ἔκϐαλε.
1568 3145 1823 3200 Τοιούτου
1848 3144 1958 3217 γὰρ

369 3235 636 3306 ἀκροατοῦ
657 3236 866 3308 δέομαι.
893 3236 994 3291 Διά
1006 3236 1164 3293 τοῦτό
1184 3254 1245 3292 σε
1266 3238 1625 3309 περιστέλλω,
1652 3238 1739 3291 ἵνα
1760 3254 1818 3291 σε
1841 3240 1961 3291 ἐπι-

371 3328 580 3399 τήδειον
606 3328 757 3384 λάϐω
788 3329 924 3401 πρὸς
946 3329 1046 3401 τὴν
1071 3330 1179 3386 τῶν
1203 3330 1513 3400 λεγομένων
1537 3329 1958 3403 ύποδοχήν.Ἐπί

372 3421 441 3476 τὸ
456 3419 602 3475 αὑτό
622 3422 924 3488 πλούσιος
942 3422 1039 3476 καί
1055 3423 1263 3491 πένης.
1279 3417 1435 3485 Εἶδες
1456 3421 1781 3491 Ἐκκλησίας
1800 3419 1962 3492 εὐγέ-

365 3529 538 3569 νειαν.
557 3512 684 3577 Πῶς
708 3513 816 3584 γάρ
840 3512 940 3567 οὐκ
965 3512 1262 3581 εὐγένειαν,
1283 3513 1411 3566 ὅταν
1436 3513 1513 3585 μὴ
1540 3516 1651 3578 τοῖς
1676 3513 1951 3585 ἀξιώμασι

362 3611 583 3684 διείργῃ
609 3611 702 3664 τὸν
740 3609 1037 3683 ἀκροατὴν,
1067 3609 1181 3664 ἀλλ’
1209 3610 1268 3675 ἐξ
1304 3609 1420 3662 ίσου
1464 3609 1563 3681 τῆς
1605 3609 1952 3674 διδασκαλίας

359 3709 429 3764 τὸ
453 3710 561 3763 πᾶν
588 3708 909 3781 προχέηται,
932 3709 1027 3763 καὶ
1045 3707 1122 3780 τῷ
1146 3707 1384 3779 πλουσίῳ
1405 3708 1501 3762 καὶ
1522 3707 1600 3780 τῷ
1624 3708 1817 3779 πένητι
1841 3725 1955 3762 κοι-

360 3806 461 3876 νὴν
482 3806 697 3878 παρέχῃ
716 3806 817 3878 τὴν
829 3805 1139 3878 τράπεζαν;
1164 3805 1383 3878 Ἐπειδὴ
1398 3805 1507 3879 γὰρ
1523 3802 1645 3860 εῐπε
1663 3806 1724 3860 τὸ
1745 3806 1951 3872 πάντας

362 3900 544 3966 ἑνοῦν,
577 3900 638 3954 τὸ
678 3903 929 3972 γηγενεῖς
968 3895 1246 3968 είναι,καὶ
1284 3902 1436 3965 υἱοὺς
1489 3901 1598 3956 τῶν
1626 3901 1950 3974 ἀνθρώπων,

362 3998 539 4054 καὶτὸ
563 3998 742 4053 κοινὸν
767 3999 868 4070 τῆς
895 3998 1110 4069 φύσεως
1137 3998 1303 4067 ἔδειξε
1327 4017 1342 4033 ο
1365 4000 1488 4054 τότε
1518 4000 1613 4054 καὶ
1638 4000 1738 4072 τὴν
1759 4002 1824 4054 ἐκ
1846 4000 1954 4053 τῶν

365 4094 639 4166 βιωτικῶν
658 4093 921 4149 δοκοῦσαν
942 4094 1203 4167 διαφορὰν
1226 4091 1365 4149 εἶναι
1392 4095 1488 4151 καὶ
1512 4097 1830 4168 ἀνωμαλίαν
1849 4098 1955 4150 εἰσ-

363 4192 536 4256 άγων,
560 4191 653 4243 καὶ
676 4191 881 4263 ταύτην
902 4190 1156 4246 ἐκϐάλλει
1175 4191 1251 4263 τῷ
1271 4192 1435 4264 λόγῳ,
1456 4195 1611 4265 κοινῇ
1636 4194 1843 4258 πάντας
1864 4211 1955 4247 κα-

363 4279 473 4339 λῶν
502 4286 675 4357 (κοινὴ
704 4285 812 4360 γάρ
844 4286 1004 4359 ήμῶν
1032 4289 1066 4359 ή
1099 4286 1303 4359 φύσις),
1340 4292 1494 4360 κοινῇ
1527 4288 1735 4353 πάντας
1770 4287 1950 4343 καλῶ·

364 4383 520 4455 κοινὴ
550 4383 663 4456 γάρ
686 4382 844 4455 ήμῶν
870 4383 1023 4449 πόλις
1048 4387 1080 4456 ή
1109 4385 1422 4457 οίκουμένη.
1458 4386 1599 4439 Ἀλλ’
1620 4387 1953 4459 ἐπενοήσατέ

361 4495 488 4532 τινα
517 4478 779 4551 διαφορὰν
816 4479 923 4533 ἀπὸ
972 4479 1202 4533 πλούτου
1235 4481 1329 4534 καὶ
1368 4482 1581 4548 πενίας,
1607 4482 1703 4535 καί⁵
1728 4484 1953 4554 ἀνωμα-

363 4573 487 4629 λίαν
516 4575 860 4648 είσηγάγετε.
913 4565 1078 4629 Ἀλλά
1118 4574 1213 4629 xal
1247 4575 1450 4647 ταύτην
1484 4577 1731 4633 ἐκϐάλλω
1766 4579 1951 4645 πάλιν,

362 4673 487 4745 οὐχὶ
518 4673 808 4737 πλουσίους
839 4672 939 4743 μὲν
985 4674 1367 4745 προσιέμενος,
1398 4675 1636 4746 πένητας
1671 4677 1727 4730 δὲ
1754 4678 1955 4749 ἀτιμά-

365 4771 500 4836 ζων,
529 4769 650 4824 οὐδὲ
683 4770 921 4840 πένητας
969 4772 1066 4842 μὲν
1109 4770 1314 4839 καλῶν,
1349 4772 1638 4837 πλουσίους
1670 4772 1728 4826 δὲ
1760 4774 1956 4829 ἐκϐάλ-

362 4866 505 4931 λων,
549 4865 685 4921 ἀλλά
733 4867 828 4920 καὶ
876 4865 1098 4931 τούτους
1137 4867 1452 4936 κάκείνους,
1499 4869 1594 4923 καὶ
1638 4869 1737 4941 οὐχ
1766 4871 1954 4935 ἁπλῶς

361 4960 590 5025 τούτους
618 4960 773 5034 [205]
802 4962 1108 5028 κάκείνους,
1136 4964 1263 5028 τοὺς
1303 4964 1400 5034 μὲν
1429 4965 1698 5037 πρώτους,
1737 4969 1863 5031 τοὺς
1897 4967 1952 5021 δέ

363 5058 663 5131 ὑστέρους,
717 5058 752 5130 ἢ
793 5059 918 5125 τοὺς
961 5060 1060 5131 μὲν
1094 5061 1374 5131 ὑστέρους,
1404 5063 1533 5126 τοὺς
1574 5062 1631 5116 δὲ
1664 5064 1948 5136 πρώτουςο

361 5156 483 5212 ἀλλ’
510 5156 604 5210 ἐπὶ
640 5156 701 5211 τὸ
743 5156 895 5212 αὐτό.
946 5155 1134 5220 Κοινδς
1170 5159 1201 5211 ὁ
1230 5157 1487 5226 σύλλογος
1526 5159 1688 5227 ἔστω,
1718 5162 1896 5228 κοινὸς
1925 5163 1955 5215 ό

362 5255 545 5323 λόγος.
588 5255 684 5310 καὶ
722 5255 875 5327 κοινή
914 5258 948 5327 ή
978 5255 1262 5328 ἀκρόασις.
1311 5257 1432 5312 Κάν
1479 5257 1735 5321 πλούσιος
1770 5255 1859 5334 ᾗς,
1888 5262 1952 5315 ἐκ

359 5351 463 5408 τοῦ
486 5350 652 5405 αὑτοῦ
673 5352 906 5423 γέγονας
932 5352 1130 5425 πηλοῦ,
1152 5353 1251 5426 τὴν
1271 5354 1442 5427 αὐτὴν
1464 5355 1668 5410 εἴσοδον
1697 5356 1853 5428 ἔσχες
1875 5357 1955 5429 τῷ

358 5446 585 5521 πένητι,
625 5447 724 5520 τὴν
758 5448 927 5521 αὐτὴν
958 5449 1194 5519 γένεσιν.
1243 5452 1353 5505 Kal
1388 5452 1453 5506 σὺ
1484 5451 1773 5524 ἀνθρώπου
1816 5454 1950 5522 υίὸς,

362 5545 646 5608 κάκεῖνος.

314 5738 327 5743 “
426 5734 454 5764 ⁸
477 5732 594 5783 Cod.
623 5734 716 5785 655
734 5736 923 5788 σύνεσιν
954 5737 1236 5803 συνηγόρου,
1262 5739 1439 5803 μᾶλλον
1458 5740 1507 5791 δέ
1532 5740 1821 5806 δημηγόρου.

1418 291 1782 353 EXPOSITIO
1819 290 1887 349 IN
1925 290 2260 350 PSALMUM
2293 293 2528 352 XLVIII.

3524 306 3630 359 22.1

2120 410 2184 480 β’.
2209 410 2378 465 Ὅταν
2393 412 2572 467 τοίνυν
2588 414 2655 467 τά
2690 417 2881 488 καίρια
2910 419 3005 473 καὶ
3034 419 3201 491 κύρια
3222 420 3313 474 ἴσα
3330 417 3508 497 ύμτνῇ
3538 424 3633 474 καὶ

2042 507 2301 578 δμότιμα,
2338 509 2390 561 τί
2425 509 2513 563 διὰ
2546 509 2645 574 τὰς
2672 514 2830 578 σκιὰς
2862 516 2958 568 καὶ
2984 517 3242 588 ὀνείρατα
3274 516 3500 571 σεαυτὸν
3532 534 3631 585 φυ-

2044 605 2165 675 σᾷς,
2207 608 2272 658 ἐκ
2296 605 2405 660 τῶν
2432 607 2583 660 οὐδὲν
2613 609 2781 662 όντων
2805 612 2870 666 τὰ
2896 613 3048 666 κοινά
3076 613 3303 685 διαιρῶν
3332 630 3347 676 ;
3379 612 3550 667 Κοινὰ
3564 618 3631 665 τὰ

2041 701 2141 771 τῆς
2165 702 2403 770 φύσεως,
2453 704 2609 759 κοινά
2637 708 2705 761 τά
2736 708 2836 777 τῆς
2880 710 3166 776 γενέσεως,
3196 710 3264 764 τὰ
3293 710 3395 779 τῆς
3418 708 3615 764 οἰκειώ

2045 814 2202 861 σεως.
2245 798 2310 850 Τί
2356 799 2535 854 τοίνυν
2573 801 2670 874 τὴν
2722 803 2920 869 ἔξωθεν
2972 805 3267 877 περιϐολὴν
3313 807 3630 876 ἐπεισάγεις

2042 894 2123 957 είς
2148 896 2466 969 διαιρέσεως
2507 901 2807 972 ἀφορμήν;
2849 903 2963 955 Οὐκ
3001 902 3288 972 ἀνέχομαι.
3342 903 3437 957 Διά
3470 903 3629 957 τοῦτο

2043 990 2194 1045 καλῶ
2231 1009 2290 1045 σε
2323 995 2461 1065 μετά
2505 995 2598 1049 τοῦ
2647 996 2900 1069 πένητος,
2941 998 3151 1067 λέγων·
3195 1001 3327 1053 Ἐπὶ
3372 1000 3437 1055 τὸ
3479 1003 3628 1056 αὐτὸ

2044 1091 2341 1156 πλούσιος
2370 1092 2469 1146 καὶ
2499 1093 2710 1161 πένης.
2780 1095 2868 1148 Ἐν
2904 1096 3002 1167 μὲν
3034 1096 3142 1169 γὰρ
3171 1100 3284 1160 τοῖς
3319 1097 3496 1160 ἀλλοις
3524 1098 3626 1150 οὐκ

2043 1187 2190 1242 ἔστιν
2221 1189 2347 1242 ἰδεῖν
2373 1190 2465 1244 ἐπὶ
2486 1190 2546 1244 τὸ
2569 1192 2698 1246 αὐτὸ
2724 1193 2976 1247 πλούσιον
3007 1196 3102 1248 καὶ
3128 1195 3335 1266 πένητα
3362 1213 3375 1225 ο
3424 1196 3523 1249 οὐκ
3566 1198 3625 1248 ἐν

2044 1284 2440 1356 δικαστηρίοις,
2482 1287 2582 1340 οὐκ
2616 1290 2674 1342 ἐν
2705 1287 3013 1359 βασιλικαῖς
3047 1290 3259 1357 αὐλαῖς,
3299 1292 3399 1371 οὐκ
3421 1292 3476 1344 ἐν
3499 1292 3626 1360 ἀγο-

2047 1383 2191 1452 ραῖς,
2221 1382 2321 1435 οὐκ
2350 1383 2408 1436 ὲν
2436 1384 2738 1454 τραπέζαις
2761 1401 2777 1417 ⁸
2826 1386 2963 1441 ἀλλά
2992 1387 3084 1441 τὸν
3116 1388 3215 1458 μὲν
3262 1389 3321 1441 ἐν
3344 1391 3500 1460 τιμῇ,
3539 1387 3628 1440 τὸν

2043 1473 2101 1527 δὲ
2130 1476 2189 1528 ἐν
2214 1477 2622 1549 καταφρονήσει
2650 1494 2663 1507 ·
2689 1477 2781 1532 τὸν
2806 1478 2905 1550 μὲν
2939 1480 2997 1533 ἐν
3025 1481 3328 1553 παρρησίᾳ,
3361 1480 3454 1534 τὸν
3486 1479 3540 1532 δὲ
3570 1482 3629 1532 ἐν

2046 1572 2275 1644 αἰσχύνῃ
2295 1589 2309 1604 ο
2342 1572 2380 1641 ή
2405 1572 2514 1644 γὰρ
2535 1576 2724 1644 σοφία
2749 1576 2855 1631 τοῦ
2877 1576 3138 1647 πένητος
3161 1578 3627 1647 ἐξουθενημένη.

2045 1670 2145 1724 καὶ
2173 1672 2228 1725 οἱ
2260 1670 2431 1740 λόγοι
2466 1672 2654 1726 αὑτοῦ
2692 1674 2804 1727 οὐκ
2846 1675 3320 1745 εὶσακουόμενοι.
3369 1676 3629 1745 Ἐλάλησε

2048 1766 2323 1832 πλούσιος,
2374 1767 2471 1823 καὶ
2518 1768 2844 1825 ἐδικαίωσαν
2887 1772 3078 1826 αὐτόν’
3122 1772 3339 1845 πτωχὸς
3377 1774 3630 1846 ἐλάλησε,

2047 1865 2140 1918 καὶ
2167 1866 2269 1919 οὐκ
2292 1863 2449 1935 ἐδόθη
2495 1865 2644 1937 αὐτῷ
2675 1866 2860 1930 τόπος.
2922 1868 3064 1922 Ἀλλ’
3086 1870 3186 1923 οὐκ
3215 1870 3472 1926 ἐνταῦθα.
3497 1872 3631 1927 Οὐδὲ

2045 1961 2153 2034 γὰρ
2188 1962 2280 2015 ἐπὶ
2326 1962 2426 2033 τῆς
2478 1963 2805 2033 Ἐκκλησίας
2849 1965 3117 2037 ἀνέχομαι
3166 1967 3269 2037 τῆς
3315 1968 3632 2036 πλεονεξίας

2047 2059 2141 2112 καὶ
2173 2057 2274 2127 τῆς
2320 2057 2565 2127 ἀλογίας,
2593 2060 2731 2113 ἀλλά
2768 2061 2954 2133 κοινὴν
2999 2062 3170 2117 ἀπασι
3202 2066 3501 2137 προτίθημι
3531 2067 3633 2136 τὴν

2046 2154 2414 2209 διδασκαλίαν.
2443 2155 2583 2226 Ὅρα
2612 2157 2830 2210 σύνεσιν
2857 2158 3205 2222 διδασκάλου,
3240 2164 3358 2226 πῶς
3379 2166 3473 2217 καὶ
3502 2165 3632 2235 πρὶν

2047 2250 2079 2321 ἢ
2115 2251 2214 2321 τῆς
2248 2250 2593 2323 δημηγορίας
2631 2251 2924 2324 ἄρξασθαι,
2967 2255 3075 2309 ἀπὸ
3114 2259 3212 2328 τῆς
3245 2258 3493 2328 κλήσεως
3532 2260 3627 2330 μό-

2046 2366 2145 2420 νης
2176 2348 2433 2421 μέγιστον
2459 2351 2582 2420 ὅρον
2607 2349 2957 2414 διδασκαλίας
2982 2351 3294 2424 ἐξήνεγκεν.
3334 2354 3501 2426 Ὁμοῦ
3524 2357 3633 2429 γάρ

2048 2445 2261 2510 πάντας
2310 2446 2580 2511 καλέσας,
2626 2445 2751 2499 οὗτε
2803 2448 3011 2501 ἐκεῖνον
3064 2449 3243 2520 ἀφῆκε
3302 2452 3634 2524 φυσηθῆναι,

2048 2540 2173 2595 οὕτε
2203 2539 2393 2595 τοῦτον
2426 2540 2878 2607 ὲξευτελίζεσθαι,
2920 2543 3040 2597 ἀλλ’
3094 2544 3315 2611 ἔδειξεν,
3342 2547 3423 2600 ὅτι
3450 2548 3569 2600 ούδέ
3605 2550 3637 2602 ὁ

2050 2633 2280 2699 πλοῦτος
2308 2634 2495 2691 καλὸν.
2529 2632 2719 2705 ὥσπερ
2748 2636 2869 2688 οὐδὲ
2899 2638 2932 2707 ὴ
2959 2636 3117 2691 πενία
3147 2639 3338 2705 κακὸν,
3369 2639 3508 2693 ἀλλά
3528 2642 3637 2693 τῶν

2051 2725 2324 2798 περιττῶν
2359 2728 2495 2793 ἐστι,
2532 2725 2627 2778 καὶ
2657 2725 2857 2790 ἔξωθεν
2895 2730 3330 2799 προσκειμένων.
3366 2730 3525 2783 Ὥστε
3542 2733 3636 2784 ού-

2050 2822 2137 2876 δέν
2179 2840 2269 2894 μοι
2311 2822 2576 2894 διαφέρει,
2634 2822 2736 2877 κᾶν
2768 2822 2927 2876 τοῦτο
2960 2820 3046 2895 ᾗς,
3109 2826 3212 2880 κᾶν
3248 2828 3456 2879 ἐκεῖνοο
3515 2826 3638 2881 οὔτε

2050 2918 2161 2991 γάρ
2191 2918 2449 2973 πλούσιον
2489 2918 2602 2990 ὁρῶ
2640 2936 2699 2972 σε
2732 2919 2864 2974 ὅντα
2894 2921 3054 2975 πλέον
3084 2920 3247 2992 ἔχειν,
3276 2920 3398 2975 οὔτε
3428 2922 3641 2994 πένητα

2051 3014 2291 3069 ἔλαττον.
2334 3013 2475 3066 Ἀλλ’
2504 3013 2635 3077 ἴσως
2666 3013 2813 3066 είποι
2845 3032 2929 3077 τις
2961 3014 3056 3068 ἀν’
3082 3016 3194 3069 Καὶ
3228 3016 3281 3069 τί
3314 3016 3515 3088 δήποτε
3546 3020 3639 3072 ἄν·

2053 3112 2270 3186 θρωπος
2308 3110 2407 3177 ὢν,
2438 3110 2533 3165 καὶ
2558 3111 2658 3181 τῆς
2684 3111 2858 3181 αὐτῆς
2899 3112 3140 3183 μετέχων
3181 3112 3418 3183 φύσεως,
3446 3117 3640 3170 τοσού-

2050 3226 2146 3263 του
2183 3207 2380 3262 σαυτὺν
2418 3205 2612 3272 ἀξιοῖς,
2646 3206 2723 3271 ὡς
2755 3207 2998 3278 νομίζειν
3035 3208 3135 3280 τῆς
3168 3211 3496 3283 οἰκουμένης
3522 3216 3645 3266 ἐπι-

2051 3305 2261 3377 τήδειον
2294 3299 2435 3360 εἶναι
2479 3302 2735 3374 γενέσθαι
2767 3302 3110 3370 διδάσκαλον,
3144 3306 3239 3359 καὶ
3280 3308 3407 3370 τοὺς
3443 3309 3508 3361 ὲκ
3536 3308 3643 3362 τῶν

2051 3402 2344 3476 τερμάτων
2390 3402 2490 3473 τῆς
2541 3405 2646 3474 γῆς
2691 3401 3013 3470 συγκαλεῖν;
3073 3402 3128 3456 τί
3174 3401 3270 3457 τοῦ
3319 3404 3644 3477 τηλικούτου

2054 3496 2284 3570 θεάτρου
2315 3494 2465 3563 ἀξιον
2491 3497 2630 3568 ἔχων
2660 3498 2865 3565 είπεϊν;
2894 3496 3024 3563 Nal,
3056 3498 3240 3569 φησίν.
3282 3499 3502 3574 Ἐπειδὴ
3535 3503 3645 3574 γὰρ

2055 3593 2282 3648 ἐκάλεσε
2307 3595 2405 3667 τὴν
2434 3593 2782 3665 οἰκουμένην,
2808 3594 2978 3649 ποιῶν
3004 3592 3318 3660 ἀξιόπιστον
3345 3598 3436 3651 τὸν
3463 3598 3644 3669 λόγον.

2053 3690 2287 3745 ἄκουσον
2317 3689 2372 3744 τί
2400 3690 2579 3759 λέγει·
2620 3692 2692 3745 Τὸ
2724 3690 2921 3759 στόμα
2945 3707 3067 3759 μου
3095 3692 3360 3761 λαλήσει
3392 3697 3641 3765 σοφίαν,

2055 3785 2155 3839 καὶ
2180 3785 2219 3852 ἡ
2251 3787 2477 3855 μελέτη
2525 3784 2636 3853 τῆς
2661 3783 2910 3853 καρδίας
2935 3801 3056 3854 μου
3083 3786 3365 3842 σύνεσιν.
3423 3789 3641 3854 Ἄλλος,

2055 3880 2167 3936 Kal
2218 3883 2526 3951 μινυρίσει
2556 3882 2585 3922 1ο
2633 3883 2672 3949 ἡ
2720 3881 2935 3950 καρδία
2971 3898 3093 3952 μου
3137 3883 3417 3941 σύνεσιν.
3480 3886 3538 3942 Ὀ
3584 3889 3644 3943 δέ

2066 3974 2317 4047 Ἐϐραῖος
2341 3975 2562 4044 Οὐατὶθ
2594 3972 2754 4027 τοῦτο
2780 3969 2953 4029 εἷπεν.
2987 3971 3141 4039 Εἶδες
3171 3976 3290 4040 πῶς
3318 3977 3522 4045 εὐθέως
3551 3980 3647 4035 ἀν-

2055 4067 2227 4139 ήγαγε
2251 4066 2344 4119 τὸν
2374 4065 2567 4135 λόγον;
2600 4065 2675 4118 Οὐ
2707 4066 2836 4137 περὶ
2858 4083 2961 4138 χρη
2972 4068 3157 4137 μάτων
3181 4067 3517 4141 διαλέξομαι,
3543 4090 3648 4143 φη-

2060 4153 2169 4216 σὶν,
2202 4152 2263 4205 οὐ
2309 4152 2440 4223 περὶ
2485 4149 2836 4221 ἀξιωμάτων,
2886 4152 2946 4205 οὐ
2981 4153 3113 4224 περὶ
3139 4153 3462 4221 δυναστείας
3493 4155 3644 4229 [206]

2053 4246 2114 4298 ού
2152 4244 2282 4317 περὶ
2323 4243 2517 4316 ῥώμης
2559 4242 2838 4315 σώματος,
2887 4246 2951 4300 οὐ
2997 4247 3127 4318 περὶ
3155 4247 3317 4302 ἄλλου
3365 4249 3513 4313 τινὸς
3536 4250 3647 4305 τῶν

2055 4338 2339 4408 ἐπικήρων
2361 4352 2375 4366 ⁸
2410 4337 2603 4407 σοφίαν
2633 4336 2810 4407 μέλλω
2834 4336 3015 4407 λέγειν
3046 4338 3185 4409 μετά
3206 4339 3515 4410 ἀκριϐείας,
3545 4343 3645 4412 οὐχ

2057 4430 2241 4495 ἁπλῶς
2270 4431 2336 4483 ὲκ
2382 4429 2476 4482 τοῦ
2512 4430 2856 4501 παραχρῆμα
2901 4428 3235 4484 έπελθοῦσάν
3276 4447 3386 4500 μοι.
3445 4432 3646 4486 Κλινῶ

2053 4516 2141 4580 είς
2170 4513 2525 4582 παραϐολὴν
2554 4512 2620 4566 τὸ
2655 4508 2766 4579 οὖς
2788 4530 2931 4581 μου.
2977 4512 3194 4580 Ἀλλος,
3222 4512 3426 4568 Klach
3463 4528 3648 4582 παρα-

2056 4594 2208 4664 ϐολῇ
2233 4594 2299 4648 τὸ
2331 4591 2442 4661 οὖς
2464 4612 2605 4664 μου.
2660 4594 2718 4648 '0
2755 4596 2812 4649 δὲ
2854 4594 3109 4666 Ἐϐραῖος
3130 4595 3428 4666 Λαμασᾶλ
3457 4614 3643 4670 φησιν.

2069 4677 2305 4743 Ἀνοίξω
2343 4679 2413 4731 έν
2440 4679 2755 4747 ψαλτηρίφ
2785 4678 2850 4731 τὸ
2899 4678 3217 4749 πρόϐλημά
3241 4698 3385 4750 μουο
3431 4682 3645 4747 Ἀλλοςν

2055 4759 2310 4832 Αἴνιγμά
2345 4779 2486 4831 μου.
2545 4762 2604 4815 '0
2652 4762 2710 4816 δὲ
2764 4761 3014 4834 Ἑϐραῖος
3069 4762 3283 4819 Ἰδαθεὶ
3314 4764 3473 4820 τοῦτο
3501 4762 3644 4821 εἷπε.

2057 4855 2168 4908 Kal
2198 4853 2327 4906 ποία
2373 4850 2514 4923 αὕτη
2543 4853 2679 4925 πρὸς
2708 4852 2777 4906 τά
2815 4854 3084 4925 εἰρημένα
3118 4853 3441 4922 ἀκολουθίας
3502 4855 3648 4909 Ἀντὶ

2117 4989 2250 5057 ὺῌίο
2268 4988 2319 5039 in
2340 4989 2513 5040 Morel.
2543 4990 2732 5053 legitur
2760 4991 2976 5057 μηνύσει,
2999 4992 3135 5057 infra_
3151 5005 3269 5042 vero
3292 4992 3373 5057 bis
3397 4993 3643 5057 μινυρίσει.

2056 5051 2268 5116 Savilius
2293 5060 2480 5116 autem
2501 5051 2803 5116 conéunle'r,
2827 5054 2978 5103 habet
3019 5054 3235 5116 μηνύσει.
3281 5056 3332 5102 Si
3356 5051 3648 5116 igiturisle-

2054 5127 2165 5162 mus
2199 5115 2418 5175 lectioni
2460 5114 2651 5174 Savilii,
2693 5122 2747 5164 et
2795 5115 2876 5164 hic
2925 5122 2978 5164 el
3023 5114 3148 5164 infra
3203 5117 3350 5165 unius
3381 5114 3647 5175 ‘ejusdem-

2055 5188 2165 5239 que‘
2195 5174 2487 5239 inlerpreﬁlis
2523 5177 2919 5239 Iec_lio__aﬂ'ertur
2960 5190 2972 5218 :
3019 5189 3158 5239 ηοω-
3187 5174 3452 5238 utrobique
3499 5177 3646 5238 μηνύ-

2057 5235 2133 5286 σει
2154 5235 2357 5301 Ιθείιυιῖ,
2380 5238 2428 5287 id
2450 5243 2546 5298 est,
2590 5235 3041 5288 indicabitﬂectio
3068 5236 3308 5286 Hebraica
3365 5235 3441 5286 εει
3495 5235 3650 5297 hum

2054 5322 2201 5371 quam
2226 5310 2299 5358 sic
2318 5310 2368 5358 in
2389 5308 2627 5370 Hexaplls
2648 5321 2935 5371 expressam
2958 5307 3109 5356 referl
3136 5308 3509 5368 Chrysoslomus
3531 5306 3648 5354 οὐα-

2054 5381 2147 5442 γίθ,
2190 5381 2421 5442 mulalol
2466 5380 2515 5428 in
2538 5379 2577 5439 ν,
2609 5384 2667 5442 ιιι
2700 5391 2834 5442 εξρε
2876 5375 3214 5442 contingebat.
3255 5380 3327 5442 Al
3362 5375 3531 5442 Morel.
3567 5376 3647 5425 hic

2058 5439 2277 5505 μηνύσει,
2318 5439 2442 5505 intra
2483 5439 2901 5505 mwplaeyh'abel
2920 5439 3139 5505 :__vixque
3161 5439 3460 5505 crediderim
3481 5443 3643 5505 tamep

2056 5497 2170 5551 ésée
2193 5497 2400 5551 dubrum
2423 5497 3149 5562 inierpi'elalionemdiversam
3177 5520 3188 5548 :
3212 5501 3299 5548 sed
3320 5501 3542 5562 eamdem
3584 5497 3647 5547 ob

2056 5563 2435 5614 similitudinem
2462 5560 2631 5611 vociim
2655 5561 2714 5610 ah
2739 5560 2988 5621 aliquibus
3013 5560 3224 5610 librariis
3247 5562 3465 5610 vitiatam
3495 5560 3647 5608 fuisse

2058 5626 2356 5687 pulavgrim.
2384 5623 2548 5687 Malim
2584 5629 2758 5687 autem
2791 5631 3092 5687 posti-emam
3115 5624 3378 5687 lectionem
3401 5621 3646 5687 retinere,

2054 5684 2168 5748 Quia
2214 5685 2405 5735 facilius
2430 5685 2613 5734 librarii
2626 5696 2810 5748 Avocem
2850 5684 3154 5748 usitatior-gem
3180 5684 3397 5748 μηνύσει,
3430 5697 3516 5746 ρι’)
3549 5686 3643 5736 alia

2060 5744 2453 5811 lhfrequenliore
2481 5745 2732 5813 μινυρίσει,
2751 5746 2989 5796 mendose
3018 5744 3380 5797 substitue-rint.
