4064 6408
500 332 608 387 θίΞῦ

506 447 613 517 γέρ
660 444 978 499 διδασκάλου
1019 443 1291 515 ἀκροατὴν
1329 443 1439 514 δρῶ
1480 444 1596 499 νῦν.
1646 443 1938 508 Ἐκάλεσας
1984 442 2082 514 μὲν

507 532 616 601 γὰρ
639 531 714 593 ὡς
741 530 1144 600 ἀκουσομένους
1166 529 1217 581 τί
1238 531 1540 601 χρήσιμον·
1571 532 1709 602 μετά
1735 532 1789 585 δὲ
1818 531 1878 585 τὸ
1904 547 2084 601 παρα-

508 612 759 683 γενέσθαι
785 613 877 667 καὶ
903 615 1229 679 συναγαγεῖν
1255 612 1527 677 ἅπαντας,
1544 615 1637 668 καὶ
1658 612 2086 683 ἐπαγγείλασθαί

510 716 563 752 τι
579 698 741 767 σοφὸν
759 699 923 766 ἐρεῖν,
944 696 1097 749 οὐδὲν
1123 696 1334 750 ούδέπω
1353 711 1371 733 ⁸
1398 697 1793 768 φθεγξάμενος,
1813 699 1970 766 ἀφεὶς
1993 695 2084 749 τοῦ

510 776 828 832 διδασκάλου
856 775 956 846 τὴν
992 776 1165 842 τάξιν,
1206 779 1287 839 είς
1318 776 1411 829 τοῦ
1443 778 1712 848 ἀκροατοῦ
1746 778 2089 847 μεταϐαίνεις

512 861 713 934 χώραν.
764 861 961 915 Κλινῶ
998 861 1126 932 γὰρ,
1162 862 1346 931 φησὶν,
1377 863 1466 927 είς
1494 862 1848 929 παραϐολὴν
1876 861 1939 915 τὸ
1980 856 2088 925 οὖς

504 962 644 1014 μου.
669 943 826 1007 Τίνος
858 943 1041 997 ἐνεκεν
1075 943 1233 996 τοῦτο
1259 946 1436 1009 ποιεῖς
1474 945 1684 1014 Σφόδρα
1709 945 1963 1005 συνετῶς,
1997 942 2091 995 καὶ

509 1025 816 1089 ἀκολούθως
842 1030 954 1088 τοῖς
981 1026 1312 1096 εἰρημένοις.
1345 1026 1562 1094 Ἐπειδὴ
1578 1026 1686 1097 γὰρ
1707 1022 2092 1094 εἶπε,Λαλὴσω

512 1110 726 1178 σοφίαν,
777 1108 864 1161 ἵνα
901 1110 973 1178 μή
1004 1126 1089 1171 τις
1127 1107 1469 1180 ἀνθρώπινον
1515 1108 1573 1161 τὸ
1612 1107 1905 1179 λεγόμενον
1952 1102 2094 1161 εἶναι

510 1194 728 1265 νομίσῃ.
765 1193 859 1245 καλ.
897 1193 1127 1263 μελέτην
1159 1193 1406 1263 καρδίας,
1453 1192 1536 1245 ἴνα
1572 1191 1645 1263 μὴ
1687 1192 1851 1245 αὑτοῦ
1877 1191 2095 1262 εὕρημα

512 1273 849 1344 ὑποπτεύσῃ,
868 1272 1104 1326 δείκνυσι
1119 1272 1208 1325 διὰ
1229 1272 1548 1336 τούτων,ϐτι
1566 1272 1685 1326 θεῖα
1705 1271 1773 1325 τὰ
1801 1272 2091 1341 λεγόμενα,

513 1364 608 1416 καὶ
655 1363 736 1416 ὅτι
770 1363 922 1416 οὐδὲν
966 1361 1097 1415 ίδιον
1131 1361 1457 1431 φθέγγεται,
1516 1361 1631 1415 ἀλλ’
1682 1361 1826 1432 ἅπερ
1868 1361 2088 1429 ἢκουσε,

513 1447 686 1500 ταῦτα
713 1445 879 1514 λέγει.
913 1445 1141 1499 Ἐκλινα
1163 1444 1293 1515 γὰρ,
1326 1446 1481 1516 φησὶ,
1506 1444 1567 1497 τδ
1596 1437 1690 1509 οὖς
1723 1461 1825 1515 μου
1852 1442 1928 1513 τῷ
1954 1442 2095 1512 θεῷ’

513 1531 722 1601 ηκουσα
766 1529 894 1601 παρ’
930 1529 1161 1592 ἐκείνου,
1216 1529 1313 1582 καὶ
1361 1529 1430 1582 τὰ
1459 1528 1667 1583 ἀνωθεν
1705 1526 2098 1597 κατενεχθέντα

514 1617 595 1679 είς
626 1615 724 1685 τὴν
762 1615 1000 1668 διάνοιαν
1021 1614 1118 1684 τὴν
1145 1613 1304 1685 ἐμὴν,
1333 1613 1503 1666 ταῦτα
1528 1612 1691 1682 λέγω.
1728 1612 1929 1683 Διόπερ
1955 1611 2048 1664 καὶ
2072 1611 2100 1663 6

527 1701 753 1761 Ἡσαΐας
779 1698 964 1766 ἔλεγε·
1012 1700 1226 1767 Κύριος
1260 1696 1471 1750 δίδωσί
1509 1714 1611 1765 μοι
1645 1695 1938 1766 γλῶσσαν
1968 1707 2101 1747 arat-

515 1782 681 1847 δείας
705 1782 811 1835 τοῦ
852 1780 1094 1851 γνῶναι,
1122 1781 1305 1847 ἡνίκα
1326 1778 1423 1833 δεῖ
1444 1779 1636 1832 εἰπεῖν
1663 1777 1853 1845 λόγον
1877 1793 1891 1807 ·
1924 1790 2103 1844 προσ-

516 1865 695 1933 έθηκέ
743 1882 847 1935 μοι
895 1865 1072 1918 ὠτίον
1104 1865 1368 1917 ἀκούειν.
1409 1863 1520 1916 Καὶ
1566 1865 1595 1916 6
1645 1862 1856 1925 Παῦλος
1900 1861 2098 1914 πάλιν·

530 1948 594 2002 Ἠ
618 1948 817 2013 πίστις
846 1947 915 2012 ἐξ
944 1945 1155 2013 ἀκοῆς,
1184 1948 1223 2014 ἡ
1243 1946 1311 1999 δὲ
1331 1945 1484 2013 ἀκοὴ
1512 1945 1609 1999 διὰ
1630 1944 1901 2014 ῥήματος
1930 1943 2101 1999 Θεοῦ.

528 2032 694 2103 Ὁρᾷς
731 2033 825 2085 καὶ
855 2032 1060 2083 ἐκεῖνον
1083 2030 1357 2101 ἀκροατὴν
1384 2030 1670 2100 γινόμενον
1698 2029 1983 2101 πρότερον,
2010 2026 2104 2081 καὶ

515 2114 638 2167 τότε
668 2113 1024 2176 διδάσκαλον;
1081 2113 1174 2166 Διὸ
1209 2115 1302 2167 καὶ
1339 2114 1523 2185 ἕτερος
1559 2111 1900 2184 ἑρμηνευτὴς
1928 2110 2102 2178 ἐλεγε,

520 2197 627 2250 Καὶ
662 2197 966 2266 μινιφίσει
987 2197 1025 2265 ἡ
1056 2195 1271 2264 καρδία
1294 2214 1435 2264 μου.
1477 2195 1543 2247 Τί
1578 2196 1714 2257 ἐστι,
1749 2194 2105 2261 Μινυρίσει;

521 2279 765 2351 ’ᾼσεται,
800 2279 1013 2348 ψαλμόν
1051 2296 1174 2332 τινα
1204 2281 1318 2350 ἐρεῖ
1343 2278 1736 2349 πνευματικόν.
1768 2278 1832 2330 Εἰ
1861 2276 1919 2330 δέ
1961 2274 2106 2346 μελέ-

515 2378 616 2431 την
660 2361 828 2430 λέγει,
880 2362 954 2431 μὴ
1001 2360 1344 2432 θορυϐηθῇς·
1392 2361 1428 2415 ἃ
1458 2362 1566 2430 γὰρ
1614 2360 1805 2413 ἐλαϐεν
1851 2358 1959 2412 ἀπὸ
2009 2357 2103 2411 τοῦ

518 2445 852 2514 Πνεύματος,
876 2443 1047 2498 ταῦτα
1072 2444 1336 2515 διηνεκῶς
1367 2444 1620 2516 ἐμελέτα,
1648 2445 1744 2497 καὶ
1772 2446 1901 2513 παρ’
1929 2442 2105 2513 ἐαυτῷ

518 2527 778 2590 ἀνεκίνει,
811 2527 905 2579 καὶ
932 2526 1054 2581 τότε
1092 2528 1454 2596 ἀνακινήσας,
1494 2529 1574 2590 εἰς
1616 2527 1743 2589 τοὺς
1782 2526 1974 2590 ἄλλους
2018 2525 2106 2590 ἐξ·

518 2611 706 2681 έφερε.
746 2609 810 2662 Τί
841 2609 896 2662 δέ
928 2611 1096 2674 ἐστιν,
1122 2611 1224 2675 Εἰς
1247 2610 1633 2678 παροϐολήν;
1684 2608 2107 2679 Πολυσήμαντόν

518 2694 571 2745 τί
602 2696 719 2745 ἐστι
757 2692 818 2745 τὸ
843 2692 1036 2763 ὄνομα.
1094 2694 1252 2746 Ἔστι
1280 2694 1390 2762 γάρ
1422 2692 1706 2765 παραϐολὴ
1738 2692 1981 2763 λάλημα,
2013 2692 2109 2745 καὶ

521 2776 858 2847 ὑπόδειγμα,
909 2777 1005 2830 καὶ
1057 2777 1386 2848 ὀνειδισμὸς,
1433 2777 1508 2841 ὼς
1552 2778 1679 2830 ὅταν
1705 2774 1875 2846 λέγῃ·
1931 2776 2107 2828 Ἕθου

520 2862 681 2933 ἡμᾶς
706 2865 794 2929 είς
826 2861 1182 2930 παραϐολὴν
1210 2862 1280 2914 ἐν
1317 2861 1442 2928 τοῖς
1472 2861 1703 2924 ἔθνεσι,
1735 2861 1983 2928 κίνησιν
2016 2876 2110 2912 κε-

519 2945 725 3016 φαλῆς
749 2946 819 2999 ἑν
846 2944 973 3011 τοῖς
994 2944 1187 3009 λαοῖς.
1220 2945 1377 2997 Ἐστι
1406 2943 1690 3015 παραϐολὴ
1725 2944 1818 2997 καὶ
1850 2944 2111 3011 αἰνιγμα-

518 3029 695 3100 τώδης
726 3030 902 3099 λόγος,
926 3030 954 3083 ὃ
982 3029 1168 3083 πολλοὶ
1195 3030 1414 3097 λέγουσι
1450 3028 1688 3099 ζήτημα,
1718 3028 1981 3097 ἐμφαῖνον
2015 3026 2113 3097 μέν

520 3132 596 3178 τι,
635 3114 736 3166 ούκ
766 3114 993 3166 αὐτόθεν
1021 3113 1076 3166 δὲ
1116 3112 1273 3184 δῆλον
1307 3111 1367 3165 δν
1397 3112 1642 3165 ἀπδ“τῶν
1679 3111 1961 3183 ῥημάτων,
1997 3110 2112 3162 ἀλλ’

523 3198 642 3268 ἔχον
666 3198 815 3262 ἐντδς
838 3197 1231 3268 κεκρυμμένην
1255 3195 1516 3255 διάνοιαν,
1538 3190 1626 3248 οἷα
1648 3196 1718 3249 τὰ
1740 3193 1836 3248 τοῦ
1851 3192 2111 3264 Σαμψὼν,

522 3280 559 3334 ἃ
590 3280 809 3347 ἔλεγεν·
872 3278 1167 3347 Ἐξῆλθεν
1202 3278 1320 3333 ἀπὸ
1362 3278 1675 3343 ἐσθίοντος
1712 3275 1977 3345 βρῶσις,
2015 3275 2114 3330 καὶ

523 3364 644 3419 ἀπὸ
680 3363 935 3432 ίσχυροῦ
979 3362 1170 3431 γλυκύ
1194 3379 1206 3392 ·
1259 3362 1354 3415 καὶ
1394 3362 1423 3413 6
1462 3360 1742 3432 Σολομὼν,
1795 3359 2022 3428 Νοήσει
2052 3376 2116 3413 τε

526 3446 902 3515 παραϐολὴν,
937 3445 1036 3499 καὶ
1066 3443 1387 3498 σκοτεινὸν
1408 3445 1615 3513 λόγον.
1661 3442 1890 3511 Λέγεται
1937 3461 2114 3512 παρα-

527 3531 659 3601 ϐολὴ
694 3530 788 3583 καὶ
814 3531 846 3600 ἡ
877 3529 1137 3599 ὁμοίωσις
1157 3544 1172 3559 ·
1205 3529 1433 3593 ’Ἄλλην
1471 3525 1827 3595 παραϐολὴν
1855 3525 2116 3595 παρέθη-

527 3632 637 3670 κεν
669 3612 874 3679 αὐτοῖς
904 3611 1100 3682 λέγων
1121 3629 1136 3644 ·
1186 3612 1385 3681 Ὁμοία
1416 3611 1589 3666 ἐστὶν
1624 3611 1971 3678 ήβασιλεία
2000 3608 2121 3662 τῶν

526 3696 803 3766 οὐρανῶν
834 3694 1122 3766 ἀνθρώπῳ
1142 3695 1451 3763 σπείροντι.
1491 3693 1686 3748 καλὸν
1715 3693 1969 3763 σπέρμα.
2016 3693 2121 3745 Πα-

532 3781 734 3853 ραϐολὴ
780 3780 998 3849 λέγεται
1059 3778 1155 3833 καὶ
1203 3778 1536 3851 τροπολογία
1560 3794 1573 3808 ·
1638 3775 1733 3831 Υἱὲ
1778 3774 2116 3844 ἀνθρώπου,

525 3866 661 3919 εἰπὲ
697 3854 811 3932 τὴν
842 3862 1199 3932 παραϐολὴν
1225 3863 1456 3930 ταύτην
1492 3861 1720 3926 αὐτοῖς.
1787 3861 1850 3913 Ὀ
1882 3860 2057 3925 ἀετὸς
2087 3861 2120 3913 ὀ

528 3947 730 4017 μένας,
754 3948 786 4000 ό
804 3947 1327 4017 μεγαλοπτέρυγος
1348 3962 1362 3976 ·
1386 3945 1546 4001 ἀετὸν
1560 3945 1735 4013 λέγων
1759 3943 1849 3997 τὸν
1872 3942 2115 4013 βασιλέα.

530 4029 822 4102 Παραϐολὴ
836 4030 1052 4098 λέγεται
1079 4031 1174 4082 καὶ
1196 4029 1387 4095 τύπος,
1406 4029 1501 4082 καὶ
1522 4028 1709 4093 εἰκὼν,
1731 4027 1984 4099 καθάπερ
2014 4026 2123 4080 δεί-

532 4131 688 4166 κνυσι
716 4114 812 4167 καὶ
849 4114 875 4164 6
898 4112 1112 4174 Παῦλος
1142 4111 1351 4180 λέγων·
1380 4112 1585 4165 Πίστει
1607 4108 1908 4180 προενήνο
1913 4126 1982 4179 χε
2014 4106 2123 4161 τὸν

542 4195 767 4262 Ἰσαὰκ,
816 4194 1262 4264 πειραζόμενος,
1309 4193 1408 4249 καὶ
1442 4194 1552 4248 τὸν
1591 4191 1894 4263 μονογενῆ
1943 4206 2123 4258 προσ-

529 4278 742 4348 έφερεν
772 4281 803 4332 ὁ
828 4278 936 4344 τὰς
966 4277 1327 4346 ἐπαγγελίας
1361 4275 1690 4346 δεξάμενος
1708 4294 1722 4308 ·
1755 4275 1895 4332 ὅθεν
1924 4275 2023 4328 καὶ
2053 4275 2124 4328 ἐν

528 4352 846 4422 παραϐολῇ
881 4354 1072 4408 αὐτὸν
1114 4355 1462 4424 ἐκομίσατο·
1523 4353 1821 4420 τουτέστιν,
1867 4355 1926 4411 ἐν
1972 4355 2130 4428 τύπῳ

533 4441 629 4494 καὶ
663 4441 720 4493 ἐν
756 4439 946 4494 εἰκόνι.

604 4529 675 4592 γ’.
700 4522 849 4597 [207]
878 4523 943 4578 Τί
958 4520 1053 4579 οὖν
1069 4522 1303 4579 ἐνταῦθα
1326 4521 1574 4595 βούλεται
1599 4523 1749 4597 αύτῷ
1772 4526 1803 4597 ἡ
1826 4526 2134 4599 παραϐολή;

543 4604 701 4676 Ἐμοὶ
729 4606 879 4659 δοκεῖ
923 4606 985 4658 τὸ
1013 4606 1260 4679 διήγημα
1302 4606 1504 4676 λέγειν.
1561 4608 1623 4660 EE
1652 4605 1710 4660 δέ
1750 4608 2122 4679 αἰνιγματώδη

535 4690 682 4742 ποιεῖ
702 4689 792 4742 τὸν
815 4689 973 4756 λόγον
994 4691 1090 4743 καὶ
1114 4689 1315 4761 πολλὴν
1337 4690 1529 4762 ἔχοντα
1544 4692 1643 4762 τὴν
1658 4691 1966 4756 δυσκολίαν,
1990 4692 2124 4762 μηδέ

533 4769 712 4835 οὕτως
754 4771 1093 4843 θορυϐηθῇς·
1150 4774 1237 4826 ἵνα
1275 4776 1383 4846 γὰρ
1421 4774 1661 4848 διεγείρῃ
1692 4776 1785 4829 τὸν
1823 4776 2121 4848 ἀκροατὴν,

534 4852 695 4907 τοῦτο
734 4857 896 4917 ποιεῖ,
927 4855 1100 4919 ἄλλως
1132 4855 1189 4909 δέ
1217 4857 1311 4910 καὶ
1356 4858 1544 4929 ἐπειδὴ
1583 4859 1813 4923 πολλοὺς
1840 4863 1873 4930 ή
1906 4859 2125 4914 εὐκολία

536 4940 620 5003 εἰς
650 4938 922 5010 ρᾳθυμίαν
944 4938 1086 5006 ἄγει,
1114 4939 1204 4994 διὰ
1228 4940 1388 4995 τοῦτο
1417 4944 1473 4996 ἐν
1502 4944 1782 5015 παραϐολῇ
1804 4944 2121 5013 φθέγγεται.

548 5021 705 5077 Ἐπεὶ
738 5022 832 5076 καὶ
880 5023 909 5075 6
950 5023 1184 5094 Χριστὸς
1221 5025 1391 5079 πολλά
1439 5028 1498 5079 ἐν
1545 5028 1884 5099 παραϐολαῖς
1923 5029 2123 5093 ἐλάλει,

539 5110 658 5161 κατ’
693 5108 829 5161 ίδίαν
862 5107 918 5162 δέ
951 5110 1062 5172 τοῖς
1106 5108 1376 5181 μαθηταῖς
1410 5111 1601 5163 ἐπέλυε
1649 5110 1874 5176 ταύτας.
1920 5112 1985 5164 Ἦ
2018 5108 2127 5184 γάρ

539 5192 826 5263 παραϐολὴ
854 5192 946 5246 τὸν
974 5193 1121 5257 ἀξιον
1144 5193 1238 5246 καὶ
1267 5193 1366 5247 οὐκ
1394 5192 1545 5259 ἄξιον
1569 5193 1801 5266 διαιρεῖ·
1827 5195 1855 5246 6
1888 5195 1987 5264 μὲν
2018 5194 2128 5266 γὰρ

540 5274 689 5339 ἄξιος
711 5277 932 5346 ἐκζητεῑ
950 5272 1077 5327 δ’τά
1088 5277 1355 5347 λεγόμενα
1372 5278 1576 5349 εὑρεῖν,
1595 5279 1623 5331 6
1644 5277 1702 5331 δὲ
1717 5277 1934 5342 ἀνάξιος
1958 5295 2130 5350 παρα.

541 5358 726 5429 τρέχει
747 5378 761 5392 ο
798 5361 934 5432 ὅπερ
969 5361 1064 5413 καὶ
1096 5359 1216 5413 τότε
1242 5361 1471 5429 ἐγίνετο.
1503 5361 1567 5414 Οἱ
1595 5360 1694 5431 μὲν
1720 5361 1826 5433 γὰρ
1882 5363 2127 5417 Ἰουδαῖοι

543 5441 663 5495 ιέδέ
688 5442 793 5496 ὑπὸ
820 5446 917 5516 τῆς
943 5444 1229 5508 δυσκολίας
1257 5444 1647 5518 διεγειρόμενοι
1678 5445 1814 5517 πρὸς
1845 5444 1944 5518 τὴν
1987 5445 2127 5518 ἐρώ-

610 5622 826 5684 “Mprel.
853 5629 1093 5678 οὐδέποτε.
1112 5631 1259 5683 Savil.
1286 5641 1339 5683 et
1358 5633 1439 5684 alii
1466 5635 1670 5683 οὐδέπω.

609 5678 659 5759 τε
682 5678 830 5759 ξενὶι.
847 5696 898 5737 ει
922 5678 1259 5759 angulata;
1286 5678 1884 5758 {mamilgamemm
1903 5694 1951 5745 in
1976 5695 2131 5758 eam,

551 5750 663 5802 quae
685 5753 744 5790 ex
769 5760 881 5799 mss.
909 5750 1155 5801 restituta.

1268 326 1327 383 S.
1364 324 1646 383 JOANNIS
1684 321 2173 380 CIIRYSOSTOMI
2216 324 2536 380 ARCIHEP.
2579 324 3125 383 CONSTANTINOP.

3652 328 3752 382 9.2.6

2187 456 2345 511 τησιν
2370 441 2638 494 εἴλκοντο·
2685 441 2828 496 οὕτω
2863 440 3119 506 καθάπαξ
3137 440 3198 495 ού
3229 443 3513 511 προσεῖχον
3536 443 3645 505 τοῖς
3674 447 3756 498 λε-

2186 522 2453 593 γομένοις.
2504 524 2705 578 Ἱκανὸν
2739 525 2841 580 δέι*
2871 526 3030 579 τοῦτο
3064 525 3201 595 πρὸς
3231 522 3454 593 ζήτησιν
3479 522 3756 595 διεγεῖραι,

2187 606 2314 659 ὅταν
2411 625 2463 661 τι
2495 606 2972 677 συνεσκιασμένον.
3024 608 3115 661 Διὸ
3152 607 3246 661 καὶ
3277 609 3305 660 6
3336 606 3569 676 Χριστὸς
3595 608 3759 662 ἐποίει

2189 690 2305 742 τότε
2337 691 2509 753 τοῦτο,
2539 691 2633 744 καὶ
2667 692 2724 743 ἐν
2752 691 3092 761 παραϐολαῖς
3137 690 3337 757 ἐλάλει,
3380 688 3641 758 ἐρεθίζων
3673 691 3762 744 καὶ

2188 773 2469 844 διεγείρων
2495 774 2691 836 αὐτοὺς
2718 775 2855 846 πρὸς
2895 774 3193 844 ἐπιθυμίαν
3223 774 3541 843 ἀκροάσεως
3569 775 3763 826 ἀναπε-

2191 858 2476 922 πτωκότας
2494 858 2586 910 καὶ
2608 858 2970 922 καθεύδοντας
2986 875 2999 887 ·
3020 858 3133 911 ἀλλ’
3151 857 3271 910 οὐδὲ
3293 856 3433 909 οὕτω
3451 859 3760 927 προσεῖχον·

2190 945 2238 995 οἱ
2268 942 2324 995 δέ
2354 942 2593 1013 μαθηταὶ
2618 943 2990 1012 προσέκειντο,
3039 942 3135 995 καὶ
3164 939 3487 1009 ἀγνοοῦντες
3520 938 3766 1011 ἐνέμενον

2190 1025 2254 1077 δι’
2295 1026 2424 1078 αύτὸ
2469 1026 2628 1079 τοῦτο
2673 1026 2925 1097 μάλιστα,
2976 1027 3057 1079 ὅτι
3089 1026 3337 1095 ὴγνόουν.
3400 1023 3491 1077 Διδ
3525 1023 3617 1077 καὶ⁸
3654 1024 3765 1076 κατ’

2196 1109 2333 1163 ἰδίαν
2376 1110 2529 1163 ἐλυεν
2574 1112 2757 1174 αὐτοῖς
2797 1111 2897 1174 τὰς
2944 1109 3277 1180 παραϐολάς.
3327 1109 3424 1162 Διά
3472 1106 3631 1161 τοῦτο
3681 1108 3769 1160 καὶ

2192 1188 2347 1258 οὗτός
2377 1211 2537 1264 φησι·
2578 1194 2773 1249 Κλινῶ
2801 1198 2887 1260 είς
2912 1195 3267 1263 παραϐολὴν
3289 1192 3353 1246 τὸ
3375 1188 3484 1257 οὖς
3511 1209 3648 1259 μου,
3671 1191 3767 1245 ἀν-

2163 1316 2171 1339 ι
2194 1278 2335 1343 οίξω
2363 1278 2433 1331 ἐν
2458 1278 2769 1347 ψαλτηρίῳ
2795 1278 2862 1332 τὸ
2887 1275 3199 1347 πρόϐλημά
3229 1292 3369 1345 μου.
3400 1274 3697 1344 Πρόϐλημα
3716 1273 3769 1327 δέ

2196 1362 2314 1414 ἐστι
2337 1361 2496 1429 λόγος
2518 1361 2976 1431 συνεσκιασμένος
2997 1360 3092 1414 καὶ
3125 1358 3553 1429 αἰνιγματώδης,
3571 1358 3652 1412 διὸ
3679 1359 3769 1411 καὶ⁸

2195 1443 2430 1516 ἀλλαχοῦ
2462 1462 2627 1515 φησι·
2680 1444 3010 1515 Φθέγξομαι
3041 1442 3427 1512 προϐλήματα
3450 1442 3570 1496 ἀπὸ
3605 1459 3773 1497 κατα-

2199 1528 2384 1597 ϐολῆς
2418 1531 2674 1597 κόσμου.
2709 1528 2809 1582 Διὰ
2847 1529 3007 1582 τοῦτο
3036 1528 3131 1580 καὶ
3163 1527 3357 1595 σοφίαν
3387 1525 3651 1596 ἐτόλμησε
3681 1544 3772 1579 κα-

2196 1612 2371 1673 λέσαι,
2422 1612 2642 1684 θαρρῶν
2676 1614 2742 1683 τῇ
2779 1611 2898 1682 θείᾳ
2942 1609 3311 1678 ἀποκαλύψει·
3353 1608 3443 1662 διά
3483 1609 3639 1662 τοῦτο
3687 1610 3773 1663 καὶ

2211 1696 2306 1764 Ἐν
2338 1696 2644 1763 ψαλτηρίφ
2676 1696 2829 1764 φησὶ,
2876 1693 2936 1747 τδ
2971 1692 3338 1764 πνευματικὸν
3374 1692 3654 1762 ἐμφαίνων
3682 1693 3773 1763 τῆς

2198 1762 2566 1842 διδασκαλίας.
2598 1762 2695 1849 τὴν
2738 1762 2946 1831 ἀνωθεν
2983 1762 3219 1847 κατοχὴν
3264 1776 3426 1830 αὐτοῦ
3463 1778 3771 1846 γενομένην,

2201 1863 2293 1915 καὶ
2330 1863 2389 1915 ἐν
2419 1861 2664 1933 ᾅσματος
2700 1861 2852 1927 τάξει
2892 1863 3125 1914 ποιεῖται
3156 1861 3255 1930 τὴν
3301 1858 3631 1930 συμϐουλὴν,
3658 1857 3776 1929 ⁴ἡδύ-

2201 1962 2308 1999 νων
2334 1945 2423 1998 τδν
2452 1944 2627 2011 λόγον.
2657 1940 2809 2007 Εἶδες
2833 1941 2942 1997 οἷον
2963 1943 3024 1996 τὸ
3049 1944 3332 2014 προοίμιον
3362 1943 3774 2009 κατεσκεύασεν;

2214 2029 2472 2084 Ἰῦκάλεσε
2494 2031 2592 2101 τὴν
2610 2031 2762 2082 οἰκου
2770 2028 2961 2099 μένην,
2989 2027 3211 2092 ἐξέϐαλε
3236 2027 3333 2099 τὴν
3355 2026 3669 2097 ἀνωμαλίαν
3687 2027 3776 2096 τὴν

2202 2113 2259 2165 ἐν
2281 2113 2357 2183 τῷ
2383 2113 2502 2184 βίῳ,
2528 2112 2799 2182 ἀνέμνησε
2824 2111 2926 2181 τῆς
2954 2111 3190 2180 φύσεως,
3223 2109 3542 2165 κατέστειλε
3566 2110 3632 2164 τά
3657 2127 3780 2181 φρο⁴

2203 2197 2440 2265 νήματα,
2481 2197 2742 2266 ὑπέσχετο
2780 2195 2921 2265 μέγα
2957 2213 3008 2247 τι
3049 2194 3142 2248 καὶ
3180 2198 3427 2263 γενναῖον
3457 2195 3622 2266 ἐρεῖν,
3668 2191 3779 2246 εἷπε

2209 2280 2371 2349 μηδὲν
2391 2280 2602 2333 οἴκοθεν
2625 2279 2978 2348 φθέγγεσθαι,
2997 2278 3109 2332 ἀλλ’
3129 2279 3165 2333 ἃ
3187 2280 3317 2350 παρ’
3336 2279 3547 2332 ἐκείνου
3570 2280 3776 2349 ἢκουσε,

2206 2365 2405 2434 πολλὴν
2427 2364 2645 2436 ᾐνίξατο
2664 2365 2720 2416 ἐν
2744 2363 2822 2433 τῷ
2848 2363 2990 2434 λόγῳ
3021 2364 3121 2434 τὴν
3150 2362 3421 2432 ἀσάφειαν
3444 2359 3601 2427 εἶναι,
3625 2378 3781 2433 προσ·

2207 2450 2601 2519 εκτικωτέρους
2630 2447 2799 2501 ποιῶν
2824 2465 2837 2478 ·
2896 2447 3269 2517 πνευματικὴν
3302 2448 3571 2518 ὑπέσχετο
3600 2446 3779 2514 σοφίαν

2209 2535 2354 2605 ἡμᾶς
2388 2533 2617 2599 διδάξαι,
2664 2533 2731 2603 ἣν
2770 2531 2857 2586 διά
2898 2533 3094 2595 παντὸς
3124 2531 3372 2601 ἐμελέτα.
3432 2532 3781 2604 Προσέχωμεν

2207 2618 2406 2677 τοίνυν,
2433 2618 2526 2669 καὶ
2554 2616 2628 2686 μὴ
2655 2615 3111 2687 παρατρέχωμεν.
3144 2616 3206 2669 Εἰ
3231 2614 3339 2686 γὰρ
3371 2617 3538 2686 σοφὸς
3562 2618 3590 2670 6
3615 2616 3778 2683 λόγος,

2209 2700 2308 2752 καὶ
2338 2699 2641 2770 παραϐολὴ,
2686 2700 2779 2752 καὶ
2822 2697 3136 2769 πρόϐλημα,
3175 2698 3609 2770 διεγηγερμένης
3640 2697 3780 2768 χρεία

2209 2783 2468 2844 διανοίας.
2524 2783 2622 2846 Τίς
2658 2780 2751 2835 οὖν
2790 2784 2937 2835 ἐστιν
2970 2784 3002 2853 ἡ
3036 2782 3334 2853 συμϐουλὴ,
3366 2783 3466 2837 καὶ
3493 2782 3543 2836 τί
3573 2782 3633 2835 τὸ
3662 2778 3783 2851 πρό-

2211 2866 2418 2937 ϐλημα,
2451 2867 2546 2920 καὶ
2574 2866 2656 2929 τίς
2686 2867 2719 2936 ὴ
2746 2866 3047 2938 παραϐολὴ,
3075 2868 3170 2920 καὶ
3196 2866 3328 2937 τίςή
3362 2866 3544 2938 σοφία,
3568 2866 3632 2937 ὴν
3655 2866 3782 2920 ἄνω·

2211 2949 2301 3003 θεν
2328 2951 2592 3021 ἧκουσεν;
2650 2950 2785 3003 Ἰνα
2825 2952 2882 3003 τί
2912 2951 3227 3020 φοϐοῦμαι,
3281 2952 3469 3020 φησὶν,
3503 2951 3573 3006 ἐν
3606 2947 3780 3017 ’ἡμέρᾳ

2211 3032 2479 3101 πονηρᾷ;
2539 3032 2750 3097 Ἄλλος,
2812 3033 2915 3086 Ἐν
2952 3035 3199 3103 ἡμέραις
3237 3035 3530 3102 πονηροῦ.
3583 3031 3779 3093 Ἀλλος,

2211 3117 2431 3172 Κακοῦ.
2472 3118 2529 3171 ’0
2556 3118 2748 3188 Σύρος,
2778 3115 2896 3172 Ῥᾶ.
2936 3118 2999 3173 Ἡ
3022 3118 3379 3187 ἀνομία”τῆς
3401 3117 3656 3188 πτέρνης
3673 3132 3780 3184 μου

2212 3199 2511 3256 κυκλώσει
2560 3218 2656 3270 με.
2716 3200 2936 3264 Ἀλλος,
2995 3200 3118 3255 Τῶν
3170 3201 3388 3271 ίχνέων
3433 3221 3574 3272 μου.
3633 3200 3689 3254 '0
3731 3197 3783 3251 δέ

2223 3286 2493 3355 Ἐϐραῖος,
2538 3286 2680 3341 Ἀὼν
2708 3286 3025 3341 ἁκουϐϐαεί
3061 3289 3463 3342 ισουϐϐουνεί.
3500 3282 3649 3351 Εἶδες
3677 3284 3785 3347 πῶς

2215 3368 2527 3440 πρόϐλημα,
2575 3369 2670 3421 καὶ
2702 3370 2949 3438 αἴνιγμα,
2996 3371 3091 3423 καὶ
3132 3370 3408 3435 σκοτεινὸς
3428 3373 3457 3424 6
3489 3370 3659 3438 λόγος,
3698 3365 3785 3421 καὶ

2214 3451 2383 3520 πολλὴ
2414 3453 2447 3522 ἡ
2477 3451 2748 3521 ἀσάφεια;
2785 3452 2949 3517 Ἀλλ’,
2975 3456 3021 3507 εί
3042 3454 3205 3516 δοκεῖ,
3238 3453 3503 3525 πρότερον
3527 3446 3786 3525 [2081;16-

2216 3536 2421 3604 θωμεν,
2454 3535 2612 3589 ποίαν
2653 3535 2799 3602 λέγει
2836 3536 3077 3607 πονηρὰν
3120 3536 3352 3608 ἡμέραν.
3413 3538 3578 3591 Ποίαν
3619 3535 3784 3587 τοίνυν

2217 3620 2373 3673 εῖωθε
2419 3619 2601 3673 καλεῖν
2649 3622 2681 3690 ή
2727 3621 2917 3692 Γραφὴ
2953 3621 3168 3693 ἡμέραν
3214 3622 3496 3692 πονηράν;
3547 3621 3655 3690 Τὴν
3689 3616 3785 3670 τῶν

2220 3703 2534 3775 συμφορῶν,
2568 3703 2666 3774 τὴν
2687 3704 2795 3757 τῶν
2826 3705 3122 3767 κολάσεων,
3148 3705 3248 3775 τὴν
3276 3706 3385 3758 τῶν
3409 3702 3782 3776 περιστάσεων.

2225 3789 2289 3841 Ὃ
2317 3788 2409 3840 καὶ
2435 3785 2666 3857 ἀλλαχοῦ
2699 3804 2831 3856 φησι
2852 3803 2868 3818 ·
2890 3787 3194 3855 Μακάριος
3223 3789 3504 3843 όσυνιὼν
3529 3785 3624 3841 ἐπὶ
3645 3800 3785 3838 πτω-

2218 3871 2332 3942 χὸν
2354 3871 2453 3925 καὶ
2488 3870 2717 3938 πένητα
2736 3887 2750 3902 ·
2790 3871 2860 3924 ἐν
2878 3871 3070 3940 ἡμέρᾳ
3091 3871 3329 3941 πονηρᾷ
3339 3874 3592 3940 ῥύσεται
3616 3868 3786 3922 αὐτὸν

2218 3961 2251 4013 ὁ
2278 3959 2512 4028 Κύριος.
2560 3956 2794 4027 Τοιαύτη
2824 3956 2880 4010 δέ
2918 3959 3126 4029 ἐστινὴ
3162 3959 3432 4029 μέλλουσα
3472 3961 3583 4020 τοῖς
3625 3957 3788 4025 ἀμαρ-

2217 4041 2425 4103 τωλοῖς,
2458 4042 2493 4112 ὴ
2529 4038 2738 4110 φοϐερά
2778 4042 2986 4112 ἐκείνη,
3022 4043 3115 4095 καὶ
3145 4042 3439 4113 ἀφόρητος.
3473 4037 3621 4104 Εἶδες
3651 4036 3787 4108 πρῶ-

2218 4143 2309 4179 τον
2329 4136 2351 4164 ο
2371 4123 2687 4193 φιλοσοφίας
2703 4125 2827 4195 ὅρον
2843 4124 2943 4194 τῆς
2958 4125 3239 4188 ἀνωτάτω,
3258 4126 3351 4179 καὶ
3376 4125 3494 4189 πῶς
3515 4118 3789 4192 διευκρινεῖ

2221 4222 2303 4260 σοι
2328 4210 2355 4262 6
2383 4207 2561 4275 λόγος,
2591 4211 2722 4262 ποῖα
2756 4209 2853 4279 μὲν
2886 4209 3013 4276 ἀξια
3044 4209 3231 4278 φόϐου,
3274 4213 3405 4265 ποῖα
3437 4210 3494 4264 δέ
3529 4201 3785 4274 καταγνώ·

2218 4305 2358 4353 σεως
2382 4307 2395 4354 ;
2428 4291 2526 4344 Ἂν
2548 4290 2657 4361 γὰρ
2688 4291 2761 4363 μὴ
2789 4291 2994 4363 ταύτην
3027 4310 3111 4356 τις
3133 4293 3230 4364 τὴν
3258 4293 3489 4365 ἀρίστην
3511 4292 3785 4362 ποιήσηται

2218 4373 2501 4443 διαίρεσιν,
2531 4374 2785 4446 καθάπερ
2807 4377 2863 4427 ἐν
2890 4376 3066 4447 σκότῳ
3095 4375 3252 4446 βαθεῖ
3271 4378 3363 4430 καὶ
3387 4374 3640 4448 συγχύσει
3663 4387 3790 4444 πρα-

2220 4457 2445 4527 γμάτων
2480 4458 2930 4530 περιφερόμενος,
2971 4461 3282 4530 ἀπορεῖται.

2295 4565 2392 4617 Ἂν
2429 4563 2505 4636 μὴ
2546 4565 2810 4635 διέλωμεν
2842 4567 2964 4620 τίνα
3009 4568 3108 4638 μὲν
3145 4568 3427 4637 φοϐεῖσθαι
3465 4566 3564 4630 δεῖ,
3598 4564 3709 4618 τίνα
3741 4561 3791 4614 δὲ

2223 4646 2525 4711 διαπτύειν,
2549 4649 2716 4721 πολλὴ
2746 4650 2888 4704 κατὰ
2912 4651 3005 4704 τὸν
3032 4650 3143 4721 βίον
3165 4650 3317 4703 ἔσται
3346 4652 3379 4722 ή
3417 4652 3613 4720 πλάνη,
3640 4646 3790 4706 πολὺς

2224 4732 2253 4784 6
2285 4730 2547 4797 κίνδυνος.
2578 4735 2688 4788 Καὶ
2715 4734 2823 4805 γὰρ
2853 4736 3087 4805 ἐσχάτης
3110 4736 3295 4799 ἀνοίας
3323 4735 3606 4805 φοϐεῖσθαι
3638 4733 3702 4786 τά
3725 4729 3791 4800 μὴ

2227 4813 2351 4879 ἄξια
2373 4816 2563 4883 φόϐου,
2592 4818 2901 4888 καταγελᾷν
2931 4819 2985 4871 δέ
3006 4817 3043 4872 ἃ
3074 4818 3356 4887 φοϐεῖσθαι
3377 4819 3601 4874 δίκαιον.
3623 4814 3793 4881 Τούτῳ

2227 4899 2322 4951 καὶ
2373 4900 2420 4951 οἱ
2454 4899 2643 4972 ἄνδρες
2681 4900 2787 4954 τῶν
2833 4901 3036 4954 παίδων
3081 4903 3449 4974 διεστήκασιν,
3497 4904 3576 4956 ὅτι
3615 4900 3793 4953 ἐκεῖνοι

2232 4981 2335 5048 μὲν
2368 4980 2462 5034 ἅτε
2500 4985 2556 5035 ἐν
2599 4983 2780 5037 ἀτελεῖ
2814 4983 3022 5056 διανοίᾳ.
3064 4985 3246 5051 ὄντες,
3284 4988 3600 5058 προσωπεῖα
3639 4980 3792 5035 δεδοί·

2229 5079 2378 5125 κασι,
2421 5067 2516 5118 καὶ
2558 5065 2878 5138 ἀνθρώπους
2918 5069 3119 5122 σάκκον
3166 5070 3615 5141 περικειμένους·
3648 5064 3704 5119 τὸ
3744 5058 3792 5112 δὲ

2230 5147 2448 5218 ὑϐρίσαι
2482 5150 2691 5222 πατέρα
2721 5151 2754 5222 ἢ
2787 5152 3017 5224 μητέρα,
3043 5152 3197 5207 οὐδὲν
3226 5152 3364 5208 εἶναι
3397 5152 3683 5224 ἡγοῦνται·
3711 5144 3792 5199 καὶ

2230 5232 2367 5302 πυρὶ
2399 5232 2498 5303 μὲν
2525 5235 2858 5306 ἐπιπηδῶσι,
2886 5238 2980 5289 καὶ
3008 5235 3223 5308 λύχνοις
3243 5238 3575 5308 καιομένοις,
3611 5234 3792 5303 φόρους

2228 5314 2287 5367 δέ
2307 5333 2463 5380 τινας
2498 5317 2844 5386 δεδίττονται,
2878 5319 3032 5374 οὐδὲν
3058 5320 3281 5390 ἔχοντας
3313 5321 3511 5378 δεινόν·
3559 5321 3608 5373 οἱ
3633 5317 3685 5370 δέ
3705 5314 3791 5369 ἀν·-

2294 5511 2587 5581 ὶῃδὶοιπιειξ.
2636 5520 2795 5581 recl_e.
2846 5515 2974 5581 Edi‘t.
3006 5515 3193 5581 Morel.
3239 5519 3397 5569 ἱκανὸν
3431 5519 3536 5581 γάρ.
3569 5512 3674 5581 Μοῐ
3694 5511 3789 5581 Ροεε

2233 5573 2382 5640 ἐποίει
2400 5574 2527 5640 τότε,
2553 5575 2659 5623 ιιωο
2680 5573 3153 5640 τοῦτοπέρεθίζων,
3178 5581 3360 5631 desunt
3397 5569 3451 5630 in'
3482 5569 3670 5637 ἐίσην,
3695 5569 3790 5621 'sed

2232 5634 2476 5683 habentur
2497 5636 2548 5682 in
2573 5650 2687 5684 mss.
2714 5637 2932 5685 eLSavil.

2297 5697 2544 5758 εἶΙΙρῶτον
2560 5697 2707 5746 deest
2751 5699 2797 5746 in
2817 5698 2968 5747 Savil.
3012 5700 3137 5751 etin
3159 5717 3256 5754 uno
3292 5703 3477 5756 codice.
3516 5700 3637 5751 Infra
3674 5693 3788 5747 alius

2235 5756 2342 5806 cod.
2374 5756 2539 5820 φόϐου,
2561 5758 2738 5807 ποῖαδέ
2761 5759 3068 5817 κατανύξεως.
