4064 6412
402 361 509 418 2‘35

402 493 529 533 nent
551 518 567 542 ,
596 489 690 545 per
720 473 837 529 haec
865 470 1095 528 ostendit
1121 469 1297 525 divina
1322 481 1384 524 ea
1410 480 1530 521 esse
1554 480 1672 536 quae
1700 463 1948 519 dicuntur
1969 502 1986 528 ,

402 582 571 639 seque
599 566 727 620 nihil
752 564 891 634 loqui
922 563 1190 633 proprium
1210 600 1226 627 ,
1253 559 1346 614 sed
1375 573 1438 612 ea
1464 557 1666 622 dicere,
1697 570 1817 625 quae
1844 552 1994 607 andi-

403 660 504 715 vit.
535 657 785 713 lnclinari
809 656 949 710 enim
974 696 989 721 ,
1020 654 1207 722 inquit,
1238 652 1348 706 Deo
1370 663 1551 704 aurem
1587 663 1780 710 meam,
1814 643 1992 698 audivi

404 753 477 807 ab
507 753 597 805 illo
617 790 633 817 ,
663 759 718 805 et
745 764 864 819 quae
889 748 941 802 in
970 756 1202 800 mentem
1244 757 1415 797 meam
1443 756 1470 793 a
1498 738 1744 810 supernis
1764 737 1993 792 demissa

402 856 631 908 sunt,ea
663 843 801 898 dico.
850 841 918 895 Et
956 840 1077 894 ideo
1118 837 1328 893 dicebat
1372 835 1533 890 Isaias
1565 851 1578 888 :
1612 832 1861 886 Dominus
1908 830 1994 882 dat

406 939 537 993 mihi
562 939 783 1008 linguam
809 935 1073 997 doctrinm,
1102 941 1157 986 ut
1177 932 1353 995 sciant,
1380 928 1580 998 quando
1602 940 1878 980 sermonem
1917 923 1995 975 di-

400 1048 518 1086 cere
538 1037 762 1099 oporteat
776 1044 795 1082 :
806 1027 990 1097 adjecit
1008 1025 1131 1079 ntihi
1142 1040 1312 1078 aurem
1330 1023 1397 1075 ad
1409 1021 1715 1074 audiendum
1737 1016 1784 1090 (1
1791 1018 1868 1072 sai
1875 1058 1885 1068 .
1903 1015 1991 1072 50.

402 1123 485 1196 ὦ).
511 1122 580 1176 Et
596 1135 778 1176 rursus
792 1119 987 1174 Paulus
1006 1128 1018 1163 τ
1038 1115 1195 1170 Fides
1205 1131 1267 1169 ex
1285 1113 1483 1176 auditu,
1506 1111 1710 1165 auditus
1723 1119 1890 1163 autem
1907 1125 1996 1178 per

405 1213 613 1267 verbum
634 1210 729 1265 Dei
750 1209 771 1280 (
796 1210 946 1264 Rom.
981 1207 1070 1263 10.
1093 1206 1207 1278 17).
1235 1205 1394 1261 Vides
1420 1203 1566 1258 illum
1599 1217 1810 1273 quoque
1850 1201 1996 1270 prius

408 1305 576 1361 fuisse
613 1304 930 1368 auditorem,
959 1309 1013 1355 et
1045 1299 1238 1355 deinde
1275 1296 1596 1352 doctorem?
1625 1296 1691 1351 Et
1719 1295 1838 1349 ideo
1863 1293 1998 1348 dixit

409 1397 574 1451 etiam
596 1395 732 1449 alius
755 1394 1035 1463 interpres,
1064 1390 1127 1444 Et
1141 1389 1418 1444 cantillabit
1436 1403 1522 1442 cor
1537 1403 1719 1441 meum.
1740 1385 1874 1452 Quid
1890 1392 1994 1449 est,

405 1486 685 1542 cantillabit
702 1485 727 1538 Ρ
746 1485 933 1551 Canet,
953 1482 1095 1537 dicet
1114 1481 1375 1551 psalmum
1400 1479 1627 1549 aliquem
1644 1474 1994 1547 spiritualem.

403 1578 466 1633 Si
509 1587 683 1634 autem
723 1575 852 1631 dicit
898 1574 1317 1638 meditationem,
1352 1586 1422 1626 ne
1460 1568 1813 1625 couturberis.
1868 1566 1998 1634 Quae

403 1671 551 1725 enim
583 1685 610 1723 a
639 1669 838 1738 Spiritu
869 1676 1170 1737 acceperat,
1200 1682 1262 1721 ea
1291 1664 1504 1719 assidue
1531 1662 1884 1717 meditabatur
1905 1701 1919 1722 ,
1944 1669 1999 1714 et

410 1762 555 1832 apud
587 1775 645 1817 se
684 1761 971 1825 versabat;
998 1769 1052 1812 et
1078 1772 1198 1812 cum
1235 1757 1324 1811 diu
1360 1764 1645 1819 versasset,
1675 1753 1791 1808 aliis
1819 1751 1997 1822 profc-

406 1854 582 1909 rebat.
628 1851 763 1920 Quid
793 1859 875 1906 est
901 1859 1111 1917 autem,
1159 1847 1225 1903 In
1269 1845 1609 1920 parabolam?
1666 1846 1762 1900 Est
1803 1859 1996 1899 nomen

407 1944 555 2017 quod
606 1944 765 1999 habet
811 1943 979 1997 multa
1027 1940 1343 2012 signiﬁcata.
1405 1938 1502 1993 Est
1553 1938 1697 1993 enim
1749 1935 1998 2007 parabola

413 2039 651 2109 loquela,
683 2037 982 2107 exemplum
1001 2077 1016 2102 ,
1042 2043 1098 2089 et
1124 2033 1482 2104 exprobratio,
1509 2040 1565 2086 ut
1589 2030 1802 2102 quando
1827 2029 1955 2083 dicit
1981 2044 1995 2082 :

412 2129 647 2185 Posuisti
686 2144 775 2183 nos
803 2128 853 2181 in
884 2126 1178 2197 parabolam
1229 2126 1281 2178 in
1321 2122 1569 2195 gentibus,
1619 2121 2001 2176 commotionem

410 2220 593 2290 capitis
618 2220 669 2272 in
696 2218 898 2289 populis
926 2218 949 2290 (
971 2216 1115 2272 Psal.
1137 2216 1225 2271 45.
1259 2213 1388 2288 15).
1442 2214 1534 2267 Est
1561 2212 1719 2267 etiam
1750 2209 1998 2281 parabola

412 2312 583 2369 oratio
620 2309 970 2380 aenigmatica,
1016 2323 1171 2377 quam
1204 2306 1355 2361 multi
1393 2304 1574 2359 dicunt
1608 2303 1955 2372 quaestionem
1981 2340 1996 2367 ,

411 2420 534 2477 quae
562 2402 703 2459 aliud
736 2401 946 2473 quidem
976 2399 1256 2471 signiﬁcat,
1287 2396 1384 2453 sed
1424 2396 1475 2451 id
1515 2410 1621 2450 non
1646 2404 1727 2450 est
1755 2402 1997 2462 apertunt

410 2496 603 2553 Statim
624 2509 691 2549 ex
717 2492 845 2563 ipsis
873 2492 1068 2558 verbis,
1099 2489 1192 2546 sed
1235 2489 1391 2544 habet
1418 2502 1632 2543 sensum
1660 2485 1801 2539 intus
1829 2484 2000 2537 laten-

412 2596 545 2654 tem,
577 2585 870 2656 cujusmodi
895 2593 1045 2638 erant
1071 2597 1133 2638 ea
1152 2597 1269 2653 qua:
1295 2578 1741 2635 dicebatSamson
1769 2593 1783 2629 :
1816 2572 2003 2646 Egres-

409 2693 501 2732 sus
524 2686 596 2732 est
614 2692 646 2729 α
665 2675 949 2730 comedente
967 2675 1121 2738 cibus,
1154 2682 1199 2728 et
1222 2689 1253 2726 a
1275 2672 1393 2742 forti
1409 2670 1555 2724 dulce
1582 2669 1729 2740 (Jud.
1762 2668 1847 2722 14.
1876 2667 1998 2734 id);

410 2776 470 2823 et
498 2767 768 2829 Salomon,
802 2765 1267 2835 Animadvertetque
1305 2761 1620 2833 parabolam,
1652 2771 1697 2815 et
1735 2759 2002 2813 obscurum

409 2873 690 2914 smrtonent
715 2855 908 2930 (Prov.
935 2857 986 2913 1.
1019 2854 1107 2922 6).
1145 2855 1348 2909 Dicitur
1375 2854 1535 2910 etiam
1566 2852 1815 2923 parabola
1847 2850 1998 2907 simi-

413 2952 585 3006 litudo
615 2967 633 3005 :
664 2951 830 3005 Aliam
878 2949 1191 3021 parabolam,
1244 2948 1436 3019 inquit,
1485 2948 1747 3018 proposuit
1796 2945 1868 2999 eis
1923 2944 2000 2997 di-

412 3059 531 3098 cens
569 3042 791 3100 :Simile
839 3052 910 3096 est
955 3058 1165 3113 regnum
1216 3041 1452 3094 caelorum
1499 3038 1690 3092 homini
1736 3034 2003 3091 seminanti

418 3136 603 3190 bonum
615 3151 782 3191 semen
809 3133 1033 3206 (Matth.
1067 3135 1153 3189 15.
1181 3132 1251 3187 24
1270 3133 1310 3201 ).
1343 3130 1540 3185 Dicitur
1567 3130 1725 3185 etiam
1754 3127 2000 3198 parabola

424 3227 638 3298 ﬁgurata
673 3228 844 3282 oratio
875 3243 888 3279 :
921 3224 1028 3280 Fili
1049 3225 1267 3279 hominis
1285 3266 1301 3291 ,
1324 3223 1407 3277 dic
1427 3224 1507 3277 eis
1523 3221 1820 3292 parabolam
1847 3219 2000 3272 hanc.

423 3321 601 3390 Aquila
620 3337 803 3392 magna
822 3360 837 3385 ,
867 3336 1077 3391 magnas
1104 3318 1299 3372 habens
1316 3332 1506 3388 pennas
1556 3312 1783 3389 (Ezech.
1812 3314 1900 3368 17.
1944 3312 2003 3367 1-

417 3414 533 3479 3):
581 3415 804 3484 aquilam
832 3413 1015 3469 dicens
1048 3411 1269 3483 Regem.
1318 3411 1518 3466 Dicitur
1544 3410 1702 3464 etiam
1751 3405 2001 3478 parabola

416 3503 583 3573 ﬁgura
627 3514 683 3559 et
727 3505 920 3574 imago,
965 3501 1409 3574 quemadmodum
1437 3499 1666 3557 ostendit
1692 3501 1906 3563 Paulus,
1931 3497 2005 3553 di-

411 3609 543 3651 cens
572 3613 587 3650 :
616 3592 750 3648 Fide
776 3593 953 3649 obtulit
980 3593 1234 3649 Abraham
1253 3591 1408 3646 Isaac
1425 3634 1438 3658 ,
1467 3608 1582 3645 cum
1611 3599 1884 3645 tentaretur
1902 3631 1917 3655 ,
1956 3597 2003 3644 et

411 3688 727 3759 unigenitum
754 3686 992 3754 o/l'erebat
1034 3688 1078 3741 is
1103 3687 1188 3756 qui
1229 3694 1515 3755 susceperat
1544 3682 1958 3753 repromissiones
1981 3697 2001 3735 :

410 3782 549 3833 unde
569 3780 719 3833 etiam
745 3779 798 3832 in
825 3778 1069 3850 parabola
1093 3794 1203 3832 eum
1225 3774 1430 3847 retulit(
1453 3774 1607 3830 Hebr.
1634 3776 1720 3829 11.
1746 3775 1833 3828 17.
1863 3774 1964 3845 19)
1983 3788 1999 3838 ;

413 3872 519 3927 hoc
539 3882 642 3936 est,
674 3872 725 3925 in
755 3870 940 3941 ﬁgura,
971 3879 1025 3925 et
1055 3871 1106 3924 in
1149 3869 1397 3939 imagine.

485 3967 538 4021 5.
584 3963 842 4020 Lectorem
872 3964 940 4017 ad
966 3963 1339 4033 inquisitionem
1375 3962 1551 4016 invitat
1591 3960 1876 4032 Scriptura:
1914 3959 2001 4014 ob-

409 4060 647 4114 scuritas.
675 4056 908 4125 —Quid
938 4071 1065 4127 ergo
1110 4054 1211 4109 sibi
1258 4055 1371 4109 vult
1416 4055 1501 4110 hic
1544 4054 1835 4125 parabola?
1874 4053 2002 4110 Mihi

412 4150 624 4205 videtur
648 4149 828 4204 dicere
851 4148 1230 4203 narrationem.
1263 4147 1319 4203 Si
1349 4155 1527 4203 autem
1552 4145 1845 4202 orationem
1876 4146 2001 4201 facit

410 4243 696 4296 obscuram
744 4249 800 4296 et
844 4239 1253 4311 amigmaticam,
1281 4249 1336 4294 et
1376 4254 1496 4310 quae
1541 4239 1764 4293 multum
1808 4238 2000 4294 habeat

408 4334 756 4401 difﬁcultatis,
780 4348 848 4389 ne
874 4334 954 4388 sic
979 4331 1191 4403 quidem
1218 4331 1552 4387 conturberis
1584 4351 1597 4386 :
1630 4330 1732 4386 hoc
1750 4330 1892 4385 enim
1919 4329 1999 4383 fa-

409 4426 482 4481 cit
513 4436 572 4480 ut
600 4426 894 4480 auditorem
923 4426 1155 4490 excitet;
1184 4432 1239 4479 et
1261 4423 1456 4495 alioqui
1481 4422 1728 4493 quoniam
1773 4422 2000 4477 facilitas

410 4517 611 4572 multos
649 4516 716 4571 ad
760 4517 1131 4587 negligentiam
1170 4515 1403 4582 adducit,
1439 4523 1720 4585 propterea
1768 4514 2002 4584 loquitur

412 4608 472 4665 in
499 4607 768 4678 parabola.
799 4606 932 4662 Nam
962 4606 1208 4662 Christus
1245 4621 1457 4677 quoque
1488 4606 1651 4660 multa
1685 4605 2001 4675 loquebatur

409 4703 469 4757 in
499 4701 780 4771 parabolis,
812 4701 1099 4770 separatim
1138 4710 1314 4755 autem
1346 4713 1437 4754 eas
1461 4699 1704 4754 solvebat
1728 4697 1999 4767 discipulis

413 4792 605 4862 (Marc.
632 4796 684 4849 4.
716 4793 803 4849 55.
831 4794 946 4863 54).
977 4791 1233 4847 Parabola
1261 4791 1403 4846 enim
1428 4790 1646 4861 dignum
1686 4789 1753 4845 ab
1783 4788 1999 4860 indigno

408 4886 720 4957 distinguit:
750 4886 938 4957 dignus
955 4885 1095 4940 enim
1117 4884 1306 4954 quaerit
1328 4883 1565 4938 invenire
1592 4896 1653 4937 ea
1675 4895 1795 4951 quas
1812 4880 2000 4935 dicun-

408 4989 520 5042 tur,
564 4979 808 5050 indignus
834 4988 1011 5034 autem
1051 4977 1415 5048 praetereurrit
1441 4994 1453 5030 :
1483 4975 1625 5046 qttod
1675 4984 1800 5030 tunc
1837 4974 1997 5029 etiam

410 5069 612 5126 evenit.
652 5069 823 5126 Judaei
869 5071 1011 5126 enim
1060 5084 1130 5124 ne
1176 5066 1484 5123 difﬁcultate
1525 5066 1737 5136 quidem
1784 5065 1997 5120 excitati

408 5162 821 5233 impellebantur
835 5161 899 5216 ad
922 5158 1352 5230 interrogandum
1389 5179 1401 5214 :
1429 5159 1497 5213 ita
1523 5173 1628 5212 non
1654 5156 1999 5212 attendebaut

409 5254 632 5309 omnino
673 5268 735 5308 ea
777 5268 897 5325 quae
940 5252 1271 5307 dicebantur.
1321 5249 1399 5305 Ad
1461 5248 1773 5305 movendam
1818 5259 1996 5303 autem

408 5347 759 5417 quaestionem
786 5346 1002 5412 sufﬁcit,
1026 5344 1237 5416 quando
1262 5342 1386 5414 quid
1409 5341 1777 5397 adumbratum
1806 5354 2000 5410 μνορο-

408 5437 577 5493 nitur.
608 5439 865 5507 Quocirca
896 5438 1141 5495 Christus
1166 5452 1377 5508 quoque
1404 5436 1504 5492 hoc
1531 5435 1776 5499 faciebat,
1816 5443 1871 5489 et
1912 5434 1996 5489 lo-

405 5526 673 5598 quebatur
708 5529 759 5583 in
787 5529 1076 5601 parabolis,
1125 5543 1219 5583 eos
1261 5527 1539 5582 stimulans
1576 5535 1632 5582 et
1674 5526 1899 5581 incitans
1938 5534 1996 5580 nt

404 5617 594 5676 audire
621 5630 876 5692 cuperent
906 5621 1039 5706 idqui
1068 5621 1242 5690 supini
1286 5617 1623 5674 dormiebant
1651 5642 1663 5675 :
1691 5618 1784 5673 sed
1813 5633 1880 5674 ne
1918 5618 1996 5674 sic

481 5790 500 5820 ⁸
528 5787 700 5847 Morel,
723 5786 944 5850 faciebat,
971 5784 1176 5837 incitans
1199 5787 1249 5834 ut
1275 5786 1450 5835 audire
1472 5788 1716 5849 cuperent,
1743 5789 1839 5831 etc.

1531 347 1891 407 EXl‘OSlTlO
1931 344 1995 401 IN
2022 342 2340 401 PSALSlllM
2369 348 2594 404 XLVIII.

3586 362 3691 415 €26

2105 460 2319 531 quidem
2367 464 2709 519 attendebant
2736 481 2750 532 ;
2782 464 3025 536 discipuli
3057 474 3231 523 autem
3262 469 3498 526 animum
3535 477 3694 529 adhi-

2099 557 2317 624 hebant,
2364 567 2420 614 et
2464 573 2585 613 cum
2636 568 2817 615 essent
2868 562 3207 632 ignorantes,
3241 566 3323 619 vel
3353 582 3418 620 eo
3461 568 3691 625 maxime

2102 649 2405 716 manebant,
2426 651 2674 720 quoniam
2707 652 3037 722 ignorabant.
3069 655 3325 722 Quocirca
3347 659 3426 712 eis
3447 672 3688 714 seorsum

2099 744 2340 799 snlvebat
2386 745 2684 814 parabolas,
2717 755 2772 800 et
2813 745 2933 802 ideo
2968 763 3178 818 quoque
3221 749 3347 805 dicit
3378 768 3392 806 :
3424 749 3690 806 Inclinabo

2098 836 2150 889 in
2181 836 2474 906 parabolam
2515 853 2687 891 aurem
2726 854 2906 892 meam.
2948 839 3185 909 Aperiunt
3215 841 3267 895 in
3306 843 3543 911 psalterio
3571 860 3691 912 pro-

2100 930 2260 983 blema
2287 947 2472 984 meum.
2522 931 2614 985 Est
2640 942 2816 986 autem
2867 932 3140 1002 problema
3184 936 3355 988 oratio
3381 935 3606 990 obscura
3635 944 3691 991 et

2099 1021 2450 1088 muigmatica,
2469 1030 2523 1075 et
2545 1021 2664 1076 ideo
2689 1022 2812 1077 alibi
2835 1038 3045 1092 quoque
3065 1023 3192 1078 dicit
3222 1042 3235 1077 :
3264 1024 3469 1095 Loquar
3488 1027 3688 1096 proble—

2100 1122 2235 1166 mata
2265 1130 2298 1166 a
2335 1115 2686 1169 constitutione
2707 1117 2884 1169 mundi
2911 1115 3089 1187 (Psal.
3113 1118 3199 1171 77.
3246 1116 3326 1189 Ξ).
3355 1119 3690 1190 Quapropter

2100 1220 2264 1260 ausus
2293 1214 2373 1260 est
2403 1206 2563 1261 etiam
2604 1222 2798 1262 vocare
2827 1208 3139 1277 sapientiam
3160 1251 3175 1273 ,
3208 1209 3382 1265 divina
3412 1211 3574 1266 fretus
3603 1228 3690 1267 re-

2100 1296 2385 1362 velatione,
2423 1304 2475 1351 et
2503 1298 2622 1352 ideo
2648 1300 2809 1353 etiam
2838 1299 2986 1367 dicit,
3017 1299 3080 1353 In
3104 1301 3363 1371 psalterio,
3394 1302 3689 1359 doctrinam

2101 1388 2432 1457 spiritualem
2465 1389 2729 1457 indicans,
2760 1400 2813 1446 et
2839 1407 2896 1446 se
2924 1406 3156 1462 superno
3195 1411 3312 1449 esse
3351 1396 3576 1451 Numine
3606 1402 3691 1451 af-

2100 1479 2305 1536 flatum.
2339 1480 2394 1534 ln
2437 1482 2627 1537 cantici
2670 1483 2841 1538 forma
2880 1491 3058 1538 autem
3105 1484 3196 1538 dat
3241 1486 3538 1553 consilium,
3572 1502 3692 1542 ora-

2106 1573 2302 1627 tionem
2335 1573 2564 1628 reddens
2603 1576 2927 1629 suaviorem.
2968 1575 3159 1630 Vidisti
3185 1577 3344 1646 quale
3371 1580 3688 1648 prooemium

2101 1665 2445 1734 composuit?
2478 1665 2695 1720 Voeavit
2722 1666 2906 1721 orbem
2940 1676 3115 1733 teme,
3139 1684 3256 1737 quae
3285 1683 3365 1725 cst
3391 1670 3443 1724 in
3482 1672 3587 1726 vita
3613 1674 3692 1726 iu-

2102 1759 2455 1829 :equalitatem
2485 1759 2704 1828 expulit,
2753 1770 2996 1815 naturam
3039 1761 3091 1815 in
3136 1765 3446 1819 memoriam
3475 1782 3692 1821 revoca-

2107 1852 2199 1915 vit,
2230 1853 2585 1922 arrogantiam
2630 1854 2944 1922 compressit
2968 1870 2982 1919 ;
3014 1855 3276 1924 pollicitus
3297 1865 3378 1911 Cal
3407 1873 3464 1913 se
3493 1860 3689 1929 aliquid

2104 1956 2352 2011 magnum
2384 1950 2439 1997 et
2481 1942 2793 2011 praeclarum
2826 1958 2943 1999 esse
2980 1944 3283 2004 dicturum:
3314 1947 3445 2002 dixit
3473 1965 3530 2004 se
3561 1952 3689 2005 nihil

2104 2048 2169 2089 ex
2200 2048 2259 2088 se
2284 2033 2503 2088 allatum
2552 2034 2818 2104 proloqui,
2849 2035 2942 2090 scd
2972 2051 3090 2105 quae
3119 2037 3186 2091 ab
3226 2038 3317 2090 illo
3345 2039 3583 2105 audivit;
3613 2043 3689 2095 si-

2107 2125 2377 2197 gniﬁcavit
2406 2125 2458 2180 in
2483 2125 2724 2180 oratione
2744 2140 2864 2181 esse
2894 2143 3136 2197 magnam
3169 2129 3566 2199 obscuritatem,
3593 2148 3690 2189 nos

2106 2218 2337 2274 reddens
2368 2218 2715 2283 attentiores;
2748 2218 3010 2287 pollicitus
3041 2228 3124 2276 est
3149 2235 3208 2275 se
3238 2237 3334 2277 nos
3362 2224 3690 2292 spiritualem

2103 2310 2381 2365 docturum
2421 2311 2770 2380 sapientiam,
2822 2328 2978 2383 quam
3029 2323 3286 2384 perpetuo
3314 2316 3689 2372 meditabatur.

2105 2401 2456 2457 Attendamus
2502 2418 2650 2474 ergo,
2691 2411 2744 2457 et
2789 2418 2853 2458 ne
2901 2413 3296 2473 pratereamus.
3336 2406 3390 2463 Si
3429 2416 3510 2462 est
3549 2408 3692 2463 enim

2107 2494 2319 2564 sapiens
2342 2495 2533 2558 oratio,
2558 2503 2611 2549 et
2628 2494 2896 2564 parabola,
2920 2504 2973 2549 et
2997 2496 3289 2565 problema,
3306 2506 3486 2552 mente
3514 2512 3693 2554 creeta

2104 2597 2158 2642 et
2205 2586 2433 2642 excitata
2483 2601 2618 2657 opus
2657 2597 2758 2642 est.
2799 2586 2952 2653 Quod
2999 2598 3082 2644 est
3130 2604 3259 2660 ergo
3297 2592 3599 2657 consilium,
3642 2603 3696 2647 ct

2104 2677 2244 2749 quod
2276 2677 2570 2747 problema,
2591 2694 2706 2747 qua:
2726 2678 2999 2748 parabola,
3020 2687 3074 2733 et
3091 2695 3210 2749 quae
3229 2680 3507 2749 sapientia,
3533 2698 3693 2752 quant

2105 2770 2307 2825 audivit
2332 2785 2363 2825 e
2385 2771 2674 2840 supernis?
2701 2770 2752 2827 6.
2777 2769 2880 2827 Cur
2909 2771 3109 2837 timebo,
3132 2772 3317 2843 inquit,
3344 2776 3397 2827 in
3419 2774 3501 2827 die
3524 2776 3698 2831 mala!

2105 2862 2277 2926 Alius,
2308 2859 2375 2915 In
2417 2863 2591 2916 diebus
2620 2864 2850 2930 maligni.
2881 2865 3052 2929 Alius,
3094 2861 3244 2917 Mali.
3278 2864 3444 2934 Syrus
3481 2875 3656 2921 autem
3679 2908 3694 2930 ,

2106 2952 2223 3007 Rha
2375 2951 2629 3022 lniquitas
2655 2954 2877 3007 calcanei
2903 2956 2997 3007 mei
3025 2954 3357 3008 circumdabit
3383 2972 3478 3008 me.
3510 2955 3658 3011 Alius
3677 2997 3694 3020 ,

2116 3042 2451 3114 Vestigiorum
2497 3060 2736 3098 meorum.
2788 3044 3043 3099 llebra-us
3090 3054 3288 3111 autem,
3336 3046 3449 3100 Aon
3490 3046 3697 3100 αραιὺαί

2104 3134 2358 3189 isubbuni.
2394 3134 2581 3189 Vidisti
2611 3136 2878 3207 quomodo
2909 3145 2990 3190 est
3018 3136 3288 3207 problema
3314 3179 3328 3201 ,
3354 3146 3407 3192 et
3446 3138 3694 3206 aenigma,

2107 3237 2155 3283 et
2185 3227 2411 3283 obscura
2441 3229 2632 3293 oratio,
2662 3239 2716 3282 et
2737 3230 3058 3300 permultum
3089 3229 3427 3285 obscuritatis
3452 3231 3476 3284 ?
3502 3231 3627 3295 Sed,
3652 3232 3697 3288 si

2106 3320 2335 3384 videtur,
2375 3321 2606 3391 primum
2640 3321 2995 3392 intelligamus
3024 3338 3310 3393 quemnam
3342 3323 3470 3378 dicit
3500 3324 3697 3378 malum

2106 3415 2269 3471 diem.
2296 3415 2590 3483 Quemnam
2617 3430 2743 3485 ergo
2771 3415 2966 3470 malum
2998 3416 3137 3470 diem
3165 3415 3303 3471 solet
3331 3431 3524 3470 vocare
3551 3415 3699 3471 Scri-

2106 3510 2305 3581 ptura?
2335 3509 2485 3564 Diem
2527 3509 2912 3575 calamitatum,
2942 3509 3080 3565 diem
3123 3509 3525 3580 supplYCiorum,
3557 3509 3696 3567 diem

2106 3615 2485 3655 aerumnarum.
2515 3598 2667 3667 Quod
2711 3601 2871 3655 etiam
2898 3600 3026 3655 dicit
3053 3600 3178 3655 alibi
3218 3599 3447 3655 :Beatus
3492 3602 3581 3670 qui
3615 3601 3697 3656 in-

2107 3692 2288 3764 telligit
2311 3709 2464 3764 super
2488 3709 2698 3765 egenum
2724 3701 2771 3746 et
2802 3709 3076 3763 pauperem
3104 3708 3123 3745 :
3148 3692 3201 3745 in
3234 3693 3315 3746 die
3345 3693 3481 3745 mala
3511 3691 3697 3745 libera-

2107 3785 2176 3840 bit
2215 3802 2330 3839 eum
2354 3783 2603 3840 Dominus
2631 3784 2804 3854 (Psal.
2848 3784 2938 3838 10.
2964 3783 3041 3855 1).
3087 3783 3231 3838 Talis
3255 3795 3338 3838 est
3362 3793 3536 3838 autem
3582 3785 3697 3839 dies

2106 3879 2199 3935 ille
2247 3878 2456 3933 futurus
2504 3877 2876 3948 peccatoribus
2927 3874 3180 3931 terribilis
3227 3884 3281 3929 et
3326 3875 3693 3929 intolerabilis.

2108 3970 2298 4026 Vidisti
2350 3970 2578 4040 primum
2611 3970 2628 4000 ¹
2662 3967 2936 4023 decretum
2977 3982 3240 4037 supremae
3284 3965 3599 4036 sapientiae,
3644 3975 3698 4022 et

2105 4061 2372 4134 quomodo
2395 4061 2485 4117 tibi
2515 4060 2937 4126 deﬁuiatoratio,
2961 4074 3203 4129 quaenam
3229 4060 3335 4114 sint
3355 4058 3512 4129 digna
3530 4069 3695 4125 metu,

2105 4170 2349 4226 quaenam
2405 4151 2894 4209 condemnatione?
2937 4152 3047 4205 Nisi
3097 4152 3214 4220 quis
3266 4152 3408 4205 enim
3463 4151 3578 4206 haec
3620 4150 3699 4205 sic

2106 4249 2309 4318 optime
2337 4246 2647 4317 distinguat,
2694 4253 2961 4314 tamquam
3007 4244 3060 4297 in
3106 4242 3382 4311 profundis
3422 4242 3656 4297 tenebris
3682 4284 3696 4307 ,

2106 4354 2394 4411 rerumque
2419 4338 2733 4394 confusione
2754 4335 2859 4391 huc
2884 4345 2938 4391 et
2962 4335 3089 4390 illuc
3114 4334 3470 4399 circumlatus,
3497 4334 3697 4388 exitum

2105 4450 2212 4490 non
2235 4433 2455 4488 invenit.

2179 4524 2424 4579 Timenda
2447 4539 2476 4573 a
2500 4537 2598 4575 non
2618 4517 2848 4573 timendis
2869 4518 2991 4571 utile
3005 4524 3077 4571 est
3103 4532 3395 4581 secernere;
3432 4523 3691 4585 peccatum

2104 4618 2268 4674 solum
2305 4614 2525 4670 terribile
2553 4624 2625 4668 est
2652 4629 2712 4666 ac
2751 4611 3049 4665 timendum.
3079 4639 3151 4649 —
3178 4607 3291 4664 Nisi
3320 4609 3389 4662 sit
3416 4608 3567 4663 nobis
3598 4607 3697 4663 de-

2108 4712 2315 4767 ﬁnitum
2346 4719 2396 4765 et
2428 4707 2771 4763 constitutum
2796 4718 3037 4774 quaenam
3065 4702 3278 4772 quidem
3311 4701 3517 4765 timere,
3547 4714 3696 4770 quae.

2106 4821 2229 4860 nam
2262 4817 2390 4859 vero
2413 4800 2678 4856 exsecrari
2706 4806 2972 4868 oporteat,
3002 4810 3226 4866 magnus
3255 4795 3352 4850 crit
3385 4795 3435 4849 in
3467 4794 3574 4848 vita
3603 4809 3698 4849 er-
3774 4830 3779 4837 «

2105 4912 2218 4962 ror,
2244 4904 2299 4950 et
2322 4907 2570 4963 maguum
2598 4890 2911 4961 periculum.
2940 4887 3035 4941 Est
3056 4887 3196 4941 enim
3224 4894 3481 4940 extremae
3511 4899 3703 4938 amen-

2107 4989 2194 5043 tiae
2224 4987 2416 5041 limere
2442 4998 2503 5039 ea
2533 4998 2651 5054 quae
2678 4997 2783 5036 non
2829 4988 2953 5035 sunt
2982 4978 3234 5044 timenda,
3267 4992 3329 5031 ea
3368 4992 3494 5031 vero
3522 4976 3698 5031 ridere

2104 5097 2223 5152 quae
2247 5078 2368 5149 jure
2399 5075 2632 5132 timenda
2660 5084 2803 5129 sunt.
2833 5072 2887 5127 In
2921 5071 3024 5131 hoc
3050 5071 3293 5125 homines
3326 5084 3355 5122 a
3387 5069 3564 5137 pueris
3592 5067 3697 5120 dif-

2107 5176 2303 5241 ferunt,
2336 5170 2477 5244 quod
2519 5170 2571 5225 lti
2614 5168 2848 5241 quidem,
2883 5176 2941 5221 ut
2967 5180 3192 5236 quorum
3222 5177 3322 5215 non
3355 5162 3425 5216 sit
3467 5159 3694 5230 pet-fulta

2105 5268 2281 5323 adhuc
2309 5263 2677 5335 intelligentia,
2709 5262 2885 5315 larvas
2915 5259 3123 5322 timent,
3150 5253 3495 5324 hominesque
3524 5253 3694 5307 saccis

2170 5464 2186 5495 ³
2223 5470 2341 5520 Vox,
2361 5456 2591 5523 primum,
2614 5456 2759 5505 deest
2776 5454 2825 5502 iu
2848 5449 2988 5500 Savil.
3019 5455 3071 5497 et
3092 5442 3142 5496 iu
3166 5457 3264 5495 uno
3286 5442 3475 5494 Codice.

2167 5545 2240 5607 (ιι)
2274 5551 2372 5592 Non
2395 5548 2540 5605 Syrus
2576 5536 2736 5593 modo,
2760 5533 2850 5583 sed
2890 5532 3037 5607 etiam
3065 5528 3305 5607 ttebraatts
3325 5525 3693 5607 ra,babet.

2104 5596 2310 5667 lto‘x'hae
2333 5596 2499 5671 voces,
2524 5610 2663 5664 imi
2687 5609 2824 5687 *αρν
2845 5608 2942 5684 py,
2958 5599 3246 5663 signiﬁcant,
3270 5596 3498 5661 ittiquitas
3532 5597 3696 5646 calca-

2103 5721 2298 5760 neorum
2320 5714 2533 5755 meorum
2556 5695 2871 5750 circumdabit
2892 5706 3000 5760 me;
3019 5693 3158 5755 juxta
3180 5691 3509 5753 Symmachum
3529 5698 3695 5741 autem

2105 5754 2358 5823 vertendae
2376 5754 2511 5827 sunt,
2538 5760 2765 5826 iniquitas
2787 5754 3090 5822 restigiorum
3109 5766 3341 5806 meorum.
