4064 6412
520 341 618 396 2-7

521 450 770 515 indutos;
801 459 1003 522 patrem
1034 455 1207 500 autem
1252 453 1342 497 aut
1386 451 1610 497 matrem
1639 441 1956 496 contumelia
1981 441 2100 494 affi-

519 558 642 596 cere
693 543 822 598 nihil
849 555 968 596 esse
1011 537 1355 599 existimant;
1389 545 1442 590 ct
1487 534 1538 587 in
1572 535 1745 604 ignem
1794 531 2006 602 quidem
2051 540 2105 585 et

521 635 767 689 lucernas
807 631 1054 685 ardentes
1085 628 1335 690 insiliunt,
1366 624 1618 694 strepitus
1641 632 1816 677 autem
1845 621 2104 692 quosdam

524 725 742 778 minime
762 721 1023 776 limen-dos
1043 720 1398 772 extimescunt
1422 734 1434 769 :
1459 715 1556 770 viri
1578 724 1752 768 autem
1772 713 1898 767 nihil
1915 714 2103 767 horum

522 824 729 870 curant.
760 814 890 880 Quia
922 825 1048 881 ergo
1076 809 1226 864 multi
1258 817 1381 862 sunt
1425 805 1602 876 pueris
1631 804 1922 867 stultiores,
1945 801 2106 856 tradit

522 905 658 960 hanc
687 902 1102 964 distinctionem,
1124 910 1178 954 et
1201 899 1328 952 dicit
1353 911 1594 966 qutcnam
1627 895 1812 948 timere
1838 900 2101 962 oporteat,

522 1016 624 1054 non
657 1013 716 1053 ea
746 1012 864 1066 qua:
908 995 1087 1050 multis
1116 990 1361 1047 videntur
1408 989 1686 1052 terribilia,
1739 993 2103 1056 paupertatem

521 1089 664 1155 dico,
699 1087 1060 1158 ignominiam,
1087 1092 1142 1138 et
1189 1082 1433 1137 morbum
1465 1081 1483 1151 (
1511 1079 1623 1134 haec
1665 1077 1806 1132 enim
1837 1092 1943 1131 non
1983 1082 2108 1130 sunt

521 1181 694 1234 solum
725 1179 906 1232 multis
934 1176 1210 1242 terribilia,
1243 1172 1336 1229 sed
1362 1173 1520 1227 etiam
1550 1171 1777 1226 molesta
1807 1177 1860 1223 et
1887 1167 2063 1238 gravia
2089 1183 2104 1232 ;

520 1281 573 1326 at
601 1271 731 1325 nihil
759 1271 945 1323 horum
973 1268 1074 1322 tale
1094 1281 1214 1322 esse
1239 1265 1466 1335 statuit),
1492 1263 1589 1318 sed
1614 1263 1783 1316 solum
1810 1268 2106 1331 peccatum:

524 1363 625 1417 hoc
653 1363 792 1416 enim
822 1360 922 1414 sibi
946 1360 1052 1413 vult
1083 1356 1230 1421 illud,
1261 1356 1512 1426 Iniquitas
1534 1353 1756 1406 calcanei
1782 1351 1878 1404 mei
1898 1351 2111 1403 circum-

521 1454 661 1508 dabit
705 1469 802 1506 nte.
845 1451 955 1505 lloc
983 1459 1064 1504 est
1108 1465 1234 1518 ergo
1279 1447 1448 1501 oratio
1493 1444 1844 1514 :enigmatica,
1889 1441 1990 1496 hoc
2028 1449 2111 1496 est

523 1561 693 1604 novus
725 1555 905 1612 tropus
935 1551 987 1595 et
1026 1537 1375 1595 admirabilis.
1410 1535 1577 1590 Valde
1620 1534 1761 1588 enim
1809 1547 2000 1586 novum
2029 1531 2108 1584 vi-

483 1705 487 1712 ,
525 1637 681 1691 detur
705 1650 824 1690 esse
865 1633 1045 1687 multis
1069 1641 1122 1687 et
1149 1628 1459 1684 admirabile
1498 1626 1696 1691 dicere,
1729 1641 1834 1679 non
1864 1632 2110 1693 oportere

525 1728 813 1796 quidquam
863 1724 1050 1778 timere
1095 1736 1277 1777 eorum
1308 1735 1427 1789 quae
1474 1727 1598 1771 sunt
1625 1718 1674 1770 in
1703 1718 1804 1770 vita
1851 1715 2028 1786 gravia
2059 1723 2111 1768 et

524 1820 767 1872 molesta.
821 1815 956 1882 Quid
1001 1828 1130 1882 ergo
1187 1812 1404 1877 timebo,
1456 1809 1645 1879 inquit,
1697 1809 1748 1862 in
1799 1807 1885 1861 die
1929 1806 2110 1860 mala?

527 1909 701 1966 Unum
730 1919 957 1972 tantum,
981 1922 1046 1960 ne
1077 1904 1213 1960 forte
1243 1904 1342 1957 vite
1369 1917 1502 1956 mea:
1530 1910 1584 1955 et
1613 1900 1732 1953 vitae
1758 1898 2005 1968 iniquitas
2027 1913 2110 1953 me

526 2000 840 2054 circumdet.
888 1997 1036 2052 Solet
1080 1995 1352 2064 Scriptura
1417 1991 1653 2046 fraudem
1697 2005 1888 2044 vocare
1934 1989 2110 2042 calca-

527 2109 682 2147 neum
719 2109 730 2143 :
767 2090 867 2156 Qui
892 2089 1064 2142 edebat
1090 2086 1252 2148 enim,
1280 2084 1465 2154 inquit,
1495 2099 1688 2135 mecum
1715 2097 1915 2150 panem,
1945 2089 2112 2132 sustu-

526 2184 658 2237 litin
698 2199 776 2235 me
813 2181 1101 2234 calcaneum
1131 2176 1299 2248 (Psal.
1343 2175 1431 2230 40.
1483 2172 1591 2246 10).
1637 2173 1701 2226 ΕΙ.
1742 2172 1883 2226 Esau
1927 2182 2112 2223 rursus

527 2276 738 2330 dicebat
761 2274 826 2328 de
853 2272 1018 2327 Jacob
1051 2289 1064 2325 :
1098 2270 1216 2323 Jam
1243 2267 1460 2322 secundo
1486 2283 1563 2319 me
1590 2262 1931 2334 supplantavit
1957 2260 2108 2331 (Gen.

524 2368 612 2421 27.
644 2365 760 2434 36).
811 2364 904 2417 Est
934 2363 1072 2416 enim
1121 2368 1395 2430 peccatum
1439 2373 1529 2413 res
1569 2355 1850 2425 ejusmodi,
1898 2352 2113 2407 fraudu-

528 2459 690 2518 lenta,
743 2463 802 2510 et
846 2464 966 2523 apta
1011 2452 1080 2506 ad
1124 2449 1506 2520 arripiendum.
1538 2448 1671 2514 Hoc,
1706 2447 1894 2517 inquit,
1925 2460 2112 2500 vereor

531 2557 803 2618 peccatum
832 2546 973 2615 quod
1007 2560 1091 2598 me
1120 2544 1338 2613 decipit,
1367 2542 1505 2612 quod
1545 2556 1630 2595 me
1655 2538 1968 2594 circumdat.

600 2640 652 2692 4.
687 2637 753 2690 Et
775 2637 892 2689 ideo
910 2635 1105 2688 Paulus
1128 2633 1178 2686 id
1201 2642 1351 2686 vocat
1373 2631 1768 2685 circumsistens
1810 2626 1996 2698 (Hebr.
2023 2625 2110 2681 12.

531 2733 605 2798 l),
622 2729 944 2798 significans,
961 2727 1009 2781 id
1024 2725 1161 2798 quod
1179 2726 1448 2790 continue,
1463 2723 1604 2794 quod
1622 2723 1794 2789 facile,
1812 2721 1952 2793 quod
1968 2721 2114 2777 nullo

530 2823 695 2876 ambit
725 2831 778 2875 et
801 2818 1092 2875 circumdat
1121 2818 1350 2890 negotio.
1381 2819 1434 2872 ln
1460 2816 1542 2871 his
1562 2831 1689 2886 ergo
1713 2815 1922 2885 judiciis
1948 2814 2115 2869 multa

532 2916 720 2968 timent
751 2912 1016 2979 homines,
1042 2922 1095 2966 et
1121 2911 1226 2964 vim
1253 2925 1433 2979 opum,
1465 2917 1518 2963 et
1547 2907 1858 2978 potentiam,
1891 2914 1944 2960 et
1971 2905 2115 2974 inju-

529 3009 691 3074 riam,
720 3015 772 3060 et
798 3004 1036 3060 fraudem
1071 3019 1083 3054 :
1115 3002 1222 3056 illic
1244 3011 1418 3056 autem
1449 3000 1580 3054 nihil
1602 3008 1682 3053 est
1709 2997 1990 3066 ejusmodi,
2020 2995 2116 3052 sed

531 3106 806 3168 peccatum
848 3094 1022 3149 solum
1066 3103 1147 3148 est
1177 3091 1433 3157 terribile,
1477 3091 1614 3161 quod
1657 3089 1890 3161 undique
1929 3089 2118 3144 circuit

530 3204 624 3242 eos
667 3191 755 3257 qui
805 3186 1104 3254 capiuntur,
1153 3183 1367 3253 gravius
1413 3197 1570 3251 quam
1613 3181 1786 3251 quivis
1828 3180 2114 3235 exercitus.

532 3279 666 3332 Sunt
707 3293 834 3345 ergo
863 3276 1039 3330 omnia
1079 3273 1303 3343 agenda,
1335 3281 1390 3326 ut
1419 3287 1525 3326 non
1551 3271 1618 3327 ab
1662 3271 1777 3341 ipso
1817 3270 2115 3326 circumde-

533 3383 688 3431 mur;
717 3377 995 3436 postquam
1018 3372 1193 3417 autem
1215 3362 1501 3417 viderimus
1528 3361 1577 3415 id
1599 3375 1696 3416 nos
1723 3360 1860 3416 velle
1878 3374 2120 3428 compre-

537 3457 792 3520 hendere,
825 3463 1037 3525 oportet
1078 3453 1195 3522 ejus
1240 3449 1550 3506 occasiones
1589 3450 1788 3520 fugere,
1823 3459 1878 3503 ut
1926 3448 2120 3503 faciunt

536 3549 730 3620 egregii
763 3547 959 3601 milites
992 3563 1005 3599 :
1038 3543 1177 3615 quod
1205 3544 1248 3598 si
1276 3545 1434 3598 etiam
1479 3542 1616 3612 capti
1647 3541 1922 3606 fuerimus,
1955 3557 2117 3611 opor-

536 3655 608 3699 let
651 3643 700 3696 id
728 3641 974 3696 celeriter
1020 3638 1346 3704 rescindere,
1378 3634 1822 3706 quemadmodum
1866 3633 1991 3689 fecit
2017 3633 2120 3687 Da-

533 3735 642 3802 vid,
679 3734 766 3804 qui
800 3749 895 3802 per
925 3731 1287 3802 pmnitentiam
1314 3729 1454 3784 vires
1480 3727 1594 3798 ejus
1623 3726 1845 3782 abscidit
1873 3727 1950 3796 (2.
1987 3726 2116 3796 Reg.

537 3828 622 3884 12.
658 3827 771 3895 15).
800 3824 920 3878 Fuit
943 3823 1086 3878 enim
1129 3822 1197 3877 ab
1225 3836 1290 3877 eo
1310 3819 1690 3888 circumdatus,
1723 3818 1816 3874 sed
1847 3817 1897 3873 id
1942 3817 2120 3871 statim

537 3919 736 3990 cffugit.
765 3917 863 3985 Qui
889 3915 993 3970 hoc
1019 3914 1271 3978 timuerit,
1295 3913 1424 3967 nihil
1445 3912 1588 3967 aliud
1614 3927 1864 3981 umquam
1893 3909 2118 3972 timebit,

540 4011 634 4066 sed
681 4008 923 4062 irridebit
970 4021 1032 4060 ea
1061 4021 1178 4075 qua:
1228 4005 1279 4058 in
1312 4003 1559 4073 prmsenti
1602 4004 1704 4057 vita
1736 4003 1875 4058 bona
1900 4011 2041 4067 sunt,
2071 4010 2123 4054 et

539 4117 659 4170 qua:
688 4099 910 4153 molesta
954 4104 1076 4150 sunt
1116 4103 1441 4155 contemnet,
1471 4109 1589 4149 cum
1627 4094 1773 4148 solus
1820 4094 1908 4147 ille
1951 4102 2121 4148 metus

541 4193 655 4261 ejus
681 4198 913 4244 mentem
958 4187 1139 4258 agitet.
1171 4185 1311 4240 Nihil
1336 4185 1498 4248 enim,
1532 4185 1660 4240 nihil
1701 4195 1844 4239 certe
1872 4183 2011 4238 aliud
2044 4192 2125 4237 est

542 4285 590 4338 ei
625 4280 976 4343 formidabile,
1025 4277 1113 4348 qui
1153 4285 1236 4330 cst
1265 4275 1366 4330 hoc
1413 4277 1602 4329 timore
1646 4276 1896 4343 praeditus
1927 4291 1939 4324 :
1968 4282 2124 4341 atque

539 4375 746 4430 adeone
790 4373 903 4441 ipsa
939 4370 1154 4441 quidem
1181 4381 1349 4429 mors,
1378 4381 1495 4435 quae
1525 4374 1606 4420 est
1630 4375 1787 4435 caput
1814 4381 1990 4419 rerum
2021 4375 2126 4419 ter-

541 4467 794 4530 ribilium,
824 4463 925 4518 nisi
963 4462 1065 4516 hoc
1094 4475 1254 4514 unum
1283 4457 1472 4513 solum.
1519 4456 1839 4524 Quomodo?
1864 4456 2122 4524 QUOItinm

544 4559 702 4612 tradit
738 4556 1018 4627 gehenntn,
1045 4553 1293 4623 quoniam
1347 4549 1659 4602 transmittit
1704 4549 1766 4603 ad
1809 4549 2123 4603 immortalia

542 4648 815 4716 supplicia.
847 4645 902 4701 Si
947 4645 1063 4713 quis
1093 4657 1276 4696 rursus
1305 4641 1355 4694 iu
1398 4656 1463 4694 eo
1494 4655 1550 4694 se
1579 4647 1722 4694 recte
1760 4639 2006 4708 gesserit,
2040 4639 2118 4692 in-

545 4739 689 4792 ducit
713 4751 927 4790 onmem
959 4736 1225 4788 virtutem.
1267 4732 1452 4801 Cogita
1483 4733 1626 4786 enim
1657 4741 1851 4800 quanta
1893 4744 1978 4784 res
2021 4731 2122 4795 sit,

545 4846 644 4884 nec
683 4828 837 4882 bonis
880 4824 1038 4879 rebus
1079 4824 1461 4888 intumescere,
1490 4837 1590 4876 nec
1619 4823 1855 4877 molestis
1893 4822 2127 4875 animum

547 4919 846 4981 demittere,
874 4913 1213 4984 praesentium
1233 4912 1426 4967 nullam
1450 4913 1708 4967 rationem
1722 4912 1936 4980 dueere,
1954 4912 2127 4967 futura

548 5011 838 5074 rcapicere,
871 5006 1010 5060 diem
1053 5005 1201 5059 illum
1230 5011 1560 5072 exspectare,
1595 5003 1648 5057 in
1677 5003 1766 5057 tali
1812 5013 1952 5057 metu
1997 5003 2130 5057 assi-

549 5107 652 5160 due
668 5103 890 5159 versari.
922 5099 1021 5166 Qui
1049 5099 1166 5156 talis
1191 5106 1289 5163 est,
1316 5099 1418 5152 erit
1441 5098 1682 5167 angelus,
1710 5097 1798 5166 qui
1833 5095 1937 5151 hoc
1959 5096 2130 5150 solum

553 5198 788 5252 timuerit
816 5203 870 5250 et
910 5193 1040 5247 nihil
1085 5189 1224 5244 aliud
1253 5207 1267 5244 ε
1301 5189 1431 5244 nihil
1476 5189 1616 5242 enim
1647 5187 1788 5242 aliud
1833 5185 2057 5251 timebit,
2085 5186 2130 5239 si

552 5291 655 5347 hoc
680 5304 843 5343 unum
867 5285 1100 5341 timuerit
1120 5291 1178 5336 ut
1202 5282 1386 5336 timere
1410 5289 1620 5350 oportet
1647 5297 1659 5331 :
1688 5277 2132 5349 quemadmodum

553 5383 640 5451 qui
670 5395 773 5433 non
818 5379 921 5432 hoc
952 5374 1204 5440 timuerit,
1230 5375 1272 5428 is
1299 5373 1398 5428 erit
1424 5371 1684 5426 obnoxius
1710 5371 1890 5426 multis
1918 5371 2131 5424 terrori-

557 5473 676 5526 bus.
708 5473 761 5525 7.
811 5470 910 5536 Qui
951 5469 1210 5538 conﬁdunt
1239 5469 1291 5520 in
1319 5467 1496 5519 virtute
1523 5482 1616 5518 sua
1648 5473 1692 5518 et
1735 5465 1787 5517 in
1817 5464 2136 5518 multitudine

563 5561 844 5614 divitiarum
885 5576 1090 5612 suarum
1129 5559 1430 5628 gloriantur.
1460 5556 1633 5620 Alius,
1678 5555 2049 5625 Superbientes.
2079 5554 2132 5608 8.

567 5646 746 5700 Frater
768 5665 865 5701 non
891 5649 1108 5710 redimit,
1140 5649 1344 5700 redimet
1371 5646 1559 5699 homo?
1582 5643 1701 5699 Non
1732 5645 1867 5698 dabit
1899 5640 2002 5697 Deo
2024 5645 2137 5712 pla-

569 5737 808 5790 cationeut
839 5755 999 5805 suam,
1029 5739 1079 5793 9.
1112 5749 1155 5791 et
1177 5739 1388 5808 pretium
1418 5737 1766 5807 redemptionis
1792 5736 1973 5791 anima:
2010 5751 2131 5790 uae.

1210 334 1265 388 S.
1307 329 1582 387 JOANNlS
1617 328 2084 390 CIIRYSUSTOMI
2126 330 2442 386 ARCllll-IP.
2487 331 3024 388 CONSTANTINOP.

3683 341 3772 394 Ξὲὸ

2215 442 2280 496 Et
2318 460 2561 512 qumnam
2591 456 2672 500 est
2703 447 2815 501 haec
2840 450 3222 518 consequentia
3246 451 3267 502 ?
3294 450 3484 506 dixerit
3512 453 3775 523 quispiam.

2213 535 2462 602 Pulchra,
2494 548 2548 591 et
2573 548 2718 593 recte
2738 539 3036 605 coluerens,
3065 551 3119 596 et
3145 558 3464 612 magnopere
3489 544 3778 614 dependens

2211 641 2238 678 a
2265 627 2548 696 prioribus.
2588 631 2721 698 Quia
2753 633 2893 686 enim
2935 634 3248 702 lotjuebatur
3288 636 3356 690 de
3387 635 3604 705 judicio,
3647 639 3780 695 etde

2213 717 2298 772 illa
2348 720 2566 774 terribili
2612 722 2881 778 reddenda
2929 725 3156 790 ratione,
3189 739 3243 780 et
3269 725 3337 781 de
3378 729 3636 782 sententia
3672 743 3781 798 quze

2213 812 2480 880 corrumpi
2504 827 2608 866 non
2635 824 2806 881 potest
2837 833 2851 868 :
2881 817 3034 870 multi
3060 826 3238 873 autem
3263 821 3315 872 in
3348 819 3411 874 iis
3434 835 3551 890 qua:
3571 818 3654 874 hic
3670 835 3782 877 sunt

2210 898 2444 968 judiciis,
2468 901 2733 971 judicibus
2760 907 2972 975 emptis,
2998 907 3086 976 jus
3114 920 3483 978 corruperunt,
3505 921 3557 965 et
3585 927 3780 980 ptenam

2217 991 2485 1058 vitarunt;
2541 996 2858 1050 sententiam
2908 997 3051 1051 illam
3099 1015 3218 1069 quae
3263 1001 3483 1057 minime
3530 1006 3781 1075 corrumpi

2215 1090 2389 1152 potest
2416 1085 2734 1153 praedicans,
2780 1099 2831 1142 et
2861 1105 3019 1158 quem
3062 1091 3206 1160 prius
3247 1092 3379 1146 dixit
3417 1094 3652 1149 timorem
3693 1112 3782 1150 au-

2212 1190 2364 1245 gens,
2390 1176 2502 1231 harc
2528 1177 2821 1246 subjunxit,
2839 1180 3132 1234 ostendens
3152 1195 3209 1236 se
3236 1191 3378 1238 recte
3393 1181 3615 1251 dixisse,
3637 1200 3781 1254 opor-

2220 1279 2332 1324 tere
2359 1285 2523 1323 unum
2549 1284 2669 1325 esse
2693 1271 2962 1336 timorem,
2993 1287 3187 1341 nempe
3210 1289 3331 1327 eum
3363 1275 3446 1342 qui
3478 1291 3539 1328 ex
3582 1288 3782 1344 peccato

2221 1361 2600 1430 proficiscitur,
2628 1369 2684 1416 et
2725 1363 2928 1417 nullum
2957 1364 3142 1418 alium.
3187 1363 3282 1419 Jus
3306 1366 3446 1420 enim
3476 1381 3580 1421 non
3624 1377 3782 1436 potest

2221 1450 2328 1504 illic
2381 1453 2649 1522 corrumpi
2697 1453 2917 1521 pecunia
2953 1471 2966 1505 :
3001 1470 3100 1509 nec
3147 1455 3272 1511 licet
3313 1456 3468 1510 donis
3514 1458 3782 1527 seipsume

2216 1544 2460 1613 gehenua
2495 1545 2702 1614 eripere
2732 1566 2745 1600 :
2778 1560 2877 1600 nec
2903 1547 3127 1600 salutem
3153 1546 3342 1600 afferre
3375 1557 3546 1616 potest
3568 1551 3780 1617 patroci-

2218 1637 2364 1691 nium
2391 1646 2442 1692 et
2465 1636 2692 1692 oratoris
2718 1637 2979 1702 defensio,
3009 1652 3108 1692 nec
3131 1638 3327 1707 aliquid
3355 1639 3522 1692 aliud.
3549 1640 3782 1706 Quamvis

2218 1731 2360 1785 enim
2393 1731 2466 1785 sis
2493 1730 2660 1794 dives,
2688 1731 2930 1799 quamvis
2960 1739 3168 1800 potens,
3195 1735 3436 1800 quamvis
3461 1733 3614 1787 alicui
3643 1745 3782 1788 notus

2222 1831 2271 1874 et
2301 1821 2593 1886 familiaris,
2618 1821 2732 1876 hmc
2757 1822 2937 1876 omnia
2963 1830 3084 1876 sunt
3114 1821 3217 1875 illic
3245 1823 3447 1876 inutilia
3471 1840 3484 1886 ;
3515 1823 3619 1877 illic
3639 1839 3778 1878 unus-

2219 1911 2443 1982 qu'sque
2468 1929 2534 1966 ex
2564 1911 2716 1966 factis
2742 1911 2824 1966 vel
2855 1913 3090 1982 punitur,
3119 1911 3200 1966 vel
3223 1924 3527 1966 coronatur.
3555 1914 3784 1981 Quando~

2221 2004 2431 2074 quidem
2466 2015 2517 2059 et
2565 2005 2653 2074 qui
2700 2015 2815 2059 erat
2840 2015 2996 2059 a'tate
3021 2004 3228 2069 Lazari,
3274 2005 3426 2060 valde
3455 2005 3599 2060 dives
3639 2016 3779 2070 erat,

2221 2094 2313 2148 sed
2362 2095 2492 2148 nihil
2537 2097 2584 2149 ei
2616 2099 2928 2166 profuerunt
2971 2096 3168 2150 divitiae
3215 2095 3364 2168 (Luc.
3419 2098 3507 2168 16)
3541 2116 3552 2152 :
3581 2106 3632 2152 et
3659 2109 3784 2152 noue

2220 2193 2374 2238 erant
2415 2185 2648 2256 virgines
2679 2185 2990 2255 virginibus,
3020 2185 3113 2240 sed
3155 2186 3283 2239 nihil
3314 2201 3409 2241 eas
3430 2187 3566 2256 juvit
3605 2189 3686 2241 illa
3713 2189 3782 2240 fa-

2220 2277 2497 2331 miliaritas
2542 2277 2754 2350 (Matth.
2785 2278 2879 2347 25)
2913 2299 2926 2334 :
2959 2294 3119 2332 unum
3163 2288 3247 2333 est
3283 2280 3432 2334 enim
3479 2279 3586 2334 illic
3629 2280 3782 2334 solum

2221 2370 2361 2439 quod
2387 2370 2668 2438 qumritur.
2696 2368 2805 2423 Vos
2831 2385 2979 2438 ergo,
3007 2369 3191 2439 inquit,
3223 2371 3310 2439 qui
3333 2371 3525 2439 opibus
3551 2370 3717 2434 fidititt,
3739 2384 3785 2423 et

2221 2461 2350 2514 estis
2377 2461 2687 2514 circumdati
2713 2461 2969 2530 potentia,
3003 2460 3194 2515 frustra
3226 2461 3576 2516 intumescitis
3596 2482 3609 2516 :
3631 2476 3785 2530 neque

2221 2553 2366 2605 enim
2391 2551 2666 2606 vobiscum
2694 2552 3079 2606 transmittetur
3109 2551 3159 2605 in
3204 2551 3330 2605 illud
3357 2552 3612 2620 judicium
3639 2567 3780 2621 pecu-

2222 2645 2325 2698 nize
2367 2643 2708 2707 abundantia,
2759 2659 2857 2697 nec
2907 2644 3045 2697 vires
3095 2643 3382 2712 potentiae;
3416 2643 3509 2699 sed
3557 2658 3652 2697 nec
3690 2642 3783 2696 ulta

2223 2736 2560 2790 necessitudo
2589 2743 2680 2788 aut
2720 2734 2986 2804 cognatio,
3038 2748 3134 2788 nec
3183 2733 3381 2804 aliquid
3422 2733 3674 2803 ejusmodi
3701 2747 3782 2786 vos

2223 2827 2328 2881 illic
2360 2826 2566 2895 eripiet.
2611 2825 2724 2879 Non
2757 2825 2883 2880 licet
2923 2826 3031 2879 illic
3058 2825 3245 2878 solutis
3286 2827 3548 2894 pecuniis,
3575 2833 3660 2880 aut
3692 2824 3782 2879 ulla

2223 2918 2545 2988 expiatione,
2577 2927 2666 2972 aut
2692 2917 2864 2988 pretio
2887 2917 3076 2970 animae
3108 2916 3272 2970 ullum
3303 2933 3553 2986 umquam
3580 2917 3780 2971 servari.

2228 3007 2366 3076 Quid
2395 3023 2522 3076 ergo
2553 3016 2634 3062 est
2659 3007 2801 3077 quod
2827 3006 2958 3061 dicit
2982 3005 3253 3075 Scriptura
3285 3027 3298 3061 :
3329 3004 3507 3059 Facite
3532 3005 3661 3060 vobis
3675 3008 3791 3060 ami-

2224 3116 2310 3153 cos
2336 3116 2397 3153 ea:
2439 3099 2611 3169 iniquo
2652 3115 2905 3164 ntamona,
2934 3106 2988 3151 ut
3027 3114 3111 3151 vos
3150 3097 3396 3166 recipiant
3423 3098 3473 3150 in
3505 3108 3681 3152 attenta
3719 3107 3784 3146 ta-

2225 3191 2494 3245 bernacula
2547 3189 2696 3262 (Luc.
2743 3189 2830 3244 16.
2873 3188 2975 3259 9)?
3003 3188 3264 3255 Quidnam
3309 3198 3396 3244 est
3423 3189 3562 3260 quod
3604 3187 3783 3242 dictum

2224 3295 2305 3339 est
2327 3285 2349 3336 ?
2373 3283 2512 3340 Nihil
2559 3283 2903 3348 contrarium,
2938 3297 3036 3337 nec
3065 3295 3367 3351 repugnans
3395 3281 3666 3351 prioribus,
3703 3293 3784 3331 seu

2227 3375 2379 3430 valde
2449 3375 2608 3429 etiam
2672 3373 3033 3427 consentiens.
3081 3371 3137 3425 ln
3192 3373 3445 3441 praesenti
3508 3371 3647 3427 cnim
3693 3369 3785 3421 vita

2225 3465 2448 3523 faciendi
2500 3475 2624 3520 sunt
2677 3465 2873 3530 amici,
2929 3464 3183 3520 solvendo
3235 3465 3524 3534 pecunias,
3578 3477 3784 3531 erogan-

2225 3557 2296 3613 do
2334 3573 2397 3612 ac
2434 3556 2796 3612 consumendo
2841 3554 3119 3610 facultates
3161 3555 3214 3609 in
3243 3569 3461 3624 egenos.
3516 3553 3652 3608 Nihil
3675 3564 3787 3620 ergo

2229 3651 2314 3706 hic
2354 3650 2494 3705 aliud
2542 3649 2822 3721 significat,
2851 3649 2952 3704 nisi
3000 3648 3199 3718 largam
3248 3659 3301 3701 et
3350 3649 3620 3718 copiosam
3661 3644 3786 3698 elee-
3881 3679 3883 3682 ‹

2228 3759 2527 3815 mosynam.
2574 3744 2629 3799 Si
2671 3743 2813 3798 enim
2844 3757 2966 3797 cum
3015 3740 3146 3794 nihil
3193 3754 3380 3794 eorum
3422 3739 3631 3804 feceris,
3678 3735 3788 3788 illuc

2228 3838 2467 3902 recedas,
2525 3851 2680 3889 nemo
2719 3845 2771 3890 te
2819 3833 3087 3889 defendet.
3147 3832 3325 3901 Neque
3367 3832 3510 3886 enim
3559 3843 3651 3883 nos
3703 3825 3787 3879 de-

2231 3930 2396 3984 fendit
2431 3929 2639 3983 illorum
2683 3926 2935 3992 amicitia,
2977 3923 3069 3979 sed
3097 3922 3237 3992 quod
3277 3939 3342 3978 ex
3385 3935 3625 3977 mamona
3651 3915 3788 3972 amici

2233 4029 2355 4083 facti
2399 4027 2597 4082 fuerint
2626 4045 2639 4083 :
2669 4033 2950 4095 propterea
2982 4021 3195 4091 adjecit,
3222 4019 3425 4074 Amicos
3453 4036 3513 4073 ea:
3539 4029 3754 4072 ntamona
3773 4051 3788 4076 ,

2232 4130 2289 4175 ut
2317 4120 2453 4175 scias
2479 4117 2620 4187 quod
2649 4117 2764 4185 ipsa
2798 4125 2885 4169 tua
2929 4128 3091 4183 opera
3124 4112 3216 4166 tibi
3255 4119 3476 4180 parcent
3503 4109 3541 4174 ⁸,
3572 4108 3789 4162 eleemo-

2231 4227 2384 4284 syna,
2413 4210 2716 4272 clementia,
2746 4208 2798 4262 in
2824 4220 3083 4276 pauperes
3102 4203 3484 4259 mortificentia.
3511 4201 3638 4256 Nam
3667 4192 3788 4266 quod

2234 4319 2332 4357 nec
2361 4301 2632 4371 cognatio,
2665 4315 2764 4354 nec
2808 4296 3144 4352 necessitudo
3173 4295 3458 4365 quidquam
3487 4289 3645 4362 prosit
3683 4285 3790 4340 abs-

2233 4410 2336 4466 que
2367 4392 2634 4463 operibus,
2683 4390 2805 4445 audi
2845 4389 2988 4458 quod
3032 4388 3158 4442 dicit
3200 4385 3456 4456 propheta
3487 4401 3501 4437 :
3530 4381 3589 4438 Si
3623 4373 3791 4433 steterit

2236 4489 2372 4555 Noe,
2400 4499 2445 4542 et
2464 4486 2584 4552 Job,
2611 4497 2658 4540 et
2698 4484 2902 4550 Daniel,
2937 4483 3069 4552 ﬁlios
3097 4498 3214 4535 suos
3242 4490 3287 4533 et
3316 4480 3450 4548 ﬁlias
3470 4492 3585 4532 suas
3619 4487 3712 4525 non
3734 4467 3792 4521 li-

2234 4585 2471 4637 berabunt
2507 4581 2714 4652 (Ezeclt.
2760 4581 2849 4634 14.
2883 4579 2972 4633 14.
3006 4577 3116 4646 18).
3148 4575 3213 4629 Et
3247 4573 3373 4644 quid
3415 4572 3534 4628 dico
3560 4570 3608 4622 in
3637 4565 3791 4619 futura

2236 4676 2362 4740 vita,
2391 4672 2602 4743 quando
2632 4685 2729 4726 nec
2758 4671 2812 4725 in
2859 4667 3110 4740 prmsenti
3140 4667 3424 4736 quidquam
3450 4663 3598 4732 juvat
3622 4653 3790 4711 amici-

2237 4768 2305 4821 tia
2332 4767 2355 4820 ?
2393 4765 2658 4832 Quantum
2690 4763 2821 4818 luxit
2848 4772 2904 4816 et
2945 4761 3088 4816 flevit
3118 4758 3353 4825 Samuel,
3387 4766 3440 4812 et
3467 4755 3674 4810 Saulem
3700 4760 3792 4802 non

2235 4858 2428 4927 eripuit
2467 4857 2540 4927 (I.
2574 4854 2703 4924 Reg.
2739 4854 2825 4908 15.
2855 4852 2947 4923 55)
2973 4853 2996 4905 ἲ
3026 4859 3280 4920 quantum
3313 4864 3438 4903 vero
3465 4853 3701 4916 precatus
3725 4847 3790 4892 est

2238 4947 2516 5012 Jeremias,
2545 4955 2599 5000 et
2623 4945 2836 5000 Judaros
2865 4943 2994 4997 nihil
3019 4942 3155 5011 juvit
3183 4939 3316 5014 (Jer:
3348 4940 3434 4994 14.
3467 4939 3518 4992 7.
3551 4933 3673 5004 ll)?
3702 4931 3795 4983 imo

2239 5040 2399 5095 etiam
2428 5039 2554 5092 dum
2582 5047 2761 5091 oraret
2788 5034 2887 5090 fuit
2931 5031 3310 5103 reprehensus.
3341 5030 3404 5083 Et
3433 5025 3555 5097 quid
3583 5019 3792 5081 miraris,

2239 5133 2282 5185 si
2311 5130 2442 5186 nihil
2483 5129 2678 5199 profuit
2703 5126 2985 5191 Jeremias,
3013 5122 3225 5194 quando
3254 5136 3351 5176 nec
3381 5119 3578 5173 Mosem
3602 5111 3794 5183 quidem

2241 5225 2336 5290 ait,
2378 5224 2422 5276 si
2448 5222 2638 5276 fuisset
2665 5221 2753 5274 illo
2788 5228 3050 5287 tempore,
3083 5229 3299 5270 servare
3325 5211 3557 5283 potuisse
3581 5205 3793 5262 JudawS.

2242 5313 2672 5385 quandoquidem
2697 5326 2882 5367 eorum
2932 5307 3230 5362 invaluerat
3256 5302 3509 5374 nequitia,
3539 5311 3632 5352 nec
3654 5310 3714 5349 ex
3745 5302 3796 5342 se

2241 5408 2435 5478 aliquid
2465 5407 2754 5461 attulerant
2783 5401 2910 5474 (Jer.
2940 5401 3025 5456 15.
3063 5398 3154 5470 l)?

2313 5506 2364 5557 5.
2399 5501 2704 5557 Sanctorum
2730 5512 2930 5567 preces;
2961 5494 3143 5547 anima:
3180 5492 3430 5564 dignitas;
3471 5502 3616 5558 Opera
3644 5489 3794 5533 neces-

2308 5682 2320 5711 ¹
2359 5684 2496 5724 Juxta
2522 5673 2726 5722 Boisium
2749 5671 3010 5735 legendum
3030 5679 3178 5729 esset,
3203 5673 3455 5732 protegant,
3481 5677 3578 5728 pro,
3602 5654 3793 5722 partem.

2248 5743 2336 5789 Sed
2363 5742 2578 5793 verbum,
2605 5743 2815 5798 parcent,
2835 5735 3051 5796 quadrat.
