4064 6410
395 374 504 438 εειδ

399 509 536 548 sana
574 501 714 546 sunt.
756 522 824 532 —
865 490 1130 558 Quantum
1171 504 1267 560 pro
1308 488 1505 544 Judaeis
1545 490 1864 544 lamentatus
1902 500 1985 544 est

401 584 616 652 Paulus,
646 585 832 640 dicens
864 603 876 638 :
913 582 1116 636 Fratres
1135 625 1148 646 ,
1181 583 1312 636 bona
1339 581 1536 651 quidem
1560 582 1790 635 voluntas
1818 581 1986 634 cordis

399 676 497 728 mei
530 684 578 730 et
607 675 881 729 obsecratio
915 675 982 727 ad
1020 673 1182 728 Deum
1219 682 1291 727 est
1330 689 1422 742 pro
1465 673 1588 742 ipsis
1616 673 1632 704 ¹
1671 671 1738 725 ad
1774 673 1986 726 salutem

401 766 424 839 (
449 766 596 821 Rom.
632 766 720 821 lo.
749 765 859 836 l)?
885 765 1018 834 Quid
1046 781 1172 835 ergo
1201 765 1366 818 valuit
1393 763 1510 832 ejus
1539 763 1875 818 obsecratio?
1895 763 1980 818 Ni-

402 861 500 914 hil.
528 860 594 915 Et
619 860 746 930 quid
773 859 894 914 dico
923 859 1252 924 obsecratio,
1282 873 1402 912 cum
1429 872 1525 927 pro
1552 857 1629 911 eis
1665 871 1783 910 esse
1822 857 1983 910 etiam

399 951 683 1007 anathema
711 953 970 1022 optaverit
997 949 1170 1023 (Rom.
1203 949 1257 1004 9.
1290 951 1324 1004 '5
1345 949 1362 1020 )
1387 949 1412 1002 ?
1441 948 1575 1016 Quid
1602 948 1770 1018 ergo?
1793 958 1988 1002 suntn’:

396 1057 810 1114 supervacaneae
855 1051 1158 1096 sanctorum
1191 1055 1374 1111 preces
1400 1040 1424 1093 ἶ)
1467 1038 1813 1108 Nequaquam
1842 1079 1857 1104 ,
1889 1037 1984 1092 sed

396 1148 618 1205 magnas
639 1135 797 1189 etiam
820 1133 961 1188 vires
987 1132 1205 1198 habent,
1232 1129 1446 1201 quando
1468 1139 1521 1184 tu
1549 1143 1759 1199 quoque
1787 1128 1867 1183 eis
1894 1142 1987 1182 au-

398 1225 587 1280 xilium
615 1224 818 1280 tuleris.
854 1223 925 1278 Ita
954 1223 1116 1278 etiam
1147 1223 1336 1276 Petrus
1367 1219 1640 1275 suscitavit
1665 1219 1945 1274 Tabitham
1966 1259 1980 1281 ,

396 1332 504 1372 non
531 1316 703 1370 solum
725 1315 989 1381 oratione,
1019 1313 1112 1368 sed
1137 1314 1296 1367 etiam
1323 1311 1462 1365 illius
1487 1311 1826 1380 eleemosyna
1845 1309 1984 1378 (Act.

395 1409 455 1464 9.
487 1409 577 1463 56.
605 1406 754 1478 sqq.)
785 1425 798 1460 :
828 1407 898 1461 ita
919 1406 1091 1460 sancti
1120 1413 1334 1459 orantes
1370 1403 1504 1457 alios
1539 1401 1877 1471 adjuverunt.
1921 1400 1986 1453 Et

397 1503 502 1556 hoc
531 1501 741 1571 quidem
773 1500 877 1564 hic,
905 1499 992 1553 ubi
1019 1497 1246 1553 stadium
1277 1505 1357 1552 est
1385 1505 1438 1550 et
1467 1495 1606 1550 lucta
1635 1511 1647 1547 :
1672 1494 1781 1549 illic
1805 1503 1983 1547 autem

397 1593 532 1648 nihil
560 1591 772 1656 horum,
803 1591 894 1646 sed
920 1599 1086 1645 estex
1111 1589 1238 1643 solis
1266 1588 1419 1644 factis
1445 1588 1607 1640 salus.
1639 1585 1867 1640 Pulchre
1889 1599 1986 1639 au-

395 1693 508 1738 tem
537 1683 622 1736 hic
658 1681 956 1735 ludificatur
985 1680 1176 1734 divites
1201 1719 1215 1742 ,
1247 1687 1300 1734 et
1343 1692 1436 1733 eos
1473 1677 1563 1747 qui
1605 1677 1981 1731 intumescunt.

397 1777 580 1846 Neque
616 1776 758 1830 enim
799 1775 968 1838 dixit,
1002 1773 1099 1840 Qui
1146 1773 1343 1826 habent
1387 1770 1670 1840 pecunias,
1713 1783 1811 1823 nec
1835 1808 1850 1833 ,
1879 1768 1979 1836 Qui

393 1882 638 1936 magnam
684 1865 880 1918 habent
920 1863 1212 1933 potentiam
1246 1880 1258 1916 :
1291 1862 1382 1915 sed
1408 1903 1421 1924 ,
1471 1860 1572 1924 Qui
1620 1857 1883 1927 conﬁdunt
1925 1858 1980 1911 in

395 1958 714 2014 multitudine
737 1957 1023 2010 divitiarum
1046 1971 1274 2018 suarum,
1301 1963 1346 2006 et
1363 1953 1414 2005 in
1430 1953 1532 2005 suis
1548 1949 1734 2004 viribus
1749 1949 1979 2020 glorian-

393 2062 498 2117 tur,
522 2067 615 2107 eos
634 2050 860 2105 irridens
884 2058 937 2104 et
963 2051 1230 2103 insectans
1255 2089 1268 2110 ,
1295 2046 1432 2116 quod
1463 2045 1662 2100 umbris
1687 2043 1978 2109 conﬁdant,

394 2153 453 2197 et
497 2151 708 2212 propter
748 2140 947 2194 fumum
991 2154 1049 2195 se
1079 2138 1369 2192 venditem.
1411 2137 1576 2191 Recte
1603 2143 1780 2188 autem
1803 2134 1936 2188 dixit
1960 2175 1974 2199 ,

396 2233 628 2288 Pretium
655 2233 1007 2303 redemptionis
1037 2232 1223 2284 animae
1249 2245 1357 2283 suae
1397 2244 1498 2282 non
1539 2226 1677 2280 dabit
1705 2241 1723 2279 :
1752 2226 1980 2293 pretium

389 2327 536 2380 enim
562 2325 752 2379 animae
779 2339 884 2378 non
901 2332 981 2378 est
1003 2338 1071 2376 ne
1100 2322 1384 2375 universus
1404 2317 1617 2388 quidem
1641 2315 1887 2369 mundus.
1917 2314 1983 2368 Et

393 2417 516 2471 ideo
543 2417 754 2470 dicebat
788 2434 800 2470 :
835 2416 968 2482 Quid
992 2414 1191 2484 prodest
1217 2411 1408 2465 homini
1437 2411 1480 2463 si
1509 2409 1792 2463 universum
1831 2423 1980 2458 mun-

391 2510 516 2562 dum
539 2511 788 2572 lucretur,
818 2507 1000 2558 anima:
1023 2513 1188 2557 autent
1226 2518 1332 2557 sua:
1373 2501 1723 2554 detrimentum
1759 2497 1980 2568 patiatur

391 2602 606 2672 (Matth.
630 2601 714 2656 16.
737 2598 829 2670 26)
846 2599 869 2652 ?
889 2599 954 2655 Ut
976 2607 1152 2652 autem
1183 2597 1320 2651 scias
1341 2611 1407 2650 ne
1433 2596 1738 2648 universum
1766 2589 1978 2660 quidem

392 2693 649 2748 mundum
697 2706 816 2745 esse
854 2691 1079 2759 pretium
1122 2688 1312 2742 anima:
1336 2727 1350 2752 ,
1395 2685 1518 2738 audi
1556 2683 1805 2753 quidnam
1839 2681 1980 2735 Pan-

398 2786 482 2838 lus
515 2784 656 2838 dicat
682 2782 746 2836 de
769 2781 889 2835 aliis
913 2780 1112 2836 sanctis
1140 2796 1154 2835 :
1186 2779 1550 2832 Circumierunt
1585 2777 1636 2829 in
1671 2773 1830 2832 oviuis
1853 2781 1900 2827 et
1927 2774 1982 2828 in

390 2874 613 2943 caprinis
638 2871 874 2942 pellibus,
897 2878 1122 2939 egentes,
1144 2870 1331 2938 pressi,
1358 2867 1527 2940 amicti
1545 2908 1560 2929 ,
1594 2865 1772 2931 quibus
1797 2865 1980 2935 dignus

391 2984 494 3022 non
521 2975 626 3020 erat
655 2963 875 3018 mundus
901 2961 1081 3032 (Hebr.
1109 2962 1193 3016 Η.
1216 2959 1304 3015 37.
1333 2960 1444 3028 58).
1474 2956 1700 3012 Mundus
1724 2957 1867 3010 enim
1897 2964 1980 3010 est

391 3068 611 3130 propter
633 3057 885 3112 animam.
917 3051 1370 3122 Quemadmodum
1401 3064 1530 3120 ergo
1561 3063 1665 3102 non
1708 3046 1978 3116 acceperit

395 3159 546 3219 pater
561 3148 776 3203 domum
805 3161 901 3216 pro
920 3145 1048 3210 ﬁlio,
1075 3146 1142 3199 ita
1168 3159 1265 3198 nec
1289 3145 1434 3198 Deus
1455 3139 1710 3194 mundum
1741 3152 1839 3207 pro
1861 3138 1977 3191 ani-

399 3254 524 3304 ma;
555 3237 645 3292 sed
672 3236 921 3305 operibus
959 3243 1014 3288 et
1054 3243 1198 3288 recte
1237 3231 1393 3286 factis
1422 3244 1556 3298 opus
1579 3237 1681 3283 est.
1715 3227 1806 3280 Vis
1840 3226 1980 3280 scire

395 3337 646 3398 quantum
697 3327 764 3381 sit
816 3325 1040 3394 pretium
1089 3323 1384 3377 animarum
1437 3317 1781 3373 nostrarum?
1832 3314 1977 3370 Red-

392 3432 672 3489 empturus
698 3433 814 3474 eam
847 3415 1181 3485 Uuigenitus,
1211 3430 1315 3467 non
1357 3410 1611 3464 mundum
1661 3407 1842 3473 dedit,
1869 3421 1975 3460 non

391 3513 685 3576 hominem,
706 3524 810 3565 non
834 3519 1051 3574 terram,
1088 3522 1196 3560 non
1218 3519 1383 3569 mare,
1399 3502 1490 3557 sed
1513 3516 1666 3555 suum
1688 3499 1977 3569 pretiosum

390 3609 724 3675 sanguinem.
760 3602 1016 3670 Quocirca
1060 3598 1271 3654 dicebat
1314 3597 1509 3651 Paulus
1554 3609 1568 3645 :
1613 3593 1785 3646 Pretio
1825 3591 1980 3661 empti

386 3699 530 3760 estis,
553 3696 707 3750 nolite
730 3694 839 3763 ﬁeri
858 3692 985 3747 servi
1013 3691 1268 3744 hominum
1298 3688 1371 3754 (l.
1398 3685 1516 3740 Cor.
1539 3685 1590 3737 7.
1622 3683 1694 3737 25
1713 3683 1757 3754 ).
1790 3681 1976 3736 Vidisti

392 3787 806 3858 magnitudinem
829 3784 1022 3854 pretii?
1050 3779 1273 3849 Quando
1301 3793 1425 3848 ergo
1446 3791 1562 3831 eam
1593 3775 1722 3828 tanti
1744 3782 1977 3841 emptam

392 3879 724 3951 perdideris,
766 3875 1032 3946 quomodo
1061 3873 1260 3943 poteris
1298 3885 1415 3926 eam
1455 3868 1709 3936 deinceps
1751 3865 1975 3920 emere?

389 3973 624 4028 Christus
651 3970 779 4025 enim
802 3985 835 4021 a
859 3966 1066 4020 mortuis
1085 3964 1372 4024 suscitatus,
1395 3977 1495 4013 non
1521 3957 1743 4029 amplius
1763 3955 1977 4009 moritur

389 4064 586 4134 (Rom.
611 4062 665 4118 6.
696 4058 791 4134 9).
824 4058 1009 4114 Vidisti
1045 4072 1204 4127 quam
1246 4055 1316 4109 sit
1365 4052 1594 4121 pretiosa
1648 4048 1822 4102 anima
1858 4085 1874 4112 ,
1923 4054 1979 4100 et

388 4165 586 4229 quanta
615 4155 686 4210 sit
721 4153 836 4222 ejus
871 4148 1135 4219 dignitas?
1171 4145 1251 4202 Ne
1293 4158 1412 4200 eam
1458 4157 1586 4212 ergo
1630 4140 1862 4209 negligas
1883 4179 1898 4204 ,
1927 4149 1978 4193 et

388 4248 655 4317 captivam
679 4244 900 4300 efﬁcias.
928 4241 996 4294 Et
1022 4237 1264 4293 laboravit
1288 4238 1339 4290 in
1361 4244 1604 4289 reternum
1620 4272 1636 4298 ,
1662 4231 1751 4286 lo.
1781 4239 1827 4284 et
1853 4230 1979 4282 vicet

390 4343 443 4394 in
466 4341 637 4409 finem.
666 4338 814 4391 Alius
843 4335 1102 4402 interpres
1127 4330 1293 4393 dixit,
1328 4327 1394 4382 Et
1421 4326 1605 4394 quievit
1631 4325 1685 4378 in
1711 4323 1974 4378 steculum.

397 4436 570 4501 Alius,
594 4433 720 4487 Cum
745 4429 944 4484 desierit
963 4427 1078 4480 huic
1097 4422 1304 4488 sarculo,
1331 4421 1456 4474 uiuet
1475 4420 1528 4472 in
1547 4426 1806 4472 ceternum.
1827 4415 1975 4480 Quo-

392 4527 533 4580 niam
563 4525 703 4578 enim
731 4522 866 4575 dixit
887 4519 951 4574 de
977 4515 1252 4578 divitibus,
1283 4511 1530 4582 quoniam
1553 4507 1684 4562 dixit
1702 4507 1770 4561 de
1789 4514 1978 4576 poten.

391 4619 566 4681 tibus,
598 4624 653 4670 et
680 4611 912 4668 ostendit
937 4625 1005 4665 ex
1036 4607 1118 4662 his
1147 4605 1277 4660 nihil
1309 4601 1442 4657 lucri
1473 4601 1584 4655 fieri
1618 4618 1632 4654 :
1667 4598 1796 4652 dicit
1819 4597 1974 4651 dein-

388 4722 518 4778 ceps
541 4707 608 4761 de
629 4707 693 4759 iis
712 4705 799 4774 qui
828 4703 1072 4756 vixerunt
1101 4699 1154 4752 in
1187 4695 1398 4757 virtute,
1430 4691 1497 4746 de
1527 4690 1592 4745 iis
1616 4689 1705 4759 qui
1729 4688 1975 4742 vixerunt

391 4800 442 4853 in
475 4797 745 4852 laboribus
773 4801 827 4848 et
854 4789 1230 4845 afﬂictionibus
1250 4826 1268 4852 ,
1312 4796 1511 4839 acuens
1539 4780 1766 4834 athletas
1793 4778 1975 4850 philo-

389 4888 612 4958 sophim.
655 4884 771 4940 Noli
811 4885 951 4937 enim
991 4879 1093 4934 hoc
1133 4876 1260 4931 mihi
1300 4874 1515 4939 dicere,
1542 4869 1648 4937 ait,
1685 4883 1976 4923 arrumnam

393 4981 464 5033 illi
493 4993 555 5034 ac
578 4977 815 5032 laborem
839 4969 1212 5028 exantlandum
1243 4967 1438 5030 fuisse;
1473 4976 1656 5018 verum
1697 4959 1976 5014 considera

391 5073 641 5137 fructum,
665 5066 807 5138 quod
833 5064 994 5120 homo
1013 5063 1084 5118 sit
1104 5056 1441 5120 immortalis,
1468 5052 1610 5124 quod
1629 5053 1738 5106 vita
1759 5051 1977 5104 immor-

391 5163 514 5217 talis
538 5160 798 5230 excipiat,
824 5157 934 5211 vita
959 5168 1078 5224 quas
1107 5153 1264 5206 ﬁnem
1293 5164 1399 5204 non
1429 5146 1606 5201 habet.
1638 5143 1849 5210 Quanto
1874 5142 1974 5211 igi-

392 5263 479 5307 tur
505 5253 574 5307 sit
602 5250 826 5312 melius,
857 5260 978 5302 cum
1009 5243 1096 5297 hic
1123 5255 1309 5311 parum
1337 5235 1667 5293 laboraveris
1685 5275 1702 5300 ,
1733 5232 1974 5302 requiem

391 5356 643 5400 :eternam
686 5340 942 5411 assequi,
973 5350 1130 5407 quam
1165 5349 1287 5389 cum
1325 5332 1413 5386 hic
1441 5330 1534 5384 tibi
1577 5341 1864 5398 parumper
1891 5327 1975 5380 iu-

391 5436 643 5499 dulseris,
669 5441 925 5502 perpetuo
945 5425 1214 5482 cruciari?
1237 5421 1439 5478 Deinde
1464 5419 1752 5475 ostendens
1774 5431 1880 5471 non
1910 5416 1974 5470 il-

391 5527 460 5582 lic
481 5527 653 5581 solum
681 5537 802 5578 esse
825 5519 1043 5591 praemia
1071 5523 1126 5571 et
1143 5527 1371 5569 coronas
1395 5528 1410 5578 ;
1442 5509 1536 5566 sed
1557 5510 1716 5564 etiam
1745 5508 1831 5562 hic
1845 5521 1976 5576 quo-

392 5633 496 5689 que
521 5631 642 5673 esse
684 5605 936 5684 principia
973 5607 1316 5679 praemiorum
1339 5644 1356 5670 ,
1396 5600 1703 5672 subjunxit:
1731 5599 1820 5655 tl.
1853 5595 1976 5689 non

391 5687 586 5764 uidebit
611 5706 869 5760 interitum
889 5743 904 5769 ,
938 5716 1051 5756 cum
1089 5695 1268 5752 viderit
1306 5695 1556 5766 sapientes
1583 5691 1864 5746 morientes.
1898 5687 1976 5745 Ne
2004 5743 2007 5748 .

453 5842 477 5876 ⁸
511 5848 638 5892 Unus
659 5840 798 5899 Cod.,
823 5848 911 5900 pro
941 5835 1102 5886 Israel.
1198 5855 1202 5859 -

1501 374 1859 435 l‘ZXPOSITlO
1899 374 1963 433 ΙΝ
2003 371 2324 433 PSALMUM
2359 374 2585 432 XLVIII.

3578 383 3681 440 230

2095 491 2235 543 enim
2271 490 2395 542 mihi
2436 489 2620 556 dicas,
2671 489 3015 547 Solummodo
3061 494 3235 550 futura
3282 498 3561 566 promittis.
3607 503 3680 556 Do

2096 583 2185 635 tibi
2216 581 2300 636 hic
2327 583 2485 636 etiam
2517 585 2734 653 pignora
2764 600 3079 640 coronarum
3110 628 3123 652 ,
3167 590 3270 642 imo
3305 606 3430 645 vero
3471 593 3680 649 art-ham

2095 673 2262 742 ipsam
2287 683 2341 728 et
2371 676 2605 744 przcmia.
2628 675 2920 743 Quomodo,
2947 689 2998 734 et
3019 694 3246 748 quanam
3275 685 3516 739 ratione?
3538 687 3675 754 Quo.

2093 765 2232 820 niam
2259 768 2347 836 qui
2379 767 2800 838 philosophatur,
2819 779 2871 825 et
2901 787 2995 840 spe
3025 771 3320 829 futurorum
3343 777 3586 846 erigitur,
3618 801 3687 840 ne

2093 868 2318 914 mortem
2341 859 2554 930 quidem
2578 869 2801 916 mortem
2823 877 2940 918 esse
2965 865 3161 934 putabit
3184 885 3195 920 :
3216 867 3307 922 sed
3335 868 3516 924 videns
3539 886 3679 924 mor-

2093 957 2238 1002 tuum
2257 949 2522 1017 jacentem
2545 959 2668 1005 ante
2689 953 2890 1017 oculos,
2913 968 3015 1006 non
3040 954 3110 1007 ita
3140 955 3400 1011 afficietur
3425 968 3480 1012 ut
3505 959 3674 1025 multi,

2092 1054 2211 1093 eum
2230 1040 2368 1110 apud
2387 1057 2445 1096 se
2465 1051 2671 1112 reputet
2691 1057 2935 1108 coronas,
2958 1045 3195 1113 praemia,
3215 1046 3350 1100 bona
3370 1047 3676 1115 ineffabilia,

2091 1145 2208 1200 qua:
2231 1146 2403 1200 neque
2429 1133 2616 1186 oculus
2633 1134 2778 1197 vidit,
2800 1149 2897 1189 nec
2914 1135 3056 1190 auris
3077 1137 3276 1190 audivit
3300 1138 3374 1209 (2.
3395 1138 3578 1192 (ἔοικε.
3594 1140 3675 1212 9),

2090 1223 2250 1275 vitam
2279 1223 2420 1276 illam
2445 1262 2460 1289 ,
2485 1223 2779 1278 ducendam
2805 1240 2924 1279 eum
2950 1225 3150 1296 angelis
3175 1227 3449 1285 choreum.
3477 1229 3677 1295 Quem-

2091 1315 2375 1370 admodum
2395 1331 2520 1387 ergo
2541 1319 2769 1387 agricola
2795 1334 2915 1373 cum
2940 1319 3082 1373 videt
3109 1319 3436 1377 frumentum
3459 1321 3675 1378 dissolvi

2091 1416 2144 1461 et
2175 1407 2408 1471 interire,
2439 1423 2542 1460 non
2567 1408 2746 1478 abjicit
2772 1410 3027 1477 animum,
3051 1425 3152 1464 nec
3173 1425 3405 1467 mmrore
3425 1411 3674 1479 afﬁcitur,

2091 1496 2184 1551 sed
2228 1507 2351 1550 tunc
2396 1498 2624 1553 maxime
2662 1500 2891 1554 exsultat
2926 1508 2978 1554 et
3022 1500 3247 1568 lretatur,
3276 1503 3453 1556 sciens
3482 1503 3595 1558 fore
3619 1515 3676 1558 ut

2087 1586 2179 1642 ille
2210 1587 2450 1642 interitus
2479 1588 2547 1642 sit
2570 1597 2720 1642 ortus
2750 1590 2986 1645 melioris
3017 1591 3333 1660 principium
3356 1633 3369 1655 ,
3402 1601 3457 1648 et
3485 1593 3676 1649 funda-

2091 1687 2326 1733 mentum
2358 1679 2574 1749 majoris
2603 1680 2887 1735 fertilitatis
2917 1699 2930 1735 :
2963 1681 3034 1736 ita
3065 1684 3221 1737 etiam
3246 1681 3441 1752 justus,
3470 1685 3560 1754 qui
3584 1700 3675 1740 re-

2089 1779 2176 1825 cte
2220 1771 2368 1825 factis
2396 1771 2688 1840 gloriatur,
2731 1780 2786 1826 et
2830 1788 3050 1842 regnum
3095 1774 3332 1843 quotidie
3360 1785 3674 1845 exspectat,

2089 1863 2302 1934 quando
2340 1865 2530 1919 viderit
2569 1875 2791 1920 mortem
2833 1867 2986 1921 sitam
3025 1877 3147 1921 ante
3178 1869 3359 1922 oculos
3383 1909 3400 1935 ,
3444 1885 3548 1924 non
3577 1883 3673 1924 an-

2087 1957 2248 2025 gitur,
2284 1970 2382 2009 nec
2406 1971 2464 2011 se
2495 1955 2713 2012 afﬂictat
2740 1965 2796 2012 ut
2834 1959 3024 2025 multi,
3068 1974 3172 2013 non
3217 1969 3440 2015 vexatur
3466 1972 3520 2016 et
3556 1978 3675 2032 per-

2091 2048 2330 2102 turbatur
2353 2063 2367 2101 :
2391 2049 2490 2102 scit
2511 2048 2674 2113 enim,
2698 2060 2919 2103 mortem
2940 2050 3003 2103 iis
3020 2050 3106 2119 qui
3130 2061 3271 2106 recte
3292 2053 3536 2108 vixerunt
3554 2069 3674 2110 esse

2087 2138 2455 2208 migrationem
2485 2149 2539 2194 et
2569 2140 2844 2194 transitum
2886 2139 2952 2194 ad
2997 2142 3214 2196 meliora
3239 2183 3254 2208 ,
3281 2151 3336 2196 et
3362 2157 3576 2198 cursum
3606 2143 3672 2198 ad

2087 2229 2422 2300 accipiendas
2445 2245 2689 2285 coronas.
2719 2232 2985 2299 Quosnam
3011 2243 3187 2288 autem
3216 2233 3344 2288 dicit
3370 2235 3672 2304 sapientes?

2088 2321 2201 2375 Non
2223 2336 2316 2376 eos
2335 2321 2424 2392 qui
2448 2336 2571 2376 vere
2591 2330 2714 2376 sunt
2736 2323 3022 2392 sapientes,
3046 2323 3138 2378 sed
3160 2325 3248 2393 qui
3267 2324 3533 2394 sapientes
3553 2339 3674 2380 esse

2087 2411 2476 2466 existimantur.
2507 2412 2630 2467 Mihi
2659 2422 2839 2469 autem
2870 2413 3077 2469 videtur
3101 2415 3280 2472 dicere
3310 2425 3561 2471 externos
3588 2433 3674 2472 sa-

2087 2503 2313 2573 pientes,
2342 2518 2437 2558 eos
2463 2503 2582 2559 ideo
2609 2503 2836 2560 irridens
2855 2545 2871 2572 ,
2899 2504 3039 2575 quod
3069 2521 3188 2560 cum
3218 2504 3525 2562 viderentur
3553 2522 3672 2562 esse

2084 2593 2352 2662 sapientes
2375 2635 2389 2659 ,
2423 2595 2568 2649 stulti
2605 2595 2726 2650 facti
2748 2598 2854 2651 sint
2872 2639 2885 2660 ,
2909 2612 3028 2651 cum
3056 2595 3123 2652 de
3149 2598 3538 2654 resurrectione
3565 2613 3671 2655 non

2084 2687 2190 2740 sint
2217 2687 2573 2757 phi1050phati
2604 2687 2776 2760 (Rom.
2810 2689 2862 2742 1.
2892 2688 3022 2761 22).

2157 2775 2302 2833 Mors
2315 2777 2644 2834 substantiam
2660 2796 2760 2835 non
2780 2780 3040 2846 interimit;
3071 2784 3370 2836 resurrectio
3391 2785 3667 2838 communis

2083 2868 2325 2923 omnium.
2341 2899 2410 2909 ——
2426 2870 2647 2935 Quando
2669 2886 2795 2940 ergo
2821 2871 3008 2926 viderit
3027 2872 3148 2928 illos
3174 2873 3520 2944 philosophos
3540 2889 3662 2944 per—

2081 2972 2289 3026 euntes,
2303 2976 2423 3015 cum
2439 2962 2702 3025 lamentis,
2719 2963 3043 3032 lacrymis,et
3057 2963 3195 3018 lucta
3210 2964 3396 3028 elatos,
3414 2975 3538 3020 tunc
3553 2965 3667 3034 ipse

2083 3050 2213 3104 nihil
2241 3051 2343 3106 tale
2372 3051 2618 3120 patietur,
2649 3051 2740 3105 sed
2769 3053 2871 3106 erit
2895 3053 3014 3108 telis
3043 3052 3300 3122 ejusmodi
3323 3056 3582 3124 superior,
3614 3069 3670 3110 ut

2082 3141 2170 3210 qui
2213 3141 2349 3196 bona
2383 3155 2478 3211 spe
2520 3142 2772 3212 erigatur,
2815 3152 2870 3198 et
2911 3144 3044 3199 sciat
3083 3146 3225 3200 hunc
3257 3146 3526 3202 interitum
3563 3163 3668 3202 no"

2083 3233 2388 3288 interimere
2418 3232 2786 3300 substantiam,
2827 3235 2919 3290 sed
2961 3244 3162 3291 tantum
3191 3239 3588 3303 mortalitatem,
3618 3251 3670 3295 ct

2081 3327 2474 3395 corruptionem
2506 3341 2838 3383 consumere.
2870 3329 2994 3384 llzec
3026 3331 3165 3384 enim
3192 3346 3336 3386 mors
3365 3347 3470 3386 non
3497 3333 3671 3403 perdit

2081 3433 2294 3489 corpus,
2327 3419 2419 3475 sed
2448 3419 2714 3475 consumit
2743 3423 3136 3491 corruptionem
3163 3423 3494 3478 :substantia
3521 3424 3665 3479 enim

2082 3521 2261 3566 manet
2283 3551 2295 3576 ,
2321 3519 2375 3565 et
2399 3511 2625 3581 resurgit
2649 3527 2768 3566 cum
2797 3511 2981 3583 majori
3012 3522 3066 3568 et
3092 3514 3332 3584 ampliori
3358 3515 3546 3584 gloria,
3575 3517 3668 3570 sed

2083 3616 2188 3654 non
2217 3602 2475 3656 omnium.
2504 3599 2843 3658 Resurrectio
2872 3603 3013 3656 enim
3041 3604 3143 3658 erit
3167 3605 3404 3659 omnium
3429 3619 3670 3660 commn-

2082 3693 2165 3747 nis
2198 3711 2210 3745 :
2245 3693 2564 3747 resurrectio
2605 3705 2782 3746 autem
2824 3709 2944 3747 cum
2987 3695 3190 3764 gloria,
3232 3698 3530 3752 communis
3568 3697 3670 3752 erit

2081 3801 2264 3840 eorum
2303 3786 2390 3854 qui
2428 3795 2572 3840 recte
2619 3785 2883 3840 vixerunt.
2931 3785 3102 3841 Simul
3128 3787 3369 3856 insipiens
3408 3798 3455 3842 et
3483 3790 3670 3844 stultus

2081 3875 2342 3946 peribunt,
2377 3875 2460 3928 l2.
2494 3883 2540 3927 et
2574 3874 2852 3942 relinquent
2880 3876 3056 3930 alienis
3085 3875 3285 3930 divitias
3310 3892 3448 3930 suas.
3485 3875 3554 3930 Et
3577 3894 3663 3932 se-

2083 3968 2257 4038 pulcra
2301 3983 2473 4020 eorum
2520 3965 2696 4020 domus
2725 3983 2897 4020 eorum
2933 3967 2984 4020 in
3023 3977 3264 4024 (uernum
3296 3985 3314 4023 :
3344 3957 3668 4024 tabernacula

2081 4074 2253 4114 eorum
2278 4058 2328 4111 in
2355 4057 2641 4128 progeniem
2679 4066 2725 4109 et
2766 4057 3051 4128 progeniem
3079 4074 3098 4113 :
3130 4068 3428 4112 vocaverunt
3461 4061 3666 4114 nomina

2083 4152 2242 4205 suain
2271 4151 2414 4204 terris
2439 4151 2564 4204 suis.
2591 4149 2739 4204 Alius
2762 4149 2910 4216 dicit,
2944 4149 3069 4216 Qua:
3086 4159 3202 4205 sunt
3226 4151 3358 4205 intra
3382 4152 3560 4206 domos
3582 4168 3668 4205 eo-

2079 4259 2193 4295 rum
2221 4243 2274 4296 in
2302 4251 2562 4296 a'tcrnum.
2595 4241 2773 4310 Alius,
2807 4239 3156 4296 Habitationes
3182 4259 3354 4297 eorum
3376 4244 3429 4297 in
3453 4261 3668 4316 genera-

2083 4335 2265 4388 tionem
2291 4375 2304 4398 ,
2352 4335 2665 4390 nominantes
2701 4335 2984 4388 nominibus
3005 4335 3110 4388 suis
3149 4341 3306 4387 terras
3336 4334 3374 4386 ’.
3409 4334 3666 4390 llcbrazns

2081 4436 2256 4482 autem
2277 4468 2290 4489 ,
2323 4428 2414 4481 Alc
2449 4427 2724 4484 adamoth.

2153 4521 2206 4576 6.
2239 4519 2428 4575 Vidisti
2452 4517 2718 4589 quomodo
2743 4533 2846 4572 non
2871 4516 3038 4571 solum
3064 4531 3128 4570 ex
3157 4515 3368 4582 futuris,
3393 4515 3487 4569 sed
3513 4531 3578 4570 ex
3604 4517 3670 4570 iis

2080 4613 2239 4668 etiam
2263 4627 2380 4681 quae
2403 4611 2490 4666 hic
2514 4610 2801 4673 eveniunt,
2817 4607 3030 4662 abducit
3050 4622 3080 4661 a
3109 4607 3234 4661 vitio
3254 4607 3396 4662 etab
3422 4608 3665 4678 avaritia,

2081 4713 2136 4760 et
2160 4703 2373 4758 deducit
2397 4701 2464 4755 ad
2492 4701 2760 4762 virtutem,
2793 4695 2845 4753 in
2874 4698 3112 4768 pecuniis
3138 4697 3492 4767 congerendis
3520 4699 3667 4753 insa-

2083 4796 2223 4850 niam
2245 4807 2527 4856 coercens,
2559 4800 2612 4845 et
2635 4805 2729 4846 eos
2751 4789 2838 4860 qui
2868 4788 3215 4858 praesentibus
3244 4789 3468 4856 inhiant,
3497 4804 3667 4859 eaque

2081 4888 2430 4953 admirantur,
2451 4884 2645 4940 stultos
2669 4897 2886 4949 vocans,
2918 4890 2971 4937 et
2997 4881 3047 4935 id
3071 4896 3166 4952 per
3193 4895 3281 4935 res
3310 4880 3453 4950 ipsas
3481 4888 3665 4934 osten-

2081 4979 2254 5035 dens?
2277 4975 2418 5043 Quid
2436 4983 2517 5031 est
2535 4973 2701 5037 enim,
2719 4972 2826 5038 dic,
2858 4985 3061 5042 quaeso,
3093 4971 3307 5024 stultius
3334 4968 3549 5023 homine
3577 4971 3667 5037 qui

2081 5073 2305 5134 laborat,
2336 5079 2388 5124 et
2415 5085 2473 5124 se
2499 5067 2790 5133 excruciat,
2821 5074 2874 5120 et
2900 5073 3072 5119 tantas
3099 5079 3227 5133 opes
3255 5069 3577 5132 congregat,
3611 5071 3669 5114 ut

2081 5180 2144 5220 ex
2173 5163 2289 5235 eju’s
2315 5159 2586 5216 laboribus
2614 5158 2701 5213 alii
2732 5173 2791 5212 se
2819 5157 3087 5224 voluptate
3116 5153 3400 5223 expleant?
3431 5149 3556 5222 quid
3585 5163 3668 5206 est

2082 5257 2183 5311 hoc
2210 5254 2351 5309 inani
2380 5253 2562 5309 labore
2589 5249 2824 5306 deterius
2843 5291 2858 5316 ,
2887 5245 3098 5316 quando
3125 5247 3236 5314 ipse
3262 5243 3474 5314 quidem
3501 5241 3668 5296 sudo-

2083 5362 2170 5403 res
2196 5355 2249 5401 et
2275 5345 2484 5400 labores
2511 5354 2794 5412 perpessus
2820 5335 3142 5399 decesserit,
3170 5334 3286 5387 aliis
3325 5342 3502 5387 autem
3531 5331 3667 5387 divi.

2085 5441 2188 5494 tias
2217 5435 2466 5492 fruendas
2488 5433 2800 5511 reliquerit,
2832 5438 3012 5484 etnec
3034 5425 3297 5497 aliquibus
3321 5424 3538 5496 quidem
3567 5439 3665 5478 ne-
3693 5500 3695 5504 Q

2127 5590 2146 5622 ί
2183 5587 2300 5637 Haec
2336 5583 2488 5634 lectio
2517 5586 2596 5631 est
2629 5565 2942 5640 Symmachi:
2973 5574 3188 5640 secunda
3208 5585 3347 5640 _pars_
3365 5568 3641 5640 Symmachi

2064 5631 2301 5700 fertur—in
2328 5631 2568 5706 liexaplis
2591 5631 2805 5699 noStris,
2838 5638 2923 5688 ubi
2944 5639 3159 5700 legitur,
3203 5631 3522 5706 ὄνομάραντις
3570 5631 3644 5678 ἐπ’

2065 5696 2534 5849 ῗζιειιεισίανήαῦτιῦν
2575 5730 2661 5786 τὰς
2699 5696 2854 5792 vatius.
2903 5696 3058 5777 Hebr.
3109 5723 3299 5775 i'l'l'D'TR
3332 5696 3448 5781 ἦν,
3495 5731 3642 5783 super
3694 5742 3699 5750 -

2083 5811 2237 5849 erras.

2083 5811 2237 5849 erras.
