2032 3208
246 176 296 202 ﬁl

245 232 369 259 cessariis
379 232 441 260 etei
457 232 632 259 familiaritate
643 232 802 267 conjunctis,
817 232 863 259 sed
875 239 947 267 sar-pe
959 232 1038 260 etiam

246 275 366 304 hostibus
379 282 406 304 ct
419 277 555 304 inimicis?
569 277 602 304 Et
620 277 682 305 ideo
702 285 754 305 nou
771 277 856 310 dixit,
871 278 953 309 Aliis,
975 278 1021 304 sed
1031 299 1038 308 .

245 322 341 349 Alienis
355 323 493 356 relinquent
506 323 606 349 divitias
617 331 685 349 suas.
702 323 771 357 Quid
786 327 828 350 est
839 327 938 357 autem,
956 323 1042 351 Simu.‘

244 368 365 403 insipiens
386 373 408 395 et
426 369 518 395 stultus
538 369 652 404 peribunt
662 369 675 395 Ρ
689 369 773 397 Simul
787 377 847 396 cum
863 369 896 396 iis
908 369 953 404 qui
967 370 1040 404 prius

244 413 307 441 dicti
320 419 400 446 sunt,
417 414 511 449 inquit.
534 415 581 442 llic
600 414 663 442 tttilti
678 415 782 442 videtur
801 415 882 442 verba
903 414 991 442 facere
1005 414 1039 442 de

245 460 342 494 impiis,
359 460 403 494 qui
418 460 466 487 toti
481 460 563 487 rebus
576 460 753 495 praesentibus
764 459 836 488 affixi
852 464 924 493 sunt,
940 468 1039 495 easque

245 505 411 539 suspiciunt,
425 506 459 533 de
472 506 566 532 futuris
576 510 665 533 autent
681 506 745 533 nihil
760 506 991 541 pbilosopltantur,
1006 513 1037 533 ea

245 551 278 578 de
289 558 370 578 causa
384 558 483 578 vocans
496 558 544 578 eos
557 551 722 586 insipientes.
737 551 765 578 Si
779 551 850 579 ettim
866 551 975 586 posthac
987 572 994 583 ,
1011 555 1039 578 ttt

244 601 330 630 putas,
346 596 413 623 nihil
426 597 487 630 erit,
502 604 550 624 cur
565 597 678 631 teipsum
693 604 774 624 vexas
787 601 815 624 et
828 597 975 628 excrucias,
989 604 1038 624 un-

242 644 323 678 dique
345 643 470 678 pecunias
490 650 638 679 congerens
648 664 657 677 ,
673 647 701 671 et
714 643 818 671 labores
832 643 939 678 quidem
954 644 1037 671 susti-

244 696 321 721 tteus,
333 688 447 716 fructum
461 693 549 717 autem
565 697 618 716 nott
633 689 803 724 percipiens?
816 688 851 715 Et
864 689 979 723 sepulcra
993 697 1037 716 co-

240 742 298 760 rum
320 734 411 761 domus
429 735 533 761 illorum
546 735 572 761 in
586 739 718 762 internum.
741 734 796 762 Hoc
808 734 881 767 dicit,
898 734 967 761 sicut
980 738 1038 762 erat

241 786 334 806 eorum
355 779 525 807 existimatio.
550 779 723 807 Tabernacuta
740 787 828 807 eorum
846 779 873 806 in
893 779 1037 814 progeniem

242 829 265 849 ιι
278 827 443 860 progeniem;
458 830 607 853 vocaverunt
622 825 724 852 nomina
735 833 782 853 sua
796 825 822 853 in
837 825 909 852 terris
920 826 981 852 suis.
996 825 1036 860 (α)

241 870 251 906 [
254 871 327 898 Alius
335 876 423 899 atttetn
433 871 506 904 dicit,
517 871 581 904 Qua:
589 876 648 899 sunt
658 872 725 898 intra
735 871 823 900 deum
833 879 919 898 eorum
927 872 953 898 iu
961 876 1036 899 teter-

241 925 311 943 num.
325 916 452 944 llebrtnus
460 914 814 950 autem,Carevambatlteimo
821 915 1036 953 taltolam.]Quid

242 962 291 988 hac
307 962 423 989 amentia
443 962 527 997 possit
547 969 608 990 esse
626 961 743 991 deterius
755 982 763 995 ,
781 969 861 999 quam
880 966 972 997 putare
988 969 1034 990 se.

241 1006 330 1040 pulcra
345 1014 405 1034 esse
420 1006 529 1035 domum
544 1007 722 1043 perpetuam?
736 1007 762 1035 itt
778 1007 811 1035 iis
823 1007 936 1043 gloriam
951 1007 1035 1036 ambi-

241 1052 309 1079 tiose
324 1053 448 1088 persequi
458 1052 471 1079 τ

275 1097 457 1132 Sepulcrorum
474 1099 564 1133 fastus.
581 1097 667 1125 Virtus
687 1105 777 1125 nomen
798 1097 941 1126 immortale
955 1098 1032 1133 parit.

240 1141 335 1172 Petrus
348 1142 458 1177 piscator
471 1142 579 1169 Romam
592 1143 734 1177 occupavit.
744 1157 781 1162 -—
791 1142 864 1170 Multi
874 1147 948 1171 certe
962 1150 1034 1178 saepe

239 1188 363 1223 sepulcra
375 1193 583 1218 construxerunt
592 1189 821 1223 magniﬁcentiora
835 1189 970 1217 domibus.
984 1189 1032 1217 Vel

244 1234 316 1261 enim
333 1233 455 1261 hostibus
469 1233 610 1266 laborant,
624 1239 651 1261 et
664 1233 836 1268 alﬂictantur,
852 1234 894 1262 vel
907 1235 991 1263 verml
1006 1239 1034 1262 et

239 1278 335 1311 cineri,
348 1278 406 1306 haec
415 1279 497 1306 stulte
511 1284 710 1307 consumentes.
725 1279 798 1306 Talis
809 1280 880 1307 enim
890 1285 930 1308 est
939 1287 1032 1308 eorum

239 1331 315 1351 mens
324 1328 351 1351 et
360 1325 501 1356 sententia,
510 1324 555 1359 qui
567 1324 601 1352 de
616 1324 711 1352 futuris
719 1324 783 1352 nihil
794 1330 912 1360 sperant.
927 1324 979 1353 Sed
990 1326 1034 1352 hic

238 1369 303 1396 milti
325 1369 397 1397 venit
411 1369 438 1396 in
454 1374 570 1397 mentem
586 1369 726 1405 deplorare
742 1389 749 1403 ,
765 1370 836 1405 quod
854 1370 931 1398 mttlti
952 1372 1032 1398 etiam

237 1421 343 1446 corutn,
363 1414 408 1449 qui
423 1418 531 1450 sperant
553 1414 649 1448 futura,
663 1415 723 1442 illos
740 1415 788 1442 hac
799 1416 825 1441 in
838 1423 868 1443 re
883 1415 1029 1449 imitentur,

237 1459 281 1493 qui
296 1459 395 1486 nullam
411 1459 509 1487 habent
522 1467 597 1494 spem
619 1459 766 1487 futurorum
781 1480 788 1493 ,
810 1460 931 1496 sepulcra
945 1461 1031 1488 aedifi-

236 1508 338 1537 cantes,
359 1509 386 1531 et
407 1505 533 1539 prmclara
554 1505 716 1532 monimenta
732 1510 927 1540 cottstruetttcs,
948 1511 976 1534 et
988 1514 1032 1534 au-

237 1557 296 1576 ruttt
317 1548 487 1582 iufodieutes,
502 1554 529 1577 et
542 1557 604 1577 suas
617 1550 756 1580 facultates
769 1551 803 1578 ad
815 1551 882 1579 alios
896 1552 1032 1579 transmit-

238 1599 342 1623 tentes:
356 1596 400 1632 qui
413 1595 519 1630 quidem
534 1600 596 1622 sunt
609 1596 657 1624 hac
671 1597 696 1623 itt
711 1604 739 1624 re
749 1597 801 1624 illis
812 1597 970 1625 deteriores.
979 1598 1030 1632 Qui

237 1640 308 1667 enim
320 1645 377 1675 post.
390 1640 448 1666 hrcc
460 1639 526 1667 nihil
540 1644 686 1675 exspectat,
701 1641 805 1668 etiamsi
818 1641 844 1669 id
855 1641 918 1670 facit
932 1647 1030 1677 praeter

237 1686 377 1718 rationem,
387 1689 503 1713 attamen
514 1686 575 1720 quia
583 1685 650 1713 nihil
660 1690 810 1721 exSpectat,
821 1695 899 1714 suum
911 1688 1029 1716 laborem

236 1736 263 1759 et
283 1731 440 1759 industriam
461 1730 564 1759 cettt‘ert
586 1731 611 1758 itt
639 1738 682 1759 res
704 1737 859 1766 praesentes.
874 1732 915 1761 Tu
928 1738 1031 1767 autem,

237 1777 328 1809 homo,
341 1776 387 1812 qui
401 1776 470 1804 nosti
484 1775 567 1803 vitam
583 1776 708 1809 futuram,
723 1781 749 1804 et
760 1776 831 1805 bona
843 1777 887 1805 illa
906 1777 1028 1806 ineffabi-

236 1824 281 1855 lia,
297 1827 323 1850 et
337 1822 406 1857 quod
428 1830 459 1850 ex
474 1822 546 1850 dicto
558 1823 709 1858 cvangelico
721 1844 729 1856 ,
744 1822 762 1849 Ι
765 1824 813 1850 usti
827 1828 886 1851 tunc
899 1825 1028 1860 fulgebunt

235 1872 298 1897 sicut
321 1872 359 1898 soi
375 1870 481 1906 (Matth.
497 1872 543 1898 15.
558 1871 621 1907 45);
638 1879 716 1906 quam
740 1871 844 1898 veniam
865 1873 1025 1907 assequeris,

235 1917 369 1952 quontodo
384 1921 410 1944 te
423 1917 562 1951 defendes,
578 1917 650 1953 qttod
666 1925 718 1944 non
733 1917 891 1953 supplicium
904 1918 964 1952 jure
979 1926 1027 1954 pa-

235 1963 318 1997 tieris,
341 1963 385 1998 qui
398 1963 442 1990 ltic
457 1963 547 1991 omnia
559 1971 702 1991 consumas
716 1963 741 1990 in
753 1963 871 1998 pulvere,
885 1964 911 1991 in
924 1964 1024 1997 cinere.

235 2009 261 2034 in
282 2009 471 2041 monumentis,
489 2009 515 2035 in
530 2008 662 2042 hostibus,
679 2009 705 2035 itt
717 2008 851 2037 inimicis?
872 2008 1027 2038 Vocaueruut

234 2053 337 2080 nomina
350 2061 397 2081 sua
416 2053 443 2080 in
457 2054 529 2080 terris
541 2053 604 2080 suis.
619 2053 688 2080 Ecce
702 2053 775 2081 aliud
795 2061 880 2089 genus
891 2056 1025 2089 amentiae,

233 2099 364 2131 aediliciis,
386 2098 457 2134 agris
471 2103 499 2126 et
514 2099 616 2126 balneis
638 2106 686 2125 sua
709 2100 816 2127 nomina
830 2100 987 2135 inscribere,
998 2106 1027 2130 et

234 2148 328 2178 putare
348 2151 378 2171 se
397 2151 520 2179 magnam
533 2144 742 2172 consolationem
755 2152 788 2172 ex
807 2152 840 2173 co
854 2146 986 2181 accipere,
1001 2152 1028 2175 ct

235 2190 355 2217 umbram
364 2197 413 2225 pro
425 2190 464 2217 rei
476 2190 587 2218 veritate
598 2190 733 2225 persequi.
748 2190 776 2218 Si
786 2191 858 2218 enim
871 2196 1025 2227 perpetuam

234 2236 391 2264 memoriam
411 2235 559 2270 desideras,
584 2244 618 2264 ne
640 2244 748 2269 nomen,
762 2245 780 2265 ο
799 2236 890 2271 homo,
907 2239 1027 2267 atdit‘tciis

233 2282 364 2309 inscribas
376 2302 384 2314 ,
400 2282 448 2310 sed
461 2286 559 2317 tropica
575 2286 647 2310 recte
662 2282 792 2310 factorum
814 2283 911 2319 erigas,
926 2292 986 2319 quae
997 2290 1026 2314 et

234 2326 260 2352 in
284 2326 410 2361 praesenti
425 2327 478 2353 vita
493 2334 590 2354 nomen
606 2327 653 2355 tibi
666 2332 836 2362 conservant,
857 2334 885 2357 et
899 2329 925 2356 in
938 2329 1025 2358 futura

234 2372 288 2399 vita
308 2372 485 2399 immortalem
500 2372 547 2399 tibi
559 2373 678 2407 requiem
697 2378 862 2409 comparant.
877 2373 906 2404 Si
919 2375 956 2404 sis
972 2384 1028 2404 me-

236 2416 329 2444 moria:
352 2416 472 2451 cupidus,
485 2423 536 2452 ego
557 2420 583 2444 te
603 2417 688 2444 doceo
702 2417 771 2445 viam
795 2426 885 2447 veram
900 2425 927 2448 et
948 2428 1026 2456 aper-

236 2462 364 2489 tissimam
381 2461 504 2489 :virtutis
519 2469 611 2489 curam
630 2470 703 2497 gere.
727 2463 797 2491 Nihil
810 2465 881 2492 enim
899 2465 961 2494 facit
976 2474 1025 2494 no-

236 2517 297 2538 men
310 2509 378 2537 adeo
391 2508 552 2542 immortale,
568 2513 596 2536 ut
607 2514 700 2537 natura
711 2510 826 2538 virtutis.
841 2511 868 2538 Id
881 2513 1026 2541 ostendunt

234 2560 377 2591 martyres,
398 2553 542 2582 ostendunt
561 2555 743 2590 apostolorum
764 2556 895 2592 reliquiae,
910 2560 1024 2588 ostendit

234 2601 362 2628 memoria
375 2607 467 2627 eorum
481 2600 526 2635 qui
538 2605 609 2628 recte
617 2605 644 2628 ct
654 2601 681 2627 in
695 2600 793 2629 virtttte
807 2603 939 2631 vixerunt.
955 2604 1025 2639 Quot

233 2653 310 2681 reges
323 2646 402 2673 urbes
416 2646 601 2680 condiderunt,
617 2651 710 2682 portus
721 2652 920 2683 exstruxerunt,
934 2643 961 2679 et
976 2660 1025 2679 tto-

263 2707 301 2738 (α)
315 2711 373 2743 ψη
389 2707 430 2743 hic
566 2708 712 2743 clauduntur
733 2711 759 2743 in
779 2713 896 2738 Ver-sione
915 2714 1024 2740 Gentiani

233 2738 341 2772 H_e_rveti,
353 2738 435 2762 necln
446 2738 519 2763 Editis
530 2746 578 2772 nec
589 2740 613 2764 in
629 2744 683 2765 uss.
704 2740 834 2772 habentur,
848 2749 876 2768 ac
887 2738 1024 2770 redundare

233 2767 362 2797 videntur;
375 2774 430 2800 quae
441 2773 524 2796 autem
534 2770 574 2797 hic
585 2772 755 2802 exprimuntur
776 2767 872 2800 latinis
886 2767 1024 2801 uisa-Eii;

233 2807 316 2831 brato:
326 2807 409 2837 verba,
419 2809 455 2833 sic
466 2809 491 2833 in
502 2810 605 2836 Hebraeo
617 2801 724 2843 exstant,
735 2801 819 2843 ἐγώ
832 2816 917 2842 πτπιι
928 2818 1004 2845 ΠἎἾὩ
1014 2838 1022 2850 ,

232 2850 464 2905 gpzlietranmsertit
471 2855 556 2880 nescio
564 2856 627 2886 quis,
640 2863 694 2888 qua
704 2862 759 2884 sunt
769 2858 833 2884 intra
851 2860 933 2887 domos
941 2869 1024 2888 eorum

605 177 632 202 S.
654 176 793 203 JOANNIS
812 174 1052 202 CIIRYSOSTOMI
1073 175 1233 204 ARCHIEP.
1253 178 1521 208 CONSTANTINUP.

1834 186 1884 213 23‘!

1099 233 1214 261 minibus
1232 236 1288 262 suis
1310 236 1439 272 impositis
1460 238 1642 272 decesserunt,
1665 248 1713 268 nec
1739 247 1827 269 tamen
1848 251 1884 271 cis

1095 278 1238 313 quidquam
1263 281 1360 315 profuit
1374 303 1382 314 ,
1400 283 1446 310 sed
1466 284 1572 311 silentio
1586 290 1613 312 et
1630 285 1756 313 oblivioni
1771 288 1884 326 ttmndati

1095 330 1156 352 sunt
1171 326 1177 353 ε
1203 326 1322 355 Piscator
1340 334 1431 356 autem
1449 330 1552 363 Petrus,
1568 331 1612 366 qui
1627 331 1692 358 niltil
1704 332 1769 360 fecit
1782 340 1883 366 eorum,

1093 373 1218 406 quoniam
1234 374 1356 402 virtutem
1373 380 1414 403 est
1429 382 1603 411 persequutus
1616 399 1623 411 ,
1639 382 1668 405 et
1680 379 1816 407 civitatem
1829 388 1880 408 ma-

1094 417 1165 445 xime
1180 418 1278 453 regiam
1291 421 1451 454 occupavit,
1465 421 1545 449 etiam
1561 427 1622 457 post
1638 429 1752 453 mortem
1766 426 1883 459 resplen-

1093 461 1137 487 det
1150 462 1207 490 sole
1216 464 1323 492 clarius.
1340 465 1416 499 Quod
1432 470 1458 493 tu
1472 472 1560 494 autem
1575 467 1639 495 facis
1651 489 1659 501 ,
1675 474 1716 496 est
1731 469 1882 506 ridiculum,

1092 510 1118 533 et
1134 507 1240 542 plettum
1257 509 1410 544 ignominia.
1433 512 1494 539 llaec
1505 513 1577 540 cnim
1591 514 1756 542 monimenta
1772 523 1826 543 non
1839 524 1876 543 so

1094 552 1149 579 lum
1161 561 1213 581 non
1230 560 1255 583 te
1268 555 1369 583 clarum
1385 557 1506 591 reddent,
1522 559 1567 586 sed
1582 560 1663 586 etiam
1676 560 1777 589 facient
1789 562 1883 591 ridicu—

1092 596 1158 631 lum,
1172 603 1200 626 et
1220 606 1267 627 ora
1279 601 1400 628 omnium
1413 603 1544 637 aperient.
1557 604 1679 632 [Edilicia
1691 606 1765 634 enim
1780 615 1831 635 non
1846 609 1882 635 si-

1093 648 1159 670 nunt
1180 649 1250 672 tuam
1271 647 1429 680 avaritiam,
1452 656 1511 683 quae
1534 649 1660 678 oblivioni
1676 652 1745 679 tradi
1772 658 1880 687 poterat.

1093 690 1220 723 temporis
1232 698 1345 719 excursu
1359 693 1490 729 exstingui
1502 715 1510 727 ,
1524 700 1551 722 ct
1571 701 1642 722 stant
1656 697 1739 725 veluti
1753 699 1882 726 columna:

1090 738 1117 761 et
1139 739 1238 769 trepma
1257 742 1346 765 erecta
1370 738 1500 767 adversus
1525 741 1672 769 avaritiam.
1690 743 1735 770 15.
1753 743 1789 770 Et
1810 746 1881 772 homo

1090 787 1148 806 cum
1156 780 1185 807 in
1196 782 1291 809 honore
1302 787 1373 816 esset,
1388 792 1438 811 non
1453 785 1574 813 intellexit
1587 795 1597 813 .'
1615 795 1777 823 comparatus
1791 796 1827 817 est
1835 793 1879 826 ju-

1090 826 1179 852 ntentis
1190 826 1375 861 insipientibus,
1390 834 1414 855 et
1426 830 1515 858 similis
1529 833 1611 867 factus
1625 839 1661 860 est
1673 834 1736 861 illis.
1753 835 1801 863 llic
1817 837 1878 864 mihi

1089 869 1193 898 videtur
1214 871 1342 908 deinceps
1361 875 1488 910 propheta
1510 877 1660 912 deplorare,
1688 881 1760 915 quod
1786 882 1879 910 animal

1088 916 1199 944 rationis
1213 919 1353 955 particeps,
1366 921 1408 948 cui
1421 921 1470 949 fuit
1484 923 1608 950 traditum
1625 932 1737 960 regnum
1753 927 1779 953 in
1794 929 1878 958 terris,

1088 969 1122 990 eo
1140 962 1324 998 declinaverit,
1340 970 1368 993 ut
1379 973 1451 995 esset
1466 976 1517 996 nou
1533 970 1621 998 minus
1632 972 1685 998 vilc
1699 973 1876 1008 etabjectum.

1088 1016 1167 1044 quam
1181 1010 1275 1045 bruta,
1293 1011 1356 1039 dum
1371 1013 1397 1041 itt
1418 1014 1497 1042 rebus
1512 1016 1587 1044 vanis
1602 1016 1714 1051 laborat,
1731 1023 1759 1047 ct
1772 1027 1803 1047 ea
1823 1028 1879 1055 que

1087 1061 1150 1083 sunt
1171 1064 1227 1085 sua:
1251 1058 1328 1086 saluti
1347 1061 1481 1088 contraria
1503 1062 1622 1094 molitur,
1642 1063 1749 1092 inanem
1770 1066 1877 1100 gloriam

1088 1104 1265 1137 persequitur,
1281 1106 1389 1132 avaritia
1416 1112 1530 1140 tenetur,
1547 1110 1571 1135 in
1594 1110 1672 1137 rebus
1694 1112 1830 1140 inutilibus
1851 1122 1877 1140 sc

1086 1152 1203 1174 exercet.
1223 1149 1310 1177 \‘irtus
1333 1152 1402 1178 enim
1422 1157 1462 1179 est
1483 1154 1567 1180 honor
1578 1154 1704 1188 hotniuis,
1716 1162 1742 1183 et
1757 1158 1790 1184 de
1803 1158 1877 1185 rebus

1086 1193 1182 1221 fttluris
1204 1195 1395 1231 philosophari,
1412 1204 1437 1225 et
1452 1201 1540 1227 omnia
1557 1208 1713 1235 procurare,
1729 1212 1788 1238 qua:
1803 1205 1834 1232 ad
1848 1206 1877 1232 ilv

1087 1239 1138 1265 lattt
1153 1240 1231 1267 vitam
1248 1243 1391 1276 pertinent,
1408 1249 1435 1271 et
1451 1248 1589 1279 pra'scutia
1611 1248 1761 1283 negligere.
1785 1250 1874 1277 Bruto-

1089 1294 1147 1313 rutn
1162 1289 1231 1314 enim
1246 1289 1296 1315 vita
1310 1292 1447 1323 prmsetttis
1462 1292 1522 1319 vita:
1538 1293 1666 1320 limitibus
1687 1296 1874 1324 concluditur:

1086 1337 1174 1359 nostra
1189 1339 1275 1360 autettt
1291 1336 1372 1362 tendit
1385 1336 1417 1363 ad
1432 1338 1508 1364 aliatu
1529 1339 1677 1373 meliorem,
1691 1347 1717 1368 et
1732 1343 1805 1376 cujus
1821 1351 1870 1371 non

1085 1383 1125 1405 cst
1142 1380 1210 1406 linis.
1226 1380 1277 1407 Sed
1294 1381 1320 1407 lti
1335 1383 1378 1416 qui
1389 1383 1422 1409 de
1437 1383 1530 1411 futttris
1544 1385 1608 1411 nihil
1624 1387 1722 1419 sciunt,
1739 1389 1870 1416 sttntbru—

1085 1424 1119 1451 tis
1133 1425 1278 1453 deteriores
1296 1436 1302 1454 :
1317 1435 1369 1455 nec
1380 1429 1398 1455 ii
1410 1429 1495 1456 solum
1512 1451 1519 1462 ,
1536 1431 1581 1457 sed
1602 1432 1682 1459 etiam
1699 1434 1742 1468 qtti
1761 1435 1872 1462 scelera.

1086 1475 1137 1496 tum
1162 1476 1188 1497 ct
1212 1472 1340 1505 perditam
1355 1475 1433 1502 vitam
1454 1481 1545 1510 agunt,
1562 1482 1655 1512 utporc
1679 1480 1725 1514 qui
1742 1480 1804 1507 fiant
1817 1489 1871 1508 ser-

1085 1521 1187 1549 pentes,
1201 1518 1306 1552 scorpii,
1320 1519 1409 1553 etlupi
1423 1526 1530 1555 propter
1542 1523 1750 1558 improbitatem,
1764 1527 1871 1554 ctbot‘cs

1085 1567 1192 1595 propter
1206 1564 1368 1597 vecordiam,
1383 1570 1409 1592 et
1423 1573 1502 1593 canes
1518 1574 1626 1601 propter
1637 1569 1836 1604 impudentiam.

1118 1607 1143 1633 7.
1168 1607 1249 1634 Virtus
1260 1610 1314 1635 sola
1327 1612 1471 1637 memoriam
1487 1613 1621 1647 gloriosam
1635 1617 1721 1648 parit;
1734 1625 1806 1651 quam
1816 1618 1870 1652 glo-

1083 1653 1149 1679 riosa
1170 1659 1260 1680 natura
1282 1655 1409 1688 hominis;
1431 1664 1524 1691 quamn
1546 1660 1625 1686 attittti
1650 1662 1779 1696 dignitus,‘
1799 1664 1868 1690 homo

1082 1698 1160 1724 brutis
1171 1704 1341 1732 comparatus.
1354 1715 1388 1719 —
1400 1701 1466 1734 Quid
1479 1703 1559 1736 enim,
1575 1704 1630 1737 die,
1642 1712 1746 1738 qumso,
1757 1711 1797 1733 cst
1807 1707 1867 1734 insi-

1082 1743 1197 1777 pientius
1216 1744 1247 1771 iis
1260 1746 1304 1779 qui
1327 1746 1352 1772 in
1369 1747 1498 1781 sepulcris
1519 1753 1546 1776 et
1558 1752 1740 1778 monumentis
1763 1760 1866 1787 operam

1081 1795 1156 1815 suam
1169 1790 1309 1823 collocant,
1322 1795 1348 1818 et
1358 1791 1392 1819 ad
1405 1793 1516 1820 aliorttm
1531 1795 1666 1822 nominum
1683 1798 1867 1832 appellationes

1081 1839 1151 1861 stant
1175 1835 1279 1863 hiantes
1303 1842 1330 1864 et
1354 1839 1524 1866 mirabundi?
1539 1840 1607 1867 Nihil
1623 1842 1694 1869 enim
1717 1845 1865 1871 memoriam

1081 1880 1160 1907 eflicit
1176 1887 1349 1917 prwlerquattt
1366 1885 1422 1911 sola
1433 1886 1525 1919 virtus,
1544 1895 1594 1913 non
1608 1889 1688 1920 audes,
1703 1896 1863 1921 uonstatua‘.

1081 1933 1132 1951 nott
1147 1926 1202 1958 lilii,
1218 1934 1269 1954 non
1281 1928 1378 1963 aliquid
1389 1930 1459 1956 aliud
1470 1931 1610 1964 ejusmodi.
1627 1933 1709 1960 Aldus
1721 1935 1791 1961 cttittt
1802 1942 1865 1969 opus

1080 1975 1141 1997 sunt
1155 1972 1308 2005 architecti,
1333 1978 1425 2001 statua:
1446 1976 1585 2009 statuarii,
1603 1976 1647 2004 filii
1662 1986 1726 2006 vero
1747 1985 1863 2010 naturae;

1080 2017 1116 2043 tui
1137 2022 1225 2045 atttetn
1245 2026 1373 2054 nusquam
1389 2025 1428 2047 est
1440 2023 1577 2049 memoria.
1594 2023 1628 2050 Et
1647 2024 1707 2052 ideo
1721 2030 1797 2052 vocat
1807 2033 1864 2053 eum

1081 2063 1185 2091 brutum
1201 2065 1330 2099 propheta
1345 2075 1351 2092 :
1366 2068 1491 2101 quoniam
1508 2076 1568 2095 cum
1583 2069 1741 2104 insipientia:
1756 2079 1785 2099 se
1805 2073 1864 2106 jugo

1079 2109 1241 2142 submiserit,
1266 2111 1344 2138 bruto
1361 2112 1480 2140 deterius
1504 2114 1619 2142 ducitur.
1645 2116 1711 2144 lllttd
1736 2118 1806 2145 enim
1827 2122 1865 2145 est

1079 2155 1143 2183 tttilc
1156 2160 1183 2183 et
1197 2162 1287 2191 aptum
1302 2158 1334 2185 ad
1349 2159 1538 2193 agriculturam
1552 2168 1558 2192 ;
1574 2161 1617 2188 hic
1638 2167 1739 2196 autem,
1753 2164 1796 2198 qui
1818 2170 1864 2190 se-

1079 2200 1165 2235 ipsum
1178 2202 1289 2235 subjecit
1300 2203 1469 2237 ittsipientim,
1480 2205 1523 2231 illo
1533 2206 1613 2233 etiam
1627 2207 1653 2233 in
1669 2207 1720 2235 hoc
1732 2208 1814 2235 facttts
1826 2213 1863 2236 est

1079 2246 1206 2274 deterior.
1220 2248 1350 2281 Quoniam
1364 2250 1434 2276 enim
1444 2251 1566 2285 superius
1581 2252 1694 2286 dixerat,
1705 2262 1782 2289 quam
1796 2258 1862 2281 esset

1079 2300 1155 2320 ntctts
1164 2301 1256 2321 eorum
1270 2302 1367 2327 crassa,
1384 2300 1499 2329 terrena,
1515 2298 1575 2325 vilis
1588 2304 1615 2325 et
1627 2299 1741 2334 abjecta,
1753 2305 1779 2327 et
1788 2308 1861 2335 quant

1080 2338 1180 2365 inutilis
1195 2344 1266 2367 esset
1279 2340 1354 2367 labor
1366 2348 1457 2368 eorum
1476 2342 1501 2368 itt
1520 2344 1648 2378 cogendis
1668 2346 1803 2378 pecuniis:
1818 2352 1867 2371 vo—

1080 2383 1138 2410 lens
1158 2385 1318 2419 amplificare
1339 2393 1430 2413 eorum
1452 2389 1666 2421 aecttsationcnt,
1692 2390 1797 2418 addttcit
1820 2390 1861 2417 Dei

1079 2429 1206 2458 beneﬁcia
1223 2440 1230 2457 :
1252 2432 1323 2466 quod
1336 2433 1423 2460 solent
1441 2441 1512 2467 saepe
1527 2434 1614 2462 facere
1627 2437 1771 2470 propltetzc.
1788 2436 1862 2463 Isaias

1078 2476 1160 2508 enim,
1184 2484 1243 2503 cum
1267 2482 1339 2505 esset
1362 2485 1408 2505 eos
1420 2484 1602 2512 accusaturus,
1626 2481 1740 2514 primum
1761 2480 1860 2516 quidem

1079 2521 1143 2548 dicit
1157 2522 1284 2549 honorem
1298 2530 1350 2557 qtto
1364 2523 1447 2551 Judaei
1461 2533 1475 2551 a
1492 2525 1546 2552 Deo
1568 2526 1654 2553 all‘ccti
1665 2532 1737 2560 sunt,
1753 2527 1786 2554 ita
1798 2526 1861 2553 Scri-

1079 2567 1160 2594 bcns:
1175 2567 1256 2595 Filios
1268 2570 1359 2602 geniti,
1375 2574 1398 2596 et
1418 2570 1529 2597 exaltavi
1543 2579 1553 2598 :
1570 2572 1619 2605 ipsi
1630 2577 1714 2598 autent
1729 2580 1768 2598 me
1782 2570 1862 2597 nihili-

1080 2614 1189 2647 fecerunt
1204 2613 1279 2649 (luti.
1296 2614 1321 2641 Ι.
1334 2614 1374 2649 2).
1389 2615 1445 2642 Hoc
1458 2615 1537 2650 igitur
1549 2617 1575 2643 in
1591 2616 1649 2644 loco
1662 2637 1669 2649 ,
1685 2624 1735 2644 una
1750 2616 1860 2644 dictione
1907 2618 1909 2621 '

1080 2659 1219 2689 declarans
1231 2660 1358 2688 beneﬁcia
1374 2669 1432 2695 qua:
1452 2661 1574 2689 ltomines
1587 2670 1602 2688 a
1616 2663 1671 2690 Deo
1685 2665 1857 2697 acceperunt,

1083 2705 1174 2737 Homo,
1198 2706 1291 2740 inquit,
1315 2714 1373 2732 cum
1391 2707 1416 2733 in
1443 2706 1538 2733 honore
1560 2712 1634 2741 esset,
1659 2715 1710 2734 non
1733 2705 1858 2734 intellexi!-

1078 2751 1225 2785 Quemnam
1248 2756 1336 2779 autem
1362 2751 1427 2779 dicit
1459 2752 1609 2780 honorem?
1635 2753 1702 2784 Audi
1730 2760 1789 2780 eum
1811 2751 1859 2778 alio

1078 2798 1184 2825 Psalmo
1193 2798 1328 2826 dicentem
1344 2807 1351 2826 :
1363 2798 1480 2825 Minuisti
1498 2807 1554 2825 eum
1567 2800 1644 2833 paulo
1654 2800 1736 2827 nam
1745 2798 1775 2824 ab
1786 2803 1858 2831 auge-

1079 2845 1119 2877 lis,
1134 2846 1215 2879 gloria
1229 2850 1252 2872 et
1264 2846 1358 2872 [tortore
1367 2845 1492 2872 coronasti
1503 2845 1577 2880 etmt(
1590 2845 1662 2873 Psal.
1672 2846 1698 2872 8.
1709 2845 1753 2879 ϐ).
1766 2841 1858 2876 Deinde

1080 2898 1216 2925 exponens
1231 2890 1371 2925 honorem,
1384 2890 1519 2926 subiungit
1532 2891 1650 2933 2r0mnia
1673 2889 1797 2925 subjeristi
1817 2889 1856 2917 ικρ
