4064 6416
452 363 552 420 231

456 476 784 546 ἀπόλαυσιν,
809 475 900 534 καὶ
921 481 1038 536 οὐδὲ
1060 481 1278 545 οίκείοις
1298 483 1408 534 τισὶ
1429 482 1518 536 καὶ
1542 483 1860 552 γνωρίμοις,
1904 480 2040 534 ἀ).λά

459 573 558 624 καὶ
579 569 866 652 ,πολλάκις
892 574 1103 646 ἐχθροῖς
1142 575 1235 628 καὶ
1272 573 1583 646 πολεμίοις;
1619 575 1718 629 Διά
1745 573 1905 628 τοῦτο
1939 574 2040 627 οὐκ

460 660 635 726 εἶπεν,
652 661 916 737 Ἑτέροις,
936 666 1070 730 ἀλλ’,
1089 668 1446 736 Ἀλλοτρίοις
1475 669 1912 739 καταλείψουσι
1933 669 2042 723 τὸν

461 755 734 810 πλοῦτον
761 757 978 812 αὐτῶν.
1021 758 1085 811 Τί
1111 758 1168 812 δέ
1200 760 1368 825 ἐστιν,
1403 758 1534 813 Ἐπὶ
1561 760 1630 813 τὸ
1666 758 1812 814 αὐτὸ
1834 759 2041 828 ἄφρων

462 842 562 896 καὶ
579 840 767 911 ἄνους
785 844 1149 900 ἀπολοῦνται
1165 865 1184 912 ;
1201 848 1354 902 Μετὰ
1368 848 1475 902 τῶν
1492 849 1798 922 ἔμπροσθεν
1817 851 1864 904 εί
1870 867 1937 922 ρη
1947 851 2042 921 μέ-

463 952 592 998 νων,
628 936 781 1005 φησί.
828 936 1090 992 Ἐνταῦθά
1122 955 1211 1008 μοι
1233 940 1324 993 τὸν
1363 937 1493 1012 περὶ
1525 942 1634 994 τῶν
1666 942 1877 996 ἀσεϐῶν
1895 942 2043 997 δοκεῖ

463 1025 634 1078 κινεῖν
660 1025 837 1094 λόγον,
868 1027 977 1080 τῶν
999 1029 1138 1100 πρὸς
1163 1030 1230 1083 τά
1272 1031 1514 1102 παρόντα
1543 1034 1708 1104 ἐπτοη
1718 1033 1915 1102 μένων,
1947 1035 2042 1087 καί⁷

462 1113 619 1169 οὐδὲν
652 1117 782 1186 περὶ
816 1117 925 1170 τῶν
969 1119 1268 1188 μελλόντων
1300 1121 1752 1191 φιλοσοφούντων,
1783 1125 2042 1196 ἀνοήτου-ς

463 1205 560 1258 καὶ
587 1205 834 1261 ἐντεῦθεν
860 1207 1062 1262 καλῶν.
1091 1210 1152 1262 EE
1191 1212 1302 1282 γὰρ
1352 1211 1521 1282 μηδὲν
1559 1215 1669 1284 ἡγῇ
1701 1213 1840 1284 μετά
1869 1214 2041 1268 ταῦτα

463 1291 630 1360 εἶναι,
665 1297 809 1361 τίνος
835 1297 1026 1352 ἐνεκεν
1066 1301 1264 1355 σαυτὸν
1308 1303 1529 1367 κόπτεις
1565 1305 1658 1357 καὶ
1695 1305 2038 1378 ταλαιπωρῇ,

465 1389 640 1459 μυρία
678 1390 928 1460 συνάγων
960 1393 1299 1464 πανταχόθεν
1342 1397 1622 1467 χρήματα,
1649 1397 1742 1452 καὶ
1781 1399 1907 1462 τοὺς
1944 1399 2042 1470 μέν

462 1479 658 1543 πόνους
672 1481 980 1551 ὑπομένων,
999 1484 1098 1554 τῆς
1113 1484 1168 1538 δέ
1186 1485 1537 1552 ἀπολαύσεως
1556 1487 1618 1541 οὐ
1639 1489 1881 1560 μετέχων
1899 1506 1913 1555 ;
1933 1490 2040 1544 Καὶ

461 1572 518 1624 οι
549 1568 725 1639 τάφοι
755 1570 973 1639 αὐτῶν,
998 1575 1157 1629 οἰκία
1180 1574 1381 1630 αὐτῶν
1405 1578 1492 1644 εις
1511 1578 1620 1631 τὸν
1643 1577 1848 1633 αἰῶνα.
1873 1578 2044 1632 Τοῦτο

464 1658 608 1713 κατά
635 1660 735 1731 τὴν
760 1660 1010 1718 ὑπόνοιαν
1041 1663 1262 1720 ἐκείνων
1291 1668 1444 1738 φησί.
1484 1667 1638 1740 [215]
1677 1672 2043 1741 Σκηνώματα

461 1750 664 1806 αὐτῶν
694 1753 783 1820 είς
817 1755 1034 1824 τενεάν
1070 1758 1169 1811 καί
1200 1758 1418 1828 γενεάν
1439 1778 1454 1792 ·
1482 1761 1932 1818 ἐπεκαλέσαντο
1969 1765 2042 1819 τὰ

463 1844 728 1914 ὀνόματα
749 1845 948 1901 αὐτῶν
973 1848 1072 1902 ἐπὶ
1109 1849 1230 1904 τῶν
1267 1851 1450 1922 τιμῶν
1481 1854 1700 1908 αὐτῶν.
1743 1856 1808 1908 Τί
1841 1856 2043 1926 ταύτης

463 1936 566 2006 τῆς
604 1937 787 2002 ἀνοίας
817 1940 1010 2009 γένοιτ’
1046 1940 1112 1996 ἂν
1149 1946 1349 2014 χεῖρον,
1381 1944 1444 1998 τὺ
1473 1949 1606 2010 τοὺς
1629 1948 1832 2018 τάφους
1867 1949 2044 2003 οίκίαν

465 2027 708 2099 νομίζειν
737 2030 981 2102 διηνεκῆ,
1010 2033 1070 2086 τὺ
1091 2033 1492 2104 φιλοτιμεῖσθαι
1519 2040 1647 2110 περὶ
1683 2041 1888 2105 ταῦτα;

539 2120 731 2174 Πολλοὶ
780 2121 912 2192 γοῦν
973 2124 1235 2189 πολλάκις
1275 2127 1404 2190 τοὺς
1458 2129 1663 2197 τάφους
1701 2131 1809 2184 τῶν
1858 2133 2044 2186 οἰκιῶν

466 2210 877 2284 λαμπροτέρους
934 2216 1276 2286 εἰργάσαντο.
1335 2217 1406 2268 Ἦ
1451 2216 1559 2288 γὰρ
1605 2222 1718 2282 τοῖς
1766 2221 2045 2291 πολεμίοις

465 2302 690 2358 πονοῦσι
731 2307 826 2359 καὶ
869 2304 1361 2378 ταλαιπωροῦνται,
1383 2310 1417 2379 ἢ
1447 2309 1525 2380 τῷ
1563 2311 1803 2382 σκώληκι
1844 2314 1938 2366 καὶ
1975 2315 2042 2385 τῇ

467 2394 636 2460 κόνει,
660 2395 742 2459 εἰς
765 2395 920 2450 οὐδὲν
943 2396 1130 2452 δέοντα
1167 2399 1342 2454 ταῦτα
1379 2401 1776 2466 ἀναλίσκοντες.
1813 2403 2045 2478 Τοιαύτη

467 2483 578 2555 γάρ
629 2486 737 2540 τῶν
787 2486 939 2540 οὐδὲν
976 2489 1104 2560 περὶ
1150 2489 1261 2544 τῶν
1306 2490 1607 2562 μελλόντων
1651 2493 1979 2558 ἐλπιζόντων
2013 2501 2046 2569 ἡ

466 2577 747 2649 φρόνησις.
785 2578 923 2632 Ἀλλ’
951 2580 1188 2636 ἐνταῦθά
1224 2600 1313 2654 μοι
1360 2583 1612 2648 στενάξαι
1667 2585 1875 2639 ἔπεισιν
1900 2627 1914 2650 ,
1963 2588 2044 2641 ὅτι

467 2669 656 2723 πολλοὶ
686 2670 780 2723 καὶ
803 2671 911 2724 τῶν
934 2671 1002 2726 τά
1023 2672 1284 2743 μέλλοντα
1320 2673 1671 2744 ἐλπιζόντων,
1699 2679 1841 2730 κατά
1881 2678 2042 2733 τοῦτο

464 2763 710 2826 ἐκείνους
731 2763 1045 2834 μιμοῦνται,
1080 2767 1206 2830 τοὺς
1230 2767 1486 2836 οὐδεμίαν
1535 2769 1661 2838 περὶ
1691 2770 1801 2823 τῶν
1827 2771 2050 2840 μελλόν-

465 2868 576 2905 των
641 2850 858 2923 ἔχοντας
903 2855 1094 2910 ἐλπίδα
1117 2897 1133 2922 ,
1183 2857 1390 2927 τάφους
1450 2859 1856 2932 οἰκοδομοῦντες
1879 2901 1894 2924 ,
1952 2863 2049 2918 καὶ

467 2943 698 3016 λαμπρά
737 2945 954 3016 σήματα
985 2947 1284 3012 ποιοῦντες,
1323 2949 1417 3003 καὶ
1443 2950 1666 3021 χρυσίον
1693 2952 2050 3022 κατορύττον-

467 3054 581 3102 τες,
637 3036 732 3091 καὶ
770 3040 850 3102 είς
887 3038 1105 3108 ἐτέρους
1136 3039 1206 3093 τά
1236 3041 1365 3094 ὄντα
1400 3042 1881 3112 παραπέμποντες,
1909 3047 2046 3100 κατὰ

467 3125 628 3182 τοῦτο
657 3128 879 3183 ἐκείνων
900 3131 1116 3202 χείρους
1142 3131 1313 3196 ὄντες.
1342 3133 1401 3186 '0
1429 3133 1528 3204 μέν
1561 3134 1671 3205 γὰρ
1703 3136 1856 3189 οὐδὲν
1883 3153 2048 3209 προσ-

475 3217 643 3272 δοκῶν
687 3219 826 3287 μετά
856 3219 1048 3285 ταῦτα,
1079 3224 1130 3276 εί
1165 3224 1258 3276 καὶ
1298 3224 1460 3287 αύτδς
1491 3225 1720 3294 ἀλόγως,
1753 3227 1868 3279 ἀλλ’
1897 3229 2046 3298 ὅμως

471 3308 560 3364 διὰ
601 3309 662 3363 τὸ
691 3311 855 3382 μηδὲν
884 3314 1209 3384 προσδοκᾷν,
1265 3316 1395 3385 περὶ
1423 3314 1492 3368 τὰ
1537 3318 1782 3387 παρόντα
1822 3317 2046 3388 φιλοπο-

468 3398 662 3453 νεῐται·
693 3403 757 3455 σὺ
782 3401 841 3455 δέ
878 3403 907 3455 ό
933 3403 1032 3475 τὴν
1058 3403 1354 3474 μέλλουσαν
1380 3405 1524 3479 ζωὴν
1562 3407 1739 3472 είδὼς,
1767 3410 2042 3483 ἄνθρωπε,

469 3491 566 3544 καὶ
590 3491 662 3545 τά
684 3493 863 3560 ἀγαθά
905 3496 1090 3550 ἐκεῖνα
1118 3496 1189 3549 τά
1232 3499 1539 3571 ἀπόρρητα,
1571 3501 1713 3556 κατά
1739 3503 1842 3573 τὴν
1887 3504 2046 3574 ῥῆσιν

465 3581 686 3654 ἐκείνην
705 3583 801 3656 τήν
828 3586 1204 3658 εὐαγγελικὴν,
1239 3589 1319 3642 ὅτι
1346 3592 1481 3644 Τότε
1509 3594 1562 3645 οί
1591 3592 1806 3648 δίκαιοι
1828 3595 2047 3666 ἐκλάμ-

466 3675 701 3742 ψουσιν
738 3677 818 3744 ὡς
842 3680 876 3732 ό
908 3677 1100 3746 ἣλιος,
1137 3680 1299 3734 ποίαν
1342 3680 1408 3735 ἂν
1455 3681 1642 3752 σχοίης
1681 3684 2043 3756 συγγνώμηνς

465 3764 592 3819 τίνα
611 3765 941 3838 ἀπολογίαν;
977 3771 1135 3825 ποίαν
1168 3771 1224 3824 δέ
1252 3773 1353 3826 οὐκ
1378 3772 1443 3826 ἂν
1475 3774 1776 3846 ὑποσταίης
1821 3777 2046 3840 δικαίως

467 3857 713 3926 κόλασιν,
747 3861 925 3916 πάντα
951 3861 1185 3917 ἐνταῦθα
1211 3863 1606 3917 καταδαπανῶν
1634 3867 1713 3929 είς
1736 3867 1836 3932 τὴν
1869 3867 2045 3930 κόνιν,

464 3951 550 4014 εις
575 3949 675 4022 τὴν
695 3953 923 4024 τέφραν,
953 3955 1033 4018 είς
1073 3955 1142 4008 τά
1186 3957 1428 4026 σήματα,
1464 3957 1546 4020 εἰς
1568 3957 1697 4021 τούς
1737 3958 2044 4029 πολεμίους,

464 4043 551 4106 είς
566 4045 690 4107 τοὺς
707 4044 954 4117 ἐχθρούς;
978 4046 1462 4103 Ἐπεκα-ιέσαντο
1481 4047 1556 4102 τὰ
1573 4049 1835 4118 ὀνόματα
1848 4050 2048 4106 αὐτῶν

464 4133 710 4188 ἐπὶτῶν
727 4133 913 4204 ταιῶν
939 4136 1160 4191 αὐτῶν.
1191 4138 1324 4191 Ἰδοὺ
1347 4139 1440 4193 καὶ
1456 4137 1652 4209 ἐτέρας
1672 4139 1857 4202 ἀνοίας
1881 4135 2043 4205 εῑδος,

463 4225 531 4279 τὸ
549 4225 882 4296 περιτιθέναι
909 4227 1006 4292 τάς
1026 4228 1402 4300 προσηγορίας
1419 4229 1602 4284 αὐτῶν
1625 4229 1880 4301 οίκοδολμή
1890 4248 2042 4301 μασι,

465 4315 566 4370 καὶ
615 4316 824 4387 ἀγροῖς,
878 4318 973 4370 καὶ
1008 4315 1276 4389 λουτροῖς,
1331 4319 1425 4371 καί
1479 4317 1746 4389 μεγίστην
1794 4318 2045 4374 ἐντεῦθεν

466 4408 810 4480 καρποῦσθαι
855 4409 1210 4482 παραμυθίαν
1261 4411 1522 4480 νομίζειν,
1575 4413 1670 4466 καὶ
1724 4412 1824 4483 τὴν
1887 4413 2045 4468 σκιὰν

464 4498 682 4554 διώκειν
727 4501 848 4554 ἀντὶ
883 4499 983 4571 τῆς
1028 4500 1302 4572 ἀληθείας.
1372 4501 1435 4556 Εἰ
1486 4503 1594 4573 γὰρ
1646 4504 1866 4574 μνήμης
1917 4505 2046 4576 ἐρᾷς

466 4587 750 4657 διηνεκοῦς
778 4628 793 4650 ,
855 4589 930 4660 μὴ
979 4587 1220 4658 όνόματα
1284 4584 1516 4662 περιθῇς
1571 4590 1997 4663 οἰκοδομήμασιν
2027 4635 2042 4658 ,

466 4677 747 4750 ἄνθρωπε,
777 4679 890 4731 ἀλλ’
917 4679 1220 4750 ἀνάστησον
1245 4680 1479 4751 τρόπαια
1512 4681 1953 4752 κατορθωμάτων
1971 4723 1985 4745 ,
2011 4682 2047 4737 ἀ

469 4769 566 4822 καὶ
593 4769 652 4822 ἐν
678 4769 756 4840 τῷ
801 4771 1028 4841 παρόντι
1072 4788 1154 4824 σοι
1209 4771 1308 4842 βίῳ
1345 4771 1406 4825 τὸ
1452 4772 1622 4844 ὄνομα
1647 4774 1915 4844 διατηρεῖ,
1953 4777 2046 4829 καὶ

471 4857 609 4929 πρὸς
655 4859 752 4928 τὴν
791 4860 1089 4929 μέλλουσαν
1136 4860 1283 4932 ζωὴν
1332 4861 1602 4915 ἀθάνατον
1646 4864 2045 4927 κατασκευάζει

471 4966 558 5004 σοι
583 4949 682 5023 τὴν
717 4951 1044 5007 ἀνάπαυσιν.
1079 4953 1142 5005 El
1187 4954 1406 5025 μνήμης
1448 4955 1580 5026 ἐρᾷς
1613 4955 1706 5008 καὶ
1737 4955 2042 5026 ἐπιθυμεῖς,

472 5039 586 5110 ἐγώ
634 5059 696 5095 σε
737 5042 970 5098 διδάσκω
997 5043 1096 5115 τήν
1121 5044 1300 5114 ἀληθῆ
1343 5046 1440 5100 καὶ
1491 5045 1832 5114 σαφεστάτην
1879 5046 1998 5100 ὁδόν
2029 5064 2043 5082 ο

471 5132 675 5203 ἀρετῆς
709 5133 991 5204 ἐπιμελοῦ.
1033 5134 1200 5189 Οὐδὲν
1228 5135 1337 5207 γὰρ
1368 5136 1542 5200 οὕτως
1582 5134 1849 5190 ἀθάνατον
1876 5136 2049 5204 ὄνομα

474 5225 634 5290 ποιεῖ,
660 5223 736 5288 ὡς
758 5225 958 5296 ἀρετῆς
994 5225 1174 5294 φύσις.
1209 5227 1320 5280 Καὶ
1345 5225 1504 5280 τοῦτο
1539 5226 1790 5297 δηλοῦσιν
1815 5229 1865 5280 οί
1906 5227 2042 5302 μάρ-

470 5330 656 5384 τυρες,
702 5313 853 5384 δηλοῖ
886 5313 996 5366 τῶν
1023 5311 1337 5367 ἀποστόλων
1378 5313 1449 5367 τά
1477 5313 1725 5382 λείψανα,
1765 5312 1915 5383 δηλοῖ
1941 5314 2048 5365 τῶν

472 5411 534 5462 ἐν
574 5409 742 5481 ἀρετῇ
782 5408 1122 5479 βεϐιωκότων
1159 5411 1194 5481 ἡ
1230 5409 1440 5482 μνήμη.
1485 5411 1646 5463 Πόσοι
1678 5409 1913 5481 βασιλεῖς
1953 5409 2050 5463 πύ-

473 5499 588 5562 λεις
627 5497 948 5570 ἀνέστησαν,
987 5498 1210 5570 λιμένας
1258 5500 1690 5564 κατεσκεύασαν,
1723 5501 1817 5554 καὶ
1841 5500 1907 5553 τὰ
1933 5501 2049 5554 όνό-

477 5611 624 5664 ματα
645 5594 920 5659 ἐπιθέντες
953 5595 1196 5666 ἀπῆλθον
1219 5613 1234 5663 ;
1257 5597 1372 5650 ἀλλ’
1395 5596 1547 5650 οὐδὲν
1581 5595 1889 5657 ἀπώναντο.
1913 5597 2050 5650 ma:

475 5690 808 5761 σεσίγηνται,
860 5691 955 5745 καὶ
1000 5689 1138 5763 λήθῃ
1199 5692 1608 5762 παραδέδονται.
1661 5693 1720 5745 '0
1762 5693 1819 5745 δὲ
1869 5693 2050 5754 ἁλιεὺς

478 5786 681 5858 Πέτρος
723 5787 875 5842 οὐδὲν
920 5786 1126 5842 τούτων
1174 5789 1578 5861 ἐργασάμενος,
1623 5789 1806 5843 ἐπειδῇ
1849 5788 2046 5859 ἀοετὴν

1531 363 1896 420 EXPOSITIO
1935 363 2000 417 IN
2042 363 2378 418 PSALMUM
2418 363 2645 416 XLVIII.

3601 367 3709 418 Ξδῖ

2148 477 2400 549 μετῆλθε,
2448 478 2543 530 καὶ
2595 478 2692 548 τὴν
2735 475 3170 546 βασιλικωτάτην
3220 475 3484 529 κατέλασε
3541 476 3714 542 πόλιν,

2143 569 2287 640 ὐπέρ
2317 569 2410 622 τὸν
2442 568 2592 639 ἥλιον
2620 566 2826 638 λάμπει
2861 567 2956 620 καὶ
2993 565 3131 637 μετὰ
3154 566 3430 637 τελευτήν.
3476 567 3540 619 Ὀ
3570 567 3624 620 δέ
3653 568 3718 621 σὺ

2141 663 2335 725 ποιεῖς,
2375 658 2777 727 καταγέλαστον
2816 658 2912 712 καὶ
2941 657 3200 729 αἰσχύνης
3250 658 3441 729 γέμον.
3485 658 3560 711 Οὐ
3612 659 3719 729 γὰρ

2145 751 2307 820 μόνον
2345 766 2404 804 σε
2430 747 2681 820 λαμπρὸν
2699 746 2873 802 ταῦτα
2893 747 2994 800 οὐκ
3023 747 3318 816 ἐργάσεται
3349 750 3418 803 τὰ
3452 753 3719 822 μνημεῖα,

2140 841 2276 897 ἀλλὰ
2318 841 2412 896 καὶ
2445 839 2888 910 καταγέλαστον,
2915 840 3010 892 καὶ
3032 839 3101 893 τά
3125 839 3342 893 πάντων
3363 841 3566 906 ἀνοίξει
3610 842 3722 896 στό-

2146 949 2310 1004 ματα.
2333 933 2400 987 Α.
2423 933 2533 1004 γάρ
2561 932 2846 1002 οίκοδομαὶ
2869 930 2948 1002 τῷ
2967 931 3145 1002 χρόνῳ
3173 931 3476 1004 δυναμένην
3503 950 3598 987 σου
3621 933 3722 1006 τὴν

2140 1025 2454 1092 πλεονεξίαν
2503 1025 2643 1097 λήθῃ
2685 1023 3074 1096 παραδοθῆναι,
3126 1022 3316 1096 ὥσπερ
3363 1027 3576 1097 στῆλαι,
3618 1027 3714 1082 καὶ

2140 1114 2379 1187 τρόπαιά
2398 1130 2492 1167 σου
2510 1114 2610 1184 τῆς
2627 1113 2939 1179 πλεονεξίας
2964 1114 3092 1186 ἐστή
3101 1131 3226 1168 κασι
3247 1115 3523 1192 πανταχοῦ
3543 1129 3592 1170 ι.
3612 1117 3720 1172 Καί

2142 1205 2450 1274 ἅνθρωπος
2469 1205 2538 1258 ἐν
2556 1205 2692 1276 τιμῇ
2713 1203 2816 1271 ὢν,
2835 1207 2907 1261 οὐ
2925 1205 3160 1275 συνῆκε
3174 1222 3188 1235 ’
3213 1207 3719 1276 παρασυνεϐλήθη

2144 1298 2267 1365 τοῖς
2298 1298 2547 1365 κτήνεσι
2581 1297 2706 1364 τοῖς
2729 1296 3030 1365 ἀνοήτοις,
3072 1297 3171 1351 καί
3198 1297 3465 1368 ὡμοιώθη
3495 1300 3716 1368 αὐτοῖς.

2158 1389 2422 1445 Ἐνταῦθά
2450 1389 2602 1463 [2M]
2633 1407 2721 1461 μοι
2758 1389 2944 1444 λοιπὸν
2970 1388 3340 1460 ἀποδύρεσθαι
3367 1390 3396 1442 ό
3431 1391 3721 1462 Προφήτης

2143 1482 2308 1548 δοκεῖ,
2343 1484 2424 1536 ὅτι
2453 1481 2514 1536 τὺ
2557 1481 2695 1548 ζῶον
2718 1481 2780 1535 τὸ
2807 1481 3046 1551 λογικὸν,
3079 1482 3142 1534 τὸ
3173 1481 3269 1535 καὶ
3306 1483 3406 1554 τὴν
3444 1482 3725 1552 βασιλείαν

2142 1575 2238 1647 τὴν
2265 1575 2357 1629 ἐπὶ
2391 1575 2494 1646 γῆς
2528 1575 2888 1646 ἐγχειρισθέν,
2925 1574 3063 1646 πρὸς
3107 1575 3209 1646 τὴν
3239 1574 3348 1629 τῶν
3377 1574 3587 1642 ἀλόγων
3639 1574 3718 1627 εύ-

2144 1667 2352 1721 τέλειαν
2381 1665 2638 1733 ἐξέκλινε,
2668 1665 3085 1738 ματαιοπονοῦν,
3125 1667 3342 1720 ἐναντία
3376 1669 3441 1737 τῇ
3481 1666 3724 1738 σωτηρίᾳ

2143 1760 2209 1830 τῇ
2246 1756 2441 1812 ἐαυτοῦ
2469 1757 2897 1824 κατασκευάζον,
2943 1757 3249 1822 κενοδοξίαν
3286 1757 3500 1824 διῶκον,
3533 1759 3725 1810 πλεον-

2144 1851 2292 1916 εξίαν
2329 1850 2530 1922 μετιὸν,
2572 1851 2813 1921 ἀνήνυτα
2841 1851 3054 1905 πονοῦν.
3105 1850 3251 1922 Τιμὴ
3281 1850 3390 1921 γὰρ
3435 1849 3722 1921 ἀνθρώπου

2146 1943 2335 2014 ἀρετὴ,
2365 1942 2460 1996 καὶ
2497 1941 2561 1995 τὸ
2600 1943 2728 2012 περὶ
2771 1940 2877 1995 τῶν
2928 1941 3228 2012 μελλόντων
3260 1941 3593 2012 φιλοσοφεῖν,
3630 1945 3724 1996 καὶ

2147 2034 2286 2106 πρὸς
2307 2033 2521 2104 ἐκείνην
2555 2032 2654 2103 τὴν
2684 2031 2828 2103 ζωὴν
2858 2031 3072 2086 ἅπαντα
3105 2033 3611 2104 πραγματεύεσθαι,
3631 2037 3724 2088 καὶ

2146 2127 2207 2178 τὸ
2231 2125 2339 2179 τῶν
2361 2125 2646 2196 παρόντων
2669 2125 2966 2194 ύπερορᾷν.
3014 2124 3077 2176 Ἦ
3104 2123 3202 2194 μὲν
3230 2124 3341 2193 γὰρ
3379 2124 3489 2178 τῶν
3513 2125 3726 2192 ἀλόγων

2148 2219 2262 2289 ζωὴ
2292 2222 2453 2289 μέχρι
2493 2215 2588 2270 τοῦ
2636 2215 2901 2285 παρόντος
2940 2216 3362 2284 συγκέκλεισται
3403 2216 3516 2287 βίου
3543 2232 3557 2246 ·
3599 2219 3632 2287 ή
3666 2217 3724 2269 δὲ

2147 2309 2390 2381 ἡμετέρα
2415 2308 2551 2378 πρὸς
2581 2307 2773 2378 ἑτέραν
2810 2305 2983 2360 ὁδεύει
3036 2306 3249 2377 βελτίω,
3301 2307 3396 2360 καὶ
3442 2306 3594 2372 τέλος
3625 2307 3724 2360 οὐκ

2147 2401 2399 2472 ἔχουσαν.
2444 2399 2583 2452 Ἀλλ’
2623 2393 2770 2453 οὗτοι
2818 2400 2866 2452 οί
2920 2400 3050 2468 περὶ
3096 2399 3204 2451 τῶν
3241 2398 3544 2469 μελλόντων
3572 2398 3723 2451 οὐδὲν

2149 2494 2369 2557 εἰδότες,
2397 2491 2506 2545 τῶν
2530 2491 2739 2560 ἀλόγων
2758 2493 2971 2562 χείρους
2993 2491 3129 2545 εἰσίν
3143 2509 3158 2523 ο
3178 2491 3275 2562 οὐχ
3296 2485 3439 2545 οὗτοι
3465 2491 3521 2545 δέ
3545 2492 3721 2562 μόνον,

2149 2585 2285 2640 ἀλλά
2317 2583 2412 2638 καὶ⁵
2444 2584 2494 2637 οἱ
2523 2583 2622 2655 βίῳ
2655 2583 3032 2656 διεφθαρμένῳ
3065 2582 3356 2647 συζῶντες,
3387 2583 3540 2652 όφεις
3583 2583 3726 2652 γινό-

2152 2695 2302 2747 μενοι
2351 2678 2446 2732 καὶ
2501 2676 2750 2748 σκορπίοι
2812 2677 2906 2730 καλ⁸
2953 2675 3104 2730 λύκοι
3148 2674 3236 2728 διὰ
3287 2672 3388 2746 τῆς
3438 2675 3724 2747 πονηρίας,

2149 2769 2244 2822 καὶ
2273 2767 2393 2840 βόες
2419 2768 2507 2822 διὰ
2527 2767 2628 2838 τῆς
2662 2767 2866 2834 ἀνοίας,
2890 2769 2986 2821 καὶ
3006 2765 3166 2830 κύνες
3193 2765 3280 2820 διὰ
3308 2768 3406 2837 τῆς
3435 2766 3724 2836 ἀναισχυν-

2145 2859 2287 2922 τίας.

2218 2952 2284 3016 ζ’.
2307 2951 2373 3004 Τί
2400 2951 2509 3022 γὰρ
2533 2950 2909 3023 ἀνοητότερον,
2935 2948 3058 3002 εἰπέ
3085 2965 3197 3018 μοι,
3229 2947 3338 3000 τῶν
3367 2946 3495 3019 περὶ
3519 2947 3725 3016 τάφους

2147 3042 2242 3095 καὶ
2264 3041 2522 3111 μνήματα
2547 3039 2772 3109 ἀσχολου
2781 3037 3085 3106 μένων,καὶ
3104 3037 3242 3108 πρὸς
3260 3036 3540 3108 ὀνομάτων
3561 3053 3726 3108 προσ-

2147 3133 2374 3204 ηγορίας
2393 3131 2592 3202 ἐτέρων
2617 3129 2954 3201 κεχηνότων;
2984 3129 3149 3182 Οὐδέν
3177 3128 3284 3200 γὰρ
3316 3130 3534 3200 μνήμην
3557 3131 3722 3194 ποιεῖ,

2147 3226 2262 3279 ἀλλ’
2285 3225 2451 3298 ἀρετὴ
2477 3225 2505 3264 b
2540 3224 2698 3296 μόνη,
2723 3224 2826 3276 οὐκ
2857 3221 3025 3286 οίκία,
3054 3221 3154 3276 οὐκ
3187 3221 3446 3293 ἀνδριὰς,
3488 3222 3550 3275 οὐ
3596 3238 3726 3277 παι-

2147 3317 2257 3380 διά,
2291 3318 2391 3372 οὐκ
2419 3316 2546 3371 ἀλλο
2585 3315 2693 3369 τῶν
2735 3313 2993 3368 τοιούτων
3022 3313 3196 3367 οὐδέν.
3241 3313 3306 3366 'H
3338 3313 3437 3385 μὲν
3478 3314 3587 3384 γάρ
3625 3315 3726 3386 τῆς

2150 3407 2244 3462 τοῦ
2264 3408 2515 3470 τέκτονος
2536 3407 2727 3477 σοφίας
2748 3406 2896 3460 ἐστὶν
2921 3405 3100 3477 ἔργον,
3115 3405 3144 3457 ό
3163 3405 3220 3458 δέ
3243 3404 3346 3476 τῆς
3365 3403 3462 3459 τοῦ
3483 3405 3729 3476 ἀνδριανο

2149 3499 2390 3566 τοποιοῦ,
2432 3500 2492 3554 τὸ
2525 3499 2580 3554 δέ
2616 3499 2718 3568 τῆς
2757 3497 2972 3566 φύσεως
3001 3497 3197 3568 ἐργον’
3243 3497 3337 3552 σοῦ
3380 3498 3438 3551 δέ
3485 3495 3724 3567 οὐδαμοῦ

2151 3592 2360 3662 μνήμη.
2385 3590 2482 3643 Διά
2501 3589 2566 3659 δὴ
2585 3582 2742 3641 τοῦτο
2774 3587 2968 3654 ἄλογον
2988 3587 3148 3640 αὐτὸν
3177 3586 3205 3638 ό
3233 3586 3522 3658 Προφήτης
3548 3586 3723 3640 καλεῖο

2147 3683 2333 3753 ἐπειδὴ
2373 3682 2510 3754 πρὸς
2549 3681 2640 3734 τὸν
2683 3679 2785 3748 τῆς
2826 3677 3012 3740 ἀνοίας
3051 3678 3270 3740 ὑποθεὶς
3304 3677 3468 3746 ζυγὸν
3510 3679 3723 3742 ἐαυτὸν,

2147 3775 2338 3842 ἄγεται
2361 3773 2455 3826 τοῦ
2490 3771 2686 3839 ἀλόγου
2719 3774 2921 3842 χεῖρον.
2956 3769 3164 3822 Ἐκεῖνο
3187 3769 3283 3838 μὲν
3303 3767 3412 3839 γὰρ
3433 3769 3722 3838 χρήσιμον,

2147 3866 2240 3918 καὶ
2291 3865 2428 3935 πρὸς
2482 3863 2755 3933 γεωργίαν
2794 3860 3126 3930 ἐπιτήδειον·
3162 3851 3317 3922 οὗτος
3355 3859 3412 3910 δέ
3458 3861 3523 3929 τῇ
3568 3859 3725 3930 ἀνοία

2148 3955 2341 4009 ἐαυτὸν
2387 3953 2696 4015 ὑποϐαλὼν,
2745 3951 2841 4005 καλ⁵
2869 3952 3080 4004 ἐκείνου
3120 3950 3318 4020 χείρων
3357 3950 3546 4019 γέγονε
3583 3950 3727 4005 κατὰ

2145 4048 2326 4102 τοῦτο.
2368 4046 2589 4117 Ἐπειδὴ
2620 4047 2730 4116 γὰρ
2757 4039 2911 4097 εἶπεν
2938 4044 3194 4114 ἀνωτέρω
3222 4043 3282 4096 τὸ
3310 4043 3456 4113 παχὺ
3489 4043 3587 4112 τῆς
3608 4041 3726 4095 δια-

2145 4139 2294 4202 νοίας
2316 4137 2516 4200 αὐτῶν,
2537 4137 2600 4191 τὸ
2622 4136 2842 4206 γεῶδες,
2864 4136 2926 4189 τὸ
2951 4134 3309 4206 χαμαίζηλον,
3349 4134 3440 4188 τὸν
3467 4135 3726 4203 ἀνόνητον

2147 4230 2277 4301 περὶ
2308 4228 2375 4282 τὰ
2404 4231 2660 4301 χρήματα
2681 4230 2865 4296 πόνον,
2893 4225 3124 4298 αὐξῆσαι
3157 4226 3479 4296 βουλόμενος
3508 4227 3601 4279 καὶ
3625 4225 3723 4296 τήν

2149 4321 2484 4393 κατηγορίαν
2524 4318 2632 4372 τῶν
2673 4318 2952 4382 τοιούτων,
2993 4317 3088 4369 καὶ
3132 4315 3229 4379 τὰς
3273 4314 3427 4386 παρά
3455 4314 3548 4368 τοῦ
3589 4311 3725 4368 Θεοῦ

2146 4414 2358 4484 τίθησιν
2404 4409 2744 4481 εὐεργεσίας,
2785 4407 2924 4480 ὅπερ
2964 4405 3236 4477 πολλαχοῦ
3265 4406 3443 4459 ποιεῖν
3471 4404 3724 4459 εἰώθασιν

2147 4507 2197 4558 οἱ
2228 4505 2521 4577 προφῆται.
2540 4503 2692 4556 Ἐπεὶ
2713 4502 2807 4554 καὶ
2825 4503 2854 4554 ό
2885 4501 3112 4560 Ἡσαΐας
3138 4499 3344 4571 μέλλων
3373 4499 3554 4553 αὐτῶν
3589 4517 3723 4553 κατ-

2151 4598 2393 4666 ηγορεῖν,
2427 4593 2638 4666 πρῶτον
2666 4593 2814 4661 λέγει
2835 4593 2940 4664 τὴν
2975 4592 3127 4662 παρά
3164 4591 3259 4645 τοῦ
3287 4592 3422 4646 Θεοῦ
3455 4591 3619 4662 τιμὴν
3646 4594 3726 4656 είς

2146 4686 2271 4748 τοὺς
2304 4685 2592 4746 Ἰουδαίους
2629 4684 3021 4754 γεγενημένην,
3064 4681 3208 4737 οὕτω
3246 4682 3474 4755 γράφων
3499 4699 3512 4714 °
3555 4683 3727 4750 Υίοὺς

2145 4771 2466 4840 ἐγέννησα,
2484 4771 2583 4823 καί
2602 4771 2822 4838 ina-cuca
2837 4786 2853 4802 ·
2877 4772 3049 4826 αὐτοὶ
3079 4771 3147 4826 δέ
3158 4789 3238 4838 με
3268 4772 3594 4840 ἠθέτησαν.
3613 4775 3725 4827 Καὶ

2146 4861 2378 4916 ἐνταῦθα
2396 4861 2572 4915 τοίνυν
2585 4861 2672 4915 ’διά
2694 4864 2821 4933 μιᾶς
2837 4863 3037 4930 λέξεως
3051 4864 3118 4918 τά
3137 4865 3467 4937 ὑπηργμένα
3485 4865 3562 4935 τῷ
3577 4865 3724 4933 γένει

2147 4951 2256 5007 τῶν
2283 4951 2586 5022 ἀνθρώπων
2605 4953 2758 5024 παρά
2786 4953 2882 5006 τοῦ
2907 4953 3045 5008 Θεοῦ
3079 4955 3280 5026 δηλῶν,
3303 4957 3637 5024 Ἀνθρωπος
3654 4955 3725 5007 έν

2147 5045 2290 5114 τιμῇ
2319 5044 2405 5098 ὢν
2431 5046 2502 5098 οὐ
2529 5043 2785 5110 συνῆκε,
2811 5045 2960 5116 φησί.
2993 5047 3103 5099 Καὶ
3133 5046 3290 5100 ποίαν
3324 5047 3472 5116 λέγει
3518 5046 3720 5116 τιμήν;

2153 5136 2418 5190 Ἄκουσον
2435 5136 2602 5189 αὐτοῦ
2635 5138 2692 5188 ἐν
2719 5137 2894 5209 ἑτέρῳ
2911 5138 3113 5209 ψαλμῷ
3147 5139 3416 5206 λέγοντος*
3437 5137 3726 5192 Ἦνίάττω-

2147 5243 2268 5293 σας
2307 5228 2496 5282 αὐτὸν
2534 5229 2736 5298 ,ϐραχύ
2782 5246 2837 5282 τι
2875 5231 3011 5297 παρ’
3047 5231 3378 5299 ἀγγέλους,
3429 5231 3576 5300 δόξῃ
3626 5232 3724 5284 καί

2149 5318 2289 5388 τιμῇ
2339 5318 2768 5387 ἐστεφάνωσας
2812 5321 3016 5374 αὐτόν.
3055 5319 3186 5374 Εἶτα
3230 5321 3592 5391 ἐξηγούμενος
3627 5322 3725 5391 τὴν

2150 5410 2335 5481 τιμήν,
2373 5411 2594 5478 ἐπάγει·
2631 5409 2833 5464 Πάντα
2879 5409 3182 5478 ὑπέταξας
3210 5413 3488 5467 ὑποκάτω
3527 5409 3727 5467 ποδῶν

2150 5500 2358 5564 αὐτοῦ,
2387 5502 2668 5568 πρόϐατα,
2707 5501 2803 5554 καὶ
2827 5501 2984 5568 ,βόας
3008 5501 3252 5570 ἁπάσας
3273 5521 3286 5537 ο
3315 5505 3404 5558 ἔτι
3430 5504 3497 5558 δὲ
3532 5504 3631 5558 καί
3659 5507 3728 5560 τὰ

2214 5677 2240 5743 ξ
2263 5674 2399 5743 Ill“)?
2422 5675 2537 5743 λήθῃ
2560 5674 2853 5743 παραδοῦναι
2859 5712 2896 5743 .._
2900 5715 2909 5723 .
2938 5678 3204 5743 πλεονεξίας
3227 5681 3436 5743 ἑστῶσαι
3463 5679 3722 5743 πανταχοῦ.

2219 5736 2245 5802 ἓν
2268 5735 2444 5802 melius
2473 5735 2732 5802 legerélur
2751 5739 2854 5802 ἀλλῗ
2877 5740 2906 5793 ἢ
2929 5741 3090 5802 ἀρετή.
3109 5740 3218 5790 Mox
3241 5741 3392 5792 Savil.
3409 5748 3460 5790 ει
3480 5735 3726 5793 ροάά.ὀύιι

2156 5799 2360 5862 ἀνδριάς,
2380 5797 2435 5846 οὐ
2459 5797 2608 5859 πόλις,
2634 5799 2688 5848 οὐ
2714 5801 2892 5848 παιδία.
2966 5797 2973 5802 ⁷
3719 5809 3722 5814 ’
