4064 6420
315 499 522 571 pedibus
566 492 684 566 ejus
708 534 723 557 ,
753 505 885 555 oves,
909 495 954 541 et
991 483 1134 540 boves
1176 478 1465 538 universas;
1491 474 1701 571 insuper
1728 474 1773 520 et
1802 479 1890 571 pe-

314 556 430 647 irora
463 556 657 657 campi,
685 556 910 639 uolucres
932 576 1043 632 cteli
1066 583 1116 629 et
1149 572 1306 642 pisces
1330 565 1485 622 maris
1507 563 1595 633 qui
1627 556 1896 657 pert-Imb»

313 684 421 736 lant
678 671 835 729 maris
862 667 1036 740 (Ibid.
1065 681 1113 720 υ.
1142 663 1195 719 8.
1220 661 1299 730 9).
1329 658 1427 713 llic
1452 662 1534 710 est
1558 651 1701 707 enim
1729 648 1897 740 honor

316 775 474 843 longe
496 767 783 829 maximus,
814 738 944 818 eiiin
971 756 1147 813 omnia
1176 767 1296 824 quas
1317 738 1902 843 videntur-permisisse

316 830 684 922 «torninatum,
712 853 872 923 idque
918 863 1038 904 cum
1074 844 1209 901 nihil
1248 848 1394 897 recte
1442 834 1714 907 gessisset.
1764 830 1899 923 Cum

318 953 465 1009 enim
492 964 617 1006 eum
647 920 883 1002 nondum
915 940 1178 1003 tinxisset,
1205 935 1377 990 dixit:
1409 929 1686 984 Faciamus
1730 920 1897 976 homi-

317 1063 434 1101 nem
450 1044 516 1097 ad
537 1040 808 1112 imaginem
843 1046 890 1090 et
905 1029 1285 1088 similitudinem
1300 1032 1525 1079 nostram
1545 1016 1701 1112 (Gen.
1720 1014 1771 1070 1.
1785 1012 1900 1112 26).

327 1134 533 1191 Deinde
560 1104 920 1200 interpretans
942 1121 1072 1179 illud
1096 1162 1113 1190 ,
1136 1118 1214 1174 Ad
1250 1114 1558 1184 imaginem,
1585 1104 1900 1200 subiunxit,

323 1228 390 1283 Et
415 1225 624 1297 ρτωεεηε
648 1194 867 1293 ρξὲείθιιε
903 1215 1094 1278 maris,
1120 1220 1167 1265 et
1186 1205 1473 1297 volatilibus
1494 1200 1638 1297 caeli,
1659 1206 1708 1254 et
1735 1194 1904 1297 bestiis

320 1286 489 1373 terra.
516 1314 586 1370 Et
623 1286 763 1366 hunc
793 1310 1047 1372 brevem,
1070 1296 1426 1357 tricubitalem
1455 1292 1553 1366 (a),
1602 1299 1658 1345 et
1700 1286 1904 1343 viribus

321 1406 571 1478 corporis
594 1402 764 1459 brutis
806 1399 967 1468 longe
1002 1393 1308 1450 interiorem
1331 1429 1347 1451 ,
1392 1384 1616 1443 rationis
1642 1379 1903 1478 afﬁnitate

477 1494 684 1552 cunctis
710 1489 1085 1549 excelsiorem,
1115 1483 1347 1538 animam
1374 1474 1688 1533 rationalem
1710 1471 1760 1526 ei
1793 1468 1902 1523 lar-

323 1593 472 1661 gitns
499 1606 514 1643 :
538 1584 681 1658 quod
723 1581 937 1654 quidem
967 1587 1051 1634 est
1080 1572 1304 1630 honoris
1340 1572 1550 1639 signum
1591 1562 1902 1618 maximum.

328 1657 432 1739 l’er
452 1657 575 1736 eum
598 1676 739 1732 enim
758 1672 1000 1729 civitates
1015 1665 1274 1730 condidit,
1303 1675 1451 1717 mare
1474 1657 1666 1723 secuit,
1698 1664 1897 1709 terram

319 1774 511 1839 coluit,
529 1779 673 1826 artes
697 1764 902 1822 invenit
929 1756 1364 1821 innumerabiles,
1392 1750 1682 1809 ferociores
1704 1746 1908 1802 belluas

324 1862 618 1936 superavit,
651 1867 706 1915 et
724 1855 865 1928 quod
891 1864 975 1910 est
994 1852 1231 1907 omnium
1259 1847 1548 1904 maximum
1576 1850 1632 1899 et
1653 1841 1906 1912 primum,

330 1930 524 2021 Deum,
547 1953 637 2023 qui
665 1950 791 2006 fecit
818 1947 987 2018 ipsum
1007 1985 1023 2011 ,
1055 1939 1331 2012 cognovit,
1363 1946 1417 1993 et
1445 1935 1512 1991 ad
1537 1934 1782 1989 virtutem
1809 1930 1908 1983 de-

329 2051 528 2105 ductus
566 2054 669 2110 est,
692 2042 943 2110 novitque
970 2035 1097 2109 quid
1125 2036 1196 2092 sit
1215 2034 1434 2095 bonum,
1462 2028 1588 2101 quid
1615 2040 1791 2083 secus.
1812 2024 1912 2080 So.

328 2144 414 2197 ius
440 2156 507 2195 ex
541 2138 607 2193 iis
627 2150 750 2207 qua:
774 2132 1042 2197 videntur,
1069 2130 1234 2184 Deum
1263 2133 1410 2188 orat;
1443 2119 1796 2177 revelationes
1821 2128 1911 2170 ac-

332 2234 516 2304 cepit,
544 2230 702 2300 idque
727 2226 878 2282 solus
899 2236 1087 2280 rursus
1118 2238 1133 2275 :
1174 2217 1423 2289 cognovit
1445 2215 1611 2271 multa
1637 2226 1831 2268 arcana
1858 2217 1915 2264 et

330 2322 643 2386 ineﬂ‘abilia,
673 2318 862 2375 didicit
877 2331 998 2387 qua:
1035 2322 1159 2369 sunt
1188 2313 1240 2367 in
1280 2310 1467 2372 czelis;
1496 2313 1715 2377 propter
1739 2304 1912 2372 ipsum

335 2427 503 2481 terra,
537 2421 756 2483 propter
783 2409 957 2479 ipsum
979 2405 1191 2468 etelum,
1216 2412 1433 2472 propter
1454 2398 1625 2469 ipsum
1650 2393 1733 2449 sol
1762 2401 1818 2448 et
1837 2391 1914 2483 si-

329 2480 730 2576 δραπέτου-ων
758 2502 930 2572 ipsum
970 2499 1111 2553 lunze
1135 2508 1345 2558 cursus,
1373 2495 1753 2576 tempestatum
1781 2480 1911 2539 con-

331 2575 748 2665 versionumque
764 2588 1154 2647 vicissitudines
1170 2587 1224 2653 ¹;
1252 2594 1468 2655 pl‘Oplel'
1491 2582 1663 2651 ipsum
1691 2575 1916 2642 fructus,

328 2690 557 2747 arbores
580 2695 636 2742 et
656 2694 729 2740 tot
753 2696 944 2754 genera
968 2677 1338 2741 animantium;
1365 2682 1582 2744 propter
1597 2672 1769 2740 ipsum
1802 2667 1919 2722 dies

333 2793 392 2838 et
438 2796 586 2844 nox;
636 2785 852 2847 propter
880 2774 1052 2845 ipsum
1092 2768 1240 2824 missi
1278 2775 1402 2822 sunt
1428 2762 1653 2835 apostoli
1703 2771 1757 2817 et
1797 2773 1922 2830 pro-

335 2875 534 2947 phetat,
565 2879 784 2943 propter
826 2869 998 2938 ipsum
1026 2879 1170 2933 stepe
1201 2861 1346 2916 missi
1385 2866 1511 2914 sunt
1537 2857 1735 2928 angeli.
1781 2853 1919 2922 Quid

340 2945 583 3036 pluribus
603 2975 736 3030 opus
761 2968 840 3013 est
858 2957 884 3011 Ἰ
924 2955 1108 3025 Neque
1133 2953 1277 3009 enim
1310 2950 1425 3006 ﬁeri
1456 2956 1632 3019 potest
1658 2956 1717 3001 ut
1739 2945 1919 3001 omnia

343 3035 746 3126 persequamur.
774 3049 1000 3118 Propter
1047 3046 1218 3115 ipsum
1270 3041 1572 3112 unigenitus
1614 3037 1710 3093 Dei
1758 3035 1923 3091 Filius

345 3149 509 3201 homo
536 3143 707 3199 factus
730 3148 835 3205 est,
862 3136 1172 3199 cruciﬁxus,
1190 3142 1246 3190 et
1272 3133 1514 3203 sepultus
1532 3171 1548 3196 ,
1579 3138 1635 3185 et
1664 3127 1921 3184 terribilia

350 3238 443 3291 illa
462 3233 711 3290 miracula
736 3231 869 3287 laeta
898 3237 1024 3285 sunt
1055 3236 1174 3297 post
1200 3222 1668 3281 resurrectionem.
1699 3219 1925 3288 Propter

351 3332 523 3397 ipsum
548 3328 666 3395 lex,
696 3332 914 3395 propter
952 3323 1122 3393 ipsum
1152 3318 1460 3387 paradisus,
1507 3324 1724 3386 propter
1749 3315 1925 3381 ipsum

346 3420 638 3478 diluvium.
667 3417 799 3473 Nam
840 3415 944 3470 hoc
966 3427 1176 3483 quoque
1205 3421 1287 3465 est
1313 3408 1602 3464 maximum
1628 3419 1796 3476 genus
1831 3404 1926 3458 lto-

347 3500 518 3581 noris,
549 3526 671 3568 eum
713 3517 768 3565 et
792 3505 1066 3563 beneﬁciis
1092 3512 1148 3560 et
1173 3504 1348 3574 poenis
1373 3501 1659 3570 corrigere.
1702 3498 1930 3567 Propter

348 3607 525 3676 ipsum
552 3601 697 3657 omni
716 3599 881 3671 priori
912 3606 1152 3666 tempore
1179 3593 1545 3649 inumerabilia
1570 3598 1720 3660 gesta
1746 3596 1803 3644 et
1829 3587 1928 3642 ad-

348 3695 651 3751 ministrata
677 3699 825 3747 sunt.
870 3688 1039 3745 Porro
1064 3688 1237 3757 ipsum
1268 3697 1483 3755 quoque
1520 3680 1754 3737 futurum
1784 3678 1931 3749 judi-

347 3789 493 3842 cium
520 3785 579 3839 lit
603 3791 820 3854 propter
844 3780 962 3851 ejus
996 3780 1276 3834 honorem.
1307 3774 1566 3843 Quocirca
1591 3772 1695 3828 .lob
1722 3787 1934 3842 quoque

351 3879 486 3935 dicit
516 3897 533 3934 :
564 3875 700 3945 Quid
724 3882 796 3930 est
843 3873 992 3927 homo
1030 3869 1165 3941 quod
1215 3868 1407 3923 duxisti
1433 3882 1549 3920 eum
1588 3866 1644 3919 in
1676 3863 1931 3936 judicium

353 3974 375 4041 (
401 3969 504 4025 Job
534 3968 622 4023 ﬂ.
667 3967 702 4021 5
723 3966 782 4034 )‘i
832 3960 1281 4033 quemadmodum
1326 3958 1452 4013 alibi
1482 3956 1609 4011 dicit
1638 3955 1752 4026 ipse
1788 3953 1935 4024 psal-

352 4063 514 4117 ntista
539 4077 554 4114 :
584 4057 717 4124 Quid
738 4065 809 4110 est
835 4055 984 4109 homo
1009 4052 1145 4123 quod
1163 4066 1353 4105 memor
1378 4065 1432 4104 es
1455 4049 1565 4117 ejus
1592 4045 1764 4118 (Psal.
1782 4046 1836 4100 8.
1855 4045 1936 4115 5)?

357 4156 584 4222 Propter
607 4151 780 4221 ipsum
805 4161 990 4203 rursus
1016 4145 1195 4201 veniet
1218 4141 1534 4213 Unigenitus
1559 4139 1768 4195 donans
1798 4139 1936 4194 bona

359 4240 783 4301 innumerabilia.
805 4239 924 4294 Alia
949 4237 1093 4294 enim
1114 4236 1227 4306 jam
1253 4234 1402 4290 dedit
1440 4248 1539 4303 per
1572 4231 1893 4302 baptismum
1919 4269 1936 4295 ,

359 4345 416 4391 et
433 4338 858 4397 sacramenta,ct
879 4329 1156 4401 mysticam
1191 4326 1348 4381 aliam
1369 4323 1720 4379 initiationem
1747 4322 1938 4378 collata

362 4431 502 4484 bona
521 4468 538 4493 ,
569 4436 625 4483 et
650 4425 770 4480 aliis
798 4422 1070 4479 miraculis
1105 4432 1299 4475 terram
1326 4418 1565 4489 implevit
1583 4419 1604 4449 '
1628 4431 1643 4470 :
1673 4417 1776 4471 alia
1805 4430 1934 4471 vero

362 4536 427 4575 se
450 4518 697 4574 daturum
735 4524 820 4571 est
865 4513 1137 4584 pollicitus
1160 4551 1176 4576 ,
1219 4525 1440 4581 regnum
1473 4508 1744 4573 caelorum,
1776 4507 1941 4562 vitam

367 4621 624 4667 aeternam
647 4649 664 4677 ,
707 4607 970 4663 iacturum
1021 4619 1150 4660 suos
1192 4602 1440 4668 heredes,
1476 4600 1706 4670 illosque
1731 4614 1853 4654 cum
1881 4612 1948 4654 eo

368 4710 680 4774 regnaturos
704 4698 725 4771 (
750 4697 903 4753 Rom.
931 4696 987 4752 8.
1012 4696 1077 4751 l7
1103 4694 1147 4766 ).
1183 4693 1442 4761 Quocirca
1494 4691 1691 4746 Paulus
1736 4704 1950 4760 quoque

370 4792 620 4849 diccbat:
656 4789 718 4847 Si
737 4789 1061 4850 sustinemus,
1097 4795 1144 4839 et
1174 4783 1586 4854 conregnabimus
1607 4781 1626 4851 (
1647 4780 1704 4835 2.
1730 4779 1860 4834 Tim.
1892 4779 1947 4833 2.

374 4885 444 4941 η
465 4883 508 4957 ).
534 4882 660 4939 llaec
684 4896 811 4952 ergo
829 4878 1008 4935 omnia
1032 4875 1380 4933 considerans
1419 4872 1675 4944 propheta
1713 4886 1809 4927 eos
1833 4872 1952 4939 jure

375 4976 546 5031 brutis
564 4979 856 5044 comparat,
888 4970 981 5040 qui
1014 4977 1214 5023 tantam
1252 4964 1580 5023 nobilitatem
1621 4962 1751 5018 vitio
1776 4960 1942 5031 prodi.

375 5068 592 5132 derunt,
621 5073 679 5120 et
712 5063 778 5118 ad
828 5059 1138 5117 allectiones
1187 5058 1399 5113 illorum
1440 5053 1803 5111 desciverunt.
1836 5052 1951 5108 lloc

378 5161 555 5230 ipsum
600 5170 745 5226 saepe
769 5154 970 5210 iaciunt
995 5151 1086 5207 alii
1115 5164 1326 5221 quoque
1353 5147 1645 5219 prophetis,
1676 5145 1956 5215 impuden-

272 5276 285 5289 -
382 5265 495 5308 tem
513 5249 811 5305 auditorem
848 5245 1094 5301 volentes
1129 5258 1228 5314 per
1273 5240 1727 5310 comparationem
1756 5240 1958 5309 pudore

383 5342 706 5399 suffundere.
756 5338 829 5394 Et
855 5337 948 5393 ille
983 5335 1199 5406 quidem
1249 5333 1379 5389 dicit
1405 5373 1422 5401 ,
1467 5330 1603 5401 Equi
1648 5331 1705 5385 in
1747 5331 1962 5400 [culinas

443 5481 461 5510 ι
483 5476 730 5543 _Sic‘_Savil.
773 5480 827 5526 et
858 5481 966 5524 Mss.
993 5477 1043 5543 tn
1078 5469 1245 5543 Morel.
1266 5477 1449 5531 autem,
1474 5474 1520 5520 et
1542 5472 1872 5532 tempestatum
1896 5465 1963 5516 vi-

377 5538 700 5598 cissitudines,
728 5543 775 5588 et
1169 5531 1390 5598 chorus"

444 5588 964 5660 fidem;
986 5592 1217 5658 implevit,
1249 5593 1429 5644 desunt
1466 5593 1516 5642 in
1549 5589 1680 5642 Colb.
1706 5598 1759 5640 et
1790 5588 1965 5650 Savil.;

379 5663 531 5713 habet
547 5658 708 5712 autem
732 5668 849 5713 nea.

420 5672 531 5713 anet
547 5672 708 5712 autem
732 5672 849 5771 nglg.
1280 5715 1292 5727 .

420 5724 536 5794 _(a)_
802 5733 894 5794 em
917 5717 1163 5794 hominem
1198 5715 1317 5767 dicit
1357 5714 1509 5766 etiam
1539 5712 1853 5776 Geographus
1875 5719 1966 5762 Nu-

383 5783 568 5837 bien'sis
587 5788 636 5835 iu
653 5783 851 5834 clitnat‘e
873 5783 1037 5833 tertio.

1398 348 1758 419 EXPOSI'HO
1785 344 1849 400 IN
1889 342 2209 400 PSALMUM
2257 340 2481 399 XLVIII.

3486 340 3591 396 238

2001 453 2304 509 insanientes
2326 455 2446 525 facti
2488 462 2605 509 sunt
2630 454 2649 524 (
2677 454 2789 509 Jer.
2818 454 2873 509 5.
2901 452 2935 509 8
2961 452 3018 523 );
3047 450 3131 505 hic
3160 463 3326 507 vero":
3349 451 3590 523 Cognovit

2003 544 2090 599 bos
2134 560 2472 616 possessorem
2514 561 2703 613 suum,
2758 553 2808 600 et
2833 545 3008 599 asinus
3034 560 3258 615 prwsepe
3293 545 3485 599 domini
3504 546 3588 600 sui

2009 637 2164 709 (1εαὶ.
2202 638 2254 693 1.
2285 638 2321 693 5
2347 635 2366 709 )
2388 678 2402 703 ,
2453 637 2699 692 acerbius
2723 652 2884 708 quam
2930 637 3097 692 David
3147 636 3391 707 loquens.
3427 637 3593 693 David

2002 731 2147 784 enim
2179 729 2347 784 dicit:
2378 728 2710 800 Comparatus
2750 738 2824 784 est
2856 730 3103 799 jumentis
3136 730 3483 801 insipientibus
3504 771 3520 796 ,
3547 718 3597 785 et

2005 820 2185 875 similis
2224 821 2390 891 {actus
2414 821 2554 888 illis;
2586 820 2676 875 ille
2720 821 3061 876 atttemvdicit
3101 837 3196 877 eos
3225 821 3390 879 fuisse
3426 824 3597 892 magis

2004 923 2255 981 expertes
2304 913 2527 967 rationis
2553 927 2714 982 quam
2761 912 2963 967 bruta:
3006 913 3093 968 illa
3143 915 3287 969 enim
3312 954 3328 979 ,
3378 915 3551 983 inquit
3581 956 3597 979 ,

2004 1013 2367 1073 cognoverunt
2395 1019 2777 1075 possessorem,
2801 1001 2967 1059 Israel
2984 1020 3119 1070 vero,
3132 1023 3211 1061 me
3229 1023 3330 1061 non
3345 1007 3596 1080 cognouit.

2082 1094 2137 1150 8.
2167 1095 2306 1150 Alibi
2338 1110 2554 1165 quoque
2582 1096 2719 1150 alius
2752 1094 2969 1165 quidam
2998 1095 3080 1149 vir
3120 1097 3336 1165 sapiens
3358 1138 3374 1164 ,
3416 1106 3601 1152 osten-

2011 1184 2146 1240 dens
2179 1185 2265 1240 vel
2293 1185 2531 1241 formicis
2557 1200 2678 1241 esse
2725 1185 3049 1243 deteriorem
3095 1188 3265 1242 virum
3309 1189 3514 1259 pigrum
3545 1199 3603 1244 et

2013 1276 2251 1331 desidem
2272 1317 2289 1343 ,
2325 1286 2380 1332 et
2423 1278 2535 1331 otio
2560 1277 2900 1347 languentem
2925 1317 2944 1345 ,
2990 1293 3112 1334 eum
3163 1279 3286 1335 illuc
3312 1279 3513 1345 mittit,
3544 1288 3604 1335 ut

2008 1368 2181 1423 discat
2200 1382 2320 1424 esse
2362 1368 2657 1424 laboriosus
2687 1386 2702 1423 :
2741 1367 3128 1436 Vade,dicens,
3160 1370 3231 1424 ad
3260 1371 3507 1439 [amicam
3526 1411 3542 1435 ,
3568 1388 3599 1425 ο

2012 1462 2153 1531 piger
2172 1502 2188 1527 ,
2218 1470 2267 1515 et
2292 1461 2495 1515 imitare
2517 1462 2625 1517 vias
2649 1463 2760 1530 eius
2787 1460 2806 1535 (
2829 1460 2989 1517 Prov.
3022 1463 3079 1518 6.-
3107 1462 3266 1533 6-8).
3294 1462 3321 1519 1
3330 1462 3401 1518 lla
3447 1465 3601 1530 enim,

2013 1567 2128 1605 cum
2154 1567 2244 1605 nec
2268 1568 2448 1622 agrum
2476 1553 2670 1606 cultum
2702 1552 2916 1619 habeat,
2942 1569 3034 1607 nec
3069 1555 3133 1608 sit
3153 1555 3240 1623 qui
3268 1570 3380 1609 eam
3418 1564 3602 1626 cogat,

2014 1661 2105 1699 nec
2128 1645 2321 1698 domini
2350 1646 2560 1714 imperio
2584 1654 2757 1715 pareat
2777 1688 2791 1713 ,
2823 1655 2972 1715 parat
3007 1656 3180 1702 testate
3200 1647 3494 1702 alimentum
3513 1688 3526 1711 ,
3557 1659 3607 1701 et

2017 1746 2239 1806 tempore
2287 1738 2458 1792 messis
2496 1738 2659 1792 multa
2705 1740 2922 1810 reponit.
2976 1739 3184 1794 Rursus
3230 1748 3406 1794 autem
3455 1739 3607 1809 jubet

2019 1828 2099 1883 ire
2126 1826 2192 1883 ad
2222 1842 2377 1896 apem
2411 1843 2425 1881 :
2460 1826 2795 1898 Proﬁciscere
2817 1831 2886 1882 ad
2915 1845 3094 1899 apem,
3136 1839 3180 1885 et
3229 1831 3364 1885 disce
3389 1829 3528 1902 quod
3547 1846 3606 1884 ea

2020 1921 2084 1975 sit
2100 1920 2354 1990 operaria.
2399 1918 2541 1973 Nam
2589 1920 2894 1992 principium
2939 1920 3205 1976 dulcornm
3234 1923 3429 1993 fructus
3457 1922 3567 1990 ejus
3591 1964 3606 1983 ,

2016 2012 2160 2082 cujus
2207 2010 2402 2066 labores
2447 2027 2589 2083 reges
2642 2020 2689 2066 et
2738 2013 2923 2083 priuati
2954 2013 3023 2066 ad
3064 2014 3333 2067 sanitatem
3384 2012 3609 2080 a/ferunt

2019 2102 2222 2173 (Eccli.
2268 2104 2358 2158 Η.
2400 2103 2435 2159 5
2465 2101 2505 2174 ).
2533 2103 2685 2159 Alius
2712 2118 2842 2159 vero
2875 2102 3033 2160 dicit:
3061 2102 3328 2174 Principes
3361 2106 3435 2158 tui
3461 2113 3610 2158 tam-

2018 2210 2169 2263 quam
2205 2192 2313 2264 lupi
2341 2194 2543 2248 Arabia:
2582 2193 2860 2265 (Soplton.
2903 2196 2957 2250 5.
3008 2197 3041 2250 5
3071 2197 3112 2264 ).
3167 2196 3231 2249 Et
3267 2195 3402 2250 alius
3442 2212 3456 2249 :
3497 2195 3613 2251 Se—

2023 2284 2144 2339 disti
2171 2285 2224 2339 in
2258 2285 2457 2339 deserto
2477 2326 2491 2351 ,
2522 2294 2777 2353 tamquam
2801 2287 2983 2341 cornix
3009 2287 3140 2359 (Jer.
3159 2287 3307 2357 5.2).
3335 2286 3609 2342 Zachariae

2021 2383 2200 2431 autem
2241 2375 2382 2431 ﬁlius
2411 2375 2542 2431 dicit
2581 2393 2594 2429 :
2629 2377 2931 2447 Serpentes,
2981 2377 3233 2447 genimina
3281 2378 3606 2448 viperarum,

2020 2468 2133 2538 quis
2160 2467 2299 2521 vobis
2328 2467 2546 2521 ostendit
2575 2470 2798 2539 fugerea
2830 2478 3042 2522 uentura
3066 2470 3148 2521 ira
3177 2471 3194 2539 (
3229 2468 3413 2522 Matth.
3439 2469 3491 2523 5.
3510 2469 3613 2538 7)?

2025 2557 2093 2611 Et
2117 2558 2255 2613 alius
2290 2573 2517 2613 rursus:
2559 2557 2668 2613 Ova
2708 2558 2949 2628 aspidum
2990 2569 3238 2631 ruperunt
3263 2599 3280 2627 ,
3321 2570 3369 2614 et
3415 2576 3616 2614 araneis

2025 2649 2177 2703 telam
2203 2659 2381 2704 texunt
2408 2647 2560 2721 (lsai.
2588 2647 2678 2704 59.
2706 2648 2786 2720 5).
2818 2650 2955 2704 Alibi
2984 2660 3160 2704 autent
3184 2650 3322 2704 ident
3357 2651 3614 2719 propheta

2025 2740 2153 2796 dicit
2174 2758 2189 2795 :
2226 2738 2479 2795 Venenum
2496 2740 2735 2812 aspidum
2750 2739 2841 2795 sub
2858 2739 3005 2794 labiis
3023 2757 3194 2795 eorunt
3207 2739 3376 2811 (Psal.
3393 2741 3517 2796 159.
3531 2741 3613 2810 ι).

2027 2834 2096 2888 Et
2117 2848 2333 2888 rursus:
2351 2830 2443 2886 Ira
2469 2836 2542 2887 eis
2567 2832 2634 2887 ad
2653 2833 3038 2887 similitudinem
3056 2833 3301 2903 serpentis
3325 2833 3499 2906 (Psal.
3522 2834 3610 2889 57.

2030 2924 2115 2998 5).
2136 2925 2266 2980 Tale
2292 2933 2375 2979 est
2403 2924 2544 2979 enim
2577 2925 2758 2979 vitium
2789 2941 2802 2978 :
2832 2938 2955 2978 eum
2981 2925 3069 2994 qui
3101 2924 3221 2978 talis
3243 2935 3329 2979 est
3344 2935 3399 2979 et
3420 2935 3614 2989 tantus,

2030 3024 2214 3085 totque
2240 3014 2631 3071 diadematibus
2653 3024 2960 3078 coronatus,
2993 3031 3061 3071 eo
3084 3016 3296 3087 redigit,
3329 3025 3385 3071 ut
3413 3018 3483 3071 sit
3512 3031 3617 3071 non

2031 3110 2207 3164 minus
2232 3107 2480 3179 ignobilis
2508 3122 2667 3177 quam
2690 3107 2866 3162 bruta.
2887 3107 2957 3161 Et
2984 3106 3103 3161 ideo
3125 3108 3176 3161 in
3206 3108 3457 3177 pricseuti
3487 3123 3622 3177 quo-

2031 3218 2136 3273 que
2162 3201 2376 3257 Psalmo
2421 3215 2542 3255 cum
2594 3199 2842 3269 elegisset
2868 3199 2976 3254 duo
3012 3199 3124 3253 vitii
3155 3214 3351 3270 genera
3374 3239 3389 3265 ,
3420 3208 3476 3256 et
3516 3199 3619 3254 alia

2032 3294 2361 3349 auditoribus
2380 3292 2682 3362 reliquisset
2704 3291 3023 3362 colligenda,
3056 3307 3150 3347 eos
3173 3292 3266 3362 qui
3300 3291 3406 3347 illis
3436 3299 3623 3347 tenen-

2035 3397 2121 3442 tur
2150 3386 2220 3440 ita
2253 3385 2457 3456 pungit.
2509 3383 2646 3452 Quid
2681 3383 2823 3437 enim
2872 3381 3031 3438 fuerit
3069 3398 3101 3437 a
3148 3383 3355 3438 ratione
3399 3382 3624 3437 alienius

2037 3478 2270 3541 homine,
2299 3477 2390 3548 qui
2420 3485 2623 3530 temere
2645 3483 2844 3530 etcum
2874 3475 2957 3529 sui
2979 3473 3170 3544 capitis
3192 3473 3334 3528 malo
3359 3473 3625 3529 acdiscri-

2038 3570 2184 3626 mine
2212 3567 2396 3624 orbem
2431 3574 2587 3622 terra:
2614 3565 2898 3635 percurrit,
2931 3574 2985 3619 et
3013 3564 3429 3619 innumerabiles
3461 3578 3624 3635 pecu-

2039 3664 2157 3718 nias
2181 3662 2404 3732 colligit,
2442 3674 2550 3716 nou
2591 3658 2718 3723 sibi,
2751 3658 2846 3713 sed
2883 3657 3002 3711 aliis
3037 3657 3137 3712 sibi
3166 3672 3270 3710 non
3302 3655 3462 3722 notis,
3483 3669 3628 3724 saepe

2038 3765 2216 3809 autem
2280 3754 2524 3808 hostibus
2591 3764 2649 3808 et
2703 3748 3163 3808 insidiatoribus?
3204 3748 3371 3803 Recte
3448 3759 3624 3802 autem

2040 3846 2176 3900 dixit
2205 3861 2217 3896 :
2249 3844 2553 3915 Relinquent
2591 3844 2773 3898 alienis
2804 3840 3007 3896 divitias
3033 3855 3172 3894 suas.
3202 3838 3338 3905 Quid
3376 3847 3459 3893 est
3485 3839 3628 3892 enim

2043 3936 2277 4000 stultius,
2312 3949 2474 4005 quam
2516 3943 2575 3989 ut
2617 3934 2672 3989 hi
2714 3932 2933 3997 faciunt,
2958 3929 3171 3988 labores
3192 3927 3404 4002 quidem
3429 3939 3483 3981 et
3508 3942 3631 3997 pec.-

2044 4036 2185 4094 cata,
2219 4042 2339 4096 quae
2367 4025 2422 4080 in
2460 4024 2546 4080 bis
2582 4024 2896 4095 colligendis
2921 4024 3292 4090 admittuntur,
3323 4022 3628 4093 suscipere,

2048 4119 2241 4175 alienis
2278 4133 2407 4174 vero
2441 4132 2631 4173 eorum
2677 4116 2955 4173 usulructu
3004 4116 3237 4172 cedere?
3264 4114 3468 4171 Deinde
3510 4129 3632 4171 cum

2047 4226 2234 4267 amore
2265 4210 2506 4281 pecunia:
2535 4210 2749 4265 inanem
2776 4223 2988 4280 quoque
3028 4209 3254 4279 gloriam
3283 4207 3555 4263 adducens
3579 4208 3632 4260 in

2048 4300 2307 4368 medium,
2335 4314 2431 4355 eos
2469 4300 2657 4371 pungit
2680 4299 3170 4364 vehementissime,
3202 4298 3426 4352 dicens:
3470 4295 3632 4350 νοω.

2048 4402 2223 4450 υενιιηι
2246 4395 2452 4448 nomina
2473 4410 2566 4448 sua
2592 4393 2646 4446 in
2667 4393 2813 4446 terris
2830 4393 2957 4447 suis.
2997 4390 3135 4457 Quid
3165 4389 3250 4443 his
3279 4404 3464 4443 rursus
3489 4398 3573 4442 est
3598 4402 3628 4440 a

2051 4488 2259 4544 ratione
2279 4485 2527 4553 alienius,
2554 4482 2647 4554 qui
2676 4482 2939 4554 lapidibus
2967 4489 3026 4536 et
3052 4480 3208 4549 lignis
3236 4487 3292 4534 et
3328 4478 3635 4532 inanimata:

2056 4581 2294 4637 materiae
2319 4593 2471 4633 suam
2505 4576 2847 4632 committunt
2881 4575 3196 4630 memoriam
3217 4614 3232 4639 ,
3275 4577 3332 4628 et
3367 4572 3636 4642 propriam

2056 4672 2286 4729 credunt
2309 4669 2578 4740 gloriam?
2610 4668 2830 4737 Aliquos
2851 4667 2995 4722 enim
3026 4665 3182 4720 bonis
3209 4665 3457 4719 omnibus
3482 4678 3637 4718 ever-

2060 4769 2257 4826 terunt,
2297 4761 2483 4815 viduas
2523 4758 2825 4829 spoliarunt
2849 4797 2865 4825 ,
2894 4768 2951 4813 et
2995 4757 3316 4827 pupillorum
3365 4753 3642 4810 facultates

2059 4857 2419 4924 diripuerunt,
2443 4860 2501 4908 ut
2529 4851 2700 4908 vermi
2727 4851 2944 4906 domum
2984 4850 3225 4905 facerent
3264 4846 3598 4919 splendidam
3624 4888 3639 4909 ,

2061 4947 2326 5014 tinctaque
2351 4951 2408 4999 et
2432 4941 2761 5012 corruptioni
2796 4940 3109 5011 magniﬁcos
3142 4939 3373 4994 ambitus
3411 4938 3643 4993 aediﬁca-

2061 5045 2199 5099 rent,
2219 5035 2360 5105 quod
2388 5035 2697 5090 existiment
2720 5047 2871 5088 suam
2901 5045 2997 5102 per
3016 5047 3078 5086 ea
3107 5030 3341 5086 futuram
3368 5029 3644 5083 innnorta‘

2063 5127 2166 5183 lem
2196 5127 2532 5194 memoriam,
2550 5139 2669 5195 qua:
2697 5139 2764 5179 ne
2784 5138 2950 5194 parvo
2977 5120 3189 5192 quidem
3215 5127 3487 5174 momento
3511 5127 3644 5171 tetu-

2064 5220 2212 5290 poris
2250 5225 2539 5288 potuerunt
2574 5231 2798 5287 corpora
2839 5214 3094 5270 retinere.
3125 5213 3210 5267 η.
3245 5210 3372 5265 [hec
3407 5211 3490 5264 aia
3529 5209 3648 5263 illo-

2065 5325 2179 5364 rum
2208 5308 2505 5362 scandalum
2530 5307 2676 5377 ipsis.
2705 5304 2958 5371 Quamam
2987 5312 3100 5366 est,
3131 5316 3313 5371 quaeso
3337 5341 3352 5365 ,
3386 5300 3499 5354 haec
3523 5299 3646 5352 via?

2067 5399 2310 5457 Studium
2341 5399 2480 5466 quod
2503 5398 2555 5452 in
2582 5411 2670 5451 res
2689 5392 2947 5464 ejusmodi
2970 5390 3262 5454 confertur,
3282 5404 3449 5443 vanus
3474 5388 3646 5456 labor,

2073 5492 2259 5546 insana
2290 5488 2529 5559 pecuniae
2571 5484 2831 5541 habendae
2859 5483 3153 5552 cupiditas,
3198 5480 3511 5538 insatiabilis
3535 5482 3643 5553 glo.

2072 5582 2170 5639 riae
2195 5581 2426 5637 ebrietas
2453 5595 2471 5639 :
2493 5589 2549 5635 et
2574 5586 2699 5633 ante
2718 5575 2976 5638 futurum,
3005 5574 3201 5645 inquit,
3230 5573 3543 5646 supplicium
3564 5572 3651 5628 hic

2077 5674 2137 5729 lit
2158 5672 2237 5729 eis
2259 5670 2569 5727 scandalum
2598 5681 2654 5725 et
2677 5665 3134 5738 impedimentum.
3162 5664 3276 5721 Non
3309 5679 3528 5736 parvum
3556 5664 3669 5733 igim

2080 5776 2165 5822 tur
2192 5763 2565 5821 ottendieulum
2594 5804 2609 5831 ,
2657 5776 2763 5818 non
2791 5772 3010 5831 parvum
3042 5755 3647 5829 impedimentum,pon
3696 5805 3701 5809 .
