4064 6422
491 347 596 403 255

498 475 720 536 parvum
746 455 1078 514 obstaculum
1106 452 1221 507 haec
1247 451 1330 505 via
1355 457 1442 505 est
1467 447 1535 503 ad
1560 448 1926 517 operationem
1968 445 2077 498 vir-

499 555 646 610 tutis.
677 552 742 607 Et
771 550 892 606 ideo
915 547 1062 613 dicit,
1095 543 1218 599 Hinc
1242 545 1323 598 uia
1346 542 1556 597 illorum
1598 540 1896 593 scandalum
1933 538 2079 608 ipsis.

503 647 673 702 Recte
705 651 882 697 autem
927 640 1060 694 dixit
1087 638 1223 692 hanc
1251 637 1391 690 viam
1430 649 1551 690 esse
1594 633 1721 703 ipsis
1748 631 2078 686 scandalum.

497 735 742 805 Sibiipsis
759 731 970 787 vincula
1002 729 1266 800 injiciunt,
1291 726 1496 795 seipsos
1519 723 1830 794 impediunt.
1855 721 1922 775 Et
1945 732 2083 790 post-

497 846 558 884 ea
581 829 636 882 in
661 844 749 882 ore
773 843 863 880 suo
887 821 1286 894 temptat-ebant.
1311 819 1423 874 Hoc
1460 817 1600 888 quod
1645 817 1776 871 dixit
1799 856 1816 881 ,
1845 825 1928 871 est
1963 830 2080 883 grai

496 921 771 977 vissimum
800 959 815 984 ,
850 926 904 972 et
934 930 1092 972 causa
1129 922 1446 969 czeterorum
1500 911 1782 967 malorum.
1812 911 1912 978 Qui
1938 909 2080 966 enim

497 1015 552 1067 in
584 1012 668 1067 his
697 1019 949 1080 peccant,
974 1017 1027 1062 et
1048 1007 1385 1076 delinquunt,
1413 1014 1465 1059 ct
1489 1003 1624 1058 adeo
1655 1002 1960 1072 desipiunt,
1991 1015 2082 1056 se-

494 1107 643 1174 ipsos
687 1104 872 1158 felices
922 1117 984 1155 ae
1039 1101 1224 1156 beatos
1285 1113 1406 1153 esse
1460 1097 1694 1160 ducunt,
1743 1095 2083 1151 aemulatione

495 1197 706 1266 dignos,
739 1202 794 1248 et
823 1193 886 1246 iis
931 1208 1049 1262 qua:
1105 1191 1240 1245 ﬁunt
1268 1188 1602 1245 delectantur
1634 1204 1646 1241 :
1682 1187 1866 1242 vitium
1903 1197 2082 1243 autem

497 1286 642 1357 quod
670 1284 916 1340 laudatur
934 1284 1002 1339 ab
1031 1283 1098 1338 iis
1126 1284 1216 1354 qui
1241 1298 1308 1338 eo
1328 1283 1592 1348 laborant,
1611 1281 1888 1336 considera
1916 1296 2084 1351 quan-

496 1389 606 1433 tam
631 1378 753 1432 facit
780 1377 1140 1432 accessionem
1162 1376 1316 1430 mala:
1346 1374 1665 1445 cupiditatis.
1698 1375 1754 1429 Si
1784 1373 1926 1428 enim
1956 1373 2083 1428 dum

498 1470 832 1539 vituperatur
853 1508 868 1532 ,
900 1468 1028 1522 dum
1074 1465 1286 1536 probris
1328 1465 1557 1519 afﬁcitur
1580 1507 1594 1529 ,
1625 1463 1752 1518 dum
1806 1463 2044 1533 arguitur
2065 1504 2081 1530 ,

499 1565 628 1618 dum
656 1563 724 1619 ab
752 1561 866 1632 ejus
897 1560 986 1632 qui
1021 1560 1185 1615 sobrii
1214 1559 1445 1614 hominis
1470 1559 1843 1628 cogitationem
1872 1572 2085 1627 parum-

497 1669 596 1723 per
631 1653 872 1724 suscipit,
900 1651 1228 1708 conscientia
1277 1650 1590 1720 flagellatur,
1627 1648 1758 1703 dum
1798 1647 2081 1713 laceratur,

502 1754 560 1800 et
591 1745 715 1800 odio
763 1744 989 1799 habetur
1011 1783 1029 1809 ,
1073 1741 1208 1798 adeo
1255 1752 1430 1796 tamen
1480 1739 1818 1810 impudenter
1845 1741 2004 1810 viget,
2031 1747 2087 1795 ct

498 1833 794 1900 invalescit,
823 1843 878 1889 et
903 1834 954 1888 in
979 1833 1094 1888 dies
1109 1841 1330 1903 augetur
1360 1848 1373 1885 :
1405 1830 1618 1902 quando
1645 1847 1749 1886 non
1779 1831 1951 1886 solum
1978 1845 2086 1886 non

499 1928 697 1983 fuerint
721 1942 841 1997 quae
872 1924 1212 1996 prohibeant,
1237 1937 1432 1994 nempe
1462 1922 1732 1978 accusatio
1755 1963 1769 1988 ,
1809 1922 2086 1977 conscien-

495 2021 588 2074 tite
615 2017 991 2089 reprehensio,
1019 2024 1291 2087 gestorum
1321 2014 1590 2084 correptio
1611 2054 1625 2078 ,
1659 2013 1728 2068 de
1765 2012 2086 2069 facinoribus

495 2109 829 2180 paenitentia,
854 2108 1038 2175 rubor,
1068 2106 1259 2178 pudor,
1280 2105 1435 2161 ﬂetus
1457 2119 1521 2160 ac
1550 2105 1824 2176 lacrymaa,
1848 2103 1940 2159 sed
1973 2119 2087 2158 om-

499 2201 627 2256 nino
656 2208 864 2265 contra,
885 2200 1093 2268 seipsos
1121 2197 1282 2253 etiam
1316 2195 1533 2252 laudant
1557 2195 1646 2265 qui
1671 2193 1963 2259 faciunt,et
1987 2194 2086 2249 sibi

495 2291 738 2346 encomia
763 2297 1113 2360 componunt,
1145 2297 1285 2343 eteo
1309 2287 1425 2357 ipso
1456 2301 1515 2342 se
1539 2286 1659 2341 aliis
1685 2285 1941 2341 meliores
1968 2300 2088 2340 esse

495 2380 718 2448 ducunt,
746 2389 799 2435 et
815 2389 1094 2450 postquam
1122 2376 1367 2446 fecerint,
1386 2376 1601 2432 laudant
1624 2391 1689 2432 ea
1705 2392 1823 2447 qua:
1852 2376 2091 2432 fecerunt

498 2478 517 2541 (
549 2475 651 2530 hoc
687 2475 833 2532 enim
883 2474 984 2530 sibi
1030 2474 1142 2529 vult
1180 2473 1308 2529 illud
1333 2516 1348 2540 ,
1381 2473 1449 2528 Et
1478 2476 1531 2527 in
1560 2490 1646 2528 ore
1673 2489 1764 2528 suo
1802 2475 2088 2544 complaca-

499 2565 647 2635 bunt)
685 2583 698 2620 :
730 2582 838 2636 quo
885 2579 991 2619 non
1019 2565 1054 2619 ii
1095 2563 1461 2620 deﬁexerint?
1506 2565 1640 2621 Sunt
1663 2565 1804 2620 enim
1838 2573 1983 2620 tanto
2008 2565 2091 2621 fu-

497 2674 622 2714 rore
645 2657 855 2729 perciti,
898 2664 952 2712 et
979 2656 1116 2713 adeo
1137 2665 1331 2713 emotae
1359 2658 1579 2723 mentis,
1611 2666 1668 2712 ut
1692 2659 1852 2712 etiam
1879 2659 2091 2728 quando

501 2767 652 2808 suam
679 2751 951 2807 libidinem
979 2750 1333 2822 expleverint,
1355 2751 1567 2821 quando
1596 2765 1690 2806 eos
1714 2750 1958 2806 videntes
1987 2751 2092 2805 ini-

496 2843 753 2913 quitatem
783 2850 1054 2914 oporteret
1083 2842 1420 2907 erubescere,
1452 2842 1738 2909 exsultant,
1758 2858 1816 2898 se
1841 2841 2087 2908 efferunt,

498 2935 568 2990 de
602 2934 836 2990 facinore
877 2933 1229 2989 delectantur.
1252 2933 1384 2988 Tale
1412 2943 1494 2988 est
1527 2934 1668 2988 enim
1700 2941 1974 3002 peccatum
1995 2973 2009 2997 ,
2033 2943 2092 2989 ut

496 3025 802 3096 priusquam
825 3025 1017 3080 factum
1049 3025 1138 3092 sit,
1155 3040 1305 3080 suam
1325 3025 1467 3080 velet
1491 3025 1888 3096 turpitudinem,
1912 3024 2089 3080 ebrie-

495 3125 604 3172 tate
647 3116 933 3186 voluptatis
975 3130 1125 3170 suam
1151 3116 1406 3187 obtegens
1452 3116 1900 3172 abominationem
1939 3133 1952 3171 :
1994 3115 2089 3172 sed

495 3215 777 3277 postquam
816 3206 1011 3262 factum
1039 3205 1218 3272 fuerit,
1244 3217 1299 3261 et
1335 3207 1566 3262 libidinis
1608 3208 1819 3278 quidem
1845 3208 2089 3278 voluptas

495 3309 786 3365 parumper
829 3297 1088 3362 cesserit,
1117 3297 1458 3352 conscientiae
1486 3307 1664 3353 autem
1693 3299 1962 3354 accusatio
2002 3300 2086 3354 in-

496 3385 738 3452 vaserit,
788 3385 984 3441 nudam
1030 3387 1293 3441 rationem
1337 3386 1649 3458 ﬁagellans,
1685 3398 1811 3445 tunc
1851 3391 2086 3448 maxime

496 3476 740 3532 cernitur
769 3490 928 3546 quam
975 3476 1045 3531 sit
1088 3477 1468 3547 perniciosum.
1519 3479 1585 3534 lii
1629 3489 1806 3536 autem
1838 3497 1936 3537 nec
1963 3491 2087 3538 tunc

497 3567 715 3636 quidem
746 3576 1025 3638 postquam
1055 3583 1114 3624 se
1143 3569 1514 3639 expleverint,
1549 3573 1642 3628 sed
1690 3583 1970 3644 postquam
2003 3575 2085 3629 vi-

497 3659 675 3715 derint
712 3675 842 3731 opes
891 3671 1271 3729 coacervatas,
1323 3664 1567 3733 sepulcra
1605 3665 1862 3732 excitata,
1911 3667 2087 3723 inania

501 3749 727 3806 aediﬁcia
757 3751 996 3822 perfecta
1021 3793 1037 3820 ,
1083 3769 1206 3808 cum
1244 3765 1517 3822 oporteret
1563 3771 1656 3812 eos
1700 3759 1981 3829 compungi
2025 3775 2088 3816 ac

499 3840 719 3907 deflere,
749 3851 871 3911 post
899 3842 1016 3898 haec
1041 3845 1226 3910 etiam,
1260 3844 1364 3901 hoc
1386 3854 1469 3901 est
1490 3856 1608 3916 post
1629 3862 1784 3918 opus,
1807 3862 2085 3920 pOStquam

497 3945 585 3985 res
628 3929 792 3986 fuerit
831 3931 1150 4003 adimpleta,
1202 3943 1329 3990 tunc
1377 3934 1554 3990 adhuc
1587 3938 1758 4008 magis
1803 3948 2084 4010 mgrotant.

500 4020 791 4091 Postquam
835 4037 965 4093 ergo
1016 4025 1147 4078 nihil
1194 4026 1274 4079 eis
1326 4027 1573 4083 relictum
1618 4038 1796 4084 estex
1828 4033 1956 4100 ipsis
1997 4047 2085 4088 re-

497 4111 683 4178 medii,
711 4121 838 4167 tunc
865 4121 1036 4168 restat
1055 4115 1265 4169 utDeus
1292 4126 1615 4186 exsequatur
1637 4120 1777 4188 quod
1807 4137 1959 4175 suum
1981 4133 2084 4176 est.

571 4201 628 4256 9.
657 4202 1123 4268 Quemadmodum
1142 4204 1284 4260 enim
1306 4206 1397 4276 qui
1417 4207 1624 4276 seipsos
1641 4209 2000 4265 condemnant
2017 4213 2087 4266 ob

501 4302 724 4363 peccata
757 4309 788 4349 a
817 4310 876 4350 se
897 4295 1153 4362 admissa,
1171 4312 1291 4366 qua:
1317 4312 1347 4351 a
1388 4298 1499 4353 Deo
1529 4299 1748 4355 ferenda
1789 4311 1934 4358 esset
1959 4320 2086 4359 sen-

501 4385 720 4440 tentiam
747 4386 1101 4456 anticipantes
1121 4387 1344 4456 evitant,
1359 4389 1498 4444 sicut
1521 4391 1682 4446 etiam
1705 4392 1834 4449 dicit
1854 4395 2082 4450 Paulus:

504 4476 568 4530 Si
593 4478 725 4531 enim
754 4482 985 4547 nosipsos
1001 4479 1374 4548 judicaremus,
1406 4497 1507 4536 non
1535 4484 1703 4554 utique
1746 4485 2088 4546 iudicaremur

507 4568 585 4636 (Ι.
613 4566 733 4622 Cor.
759 4568 847 4622 ll.
865 4568 958 4638 5i)
988 4585 1000 4620 :
1027 4569 1098 4623 ita
1126 4583 1352 4640 quorum
1384 4579 1491 4626 tam
1518 4574 1696 4642 gravis
1719 4584 1804 4630 est
1825 4578 2042 4632 morbus
2065 4618 2080 4645 ,

511 4667 576 4712 ut
594 4657 740 4712 nulla
760 4657 1024 4712 ducantur
1055 4660 1373 4728 paenitentia
1399 4703 1414 4726 ,
1445 4671 1500 4718 et
1529 4674 1810 4732 peccantes
1833 4681 1926 4722 sua
1957 4683 2084 4738 pec-

503 4757 624 4806 cata
649 4763 758 4802 non
781 4748 1171 4813 condemnent,
1200 4751 1294 4806 Dei
1325 4752 1379 4806 in
1407 4766 1466 4807 se
1490 4757 1806 4825 supplicium
1827 4773 1949 4814 cum
1972 4775 2085 4814 ma-

503 4839 648 4894 xima
691 4837 1032 4894 vehementia
1078 4841 1376 4895 attrahunt.
1421 4843 1683 4911 Quoniam
1741 4863 1870 4918 ergo
1910 4849 1945 4904 ii
1995 4851 2084 4920 qui

503 4931 680 4987 aliena
719 4930 954 5001 rapiunt,
985 4932 1071 4986 vel
1109 4934 1198 5003 qui
1247 4948 1339 4988 sua
1394 4944 1595 4993 temere
1638 4940 2000 5009 profundunt,
2032 4952 2087 5000 et

507 5036 625 5091 qua
652 5020 704 5076 in
737 5035 1002 5092 pauperes
1027 5037 1250 5092 erogare
1275 5035 1568 5094 oporteret,
1608 5029 1659 5082 in
1682 5033 1943 5100 sepulcra,
1967 5050 2087 5089 ver-

503 5126 622 5168 mes
643 5121 697 5168 et
719 5112 892 5167 tineas
912 5125 1266 5181 consumunt,
1297 5125 1353 5172 et
1384 5133 1484 5172 nec
1510 5133 1693 5175 eorum
1722 5123 1935 5192 quidem
1967 5142 2086 5195 qum

506 5202 755 5258 fecerunt
797 5202 904 5257 ulla
951 5211 1240 5274 tanguntur
1267 5205 1600 5275 poenitentia,
1631 5210 1724 5264 sed
1769 5223 1986 5268 manent
2011 5233 2082 5268 :1:-

502 5291 643 5360 groti
669 5291 1132 5350 immedicabiliter
1161 5313 1174 5348 :
1211 5295 1336 5352 audi
1364 5297 1491 5368 quid
1516 5299 1774 5371 deinceps
1797 5302 1909 5357 fiat.
1949 5305 2083 5372 Quid

506 5396 634 5450 ergo
673 5383 774 5438 fit?
816 5385 861 5438 Α
893 5385 1009 5441 Deo
1039 5387 1322 5444 traduntur
1363 5391 1661 5462 supplicio;
1708 5403 1763 5450 et
1810 5395 1932 5452 ideo
1960 5398 2088 5453 sub-

504 5469 680 5536 junxit
725 5489 748 5528 θ
787 5473 874 5530 15.
927 5475 1074 5531 Sicut
1112 5494 1230 5533 oues
1271 5479 1326 5532 in
1366 5480 1565 5552 inferno
1600 5485 1747 5553 positi
1775 5497 1922 5554 sunt;
1951 5505 2086 5545 mors

507 5559 740 5650 deposcet
773 5583 859 5621 eos
886 5583 904 5620 :
942 5583 1048 5625 non
1102 5571 1190 5628 hic
1235 5577 1695 5634 mansuetudinem
1742 5595 1839 5650 per
1888 5599 2080 5640 nomen

511 5649 688 5744 ovium
715 5657 1018 5744 signiﬁcans
1051 5661 1069 5730 (
1108 5663 1233 5731 quid
1280 5667 1422 5722 enim
1474 5671 1643 5737 possit
1694 5649 1798 5729 illis
1837 5689 1958 5732 esse
1987 5691 2087 5732 sae-

510 5743 651 5802 vius,
677 5743 764 5810 qui
785 5759 1075 5816 pauperum
1099 5753 1311 5822 quidem
1354 5757 1493 5813 nuda
1525 5774 1748 5829 corpora
1787 5775 1838 5819 ct
1867 5776 2077 5824 ventres

1189 337 1245 392 S.
1285 332 1564 391 JOANNIS
1598 326 2083 387 CllllYSOSTOMl
2121 325 2438 384 ARCHIEP.
2477 329 3013 389 CONSTANTINOP.

3668 337 3774 395 εδδ

2190 444 2332 499 fame
2377 457 2599 502 enectos
2635 447 2956 518 despiciunt,
2987 449 3176 505 domos
3211 461 3386 508 autem
3417 457 3778 525 corruptioni,

2187 538 2355 593 vermi
2397 547 2452 594 et
2490 540 2648 596 tinea:
2689 542 2969 612 magniﬁce
3009 545 3399 617 exstruunt‘l),
3429 546 3531 602 sed
3569 546 3779 606 facilem

2188 646 2374 686 eorum
2405 632 2701 698 interitum,
2729 637 3066 705 repentinum
3092 637 3333 703 exitium,
3362 647 3418 692 et
3442 653 3609 709 quam
3631 638 3784 698 facile

2186 723 2301 792 capi
2326 724 2533 794 possint
2556 725 2625 780 ab
2647 726 2727 781 eis
2750 729 2840 798 qui
2862 728 2970 782 illis
2999 728 3333 784 insidiantur.
3364 730 3512 786 Nihil
3533 741 3622 787 est
3643 735 3781 788 enim

2189 815 2508 872 imbecillius
2536 818 2774 886 homine,
2798 821 2888 888 qui
2918 821 2972 874 in
2992 821 3120 876 vitio
3140 821 3301 875 vitam
3331 823 3604 893 transigit.
3635 824 3784 889 Quod

2186 909 2272 965 bis
2300 925 2512 981 quoque
2540 912 2752 968 eveniet
2783 931 2796 967 :
2827 921 2884 968 et
2923 913 2994 967 ita
3026 915 3405 980 conciduntur,
3443 916 3520 970 ita
3553 915 3786 972 funditus

2189 1001 2462 1070 peribunt,
2485 1009 2542 1056 et
2567 1012 2673 1056 tam
2701 1001 2858 1058 facile
2880 1001 3171 1058 devenient
3195 1003 3260 1057 ad
3289 1004 3514 1071 inferos,
3540 1013 3649 1061 tam
3670 1006 3787 1063 bre-

2186 1092 2358 1157 viter,
2401 1102 2508 1148 tam
2551 1092 2832 1164 expedite,
2863 1103 2970 1148 tam
3001 1094 3150 1150 nullo
3187 1096 3435 1166 negotio,
3469 1111 3635 1167 quam
3663 1112 3784 1152 oves

2191 1198 2311 1253 qum.
2331 1193 2652 1239 mactantur.
2682 1185 2792 1239 lloc
2817 1195 2897 1240 est
2925 1201 3088 1252 mors,
3114 1187 3222 1241 imo
3245 1202 3374 1242 vero
3395 1202 3487 1242 res
3511 1197 3596 1243 est
3618 1199 3784 1245 morte

2188 1276 2450 1330 acerbior.
2480 1275 2610 1331 Post
2639 1276 2800 1331 talem
2836 1278 2978 1331 enim
3008 1286 3234 1333 mortem
3263 1293 3358 1334 eos
3385 1293 3539 1334 mors
3568 1279 3786 1334 immor.

2192 1369 2312 1422 talis
2339 1369 2589 1438 excipiet,
2619 1377 2675 1425 et
2704 1369 2825 1424 ideo
2853 1384 3117 1439 nusquam
3148 1371 3203 1425 in
3233 1371 3385 1426 sinus
3404 1372 3662 1438 Abrahae,
3690 1388 3786 1428 nec

2191 1461 2244 1514 in
2275 1460 2436 1515 ullam
2467 1460 2625 1514 aliam
2655 1461 2927 1531 regionem
2967 1471 3261 1516 cernuntur
3286 1463 3546 1518 recedere
3567 1505 3584 1529 ,
3615 1463 3710 1518 sed
3736 1465 3788 1518 in

2190 1551 2452 1606 infernum
2478 1570 2492 1606 :
2517 1551 2620 1606 hoc
2645 1567 2840 1623 pceme,
2863 1553 2966 1607 hoc
2991 1553 3256 1622 supplicii,
3284 1552 3386 1609 hoc
3415 1555 3616 1610 summi
3643 1555 3785 1610 exitii

2193 1658 2388 1699 nomen
2418 1654 2519 1700 est.
2552 1645 2622 1699 Et
2649 1645 2735 1700 hic
2762 1660 2909 1700 mors
2939 1661 3124 1701 eorum
3151 1647 3271 1702 vilis
3311 1656 3424 1709 est.
3453 1658 3512 1703 et
3547 1655 3784 1702 contem-

2191 1736 2364 1792 nenda
2396 1754 2409 1790 :
2439 1747 2495 1792 et
2536 1737 2646 1792 illic
2675 1737 2727 1792 in
2756 1736 3017 1807 supplicio
3046 1746 3282 1794 manent.
3327 1737 3404 1793 Ita
3439 1738 3608 1794 etiam
3647 1739 3782 1794 sole-

2191 1843 2309 1883 mus
2337 1828 2516 1884 dicere
2541 1828 2608 1884 de
2637 1829 2702 1884 iis
2729 1829 2820 1900 qui
2863 1828 3018 1884 facile
3062 1837 3289 1898 pereunt
3319 1845 3334 1882 :
3364 1828 3466 1885 llic
3508 1829 3654 1884 sicut
3676 1828 3785 1883 ovis

2191 1919 2399 1975 occisus
2425 1930 2526 1975 est.
2559 1919 2693 1987 Quia
2722 1920 2864 1975 enim
2901 1920 3039 1976 sicut
3065 1920 3216 1974 bruta
3245 1919 3514 1986 vixerunt,
3546 1921 3705 1976 etiam
3732 1931 3784 1975 ut

2191 2010 2344 2065 bruta
2372 2019 2622 2081 pereunt,
2654 2027 2758 2065 non
2787 2011 3043 2066 habentes
3073 2011 3268 2066 bonam
3293 2026 3445 2082 spem
3466 2011 3539 2067 de
3563 2011 3782 2067 futuris:

2192 2117 2292 2157 nec
2318 2103 2420 2158 hoc
2447 2101 2655 2167 solum,
2700 2103 2797 2159 sed
2825 2105 2987 2159 etiam
3018 2118 3211 2175 magno
3239 2118 3428 2160 eorum
3453 2103 3619 2160 malo.
3647 2104 3784 2158 llors

2191 2194 2424 2261 depascet
2450 2209 2556 2248 eos.

2265 2284 2445 2340 Perire
2466 2286 2689 2340 animam
2712 2285 2854 2357 quid.
2895 2285 3177 2340 Auarorum
3201 2286 3417 2356 punitio.
3442 2313 3520 2328 —-
3538 2285 3637 2341 Hic
3660 2285 3781 2340 mihi

2192 2375 2402 2432 videtur
2431 2387 2657 2432 mortem
2684 2377 2865 2432 dicere
2891 2377 3162 2431 interitum
3188 2376 3277 2447 qui
3310 2378 3416 2432 illic
3441 2387 3548 2444 est,
3579 2387 3635 2433 et
3659 2393 3782 2446 sup-

2195 2470 2433 2540 plicium,
2461 2469 2912 2540 quemadmodum
2936 2470 3096 2524 etiam
3120 2470 3244 2525 alibi
3269 2471 3400 2526 dicit
3427 2489 3442 2525 :
3469 2472 3655 2526 Anima
3679 2485 3785 2542 qua:

2195 2570 2402 2632 peccat,
2430 2563 2544 2632 ipsa
2573 2562 2753 2631 peribit
2777 2560 2795 2631 (
2817 2561 3003 2614 Ezeclt.
3029 2561 3116 2616 18.
3143 2561 3250 2630 20)
3278 2580 3291 2616 :
3325 2577 3430 2618 non
3461 2574 3665 2618 natura:
3691 2577 3780 2617 ex-

2194 2652 2534 2708 stinctionem
2557 2693 2573 2719 ,
2613 2652 2710 2708 sed
2740 2667 2954 2722 pinnam
2980 2653 3303 2723 signiﬁcans.
3337 2653 3588 2710 Persistit
3613 2664 3779 2708 atatem

2197 2745 2252 2798 in
2279 2743 2610 2814 metaphora.
2640 2744 2903 2812 Quoniam
2932 2744 3076 2799 enim
3104 2743 3239 2798 dixit
3264 2759 3410 2810 oves,
3443 2761 3634 2801 eorum
3659 2759 3782 2814 quo-

2195 2851 2301 2906 que
2330 2845 2600 2907 pastorem
2629 2835 2883 2892 ostendit.
2926 2835 3056 2904 Quis
3085 2846 3263 2891 autem
3295 2835 3382 2891 hic
3422 2835 3555 2892 est?
3584 2834 3781 2891 Vermis

2194 2938 2526 2995 venenatus,
2571 2929 2808 2984 tenebrat
2853 2945 3143 3000 numquam
3201 2937 3535 2997 cessatum,
3585 2928 3778 2983 vincula

2193 3035 2314 3089 quze
2342 3019 2477 3074 solvi
2508 3029 2816 3089 nequeunt,
2849 3021 3048 3076 stridor
3085 3021 3344 3076 dentium.
3376 3021 3514 3077 Vide
3543 3035 3670 3091 ergo
3693 3034 3778 3074 cos

2195 3109 2428 3180 undique
2449 3111 2646 3181 puniri.
2675 3109 2732 3165 In
2755 3111 2883 3176 vita,
2906 3111 3156 3182 quoniam
3182 3112 3260 3167 eis
3285 3112 3350 3166 ad
3379 3113 3633 3168 virtutem
3657 3109 3779 3164 alla-

2193 3210 2306 3257 tum
2335 3208 2422 3257 est
2449 3201 2887 3272 impedimentum
2909 3243 2924 3270 ,
2957 3203 3210 3272 quoniam
3238 3203 3348 3258 vitii
3375 3203 3523 3259 servi
3553 3212 3605 3258 et
3633 3216 3776 3256 man-

2191 3294 2328 3364 cipia
2359 3293 2480 3348 facti
2511 3304 2654 3360 sunt,
2679 3304 2734 3350 et
2758 3309 3210 3366 supervacaneum
3232 3295 3620 3367 ridiculumquc
3648 3293 3785 3349 labo-

2191 3402 2304 3441 rem
2327 3397 2710 3458 susceperunt;
2740 3389 2794 3442 in
2817 3397 3007 3454 morte,
3031 3389 3284 3459 quoniam
3306 3388 3404 3444 fuit
3431 3404 3582 3445 mors
3599 3400 3772 3443 eorum

2191 3479 2427 3549 vulgaris
2463 3490 2519 3535 et
2555 3481 2817 3550 ingloria;
2865 3481 2918 3535 in
2952 3489 3192 3550 tempore
3234 3490 3464 3535 mortem
3508 3486 3770 3550 sequente.

2191 3571 2441 3640 quoniam
2467 3581 2754 3642 perpetuus
2774 3586 2869 3627 cos
2894 3579 3039 3626 tenet
3063 3571 3328 3626 interitus.
3359 3570 3427 3625 Et
3453 3570 3774 3626 dominabun-

2192 3671 2274 3714 tur
2297 3678 2470 3716 eorum
2487 3662 2620 3732 justi
2641 3663 2695 3716 in
2716 3663 2980 3718 matutine.
3005 3662 3267 3730 Quoniam
3295 3664 3445 3718 multi
3471 3662 3768 3720 crassiores,

2192 3760 2249 3807 ct
2276 3768 2382 3808 non
2413 3752 2532 3823 plus
2572 3767 2735 3808 sensu
2767 3753 2972 3822 przediti
3001 3768 3158 3823 quam
3188 3753 3390 3824 lapides
3409 3795 3424 3818 ,
3457 3771 3563 3809 nun
3593 3751 3774 3806 habent

2191 3851 2394 3898 certam
2422 3853 2477 3899 et
2507 3843 2703 3898 claram
2745 3859 2896 3913 spem
2924 3843 2990 3900 de
3029 3844 3222 3899 futuris
3241 3886 3254 3910 ,
3286 3844 3382 3900 sed
3423 3845 3490 3900 iis
3515 3859 3631 3916 quae
3657 3849 3766 3897 sunt

2193 3936 2476 4006 praesentia
2501 3976 2517 4002 ,
2551 3945 2606 3992 et
2631 3951 2752 4006 quae
2779 3936 3027 3991 videntur
3052 3937 3295 4004 inhiant,
3329 3951 3424 3992 eos
3453 3933 3770 4006 mnigmatioe

2195 4029 2379 4098 tangit.
2403 4027 2604 4084 Deinde
2623 4043 2744 4083 cum
2766 4029 2948 4098 paucis
2968 4028 3143 4084 futura
3163 4030 3392 4086 obscure
3407 4029 3762 4102 signiﬁcasset.

2193 4121 2402 4175 confert
2444 4135 2631 4175 rursus
2671 4122 2968 4178 orationem
3011 4121 3078 4176 ad
3107 4132 3474 4192 contemptum
3517 4133 3695 4176 eorum
3721 4125 3768 4170 ct

2195 4227 2405 4282 pinnam
2433 4212 2484 4267 in
2514 4213 2619 4267 vita
2656 4213 2907 4282 praesenti
2925 4254 2940 4279 ,
2973 4213 3264 4270 ostendens
3289 4229 3450 4285 quam
3475 4215 3582 4269 sint
3609 4208 3766 4266 imbe-

2192 4302 2298 4356 cilli
2321 4344 2336 4369 ,
2367 4302 2536 4368 viles,
2577 4304 2987 4371 contemnendi,
3017 4313 3070 4360 et
3100 4305 3243 4374 quod
3281 4304 3406 4359 licet
3447 4306 3555 4358 sint
3589 4299 3766 4357 millies

2192 4394 2404 4460 divites,
2431 4403 2488 4449 et
2511 4408 2703 4466 magna
2727 4396 2836 4450 sint
2852 4396 3108 4452 succincti
3137 4397 3397 4467 potentia,
3421 4399 3492 4454 ab
3516 4399 3579 4452 iis
3601 4405 3762 4449 tamen

2191 4486 2280 4556 qui
2308 4485 2558 4542 virtutem
2587 4495 2879 4554 exercent,
2908 4487 3174 4543 habentur
3203 4503 3299 4557 pro
3327 4490 3498 4544 servis
3546 4496 3601 4543 et
3623 4500 3763 4541 mau—

2191 4579 2365 4648 cipiis.
2396 4579 2522 4634 ldco
2546 4579 2674 4634 dicit
2695 4620 2710 4646 ,
2744 4578 3151 4634 Dominabuntur
3180 4597 3351 4636 eorum
3367 4582 3503 4652 justi
3529 4583 3579 4635 in
3608 4585 3760 4632 matu-

2193 4672 2298 4724 tino
2325 4686 2344 4724 :
2371 4670 2474 4726 hoc
2519 4679 2633 4737 est,
2665 4672 2948 4740 celeriter,
2988 4673 3277 4740 continuo,
3308 4682 3362 4728 et
3400 4689 3502 4730 nec
3542 4680 3759 4739 tempore

2191 4761 2408 4832 quidem
2434 4776 2570 4832 opus
2593 4761 2898 4828 habebunt,
2927 4777 3028 4818 nec
3051 4762 3234 4819 labore
3252 4803 3266 4827 ,
3295 4779 3395 4819 nec
3423 4779 3592 4819 mora.
3631 4757 3761 4815 Talis

2191 4861 2276 4908 est
2321 4853 2466 4908 enim
2517 4867 2697 4908 rerum
2746 4863 2968 4917 natura,
3017 4862 3072 4908 ut
3111 4855 3293 4908 vitium
3333 4855 3514 4909 virtuti
3557 4848 3756 4908 servial.

2191 4958 2419 5013 eamque
2463 4942 2712 4998 formidet
2747 4958 2811 4998 ac
2838 4943 3211 5013 pertimescat,
3244 4945 3370 5000 licet
3406 4945 3535 5000 illud
3562 4937 3757 5012 quidem

2192 5037 2264 5090 sit
2293 5035 2414 5091 fuco
2441 5045 2496 5091 et
2525 5037 2812 5106 pigmentis
2842 5037 3141 5092 innumeris
3165 5038 3437 5092 obtectum
3464 5056 3479 5093 :
3511 5038 3621 5092 haec
3645 5040 3758 5084 vero

2187 5126 2330 5181 nuda
2352 5167 2368 5192 ,
2409 5133 2464 5181 et
2503 5141 2601 5196 per
2628 5127 2857 5196 seipsatn
2885 5127 3187 5182 decertans.
3227 5127 3390 5198 Atqui
3414 5137 3595 5183 contra
3621 5119 3757 5176 vidc-

2193 5231 2312 5270 mus
2349 5217 2520 5273 malos
2561 5217 2804 5273 obtinere
2844 5218 3174 5274 dominatum
3220 5219 3275 5274 in
3321 5219 3512 5275 bonos.
3561 5213 3659 5273 Sed
3699 5223 3756 5262 tte

2191 5309 2592 5365 consideremus
2635 5325 2870 5366 errorem
2914 5314 3193 5368 sententiae
3222 5313 3363 5384 vulgi
3403 5331 3418 5369 :
3463 5315 3508 5369 is
3536 5311 3668 5369 enim
3693 5316 3754 5358 ex

2193 5399 2322 5455 falsa
2349 5401 2600 5470 opinione
2629 5403 2834 5468 oritur;
2875 5403 2968 5458 sed
2994 5413 3141 5459 recto
3167 5419 3255 5460 res
3278 5405 3479 5475 judicio
3503 5405 3753 5461 discerna-

2194 5507 2312 5546 mus
2333 5533 2347 5556 ,
2377 5504 2430 5547 et
2457 5493 2666 5548 videbis
2705 5494 2757 5548 in
2787 5496 2929 5564 quod
2968 5495 3092 5552 dico
3118 5511 3241 5553 esse
3276 5499 3644 5554 certissimum.
3683 5486 3754 5542 Sit

2194 5585 2334 5637 enim
2366 5585 2559 5655 aliquis
2597 5587 2770 5639 malus
2806 5586 3090 5654 dominus,
3122 5599 3175 5643 et
3202 5588 3375 5645 bonus
3409 5600 3621 5650 servus;
3658 5576 3749 5640 νει,

2194 5676 2238 5729 si
2269 5677 2461 5738 mavis,
2482 5675 2550 5732 ad
2579 5676 2723 5732 aliud
2744 5677 2918 5747 majus
2943 5680 3120 5748 potius
3143 5682 3444 5751 exemplum
3471 5695 3577 5736 rem
3605 5669 3751 5730 deduc

2197 5785 2396 5826 camus.
2431 5770 2509 5825 Sit
2547 5785 2638 5826 rex
2669 5771 2838 5827 malus
2861 5811 2876 5841 ,
2907 5780 2962 5828 ct
2998 5773 3233 5843 privatus
3263 5775 3465 5842 bonus,
3497 5771 3744 5828 videamus
