4064 6422
235 390 381 445 235'
1365 376 1740 434 EXPOSITIO
1788 375 1854 431 lN
1892 372 2232 431 PSALMUM
2273 368 2502 427 XLVIII.
3433 365 3545 419 27:0

237 505 395 560 ὁδόν.
441 500 711 564 Ἑαυτοὺς
779 499 1091 570 δεσμοῦσιν,
1147 498 1376 561 ἑαυτοὺς
1431 498 1839 569 συμποδίζουσι.
1962 493 2163 557 ζόντων
2191 492 2247 545 δέ
2287 492 2468 553 οἴκους
2500 487 2696 561 φθορᾷ,
2738 488 2833 543 καὶ
2881 484 3145 570 σκώληκι,
3193 485 3283 541 καὶ
3321 484 3539 555 σητί;),

241 584 372 642 Καὶ
407 584 561 654 μετὰ
597 583 790 640 ταῦτα
825 569 896 636 ἐκ
933 581 1014 647 τῷ
1041 582 1294 651 στόματι
1327 580 1478 653 [2m
1526 580 1722 635 αὐτῶν
1754 582 1852 633 εὺ-
1958 576 2094 631 ἀλλὰ
2120 577 2183 629 τὸ
2212 574 2433 629 εὔκολον
2478 572 2657 626 αὐτῶν
2692 572 2792 643 τῆς
2837 569 3147 635 ἀπωλείας,
3176 570 3277 640 τὴν
3325 569 3383 635 ἐξ
3418 569 3542 621 ἐπι-

241 650 622 736 δοαήξγουσι.
667 667 742 721 Τὸ
789 650 1198 737 χαλεπώτατον,
1243 650 1345 718 καί
1381 663 1489 717 τῶν
1525 663 1728 717 λοιπῶν
1763 660 1852 714 αίιι
1958 660 2164 730 δρομῆς
2217 655 2464 713 πανωλεθ
2473 656 2615 727 ρίαν,
2662 653 2726 707 τὸ
2776 654 3258 737 εύχείρωτονᾼτοῖς
3317 650 3540 705 ἐπιϐου-

242 732 512 808 τιτινντῶν
544 751 755 812 κακῶν,
791 732 955 804 τοῦτό
989 750 1158 813 ἐστιν,
1194 748 1332 819 ὅπερ
1375 747 1619 819 εἴρηκεν.
1649 747 1711 800 Οἱ
1742 743 1852 815 γὰρ
1957 742 2227 796 λεύουσιν.
2261 742 2426 795 Οὐδὲν
2456 741 2566 810 γὰρ
2611 737 2998 819 ἀσθενέστερον
3039 733 3330 819 ἀνθρώπου
3373 732 3546 807 κακίᾳ

244 833 487 891 τοιαῦτα
522 832 953 905 ἁμαρτάνοντες,
992 833 1089 886 καὶ
1136 831 1588 903 πλημμελοῦντες
1633 831 1730 885 καὶ
1761 826 1854 889 0‘5-

249 936 373 983 τως
400 918 811 988 ἀνοηταίνοντες
834 958 849 981 ,
885 914 1279 989 μακαρίζουσιν
1311 917 1561 981 ἑαυτοὺς,
1600 915 1696 969 καὶ
1724 914 1856 968 θαυ-

253 999 521 1071 μάζουσι,
549 998 641 1053 καὶ
673 997 948 1071 ζηλωτοὺς
981 999 1211 1062 ἑαυτοὺς
1245 994 1383 1052 εἷναί
1419 1015 1575 1068 φασι,
1603 998 1696 1050 καὶ
1726 997 1856 1069 άρέ⁸

253 1100 489 1137 σκονται
521 1085 632 1147 τοῖς
667 1082 1069 1154 πραττομένοις
1094 1099 1108 1112 ·
1155 1081 1326 1136 κακία
1372 1080 1429 1134 δέ
1479 1081 1850 1152 ἐπαινουμένη

252 1165 363 1218 καὶ
398 1166 529 1236 παρ’
566 1164 745 1217 αὐτῶν
783 1162 893 1217 τῶν
935 1162 1321 1237 ἐργαζομένων
1365 1164 1619 1234 ἐννόησον
1657 1161 1855 1234 ἡλίκην

256 1247 534 1318 λαμϐάνει
582 1247 684 1319 τῆς
746 1249 991 1318 πονηρᾶς
1043 1246 1338 1316 ἐπιθυμίας
1405 1247 1744 1320 προσθήκην.
1797 1246 1858 1299 Et

254 1332 379 1402 γὰρ
404 1329 757 1401 κακιζομένη.
802 1332 851 1384 εί
885 1331 994 1402 γὰρ
1021 1331 1374 1402 ὑϐριζομένη,
1411 1332 1459 1384 εί
1500 1329 1610 1402 γὰρ
1640 1330 1861 1399 ἐλεγχο-

261 1412 435 1483 μένη,
460 1415 511 1466 εἰ
538 1411 647 1483 γὰρ
690 1413 794 1466 ὑπὸ
833 1414 928 1467 τοῦ
966 1413 1310 1478 συνειδότος*
1345 1412 1454 1467 τῶν
1505 1412 1859 1483 ὁπωσδήποτε

259 1496 554 1565 νηφόντων
610 1496 1016 1568 μαστιγουμένη
1039 1537 1055 1561 ,
1124 1496 1411 1568 ξαινομένη
1438 1535 1453 1559 ,
1520 1495 1861 1565 μισουμένη,

258 1577 444 1643 ιῦτως
497 1579 866 1649 ἀναισχύντως
930 1581 1118 1645 ἀνθεῖ,
1173 1581 1269 1634 καὶ
1315 1579 1432 1633 καθ
1486 1580 1720 1650 εκάστην
1765 1576 1862 1632 αὖ·

261 1662 425 1728 ξεται
469 1662 569 1733 τὴν
633 1661 879 1734 ἡμέρανο
934 1665 1064 1717 ὅταν
1116 1663 1189 1735 μὴ
1255 1662 1415 1735 μόνον
1457 1662 1529 1717 τὰ
1582 1660 1864 1717 κωλύοντα

261 1743 444 1815 αὐτὴν
485 1744 560 1816 μὴ
610 1744 680 1821 ᾖ,
721 1740 831 1798 οἷον
878 1747 910 1818 ή
953 1746 1285 1819 κατηγορία,
1337 1745 1432 1799 τοῦ
1498 1744 1792 1809 συνειδότος
1835 1761 1864 1797 0

261 1825 517 1897 ἔλεγχος,
557 1826 620 1880 τδ
650 1827 1114 1899 ἐπιλαμϐάνεσθαι
1146 1828 1255 1883 τῶν
1300 1827 1622 1901 γινομένων,
1654 1827 1716 1881 τὸ
1765 1844 1860 1899 μευ

260 1911 484 1963 τανοεῖν
531 1911 590 1965 ἐν
633 1913 748 1977 τοῖς
799 1913 1228 1984 πραττομένοις,
1270 1912 1326 1966 τὸ
1381 1910 1770 1975 καταδύεσθαι,
1802 1911 1866 1964 τὸ

262 1990 743 2059 ἐγκαλύπτεσθαι.
794 1994 854 2048 τὸ
911 1994 1138 2058 στένειν,
1169 1995 1231 2048 τδ
1274 1995 1511 2067 θρηνεῖν,
1562 1992 1700 2049 ἀλλὰ
1745 1994 1868 2047 τού-

264 2074 489 2128 ναντίον
518 2074 684 2141 ἆπαν,
733 2077 827 2130 καὶ
858 2077 1155 2131 ἐπαινῶσιν
1200 2078 1424 2140 ἑαυτοὺς
1456 2079 1505 2129 οἱ
1556 2074 1865 2146 ἐργαζόμε·

262 2173 377 2219 νοι,
420 2158 513 2211 καὶ
566 2158 819 2230 ἐγκώμια
859 2160 1067 2214 ἑαυτῶν
1099 2162 1386 2231 ύφαίνωσι,
1421 2161 1517 2214 καὶ
1554 2160 1661 2213 τῶν
1690 2159 1866 2214 ἄλλων

267 2238 518 2308 βελτίους
554 2243 698 2296 κατά
734 2243 893 2295 τοῦτο
934 2241 1067 2297 αὐτὸ
1103 2239 1245 2297 εἶναι
1282 2241 1564 2314 νομίζωσι,
1597 2243 1692 2295 καὶ
1727 2242 1865 2311 μετὰ

265 2323 334 2375 τὸ
362 2322 571 2391 πρᾶξαι
609 2325 880 2379 ἐπαινῶσι
906 2326 979 2380 τὰ
1001 2327 1346 2398 γεγενημένα
1376 2326 1555 2397 (τοῦτο
1581 2325 1692 2396 γάρ
1723 2327 1862 2387 ἐστι,

266 2405 386 2461 Καὶ
417 2409 574 2475 μετὰ
598 2408 789 2462 ταῦτα
823 2408 895 2463 ἐν
930 2409 1010 2475 τῷ
1061 2413 1313 2479 στόματι
1375 2408 1576 2463 αὐτῶν
1610 2405 1866 2474 εὐδοκή-

266 2490 532 2561 σουσι)’
574 2491 678 2545 ποῦ
724 2492 826 2545 οὐκ
871 2492 939 2546 ἂν
978 2494 1340 2561 ἐκτραπείεν;
1391 2491 1551 2546 Οὕτω
1595 2492 1706 2563 γάρ
1760 2492 1866 2543 εἰσι

268 2573 659 2644 παραπλῆγες,
684 2574 831 2629 οὕτω
876 2574 1301 2646 παραπαίουσιν,
1328 2575 1406 2639 ὡς
1449 2575 1544 2630 καὶ
1586 2575 1728 2645 μετὰ
1768 2574 1863 2645 τὴν

270 2656 563 2727 πλήρωσιν
592 2658 692 2729 τῆς
728 2657 1044 2730 ἐπιθυμίας,
1083 2660 1172 2713 ὅτε
1217 2660 1452 2728 μάλιστα
1484 2657 1727 2731 ὁρῶντας
1766 2660 1866 2728 τὴν

272 2740 629 2812 παρανομίαν
654 2742 1001 2812 αἰσχύνεσθαι
1029 2742 1156 2805 ἔδει,
1188 2743 1541 2815 γαυροῦνται,
1568 2741 1863 2813 κορυφοῦν-

271 2838 397 2885 ται,
446 2823 773 2893 ἀρέσκονται
822 2823 900 2894 τῷ
953 2825 1330 2896 γεγενημένῳ.
1380 2824 1629 2879 Τοιοῦτον
1683 2825 1791 2896 γὰρ
1834 2827 1868 2886 ή

275 2904 559 2977 άμαρτία’
589 2905 696 2977 πρὸ
728 2907 825 2976 μὲν
856 2906 950 2959 τοῦ
985 2908 1316 2980 πραχθῆναι,
1348 2907 1634 2971 συσκιάζει
1663 2908 1864 2978 ἐαυτῆς

276 2988 341 3040 τὸ
368 2986 626 3058 είδεχθές,
658 2992 724 3060 τῇ
768 2989 906 3062 μέθῃ
936 2989 1038 3061 τῆς
1074 2991 1267 3062 ἡδονῆς
1309 2991 1734 3064 περιστέλλουσα
1770 2993 1867 3043 αύ-

279 3071 384 3143 τῆς
420 3073 485 3124 τὸ
539 3072 822 3143 βδελυρόν·
870 3075 1091 3128 ἐπειδὰν
1134 3074 1192 3128 δέ
1240 3075 1494 3146 πραχθῇ,
1542 3075 1638 3128 καὶ
1685 3076 1717 3147 ὴ
1768 3074 1868 3145 μὲν

281 3156 446 3227 ἡδονὴ
474 3155 574 3224 τῆς
607 3157 903 3228 ἐπιθυμίας
944 3158 1086 3211 κατά
1122 3159 1317 3231 μικρὸν
1360 3160 1712 3230 ἀναχωρήσῃ,
1742 3160 1774 3229 ἡ
1813 3157 1868 3209 δέ

285 3238 385 3293 τοῦ
426 3239 722 3303 συνειδότος
772 3242 1077 3312 κατηγορία
1121 3241 1348 3314 ἐπέλθῃ,
1395 3242 1637 3312 γυμνοὺς
1675 3238 1871 3311 μαστί-

290 3321 461 3385 ζουσα
489 3326 606 3387 τοὺς
637 3325 961 3395 λογισμοὺς,
990 3325 1112 3378 τότε
1150 3325 1386 3396 μάλιστα
1417 3325 1666 3395 φαίνεται
1697 3324 1870 3393 αὐτῆς

284 3406 350 3459 τὸ
372 3404 632 3478 βλαϐερόν
654 3408 705 3460 b.
732 3403 890 3463 Οὗτοι
916 3409 973 3462 δέ
1001 3410 1123 3463 οὐδὲ
1149 3409 1287 3480 μετὰ
1311 3410 1375 3463 τὸ
1409 3409 1728 3480 πληρῶσαι,
1755 3409 1867 3461 ἀλλ’

284 3490 415 3544 ὅταν
467 3489 616 3544 ἴδωσι
671 3491 763 3544 τὸν
815 3490 1043 3545 πλοῦτον
1095 3491 1444 3561 ὀγκωθέντα,
1492 3493 1622 3556 τοὺς
1666 3492 1871 3563 τάφους

286 3574 712 3645 ἐγηγερμένους,
732 3573 831 3637 τὰς
855 3575 1088 3645 ματαίας
1112 3576 1401 3648 οίκοδομάς
1430 3578 1868 3648 ἁπηρτισμένας,

286 3658 402 3710 δέον
435 3658 557 3711 τότε
584 3659 713 3726 γοῦν
749 3662 1118 3730 κατανυγῆναι
1157 3662 1253 3713 καὶ
1297 3660 1572 3727 στενάξαι,
1608 3664 1657 3713 οἱ
1691 3662 1748 3714 δέ
1780 3665 1873 3716 καὶ

291 3741 433 3810 μετὰ
483 3742 679 3809 ταῦτα,
720 3742 860 3813 μετὰ
907 3742 967 3795 τὸ
1001 3743 1184 3815 ἔργον,
1237 3744 1377 3814 μετὰ
1414 3743 1514 3812 τὴν
1566 3745 1869 3815 πλήρωσιν,

286 3824 409 3877 τότε
456 3825 535 3879 ἔτι
570 3826 837 3897 μειζόνως
863 3829 1131 3882 νοσοῦσιν.
1174 3827 1328 3880 Ἐπεὶ
1373 3824 1465 3881 οὖν
1498 3827 1568 3881 τὰ
1610 3829 1742 3899 παρ’
1773 3831 1873 3883 αύ-

289 3906 399 3961 τῶν
429 3908 659 3979 οἴχεται,
685 3910 876 3963 ἕπεται
909 3910 1095 3964 λοιπὸν
1126 3910 1195 3964 τὰ
1228 3909 1382 3982 παρὰ
1414 3908 1509 3963 τοῦ
1539 3910 1694 3963 Θεοῦ.

366 3989 659 4065 θ’.Ὦσπερ
711 3994 821 4066 γὰρ
851 3996 901 4049 οί
932 3995 1354 4065 κατακρίνοντες
1411 3995 1636 4057 ἑαυτοὺς
1676 3995 1759 4063 ἐφ’
1795 3987 1876 4058 οἷς

297 4072 693 4145 ἁμαρτάνουσι,
711 4077 1184 4150 προλαμϐάνοντες
1202 4077 1594 4148 ἀποκρούονται
1610 4077 1708 4148 τὴν
1729 4080 1877 4149 παρὰ

300 4157 397 4211 τοῦ
425 4160 560 4213 Θεοῦ
588 4160 785 4231 ψῆφον,
815 4163 1066 4233 καθάπερ
1096 4163 1190 4215 καὶ
1217 4161 1428 4226 Παῦλός
1460 4178 1649 4232 φησιν·
1672 4165 1742 4215 El
1766 4162 1878 4230 γὰρ

299 4239 553 4308 ἑαυτοὺς
584 4245 920 4316 ἐκρίναμεν,
952 4247 1064 4300 οὐκ
1107 4243 1184 4299 ἂν·
1211 4245 1588 4314 ἐκρινόμεθα·
1621 4242 1794 4308 οὕτως
1831 4247 1880 4297 οί

294 4325 572 4390 νοσοῦντες
597 4329 965 4400 ἀμετανόητα,
995 4329 1089 4382 καὶ
1129 4328 1554 4400 ἁμαρτάνοντες,
1594 4328 1669 4399 μὴ
1712 4345 1881 4382 κατα·

296 4409 654 4478 γινώσκοντες
685 4413 743 4466 δέ
767 4408 842 4468 ὧν
882 4412 1338 4484 ἐπλημμέλησαν,
1374 4412 1512 4483 μετά
1554 4412 1756 4484 πολλῆς
1782 4414 1881 4483 τῆς

300 4494 659 4566 σφοδρότητος
692 4497 1038 4551 ἐπισπῶνται
1078 4497 1175 4568 τὴν
1208 4496 1360 4568 παρά
1402 4496 1495 4550 τοῦ
1521 4496 1658 4551 Θεοῦ
1704 4515 1879 4568 τιμω-

299 4578 421 4647 ρίαν
450 4579 684 4644 ἐαυτοῖς.
722 4581 876 4635 Ἐπεὶ
914 4577 1007 4634 οὖν
1039 4582 1133 4634 καὶ
1165 4574 1308 4635 οὗτοι
1335 4579 1368 4651 ἢ
1399 4579 1469 4633 τὰ
1499 4579 1756 4652 ἀλλότρια
1787 4581 1884 4653 ἁρ-

300 4660 585 4727 πάζοντες,
615 4663 649 4735 ἢ
680 4664 750 4718 τὰ
780 4667 955 4718 οίκεῖα
990 4665 1168 4736 μάτην
1208 4665 1301 4717 καὶ
1345 4664 1469 4735 εἰκῆ
1513 4662 1879 4728 δαπανῶντες,

301 4747 447 4817 άπερ
478 4748 557 4811 είς
584 4748 825 4823 πένητας
852 4749 1163 4803 ἀναλίσκειν
1190 4748 1381 4820 ἐχρῆν,
1407 4750 1488 4811 είς
1523 4748 1751 4817 τάφους,
1787 4750 1886 4802 καὶ

304 4829 611 4909 σκώληκας,
647 4836 743 4888 καὶ
776 4833 945 4907 σῆτας
972 4832 1273 4900 δαπανῶσι,
1306 4834 1400 4887 καὶ
1429 4832 1490 4885 οὐ
1533 4830 1884 4902 μετανοοῦσιν

301 4913 399 4969 ἐπὶ
416 4913 528 5005 τῶν
544 4919 932 5003 γεγενημένων
957 4928 1007 4985 ο,
1037 4917 1174 4973 ἀλλά
1200 4916 1393 5003 ἀνίατα
1425 4915 1646 4987 μένουσι
1674 4915 1886 4970 νοσοῦν-

302 5022 415 5071 τες,
442 5000 670 5065 ἄκουσον
710 5014 763 5066 τί
803 5013 1008 5082 γίνεται
1048 5011 1253 5066 λοιπόν.
1288 4998 1354 5064 Τί
1393 5010 1457 5082 δὴ
1500 5006 1595 5065 οῦν
1637 5011 1883 5080 γίνεται;

304 5091 555 5162 Τιμωρίᾳ
580 5098 644 5166 τῇ
680 5097 830 5167 παρά
869 5095 963 5149 τοῦ
990 5096 1125 5149 Θεοῦ
1164 5095 1423 5149 δίδονται’
1453 5094 1533 5147 διὸ
1570 5095 1881 5166 ἐπήγαγεν’

307 5175 459 5249 [218]
500 5176 595 5246 Ὠς
631 5179 897 5247 πρόϐατα
931 5180 1000 5232 ἐν
1040 5179 1154 5249 ᾅδῃ
1194 5178 1431 5233 ἔθεντο·
1467 5175 1724 5245 θάνατος
1755 5195 1888 5234 ποι-

306 5260 488 5329 μανεῖ
509 5263 759 5329 αὐτούς·
790 5264 852 5316 οὐ
884 5262 947 5316 τὸ
985 5262 1193 5335 ἥμερον
1227 5261 1460 5316 ἐνταῦθα
1494 5261 1583 5315 διὰ
1618 5263 1886 5334 ὀνόματος

307 5352 418 5406 τῶν
460 5353 745 5425 προϐάτων
792 5353 967 5426 δηλῶν
1010 5353 1082 5425 (τί
1112 5353 1222 5427 γάρ
1274 5354 1499 5410 ἐκείνων
1547 5354 1886 5429 ἀγριώτερον

306 5434 503 5503 γένοιτ’
552 5436 640 5503 ἀν,
690 5436 801 5491 τῶν
855 5436 1220 5509 παρορώντων
1275 5437 1378 5509 μὲν
1417 5439 1601 5509 γυμνὰ
1658 5438 1887 5511 σώματα

305 5521 575 5592 πενήτων,
614 5522 709 5578 καὶ
755 5523 1029 5594 γαστέρας
1073 5523 1378 5595 τηκομένας
1409 5522 1573 5595 λιμῶ,
1612 5524 1886 5580 καλλωπι-

365 5699 391 5757 Ῡ
420 5696 503 5746 Sic
523 5708 641 5747 mss.
664 5702 718 5747 et
736 5696 887 5747 Savil.
913 5696 1086 5748 Morel.
1111 5697 1206 5748 ἀπὸ
1231 5696 1318 5747 τοῦ
1351 5699 1637 5757 συνειδότος.

367 5755 399 5796 1³
419 5760 571 5809 Savil.
597 5766 651 5808 et
678 5760 762 5809 alii
782 5760 837 5807 τὸ
867 5760 1109 5824 βδελυρόν.

369 5829 397 5859 ε
428 5823 579 5873 εαγίι.
602 5828 658 5872 el.
685 5834 813 5871 unus
832 5821 939 5872 cdd.
976 5821 1050 5871 ἐπὶ
1069 5821 1165 5879 τοῖς
1186 5823 1524 5886 γεγενημένοις.

1964 826 2253 891 συζῶντος.
2280 826 2350 880 Ὅ
2362 842 2459 897 περ
2495 823 2590 877 καὶ
2626 814 2775 875 οὗτοι
2803 820 3078 874 πείσονται
3098 835 3111 847 ·
3145 818 3239 872 καὶ
3266 816 3409 872 οὕτω
3438 833 3542 871 κα·-

1963 918 2385 989 τακοπήσονται,
2411 914 2584 978 οὓτως
2615 910 2942 967 ἀπολοῦνται
2995 910 3186 981 ἄρδην,
3217 910 3310 962 καὶ
3343 910 3423 970 είς
3454 907 3551 961 τὸν

1963 1001 2097 1074 ᾅδην
2130 998 2519 1054 ἀπελεύσονται
2553 997 2771 1070 ῥᾳδίως,
2799 993 3056 1057 εὐκόλως,
3085 992 3384 1074 συντόμως,
3411 991 3545 1044 ἀπο-

1962 1071 2104 1155 νητὶ,
2128 1083 2329 1136 ὡσανεὶ
2349 1081 2598 1151 πρόϐατα
2619 1076 3092 1147 κατακοπτόμενα.
3106 1073 3274 1127 Τοῦτο
3295 1071 3543 1136 θάνατος,

1969 1167 2168 1240 μᾶλλον
2192 1167 2249 1220 δὲ
2271 1168 2504 1239 πρᾶγμα
2540 1164 2769 1218 θανάτου
2801 1161 2935 1215 πολὺ
2962 1156 3367 1230 χαλεπώτερον.
3392 1155 3545 1210 Μετὰ

1965 1252 2071 1321 γὰρ
2087 1250 2185 1322 τὴν
2205 1250 2464 1318 τοιαύτην
2485 1247 2738 1318 τελευτὴν
2759 1244 3023 1308 ἀθάνατος
3040 1244 3235 1305 αὐτοὺς
3249 1240 3547 1305 διαδέξεται

1967 1332 2316 1402 οάνατος,διά
2342 1333 2501 1386 τοῦτο
2516 1327 2749 1401 οὐδαμοῦ
2775 1330 2853 1391 είς
2881 1327 3115 1390 κόλπους
3143 1322 3548 1395 Ἀϐραὰμ,ούδὲ

1967 1418 2046 1481 είς
2070 1416 2196 1471 ἄλλο
2223 1415 2420 1487 χωρίον
2445 1413 2723 1484 φαίνονται
2747 1410 3018 1473 ἀπιόντες,
3041 1407 3153 1460 ἀλλ’
3173 1410 3250 1470 εἰς
3275 1407 3367 1460 τὸν
3395 1405 3548 1477 ᾅδην,

1965 1502 2028 1553 τὸ
2060 1501 2160 1571 τῆς
2198 1499 2488 1571 τιμωρίας,
2533 1499 2594 1551 τὸ
2628 1496 2727 1566 τῆς
2761 1494 3056 1556 κολάσεως,
3088 1492 3147 1546 τὸ
3179 1492 3279 1561 τῆς
3312 1490 3556 1543 πανωλε-

1969 1586 2128 1656 θρίας
2162 1586 2351 1655 ὄνομα.
2381 1583 2493 1637 Καὶ
2515 1584 2547 1653 ἡ
2573 1580 2806 1636 ἐνταῦθα
2846 1579 3021 1632 αὐτῶν
3049 1575 3274 1645 τελευτὴ
3308 1573 3551 1645 εὐτελὴς,

1969 1671 2065 1725 καὶ
2113 1667 2606 1739 εὐκαταφρόνητος,
2648 1666 2743 1717 καὶ
2769 1666 2802 1734 ἡ
2835 1664 2953 1715 ἐκεῖ
3001 1658 3247 1733 διατριϐὴ
3281 1656 3554 1723 κολάσεως

1970 1755 2231 1826 γέμουσα.
2279 1751 2437 1807 Οὕτω
2478 1752 2572 1805 καὶ
2606 1752 2741 1821 ἡμῖν
2782 1747 2902 1811 ἔθος
2935 1747 3120 1815 λέγειν
3157 1745 3286 1816 περὶ
3311 1742 3420 1797 τῶν
3464 1743 3558 1797 εύσ-

1970 1843 2143 1906 κόλως
2187 1838 2608 1910 ἀπολλυμένωψ
2653 1838 2745 1900 Ὠς
2781 1834 3049 1907 πρόϐατον
3077 1834 3105 1885 ό
3139 1833 3285 1886 δεῖνα
3315 1831 3554 1902 ἐσφάγη.

1984 1925 2203 1994 Ἐπειδὴ
2236 1923 2347 1994 γὰρ
2384 1924 2460 1986 ὼς
2510 1922 2679 1990 ἄλογα
2726 1919 2883 1984 ἔζων,
2935 1918 3031 1970 καὶ
3073 1917 3149 1981 ὡς
3184 1916 3354 1984 ἄλογα
3383 1914 3555 1967 ἀπόλ-

1969 2009 2179 2073 λυνται,
2202 2009 2302 2061 οὐκ
2326 2007 2540 2078 ἔχοντες
2570 2005 2699 2076 περὶ
2728 2004 2839 2057 τῶν
2872 2000 3172 2074 μελλόντων
3206 1997 3394 2052 ἐλπίδα
3423 2013 3559 2068 χρη·-

1973 2094 2138 2164 στήν·
2177 2090 2271 2144 καὶ
2300 2090 2361 2143 οὐ
2395 2088 2556 2142 τοῦτο
2594 2088 2774 2159 μόνον,
2819 2084 2933 2139 ἀλλ’
2983 2084 3066 2138 ὅτι
3100 2082 3195 2136 καὶ
3229 2081 3324 2134 ἐπὶ
3358 2078 3515 2150 κακῷ
3539 2096 3554 2110 ο

1973 2177 2240 2242 Θάνατος
2276 2172 2556 2243 ποιμανεῖ
2578 2171 2820 2236 αὐτούς.

2054 2259 2322 2314 Ἐνταῦθά
2368 2275 2458 2328 μοι
2499 2258 2594 2310 τὸν
2625 2255 2856 2309 θάνατον
2888 2253 3036 2305 δοκεῖ
3079 2249 3280 2318 λέγειν,
3318 2246 3418 2317 τὴν
3449 2247 3560 2328 ἀπῇ

1969 2345 2169 2399 ὡὶὲιαν
2191 2343 2291 2414 τὴν
2319 2327 2454 2404 ἐκεῖ,
2481 2341 2581 2412 τὴν
2608 2336 2901 2409 τιμωρίαν,
2928 2333 3182 2403 καθάπερ
3203 2333 3297 2385 καὶ
3323 2327 3557 2414 ἀλλαχοῦ

1971 2444 2136 2500 φησι*
2188 2413 2366 2495 Ψὺχὴ
2411 2425 2451 2491 ἡ
2502 2421 2961 2493 ἁμαρτάνουσα,
3008 2417 3160 2500 αὕτη
3207 2413 3556 2500 ἀπολεῖταιο

1969 2495 2157 2582 ούντὴν
2182 2508 2277 2563 τοῦ
2310 2504 2453 2562 εἶναι
2483 2505 2791 2576 ἀναίρεσιν,
2836 2501 2973 2556 ἀλλὰ
3013 2499 3111 2572 τὴν
3151 2495 3430 2582 τιμωρίαν
3456 2512 3561 2550 πα-

1974 2579 2241 2665 ραδηλῶν.
2294 2590 2406 2646 Καὶ
2456 2590 2705 2660 ἐπιμένει
2745 2590 2812 2658 τῇ
2866 2584 3146 2656 μεταφορᾷ
3194 2583 3292 2652 τῆς
3340 2579 3558 2665 λέξεως.

1983 2663 2200 2747 Ἐπειδὴ
2248 2674 2356 2745 γὰρ
2390 2668 2513 2727 εἷπε
2547 2672 2818 2744 πρόϐατα,
2866 2668 3063 2733 ἔδειξεν
3115 2666 3294 2720 αὐτῶν
3322 2663 3423 2747 ,καὶ
3458 2663 3562 2747 ,τὸν

1971 2745 2339 2830 ποιμένα.Τίς
2368 2757 2424 2810 δέ
2445 2747 2631 2819 0510;;
2661 2755 2717 2808 Ὀ
2748 2750 2965 2821 σκώληξ
2987 2753 3017 2804 ὁ
3046 2745 3347 2812 ίοϐόλος,τὺ
3372 2746 3561 2830 σκότος

1971 2842 2030 2896 τὸ
2069 2828 2446 2911 ἀτελεύτητον,
2472 2838 2542 2892 τά
2569 2837 2744 2909 δεσμά
2774 2836 2844 2889 τὰ
2874 2836 3064 2898 ἄλυτα,
3109 2836 3136 2887 ό
3177 2832 3421 2905 βρυγμὸς
3452 2828 3561 2885 τῶν

1971 2925 2219 2978 ὀδόντων.
2246 2923 2392 2996 Ὅρα
2416 2921 2594 2976 τοίνυν
2622 2920 2820 2983 αὐτοὺς
2848 2917 3113 2973 πάντοθεν
3138 2914 3560 2984 κολαζομένους.

1984 3009 2074 3061 Ἐν
2103 3010 2170 3079 τῇ
2205 3007 2337 3075 ζωῇ,
2364 3007 2446 3059 ὃτι
2482 3003 2619 3075 πρὸς
2651 3002 2851 3074 ἀρετὴν
2883 3000 3328 3069 ἐνεποδίσθησαν,
3352 2998 3434 3050 ὅτι
3462 3013 3564 3079 κα·-

1971 3092 2096 3155 κίας
2126 3090 2374 3160 ἐγένοντο
2407 3087 2605 3150 δοῦλοι,
2650 3087 2744 3139 καὶ
2776 3082 3132 3154 αἰχμάλωτοι,
3159 3080 3254 3133 καὶ
3303 3078 3561 3149 περιττὸν

1972 3175 2245 3244 ἐπόνησαν
2288 3173 2448 3225 πόνον
2489 3171 2583 3223 καὶ
2628 3168 3063 3237 καταγέλαστον·
3098 3166 3156 3217 ἐν
3199 3166 3267 3234 τῇ
3309 3161 3558 3232 τελευτῇ,

1972 3261 2054 3312 ὅτι
2100 3241 2287 3320 ἀπλῶς
2328 3256 2423 3309 καὶ
2460 3255 2535 3318 ὡς
2580 3252 2770 3323 ἔτυχεν
2820 3249 3130 3306 ἀπώλοντοο
3173 3250 3231 3301 ἐν
3262 3246 3339 3319 τῷ
3385 3241 3566 3316 καιρῷ

1973 3341 2053 3414 τῷ
2092 3339 2234 3413 μετὰ
2277 3340 2376 3411 τὴν
2408 3337 2688 3409 τελευτὴν,
2714 3337 2796 3390 ὅτι
2829 3333 3122 3397 διαπαντὸς
3170 3331 3277 3385 ὑπὸ
3314 3330 3413 3401 τῆς
3457 3329 3564 3414 ἀπ-

1975 3411 2171 3488 ωλείας
2203 3424 2542 3494 κατέχονται.
2585 3420 2696 3475 Καὶ
2746 3418 3326 3486 κατακυριεύσουσιν
3365 3411 3567 3467 αὐτῶν

1976 3512 2032 3563 οἱ
2056 3508 2251 3575 εὐθεῖς
2291 3507 2358 3561 τὸ
2395 3506 2563 3575 πρωΐ,
2609 3501 2827 3574 Ἐπειδὴ
2854 3501 3040 3556 πολλοὶ
3071 3499 3180 3553 τῶν
3221 3496 3563 3568 παχυτέρων,

1977 3594 2073 3647 καὶ
2104 3591 2241 3664 πρὸς
2267 3588 2622 3660 ἀναισθησίαν
2646 3586 2808 3640 λίθων
2834 3583 3234 3655 ἐκϐεϐηκότων,
3260 3581 3359 3634 ούκ
3384 3578 3565 3664 έχουσι

1978 3678 2108 3749 περὶ
2147 3662 2255 3729 τῶν
2290 3673 2589 3745 μελλόντων
2622 3670 2815 3724 ἐλπίδα
2859 3668 3029 3738 σαφῆ,
3061 3666 3187 3720 οὔτε
3218 3662 3568 3749 τετρανωμέξ

1978 3746 2095 3830 νην,
2140 3757 2275 3813 ἀλλά
2325 3759 2461 3829 πρὸς
2497 3755 2565 3808 τὰ
2607 3755 2851 3826 παρόντα
2891 3752 3155 3822 κεχήνασι
3187 3750 3281 3803 καὶ
3324 3747 3460 3819 πρὸς
3497 3746 3569 3802 τὰ

1978 3842 2251 3914 ὁρώμενα,
2301 3839 2670 3909 καταπλήττει
2716 3837 2844 3899 τοὺς
2882 3833 3157 3896 τοιούτους
3221 3834 3563 3899 αἰνιγματωο

1980 3928 2105 3992 δῶς.
2136 3922 2268 3980 Εἶτα
2296 3925 2384 3978 διὰ
2429 3924 2677 3995 βραχέων
2704 3919 2731 3960 ἀ
2776 3922 2844 3974 τὰ
2896 3918 3156 3991 μέλλοντα
3195 3914 3564 3984 αἰνιξάμενος,

1982 4012 2143 4066 πάλιν
2177 4009 2269 4063 ἐπὶ
2302 4008 2401 4079 τὴν
2432 4009 2489 4059 ἐν
2521 4004 2600 4077 τῷ
2643 4005 2870 4077 παρόντι
2920 4002 3021 4074 βίῳ
3063 3999 3355 4071 γινομένην
3384 3995 3565 4050 αὐτῶν

1981 4095 2257 4149 εὐτέλειαν
2285 4093 2378 4146 καὶ
2402 4089 2668 4162 τιμωρίαν
2695 4086 3013 4160 μετατίθησι
3034 4085 3124 4139 τὸν
3148 4084 3325 4153 λόγον,
3351 4079 3565 4140 δεικνὺς

1984 4178 2164 4234 αὐτῶν
2194 4177 2256 4230 τὸ
2300 4173 2555 4237 ἀσθενὲς,
2585 4172 2645 4225 τὸ
2695 4170 2929 4235 εὐτελὲς,
2976 4168 3037 4223 τδ
3068 4166 3567 4237 εὐκαταφρόνητον,

1985 4262 2079 4317 καὶ
2105 4262 2187 4315 ὅτι
2213 4259 2318 4313 κᾶν
2357 4257 2616 4329 μυριάκις
2658 4254 2953 4319 πλουτῶσι,
2988 4253 3092 4307 κᾶν
3123 4248 3438 4306 δυναστείαν
3465 4241 3567 4300 ὦσι

1988 4342 2474 4417 περιϐεϐλημένοι,
2528 4342 2584 4393 ἐν
2628 4338 2781 4404 τάξει
2830 4338 3032 4391 δούλων
3078 4337 3172 4390 καὶ
3219 4330 3571 4417 ἀνδραπόδων

1987 4413 2098 4493 τοίς
2122 4413 2323 4499 ἀρετὴν
2360 4422 2634 4495 μετιοῦσίν
2672 4425 2829 4476 εἰσιν.
2871 4421 2963 4474 Διό
2991 4436 3146 4491 φησι,
3176 4413 3571 4499 Κατακυριεύ·

1989 4498 2212 4568 σουσιν
2238 4508 2437 4565 αὐτῶν
2457 4511 2511 4562 oi
2532 4507 2726 4572 εὐθεῖς
2748 4507 2815 4559 τὸ
2842 4505 3013 4573 πρωῒ,
3043 4501 3307 4561 τουτέστι,
3334 4498 3566 4569 ταχέως,

1987 4593 2271 4667 διηνεκῶς,
2304 4593 2399 4647 καὶ
2438 4590 2559 4645 οὐδὲ
2608 4590 2802 4660 χρόνου
2852 4589 3170 4659 δεήσονται,
3212 4584 3333 4639 ούδέ
3381 4582 3569 4667 πόνου,

1989 4680 2110 4736 ούδέ
2148 4674 2457 4750 μελλήσεως
2485 4691 2650 4738 τινος.
2692 4671 2926 4743 Τοιαύτη
2960 4671 3067 4742 γὰρ
3102 4672 3137 4743 ἡ
3167 4669 3275 4724 τῶν
3313 4666 3572 4750 πραγμάρ

1988 4783 2096 4819 των
2131 4749 2314 4832 φύσις,
2346 4761 2413 4830 τῇ
2445 4759 2614 4830 ἀρετῇ
2645 4757 2743 4829 τὴν
2775 4756 2974 4810 κακίαν
3003 4753 3298 4821 δουλεύειν,
3325 4753 3421 4807 καὶ
3444 4749 3570 4822 τρέε

1993 4864 2113 4919 μειν
2137 4844 2326 4916 αὐτὴν,
2356 4842 2452 4896 καὶ
2484 4841 2776 4895 δεδοικέναι
2796 4855 2839 4904 ·,
2871 4839 2973 4894 κΞιν
3003 4838 3170 4911 μυρία
3189 4837 3573 4909 ἐπιτρίμματα

1990 4916 2132 5000 αῦτη
2163 4928 2283 5000 ἔχῃ,
2314 4927 2409 4981 καὶ
2448 4923 2599 4998 [219]
2637 4923 2834 4987 πολλὰς
2867 4923 2963 4986 τὰς
3008 4920 3353 4992 ὑπογραφάς,
3380 4916 3575 4987 ἐκείνη

1990 5017 2048 5070 δὲ
2091 5012 2271 5084 γυμνὴ
2324 5009 2394 5087 ᾗ,
2446 5010 2569 5064 καθ’
2610 5010 2809 5083 ἐαυτὴν
2860 5007 3257 5079 ἀγωνιζομένη.
3306 5004 3418 5061 Καὶ
3461 5000 3574 5073 μὴν,

1990 5099 2298 5157 τούναντίον
2323 5096 2560 5169 ὁρῶμεν,
2597 5099 2750 5167 φησὶ,
2794 5094 3012 5158 τούτους
3048 5093 3271 5148 ἐκείνων
3304 5087 3573 5160 κρατοῦν-

1990 5201 2110 5249 τας.
2149 5181 2315 5235 Ἇλλὰ
2354 5182 2431 5253 μὴ
2458 5181 2519 5235 τὸ
2550 5180 2770 5251 σφάλμα
2802 5179 2902 5249 τῆς
2946 5176 3056 5231 τῶν
3090 5173 3301 5230 πολλῶν
3330 5170 3577 5236 διανοίας

1995 5271 2227 5342 ἴδωμεν*
2260 5265 2416 5319 τοῦτο
2446 5264 2554 5338 γὰρ
2604 5261 3027 5335 πεπλανημένης
3079 5254 3403 5329 ὑπλήψειῦς
3452 5257 3575 5342 ἐστι

1991 5340 2170 5428 ψῆφος
2188 5370 2202 5384 ·
2237 5352 2352 5407 ἀλλ’
2376 5351 2546 5423 αὐτὴν
2568 5350 2677 5403 τῶν
2702 5347 3044 5420 πραγμάτων
3066 5345 3166 5416 τὴν
3192 5343 3359 5414 ὀρθὴν
3389 5340 3574 5428 κρίσιν

1993 5425 2481 5509 διευκρινήσωμεν,
2518 5436 2612 5488 καὶ
2645 5433 2763 5503 ϐᾲει
2811 5430 2999 5485 τοῦτον
3030 5429 3334 5502 κρατοῦντα
3362 5428 3453 5482 τὸν
3484 5425 3573 5480 λό-

1993 5541 2110 5593 γον.
2144 5522 2327 5575 Ἔστω
2354 5520 2464 5592 γάρ
2505 5536 2589 5582 τις
2629 5516 2861 5588 πονηρὸς
2888 5513 3186 5585 δεσπότης,
3227 5512 3322 5567 καὶ
3354 5510 3573 5580 οἰκέτης

2058 5691 2083 5730 ει
2113 5690 2195 5740 Sic
2217 5703 2332 5740 mss.
2358 5697 2407 5741 et
2434 5689 2606 5744 Savil.,
2627 5686 2797 5735 Morel.
2829 5699 2946 5735 vero
2970 5685 3052 5734 καὶ
3081 5684 3165 5747 διὰ.
3185 5682 3417 5747 βραχέων.

2064 5774 2088 5803 ε
2118 5756 2233 5805 Post
2272 5753 2532 5802 δεδοικέναι
2572 5751 2723 5800 Morel
2770 5749 2904 5800 addit
2932 5744 3305 5812 παρεσκεύασεν,
3326 5756 3437 5808 quin
3478 5753 3575 5795 v0!

1999 5832 2099 5872 non
2124 5825 2203 5868 est
2224 5815 2272 5869 in
2295 5828 2408 5866 mss.
2435 5827 2528 5865 nec
2560 5812 2610 5863 in
2637 5815 2786 5866 Sam.
