  <div class='ocr_page' id='page_1' title='image "/cluster/home/n/w/nwhite01/storage/ocr_20150623/55:no.5/coo.31924054869551/229.png"; bbox 0 0 4064 6404; ppageno 0'>
   <div class='ocr_carea' id='block_1_1' title="bbox 554 373 654 432">
    <p class='ocr_par' dir='ltr' id='par_1_1' title="bbox 554 373 654 432">
     <span class='ocr_line' id='line_1_1' title="bbox 554 373 654 432; baseline -0.02 0"><span class='ocrx_word' id='word_1_1' title='bbox 554 373 654 432; x_wconf 69' lang='lat'><strong>‘27)?</strong></span> 
     </span>
    </p>
   </div>
   <div class='ocr_carea' id='block_1_2' title="bbox 550 480 2131 562">
    <p class='ocr_par' dir='ltr' id='par_1_2' title="bbox 550 480 2131 562">
     <span class='ocr_line' id='line_1_2' title="bbox 550 480 2131 562; baseline -0.008 -17"><span class='ocrx_word' id='word_1_2' title='bbox 550 487 822 562; x_wconf 74' lang='grc' dir='ltr'>χρηστόςο</span> <span class='ocrx_word' id='word_1_3' title='bbox 879 487 1080 558; x_wconf 81' lang='grc' dir='ltr'>μᾶλλον</span> <span class='ocrx_word' id='word_1_4' title='bbox 1111 485 1188 551; x_wconf 80' lang='grc' dir='ltr'>δὲ,</span> <span class='ocrx_word' id='word_1_5' title='bbox 1236 485 1285 538; x_wconf 90' lang='grc' dir='ltr'>εί</span> <span class='ocrx_word' id='word_1_6' title='bbox 1318 483 1529 556; x_wconf 79' lang='grc' dir='ltr'>βούλει,</span> <span class='ocrx_word' id='word_1_7' title='bbox 1579 483 1662 551; x_wconf 80' lang='grc' dir='ltr'>ἐφ’</span> <span class='ocrx_word' id='word_1_8' title='bbox 1710 483 1895 553; x_wconf 77' lang='grc' dir='ltr'>ἕτερον</span> <span class='ocrx_word' id='word_1_9' title='bbox 1947 480 2131 553; x_wconf 74' lang='grc' dir='ltr'>μεῖζον</span> 
     </span>
    </p>
   </div>
   <div class='ocr_carea' id='block_1_3' title="bbox 555 569 2136 646">
    <p class='ocr_par' dir='ltr' id='par_1_3' title="bbox 555 569 2136 646">
     <span class='ocr_line' id='line_1_3' title="bbox 555 569 2136 646; baseline -0.005 -17"><span class='ocrx_word' id='word_1_10' title='bbox 555 575 862 646; x_wconf 75' lang='grc' dir='ltr'>ὑπόδειγμα</span> <span class='ocrx_word' id='word_1_11' title='bbox 888 575 977 628; x_wconf 79' lang='grc' dir='ltr'>τὸν</span> <span class='ocrx_word' id='word_1_12' title='bbox 999 573 1155 642; x_wconf 89' lang='grc' dir='ltr'>λόγον</span> <span class='ocrx_word' id='word_1_13' title='bbox 1181 573 1475 643; x_wconf 77' lang='grc' dir='ltr'>ἀγάγωμεν</span> <span class='ocrx_word' id='word_1_14' title='bbox 1493 589 1508 603; x_wconf 78' lang='grc' dir='ltr'><strong><em>ο</em></strong></span> <span class='ocrx_word' id='word_1_15' title='bbox 1541 572 1724 624; x_wconf 84' lang='grc' dir='ltr'>Ἔστω</span> <span class='ocrx_word' id='word_1_16' title='bbox 1751 569 2002 641; x_wconf 75' lang='grc' dir='ltr'>βασιλεὺς</span> <span class='ocrx_word' id='word_1_17' title='bbox 2038 585 2136 622; x_wconf 87' lang='grc' dir='ltr'>πο-</span> 
     </span>
    </p>
   </div>
   <div class='ocr_carea' id='block_1_4' title="bbox 552 658 2138 736">
    <p class='ocr_par' dir='ltr' id='par_1_4' title="bbox 552 658 2138 736">
     <span class='ocr_line' id='line_1_4' title="bbox 552 658 2138 736; baseline -0.004 -18"><span class='ocrx_word' id='word_1_18' title='bbox 552 665 738 736; x_wconf 89' lang='grc' dir='ltr'>νηρός,</span> <span class='ocrx_word' id='word_1_19' title='bbox 769 666 864 717; x_wconf 72' lang='grc' dir='ltr'>καὶ</span> <span class='ocrx_word' id='word_1_20' title='bbox 900 663 1114 734; x_wconf 77' lang='grc' dir='ltr'>ἰδιώτης</span> <span class='ocrx_word' id='word_1_21' title='bbox 1143 662 1398 734; x_wconf 85' lang='grc' dir='ltr'>χρηστὸς,</span> <span class='ocrx_word' id='word_1_22' title='bbox 1427 662 1627 732; x_wconf 87' lang='grc' dir='ltr'>ῖδωμεν</span> <span class='ocrx_word' id='word_1_23' title='bbox 1658 661 1742 724; x_wconf 84' lang='grc' dir='ltr'>τίς</span> <span class='ocrx_word' id='word_1_24' title='bbox 1769 659 1912 722; x_wconf 89' lang='grc' dir='ltr'>τίνος</span> <span class='ocrx_word' id='word_1_25' title='bbox 1948 658 2138 728; x_wconf 65' lang='grc' dir='ltr'>κύριός</span> 
     </span>
    </p>
   </div>
   <div class='ocr_carea' id='block_1_5' title="bbox 551 747 2140 822">
    <p class='ocr_par' dir='ltr' id='par_1_5' title="bbox 551 747 2140 822">
     <span class='ocr_line' id='line_1_5' title="bbox 551 747 2140 822; baseline -0.004 -15"><span class='ocrx_word' id='word_1_26' title='bbox 551 755 687 817; x_wconf 89' lang='grc' dir='ltr'>ἐστι,</span> <span class='ocrx_word' id='word_1_27' title='bbox 719 753 812 806; x_wconf 71' lang='grc' dir='ltr'>καὶ</span> <span class='ocrx_word' id='word_1_28' title='bbox 861 750 962 804; x_wconf 81' lang='grc' dir='ltr'>ποῦ</span> <span class='ocrx_word' id='word_1_29' title='bbox 1012 750 1081 804; x_wconf 78' lang='grc' dir='ltr'>τά</span> <span class='ocrx_word' id='word_1_30' title='bbox 1115 751 1213 822; x_wconf 80' lang='grc' dir='ltr'>τῆς</span> <span class='ocrx_word' id='word_1_31' title='bbox 1245 749 1563 812; x_wconf 76' lang='grc' dir='ltr'>δεσποτείας</span> <span class='ocrx_word' id='word_1_32' title='bbox 1605 748 1936 817; x_wconf 80' lang='grc' dir='ltr'>διαλάμπει·</span> <span class='ocrx_word' id='word_1_33' title='bbox 1981 747 2068 808; x_wconf 82' lang='grc' dir='ltr'>τίς</span> <span class='ocrx_word' id='word_1_34' title='bbox 2108 747 2140 800; x_wconf 81' lang='lat'>0</span> 
     </span>
    </p>
   </div>
   <div class='ocr_carea' id='block_1_6' title="bbox 551 830 2139 908">
    <p class='ocr_par' dir='ltr' id='par_1_6' title="bbox 551 830 2139 908">
     <span class='ocr_line' id='line_1_6' title="bbox 551 830 2139 908; baseline -0.003 -17"><span class='ocrx_word' id='word_1_35' title='bbox 551 838 793 908; x_wconf 88' lang='grc' dir='ltr'>κρατῶν,</span> <span class='ocrx_word' id='word_1_36' title='bbox 845 839 940 892; x_wconf 77' lang='grc' dir='ltr'>καὶ</span> <span class='ocrx_word' id='word_1_37' title='bbox 991 838 1075 900; x_wconf 88' lang='grc' dir='ltr'>τίς</span> <span class='ocrx_word' id='word_1_38' title='bbox 1123 839 1152 890; x_wconf 93' lang='lat'>0</span> <span class='ocrx_word' id='word_1_39' title='bbox 1209 836 1602 908; x_wconf 87' lang='grc' dir='ltr'>κρατούμενος.</span> <span class='ocrx_word' id='word_1_40' title='bbox 1659 836 1783 900; x_wconf 85' lang='grc' dir='ltr'>Πῶς</span> <span class='ocrx_word' id='word_1_41' title='bbox 1847 830 1938 888; x_wconf 80' lang='grc' dir='ltr'>οὖν</span> <span class='ocrx_word' id='word_1_42' title='bbox 1993 833 2139 886; x_wconf 84' lang='grc' dir='ltr'>είσό-</span> 
     </span>
    </p>
   </div>
   <div class='ocr_carea' id='block_1_7' title="bbox 553 923 2137 996">
    <p class='ocr_par' dir='ltr' id='par_1_7' title="bbox 553 923 2137 996">
     <span class='ocr_line' id='line_1_7' title="bbox 553 923 2137 996; baseline -0.004 -16"><span class='ocrx_word' id='word_1_43' title='bbox 553 927 691 995; x_wconf 87' lang='grc' dir='ltr'>μεθα</span> <span class='ocrx_word' id='word_1_44' title='bbox 720 926 911 991; x_wconf 78' lang='grc' dir='ltr'>τοῦτο;</span> <span class='ocrx_word' id='word_1_45' title='bbox 950 925 1318 980; x_wconf 86' lang='grc' dir='ltr'>Ἐπιταττέτω</span> <span class='ocrx_word' id='word_1_46' title='bbox 1355 923 1432 994; x_wconf 82' lang='grc' dir='ltr'>τῷ</span> <span class='ocrx_word' id='word_1_47' title='bbox 1467 924 1650 996; x_wconf 75' lang='grc' dir='ltr'>ίδιὼτῃ</span> <span class='ocrx_word' id='word_1_48' title='bbox 1692 926 1720 977; x_wconf 94' lang='lat'>0</span> <span class='ocrx_word' id='word_1_49' title='bbox 1757 923 2009 992; x_wconf 82' lang='grc' dir='ltr'>βασιλεὺς</span> <span class='ocrx_word' id='word_1_50' title='bbox 2041 938 2137 974; x_wconf 83' lang='grc' dir='ltr'>πο-</span> 
     </span>
    </p>
   </div>
   <div class='ocr_carea' id='block_1_8' title="bbox 548 1005 2136 1086">
    <p class='ocr_par' dir='ltr' id='par_1_8' title="bbox 548 1005 2136 1086">
     <span class='ocr_line' id='line_1_8' title="bbox 548 1005 2136 1086; baseline -0.001 -22"><span class='ocrx_word' id='word_1_51' title='bbox 548 1012 712 1086; x_wconf 85' lang='grc' dir='ltr'>νηρόν</span> <span class='ocrx_word' id='word_1_52' title='bbox 754 1031 808 1068; x_wconf 89' lang='grc' dir='ltr'>τι</span> <span class='ocrx_word' id='word_1_53' title='bbox 849 1015 1084 1085; x_wconf 82' lang='grc' dir='ltr'>πρᾶγμα</span> <span class='ocrx_word' id='word_1_54' title='bbox 1131 1013 1227 1068; x_wconf 76' lang='grc' dir='ltr'>καὶ</span> <span class='ocrx_word' id='word_1_55' title='bbox 1277 1011 1654 1084; x_wconf 81' lang='grc' dir='ltr'>πλημμελείας</span> <span class='ocrx_word' id='word_1_56' title='bbox 1695 1011 1895 1080; x_wconf 86' lang='grc' dir='ltr'>γέμον·</span> <span class='ocrx_word' id='word_1_57' title='bbox 1946 1011 1998 1063; x_wconf 91' lang='grc' dir='ltr'>τί</span> <span class='ocrx_word' id='word_1_58' title='bbox 2043 1005 2136 1063; x_wconf 77' lang='grc' dir='ltr'>οὖν</span> 
     </span>
    </p>
   </div>
   <div class='ocr_carea' id='block_1_9' title="bbox 547 1097 2138 1174">
    <p class='ocr_par' dir='ltr' id='par_1_9' title="bbox 547 1097 2138 1174">
     <span class='ocr_line' id='line_1_9' title="bbox 547 1097 2138 1174; baseline -0.006 -17"><span class='ocrx_word' id='word_1_59' title='bbox 547 1105 577 1157; x_wconf 89' lang='lat'>0</span> <span class='ocrx_word' id='word_1_60' title='bbox 617 1101 853 1174; x_wconf 78' lang='grc' dir='ltr'>χρηστὸς</span> <span class='ocrx_word' id='word_1_61' title='bbox 896 1100 1110 1171; x_wconf 76' lang='grc' dir='ltr'>ἰδιώτης</span> <span class='ocrx_word' id='word_1_62' title='bbox 1155 1101 1249 1155; x_wconf 76' lang='grc' dir='ltr'>καὶ</span> <span class='ocrx_word' id='word_1_63' title='bbox 1282 1101 1551 1172; x_wconf 86' lang='grc' dir='ltr'>ύπήκοος;</span> <span class='ocrx_word' id='word_1_64' title='bbox 1584 1099 1658 1151; x_wconf 82' lang='grc' dir='ltr'>Ού</span> <span class='ocrx_word' id='word_1_65' title='bbox 1708 1099 1866 1168; x_wconf 91' lang='grc' dir='ltr'>μόνον</span> <span class='ocrx_word' id='word_1_66' title='bbox 1911 1098 2012 1151; x_wconf 91' lang='grc' dir='ltr'>ούκ</span> <span class='ocrx_word' id='word_1_67' title='bbox 2059 1097 2138 1150; x_wconf 83' lang='grc' dir='ltr'>εί-</span> 
     </span>
    </p>
   </div>
   <div class='ocr_carea' id='block_1_10' title="bbox 554 1185 2136 1259">
    <p class='ocr_par' dir='ltr' id='par_1_10' title="bbox 554 1185 2136 1259">
     <span class='ocr_line' id='line_1_10' title="bbox 554 1185 2136 1259; baseline -0.003 -17"><span class='ocrx_word' id='word_1_68' title='bbox 554 1189 656 1256; x_wconf 80' lang='grc' dir='ltr'>ξει,</span> <span class='ocrx_word' id='word_1_69' title='bbox 679 1188 800 1243; x_wconf 84' lang='grc' dir='ltr'>ούδέ</span> <span class='ocrx_word' id='word_1_70' title='bbox 832 1187 1221 1250; x_wconf 77' lang='grc' dir='ltr'>ὑπακούσεται,</span> <span class='ocrx_word' id='word_1_71' title='bbox 1248 1187 1383 1241; x_wconf 90' lang='grc' dir='ltr'>ἀλλά</span> <span class='ocrx_word' id='word_1_72' title='bbox 1418 1187 1737 1259; x_wconf 89' lang='grc' dir='ltr'>πειράσεται</span> <span class='ocrx_word' id='word_1_73' title='bbox 1769 1186 1865 1239; x_wconf 70' lang='grc' dir='ltr'>καὶ</span> <span class='ocrx_word' id='word_1_74' title='bbox 1897 1185 1986 1239; x_wconf 81' lang='grc' dir='ltr'>τὸν</span> <span class='ocrx_word' id='word_1_75' title='bbox 2017 1187 2136 1239; x_wconf 86' lang='grc' dir='ltr'>ἐπι-</span> 
     </span>
    </p>
   </div>
   <div class='ocr_carea' id='block_1_11' title="bbox 547 1272 2137 1346">
    <p class='ocr_par' dir='ltr' id='par_1_11' title="bbox 547 1272 2137 1346">
     <span class='ocr_line' id='line_1_11' title="bbox 547 1272 2137 1346; baseline -0.002 -18"><span class='ocrx_word' id='word_1_76' title='bbox 547 1276 811 1330; x_wconf 78' lang='grc' dir='ltr'>τάττοντα</span> <span class='ocrx_word' id='word_1_77' title='bbox 859 1277 1170 1345; x_wconf 80' lang='grc' dir='ltr'>ἀπαγαγεῖν</span> <span class='ocrx_word' id='word_1_78' title='bbox 1204 1274 1296 1329; x_wconf 87' lang='grc' dir='ltr'>τοῦ</span> <span class='ocrx_word' id='word_1_79' title='bbox 1354 1275 1741 1346; x_wconf 77' lang='grc' dir='ltr'>προκειμένου,</span> <span class='ocrx_word' id='word_1_80' title='bbox 1777 1273 1882 1328; x_wconf 79' lang='grc' dir='ltr'>κᾶν</span> <span class='ocrx_word' id='word_1_81' title='bbox 1930 1272 2137 1326; x_wconf 84' lang='grc' dir='ltr'>ἀποθα-</span> 
     </span>
    </p>
   </div>
   <div class='ocr_carea' id='block_1_12' title="bbox 547 1359 2136 1437">
    <p class='ocr_par' dir='ltr' id='par_1_12' title="bbox 547 1359 2136 1437">
     <span class='ocr_line' id='line_1_12' title="bbox 547 1359 2136 1437; baseline -0.001 -21"><span class='ocrx_word' id='word_1_82' title='bbox 547 1367 658 1417; x_wconf 82' lang='grc' dir='ltr'>νεῖν</span> <span class='ocrx_word' id='word_1_83' title='bbox 686 1363 802 1437; x_wconf 75' lang='grc' dir='ltr'>δέῃ.</span> <span class='ocrx_word' id='word_1_84' title='bbox 832 1364 928 1428; x_wconf 89' lang='grc' dir='ltr'>Τίς</span> <span class='ocrx_word' id='word_1_85' title='bbox 952 1359 1044 1418; x_wconf 79' lang='grc' dir='ltr'>οὖν</span> <span class='ocrx_word' id='word_1_86' title='bbox 1083 1362 1394 1435; x_wconf 87' lang='grc' dir='ltr'>ὲλεύθερος;</span> <span class='ocrx_word' id='word_1_87' title='bbox 1431 1365 1460 1416; x_wconf 92' lang='lat'>0</span> <span class='ocrx_word' id='word_1_88' title='bbox 1495 1362 1662 1415; x_wconf 86' lang='grc' dir='ltr'>ποιῶν</span> <span class='ocrx_word' id='word_1_89' title='bbox 1687 1362 1714 1415; x_wconf 84' lang='grc' dir='ltr'><strong>ὃ</strong></span> <span class='ocrx_word' id='word_1_90' title='bbox 1745 1361 2012 1432; x_wconf 87' lang='grc' dir='ltr'>βούλεται.</span> <span class='ocrx_word' id='word_1_91' title='bbox 2043 1361 2136 1414; x_wconf 55' lang='grc' dir='ltr'>καὶ⁵</span> 
     </span>
    </p>
   </div>
   <div class='ocr_carea' id='block_1_13' title="bbox 552 1445 2135 1519">
    <p class='ocr_par' dir='ltr' id='par_1_13' title="bbox 552 1445 2135 1519">
     <span class='ocr_line' id='line_1_13' title="bbox 552 1445 2135 1519; baseline -0.002 -19"><span class='ocrx_word' id='word_1_92' title='bbox 552 1447 685 1519; x_wconf 85' lang='grc' dir='ltr'>μηδέ</span> <span class='ocrx_word' id='word_1_93' title='bbox 715 1449 807 1501; x_wconf 84' lang='grc' dir='ltr'>τὸν</span> <span class='ocrx_word' id='word_1_94' title='bbox 845 1447 1072 1517; x_wconf 80' lang='grc' dir='ltr'>βασιλέα</span> <span class='ocrx_word' id='word_1_95' title='bbox 1109 1447 1390 1511; x_wconf 83' lang='grc' dir='ltr'>δεδοικώς·</span> <span class='ocrx_word' id='word_1_96' title='bbox 1425 1447 1457 1516; x_wconf 86' lang='grc' dir='ltr'>ἢ</span> <span class='ocrx_word' id='word_1_97' title='bbox 1500 1450 1529 1500; x_wconf 94' lang='lat'>0</span> <span class='ocrx_word' id='word_1_98' title='bbox 1579 1446 1730 1518; x_wconf 85' lang='grc' dir='ltr'>παρά</span> <span class='ocrx_word' id='word_1_99' title='bbox 1765 1445 1860 1500; x_wconf 83' lang='grc' dir='ltr'>τοῦ</span> <span class='ocrx_word' id='word_1_100' title='bbox 1894 1445 2135 1515; x_wconf 80' lang='grc' dir='ltr'>ὑπηκόου</span> 
     </span>
    </p>
   </div>
   <div class='ocr_carea' id='block_1_14' title="bbox 551 1534 2138 1607">
    <p class='ocr_par' dir='ltr' id='par_1_14' title="bbox 551 1534 2138 1607">
     <span class='ocr_line' id='line_1_14' title="bbox 551 1534 2138 1607; baseline -0.001 -19"><span class='ocrx_word' id='word_1_101' title='bbox 551 1535 1102 1606; x_wconf 82' lang='grc' dir='ltr'>καταφρονούμενος;</span> <span class='ocrx_word' id='word_1_102' title='bbox 1145 1536 1258 1589; x_wconf 72' lang='grc' dir='ltr'>Καὶ</span> <span class='ocrx_word' id='word_1_103' title='bbox 1306 1536 1392 1588; x_wconf 80' lang='grc' dir='ltr'>ἵνα</span> <span class='ocrx_word' id='word_1_104' title='bbox 1448 1536 1522 1607; x_wconf 80' lang='grc' dir='ltr'>μὴ</span> <span class='ocrx_word' id='word_1_105' title='bbox 1566 1536 1656 1587; x_wconf 74' lang='grc' dir='ltr'>ἐπὶ</span> <span class='ocrx_word' id='word_1_106' title='bbox 1695 1534 2138 1606; x_wconf 84' lang='grc' dir='ltr'>παραδείγματος</span> 
     </span>
    </p>
   </div>
   <div class='ocr_carea' id='block_1_15' title="bbox 547 1621 2136 1694">
    <p class='ocr_par' dir='ltr' id='par_1_15' title="bbox 547 1621 2136 1694">
     <span class='ocr_line' id='line_1_15' title="bbox 547 1621 2136 1694; baseline -0.001 -18"><span class='ocrx_word' id='word_1_107' title='bbox 547 1623 847 1694; x_wconf 87' lang='grc' dir='ltr'>ἀδιορίστου</span> <span class='ocrx_word' id='word_1_108' title='bbox 889 1623 980 1676; x_wconf 82' lang='grc' dir='ltr'>τὸν</span> <span class='ocrx_word' id='word_1_109' title='bbox 1030 1623 1187 1692; x_wconf 82' lang='grc' dir='ltr'>λόγον</span> <span class='ocrx_word' id='word_1_110' title='bbox 1228 1623 1656 1693; x_wconf 83' lang='grc' dir='ltr'>προαγάγωμεν,</span> <span class='ocrx_word' id='word_1_111' title='bbox 1705 1625 1738 1693; x_wconf 92' lang='grc' dir='ltr'>ή</span> <span class='ocrx_word' id='word_1_112' title='bbox 1785 1621 1878 1675; x_wconf 78' lang='grc' dir='ltr'>τοῦ</span> <span class='ocrx_word' id='word_1_113' title='bbox 1933 1622 2136 1674; x_wconf 85' lang='grc' dir='ltr'>Πεντε-</span> 
     </span>
    </p>
   </div>
   <div class='ocr_carea' id='block_1_16' title="bbox 549 1705 2138 1784">
    <p class='ocr_par' dir='ltr' id='par_1_16' title="bbox 549 1705 2138 1784">
     <span class='ocr_line' id='line_1_16' title="bbox 549 1705 2138 1784; baseline -0.002 -19"><span class='ocrx_word' id='word_1_114' title='bbox 549 1713 659 1784; x_wconf 76' lang='grc' dir='ltr'>ιρρῆ</span> <span class='ocrx_word' id='word_1_115' title='bbox 701 1711 837 1783; x_wconf 84' lang='grc' dir='ltr'>γυνὴ</span> <span class='ocrx_word' id='word_1_116' title='bbox 867 1713 900 1783; x_wconf 82' lang='grc' dir='ltr'>ἡ</span> <span class='ocrx_word' id='word_1_117' title='bbox 938 1711 1213 1780; x_wconf 76' lang='grc' dir='ltr'>Αἰγυπτία</span> <span class='ocrx_word' id='word_1_118' title='bbox 1245 1712 1366 1782; x_wconf 74' lang='grc' dir='ltr'>ούχὶ</span> <span class='ocrx_word' id='word_1_119' title='bbox 1411 1710 1620 1780; x_wconf 74' lang='grc' dir='ltr'>βασιλὶς</span> <span class='ocrx_word' id='word_1_120' title='bbox 1646 1705 1754 1780; x_wconf 81' lang='grc' dir='ltr'>ἦν;</span> <span class='ocrx_word' id='word_1_121' title='bbox 1802 1711 1923 1780; x_wconf 73' lang='grc' dir='ltr'>ούχὶ</span> <span class='ocrx_word' id='word_1_122' title='bbox 1956 1711 2138 1779; x_wconf 86' lang='grc' dir='ltr'>πάσης</span> 
     </span>
    </p>
   </div>
   <div class='ocr_carea' id='block_1_17' title="bbox 548 1795 2136 1872">
    <p class='ocr_par' dir='ltr' id='par_1_17' title="bbox 548 1795 2136 1872">
     <span class='ocr_line' id='line_1_17' title="bbox 548 1795 2136 1872; baseline -0.002 -19"><span class='ocrx_word' id='word_1_123' title='bbox 548 1800 824 1870; x_wconf 79' lang='grc' dir='ltr'>Αίγύπτου</span> <span class='ocrx_word' id='word_1_124' title='bbox 869 1801 1120 1872; x_wconf 75' lang='grc' dir='ltr'>ἐκράτεις</span> <span class='ocrx_word' id='word_1_125' title='bbox 1172 1801 1293 1870; x_wconf 78' lang='grc' dir='ltr'>ούχὶ</span> <span class='ocrx_word' id='word_1_126' title='bbox 1325 1799 1574 1852; x_wconf 84' lang='grc' dir='ltr'>σύνοικον</span> <span class='ocrx_word' id='word_1_127' title='bbox 1616 1795 1728 1870; x_wconf 78' lang='grc' dir='ltr'>εἶχε</span> <span class='ocrx_word' id='word_1_128' title='bbox 1765 1798 2032 1869; x_wconf 72' lang='grc' dir='ltr'>βασιλέας</span> <span class='ocrx_word' id='word_1_129' title='bbox 2075 1798 2136 1850; x_wconf 86' lang='grc' dir='ltr'>ού</span> 
     </span>
    </p>
   </div>
   <div class='ocr_carea' id='block_1_18' title="bbox 549 1884 2136 1960">
    <p class='ocr_par' dir='ltr' id='par_1_18' title="bbox 549 1884 2136 1960">
     <span class='ocr_line' id='line_1_18' title="bbox 549 1884 2136 1960; baseline -0.003 -18"><span class='ocrx_word' id='word_1_130' title='bbox 549 1889 748 1960; x_wconf 83' lang='grc' dir='ltr'>πολλὴν</span> <span class='ocrx_word' id='word_1_131' title='bbox 780 1887 1166 1960; x_wconf 88' lang='grc' dir='ltr'>περιεϐάλλετο</span> <span class='ocrx_word' id='word_1_132' title='bbox 1193 1884 1546 1952; x_wconf 74' lang='grc' dir='ltr'>δυναστείανς</span> <span class='ocrx_word' id='word_1_133' title='bbox 1575 1885 1641 1938; x_wconf 96' lang='grc' dir='ltr'>Τί</span> <span class='ocrx_word' id='word_1_134' title='bbox 1671 1885 1728 1939; x_wconf 91' lang='grc' dir='ltr'>δέ</span> <span class='ocrx_word' id='word_1_135' title='bbox 1751 1886 1779 1938; x_wconf 93' lang='lat'>0</span> <span class='ocrx_word' id='word_1_136' title='bbox 1809 1887 2040 1956; x_wconf 76' lang='grc' dir='ltr'>ἰωσήφ;</span> <span class='ocrx_word' id='word_1_137' title='bbox 2075 1886 2136 1938; x_wconf 90' lang='grc' dir='ltr'>ού</span> 
     </span>
    </p>
   </div>
   <div class='ocr_carea' id='block_1_19' title="bbox 547 1972 2136 2046">
    <p class='ocr_par' dir='ltr' id='par_1_19' title="bbox 547 1972 2136 2046">
     <span class='ocr_line' id='line_1_19' title="bbox 547 1972 2136 2046; baseline -0.003 -16"><span class='ocrx_word' id='word_1_138' title='bbox 547 1977 760 2043; x_wconf 78' lang='grc' dir='ltr'>δοῦλοςς</span> <span class='ocrx_word' id='word_1_139' title='bbox 801 1979 901 2030; x_wconf 86' lang='grc' dir='ltr'>οὐκ</span> <span class='ocrx_word' id='word_1_140' title='bbox 931 1975 1305 2046; x_wconf 85' lang='grc' dir='ltr'>αἰχμάλωτος;</span> <span class='ocrx_word' id='word_1_141' title='bbox 1333 1975 1434 2032; x_wconf 77' lang='grc' dir='ltr'>οὐκ</span> <span class='ocrx_word' id='word_1_142' title='bbox 1463 1972 1855 2045; x_wconf 81' lang='grc' dir='ltr'>ἀργυρώνητος</span> <span class='ocrx_word' id='word_1_143' title='bbox 1886 1975 2136 2044; x_wconf 86' lang='grc' dir='ltr'>οίκέτης;</span> 
     </span>
    </p>
   </div>
   <div class='ocr_carea' id='block_1_20' title="bbox 544 2061 2140 2135">
    <p class='ocr_par' dir='ltr' id='par_1_20' title="bbox 544 2061 2140 2135">
     <span class='ocr_line' id='line_1_20' title="bbox 544 2061 2140 2135; baseline -0.003 -19"><span class='ocrx_word' id='word_1_144' title='bbox 544 2065 605 2116; x_wconf 87' lang='grc' dir='ltr'>ού</span> <span class='ocrx_word' id='word_1_145' title='bbox 658 2065 797 2135; x_wconf 90' lang='grc' dir='ltr'>μετά</span> <span class='ocrx_word' id='word_1_146' title='bbox 852 2065 1031 2134; x_wconf 85' lang='grc' dir='ltr'>πάσης</span> <span class='ocrx_word' id='word_1_147' title='bbox 1077 2064 1178 2134; x_wconf 80' lang='grc' dir='ltr'>τῆς</span> <span class='ocrx_word' id='word_1_148' title='bbox 1231 2061 1596 2132; x_wconf 80' lang='grc' dir='ltr'>παρατάξεως</span> <span class='ocrx_word' id='word_1_149' title='bbox 1644 2061 1813 2130; x_wconf 78' lang='grc' dir='ltr'>αὐτῆς</span> <span class='ocrx_word' id='word_1_150' title='bbox 1861 2061 2140 2113; x_wconf 86' lang='grc' dir='ltr'>ὼπλίσατο</span> 
     </span>
    </p>
   </div>
   <div class='ocr_carea' id='block_1_21' title="bbox 547 2149 2139 2221">
    <p class='ocr_par' dir='ltr' id='par_1_21' title="bbox 547 2149 2139 2221">
     <span class='ocr_line' id='line_1_21' title="bbox 547 2149 2139 2221; baseline -0.003 -15"><span class='ocrx_word' id='word_1_151' title='bbox 547 2152 689 2206; x_wconf 74' lang='grc' dir='ltr'>κατὰ</span> <span class='ocrx_word' id='word_1_152' title='bbox 716 2152 810 2206; x_wconf 81' lang='grc' dir='ltr'>τοῦ</span> <span class='ocrx_word' id='word_1_153' title='bbox 848 2151 1152 2218; x_wconf 84' lang='grc' dir='ltr'>νεανίσκου,</span> <span class='ocrx_word' id='word_1_154' title='bbox 1185 2152 1282 2221; x_wconf 84' lang='grc' dir='ltr'>ούχ</span> <span class='ocrx_word' id='word_1_155' title='bbox 1313 2151 1484 2221; x_wconf 80' lang='grc' dir='ltr'>ἑτέρῳ</span> <span class='ocrx_word' id='word_1_156' title='bbox 1527 2149 1619 2202; x_wconf 72' lang='grc' dir='ltr'>τὸν</span> <span class='ocrx_word' id='word_1_157' title='bbox 1673 2149 1910 2219; x_wconf 89' lang='grc' dir='ltr'>πόλεμον</span> <span class='ocrx_word' id='word_1_158' title='bbox 1957 2149 2139 2218; x_wconf 84' lang='grc' dir='ltr'>ἐγχει-</span> 
     </span>
    </p>
   </div>
   <div class='ocr_carea' id='block_1_22' title="bbox 549 2238 2132 2313">
    <p class='ocr_par' dir='ltr' id='par_1_22' title="bbox 549 2238 2132 2313">
     <span class='ocr_line' id='line_1_22' title="bbox 549 2238 2132 2313; baseline -0.001 -19"><span class='ocrx_word' id='word_1_159' title='bbox 549 2242 782 2312; x_wconf 86' lang='grc' dir='ltr'>ρίσασα,</span> <span class='ocrx_word' id='word_1_160' title='bbox 829 2241 943 2294; x_wconf 79' lang='grc' dir='ltr'>ἀλλ’</span> <span class='ocrx_word' id='word_1_161' title='bbox 989 2242 1127 2313; x_wconf 81' lang='grc' dir='ltr'>αὑτὴ</span> <span class='ocrx_word' id='word_1_162' title='bbox 1165 2243 1300 2312; x_wconf 79' lang='grc' dir='ltr'>πρὸς</span> <span class='ocrx_word' id='word_1_163' title='bbox 1352 2241 1452 2312; x_wconf 84' lang='grc' dir='ltr'>τὴν</span> <span class='ocrx_word' id='word_1_164' title='bbox 1503 2239 1808 2312; x_wconf 80' lang='grc' dir='ltr'>παράταξιν</span> <span class='ocrx_word' id='word_1_165' title='bbox 1861 2238 2132 2306; x_wconf 80' lang='grc' dir='ltr'>ἐλθοῦσα;</span> 
     </span>
    </p>
   </div>
   <div class='ocr_carea' id='block_1_23' title="bbox 545 2325 2138 2402">
    <p class='ocr_par' dir='ltr' id='par_1_23' title="bbox 545 2325 2138 2402">
     <span class='ocr_line' id='line_1_23' title="bbox 545 2325 2138 2402; baseline -0.001 -20"><span class='ocrx_word' id='word_1_166' title='bbox 545 2328 644 2394; x_wconf 87' lang='grc' dir='ltr'>Τίς</span> <span class='ocrx_word' id='word_1_167' title='bbox 690 2326 782 2384; x_wconf 75' lang='grc' dir='ltr'>οὖν</span> <span class='ocrx_word' id='word_1_168' title='bbox 815 2331 872 2383; x_wconf 85' lang='grc' dir='ltr'>ἐν</span> <span class='ocrx_word' id='word_1_169' title='bbox 901 2331 1117 2402; x_wconf 78' lang='grc' dir='ltr'>δουλείᾳ</span> <span class='ocrx_word' id='word_1_170' title='bbox 1149 2330 1269 2383; x_wconf 89' lang='grc' dir='ltr'>τότε</span> <span class='ocrx_word' id='word_1_171' title='bbox 1304 2325 1394 2401; x_wconf 83' lang='grc' dir='ltr'>ἦν,</span> <span class='ocrx_word' id='word_1_172' title='bbox 1436 2331 1521 2393; x_wconf 89' lang='grc' dir='ltr'>τίς</span> <span class='ocrx_word' id='word_1_173' title='bbox 1553 2329 1609 2381; x_wconf 88' lang='grc' dir='ltr'>δέ</span> <span class='ocrx_word' id='word_1_174' title='bbox 1641 2331 1699 2381; x_wconf 87' lang='grc' dir='ltr'>ἐν</span> <span class='ocrx_word' id='word_1_175' title='bbox 1743 2327 2064 2400; x_wconf 69' lang='grc' dir='ltr'>ἐλευθερίας</span> <span class='ocrx_word' id='word_1_176' title='bbox 2104 2329 2138 2399; x_wconf 86' lang='grc' dir='ltr'><strong>ἡ</strong></span> 
     </span>
    </p>
   </div>
   <div class='ocr_carea' id='block_1_24' title="bbox 547 2415 2141 2489">
    <p class='ocr_par' dir='ltr' id='par_1_24' title="bbox 547 2415 2141 2489">
     <span class='ocr_line' id='line_1_24' title="bbox 547 2415 2141 2489; baseline 0.001 -21"><span class='ocrx_word' id='word_1_177' title='bbox 547 2417 793 2488; x_wconf 87' lang='grc' dir='ltr'>δεομένη,</span> <span class='ocrx_word' id='word_1_178' title='bbox 822 2419 918 2472; x_wconf 74' lang='grc' dir='ltr'>καὶ</span> <span class='ocrx_word' id='word_1_179' title='bbox 952 2417 1368 2489; x_wconf 79' lang='grc' dir='ltr'>παρακαλοῦσα,</span> <span class='ocrx_word' id='word_1_180' title='bbox 1392 2420 1487 2470; x_wconf 75' lang='grc' dir='ltr'>καὶ</span> <span class='ocrx_word' id='word_1_181' title='bbox 1517 2415 1857 2479; x_wconf 82' lang='grc' dir='ltr'>ἱκετεύουσα,</span> <span class='ocrx_word' id='word_1_182' title='bbox 1893 2418 1989 2469; x_wconf 73' lang='grc' dir='ltr'>καὶ</span> <span class='ocrx_word' id='word_1_183' title='bbox 2019 2417 2141 2470; x_wconf 81' lang='grc' dir='ltr'>οὐδὲ</span> 
     </span>
    </p>
   </div>
   <div class='ocr_carea' id='block_1_25' title="bbox 549 2507 2143 2578">
    <p class='ocr_par' dir='ltr' id='par_1_25' title="bbox 549 2507 2143 2578">
     <span class='ocr_line' id='line_1_25' title="bbox 549 2507 2143 2578; baseline 0 -18"><span class='ocrx_word' id='word_1_184' title='bbox 549 2507 869 2578; x_wconf 84' lang='grc' dir='ltr'>ἀνθρώπου,</span> <span class='ocrx_word' id='word_1_185' title='bbox 917 2507 1054 2562; x_wconf 89' lang='grc' dir='ltr'>ἀλλά</span> <span class='ocrx_word' id='word_1_186' title='bbox 1107 2507 1478 2578; x_wconf 87' lang='grc' dir='ltr'>πονηροτάτου</span> <span class='ocrx_word' id='word_1_187' title='bbox 1534 2507 1744 2571; x_wconf 89' lang='grc' dir='ltr'>πάθους</span> <span class='ocrx_word' id='word_1_188' title='bbox 1797 2507 2143 2578; x_wconf 75' lang='grc' dir='ltr'>αἰχμάλωτος</span> 
     </span>
    </p>
   </div>
   <div class='ocr_carea' id='block_1_26' title="bbox 548 2593 2144 2666">
    <p class='ocr_par' dir='ltr' id='par_1_26' title="bbox 548 2593 2144 2666">
     <span class='ocr_line' id='line_1_26' title="bbox 548 2593 2144 2666; baseline -0.001 -18"><span class='ocrx_word' id='word_1_189' title='bbox 548 2593 814 2666; x_wconf 85' lang='grc' dir='ltr'>γενομένη</span> <span class='ocrx_word' id='word_1_190' title='bbox 832 2612 844 2625; x_wconf 88' lang='grc'><strong>·</strong></span> <span class='ocrx_word' id='word_1_191' title='bbox 878 2595 910 2666; x_wconf 75' lang='grc' dir='ltr'>ἢ</span> <span class='ocrx_word' id='word_1_192' title='bbox 939 2596 967 2648; x_wconf 97' lang='lat'>0</span> <span class='ocrx_word' id='word_1_193' title='bbox 993 2595 1353 2666; x_wconf 69' lang='grc' dir='ltr'>καταφρονῶν</span> <span class='ocrx_word' id='word_1_194' title='bbox 1379 2597 1474 2648; x_wconf 65' lang='grc' dir='ltr'>καὶ</span> <span class='ocrx_word' id='word_1_195' title='bbox 1503 2594 1857 2666; x_wconf 84' lang='grc' dir='ltr'>διαδήματος,</span> <span class='ocrx_word' id='word_1_196' title='bbox 1890 2595 1987 2648; x_wconf 73' lang='grc' dir='ltr'>καὶ</span> <span class='ocrx_word' id='word_1_197' title='bbox 2019 2596 2144 2666; x_wconf 85' lang='grc' dir='ltr'>σκή-</span> 
     </span>
    </p>
   </div>
   <div class='ocr_carea' id='block_1_27' title="bbox 550 2681 2144 2754">
    <p class='ocr_par' dir='ltr' id='par_1_27' title="bbox 550 2681 2144 2754">
     <span class='ocr_line' id='line_1_27' title="bbox 550 2681 2144 2754; baseline -0.002 -17"><span class='ocrx_word' id='word_1_198' title='bbox 550 2700 743 2754; x_wconf 86' lang='grc' dir='ltr'>πτρου,</span> <span class='ocrx_word' id='word_1_199' title='bbox 774 2683 866 2736; x_wconf 71' lang='grc' dir='ltr'>καὶ</span> <span class='ocrx_word' id='word_1_200' title='bbox 901 2681 1237 2752; x_wconf 88' lang='grc' dir='ltr'>ἀλουργίδος,</span> <span class='ocrx_word' id='word_1_201' title='bbox 1287 2684 1382 2735; x_wconf 72' lang='grc' dir='ltr'>καὶ</span> <span class='ocrx_word' id='word_1_202' title='bbox 1428 2682 1528 2751; x_wconf 74' lang='grc' dir='ltr'>τῆς</span> <span class='ocrx_word' id='word_1_203' title='bbox 1578 2683 1880 2750; x_wconf 83' lang='grc' dir='ltr'>φαντασίας</span> <span class='ocrx_word' id='word_1_204' title='bbox 1927 2682 2144 2751; x_wconf 87' lang='grc' dir='ltr'>ἐκείνης</span> 
     </span>
    </p>
   </div>
   <div class='ocr_carea' id='block_1_28' title="bbox 548 2769 2144 2841">
    <p class='ocr_par' dir='ltr' id='par_1_28' title="bbox 548 2769 2144 2841">
     <span class='ocr_line' id='line_1_28' title="bbox 548 2769 2144 2841; baseline -0.001 -18"><span class='ocrx_word' id='word_1_205' title='bbox 548 2771 788 2841; x_wconf 86' lang='grc' dir='ltr'>ἀπάσης.</span> <span class='ocrx_word' id='word_1_206' title='bbox 819 2770 913 2823; x_wconf 74' lang='grc' dir='ltr'>καὶ</span> <span class='ocrx_word' id='word_1_207' title='bbox 941 2769 1264 2824; x_wconf 88' lang='grc' dir='ltr'>ἀνακόπτων</span> <span class='ocrx_word' id='word_1_208' title='bbox 1296 2769 1465 2839; x_wconf 82' lang='grc' dir='ltr'>αὐτῆς</span> <span class='ocrx_word' id='word_1_209' title='bbox 1489 2771 1557 2823; x_wconf 85' lang='grc' dir='ltr'>τά</span> <span class='ocrx_word' id='word_1_210' title='bbox 1595 2770 2000 2841; x_wconf 88' lang='grc' dir='ltr'>μηχανήματα;</span> <span class='ocrx_word' id='word_1_211' title='bbox 2031 2770 2144 2840; x_wconf 89' lang='grc' dir='ltr'>Ούχ</span> 
     </span>
    </p>
   </div>
   <div class='ocr_carea' id='block_1_29' title="bbox 551 2857 2144 2929">
    <p class='ocr_par' dir='ltr' id='par_1_29' title="bbox 551 2857 2144 2929">
     <span class='ocr_line' id='line_1_29' title="bbox 551 2857 2144 2929; baseline 0 -18"><span class='ocrx_word' id='word_1_212' title='bbox 551 2859 585 2928; x_wconf 77' lang='grc' dir='ltr'>ἡ</span> <span class='ocrx_word' id='word_1_213' title='bbox 635 2859 732 2928; x_wconf 84' lang='grc' dir='ltr'>μὲν</span> <span class='ocrx_word' id='word_1_214' title='bbox 785 2857 1002 2927; x_wconf 81' lang='grc' dir='ltr'>ἀπῆλθε</span> <span class='ocrx_word' id='word_1_215' title='bbox 1049 2858 1566 2928; x_wconf 86' lang='grc' dir='ltr'>παρακρουσθεῖσα,</span> <span class='ocrx_word' id='word_1_216' title='bbox 1617 2859 1711 2910; x_wconf 72' lang='grc' dir='ltr'>καὶ</span> <span class='ocrx_word' id='word_1_217' title='bbox 1763 2857 1932 2929; x_wconf 82' lang='grc' dir='ltr'>ἑτέρῳ</span> <span class='ocrx_word' id='word_1_218' title='bbox 1981 2858 2144 2911; x_wconf 86' lang='grc' dir='ltr'>πάλιν</span> 
     </span>
    </p>
   </div>
   <div class='ocr_carea' id='block_1_30' title="bbox 552 2946 2146 3019">
    <p class='ocr_par' dir='ltr' id='par_1_30' title="bbox 552 2946 2146 3019">
     <span class='ocr_line' id='line_1_30' title="bbox 552 2946 2146 3019; baseline 0 -19"><span class='ocrx_word' id='word_1_219' title='bbox 552 2947 712 3002; x_wconf 85' lang='grc' dir='ltr'>πάθει</span> <span class='ocrx_word' id='word_1_220' title='bbox 743 2947 1009 3018; x_wconf 85' lang='grc' dir='ltr'>γενομένη</span> <span class='ocrx_word' id='word_1_221' title='bbox 1041 2946 1227 3018; x_wconf 84' lang='grc' dir='ltr'>δούλη,</span> <span class='ocrx_word' id='word_1_222' title='bbox 1262 2947 1339 3017; x_wconf 81' lang='grc' dir='ltr'>τῷ</span> <span class='ocrx_word' id='word_1_223' title='bbox 1371 2946 1526 3019; x_wconf 83' lang='grc' dir='ltr'>θυμῷ</span> <span class='ocrx_word' id='word_1_224' title='bbox 1559 2946 1636 3017; x_wconf 83' lang='grc' dir='ltr'>τῷ</span> <span class='ocrx_word' id='word_1_225' title='bbox 1665 2947 1865 3016; x_wconf 81' lang='grc' dir='ltr'>ἀλόγῳ,</span> <span class='ocrx_word' id='word_1_226' title='bbox 1901 2951 1966 3018; x_wconf 80' lang='grc' dir='ltr'>τῇ</span> <span class='ocrx_word' id='word_1_227' title='bbox 2000 2965 2146 3018; x_wconf 89' lang='grc' dir='ltr'>μιαι-</span> 
     </span>
    </p>
   </div>
   <div class='ocr_carea' id='block_1_31' title="bbox 551 3033 2144 3107">
    <p class='ocr_par' dir='ltr' id='par_1_31' title="bbox 551 3033 2144 3107">
     <span class='ocr_line' id='line_1_31' title="bbox 551 3033 2144 3107; baseline 0 -18"><span class='ocrx_word' id='word_1_228' title='bbox 551 3035 745 3107; x_wconf 74' lang='grc' dir='ltr'>φονίᾳο</span> <span class='ocrx_word' id='word_1_229' title='bbox 779 3037 808 3089; x_wconf 94' lang='lat'>0</span> <span class='ocrx_word' id='word_1_230' title='bbox 836 3035 892 3089; x_wconf 84' lang='grc' dir='ltr'>δὲ</span> <span class='ocrx_word' id='word_1_231' title='bbox 923 3033 1114 3105; x_wconf 82' lang='grc' dir='ltr'>ἐξῆλθε</span> <span class='ocrx_word' id='word_1_232' title='bbox 1157 3035 1388 3106; x_wconf 88' lang='grc' dir='ltr'>μυρίους</span> <span class='ocrx_word' id='word_1_233' title='bbox 1434 3036 1734 3104; x_wconf 83' lang='grc' dir='ltr'>στεφάνους</span> <span class='ocrx_word' id='word_1_234' title='bbox 1771 3037 1865 3088; x_wconf 87' lang='grc' dir='ltr'>ἐπί</span> <span class='ocrx_word' id='word_1_235' title='bbox 1903 3035 2005 3104; x_wconf 85' lang='grc' dir='ltr'>τῆς</span> <span class='ocrx_word' id='word_1_236' title='bbox 2049 3053 2144 3089; x_wconf 87' lang='grc' dir='ltr'>κε-</span> 
     </span>
    </p>
   </div>
   <div class='ocr_carea' id='block_1_32' title="bbox 551 3122 2144 3196">
    <p class='ocr_par' dir='ltr' id='par_1_32' title="bbox 551 3122 2144 3196">
     <span class='ocr_line' id='line_1_32' title="bbox 551 3122 2144 3196; baseline -0.001 -18"><span class='ocrx_word' id='word_1_237' title='bbox 551 3125 734 3194; x_wconf 80' lang='grc' dir='ltr'>φαλῆς</span> <span class='ocrx_word' id='word_1_238' title='bbox 761 3123 920 3195; x_wconf 83' lang='grc' dir='ltr'>έχων,</span> <span class='ocrx_word' id='word_1_239' title='bbox 952 3124 1047 3178; x_wconf 65' lang='grc' dir='ltr'>κοιλ⁸</span> <span class='ocrx_word' id='word_1_240' title='bbox 1086 3123 1145 3175; x_wconf 88' lang='grc' dir='ltr'>ἐν</span> <span class='ocrx_word' id='word_1_241' title='bbox 1175 3124 1313 3194; x_wconf 87' lang='grc' dir='ltr'>αύτῇ</span> <span class='ocrx_word' id='word_1_242' title='bbox 1344 3126 1410 3195; x_wconf 82' lang='grc' dir='ltr'>τῇ</span> <span class='ocrx_word' id='word_1_243' title='bbox 1441 3122 1656 3195; x_wconf 81' lang='grc' dir='ltr'>δουλείᾳ</span> <span class='ocrx_word' id='word_1_244' title='bbox 1699 3123 1798 3194; x_wconf 80' lang='grc' dir='ltr'>τὴν</span> <span class='ocrx_word' id='word_1_245' title='bbox 1831 3123 2144 3196; x_wconf 75' lang='grc' dir='ltr'>ἐλευθερίαν</span> 
     </span>
    </p>
   </div>
   <div class='ocr_carea' id='block_1_33' title="bbox 554 3210 1537 3282">
    <p class='ocr_par' dir='ltr' id='par_1_33' title="bbox 554 3210 1537 3282">
     <span class='ocr_line' id='line_1_33' title="bbox 554 3210 1537 3282; baseline 0 -18"><span class='ocrx_word' id='word_1_246' title='bbox 554 3210 819 3282; x_wconf 78' lang='grc' dir='ltr'>μειζόνως</span> <span class='ocrx_word' id='word_1_247' title='bbox 843 3211 1255 3281; x_wconf 85' lang='grc' dir='ltr'>διαλάμπουσαν</span> <span class='ocrx_word' id='word_1_248' title='bbox 1288 3210 1502 3273; x_wconf 86' lang='grc' dir='ltr'>δεικνύς</span> <span class='ocrx_word' id='word_1_249' title='bbox 1523 3227 1537 3275; x_wconf 89' lang='grc'>;</span> 
     </span>
    </p>
   </div>
   <div class='ocr_carea' id='block_1_34' title="bbox 627 3319 2147 3392">
    <p class='ocr_par' dir='ltr' id='par_1_34' title="bbox 627 3319 2147 3392">
     <span class='ocr_line' id='line_1_34' title="bbox 627 3319 2147 3392; baseline 0 -18"><span class='ocrx_word' id='word_1_250' title='bbox 627 3321 682 3374; x_wconf 84' lang='grc' dir='ltr'>ι’.</span> <span class='ocrx_word' id='word_1_251' title='bbox 703 3320 869 3375; x_wconf 81' lang='grc' dir='ltr'>οὐδὲν</span> <span class='ocrx_word' id='word_1_252' title='bbox 888 3321 998 3392; x_wconf 85' lang='grc' dir='ltr'>γάρ</span> <span class='ocrx_word' id='word_1_253' title='bbox 1021 3320 1192 3384; x_wconf 87' lang='grc' dir='ltr'>ο⁹ύτως</span> <span class='ocrx_word' id='word_1_254' title='bbox 1220 3319 1506 3391; x_wconf 84' lang='grc' dir='ltr'>ἐλεύθερον</span> <span class='ocrx_word' id='word_1_255' title='bbox 1525 3320 1604 3384; x_wconf 81' lang='grc' dir='ltr'>ὡς</span> <span class='ocrx_word' id='word_1_256' title='bbox 1624 3321 1815 3392; x_wconf 77' lang='grc' dir='ltr'>ἀρετὴ,</span> <span class='ocrx_word' id='word_1_257' title='bbox 1831 3321 1984 3375; x_wconf 78' lang='grc' dir='ltr'>οὐδὲν</span> <span class='ocrx_word' id='word_1_258' title='bbox 2003 3320 2147 3374; x_wconf 78' lang='grc' dir='ltr'>οὕτω</span> 
     </span>
    </p>
   </div>
   <div class='ocr_carea' id='block_1_35' title="bbox 553 3407 2144 3479">
    <p class='ocr_par' dir='ltr' id='par_1_35' title="bbox 553 3407 2144 3479">
     <span class='ocr_line' id='line_1_35' title="bbox 553 3407 2144 3479; baseline 0 -17"><span class='ocrx_word' id='word_1_259' title='bbox 553 3409 737 3462; x_wconf 76' lang='grc' dir='ltr'>δοῦλον</span> <span class='ocrx_word' id='word_1_260' title='bbox 771 3409 847 3472; x_wconf 85' lang='grc' dir='ltr'>ὡς</span> <span class='ocrx_word' id='word_1_261' title='bbox 886 3409 1077 3464; x_wconf 88' lang='grc' dir='ltr'>κακία.</span> <span class='ocrx_word' id='word_1_262' title='bbox 1118 3407 1217 3461; x_wconf 85' lang='grc' dir='ltr'>Διά</span> <span class='ocrx_word' id='word_1_263' title='bbox 1258 3407 1418 3461; x_wconf 79' lang='grc' dir='ltr'>τοῦτο</span> <span class='ocrx_word' id='word_1_264' title='bbox 1448 3409 1543 3462; x_wconf 74' lang='grc' dir='ltr'>καὶ</span> <span class='ocrx_word' id='word_1_265' title='bbox 1586 3407 1820 3478; x_wconf 84' lang='grc' dir='ltr'>ἀλλαχοῦ</span> <span class='ocrx_word' id='word_1_266' title='bbox 1857 3410 1990 3479; x_wconf 85' lang='grc' dir='ltr'>φησί</span> <span class='ocrx_word' id='word_1_267' title='bbox 2029 3427 2144 3473; x_wconf 91' lang='grc' dir='ltr'>τις·</span> 
     </span>
    </p>
   </div>
   <div class='ocr_carea' id='block_1_36' title="bbox 556 3495 2142 3566">
    <p class='ocr_par' dir='ltr' id='par_1_36' title="bbox 556 3495 2142 3566">
     <span class='ocr_line' id='line_1_36' title="bbox 556 3495 2142 3566; baseline 0.001 -15"><span class='ocrx_word' id='word_1_268' title='bbox 556 3496 754 3566; x_wconf 71' lang='grc' dir='ltr'>Σοφὸς</span> <span class='ocrx_word' id='word_1_269' title='bbox 809 3496 1041 3563; x_wconf 72' lang='grc' dir='ltr'>οἰκέτης</span> <span class='ocrx_word' id='word_1_270' title='bbox 1098 3498 1387 3564; x_wconf 82' lang='grc' dir='ltr'>κρατήσει</span> <span class='ocrx_word' id='word_1_271' title='bbox 1456 3495 1771 3550; x_wconf 81' lang='grc' dir='ltr'>δεσποτῶν</span> <span class='ocrx_word' id='word_1_272' title='bbox 1845 3498 2142 3566; x_wconf 71' lang='grc' dir='ltr'>ἀφρόνων.</span> 
     </span>
    </p>
   </div>
   <div class='ocr_carea' id='block_1_37' title="bbox 559 3585 2144 3658">
    <p class='ocr_par' dir='ltr' id='par_1_37' title="bbox 559 3585 2144 3658">
     <span class='ocr_line' id='line_1_37' title="bbox 559 3585 2144 3658; baseline 0.002 -19"><span class='ocrx_word' id='word_1_273' title='bbox 559 3589 776 3658; x_wconf 83' lang='grc' dir='ltr'>’Ὠσπερ</span> <span class='ocrx_word' id='word_1_274' title='bbox 804 3586 914 3656; x_wconf 82' lang='grc' dir='ltr'>γάρ</span> <span class='ocrx_word' id='word_1_275' title='bbox 971 3585 1337 3658; x_wconf 87' lang='grc' dir='ltr'>αἰχμάλωτος,</span> <span class='ocrx_word' id='word_1_276' title='bbox 1392 3586 1495 3640; x_wconf 76' lang='grc' dir='ltr'>κᾶν</span> <span class='ocrx_word' id='word_1_277' title='bbox 1545 3587 1738 3658; x_wconf 82' lang='grc' dir='ltr'>μυρίον</span> <span class='ocrx_word' id='word_1_278' title='bbox 1769 3586 1868 3658; x_wconf 80' lang='grc' dir='ltr'>ἔχῃ</span> <span class='ocrx_word' id='word_1_279' title='bbox 1895 3587 2144 3654; x_wconf 80' lang='grc' dir='ltr'>πλοῦτον,</span> 
     </span>
    </p>
   </div>
   <div class='ocr_carea' id='block_1_38' title="bbox 555 3673 2145 3744">
    <p class='ocr_par' dir='ltr' id='par_1_38' title="bbox 555 3673 2145 3744">
     <span class='ocr_line' id='line_1_38' title="bbox 555 3673 2145 3744; baseline 0.001 -17"><span class='ocrx_word' id='word_1_280' title='bbox 555 3676 622 3728; x_wconf 79' lang='grc' dir='ltr'>δι’</span> <span class='ocrx_word' id='word_1_281' title='bbox 657 3675 787 3730; x_wconf 80' lang='grc' dir='ltr'>αὐτὸ</span> <span class='ocrx_word' id='word_1_282' title='bbox 837 3675 994 3728; x_wconf 77' lang='grc' dir='ltr'>τοῦτο</span> <span class='ocrx_word' id='word_1_283' title='bbox 1041 3673 1274 3744; x_wconf 91' lang='grc' dir='ltr'>μάλιστα</span> <span class='ocrx_word' id='word_1_284' title='bbox 1303 3675 1469 3728; x_wconf 80' lang='grc' dir='ltr'>πᾶσίν</span> <span class='ocrx_word' id='word_1_285' title='bbox 1496 3676 1645 3727; x_wconf 79' lang='grc' dir='ltr'>ἐστιν</span> <span class='ocrx_word' id='word_1_286' title='bbox 1678 3675 1968 3739; x_wconf 79' lang='grc' dir='ltr'>εὐάλωτοςο</span> <span class='ocrx_word' id='word_1_287' title='bbox 2004 3675 2145 3730; x_wconf 77' lang='grc' dir='ltr'>οὕτω</span> 
     </span>
    </p>
   </div>
   <div class='ocr_carea' id='block_1_39' title="bbox 555 3766 2148 3839">
    <p class='ocr_par' dir='ltr' id='par_1_39' title="bbox 555 3766 2148 3839">
     <span class='ocr_line' id='line_1_39' title="bbox 555 3766 2148 3839; baseline -0.001 -18"><span class='ocrx_word' id='word_1_288' title='bbox 555 3769 652 3823; x_wconf 61' lang='grc' dir='ltr'>καὶ⁹</span> <span class='ocrx_word' id='word_1_289' title='bbox 683 3772 711 3822; x_wconf 89' lang='lat'>0</span> <span class='ocrx_word' id='word_1_290' title='bbox 745 3767 850 3821; x_wconf 82' lang='grc' dir='ltr'>ὑπὸ</span> <span class='ocrx_word' id='word_1_291' title='bbox 881 3767 991 3820; x_wconf 86' lang='grc' dir='ltr'>τῶν</span> <span class='ocrx_word' id='word_1_292' title='bbox 1035 3766 1224 3821; x_wconf 87' lang='grc' dir='ltr'>παθῶν</span> <span class='ocrx_word' id='word_1_293' title='bbox 1264 3767 1638 3839; x_wconf 80' lang='grc' dir='ltr'>ἁλισκόμενος,</span> <span class='ocrx_word' id='word_1_294' title='bbox 1700 3767 1946 3839; x_wconf 82' lang='grc' dir='ltr'>ἀράχνης</span> <span class='ocrx_word' id='word_1_295' title='bbox 1999 3768 2148 3820; x_wconf 76' lang='grc' dir='ltr'>ἐστὶν</span> 
     </span>
    </p>
   </div>
   <div class='ocr_carea' id='block_1_40' title="bbox 557 3858 2148 3932">
    <p class='ocr_par' dir='ltr' id='par_1_40' title="bbox 557 3858 2148 3932">
     <span class='ocr_line' id='line_1_40' title="bbox 557 3858 2148 3932; baseline -0.001 -18"><span class='ocrx_word' id='word_1_296' title='bbox 557 3861 954 3932; x_wconf 73' lang='grc' dir='ltr'>εὐτελέστερος.</span> <span class='ocrx_word' id='word_1_297' title='bbox 987 3859 1052 3912; x_wconf 90' lang='grc' dir='ltr'>Τί</span> <span class='ocrx_word' id='word_1_298' title='bbox 1076 3860 1132 3913; x_wconf 79' lang='grc' dir='ltr'>δὲ</span> <span class='ocrx_word' id='word_1_299' title='bbox 1156 3861 1212 3913; x_wconf 87' lang='grc' dir='ltr'>ἐν</span> <span class='ocrx_word' id='word_1_300' title='bbox 1241 3859 1497 3931; x_wconf 86' lang='grc' dir='ltr'>πολέμῳ;</span> <span class='ocrx_word' id='word_1_301' title='bbox 1528 3861 1650 3931; x_wconf 71' lang='grc' dir='ltr'>ούχὶ</span> <span class='ocrx_word' id='word_1_302' title='bbox 1675 3860 1899 3924; x_wconf 88' lang='grc' dir='ltr'>τούτους</span> <span class='ocrx_word' id='word_1_303' title='bbox 1928 3858 2148 3931; x_wconf 80' lang='grc' dir='ltr'>ὁρῶμεν</span> 
     </span>
    </p>
   </div>
   <div class='ocr_carea' id='block_1_41' title="bbox 559 3949 2147 4022">
    <p class='ocr_par' dir='ltr' id='par_1_41' title="bbox 559 3949 2147 4022">
     <span class='ocr_line' id='line_1_41' title="bbox 559 3949 2147 4022; baseline 0 -18"><span class='ocrx_word' id='word_1_304' title='bbox 559 3951 926 4022; x_wconf 77' lang='grc' dir='ltr'>κρατούντας;</span> <span class='ocrx_word' id='word_1_305' title='bbox 959 3950 1024 4004; x_wconf 87' lang='grc' dir='ltr'>Τί</span> <span class='ocrx_word' id='word_1_306' title='bbox 1051 3949 1106 4002; x_wconf 79' lang='grc' dir='ltr'>δὲ</span> <span class='ocrx_word' id='word_1_307' title='bbox 1135 3951 1192 4003; x_wconf 87' lang='grc' dir='ltr'>ἐν</span> <span class='ocrx_word' id='word_1_308' title='bbox 1231 3950 1521 4021; x_wconf 86' lang='grc' dir='ltr'>πράγμασι</span> <span class='ocrx_word' id='word_1_309' title='bbox 1559 3952 1654 4003; x_wconf 72' lang='grc' dir='ltr'>καὶ</span> <span class='ocrx_word' id='word_1_310' title='bbox 1693 3951 1941 4019; x_wconf 87' lang='grc' dir='ltr'>βουλαῖς;</span> <span class='ocrx_word' id='word_1_311' title='bbox 1975 3951 2036 4004; x_wconf 88' lang='grc' dir='ltr'>ού</span> <span class='ocrx_word' id='word_1_312' title='bbox 2079 3951 2147 4004; x_wconf 84' lang='grc' dir='ltr'>τά</span> 
     </span>
    </p>
   </div>
   <div class='ocr_carea' id='block_1_42' title="bbox 557 4040 2148 4116">
    <p class='ocr_par' dir='ltr' id='par_1_42' title="bbox 557 4040 2148 4116">
     <span class='ocr_line' id='line_1_42' title="bbox 557 4040 2148 4116; baseline 0.001 -22"><span class='ocrx_word' id='word_1_313' title='bbox 557 4041 762 4094; x_wconf 90' lang='grc' dir='ltr'>τούτων</span> <span class='ocrx_word' id='word_1_314' title='bbox 785 4041 1006 4110; x_wconf 73' lang='grc' dir='ltr'>ἕστηκε,</span> <span class='ocrx_word' id='word_1_315' title='bbox 1034 4040 1138 4094; x_wconf 86' lang='grc' dir='ltr'>κᾶν</span> <span class='ocrx_word' id='word_1_316' title='bbox 1173 4041 1359 4111; x_wconf 86' lang='grc' dir='ltr'>μηδείς</span> <span class='ocrx_word' id='word_1_317' title='bbox 1400 4043 1428 4094; x_wconf 96' lang='lat'>0</span> <span class='ocrx_word' id='word_1_318' title='bbox 1460 4041 1780 4112; x_wconf 84' lang='grc' dir='ltr'>πειθόμενος</span> <span class='ocrx_word' id='word_1_319' title='bbox 1810 4041 1875 4116; x_wconf 80' lang='grc' dir='ltr'>ᾖς</span> <span class='ocrx_word' id='word_1_320' title='bbox 1911 4043 1977 4096; x_wconf 93' lang='grc' dir='ltr'>Τί</span> <span class='ocrx_word' id='word_1_321' title='bbox 2007 4043 2064 4097; x_wconf 82' lang='grc' dir='ltr'>δὲ</span> <span class='ocrx_word' id='word_1_322' title='bbox 2087 4045 2148 4096; x_wconf 84' lang='grc' dir='ltr'>ὲν</span> 
     </span>
    </p>
   </div>
   <div class='ocr_carea' id='block_1_43' title="bbox 558 4131 2149 4206">
    <p class='ocr_par' dir='ltr' id='par_1_43' title="bbox 558 4131 2149 4206">
     <span class='ocr_line' id='line_1_43' title="bbox 558 4131 2149 4206; baseline 0.003 -21"><span class='ocrx_word' id='word_1_323' title='bbox 558 4135 674 4196; x_wconf 86' lang='grc' dir='ltr'>τοῖς</span> <span class='ocrx_word' id='word_1_324' title='bbox 703 4131 840 4203; x_wconf 87' lang='grc' dir='ltr'>μετά</span> <span class='ocrx_word' id='word_1_325' title='bbox 870 4133 1075 4197; x_wconf 59' lang='lat' dir='ltr'>mina;</span> <span class='ocrx_word' id='word_1_326' title='bbox 1106 4133 1204 4202; x_wconf 83' lang='grc' dir='ltr'>ούχ</span> <span class='ocrx_word' id='word_1_327' title='bbox 1235 4133 1262 4184; x_wconf 92' lang='lat'>0</span> <span class='ocrx_word' id='word_1_328' title='bbox 1287 4133 1383 4201; x_wconf 80' lang='grc' dir='ltr'>μὲν</span> <span class='ocrx_word' id='word_1_329' title='bbox 1406 4131 1679 4196; x_wconf 86' lang='grc' dir='ltr'>πλούσιος,</span> <span class='ocrx_word' id='word_1_330' title='bbox 1699 4135 1951 4206; x_wconf 89' lang='grc' dir='ltr'>καθάπερ</span> <span class='ocrx_word' id='word_1_331' title='bbox 1981 4152 2149 4206; x_wconf 89' lang='grc' dir='ltr'>προσ-</span> 
     </span>
    </p>
   </div>
   <div class='ocr_carea' id='block_1_44' title="bbox 561 4221 2149 4294">
    <p class='ocr_par' dir='ltr' id='par_1_44' title="bbox 561 4221 2149 4294">
     <span class='ocr_line' id='line_1_44' title="bbox 561 4221 2149 4294; baseline 0.001 -17"><span class='ocrx_word' id='word_1_332' title='bbox 561 4221 740 4294; x_wconf 86' lang='grc' dir='ltr'>αίτης,</span> <span class='ocrx_word' id='word_1_333' title='bbox 783 4221 1016 4291; x_wconf 86' lang='grc' dir='ltr'>σταγόνα</span> <span class='ocrx_word' id='word_1_334' title='bbox 1045 4221 1188 4292; x_wconf 70' lang='grc' dir='ltr'>ᾔτει,</span> <span class='ocrx_word' id='word_1_335' title='bbox 1220 4222 1315 4275; x_wconf 72' lang='grc' dir='ltr'>καὶ</span> <span class='ocrx_word' id='word_1_336' title='bbox 1352 4222 1453 4275; x_wconf 82' lang='grc' dir='ltr'>οὐκ</span> <span class='ocrx_word' id='word_1_337' title='bbox 1483 4223 1881 4292; x_wconf 82' lang='grc' dir='ltr'>ἐπετύγχανεν;</span> <span class='ocrx_word' id='word_1_338' title='bbox 1907 4226 1935 4276; x_wconf 94' lang='lat'>0</span> <span class='ocrx_word' id='word_1_339' title='bbox 1959 4225 2016 4277; x_wconf 85' lang='grc' dir='ltr'>δὲ</span> <span class='ocrx_word' id='word_1_340' title='bbox 2051 4225 2149 4278; x_wconf 88' lang='grc' dir='ltr'>πέ-</span> 
     </span>
    </p>
   </div>
   <div class='ocr_carea' id='block_1_45' title="bbox 561 4309 2148 4386">
    <p class='ocr_par' dir='ltr' id='par_1_45' title="bbox 561 4309 2148 4386">
     <span class='ocr_line' id='line_1_45' title="bbox 561 4309 2148 4386; baseline 0.001 -19"><span class='ocrx_word' id='word_1_341' title='bbox 561 4329 680 4386; x_wconf 87' lang='grc' dir='ltr'>νης,</span> <span class='ocrx_word' id='word_1_342' title='bbox 706 4311 895 4384; x_wconf 83' lang='grc' dir='ltr'>ἐπειδὴ</span> <span class='ocrx_word' id='word_1_343' title='bbox 935 4312 1222 4375; x_wconf 88' lang='grc' dir='ltr'>σπουδαῖος</span> <span class='ocrx_word' id='word_1_344' title='bbox 1251 4312 1346 4364; x_wconf 73' lang='grc' dir='ltr'>καὶ</span> <span class='ocrx_word' id='word_1_345' title='bbox 1382 4312 1634 4382; x_wconf 75' lang='grc' dir='ltr'>ἐνάρετος</span> <span class='ocrx_word' id='word_1_346' title='bbox 1659 4309 1748 4382; x_wconf 80' lang='grc' dir='ltr'>ἦν,</span> <span class='ocrx_word' id='word_1_347' title='bbox 1777 4315 1877 4367; x_wconf 82' lang='grc' dir='ltr'>οὐκ</span> <span class='ocrx_word' id='word_1_348' title='bbox 1905 4315 1964 4367; x_wconf 85' lang='grc' dir='ltr'>ἐν</span> <span class='ocrx_word' id='word_1_349' title='bbox 1993 4317 2148 4385; x_wconf 90' lang='grc' dir='ltr'>μεγί-</span> 
     </span>
    </p>
   </div>
   <div class='ocr_carea' id='block_1_46' title="bbox 564 4401 2145 4480">
    <p class='ocr_par' dir='ltr' id='par_1_46' title="bbox 564 4401 2145 4480">
     <span class='ocr_line' id='line_1_46' title="bbox 564 4401 2145 4480; baseline 0.001 -19"><span class='ocrx_word' id='word_1_350' title='bbox 564 4423 666 4480; x_wconf 80' lang='grc' dir='ltr'>στῃ</span> <span class='ocrx_word' id='word_1_351' title='bbox 683 4405 962 4480; x_wconf 77' lang='grc' dir='ltr'>εὐπραγίᾳ</span> <span class='ocrx_word' id='word_1_352' title='bbox 983 4401 1188 4478; x_wconf 75' lang='grc' dir='ltr'>ἦν,τὴν</span> <span class='ocrx_word' id='word_1_353' title='bbox 1218 4405 1386 4476; x_wconf 77' lang='grc' dir='ltr'>αὐτὴν</span> <span class='ocrx_word' id='word_1_354' title='bbox 1419 4406 1498 4478; x_wconf 81' lang='grc' dir='ltr'>τῷ</span> <span class='ocrx_word' id='word_1_355' title='bbox 1527 4406 1779 4478; x_wconf 83' lang='grc' dir='ltr'>Ἀϐραάμ</span> <span class='ocrx_word' id='word_1_356' title='bbox 1800 4405 1952 4478; x_wconf 79' lang='grc' dir='ltr'>λῆξιν</span> <span class='ocrx_word' id='word_1_357' title='bbox 1977 4409 2145 4479; x_wconf 82' lang='grc' dir='ltr'>ἐχων;</span> 
     </span>
    </p>
   </div>
   <div class='ocr_carea' id='block_1_47' title="bbox 559 4494 2146 4568">
    <p class='ocr_par' dir='ltr' id='par_1_47' title="bbox 559 4494 2146 4568">
     <span class='ocr_line' id='line_1_47' title="bbox 559 4494 2146 4568; baseline 0 -18"><span class='ocrx_word' id='word_1_358' title='bbox 559 4495 717 4568; x_wconf 69' lang='grc'>[220]</span> <span class='ocrx_word' id='word_1_359' title='bbox 745 4495 811 4548; x_wconf 89' lang='grc' dir='ltr'>Τί</span> <span class='ocrx_word' id='word_1_360' title='bbox 843 4495 900 4548; x_wconf 80' lang='grc' dir='ltr'>δὲ</span> <span class='ocrx_word' id='word_1_361' title='bbox 926 4495 1020 4548; x_wconf 72' lang='grc' dir='ltr'>ἐπὶ</span> <span class='ocrx_word' id='word_1_362' title='bbox 1068 4494 1177 4548; x_wconf 89' lang='grc' dir='ltr'>τῶν</span> <span class='ocrx_word' id='word_1_363' title='bbox 1225 4494 1569 4560; x_wconf 85' lang='grc' dir='ltr'>ἀποστόλων;</span> <span class='ocrx_word' id='word_1_364' title='bbox 1619 4495 1738 4566; x_wconf 81' lang='grc' dir='ltr'>ούχὶ</span> <span class='ocrx_word' id='word_1_365' title='bbox 1764 4495 2146 4568; x_wconf 82' lang='grc' dir='ltr'>δεσμούμενοι,</span> 
     </span>
    </p>
   </div>
   <div class='ocr_carea' id='block_1_48' title="bbox 566 4583 2147 4654">
    <p class='ocr_par' dir='ltr' id='par_1_48' title="bbox 566 4583 2147 4654">
     <span class='ocr_line' id='line_1_48' title="bbox 566 4583 2147 4654; baseline 0.002 -16"><span class='ocrx_word' id='word_1_366' title='bbox 566 4585 1009 4654; x_wconf 82' lang='grc' dir='ltr'>μαστιγούμενοι,</span> <span class='ocrx_word' id='word_1_367' title='bbox 1066 4583 1236 4654; x_wconf 87' lang='grc' dir='ltr'>μυρία</span> <span class='ocrx_word' id='word_1_368' title='bbox 1283 4584 1584 4653; x_wconf 88' lang='grc' dir='ltr'>πάσχοντες</span> <span class='ocrx_word' id='word_1_369' title='bbox 1616 4583 1785 4646; x_wconf 83' lang='grc' dir='ltr'>δεινά,</span> <span class='ocrx_word' id='word_1_370' title='bbox 1823 4584 1932 4637; x_wconf 90' lang='grc' dir='ltr'>τῶν</span> <span class='ocrx_word' id='word_1_371' title='bbox 1975 4587 2147 4641; x_wconf 84' lang='grc' dir='ltr'>ταῦτα</span> 
     </span>
    </p>
   </div>
   <div class='ocr_carea' id='block_1_49' title="bbox 567 4669 2150 4744">
    <p class='ocr_par' dir='ltr' id='par_1_49' title="bbox 567 4669 2150 4744">
     <span class='ocr_line' id='line_1_49' title="bbox 567 4669 2150 4744; baseline 0.001 -20"><span class='ocrx_word' id='word_1_372' title='bbox 567 4671 862 4726; x_wconf 78' lang='grc' dir='ltr'>ποιούντων</span> <span class='ocrx_word' id='word_1_373' title='bbox 889 4671 1286 4742; x_wconf 88' lang='grc' dir='ltr'>περιεγίνοντο;</span> <span class='ocrx_word' id='word_1_374' title='bbox 1323 4671 1604 4742; x_wconf 81' lang='grc' dir='ltr'>Ἐννόησον</span> <span class='ocrx_word' id='word_1_375' title='bbox 1636 4669 1768 4738; x_wconf 79' lang='grc' dir='ltr'>γοῦν</span> <span class='ocrx_word' id='word_1_376' title='bbox 1787 4673 1866 4736; x_wconf 85' lang='grc' dir='ltr'>εἰς</span> <span class='ocrx_word' id='word_1_377' title='bbox 1893 4673 2023 4744; x_wconf 85' lang='grc' dir='ltr'>ὅσην</span> <span class='ocrx_word' id='word_1_378' title='bbox 2051 4674 2150 4728; x_wconf 84' lang='grc' dir='ltr'>αύ-</span> 
     </span>
    </p>
   </div>
   <div class='ocr_carea' id='block_1_50' title="bbox 562 4757 2147 4828">
    <p class='ocr_par' dir='ltr' id='par_1_50' title="bbox 562 4757 2147 4828">
     <span class='ocr_line' id='line_1_50' title="bbox 562 4757 2147 4828; baseline 0.001 -16"><span class='ocrx_word' id='word_1_379' title='bbox 562 4759 692 4821; x_wconf 79' lang='grc' dir='ltr'>τοὺς</span> <span class='ocrx_word' id='word_1_380' title='bbox 731 4757 962 4827; x_wconf 80' lang='grc' dir='ltr'>ἀπορίαν</span> <span class='ocrx_word' id='word_1_381' title='bbox 993 4757 1268 4822; x_wconf 85' lang='grc' dir='ltr'>ἐνέϐαλον,</span> <span class='ocrx_word' id='word_1_382' title='bbox 1288 4758 1364 4819; x_wconf 80' lang='grc' dir='ltr'>ὡς</span> <span class='ocrx_word' id='word_1_383' title='bbox 1385 4757 1624 4821; x_wconf 76' lang='grc' dir='ltr'>ἐκείνους</span> <span class='ocrx_word' id='word_1_384' title='bbox 1665 4757 1861 4828; x_wconf 85' lang='grc' dir='ltr'>λέγειν·</span> <span class='ocrx_word' id='word_1_385' title='bbox 1897 4760 1960 4812; x_wconf 83' lang='grc' dir='ltr'>Τί</span> <span class='ocrx_word' id='word_1_386' title='bbox 1977 4760 2147 4828; x_wconf 82' lang='grc' dir='ltr'>ποιή-</span> 
     </span>
    </p>
   </div>
   <div class='ocr_carea' id='block_1_51' title="bbox 563 4845 2146 4918">
    <p class='ocr_par' dir='ltr' id='par_1_51' title="bbox 563 4845 2146 4918">
     <span class='ocr_line' id='line_1_51' title="bbox 563 4845 2146 4918; baseline 0.001 -18"><span class='ocrx_word' id='word_1_387' title='bbox 563 4861 758 4916; x_wconf 84' lang='grc' dir='ltr'>σομεν</span> <span class='ocrx_word' id='word_1_388' title='bbox 778 4845 901 4912; x_wconf 83' lang='grc' dir='ltr'>τοῖς</span> <span class='ocrx_word' id='word_1_389' title='bbox 929 4845 1263 4913; x_wconf 79' lang='grc' dir='ltr'>ἀνθρώποις</span> <span class='ocrx_word' id='word_1_390' title='bbox 1292 4846 1558 4912; x_wconf 79' lang='grc' dir='ltr'>τούτοις;</span> <span class='ocrx_word' id='word_1_391' title='bbox 1595 4847 1788 4900; x_wconf 85' lang='grc' dir='ltr'>Καίτοι</span> <span class='ocrx_word' id='word_1_392' title='bbox 1829 4847 2146 4918; x_wconf 78' lang='grc' dir='ltr'>δεδεμένους</span> 
     </span>
    </p>
   </div>
   <div class='ocr_carea' id='block_1_52' title="bbox 565 4929 2147 5006">
    <p class='ocr_par' dir='ltr' id='par_1_52' title="bbox 565 4929 2147 5006">
     <span class='ocr_line' id='line_1_52' title="bbox 565 4929 2147 5006; baseline 0.003 -20"><span class='ocrx_word' id='word_1_393' title='bbox 565 4929 734 5003; x_wconf 77' lang='grc' dir='ltr'>εἶχον,</span> <span class='ocrx_word' id='word_1_394' title='bbox 761 4933 854 4985; x_wconf 74' lang='grc' dir='ltr'>καὶ</span> <span class='ocrx_word' id='word_1_395' title='bbox 879 4933 936 4985; x_wconf 86' lang='grc' dir='ltr'>ἐν</span> <span class='ocrx_word' id='word_1_396' title='bbox 965 4936 1114 5002; x_wconf 85' lang='grc' dir='ltr'>μέσῳ</span> <span class='ocrx_word' id='word_1_397' title='bbox 1139 4932 1504 5003; x_wconf 78' lang='grc' dir='ltr'>δικαστηρίων</span> <span class='ocrx_word' id='word_1_398' title='bbox 1544 4934 2026 5006; x_wconf 61' lang='grc' dir='ltr'>συνειλημμένους</span> <span class='ocrx_word' id='word_1_399' title='bbox 2049 4938 2147 4991; x_wconf 71' lang='grc' dir='ltr'>καὶ</span> 
     </span>
    </p>
   </div>
   <div class='ocr_carea' id='block_1_53' title="bbox 561 5019 2146 5092">
    <p class='ocr_par' dir='ltr' id='par_1_53' title="bbox 561 5019 2146 5092">
     <span class='ocr_line' id='line_1_53' title="bbox 561 5019 2146 5092; baseline 0.003 -18"><span class='ocrx_word' id='word_1_400' title='bbox 561 5022 615 5074; x_wconf 87' lang='grc' dir='ltr'>οί</span> <span class='ocrx_word' id='word_1_401' title='bbox 659 5021 759 5092; x_wconf 84' lang='grc' dir='ltr'>μὲν</span> <span class='ocrx_word' id='word_1_402' title='bbox 800 5021 859 5075; x_wconf 84' lang='grc' dir='ltr'>ἐν</span> <span class='ocrx_word' id='word_1_403' title='bbox 886 5019 1035 5083; x_wconf 87' lang='grc' dir='ltr'>τάξει</span> <span class='ocrx_word' id='word_1_404' title='bbox 1084 5019 1374 5080; x_wconf 81' lang='grc' dir='ltr'>δικαστῶν,</span> <span class='ocrx_word' id='word_1_405' title='bbox 1431 5021 1526 5073; x_wconf 63' lang='grc' dir='ltr'>καλ¹</span> <span class='ocrx_word' id='word_1_406' title='bbox 1572 5021 1872 5090; x_wconf 83' lang='grc' dir='ltr'>ἀρχόντων,</span> <span class='ocrx_word' id='word_1_407' title='bbox 1906 5025 1957 5076; x_wconf 86' lang='grc' dir='ltr'>οἱ</span> <span class='ocrx_word' id='word_1_408' title='bbox 1993 5025 2050 5078; x_wconf 88' lang='grc' dir='ltr'>δέ</span> <span class='ocrx_word' id='word_1_409' title='bbox 2089 5028 2146 5078; x_wconf 76' lang='grc' dir='ltr'>ἐν</span> 
     </span>
    </p>
   </div>
   <div class='ocr_carea' id='block_1_54' title="bbox 563 5105 2148 5179">
    <p class='ocr_par' dir='ltr' id='par_1_54' title="bbox 563 5105 2148 5179">
     <span class='ocr_line' id='line_1_54' title="bbox 563 5105 2148 5179; baseline -0.004 -17"><span class='ocrx_word' id='word_1_410' title='bbox 563 5109 716 5175; x_wconf 81' lang='grc' dir='ltr'>τάξει</span> <span class='ocrx_word' id='word_1_411' title='bbox 749 5108 1115 5179; x_wconf 84' lang='grc' dir='ltr'>δικαζομένων</span> <span class='ocrx_word' id='word_1_412' title='bbox 1139 5105 1506 5178; x_wconf 75' lang='grc' dir='ltr'>εἱστήκεισαν,</span> <span class='ocrx_word' id='word_1_413' title='bbox 1540 5109 1654 5161; x_wconf 76' lang='grc' dir='ltr'>ἀλλ’</span> <span class='ocrx_word' id='word_1_414' title='bbox 1681 5111 1830 5179; x_wconf 84' lang='grc' dir='ltr'>ὅμως</span> <span class='ocrx_word' id='word_1_415' title='bbox 1861 5106 2009 5164; x_wconf 74' lang='grc' dir='ltr'>οὗτοι</span> <span class='ocrx_word' id='word_1_416' title='bbox 2033 5113 2148 5166; x_wconf 89' lang='grc' dir='ltr'>τού.</span> 
     </span>
    </p>
   </div>
   <div class='ocr_carea' id='block_1_55' title="bbox 563 5195 2147 5268">
    <p class='ocr_par' dir='ltr' id='par_1_55' title="bbox 563 5195 2147 5268">
     <span class='ocr_line' id='line_1_55' title="bbox 563 5195 2147 5268; baseline 0.001 -16"><span class='ocrx_word' id='word_1_417' title='bbox 563 5214 672 5252; x_wconf 87' lang='grc' dir='ltr'>των</span> <span class='ocrx_word' id='word_1_418' title='bbox 701 5197 1033 5268; x_wconf 80' lang='grc' dir='ltr'>ἐκράτησαν.</span> <span class='ocrx_word' id='word_1_419' title='bbox 1055 5196 1166 5249; x_wconf 53' lang='grc' dir='ltr'>Καὶ⁵</span> <span class='ocrx_word' id='word_1_420' title='bbox 1195 5195 1490 5265; x_wconf 80' lang='grc' dir='ltr'>πανταχοῦ,</span> <span class='ocrx_word' id='word_1_421' title='bbox 1518 5197 1570 5249; x_wconf 77' lang='grc' dir='ltr'>εἴ</span> <span class='ocrx_word' id='word_1_422' title='bbox 1593 5214 1676 5259; x_wconf 86' lang='grc' dir='ltr'>τις</span> <span class='ocrx_word' id='word_1_423' title='bbox 1708 5196 1844 5266; x_wconf 83' lang='grc' dir='ltr'>μετά</span> <span class='ocrx_word' id='word_1_424' title='bbox 1862 5198 2147 5268; x_wconf 79' lang='grc' dir='ltr'>ἀκριϐείας</span> 
     </span>
    </p>
   </div>
   <div class='ocr_carea' id='block_1_56' title="bbox 565 5281 2144 5358">
    <p class='ocr_par' dir='ltr' id='par_1_56' title="bbox 565 5281 2144 5358">
     <span class='ocr_line' id='line_1_56' title="bbox 565 5281 2144 5358; baseline 0 -20"><span class='ocrx_word' id='word_1_425' title='bbox 565 5284 771 5349; x_wconf 84' lang='grc' dir='ltr'>ἐπεξίοι</span> <span class='ocrx_word' id='word_1_426' title='bbox 820 5284 899 5354; x_wconf 84' lang='grc' dir='ltr'>τῷ</span> <span class='ocrx_word' id='word_1_427' title='bbox 930 5283 1092 5354; x_wconf 82' lang='grc' dir='ltr'>λόγῳ,</span> <span class='ocrx_word' id='word_1_428' title='bbox 1121 5281 1211 5336; x_wconf 84' lang='grc' dir='ltr'>τὸν</span> <span class='ocrx_word' id='word_1_429' title='bbox 1264 5283 1515 5353; x_wconf 80' lang='grc' dir='ltr'>ἐνάρετον</span> <span class='ocrx_word' id='word_1_430' title='bbox 1553 5282 1740 5352; x_wconf 73' lang='grc' dir='ltr'>ὄψεται</span> <span class='ocrx_word' id='word_1_431' title='bbox 1784 5285 1876 5338; x_wconf 77' lang='grc' dir='ltr'>τοῦ</span> <span class='ocrx_word' id='word_1_432' title='bbox 1907 5288 2144 5358; x_wconf 71' lang='grc' dir='ltr'>πονηροῦ</span> 
     </span>
    </p>
   </div>
   <div class='ocr_carea' id='block_1_57' title="bbox 567 5370 2150 5446">
    <p class='ocr_par' dir='ltr' id='par_1_57' title="bbox 567 5370 2150 5446">
     <span class='ocr_line' id='line_1_57' title="bbox 567 5370 2150 5446; baseline 0.003 -22"><span class='ocrx_word' id='word_1_433' title='bbox 567 5371 896 5443; x_wconf 77' lang='grc' dir='ltr'>κρατοῦντα,</span> <span class='ocrx_word' id='word_1_434' title='bbox 950 5372 1050 5441; x_wconf 84' lang='grc' dir='ltr'>τὴν</span> <span class='ocrx_word' id='word_1_435' title='bbox 1094 5370 1299 5440; x_wconf 87' lang='grc' dir='ltr'>κυρίως</span> <span class='ocrx_word' id='word_1_436' title='bbox 1335 5382 1359 5410; x_wconf 74' lang='grc' dir='ltr'>α</span> <span class='ocrx_word' id='word_1_437' title='bbox 1406 5371 1693 5442; x_wconf 82' lang='grc' dir='ltr'>κράτησιν,</span> <span class='ocrx_word' id='word_1_438' title='bbox 1726 5372 1786 5424; x_wconf 83' lang='grc' dir='ltr'>οὐ</span> <span class='ocrx_word' id='word_1_439' title='bbox 1821 5372 2021 5444; x_wconf 87' lang='grc' dir='ltr'>ταύτην</span> <span class='ocrx_word' id='word_1_440' title='bbox 2048 5377 2150 5446; x_wconf 79' lang='grc' dir='ltr'>τὴν</span> 
     </span>
    </p>
   </div>
   <div class='ocr_carea' id='block_1_58' title="bbox 568 5458 2150 5534">
    <p class='ocr_par' dir='ltr' id='par_1_58' title="bbox 568 5458 2150 5534">
     <span class='ocr_line' id='line_1_58' title="bbox 568 5458 2150 5534; baseline 0.004 -25"><span class='ocrx_word' id='word_1_441' title='bbox 568 5459 675 5512; x_wconf 87' lang='grc' dir='ltr'>τῶν</span> <span class='ocrx_word' id='word_1_442' title='bbox 709 5458 916 5511; x_wconf 83' lang='grc' dir='ltr'>πολλῶν</span> <span class='ocrx_word' id='word_1_443' title='bbox 951 5458 1276 5528; x_wconf 71' lang='grc' dir='ltr'>καὶψευδῆ,</span> <span class='ocrx_word' id='word_1_444' title='bbox 1311 5459 1409 5528; x_wconf 73' lang='grc' dir='ltr'>τὴν</span> <span class='ocrx_word' id='word_1_445' title='bbox 1449 5459 1874 5532; x_wconf 85' lang='grc' dir='ltr'>πεπλανημένην</span> <span class='ocrx_word' id='word_1_446' title='bbox 1908 5462 2004 5514; x_wconf 77' lang='grc' dir='ltr'>καὶ</span> <span class='ocrx_word' id='word_1_447' title='bbox 2051 5465 2150 5534; x_wconf 69' lang='grc' dir='ltr'>ῥα·</span> 
     </span>
    </p>
   </div>
   <div class='ocr_carea' id='block_1_59' title="bbox 568 5542 2149 5618">
    <p class='ocr_par' dir='ltr' id='par_1_59' title="bbox 568 5542 2149 5618">
     <span class='ocr_line' id='line_1_59' title="bbox 568 5542 2149 5618; baseline 0.006 -25"><span class='ocrx_word' id='word_1_448' title='bbox 568 5542 696 5607; x_wconf 86' lang='grc' dir='ltr'>δίως</span> <span class='ocrx_word' id='word_1_449' title='bbox 736 5545 1136 5615; x_wconf 85' lang='grc' dir='ltr'>ἐλεγχομένην,</span> <span class='ocrx_word' id='word_1_450' title='bbox 1173 5545 1288 5597; x_wconf 82' lang='grc' dir='ltr'>ἀλλ’</span> <span class='ocrx_word' id='word_1_451' title='bbox 1316 5545 1532 5615; x_wconf 79' lang='grc' dir='ltr'>ἐκείνην</span> <span class='ocrx_word' id='word_1_452' title='bbox 1571 5546 1671 5618; x_wconf 81' lang='grc' dir='ltr'>τὴν</span> <span class='ocrx_word' id='word_1_453' title='bbox 1705 5552 2020 5618; x_wconf 73' lang='grc' dir='ltr'>πεπηγυῖαν</span> <span class='ocrx_word' id='word_1_454' title='bbox 2057 5551 2149 5602; x_wconf 75' lang='grc' dir='ltr'>καὶ</span> 
     </span>
    </p>
   </div>
   <div class='ocr_carea' id='block_1_60' title="bbox 571 5628 2150 5704">
    <p class='ocr_par' dir='ltr' id='par_1_60' title="bbox 571 5628 2150 5704">
     <span class='ocr_line' id='line_1_60' title="bbox 571 5628 2150 5704; baseline 0.009 -26"><span class='ocrx_word' id='word_1_455' title='bbox 571 5628 844 5699; x_wconf 84' lang='grc' dir='ltr'>ἀκίνητον.</span> <span class='ocrx_word' id='word_1_456' title='bbox 875 5632 985 5684; x_wconf 76' lang='grc' dir='ltr'>Καὶ</span> <span class='ocrx_word' id='word_1_457' title='bbox 1017 5633 1055 5698; x_wconf 74' lang='grc' dir='ltr'>ἡ</span> <span class='ocrx_word' id='word_1_458' title='bbox 1077 5631 1538 5699; x_wconf 65' lang='grc' dir='ltr'>βοτὶθειααύτῶν</span> <span class='ocrx_word' id='word_1_459' title='bbox 1565 5637 2046 5704; x_wconf 68' lang='grc' dir='ltr'>παλαιωϐήσεται</span> <span class='ocrx_word' id='word_1_460' title='bbox 2081 5640 2150 5692; x_wconf 77' lang='grc' dir='ltr'>ἐν</span> 
     </span>
    </p>
   </div>
   <div class='ocr_carea' id='block_1_61' title="bbox 637 5802 1712 5881">
    <p class='ocr_par' dir='ltr' id='par_1_61' title="bbox 637 5802 1712 5881">
     <span class='ocr_line' id='line_1_61' title="bbox 637 5802 1712 5881; baseline 0.013 -30"><span class='ocrx_word' id='word_1_461' title='bbox 637 5802 667 5830; x_wconf 75' lang='grc'>⁸</span> <span class='ocrx_word' id='word_1_462' title='bbox 688 5804 769 5854; x_wconf 80' lang='lat' dir='ltr'>Sic</span> <span class='ocrx_word' id='word_1_463' title='bbox 791 5814 930 5858; x_wconf 75' lang='lat' dir='ltr'>recte</span> <span class='ocrx_word' id='word_1_464' title='bbox 947 5822 1060 5859; x_wconf 88' lang='lat' dir='ltr'>mss.</span> <span class='ocrx_word' id='word_1_465' title='bbox 1089 5817 1141 5859; x_wconf 73' lang='lat' dir='ltr'>et</span> <span class='ocrx_word' id='word_1_466' title='bbox 1167 5810 1314 5861; x_wconf 67' lang='lat' dir='ltr'><strong>Savil.</strong></span> <span class='ocrx_word' id='word_1_467' title='bbox 1343 5814 1512 5865; x_wconf 75' lang='lat' dir='ltr'>Murel.</span> <span class='ocrx_word' id='word_1_468' title='bbox 1536 5817 1712 5881; x_wconf 76' lang='grc' dir='ltr'>κυρίαν.</span> 
     </span>
    </p>
   </div>
   <div class='ocr_carea' id='block_1_62' title="bbox 1189 362 2142 429">
    <p class='ocr_par' dir='ltr' id='par_1_62' title="bbox 1189 362 2105 429">
     <span class='ocr_line' id='line_1_62' title="bbox 1189 362 2105 429; baseline -0.012 -2"><span class='ocrx_word' id='word_1_469' title='bbox 1189 371 1249 429; x_wconf 89' lang='lat' dir='ltr'>S.</span> <span class='ocrx_word' id='word_1_470' title='bbox 1288 368 1574 426; x_wconf 74' lang='lat' dir='ltr'>JOANNIS</span> <span class='ocrx_word' id='word_1_471' title='bbox 1607 362 2105 424; x_wconf 73' lang='lat' dir='ltr'>CIIRYSOSTOMI</span> 
     </span>
    </p>
   </div>
   <div class='ocr_carea' id='block_1_63' title="bbox 2246 362 3058 429">
    <p class='ocr_par' dir='ltr' id='par_1_63' title="bbox 2247 363 3058 427">
     <span class='ocr_line' id='line_1_63' title="bbox 2247 363 3058 427; baseline 0.007 -7"><span class='ocrx_word' id='word_1_472' title='bbox 2247 363 2469 422; x_wconf 76' lang='lat' dir='ltr'>CHIEP.</span> <span class='ocrx_word' id='word_1_473' title='bbox 2511 368 3058 427; x_wconf 74' lang='lat' dir='ltr'>CONSTANTINOP.</span> 
     </span>
    </p>
   </div>
   <div class='ocr_carea' id='block_1_64' title="bbox 3709 363 3811 422">
    <p class='ocr_par' dir='ltr' id='par_1_64' title="bbox 3709 363 3811 422">
     <span class='ocr_line' id='line_1_64' title="bbox 3709 363 3811 422; baseline 0.02 -2"><span class='ocrx_word' id='word_1_474' title='bbox 3709 363 3811 422; x_wconf 76' lang='lat'>9.38</span> 
     </span>
    </p>
   </div>
   <div class='ocr_carea' id='block_1_65' title="bbox 2243 481 3823 555">
    <p class='ocr_par' dir='ltr' id='par_1_65' title="bbox 2243 481 3823 555">
     <span class='ocr_line' id='line_1_65' title="bbox 2243 481 3823 555; baseline -0.001 -21"><span class='ocrx_word' id='word_1_475' title='bbox 2243 481 2320 548; x_wconf 86' lang='grc' dir='ltr'>τῷ</span> <span class='ocrx_word' id='word_1_476' title='bbox 2349 483 2486 552; x_wconf 72' lang='grc' dir='ltr'>ᾷδῃο</span> <span class='ocrx_word' id='word_1_477' title='bbox 2536 487 2831 551; x_wconf 81' lang='grc' dir='ltr'>τουτέστιν,</span> <span class='ocrx_word' id='word_1_478' title='bbox 2885 487 3192 555; x_wconf 62' lang='grc' dir='ltr'>ἀσθενήσει.</span> <span class='ocrx_word' id='word_1_479' title='bbox 3242 487 3308 538; x_wconf 91' lang='grc' dir='ltr'><strong>Ὃ</strong></span> <span class='ocrx_word' id='word_1_480' title='bbox 3347 485 3403 536; x_wconf 86' lang='grc' dir='ltr'>δέ</span> <span class='ocrx_word' id='word_1_481' title='bbox 3434 483 3610 550; x_wconf 84' lang='grc' dir='ltr'>λέγει,</span> <span class='ocrx_word' id='word_1_482' title='bbox 3671 481 3823 534; x_wconf 75' lang='grc' dir='ltr'>τοῦτό</span> 
     </span>
    </p>
   </div>
   <div class='ocr_carea' id='block_1_66' title="bbox 2238 569 3818 646">
    <p class='ocr_par' dir='ltr' id='par_1_66' title="bbox 2238 569 3818 646">
     <span class='ocr_line' id='line_1_66' title="bbox 2238 569 3818 646; baseline -0.002 -22"><span class='ocrx_word' id='word_1_483' title='bbox 2238 573 2411 626; x_wconf 88' lang='grc' dir='ltr'>ἐστιν·</span> <span class='ocrx_word' id='word_1_484' title='bbox 2439 573 2513 627; x_wconf 88' lang='grc' dir='ltr'>Ού</span> <span class='ocrx_word' id='word_1_485' title='bbox 2542 574 2704 645; x_wconf 91' lang='grc' dir='ltr'>μόνον</span> <span class='ocrx_word' id='word_1_486' title='bbox 2727 575 2962 630; x_wconf 77' lang='grc' dir='ltr'>ἐνταῦθα</span> <span class='ocrx_word' id='word_1_487' title='bbox 2985 575 3298 646; x_wconf 84' lang='grc' dir='ltr'>εὐχείρωτοι</span> <span class='ocrx_word' id='word_1_488' title='bbox 3326 573 3564 634; x_wconf 70' lang='grc' dir='ltr'>ἔσονται,</span> <span class='ocrx_word' id='word_1_489' title='bbox 3595 569 3818 640; x_wconf 72' lang='grc' dir='ltr'>μηδενὸς</span> 
     </span>
    </p>
   </div>
   <div class='ocr_carea' id='block_1_67' title="bbox 2238 657 3818 734">
    <p class='ocr_par' dir='ltr' id='par_1_67' title="bbox 2238 657 3818 734">
     <span class='ocr_line' id='line_1_67' title="bbox 2238 657 3818 734; baseline -0.003 -22"><span class='ocrx_word' id='word_1_490' title='bbox 2238 658 2559 728; x_wconf 89' lang='grc' dir='ltr'>άμύνοντος,</span> <span class='ocrx_word' id='word_1_491' title='bbox 2611 660 2837 734; x_wconf 76' lang='grc' dir='ltr'>μηδενὸς</span> <span class='ocrx_word' id='word_1_492' title='bbox 2867 665 3025 734; x_wconf 90' lang='grc' dir='ltr'>χεῖρα</span> <span class='ocrx_word' id='word_1_493' title='bbox 3068 663 3374 733; x_wconf 84' lang='grc' dir='ltr'>ὀρέγοντος,</span> <span class='ocrx_word' id='word_1_494' title='bbox 3419 661 3558 713; x_wconf 76' lang='grc' dir='ltr'>πᾶσι</span> <span class='ocrx_word' id='word_1_495' title='bbox 3596 657 3818 727; x_wconf 85' lang='grc' dir='ltr'>προκεί-</span> 
     </span>
    </p>
   </div>
   <div class='ocr_carea' id='block_1_68' title="bbox 2242 743 3818 821">
    <p class='ocr_par' dir='ltr' id='par_1_68' title="bbox 2242 743 3818 821">
     <span class='ocr_line' id='line_1_68' title="bbox 2242 743 3818 821; baseline -0.003 -21"><span class='ocrx_word' id='word_1_496' title='bbox 2242 765 2414 816; x_wconf 89' lang='grc' dir='ltr'>μενοι,</span> <span class='ocrx_word' id='word_1_497' title='bbox 2471 748 2606 804; x_wconf 88' lang='grc' dir='ltr'>ἀλλά</span> <span class='ocrx_word' id='word_1_498' title='bbox 2637 750 2730 803; x_wconf 72' lang='grc' dir='ltr'>καὶ</span> <span class='ocrx_word' id='word_1_499' title='bbox 2777 751 2837 804; x_wconf 83' lang='grc' dir='ltr'>τὸ</span> <span class='ocrx_word' id='word_1_500' title='bbox 2889 750 3290 821; x_wconf 84' lang='grc' dir='ltr'>χαλεπώτερον,</span> <span class='ocrx_word' id='word_1_501' title='bbox 3322 749 3442 802; x_wconf 84' lang='grc' dir='ltr'>ούδέ</span> <span class='ocrx_word' id='word_1_502' title='bbox 3474 749 3604 799; x_wconf 82' lang='grc' dir='ltr'>ἐκεῖ</span> <span class='ocrx_word' id='word_1_503' title='bbox 3641 743 3818 808; x_wconf 67' lang='grc' dir='ltr'>ἕξουσί</span> 
     </span>
    </p>
   </div>
   <div class='ocr_carea' id='block_1_69' title="bbox 2237 832 3820 908">
    <p class='ocr_par' dir='ltr' id='par_1_69' title="bbox 2237 832 3820 908">
     <span class='ocr_line' id='line_1_69' title="bbox 2237 832 3820 908; baseline 0.008 -21"><span class='ocrx_word' id='word_1_504' title='bbox 2237 851 2358 888; x_wconf 89' lang='grc' dir='ltr'>τινα</span> <span class='ocrx_word' id='word_1_505' title='bbox 2386 835 2480 888; x_wconf 84' lang='grc' dir='ltr'>τὸν</span> <span class='ocrx_word' id='word_1_506' title='bbox 2525 837 2956 908; x_wconf 81' lang='grc' dir='ltr'>παριστάμενον,</span> <span class='ocrx_word' id='word_1_507' title='bbox 3011 839 3105 891; x_wconf 66' lang='grc' dir='ltr'>καὶ</span> <span class='ocrx_word' id='word_1_508' title='bbox 3148 835 3468 907; x_wconf 77' lang='grc' dir='ltr'>βοηθοῦντα.</span> <span class='ocrx_word' id='word_1_509' title='bbox 3529 832 3628 886; x_wconf 77' lang='grc' dir='ltr'>καὶ</span> <span class='ocrx_word' id='word_1_510' title='bbox 3668 833 3820 901; x_wconf 75' lang='grc' dir='ltr'>χεῖρα</span> 
     </span>
    </p>
   </div>
   <div class='ocr_carea' id='block_1_70' title="bbox 2235 919 3816 997">
    <p class='ocr_par' dir='ltr' id='par_1_70' title="bbox 2235 919 3816 997">
     <span class='ocr_line' id='line_1_70' title="bbox 2235 919 3816 997; baseline -0.004 -21"><span class='ocrx_word' id='word_1_511' title='bbox 2235 922 2519 995; x_wconf 84' lang='grc' dir='ltr'>ὀρέγοντα,</span> <span class='ocrx_word' id='word_1_512' title='bbox 2555 925 2648 978; x_wconf 76' lang='grc' dir='ltr'>καὶ</span> <span class='ocrx_word' id='word_1_513' title='bbox 2678 925 3168 997; x_wconf 83' lang='grc' dir='ltr'>παραμυθούμενον</span> <span class='ocrx_word' id='word_1_514' title='bbox 3187 923 3367 978; x_wconf 79' lang='grc' dir='ltr'>αὐτῶν</span> <span class='ocrx_word' id='word_1_515' title='bbox 3396 921 3494 992; x_wconf 71' lang='grc' dir='ltr'>τὴν</span> <span class='ocrx_word' id='word_1_516' title='bbox 3526 919 3816 990; x_wconf 89' lang='grc' dir='ltr'>τιμωρίαν.</span> 
     </span>
    </p>
   </div>
   <div class='ocr_carea' id='block_1_71' title="bbox 2237 1009 3820 1084">
    <p class='ocr_par' dir='ltr' id='par_1_71' title="bbox 2237 1009 3820 1084">
     <span class='ocr_line' id='line_1_71' title="bbox 2237 1009 3820 1084; baseline 0.002 -20"><span class='ocrx_word' id='word_1_517' title='bbox 2237 1011 2394 1064; x_wconf 78' lang='grc' dir='ltr'>Οὕτω</span> <span class='ocrx_word' id='word_1_518' title='bbox 2438 1012 2569 1080; x_wconf 62' lang='grc' dir='ltr'>γοῦν</span> <span class='ocrx_word' id='word_1_519' title='bbox 2613 1011 2736 1066; x_wconf 72' lang='grc' dir='ltr'>οὔτε</span> <span class='ocrx_word' id='word_1_520' title='bbox 2789 1015 2846 1067; x_wconf 86' lang='grc' dir='ltr'>αἱ</span> <span class='ocrx_word' id='word_1_521' title='bbox 2892 1012 3152 1084; x_wconf 87' lang='grc' dir='ltr'>παρθένοι</span> <span class='ocrx_word' id='word_1_522' title='bbox 3199 1013 3252 1065; x_wconf 87' lang='grc' dir='ltr'>αί</span> <span class='ocrx_word' id='word_1_523' title='bbox 3295 1010 3552 1082; x_wconf 83' lang='grc' dir='ltr'>φρόνιμοι</span> <span class='ocrx_word' id='word_1_524' title='bbox 3618 1009 3820 1077; x_wconf 81' lang='grc' dir='ltr'>μωραῖς</span> 
     </span>
    </p>
   </div>
   <div class='ocr_carea' id='block_1_72' title="bbox 2240 1094 3817 1173">
    <p class='ocr_par' dir='ltr' id='par_1_72' title="bbox 2240 1094 3817 1173">
     <span class='ocr_line' id='line_1_72' title="bbox 2240 1094 3817 1173; baseline -0.005 -19"><span class='ocrx_word' id='word_1_525' title='bbox 2240 1099 2504 1172; x_wconf 78' lang='grc' dir='ltr'>βοηθῆσαι</span> <span class='ocrx_word' id='word_1_526' title='bbox 2551 1104 2798 1173; x_wconf 64' lang='grc' dir='ltr'>ἰσχνσαν,</span> <span class='ocrx_word' id='word_1_527' title='bbox 2829 1103 2926 1171; x_wconf 90' lang='grc' dir='ltr'>ούχ</span> <span class='ocrx_word' id='word_1_528' title='bbox 2975 1104 3005 1154; x_wconf 91' lang='grc' dir='ltr'>ὁ</span> <span class='ocrx_word' id='word_1_529' title='bbox 3068 1100 3319 1172; x_wconf 77' lang='grc' dir='ltr'>Ἀϐραάμ</span> <span class='ocrx_word' id='word_1_530' title='bbox 3359 1099 3437 1170; x_wconf 85' lang='grc' dir='ltr'>τῷ</span> <span class='ocrx_word' id='word_1_531' title='bbox 3467 1096 3733 1166; x_wconf 88' lang='grc' dir='ltr'>πλουσίῳ,</span> <span class='ocrx_word' id='word_1_532' title='bbox 3762 1094 3817 1147; x_wconf 84' lang='grc' dir='ltr'>ού</span> 
     </span>
    </p>
   </div>
   <div class='ocr_carea' id='block_1_73' title="bbox 2238 1185 3820 1260">
    <p class='ocr_par' dir='ltr' id='par_1_73' title="bbox 2238 1185 3820 1260">
     <span class='ocr_line' id='line_1_73' title="bbox 2238 1185 3820 1260; baseline -0.002 -19"><span class='ocrx_word' id='word_1_533' title='bbox 2238 1189 2386 1253; x_wconf 87' lang='grc' dir='ltr'>Νῶε,</span> <span class='ocrx_word' id='word_1_534' title='bbox 2421 1191 2516 1244; x_wconf 71' lang='grc' dir='ltr'>καὶ</span> <span class='ocrx_word' id='word_1_535' title='bbox 2552 1190 2694 1255; x_wconf 82' lang='grc' dir='ltr'>Ἰὼϐ,</span> <span class='ocrx_word' id='word_1_536' title='bbox 2720 1191 2814 1244; x_wconf 72' lang='grc' dir='ltr'>καὶ</span> <span class='ocrx_word' id='word_1_537' title='bbox 2849 1189 3065 1260; x_wconf 81' lang='grc' dir='ltr'>Δανιὴλ,</span> <span class='ocrx_word' id='word_1_538' title='bbox 3091 1190 3226 1253; x_wconf 82' lang='grc' dir='ltr'>υἱοῖς</span> <span class='ocrx_word' id='word_1_539' title='bbox 3257 1188 3351 1242; x_wconf 76' lang='grc' dir='ltr'>καὶ</span> <span class='ocrx_word' id='word_1_540' title='bbox 3376 1185 3708 1254; x_wconf 87' lang='grc' dir='ltr'>θυγατράσι.</span> <span class='ocrx_word' id='word_1_541' title='bbox 3751 1185 3820 1238; x_wconf 83' lang='lat' dir='ltr'><strong>T0</strong></span> 
     </span>
    </p>
   </div>
   <div class='ocr_carea' id='block_1_74' title="bbox 2247 1273 3820 1350">
    <p class='ocr_par' dir='ltr' id='par_1_74' title="bbox 2247 1273 3820 1350">
     <span class='ocr_line' id='line_1_74' title="bbox 2247 1273 3820 1350; baseline -0.004 -19"><span class='ocrx_word' id='word_1_542' title='bbox 2247 1279 2376 1350; x_wconf 82' lang='grc' dir='ltr'>γάρ,</span> <span class='ocrx_word' id='word_1_543' title='bbox 2399 1280 2910 1347; x_wconf 76' lang='grc' dir='ltr'>Παλαιωθήσεται,</span> <span class='ocrx_word' id='word_1_544' title='bbox 2944 1278 3232 1347; x_wconf 82' lang='grc' dir='ltr'>ἀσθενήσει</span> <span class='ocrx_word' id='word_1_545' title='bbox 3259 1277 3426 1342; x_wconf 73' lang='grc' dir='ltr'>ἐστὶν,</span> <span class='ocrx_word' id='word_1_546' title='bbox 3450 1273 3820 1342; x_wconf 83' lang='grc' dir='ltr'>ἀφανισθήσε-</span> 
     </span>
    </p>
   </div>
   <div class='ocr_carea' id='block_1_75' title="bbox 2237 1360 3818 1437">
    <p class='ocr_par' dir='ltr' id='par_1_75' title="bbox 2237 1360 3818 1437">
     <span class='ocr_line' id='line_1_75' title="bbox 2237 1360 3818 1437; baseline -0.003 -18"><span class='ocrx_word' id='word_1_547' title='bbox 2237 1381 2346 1420; x_wconf 90' lang='grc' dir='ltr'>ται·</span> <span class='ocrx_word' id='word_1_548' title='bbox 2391 1367 2460 1420; x_wconf 88' lang='grc' dir='ltr'>Τὸ</span> <span class='ocrx_word' id='word_1_549' title='bbox 2489 1367 2598 1437; x_wconf 81' lang='grc' dir='ltr'>γάρ</span> <span class='ocrx_word' id='word_1_550' title='bbox 2628 1367 3076 1435; x_wconf 68' lang='grc' dir='ltr'>παλαιούμενον</span> <span class='ocrx_word' id='word_1_551' title='bbox 3121 1365 3218 1417; x_wconf 78' lang='grc' dir='ltr'>καὶ</span> <span class='ocrx_word' id='word_1_552' title='bbox 3255 1365 3593 1431; x_wconf 72' lang='grc' dir='ltr'>γηράσκον,</span> <span class='ocrx_word' id='word_1_553' title='bbox 3646 1360 3818 1430; x_wconf 67' lang='grc' dir='ltr'>ἐγγὺς</span> 
     </span>
    </p>
   </div>
   <div class='ocr_carea' id='block_1_76' title="bbox 2238 1453 3719 1529">
    <p class='ocr_par' dir='ltr' id='par_1_76' title="bbox 2238 1453 3719 1529">
     <span class='ocr_line' id='line_1_76' title="bbox 2238 1453 3719 1529; baseline -0.006 -16"><span class='ocrx_word' id='word_1_554' title='bbox 2238 1459 2603 1529; x_wconf 63' lang='grc' dir='ltr'>ἀφανισμοῦ.</span> <span class='ocrx_word' id='word_1_555' title='bbox 2642 1461 2736 1512; x_wconf 83' lang='grc' dir='ltr'>Ἐκ</span> <span class='ocrx_word' id='word_1_556' title='bbox 2756 1457 2868 1527; x_wconf 80' lang='grc' dir='ltr'>τῆς</span> <span class='ocrx_word' id='word_1_557' title='bbox 2895 1457 3082 1525; x_wconf 80' lang='grc' dir='ltr'>δόξης</span> <span class='ocrx_word' id='word_1_558' title='bbox 3105 1454 3303 1510; x_wconf 84' lang='grc' dir='ltr'>αὐτῶν</span> <span class='ocrx_word' id='word_1_559' title='bbox 3329 1453 3719 1520; x_wconf 81' lang='grc' dir='ltr'>ἐξώσθησαν.</span> 
     </span>
    </p>
   </div>
   <div class='ocr_carea' id='block_1_77' title="bbox 2310 1581 3819 1663">
    <p class='ocr_par' dir='ltr' id='par_1_77' title="bbox 2310 1581 3819 1663">
     <span class='ocr_line' id='line_1_77' title="bbox 2310 1581 3819 1663; baseline -0.008 -18"><span class='ocrx_word' id='word_1_560' title='bbox 2310 1584 2384 1646; x_wconf 73' lang='grc' dir='ltr'>Οὖ</span> <span class='ocrx_word' id='word_1_561' title='bbox 2420 1591 2654 1663; x_wconf 86' lang='grc' dir='ltr'>μάλιστα</span> <span class='ocrx_word' id='word_1_562' title='bbox 2689 1589 3018 1661; x_wconf 81' lang='grc' dir='ltr'>ἐπεθύμουν,</span> <span class='ocrx_word' id='word_1_563' title='bbox 3048 1588 3115 1642; x_wconf 84' lang='grc' dir='ltr'>δι’</span> <span class='ocrx_word' id='word_1_564' title='bbox 3154 1587 3182 1640; x_wconf 83' lang='grc' dir='ltr'>δ</span> <span class='ocrx_word' id='word_1_565' title='bbox 3229 1586 3406 1640; x_wconf 91' lang='grc' dir='ltr'>πάντα</span> <span class='ocrx_word' id='word_1_566' title='bbox 3456 1585 3679 1638; x_wconf 86' lang='grc' dir='ltr'>ἐποίουν</span> <span class='ocrx_word' id='word_1_567' title='bbox 3733 1581 3819 1634; x_wconf 69' lang='grc' dir='ltr'>καὶ</span> 
     </span>
    </p>
   </div>
   <div class='ocr_carea' id='block_1_78' title="bbox 2241 1670 3819 1752">
    <p class='ocr_par' dir='ltr' id='par_1_78' title="bbox 2241 1670 3819 1752">
     <span class='ocr_line' id='line_1_78' title="bbox 2241 1670 3819 1752; baseline -0.009 -19"><span class='ocrx_word' id='word_1_568' title='bbox 2241 1679 2746 1752; x_wconf 88' lang='grc' dir='ltr'>ἐπραγματεύοντο,</span> <span class='ocrx_word' id='word_1_569' title='bbox 2773 1677 2914 1731; x_wconf 81' lang='grc' dir='ltr'>ὥστε</span> <span class='ocrx_word' id='word_1_570' title='bbox 2944 1678 3036 1731; x_wconf 69' lang='grc' dir='ltr'>καὶ</span> <span class='ocrx_word' id='word_1_571' title='bbox 3065 1674 3204 1746; x_wconf 81' lang='grc' dir='ltr'>μετά</span> <span class='ocrx_word' id='word_1_572' title='bbox 3223 1672 3481 1742; x_wconf 75' lang='grc' dir='ltr'>τελευτὴν</span> <span class='ocrx_word' id='word_1_573' title='bbox 3511 1673 3672 1742; x_wconf 82' lang='grc' dir='ltr'>δόξης</span> <span class='ocrx_word' id='word_1_574' title='bbox 3692 1670 3819 1722; x_wconf 87' lang='grc' dir='ltr'>ἀπο-</span> 
     </span>
    </p>
   </div>
   <div class='ocr_carea' id='block_1_79' title="bbox 2239 1759 3819 1837">
    <p class='ocr_par' dir='ltr' id='par_1_79' title="bbox 2239 1759 3819 1837">
     <span class='ocr_line' id='line_1_79' title="bbox 2239 1759 3819 1837; baseline -0.007 -16"><span class='ocrx_word' id='word_1_575' title='bbox 2239 1768 2435 1822; x_wconf 77' lang='grc' dir='ltr'>λαῦσαι</span> <span class='ocrx_word' id='word_1_576' title='bbox 2462 1768 2683 1835; x_wconf 84' lang='grc' dir='ltr'>πολλῆς,</span> <span class='ocrx_word' id='word_1_577' title='bbox 2700 1767 2788 1820; x_wconf 78' lang='grc' dir='ltr'>διὰ</span> <span class='ocrx_word' id='word_1_578' title='bbox 2815 1766 2923 1820; x_wconf 86' lang='grc' dir='ltr'>τῶν</span> <span class='ocrx_word' id='word_1_579' title='bbox 2947 1767 3266 1837; x_wconf 85' lang='grc' dir='ltr'>χρημάτων,</span> <span class='ocrx_word' id='word_1_580' title='bbox 3295 1761 3383 1815; x_wconf 85' lang='grc' dir='ltr'>διά</span> <span class='ocrx_word' id='word_1_581' title='bbox 3400 1761 3513 1814; x_wconf 88' lang='grc' dir='ltr'>τῶν</span> <span class='ocrx_word' id='word_1_582' title='bbox 3542 1759 3819 1827; x_wconf 81' lang='grc' dir='ltr'>οἰκοδομη-</span> 
     </span>
    </p>
   </div>
   <div class='ocr_carea' id='block_1_80' title="bbox 2245 1847 3821 1928">
    <p class='ocr_par' dir='ltr' id='par_1_80' title="bbox 2245 1847 3821 1928">
     <span class='ocr_line' id='line_1_80' title="bbox 2245 1847 3821 1928; baseline -0.009 -16"><span class='ocrx_word' id='word_1_583' title='bbox 2245 1857 2451 1928; x_wconf 87' lang='grc' dir='ltr'>μάτων,</span> <span class='ocrx_word' id='word_1_584' title='bbox 2474 1857 2562 1910; x_wconf 86' lang='grc' dir='ltr'>διά</span> <span class='ocrx_word' id='word_1_585' title='bbox 2583 1857 2692 1909; x_wconf 89' lang='grc' dir='ltr'>τῶν</span> <span class='ocrx_word' id='word_1_586' title='bbox 2721 1857 2928 1926; x_wconf 83' lang='grc' dir='ltr'>τάφων,</span> <span class='ocrx_word' id='word_1_587' title='bbox 2963 1854 3052 1907; x_wconf 79' lang='grc' dir='ltr'>διὰ</span> <span class='ocrx_word' id='word_1_588' title='bbox 3099 1853 3208 1906; x_wconf 85' lang='grc' dir='ltr'>τῶν</span> <span class='ocrx_word' id='word_1_589' title='bbox 3241 1851 3525 1922; x_wconf 83' lang='grc' dir='ltr'>ὀνομάτων</span> <span class='ocrx_word' id='word_1_590' title='bbox 3557 1847 3670 1901; x_wconf 88' lang='grc' dir='ltr'>τῶν</span> <span class='ocrx_word' id='word_1_591' title='bbox 3711 1850 3821 1900; x_wconf 85' lang='grc' dir='ltr'>ἐπι-</span> 
     </span>
    </p>
   </div>
   <div class='ocr_carea' id='block_1_81' title="bbox 2241 1935 3818 2016">
    <p class='ocr_par' dir='ltr' id='par_1_81' title="bbox 2241 1935 3818 2016">
     <span class='ocr_line' id='line_1_81' title="bbox 2241 1935 3818 2016; baseline -0.007 -19"><span class='ocrx_word' id='word_1_592' title='bbox 2241 1945 2510 2016; x_wconf 86' lang='grc' dir='ltr'>κειμένων</span> <span class='ocrx_word' id='word_1_593' title='bbox 2539 1947 2654 2007; x_wconf 89' lang='grc' dir='ltr'>τοῖς</span> <span class='ocrx_word' id='word_1_594' title='bbox 2677 1944 2888 2013; x_wconf 68' lang='grc' dir='ltr'>τάφοιςο</span> <span class='ocrx_word' id='word_1_595' title='bbox 2915 1943 3010 1996; x_wconf 68' lang='grc' dir='ltr'>καὶ</span> <span class='ocrx_word' id='word_1_596' title='bbox 3044 1942 3258 2005; x_wconf 88' lang='grc' dir='ltr'>τούτου,</span> <span class='ocrx_word' id='word_1_597' title='bbox 3314 1939 3502 2011; x_wconf 75' lang='grc' dir='ltr'>φησὶν,</span> <span class='ocrx_word' id='word_1_598' title='bbox 3533 1935 3818 1990; x_wconf 81' lang='grc' dir='ltr'>ἐκπεσοῦν-</span> 
     </span>
    </p>
   </div>
   <div class='ocr_carea' id='block_1_82' title="bbox 2241 2023 3820 2103">
    <p class='ocr_par' dir='ltr' id='par_1_82' title="bbox 2241 2023 3820 2103">
     <span class='ocr_line' id='line_1_82' title="bbox 2241 2023 3820 2103; baseline -0.008 -17"><span class='ocrx_word' id='word_1_599' title='bbox 2241 2051 2360 2096; x_wconf 89' lang='grc' dir='ltr'>ται,</span> <span class='ocrx_word' id='word_1_600' title='bbox 2409 2032 2438 2084; x_wconf 82' lang='grc' dir='ltr'><strong>ὃ</strong></span> <span class='ocrx_word' id='word_1_601' title='bbox 2488 2033 2724 2103; x_wconf 86' lang='grc' dir='ltr'>μάλιστα</span> <span class='ocrx_word' id='word_1_602' title='bbox 2779 2032 2977 2096; x_wconf 82' lang='grc' dir='ltr'>αὐτοὺς</span> <span class='ocrx_word' id='word_1_603' title='bbox 3026 2030 3212 2084; x_wconf 87' lang='grc' dir='ltr'>ἐλύπει</span> <span class='ocrx_word' id='word_1_604' title='bbox 3266 2028 3477 2094; x_wconf 78' lang='grc' dir='ltr'>ζῶντας</span> <span class='ocrx_word' id='word_1_605' title='bbox 3519 2027 3618 2078; x_wconf 77' lang='grc' dir='ltr'>καὶ</span> <span class='ocrx_word' id='word_1_606' title='bbox 3657 2023 3820 2077; x_wconf 80' lang='grc' dir='ltr'>ταῦτα</span> 
     </span>
    </p>
   </div>
   <div class='ocr_carea' id='block_1_83' title="bbox 2245 2111 3818 2191">
    <p class='ocr_par' dir='ltr' id='par_1_83' title="bbox 2245 2111 3818 2191">
     <span class='ocr_line' id='line_1_83' title="bbox 2245 2111 3818 2191; baseline -0.007 -18"><span class='ocrx_word' id='word_1_607' title='bbox 2245 2119 2635 2191; x_wconf 89' lang='grc' dir='ltr'>μανθάνοντας.</span> <span class='ocrx_word' id='word_1_608' title='bbox 2661 2120 2726 2171; x_wconf 59' lang='lat' dir='ltr'>At</span> <span class='ocrx_word' id='word_1_609' title='bbox 2759 2119 2869 2188; x_wconf 92' lang='grc' dir='ltr'>γάρ</span> <span class='ocrx_word' id='word_1_610' title='bbox 2900 2118 3149 2172; x_wconf 79' lang='grc' dir='ltr'>τοιαῦται</span> <span class='ocrx_word' id='word_1_611' title='bbox 3181 2115 3462 2186; x_wconf 78' lang='grc' dir='ltr'>οίκοδομαὶ</span> <span class='ocrx_word' id='word_1_612' title='bbox 3500 2111 3818 2184; x_wconf 86' lang='grc' dir='ltr'>κατηγορίαι</span> 
     </span>
    </p>
   </div>
   <div class='ocr_carea' id='block_1_84' title="bbox 2239 2197 3820 2277">
    <p class='ocr_par' dir='ltr' id='par_1_84' title="bbox 2239 2197 3820 2277">
     <span class='ocr_line' id='line_1_84' title="bbox 2239 2197 3820 2277; baseline -0.007 -15"><span class='ocrx_word' id='word_1_613' title='bbox 2239 2209 2348 2262; x_wconf 90' lang='grc' dir='ltr'>τῶν</span> <span class='ocrx_word' id='word_1_614' title='bbox 2377 2206 2720 2261; x_wconf 87' lang='grc' dir='ltr'>ἀπελθόντων</span> <span class='ocrx_word' id='word_1_615' title='bbox 2757 2207 2889 2262; x_wconf 79' lang='grc' dir='ltr'>εἰσί.</span> <span class='ocrx_word' id='word_1_616' title='bbox 2921 2206 3038 2260; x_wconf 79' lang='grc' dir='ltr'>Κᾶν</span> <span class='ocrx_word' id='word_1_617' title='bbox 3071 2205 3182 2277; x_wconf 85' lang='grc' dir='ltr'>γὰρ</span> <span class='ocrx_word' id='word_1_618' title='bbox 3202 2205 3262 2259; x_wconf 73' lang='grc' dir='ltr'>τὸ</span> <span class='ocrx_word' id='word_1_619' title='bbox 3294 2203 3455 2275; x_wconf 90' lang='grc' dir='ltr'>σῶμα</span> <span class='ocrx_word' id='word_1_620' title='bbox 3495 2206 3562 2273; x_wconf 79' lang='grc' dir='ltr'>τῇ</span> <span class='ocrx_word' id='word_1_621' title='bbox 3603 2204 3672 2271; x_wconf 78' lang='grc' dir='ltr'>γῇ</span> <span class='ocrx_word' id='word_1_622' title='bbox 3696 2197 3820 2270; x_wconf 79' lang='grc' dir='ltr'>κρύ·</span> 
     </span>
    </p>
   </div>
   <div class='ocr_carea' id='block_1_85' title="bbox 2243 2287 3820 2366">
    <p class='ocr_par' dir='ltr' id='par_1_85' title="bbox 2243 2287 3820 2366">
     <span class='ocr_line' id='line_1_85' title="bbox 2243 2287 3820 2366; baseline -0.006 -16"><span class='ocrx_word' id='word_1_623' title='bbox 2243 2313 2468 2366; x_wconf 88' lang='grc' dir='ltr'>πτηται,</span> <span class='ocrx_word' id='word_1_624' title='bbox 2512 2295 2626 2348; x_wconf 89' lang='grc' dir='ltr'>ἀλλ’</span> <span class='ocrx_word' id='word_1_625' title='bbox 2659 2296 2808 2365; x_wconf 84' lang='grc' dir='ltr'>ὅμως</span> <span class='ocrx_word' id='word_1_626' title='bbox 2839 2296 2890 2348; x_wconf 92' lang='grc' dir='ltr'>οί</span> <span class='ocrx_word' id='word_1_627' title='bbox 2915 2294 3052 2347; x_wconf 82' lang='grc' dir='ltr'>λίθοι</span> <span class='ocrx_word' id='word_1_628' title='bbox 3081 2293 3266 2364; x_wconf 81' lang='grc' dir='ltr'>φωνὴν</span> <span class='ocrx_word' id='word_1_629' title='bbox 3287 2293 3508 2361; x_wconf 74' lang='grc' dir='ltr'>ἀφιᾶσι,</span> <span class='ocrx_word' id='word_1_630' title='bbox 3539 2290 3660 2344; x_wconf 78' lang='grc' dir='ltr'>καθ’</span> <span class='ocrx_word' id='word_1_631' title='bbox 3697 2287 3820 2342; x_wconf 88' lang='grc' dir='ltr'>ἐκά-</span> 
     </span>
    </p>
   </div>
   <div class='ocr_carea' id='block_1_86' title="bbox 2243 2375 3820 2454">
    <p class='ocr_par' dir='ltr' id='par_1_86' title="bbox 2243 2375 3820 2454">
     <span class='ocr_line' id='line_1_86' title="bbox 2243 2375 3820 2454; baseline -0.007 -15"><span class='ocrx_word' id='word_1_632' title='bbox 2243 2401 2375 2454; x_wconf 83' lang='grc' dir='ltr'>στην</span> <span class='ocrx_word' id='word_1_633' title='bbox 2393 2382 2572 2438; x_wconf 87' lang='grc' dir='ltr'>αύτῶν</span> <span class='ocrx_word' id='word_1_634' title='bbox 2594 2381 3028 2453; x_wconf 79' lang='grc' dir='ltr'>κατηγοροῦντες</span> <span class='ocrx_word' id='word_1_635' title='bbox 3055 2381 3266 2452; x_wconf 71' lang='grc' dir='ltr'>ἡμέραν</span> <span class='ocrx_word' id='word_1_636' title='bbox 3290 2381 3391 2450; x_wconf 79' lang='grc' dir='ltr'>τῆς</span> <span class='ocrx_word' id='word_1_637' title='bbox 3409 2379 3715 2450; x_wconf 86' lang='grc' dir='ltr'>ὠμότητος,</span> <span class='ocrx_word' id='word_1_638' title='bbox 3729 2375 3820 2443; x_wconf 79' lang='grc' dir='ltr'>τῆς</span> 
     </span>
    </p>
   </div>
   <div class='ocr_carea' id='block_1_87' title="bbox 2242 2467 3816 2543">
    <p class='ocr_par' dir='ltr' id='par_1_87' title="bbox 2242 2467 3816 2543">
     <span class='ocr_line' id='line_1_87' title="bbox 2242 2467 3816 2543; baseline -0.007 -15"><span class='ocrx_word' id='word_1_639' title='bbox 2242 2472 2649 2543; x_wconf 85' lang='grc' dir='ltr'>ἀναισχυντίας,</span> <span class='ocrx_word' id='word_1_640' title='bbox 2675 2473 2803 2534; x_wconf 74' lang='grc' dir='ltr'>τοὺς</span> <span class='ocrx_word' id='word_1_641' title='bbox 2841 2470 3055 2532; x_wconf 78' lang='grc' dir='ltr'>κοινοὺς</span> <span class='ocrx_word' id='word_1_642' title='bbox 3077 2469 3307 2539; x_wconf 79' lang='grc' dir='ltr'>ἐχθροὺς</span> <span class='ocrx_word' id='word_1_643' title='bbox 3336 2467 3816 2540; x_wconf 85' lang='grc' dir='ltr'>ἀνακηρύττοντες,</span> 
     </span>
    </p>
   </div>
   <div class='ocr_carea' id='block_1_88' title="bbox 2241 2553 3818 2634">
    <p class='ocr_par' dir='ltr' id='par_1_88' title="bbox 2241 2553 3818 2634">
     <span class='ocr_line' id='line_1_88' title="bbox 2241 2553 3818 2634; baseline -0.007 -18"><span class='ocrx_word' id='word_1_644' title='bbox 2241 2565 2368 2626; x_wconf 78' lang='grc' dir='ltr'>τοὺς</span> <span class='ocrx_word' id='word_1_645' title='bbox 2394 2563 2689 2634; x_wconf 88' lang='grc' dir='ltr'>παριόντας</span> <span class='ocrx_word' id='word_1_646' title='bbox 2712 2560 2800 2614; x_wconf 78' lang='grc' dir='ltr'>ἀεὶ</span> <span class='ocrx_word' id='word_1_647' title='bbox 2820 2561 2900 2624; x_wconf 88' lang='grc' dir='ltr'>είς</span> <span class='ocrx_word' id='word_1_648' title='bbox 2930 2558 3069 2631; x_wconf 79' lang='grc' dir='ltr'>ἀράς</span> <span class='ocrx_word' id='word_1_649' title='bbox 3095 2557 3491 2629; x_wconf 82' lang='grc' dir='ltr'>ἐπισπώμενοι,</span> <span class='ocrx_word' id='word_1_650' title='bbox 3513 2556 3609 2610; x_wconf 68' lang='grc' dir='ltr'>καὶ</span> <span class='ocrx_word' id='word_1_651' title='bbox 3643 2553 3818 2622; x_wconf 78' lang='grc' dir='ltr'>ἐγκλήο</span> 
     </span>
    </p>
   </div>
   <div class='ocr_carea' id='block_1_89' title="bbox 2248 2643 3816 2722">
    <p class='ocr_par' dir='ltr' id='par_1_89' title="bbox 2248 2643 3816 2722">
     <span class='ocr_line' id='line_1_89' title="bbox 2248 2643 3816 2722; baseline -0.008 -17"><span class='ocrx_word' id='word_1_652' title='bbox 2248 2669 2412 2722; x_wconf 88' lang='grc' dir='ltr'>ματα,</span> <span class='ocrx_word' id='word_1_653' title='bbox 2450 2651 2543 2704; x_wconf 72' lang='grc' dir='ltr'>καὶ</span> <span class='ocrx_word' id='word_1_654' title='bbox 2574 2648 2845 2711; x_wconf 88' lang='grc' dir='ltr'>διαϐολάς.</span> <span class='ocrx_word' id='word_1_655' title='bbox 2900 2647 3035 2702; x_wconf 85' lang='grc' dir='ltr'>Ποία</span> <span class='ocrx_word' id='word_1_656' title='bbox 3062 2644 3155 2701; x_wconf 76' lang='grc' dir='ltr'>οὖν</span> <span class='ocrx_word' id='word_1_657' title='bbox 3193 2647 3330 2716; x_wconf 77' lang='grc' dir='ltr'>αὕτη</span> <span class='ocrx_word' id='word_1_658' title='bbox 3358 2645 3510 2710; x_wconf 90' lang='grc' dir='ltr'>δόξα,</span> <span class='ocrx_word' id='word_1_659' title='bbox 3561 2643 3816 2711; x_wconf 81' lang='grc' dir='ltr'>καταλιμ-</span> 
     </span>
    </p>
   </div>
   <div class='ocr_carea' id='block_1_90' title="bbox 2247 2733 3817 2809">
    <p class='ocr_par' dir='ltr' id='par_1_90' title="bbox 2247 2733 3817 2809">
     <span class='ocr_line' id='line_1_90' title="bbox 2247 2733 3817 2809; baseline -0.005 -17"><span class='ocrx_word' id='word_1_660' title='bbox 2247 2741 2438 2794; x_wconf 90' lang='grc' dir='ltr'>πάνειν</span> <span class='ocrx_word' id='word_1_661' title='bbox 2469 2740 2772 2809; x_wconf 80' lang='grc' dir='ltr'>κατήγορον</span> <span class='ocrx_word' id='word_1_662' title='bbox 2799 2737 2873 2808; x_wconf 82' lang='grc' dir='ltr'>μὴ</span> <span class='ocrx_word' id='word_1_663' title='bbox 2896 2736 3151 2805; x_wconf 88' lang='grc' dir='ltr'>σιγῶντα,</span> <span class='ocrx_word' id='word_1_664' title='bbox 3173 2736 3308 2790; x_wconf 89' lang='grc' dir='ltr'>ἀλλά</span> <span class='ocrx_word' id='word_1_665' title='bbox 3330 2736 3418 2789; x_wconf 83' lang='grc' dir='ltr'>διὰ</span> <span class='ocrx_word' id='word_1_666' title='bbox 3446 2737 3548 2806; x_wconf 83' lang='grc' dir='ltr'>τῆς</span> <span class='ocrx_word' id='word_1_667' title='bbox 3569 2735 3736 2804; x_wconf 72' lang='grc' dir='ltr'>ὄψεως</span> <span class='ocrx_word' id='word_1_668' title='bbox 3758 2733 3817 2785; x_wconf 74' lang='grc' dir='ltr'>τὰ</span> 
     </span>
    </p>
   </div>
   <div class='ocr_carea' id='block_1_91' title="bbox 2245 2823 3816 2897">
    <p class='ocr_par' dir='ltr' id='par_1_91' title="bbox 2245 2823 3816 2897">
     <span class='ocr_line' id='line_1_91' title="bbox 2245 2823 3816 2897; baseline -0.006 -15"><span class='ocrx_word' id='word_1_669' title='bbox 2245 2829 2461 2883; x_wconf 87' lang='grc' dir='ltr'>πάντων</span> <span class='ocrx_word' id='word_1_670' title='bbox 2508 2828 2789 2896; x_wconf 88' lang='grc' dir='ltr'>ἀνοίγοντα</span> <span class='ocrx_word' id='word_1_671' title='bbox 2830 2827 3095 2897; x_wconf 88' lang='grc' dir='ltr'>στόματα,</span> <span class='ocrx_word' id='word_1_672' title='bbox 3124 2826 3216 2879; x_wconf 73' lang='grc' dir='ltr'>καὶ</span> <span class='ocrx_word' id='word_1_673' title='bbox 3251 2824 3385 2896; x_wconf 81' lang='grc' dir='ltr'>πρὸς</span> <span class='ocrx_word' id='word_1_674' title='bbox 3431 2827 3560 2888; x_wconf 74' lang='grc' dir='ltr'>τοὺς</span> <span class='ocrx_word' id='word_1_675' title='bbox 3592 2823 3816 2894; x_wconf 81' lang='grc' dir='ltr'>ὁρῶντας</span> 
     </span>
    </p>
   </div>
   <div class='ocr_carea' id='block_1_92' title="bbox 2247 2909 3816 2985">
    <p class='ocr_par' dir='ltr' id='par_1_92' title="bbox 2247 2909 3816 2985">
     <span class='ocr_line' id='line_1_92' title="bbox 2247 2909 3816 2985; baseline -0.005 -15"><span class='ocrx_word' id='word_1_676' title='bbox 2247 2917 2494 2980; x_wconf 77' lang='grc' dir='ltr'>ἅπαντας</span> <span class='ocrx_word' id='word_1_677' title='bbox 2524 2917 2619 2969; x_wconf 78' lang='grc' dir='ltr'>καὶ</span> <span class='ocrx_word' id='word_1_678' title='bbox 2641 2915 2942 2985; x_wconf 89' lang='grc' dir='ltr'>παριόντας</span> <span class='ocrx_word' id='word_1_679' title='bbox 2973 2914 3342 2985; x_wconf 77' lang='grc' dir='ltr'>σφοδροτάτην</span> <span class='ocrx_word' id='word_1_680' title='bbox 3381 2913 3702 2982; x_wconf 86' lang='grc' dir='ltr'>ποιούμενον</span> <span class='ocrx_word' id='word_1_681' title='bbox 3726 2909 3816 2978; x_wconf 73' lang='grc' dir='ltr'>τὴν</span> 
     </span>
    </p>
   </div>
   <div class='ocr_carea' id='block_1_93' title="bbox 2246 2997 3815 3076">
    <p class='ocr_par' dir='ltr' id='par_1_93' title="bbox 2246 2997 3815 3076">
     <span class='ocr_line' id='line_1_93' title="bbox 2246 2997 3815 3076; baseline -0.006 -17"><span class='ocrx_word' id='word_1_682' title='bbox 2246 3005 2496 3076; x_wconf 86' lang='grc' dir='ltr'>ἐντυχίαν</span> <span class='ocrx_word' id='word_1_683' title='bbox 2530 3004 2673 3058; x_wconf 84' lang='grc' dir='ltr'>κατά</span> <span class='ocrx_word' id='word_1_684' title='bbox 2706 3003 2813 3057; x_wconf 89' lang='grc' dir='ltr'>τῶν</span> <span class='ocrx_word' id='word_1_685' title='bbox 2835 3002 3380 3072; x_wconf 73' lang='grc' dir='ltr'>οἰκοδομησαμένωνς</span> <span class='ocrx_word' id='word_1_686' title='bbox 3417 3001 3484 3052; x_wconf 86' lang='grc' dir='ltr'>Τί</span> <span class='ocrx_word' id='word_1_687' title='bbox 3504 3002 3702 3070; x_wconf 86' lang='grc' dir='ltr'>ταύτης</span> <span class='ocrx_word' id='word_1_688' title='bbox 3729 2997 3815 3065; x_wconf 80' lang='grc' dir='ltr'>τῆς</span> 
     </span>
    </p>
   </div>
   <div class='ocr_carea' id='block_1_94' title="bbox 2246 3081 3813 3159">
    <p class='ocr_par' dir='ltr' id='par_1_94' title="bbox 2246 3081 3813 3159">
     <span class='ocr_line' id='line_1_94' title="bbox 2246 3081 3813 3159; baseline -0.007 -12"><span class='ocrx_word' id='word_1_689' title='bbox 2246 3093 2432 3156; x_wconf 87' lang='grc' dir='ltr'>ἀνοίας</span> <span class='ocrx_word' id='word_1_690' title='bbox 2473 3091 2669 3159; x_wconf 87' lang='grc' dir='ltr'>γένοιτ’</span> <span class='ocrx_word' id='word_1_691' title='bbox 2698 3089 2764 3143; x_wconf 84' lang='grc' dir='ltr'>ἂν</span> <span class='ocrx_word' id='word_1_692' title='bbox 2815 3091 2959 3155; x_wconf 76' lang='grc' dir='ltr'>ἴσον,</span> <span class='ocrx_word' id='word_1_693' title='bbox 2989 3090 3118 3142; x_wconf 82' lang='grc' dir='ltr'>ὅταν</span> <span class='ocrx_word' id='word_1_694' title='bbox 3165 3089 3390 3142; x_wconf 90' lang='grc' dir='ltr'>ποιῶσιν</span> <span class='ocrx_word' id='word_1_695' title='bbox 3427 3088 3522 3158; x_wconf 83' lang='grc' dir='ltr'>ἀφ’</span> <span class='ocrx_word' id='word_1_696' title='bbox 3555 3081 3629 3140; x_wconf 83' lang='grc' dir='ltr'>ὧν</span> <span class='ocrx_word' id='word_1_697' title='bbox 3673 3084 3813 3139; x_wconf 84' lang='grc' dir='ltr'>κολά-</span> 
     </span>
    </p>
   </div>
   <div class='ocr_carea' id='block_1_95' title="bbox 2249 3169 3815 3248">
    <p class='ocr_par' dir='ltr' id='par_1_95' title="bbox 2249 3169 3815 3248">
     <span class='ocr_line' id='line_1_95' title="bbox 2249 3169 3815 3248; baseline -0.006 -14"><span class='ocrx_word' id='word_1_698' title='bbox 2249 3179 2453 3244; x_wconf 80' lang='grc' dir='ltr'>ζονται,</span> <span class='ocrx_word' id='word_1_699' title='bbox 2498 3179 2589 3247; x_wconf 87' lang='grc' dir='ltr'>ἀφ’</span> <span class='ocrx_word' id='word_1_700' title='bbox 2622 3172 2696 3231; x_wconf 82' lang='grc' dir='ltr'>ὧν</span> <span class='ocrx_word' id='word_1_701' title='bbox 2731 3176 3204 3248; x_wconf 83' lang='grc' dir='ltr'>καταισχύνονται,</span> <span class='ocrx_word' id='word_1_702' title='bbox 3237 3176 3330 3245; x_wconf 77' lang='grc' dir='ltr'>ἀφ’</span> <span class='ocrx_word' id='word_1_703' title='bbox 3359 3169 3433 3229; x_wconf 79' lang='grc' dir='ltr'>ὧν</span> <span class='ocrx_word' id='word_1_704' title='bbox 3464 3171 3815 3245; x_wconf 75' lang='grc' dir='ltr'>κατηγοροῦν-</span> 
     </span>
    </p>
   </div>
   <div class='ocr_carea' id='block_1_96' title="bbox 2247 3259 3814 3336">
    <p class='ocr_par' dir='ltr' id='par_1_96' title="bbox 2247 3259 3814 3336">
     <span class='ocr_line' id='line_1_96' title="bbox 2247 3259 3814 3336; baseline -0.007 -14"><span class='ocrx_word' id='word_1_705' title='bbox 2247 3286 2356 3332; x_wconf 90' lang='grc' dir='ltr'>ται,</span> <span class='ocrx_word' id='word_1_706' title='bbox 2395 3268 2487 3336; x_wconf 83' lang='grc' dir='ltr'>ἀφ’</span> <span class='ocrx_word' id='word_1_707' title='bbox 2515 3264 2588 3320; x_wconf 79' lang='grc' dir='ltr'>ὧν</span> <span class='ocrx_word' id='word_1_708' title='bbox 2610 3267 2704 3319; x_wconf 79' lang='grc' dir='ltr'>καὶ</span> <span class='ocrx_word' id='word_1_709' title='bbox 2727 3266 2866 3336; x_wconf 87' lang='grc' dir='ltr'>μετά</span> <span class='ocrx_word' id='word_1_710' title='bbox 2889 3265 3144 3336; x_wconf 83' lang='grc' dir='ltr'>τελευτὴν</span> <span class='ocrx_word' id='word_1_711' title='bbox 3169 3265 3318 3336; x_wconf 84' lang='grc' dir='ltr'>παρά</span> <span class='ocrx_word' id='word_1_712' title='bbox 3359 3263 3572 3316; x_wconf 84' lang='grc' dir='ltr'>πολλῶν</span> <span class='ocrx_word' id='word_1_713' title='bbox 3611 3259 3814 3331; x_wconf 84' lang='grc' dir='ltr'>ἀνορύτ·</span> 
     </span>
    </p>
   </div>
   <div class='ocr_carea' id='block_1_97' title="bbox 2248 3351 3815 3430">
    <p class='ocr_par' dir='ltr' id='par_1_97' title="bbox 2248 3351 3815 3430">
     <span class='ocr_line' id='line_1_97' title="bbox 2248 3351 3815 3430; baseline -0.006 -16"><span class='ocrx_word' id='word_1_714' title='bbox 2248 3378 2450 3415; x_wconf 88' lang='grc' dir='ltr'>τονται·</span> <span class='ocrx_word' id='word_1_715' title='bbox 2483 3360 2576 3430; x_wconf 82' lang='grc' dir='ltr'>ἀφ’</span> <span class='ocrx_word' id='word_1_716' title='bbox 2615 3353 2689 3412; x_wconf 79' lang='grc' dir='ltr'>ὧν</span> <span class='ocrx_word' id='word_1_717' title='bbox 2716 3359 2900 3420; x_wconf 79' lang='grc' dir='ltr'>αὐτοῖς</span> <span class='ocrx_word' id='word_1_718' title='bbox 2923 3358 3075 3430; x_wconf 72' lang='grc' dir='ltr'>ἀραὶ,</span> <span class='ocrx_word' id='word_1_719' title='bbox 3105 3359 3200 3410; x_wconf 72' lang='grc' dir='ltr'>καὶ</span> <span class='ocrx_word' id='word_1_720' title='bbox 3216 3356 3480 3420; x_wconf 73' lang='grc' dir='ltr'>διαϐολαὶ,</span> <span class='ocrx_word' id='word_1_721' title='bbox 3516 3355 3609 3410; x_wconf 71' lang='grc' dir='ltr'>καὶ</span> <span class='ocrx_word' id='word_1_722' title='bbox 3638 3351 3815 3420; x_wconf 78' lang='grc' dir='ltr'>ἐγκλή·</span> 
     </span>
    </p>
   </div>
   <div class='ocr_carea' id='block_1_98' title="bbox 2255 3438 3814 3520">
    <p class='ocr_par' dir='ltr' id='par_1_98' title="bbox 2255 3438 3814 3520">
     <span class='ocr_line' id='line_1_98' title="bbox 2255 3438 3814 3520; baseline -0.007 -18"><span class='ocrx_word' id='word_1_723' title='bbox 2255 3467 2400 3520; x_wconf 89' lang='grc' dir='ltr'>ματα</span> <span class='ocrx_word' id='word_1_724' title='bbox 2438 3448 2627 3519; x_wconf 88' lang='grc' dir='ltr'>μυρία,</span> <span class='ocrx_word' id='word_1_725' title='bbox 2680 3448 2775 3500; x_wconf 72' lang='grc' dir='ltr'>καὶ</span> <span class='ocrx_word' id='word_1_726' title='bbox 2810 3446 2962 3518; x_wconf 90' lang='grc' dir='ltr'>παρά</span> <span class='ocrx_word' id='word_1_727' title='bbox 2993 3444 3102 3500; x_wconf 90' lang='grc' dir='ltr'>τῶν</span> <span class='ocrx_word' id='word_1_728' title='bbox 3159 3445 3532 3514; x_wconf 67' lang='grc' dir='ltr'>ἠδικημένων,</span> <span class='ocrx_word' id='word_1_729' title='bbox 3575 3444 3665 3497; x_wconf 79' lang='grc' dir='ltr'>καὶ</span> <span class='ocrx_word' id='word_1_730' title='bbox 3720 3438 3814 3492; x_wconf 87' lang='grc' dir='ltr'>τῶν</span> 
     </span>
    </p>
   </div>
   <div class='ocr_carea' id='block_1_99' title="bbox 2250 3527 3814 3606">
    <p class='ocr_par' dir='ltr' id='par_1_99' title="bbox 2250 3527 3814 3606">
     <span class='ocr_line' id='line_1_99' title="bbox 2250 3527 3814 3606; baseline -0.006 -17"><span class='ocrx_word' id='word_1_731' title='bbox 2250 3538 2349 3590; x_wconf 78' lang='grc' dir='ltr'>οὐκ</span> <span class='ocrx_word' id='word_1_732' title='bbox 2397 3536 2772 3606; x_wconf 77' lang='grc' dir='ltr'>ήδικημένων;</span> <span class='ocrx_word' id='word_1_733' title='bbox 2804 3535 2976 3602; x_wconf 76' lang='grc' dir='ltr'>Πλὴν</span> <span class='ocrx_word' id='word_1_734' title='bbox 3021 3537 3054 3588; x_wconf 85' lang='lat' dir='ltr'><em>d</em></span> <span class='ocrx_word' id='word_1_735' title='bbox 3107 3534 3246 3600; x_wconf 77' lang='grc' dir='ltr'>Θεὸς</span> <span class='ocrx_word' id='word_1_736' title='bbox 3311 3533 3673 3601; x_wconf 77' lang='grc' dir='ltr'>λυτρὼσεται</span> <span class='ocrx_word' id='word_1_737' title='bbox 3714 3527 3814 3591; x_wconf 78' lang='grc' dir='ltr'>τὴν</span> 
     </span>
    </p>
   </div>
   <div class='ocr_carea' id='block_1_100' title="bbox 2249 3620 3812 3694">
    <p class='ocr_par' dir='ltr' id='par_1_100' title="bbox 2249 3620 3812 3694">
     <span class='ocr_line' id='line_1_100' title="bbox 2249 3620 3812 3694; baseline -0.02 4"><span class='ocrx_word' id='word_1_738' title='bbox 2249 3625 2461 3694; x_wconf 60' lang='grc' dir='ltr'>ψυχήν</span> <span class='ocrx_word' id='word_1_739' title='bbox 2486 3642 2604 3694; x_wconf 83' lang='grc' dir='ltr'>μου</span> <span class='ocrx_word' id='word_1_740' title='bbox 2653 3624 2722 3677; x_wconf 83' lang='grc' dir='ltr'>ἐκ</span> <span class='ocrx_word' id='word_1_741' title='bbox 2776 3624 2972 3692; x_wconf 78' lang='grc' dir='ltr'>χειρὸς</span> <span class='ocrx_word' id='word_1_742' title='bbox 3021 3624 3192 3690; x_wconf 75' lang='grc' dir='ltr'>ᾅδου,</span> <span class='ocrx_word' id='word_1_743' title='bbox 3240 3623 3385 3676; x_wconf 84' lang='grc' dir='ltr'>ὅταν</span> <span class='ocrx_word' id='word_1_744' title='bbox 3421 3620 3692 3692; x_wconf 77' lang='grc' dir='ltr'>λαμϐάνῃ</span> <span class='ocrx_word' id='word_1_745' title='bbox 3727 3632 3812 3684; x_wconf 83' lang='grc' dir='ltr'>με.</span> 
     </span>
    </p>
   </div>
   <div class='ocr_carea' id='block_1_101' title="bbox 2250 3703 3815 3783">
    <p class='ocr_par' dir='ltr' id='par_1_101' title="bbox 2250 3703 3815 3783">
     <span class='ocr_line' id='line_1_101' title="bbox 2250 3703 3815 3783; baseline -0.008 -16"><span class='ocrx_word' id='word_1_746' title='bbox 2250 3712 2434 3767; x_wconf 83' lang='grc' dir='ltr'>Εἰπὼν</span> <span class='ocrx_word' id='word_1_747' title='bbox 2460 3711 2567 3765; x_wconf 92' lang='grc' dir='ltr'>τῶν</span> <span class='ocrx_word' id='word_1_748' title='bbox 2602 3711 2853 3781; x_wconf 83' lang='grc' dir='ltr'>πονηρῶν</span> <span class='ocrx_word' id='word_1_749' title='bbox 2887 3712 2955 3764; x_wconf 76' lang='grc' dir='ltr'>τὰ</span> <span class='ocrx_word' id='word_1_750' title='bbox 3001 3711 3275 3783; x_wconf 83' lang='grc' dir='ltr'>ἐπίχειρα,</span> <span class='ocrx_word' id='word_1_751' title='bbox 3304 3711 3402 3780; x_wconf 76' lang='grc' dir='ltr'>τῆς</span> <span class='ocrx_word' id='word_1_752' title='bbox 3447 3709 3717 3781; x_wconf 82' lang='grc' dir='ltr'>ἁμαρτίας</span> <span class='ocrx_word' id='word_1_753' title='bbox 3756 3703 3815 3755; x_wconf 72' lang='grc' dir='ltr'>τά</span> 
     </span>
    </p>
   </div>
   <div class='ocr_carea' id='block_1_102' title="bbox 2249 3794 3814 3871">
    <p class='ocr_par' dir='ltr' id='par_1_102' title="bbox 2249 3794 3814 3871">
     <span class='ocr_line' id='line_1_102' title="bbox 2249 3794 3814 3871; baseline -0.005 -19"><span class='ocrx_word' id='word_1_754' title='bbox 2249 3801 2476 3870; x_wconf 69' lang='grc' dir='ltr'>ὀψώνια,</span> <span class='ocrx_word' id='word_1_755' title='bbox 2512 3799 2778 3868; x_wconf 79' lang='grc' dir='ltr'>λέγεικαὶ</span> <span class='ocrx_word' id='word_1_756' title='bbox 2809 3799 2877 3852; x_wconf 80' lang='grc' dir='ltr'>τὰ</span> <span class='ocrx_word' id='word_1_757' title='bbox 2898 3798 3006 3851; x_wconf 88' lang='grc' dir='ltr'>τῶν</span> <span class='ocrx_word' id='word_1_758' title='bbox 3036 3799 3289 3871; x_wconf 87' lang='grc' dir='ltr'>χρηστῶν</span> <span class='ocrx_word' id='word_1_759' title='bbox 3309 3798 3542 3852; x_wconf 75' lang='grc' dir='ltr'>ἔπαθλα·</span> <span class='ocrx_word' id='word_1_760' title='bbox 3563 3798 3590 3850; x_wconf 86' lang='grc' dir='ltr'><strong>ὃ</strong></span> <span class='ocrx_word' id='word_1_761' title='bbox 3622 3795 3707 3849; x_wconf 73' lang='grc' dir='ltr'>καὶ</span> <span class='ocrx_word' id='word_1_762' title='bbox 3730 3794 3814 3846; x_wconf 84' lang='grc' dir='ltr'>αύ-</span> 
     </span>
    </p>
   </div>
   <div class='ocr_carea' id='block_1_103' title="bbox 2253 3880 3814 3960">
    <p class='ocr_par' dir='ltr' id='par_1_103' title="bbox 2253 3880 3814 3960">
     <span class='ocr_line' id='line_1_103' title="bbox 2253 3880 3814 3960; baseline -0.006 -19"><span class='ocrx_word' id='word_1_763' title='bbox 2253 3888 2330 3959; x_wconf 79' lang='grc' dir='ltr'>τῷ</span> <span class='ocrx_word' id='word_1_764' title='bbox 2361 3889 2456 3942; x_wconf 75' lang='grc' dir='ltr'>καὶ</span> <span class='ocrx_word' id='word_1_765' title='bbox 2489 3888 2695 3960; x_wconf 79' lang='grc' dir='ltr'>ἑτέροις</span> <span class='ocrx_word' id='word_1_766' title='bbox 2726 3887 3034 3958; x_wconf 81' lang='grc' dir='ltr'>προφήταις</span> <span class='ocrx_word' id='word_1_767' title='bbox 3075 3889 3248 3939; x_wconf 87' lang='grc' dir='ltr'>ποιεῖν</span> <span class='ocrx_word' id='word_1_768' title='bbox 3283 3886 3422 3950; x_wconf 75' lang='grc' dir='ltr'>ἔθος,</span> <span class='ocrx_word' id='word_1_769' title='bbox 3469 3885 3612 3954; x_wconf 79' lang='grc' dir='ltr'>ὥστε</span> <span class='ocrx_word' id='word_1_770' title='bbox 3647 3880 3814 3936; x_wconf 79' lang='grc' dir='ltr'>ἐκατέ-</span> 
     </span>
    </p>
   </div>
   <div class='ocr_carea' id='block_1_104' title="bbox 2256 3971 3814 4048">
    <p class='ocr_par' dir='ltr' id='par_1_104' title="bbox 2256 3971 3814 4048">
     <span class='ocr_line' id='line_1_104' title="bbox 2256 3971 3814 4048; baseline -0.006 -19"><span class='ocrx_word' id='word_1_771' title='bbox 2256 3975 2425 4048; x_wconf 83' lang='grc' dir='ltr'>ρωθεν</span> <span class='ocrx_word' id='word_1_772' title='bbox 2461 3975 2742 4047; x_wconf 70' lang='grc' dir='ltr'>ῥυθμίζειν</span> <span class='ocrx_word' id='word_1_773' title='bbox 2780 3975 2870 4027; x_wconf 74' lang='grc' dir='ltr'>τον</span> <span class='ocrx_word' id='word_1_774' title='bbox 2904 3974 3200 4045; x_wconf 70' lang='grc' dir='ltr'>ἀκροατὴν,</span> <span class='ocrx_word' id='word_1_775' title='bbox 3227 3974 3320 4027; x_wconf 70' lang='grc' dir='ltr'>καὶ</span> <span class='ocrx_word' id='word_1_776' title='bbox 3341 3975 3404 4027; x_wconf 84' lang='grc' dir='ltr'>ἐκ</span> <span class='ocrx_word' id='word_1_777' title='bbox 3424 3977 3528 4044; x_wconf 82' lang='grc' dir='ltr'>τῆς</span> <span class='ocrx_word' id='word_1_778' title='bbox 3561 3971 3814 4029; x_wconf 85' lang='grc' dir='ltr'>κολάσεως</span> 
     </span>
    </p>
   </div>
   <div class='ocr_carea' id='block_1_105' title="bbox 2251 4055 3810 4132">
    <p class='ocr_par' dir='ltr' id='par_1_105' title="bbox 2251 4055 3810 4132">
     <span class='ocr_line' id='line_1_105' title="bbox 2251 4055 3810 4132; baseline -0.006 -16"><span class='ocrx_word' id='word_1_779' title='bbox 2251 4064 2358 4116; x_wconf 85' lang='grc' dir='ltr'>τῶν</span> <span class='ocrx_word' id='word_1_780' title='bbox 2390 4065 2501 4131; x_wconf 90' lang='grc' dir='ltr'>άμα</span> <span class='ocrx_word' id='word_1_781' title='bbox 2513 4080 2608 4132; x_wconf 89' lang='grc' dir='ltr'>ρτη</span> <span class='ocrx_word' id='word_1_782' title='bbox 2619 4061 2821 4132; x_wconf 86' lang='grc' dir='ltr'>μάτων,</span> <span class='ocrx_word' id='word_1_783' title='bbox 2855 4061 2948 4113; x_wconf 69' lang='grc' dir='ltr'>καὶ</span> <span class='ocrx_word' id='word_1_784' title='bbox 2973 4062 3038 4113; x_wconf 83' lang='grc' dir='ltr'>ἐκ</span> <span class='ocrx_word' id='word_1_785' title='bbox 3070 4060 3179 4113; x_wconf 89' lang='grc' dir='ltr'>τῶν</span> <span class='ocrx_word' id='word_1_786' title='bbox 3206 4061 3452 4114; x_wconf 86' lang='grc' dir='ltr'>ἐπάθλων</span> <span class='ocrx_word' id='word_1_787' title='bbox 3480 4062 3582 4131; x_wconf 85' lang='grc' dir='ltr'>τῆς</span> <span class='ocrx_word' id='word_1_788' title='bbox 3610 4055 3810 4128; x_wconf 78' lang='grc' dir='ltr'>ἀρετῆς.</span> 
     </span>
    </p>
   </div>
   <div class='ocr_carea' id='block_1_106' title="bbox 2250 4142 3810 4223">
    <p class='ocr_par' dir='ltr' id='par_1_106' title="bbox 2250 4142 3810 4223">
     <span class='ocr_line' id='line_1_106' title="bbox 2250 4142 3810 4223; baseline -0.001 -18"><span class='ocrx_word' id='word_1_789' title='bbox 2250 4151 2330 4205; x_wconf 86' lang='grc' dir='ltr'>Τά</span> <span class='ocrx_word' id='word_1_790' title='bbox 2361 4150 2512 4223; x_wconf 72' lang='lat'>[22!]</span> <span class='ocrx_word' id='word_1_791' title='bbox 2550 4151 2646 4220; x_wconf 72' lang='grc' dir='ltr'>μὲν</span> <span class='ocrx_word' id='word_1_792' title='bbox 2697 4146 2790 4203; x_wconf 82' lang='grc' dir='ltr'>οὗν</span> <span class='ocrx_word' id='word_1_793' title='bbox 2843 4147 3067 4202; x_wconf 81' lang='grc' dir='ltr'>ἐκείνων</span> <span class='ocrx_word' id='word_1_794' title='bbox 3109 4150 3354 4213; x_wconf 76' lang='grc' dir='ltr'>τοιαῦτα,</span> <span class='ocrx_word' id='word_1_795' title='bbox 3394 4150 3580 4218; x_wconf 76' lang='grc' dir='ltr'>φησίνο</span> <span class='ocrx_word' id='word_1_796' title='bbox 3616 4142 3810 4212; x_wconf 77' lang='grc' dir='ltr'>ἀτιμίαν</span> 
     </span>
    </p>
   </div>
   <div class='ocr_carea' id='block_1_107' title="bbox 2253 4231 3810 4311">
    <p class='ocr_par' dir='ltr' id='par_1_107' title="bbox 2253 4231 3810 4311">
     <span class='ocr_line' id='line_1_107' title="bbox 2253 4231 3810 4311; baseline -0.002 -19"><span class='ocrx_word' id='word_1_797' title='bbox 2253 4239 2632 4311; x_wconf 89' lang='grc' dir='ltr'>ματαιοπονία,</span> <span class='ocrx_word' id='word_1_798' title='bbox 2683 4239 2858 4301; x_wconf 81' lang='grc' dir='ltr'>ἄνοια,</span> <span class='ocrx_word' id='word_1_799' title='bbox 2913 4237 3108 4305; x_wconf 90' lang='grc' dir='ltr'>γέλως,</span> <span class='ocrx_word' id='word_1_800' title='bbox 3169 4237 3422 4308; x_wconf 85' lang='grc' dir='ltr'>αἰσχύνη,</span> <span class='ocrx_word' id='word_1_801' title='bbox 3464 4231 3810 4300; x_wconf 83' lang='grc' dir='ltr'>πανωλεθρία.</span> 
     </span>
    </p>
   </div>
   <div class='ocr_carea' id='block_1_108' title="bbox 2250 4323 3810 4397">
    <p class='ocr_par' dir='ltr' id='par_1_108' title="bbox 2250 4323 3810 4397">
     <span class='ocr_line' id='line_1_108' title="bbox 2250 4323 3810 4397; baseline -0.002 -17"><span class='ocrx_word' id='word_1_802' title='bbox 2250 4327 2499 4390; x_wconf 87' lang='grc' dir='ltr'>θάνατος,</span> <span class='ocrx_word' id='word_1_803' title='bbox 2519 4326 2778 4397; x_wconf 88' lang='grc' dir='ltr'>τιμωρία,</span> <span class='ocrx_word' id='word_1_804' title='bbox 2797 4325 3016 4388; x_wconf 89' lang='grc' dir='ltr'>κόλασις</span> <span class='ocrx_word' id='word_1_805' title='bbox 3031 4324 3301 4396; x_wconf 82' lang='grc' dir='ltr'>διηνεκὴς,</span> <span class='ocrx_word' id='word_1_806' title='bbox 3318 4326 3380 4378; x_wconf 77' lang='grc' dir='ltr'>τὸ</span> <span class='ocrx_word' id='word_1_807' title='bbox 3406 4323 3810 4394; x_wconf 75' lang='grc' dir='ltr'>εύεπηρέαστονν</span> 
     </span>
    </p>
   </div>
   <div class='ocr_carea' id='block_1_109' title="bbox 2248 4405 3810 4485">
    <p class='ocr_par' dir='ltr' id='par_1_109' title="bbox 2248 4405 3810 4485">
     <span class='ocr_line' id='line_1_109' title="bbox 2248 4405 3810 4485; baseline -0.007 -17"><span class='ocrx_word' id='word_1_808' title='bbox 2248 4416 2309 4468; x_wconf 82' lang='grc' dir='ltr'>τὸ</span> <span class='ocrx_word' id='word_1_809' title='bbox 2341 4413 2434 4468; x_wconf 77' lang='grc' dir='ltr'>καὶ</span> <span class='ocrx_word' id='word_1_810' title='bbox 2461 4414 2620 4485; x_wconf 82' lang='grc' dir='ltr'>δόξης</span> <span class='ocrx_word' id='word_1_811' title='bbox 2648 4414 2742 4467; x_wconf 74' lang='grc' dir='ltr'>καὶ</span> <span class='ocrx_word' id='word_1_812' title='bbox 2779 4412 3080 4482; x_wconf 65' lang='grc' dir='ltr'>ἀσφαλείας</span> <span class='ocrx_word' id='word_1_813' title='bbox 3109 4412 3548 4474; x_wconf 89' lang='grc' dir='ltr'>ἐκπεπτωκέναι,</span> <span class='ocrx_word' id='word_1_814' title='bbox 3576 4411 3664 4464; x_wconf 79' lang='grc' dir='ltr'>καὶ</span> <span class='ocrx_word' id='word_1_815' title='bbox 3687 4405 3810 4471; x_wconf 80' lang='grc' dir='ltr'>ζῶν-</span> 
     </span>
    </p>
   </div>
   <div class='ocr_carea' id='block_1_110' title="bbox 2247 4492 3811 4567">
    <p class='ocr_par' dir='ltr' id='par_1_110' title="bbox 2247 4492 3811 4567">
     <span class='ocr_line' id='line_1_110' title="bbox 2247 4492 3811 4567; baseline -0.008 -11"><span class='ocrx_word' id='word_1_816' title='bbox 2247 4520 2346 4566; x_wconf 91' lang='grc' dir='ltr'>τας</span> <span class='ocrx_word' id='word_1_817' title='bbox 2370 4503 2464 4556; x_wconf 77' lang='grc' dir='ltr'>καὶ</span> <span class='ocrx_word' id='word_1_818' title='bbox 2487 4501 2878 4564; x_wconf 87' lang='grc' dir='ltr'>τελευτῶντας,</span> <span class='ocrx_word' id='word_1_819' title='bbox 2909 4501 2970 4553; x_wconf 81' lang='grc' dir='ltr'>τὸ</span> <span class='ocrx_word' id='word_1_820' title='bbox 2999 4499 3406 4561; x_wconf 85' lang='grc' dir='ltr'>διαϐάλλεσθαι,</span> <span class='ocrx_word' id='word_1_821' title='bbox 3425 4499 3485 4552; x_wconf 82' lang='grc' dir='ltr'>τὸ</span> <span class='ocrx_word' id='word_1_822' title='bbox 3509 4492 3811 4567; x_wconf 83' lang='grc' dir='ltr'>κατηγορεῖ-</span> 
     </span>
    </p>
   </div>
   <div class='ocr_carea' id='block_1_111' title="bbox 2250 4577 3810 4661">
    <p class='ocr_par' dir='ltr' id='par_1_111' title="bbox 2250 4577 3810 4661">
     <span class='ocr_line' id='line_1_111' title="bbox 2250 4577 3810 4661; baseline -0.01 -16"><span class='ocrx_word' id='word_1_823' title='bbox 2250 4591 2398 4655; x_wconf 91' lang='grc' dir='ltr'>σθαι,</span> <span class='ocrx_word' id='word_1_824' title='bbox 2429 4589 2488 4642; x_wconf 84' lang='grc' dir='ltr'>τδ</span> <span class='ocrx_word' id='word_1_825' title='bbox 2513 4588 2784 4661; x_wconf 89' lang='grc' dir='ltr'>μηδεμίαν</span> <span class='ocrx_word' id='word_1_826' title='bbox 2815 4587 3090 4659; x_wconf 85' lang='grc' dir='ltr'>εὑρίσκειν</span> <span class='ocrx_word' id='word_1_827' title='bbox 3117 4587 3472 4659; x_wconf 89' lang='grc' dir='ltr'>παραμυθίαν</span> <span class='ocrx_word' id='word_1_828' title='bbox 3521 4584 3716 4640; x_wconf 85' lang='grc' dir='ltr'>κακῶν.</span> <span class='ocrx_word' id='word_1_829' title='bbox 3739 4577 3810 4631; x_wconf 83' lang='grc' dir='ltr'>Τά</span> 
     </span>
    </p>
   </div>
   <div class='ocr_carea' id='block_1_112' title="bbox 2248 4671 3810 4749">
    <p class='ocr_par' dir='ltr' id='par_1_112' title="bbox 2248 4671 3810 4749">
     <span class='ocr_line' id='line_1_112' title="bbox 2248 4671 3810 4749; baseline -0.006 -19"><span class='ocrx_word' id='word_1_830' title='bbox 2248 4679 2304 4731; x_wconf 84' lang='grc' dir='ltr'>δέ</span> <span class='ocrx_word' id='word_1_831' title='bbox 2336 4677 2582 4749; x_wconf 77' lang='grc' dir='ltr'>ἡμέτερα</span> <span class='ocrx_word' id='word_1_832' title='bbox 2637 4676 2946 4730; x_wconf 85' lang='grc' dir='ltr'>τούναντίον</span> <span class='ocrx_word' id='word_1_833' title='bbox 2997 4675 3161 4740; x_wconf 74' lang='grc' dir='ltr'>ἅπαν,</span> <span class='ocrx_word' id='word_1_834' title='bbox 3207 4674 3498 4744; x_wconf 83' lang='grc' dir='ltr'>ἀπαλλαγὴ</span> <span class='ocrx_word' id='word_1_835' title='bbox 3535 4671 3810 4749; x_wconf 75' lang='grc' dir='ltr'>κολάσεως.</span> 
     </span>
    </p>
   </div>
   <div class='ocr_carea' id='block_1_113' title="bbox 2250 4747 3808 4835">
    <p class='ocr_par' dir='ltr' id='par_1_113' title="bbox 2250 4747 3808 4835">
     <span class='ocr_line' id='line_1_113' title="bbox 2250 4747 3808 4835; baseline -0.005 -19"><span class='ocrx_word' id='word_1_836' title='bbox 2250 4747 2532 4835; x_wconf 82' lang='grc' dir='ltr'>ἐλευθερία</span> <span class='ocrx_word' id='word_1_837' title='bbox 2555 4760 2756 4831; x_wconf 73' lang='grc' dir='ltr'>ψυχῆς,</span> <span class='ocrx_word' id='word_1_838' title='bbox 2785 4759 3076 4828; x_wconf 81' lang='grc' dir='ltr'>ἀσφάλεια,</span> <span class='ocrx_word' id='word_1_839' title='bbox 3109 4758 3257 4825; x_wconf 81' lang='grc' dir='ltr'>δόξα,</span> <span class='ocrx_word' id='word_1_840' title='bbox 3295 4759 3452 4828; x_wconf 87' lang='grc' dir='ltr'>τιμή.</span> <span class='ocrx_word' id='word_1_841' title='bbox 3498 4756 3680 4810; x_wconf 79' lang='grc' dir='ltr'>Ταῦτα</span> <span class='ocrx_word' id='word_1_842' title='bbox 3715 4747 3808 4818; x_wconf 83' lang='grc' dir='ltr'>γὰρ</span> 
     </span>
    </p>
   </div>
   <div class='ocr_carea' id='block_1_114' title="bbox 2250 4843 3809 4921">
    <p class='ocr_par' dir='ltr' id='par_1_114' title="bbox 2250 4843 3809 4921">
     <span class='ocr_line' id='line_1_114' title="bbox 2250 4843 3809 4921; baseline -0.008 -17"><span class='ocrx_word' id='word_1_843' title='bbox 2250 4851 2429 4904; x_wconf 89' lang='grc' dir='ltr'>πάντα</span> <span class='ocrx_word' id='word_1_844' title='bbox 2451 4848 2690 4921; x_wconf 77' lang='grc' dir='ltr'>ᾐνίξατο,</span> <span class='ocrx_word' id='word_1_845' title='bbox 2751 4847 2939 4902; x_wconf 78' lang='grc' dir='ltr'>εἰπών’</span> <span class='ocrx_word' id='word_1_846' title='bbox 2993 4849 3167 4912; x_wconf 71' lang='grc' dir='ltr'>Πλὴν</span> <span class='ocrx_word' id='word_1_847' title='bbox 3215 4850 3248 4901; x_wconf 85' lang='grc' dir='ltr'><em>ὀ</em></span> <span class='ocrx_word' id='word_1_848' title='bbox 3283 4847 3427 4912; x_wconf 80' lang='grc' dir='ltr'>Θεὸς</span> <span class='ocrx_word' id='word_1_849' title='bbox 3467 4843 3809 4912; x_wconf 64' lang='grc' dir='ltr'>λυτρὼσεται</span> 
     </span>
    </p>
   </div>
   <div class='ocr_carea' id='block_1_115' title="bbox 2251 4930 3804 5008">
    <p class='ocr_par' dir='ltr' id='par_1_115' title="bbox 2251 4930 3804 5008">
     <span class='ocr_line' id='line_1_115' title="bbox 2251 4930 3804 5008; baseline -0.007 -15"><span class='ocrx_word' id='word_1_850' title='bbox 2251 4939 2366 5008; x_wconf 77' lang='grc' dir='ltr'>τὴν</span> <span class='ocrx_word' id='word_1_851' title='bbox 2386 4937 2599 5008; x_wconf 72' lang='grc' dir='ltr'>ψυχήν</span> <span class='ocrx_word' id='word_1_852' title='bbox 2619 4955 2740 5006; x_wconf 78' lang='grc' dir='ltr'>μου</span> <span class='ocrx_word' id='word_1_853' title='bbox 2755 4936 2822 4989; x_wconf 85' lang='grc' dir='ltr'>ἐκ</span> <span class='ocrx_word' id='word_1_854' title='bbox 2841 4935 3040 5005; x_wconf 81' lang='grc' dir='ltr'>χειρὸς</span> <span class='ocrx_word' id='word_1_855' title='bbox 3071 4935 3240 5002; x_wconf 83' lang='grc' dir='ltr'>ᾅδου,</span> <span class='ocrx_word' id='word_1_856' title='bbox 3277 4934 3422 4988; x_wconf 80' lang='grc' dir='ltr'>ὅταν</span> <span class='ocrx_word' id='word_1_857' title='bbox 3441 4930 3705 5003; x_wconf 73' lang='grc' dir='ltr'>λαμϐάνῃ</span> <span class='ocrx_word' id='word_1_858' title='bbox 3719 4938 3804 4993; x_wconf 82' lang='grc' dir='ltr'>με·</span> 
     </span>
    </p>
   </div>
   <div class='ocr_carea' id='block_1_116' title="bbox 2252 5017 3807 5100">
    <p class='ocr_par' dir='ltr' id='par_1_116' title="bbox 2252 5017 3807 5100">
     <span class='ocr_line' id='line_1_116' title="bbox 2252 5017 3807 5100; baseline -0.006 -19"><span class='ocrx_word' id='word_1_859' title='bbox 2252 5029 2384 5100; x_wconf 64' lang='grc' dir='ltr'>ᾅδην</span> <span class='ocrx_word' id='word_1_860' title='bbox 2429 5025 2662 5079; x_wconf 78' lang='grc' dir='ltr'>ἐνταῦθα</span> <span class='ocrx_word' id='word_1_861' title='bbox 2716 5025 2814 5094; x_wconf 81' lang='grc' dir='ltr'>τὴν</span> <span class='ocrx_word' id='word_1_862' title='bbox 2863 5024 3086 5077; x_wconf 85' lang='grc' dir='ltr'>κόλασιν</span> <span class='ocrx_word' id='word_1_863' title='bbox 3135 5023 3330 5091; x_wconf 87' lang='grc' dir='ltr'>λέγων,</span> <span class='ocrx_word' id='word_1_864' title='bbox 3390 5021 3489 5085; x_wconf 86' lang='grc' dir='ltr'>τάς</span> <span class='ocrx_word' id='word_1_865' title='bbox 3522 5017 3807 5100; x_wconf 77' lang='grc' dir='ltr'>ἀφορήτους</span> 
     </span>
    </p>
   </div>
   <div class='ocr_carea' id='block_1_117' title="bbox 2253 5099 3803 5180">
    <p class='ocr_par' dir='ltr' id='par_1_117' title="bbox 2253 5099 3803 5180">
     <span class='ocr_line' id='line_1_117' title="bbox 2253 5099 3803 5180; baseline -0.007 -10"><span class='ocrx_word' id='word_1_866' title='bbox 2253 5099 2467 5178; x_wconf 65' lang='grc' dir='ltr'>ἐκείνας</span> <span class='ocrx_word' id='word_1_867' title='bbox 2488 5113 2701 5176; x_wconf 84' lang='grc' dir='ltr'>ὀδύνας.</span> <span class='ocrx_word' id='word_1_868' title='bbox 2730 5113 3010 5180; x_wconf 84' lang='grc' dir='ltr'>Ἐννόησον</span> <span class='ocrx_word' id='word_1_869' title='bbox 3039 5111 3095 5164; x_wconf 81' lang='grc' dir='ltr'>δὲ</span> <span class='ocrx_word' id='word_1_870' title='bbox 3127 5111 3218 5163; x_wconf 72' lang='grc' dir='ltr'>καὶ</span> <span class='ocrx_word' id='word_1_871' title='bbox 3246 5109 3410 5180; x_wconf 86' lang='grc' dir='ltr'>ήλίκα</span> <span class='ocrx_word' id='word_1_872' title='bbox 3431 5109 3498 5162; x_wconf 88' lang='grc' dir='ltr'>τά</span> <span class='ocrx_word' id='word_1_873' title='bbox 3525 5107 3620 5176; x_wconf 81' lang='grc' dir='ltr'>τῆς</span> <span class='ocrx_word' id='word_1_874' title='bbox 3640 5099 3803 5172; x_wconf 68' lang='grc' dir='ltr'>τιμῆεν</span> 
     </span>
    </p>
   </div>
   <div class='ocr_carea' id='block_1_118' title="bbox 2250 5185 3803 5272">
    <p class='ocr_par' dir='ltr' id='par_1_118' title="bbox 2250 5185 3803 5272">
     <span class='ocr_line' id='line_1_118' title="bbox 2250 5185 3803 5272; baseline -0.01 -14"><span class='ocrx_word' id='word_1_875' title='bbox 2250 5205 2312 5260; x_wconf 72' lang='grc' dir='ltr'>οι)</span> <span class='ocrx_word' id='word_1_876' title='bbox 2333 5203 2502 5272; x_wconf 83' lang='grc' dir='ltr'>ταύτῃ</span> <span class='ocrx_word' id='word_1_877' title='bbox 2541 5201 2721 5271; x_wconf 88' lang='grc' dir='ltr'>μόνον,</span> <span class='ocrx_word' id='word_1_878' title='bbox 2760 5199 2893 5254; x_wconf 85' lang='grc' dir='ltr'>ἀλλά</span> <span class='ocrx_word' id='word_1_879' title='bbox 2921 5199 3015 5252; x_wconf 71' lang='grc' dir='ltr'>καὶ</span> <span class='ocrx_word' id='word_1_880' title='bbox 3038 5199 3114 5267; x_wconf 82' lang='grc' dir='ltr'>τῷ</span> <span class='ocrx_word' id='word_1_881' title='bbox 3150 5198 3496 5268; x_wconf 86' lang='grc' dir='ltr'>ἐπαγομένῳ.</span> <span class='ocrx_word' id='word_1_882' title='bbox 3527 5198 3686 5248; x_wconf 87' lang='grc' dir='ltr'>Ὅταν</span> <span class='ocrx_word' id='word_1_883' title='bbox 3711 5185 3803 5255; x_wconf 74' lang='grc' dir='ltr'>γὰρ</span> 
     </span>
    </p>
   </div>
   <div class='ocr_carea' id='block_1_119' title="bbox 2250 5277 3804 5362">
    <p class='ocr_par' dir='ltr' id='par_1_119' title="bbox 2250 5277 3804 5362">
     <span class='ocr_line' id='line_1_119' title="bbox 2250 5277 3804 5362; baseline -0.014 -16"><span class='ocrx_word' id='word_1_884' title='bbox 2250 5292 2500 5362; x_wconf 83' lang='grc' dir='ltr'>λαμϐάνῃ</span> <span class='ocrx_word' id='word_1_885' title='bbox 2541 5306 2628 5361; x_wconf 89' lang='grc' dir='ltr'>με,</span> <span class='ocrx_word' id='word_1_886' title='bbox 2654 5290 2809 5358; x_wconf 69' lang='grc' dir='ltr'>φησι,</span> <span class='ocrx_word' id='word_1_887' title='bbox 2857 5287 2977 5339; x_wconf 87' lang='grc' dir='ltr'>τότε</span> <span class='ocrx_word' id='word_1_888' title='bbox 3025 5287 3188 5339; x_wconf 76' lang='grc' dir='ltr'>αὐτὸν</span> <span class='ocrx_word' id='word_1_889' title='bbox 3217 5285 3601 5356; x_wconf 85' lang='grc' dir='ltr'>ἀκριϐέστερον</span> <span class='ocrx_word' id='word_1_890' title='bbox 3625 5277 3804 5362; x_wconf 58' lang='grc' dir='ltr'>ἂψομαι</span> 
     </span>
    </p>
   </div>
   <div class='ocr_carea' id='block_1_120' title="bbox 2253 5353 3803 5451">
    <p class='ocr_par' dir='ltr' id='par_1_120' title="bbox 2253 5353 3803 5451">
     <span class='ocr_line' id='line_1_120' title="bbox 2253 5353 3803 5451; baseline -0.004 -19"><span class='ocrx_word' id='word_1_891' title='bbox 2253 5353 2425 5451; x_wconf 74' lang='grc' dir='ltr'>ἣνῦν.</span> <span class='ocrx_word' id='word_1_892' title='bbox 2465 5353 2579 5430; x_wconf 32' lang='grc' dir='ltr'>ἇῦνν</span> <span class='ocrx_word' id='word_1_893' title='bbox 2765 5374 2851 5427; x_wconf 85' lang='grc' dir='ltr'>διά</span> <span class='ocrx_word' id='word_1_894' title='bbox 2899 5373 3133 5436; x_wconf 86' lang='grc' dir='ltr'>πίστεως</span> <span class='ocrx_word' id='word_1_895' title='bbox 3177 5353 3601 5442; x_wconf 70' lang='grc' dir='ltr'>περιπατοῦμεν,</span> <span class='ocrx_word' id='word_1_896' title='bbox 3637 5363 3702 5451; x_wconf 52' lang='grc' dir='ltr'>οἷς</span> 
     </span>
    </p>
   </div>
   <div class='ocr_carea' id='block_1_121' title="bbox 2252 5441 3801 5538">
    <p class='ocr_par' dir='ltr' id='par_1_121' title="bbox 2252 5441 3801 5538">
     <span class='ocr_line' id='line_1_121' title="bbox 2252 5441 3801 5538; baseline -0.008 -18"><span class='ocrx_word' id='word_1_897' title='bbox 2252 5467 2444 5531; x_wconf 78' lang='grc' dir='ltr'>εἴδους,</span> <span class='ocrx_word' id='word_1_898' title='bbox 2474 5465 2595 5518; x_wconf 86' lang='grc' dir='ltr'>τότε</span> <span class='ocrx_word' id='word_1_899' title='bbox 2615 5464 2672 5516; x_wconf 85' lang='grc' dir='ltr'>δὲ</span> <span class='ocrx_word' id='word_1_900' title='bbox 2703 5463 2993 5533; x_wconf 88' lang='grc' dir='ltr'>πρόσωπον</span> <span class='ocrx_word' id='word_1_901' title='bbox 3045 5459 3186 5512; x_wconf 85' lang='grc' dir='ltr'>κατὰ</span> <span class='ocrx_word' id='word_1_902' title='bbox 3229 5458 3258 5497; x_wconf 71' lang='grc' dir='ltr'>ιι</span> <span class='ocrx_word' id='word_1_903' title='bbox 3296 5457 3598 5530; x_wconf 82' lang='grc' dir='ltr'>πρόσωπον,</span> <span class='ocrx_word' id='word_1_904' title='bbox 3635 5447 3736 5517; x_wconf 83' lang='grc' dir='ltr'>Τῆς</span> <span class='ocrx_word' id='word_1_905' title='bbox 3743 5441 3801 5538; x_wconf 52' lang='grc' dir='ltr'>ξὲ</span> 
     </span>
    </p>
   </div>
   <div class='ocr_carea' id='block_1_122' title="bbox 2249 5541 3799 5626">
    <p class='ocr_par' dir='ltr' id='par_1_122' title="bbox 2249 5541 3799 5626">
     <span class='ocr_line' id='line_1_122' title="bbox 2249 5541 3799 5626; baseline -0.012 -19"><span class='ocrx_word' id='word_1_906' title='bbox 2249 5554 2430 5626; x_wconf 71' lang='grc' dir='ltr'>ψυχῆς</span> <span class='ocrx_word' id='word_1_907' title='bbox 2480 5550 2876 5622; x_wconf 86' lang='grc' dir='ltr'>λυτρουμένης,</span> <span class='ocrx_word' id='word_1_908' title='bbox 2919 5548 3010 5600; x_wconf 68' lang='grc' dir='ltr'>καὶ</span> <span class='ocrx_word' id='word_1_909' title='bbox 3043 5547 3103 5598; x_wconf 72' lang='grc' dir='ltr'>τὸ</span> <span class='ocrx_word' id='word_1_910' title='bbox 3153 5545 3310 5616; x_wconf 87' lang='grc' dir='ltr'>σῶμα</span> <span class='ocrx_word' id='word_1_911' title='bbox 3365 5543 3668 5608; x_wconf 78' lang='grc' dir='ltr'>κοινωνήσει</span> <span class='ocrx_word' id='word_1_912' title='bbox 3705 5541 3799 5582; x_wconf 67' lang='grc' dir='ltr'>των</span> 
     </span>
    </p>
   </div>
   <div class='ocr_carea' id='block_1_123' title="bbox 2249 5617 3801 5712">
    <p class='ocr_par' dir='ltr' id='par_1_123' title="bbox 2249 5617 3801 5712">
     <span class='ocr_line' id='line_1_123' title="bbox 2249 5617 3801 5712; baseline -0.008 -17"><span class='ocrx_word' id='word_1_913' title='bbox 2249 5617 2488 5712; x_wconf 71' lang='grc' dir='ltr'>ἀγαθῶν.</span> <span class='ocrx_word' id='word_1_914' title='bbox 2518 5639 2568 5693; x_wconf 84' lang='grc' dir='ltr'><em>Μ</em></span> <span class='ocrx_word' id='word_1_915' title='bbox 2583 5617 2614 5707; x_wconf 61' lang='grc' dir='ltr'><strong>ᾗ</strong></span> <span class='ocrx_word' id='word_1_916' title='bbox 2643 5617 2854 5708; x_wconf 64' lang='grc' dir='ltr'>φοϐοῦ,</span> <span class='ocrx_word' id='word_1_917' title='bbox 2886 5635 3031 5689; x_wconf 75' lang='grc' dir='ltr'>ὅταν</span> <span class='ocrx_word' id='word_1_918' title='bbox 3063 5632 3384 5703; x_wconf 69' lang='grc' dir='ltr'>πλουτήσῃ</span> <span class='ocrx_word' id='word_1_919' title='bbox 3420 5632 3730 5700; x_wconf 58' lang='grc' dir='ltr'>ἅνθρωπος,</span> <span class='ocrx_word' id='word_1_920' title='bbox 3769 5617 3801 5682; x_wconf 78' lang='grc' dir='ltr'><strong><em>ἧ</em></strong></span> 
     </span>
    </p>
   </div>
   <div class='ocr_carea' id='block_1_124' title="bbox 2315 5818 2855 5881">
    <p class='ocr_par' dir='ltr' id='par_1_124' title="bbox 2315 5818 2855 5881">
     <span class='ocr_line' id='line_1_124' title="bbox 2315 5818 2855 5881; baseline -0.011 -10"><span class='ocrx_word' id='word_1_921' title='bbox 2315 5823 2341 5864; x_wconf 63' lang='grc' dir='ltr'>Ιτ</span> <span class='ocrx_word' id='word_1_922' title='bbox 2367 5820 2514 5871; x_wconf 70' lang='grc' dir='ltr'>Ξαιὶί.</span> <span class='ocrx_word' id='word_1_923' title='bbox 2544 5826 2594 5869; x_wconf 75' lang='grc' dir='ltr'>εί</span> <span class='ocrx_word' id='word_1_924' title='bbox 2617 5818 2700 5869; x_wconf 73' lang='lat' dir='ltr'>alii</span> <span class='ocrx_word' id='word_1_925' title='bbox 2722 5819 2855 5881; x_wconf 76' lang='grc' dir='ltr'>πρός.</span> 
     </span>
    </p>
   </div>
  </div>
