4064 6412
159 373 274 430 2³57

160 486 296 558 quis
325 484 393 540 sit
417 479 673 538 dominus
701 481 949 545 alterius,
989 491 1042 536 et
1071 481 1286 538 ubinam
1332 480 1635 551 resplendet
1664 479 1763 534 do-

162 579 449 640 minatus;
479 576 601 644 qnis
629 574 701 629 sit
727 575 816 644 qui
845 574 1104 643 imperat,
1137 582 1189 628 ct
1217 575 1334 643 quis
1366 583 1516 640 paret
1545 573 1766 628 alterius

163 669 426 739 imperio.
455 666 740 733 Quomodo
768 681 895 736 ergo
931 665 1030 720 hoc
1055 666 1328 720 sciemus?
1367 665 1478 720 Rex
1511 681 1622 720 rem
1652 681 1764 719 ma-

164 765 280 818 Iam
329 770 384 818 et
427 761 630 815 scelere
657 759 870 830 plenam
897 760 1102 830 privato
1131 761 1388 830 imperet;
1439 760 1564 830 quid
1613 761 1770 829 igitur

165 855 355 908 bonus
389 853 476 907 ille
519 852 756 921 privatus
787 860 842 905 et
869 851 956 920 qui
1001 851 1052 906 ei
1099 850 1418 919 subjicitur?
1460 849 1576 904 Non
1608 850 1767 905 modo

166 964 282 1002 noli
309 945 616 1016 acquiescet
637 987 651 1008 ,
682 960 781 999 nec
808 945 1053 1006 obediet.
1084 944 1176 999 sed
1207 961 1328 998 eum
1353 947 1512 999 etiam
1543 944 1632 1014 qui
1663 945 1764 997 im-

166 1047 330 1107 perat
355 1078 369 1102 ,
416 1037 697 1092 conabitur
723 1035 990 1091 abducere
1030 1035 1100 1090 ab
1145 1037 1420 1102 instituto,
1466 1036 1587 1090 licet
1629 1037 1764 1092 muri

166 1139 442 1199 oporteat.
491 1129 622 1198 Quis
665 1138 748 1184 cst
792 1144 920 1198 ergo
969 1128 1148 1183 liber?
1190 1129 1306 1181 isne.
1349 1129 1438 1198 qui
1482 1127 1622 1198 quod
1656 1129 1768 1183 vult

169 1226 302 1280 facit
323 1267 337 1288 ,
368 1235 422 1280 et
452 1239 518 1278 ne
549 1239 726 1294 regem
753 1223 968 1293 quidem
1009 1223 1196 1276 metuit
1224 1238 1236 1273 :
1265 1237 1332 1275 an
1363 1237 1434 1290 qu
1493 1237 1524 1276 a
1553 1221 1764 1276 subdito

165 1333 271 1372 suo
296 1315 704 1372 contemnitur?
735 1315 804 1369 Et
847 1331 916 1370 ne
959 1313 1013 1368 in
1045 1313 1247 1368 incerto
1275 1312 1519 1381 exemplo
1562 1313 1765 1382 prolixa

165 1418 393 1464 utamur
421 1408 664 1462 oratione
702 1425 715 1460 :
757 1420 891 1460 uxor
920 1405 1236 1473 Pentepbrte
1260 1403 1511 1474 Egyptia
1537 1443 1553 1467 ,
1585 1418 1762 1457 annon

164 1511 288 1557 erat
318 1500 504 1570 regina
531 1497 605 1570 (a)
629 1499 653 1552 ?
679 1513 854 1553 annon
897 1499 990 1552 toti
1020 1497 1254 1568 Egypto
1282 1495 1546 1566 pricerat?
1584 1510 1762 1550 annon

165 1591 409 1649 habebat
443 1607 624 1662 regem
654 1589 974 1661 conjugem?
1007 1604 1184 1644 annon
1217 1589 1504 1644 maximam
1535 1589 1764 1646 habebat

164 1692 494 1755 potestatem
522 1681 674 1753 (Gen.
704 1681 794 1738 '59.
823 1680 931 1751 7)?
961 1679 1096 1748 Quid
1135 1695 1262 1734 vero
1298 1679 1539 1750 Joseph?
1583 1696 1763 1737 nonne

163 1775 407 1832 servus?
452 1788 632 1828 nonne
661 1772 943 1842 captivus?
983 1785 1160 1826 nonne
1188 1770 1421 1826 famulus
1445 1772 1763 1843 emptitius?

164 1884 354 1924 nonne
391 1867 481 1922 illa
523 1867 779 1922 adversus
817 1865 1206 1921 adolescentem
1235 1880 1449 1921 omnem
1475 1866 1647 1922 aciem
1677 1866 1749 1920 in-

163 1961 408 2025 struxit,
443 1973 547 2012 non
590 1958 678 2012 alii
725 1957 847 2013 belli
893 1972 1076 2012 curam
1106 1957 1482 2023 committens,
1525 1957 1617 2013 sed
1649 1959 1761 2028 ipsa

162 2054 506 2111 descendens
534 2054 590 2109 in
618 2053 830 2109 aciem?
877 2052 1007 2120 Quis
1047 2068 1176 2124 ergo
1223 2061 1351 2108 tunc
1392 2061 1508 2108 erat
1551 2067 1759 2115 servus,

161 2149 293 2219 quis
323 2149 504 2203 liber?
531 2147 692 2202 illane
721 2162 840 2217 qua:
865 2146 1202 2216 precabatur,
1235 2147 1452 2211 orabat,
1481 2155 1535 2202 et
1561 2147 1764 2218 suppli-

163 2241 350 2304 cabat,
377 2248 431 2294 et
459 2255 566 2295 non
595 2240 818 2304 homini,
841 2239 934 2295 sed
961 2239 1356 2308 improbissimo
1379 2239 1541 2294 animi
1572 2239 1764 2295 morbo

163 2330 441 2385 serviebat
466 2347 478 2382 :
502 2345 569 2384 an
597 2330 641 2384 is
666 2330 753 2400 qui
779 2330 1154 2386 contemnebat
1172 2329 1439 2395 diadema,
1465 2339 1756 2399 sceptrum,

166 2439 463 2493 purpuram
489 2465 502 2486 ,
547 2433 602 2478 et
647 2439 858 2478 omnem
903 2424 1042 2478 illam
1087 2433 1366 2478 externam
1419 2424 1652 2494 speciem
1699 2439 1764 2480 ac

167 2530 446 2584 pompam,
478 2525 531 2569 et
563 2514 898 2569 rescindebat
921 2515 1038 2585 ejus
1062 2514 1548 2570 machinationem?
1575 2515 1763 2571 Nonne

166 2608 253 2660 illa
285 2605 505 2677 quidem
529 2607 793 2677 repulsam
825 2621 976 2676 passa
1000 2607 1242 2673 recessit,
1264 2616 1316 2662 et
1338 2607 1425 2661 alii
1450 2622 1636 2662 rursus
1655 2609 1763 2662 ani-

167 2700 241 2753 mi
263 2700 457 2754 morbo
476 2699 771 2769 mancipata
791 2708 892 2765 est,
923 2714 1113 2770 nempe
1144 2699 1258 2766 iras,
1282 2716 1401 2770 quae
1422 2700 1628 2755 ratione
1653 2716 1762 2756 non

172 2792 393 2860 regitur,
426 2801 478 2845 et
514 2790 800 2855 vindictae;
845 2790 935 2844 hic
963 2806 1090 2845 vero
1128 2792 1257 2844 exiit
1297 2791 1470 2860 capite
1513 2791 1763 2848 redimito

172 2882 387 2936 Curonis
434 2881 750 2948 innumeris,
800 2891 853 2936 et
899 2882 948 2935 in
998 2882 1108 2951 ipsa
1156 2882 1414 2938 servitute
1460 2882 1764 2938 libertatem

174 2975 349 3043 magis
386 2973 818 3042 reSpIcndentem
861 2972 1199 3026 ostendens?

249 3066 338 3120 10.
373 3063 543 3119 Virtus
569 3065 762 3129 libera;
786 3065 961 3117 vitium
987 3080 1204 3118 servum.
1231 3095 1303 3104 —
1330 3064 1470 3120 Nihil
1497 3075 1580 3122 est
1617 3067 1761 3122 enim

172 3173 333 3226 neque
353 3157 573 3213 liberum
601 3168 659 3212 ut
684 3158 868 3225 virtus,
901 3157 1030 3213 nihil
1055 3174 1206 3229 mque
1231 3173 1445 3214 servum
1473 3168 1532 3214 ut
1554 3159 1759 3215 vitium.

173 3250 251 3306 Et
297 3251 418 3304 ideo
465 3250 587 3305 dicit
630 3251 792 3306 etiam
835 3250 961 3307 alibi
1006 3251 1312 3322 quispiam:
1345 3251 1563 3321 Sapiens
1592 3268 1764 3308 servus

174 3343 418 3398 obtinebit
445 3343 752 3398 dominatum
791 3344 844 3397 in
874 3344 1100 3398 dominas
1129 3344 1420 3414 insipientes
1448 3343 1640 3416 (Prov.
1671 3345 1758 3400 17.

170 3436 275 3504 2).
323 3435 776 3502 Quemadmodum
822 3436 964 3490 enim
1003 3438 1282 3506 captivus,
1327 3437 1426 3491 etsi
1473 3438 1764 3493 immensas

173 3526 370 3581 habeat
397 3526 628 3590 divitias,
675 3541 740 3582 eo
789 3526 904 3596 ipso
943 3526 1099 3582 facile
1145 3529 1261 3597 capi
1311 3536 1484 3598 potest
1511 3537 1566 3584 et
1593 3544 1762 3598 expu-

169 3618 322 3686 gnari
352 3616 420 3672 ab
449 3617 695 3672 omnibus
725 3636 736 3671 :
765 3619 835 3673 ita
865 3619 1024 3672 etiam
1052 3619 1138 3690 qui
1182 3619 1250 3674 ab
1277 3620 1439 3673 animi
1480 3620 1762 3690 perturba-

175 3709 410 3763 tionibus
436 3718 622 3778 captus
651 3717 733 3763 est
751 3749 767 3774 ,
795 3717 876 3764 est
903 3709 1008 3765 tela
1035 3724 1245 3764 aranea:
1271 3709 1447 3764 vilior.
1470 3711 1605 3779 Quid
1636 3727 1762 3766 vero

173 3804 230 3856 in
262 3802 403 3857 bello
426 3802 451 3854 ?
477 3817 652 3855 annon
678 3810 772 3857 eus
801 3801 1040 3857 videmus
1058 3803 1322 3860 vincere?
1357 3803 1495 3871 Quid
1523 3803 1573 3856 in
1602 3802 1762 3858 rebus

171 3892 470 3948 tractandis
508 3903 562 3946 et
588 3893 992 3948 consultandis?
1033 3909 1209 3948 annon
1253 3909 1372 3964 qum
1401 3893 1585 3948 dicunt
1611 3892 1763 3948 firma

170 3994 299 4038 sunt
327 3993 382 4039 et
411 3984 619 4038 stabilia
643 4024 660 4048 ,
702 3985 802 4039 etsi
833 3985 1007 4040 nullus
1037 3986 1264 4055 pareat?
1309 3985 1444 4051 Quid
1487 3995 1666 4040 autem
1708 3986 1762 4039 in

173 4079 240 4132 iis
268 4093 388 4148 qua:
418 4077 553 4132 hanc
579 4079 742 4132 vitam
785 4079 1226 4148 consequuntur?
1264 4094 1443 4133 annon
1484 4078 1635 4134 dives
1675 4077 1764 4134 ille

172 4183 446 4240 tamquam
477 4171 752 4226 mendicus
789 4179 988 4241 guttam
1020 4171 1192 4240 petiit,
1236 4186 1334 4226 nec
1362 4186 1478 4226 eam
1508 4171 1764 4240 impetra-

173 4262 293 4314 vit?
335 4275 536 4330 pauper
561 4271 769 4327 autem,
815 4261 1064 4331 quoniam
1095 4271 1211 4316 erat
1249 4261 1419 4316 bonus
1461 4269 1516 4316 et
1554 4262 1765 4317 virtutis

175 4350 470 4415 studiosus,
499 4366 674 4404 annon
706 4351 759 4405 in
791 4351 1020 4405 maxima
1046 4350 1144 4404 fuit
1182 4350 1450 4416 felicitate,
1487 4361 1542 4407 et
1576 4353 1762 4407 eadem

174 4446 227 4499 ei
256 4461 374 4498 sors
400 4460 519 4514 qua:
544 4444 773 4499 Abrahae
798 4445 988 4514 obtigit
1015 4442 1166 4516 (Luc.
1195 4444 1282 4499 16.
1305 4442 1414 4515 24)
1437 4444 1462 4497 ?
1499 4443 1633 4511 Quid
1663 4460 1762 4499 au-

177 4548 288 4591 tem
317 4536 371 4590 in
401 4535 699 4605 apostolis?
741 4550 916 4590 annon
959 4536 1121 4591 vincti
1146 4577 1160 4601 ,
1204 4535 1382 4606 ﬂagris
1411 4538 1573 4600 caesi,
1606 4536 1765 4590 innu-

178 4644 325 4683 mera
358 4628 493 4683 mala
525 4629 686 4698 passi,
718 4643 812 4683 eos
837 4627 1160 4698 superabant
1187 4628 1276 4698 qui
1317 4628 1436 4682 illos
1463 4629 1615 4682 malis
1645 4628 1766 4682 affi-

174 4719 392 4774 ciebant
429 4717 604 4786 (Rom.
635 4719 686 4774 8.
705 4719 816 4784 57.;
834 4717 887 4771 2.
911 4717 1033 4773 Cor.
1057 4717 1110 4770 4.
1133 4716 1227 4788 8)?
1245 4716 1431 4788 Cogita
1457 4733 1585 4789 ergo
1606 4734 1764 4788 quam

175 4810 341 4864 animi
385 4809 575 4863 dubios
617 4819 672 4865 et
715 4809 1002 4881 perplexas
1031 4824 1126 4865 eos
1165 4807 1498 4876 reddebant,
1546 4809 1682 4864 adeo
1711 4819 1766 4865 ut

174 4906 421 4958 dicerent
451 4919 463 4956 :
499 4903 633 4969 Quid
660 4902 904 4973 faciemus
933 4903 1010 4956 Itis
1051 4901 1335 4957 hominibus
1361 4902 1508 4971 (Art.
1537 4903 1591 4957 4.
1620 4901 1762 4973 16)Ῐ

174 4993 342 5063 Atqui
371 4995 617 5048 tenebant
644 5008 737 5048 eos
762 4994 987 5055 vinctos,
1014 5001 1069 5046 et
1097 4993 1147 5047 in
1173 4993 1594 5064 mediisjudiciis
1614 5009 1750 5049 cem-

180 5087 510 5155 prebensos;
540 5095 594 5141 et
623 5085 937 5142 obtinebant
976 5085 1048 5140 illi
1087 5085 1298 5155 quidem
1331 5086 1503 5140 locum
1528 5085 1765 5156 judicum

179 5187 239 5231 et
263 5177 665 5246 magistratuum
688 5219 702 5244 ,
751 5177 802 5231 bi
833 5193 958 5232 vero
990 5186 1256 5246 tamquam
1286 5179 1362 5233 rei
1402 5178 1509 5232 illic
1535 5179 1767 5244 stabant,

183 5277 235 5321 (-l
268 5268 318 5321 bi
365 5276 536 5321 tatnen
579 5269 697 5322 illos
727 5267 988 5322 vicerunt.
1020 5267 1228 5338 Ubique
1265 5269 1499 5340 denique
1520 5310 1535 5332 .
1577 5270 1620 5324 si
1650 5270 1770 5340 quis

185 5360 467 5430 diligenter
493 5361 835 5426 consideret,
875 5362 1077 5416 videbit
1117 5363 1284 5418 virum
1329 5363 1526 5419 bonum
1557 5366 1771 5421 vineare

189 5453 356 5506 virum
381 5451 684 5522 improbum
715 5471 728 5507 :
760 5469 927 5522 eaque
959 5469 1082 5508 vere
1113 5464 1196 5508 cst
1225 5455 1442 5510 victoria
1467 5497 1482 5520 ,
1523 5471 1629 5511 non
1655 5457 1770 5510 vnl-

192 5544 324 5612 garis
357 5545 438 5598 illa
466 5560 586 5615 quzc
614 5544 746 5598 falsa
773 5555 850 5600 est
881 5553 937 5600 et
967 5546 1138 5600 fucata
1156 5585 1172 5611 ,
1212 5561 1275 5600 ac
1303 5562 1422 5616 qua:
1460 5547 1613 5602 facile
1638 5563 1770 5602 con-

229 5648 320 5720 .(a)
350 5657 462 5699 Cum
485 5653 557 5701 ait
580 5650 876 5722 Petepbren,
922 5662 1015 5699 seu
1049 5650 1358 5759 PuSFlmrem
1379 5650 1544 5702 fuisse
1580 5665 1772 5716 regem,

229 5724 385 5759 ttmue
404 5724 614 5759 “mrem
638 5725 878 5759 remnam.
899 5719 1100 5759 tronom
1165 5725 1294 5759 oaue
1329 5712 1560 5759 loouendi
1585 5728 1679 5759 non
1707 5717 1772 5759 in-

199 5712 385 5774 cjnvjue
404 5724 614 5762 nx0rem
638 5712 878 5776 reginam.
899 5719 1037 5774 tropo
1054 5712 1294 5774 modoque
1329 5712 1560 5776 loquendi
1585 5712 1679 5763 non
1707 5712 1776 5763 in-

197 5780 326 5893 iugulo
346 5779 516 5836 utitur,
542 5789 644 5837 quo
669 5788 760 5823 rex
784 5775 957 5826 dicitur
987 5777 1026 5822 is
1043 5776 1123 5838 qui
1161 5782 1400 5836 mtestate
1421 5785 1468 5825 ct
1488 5777 1776 5830 auctoritate

231 5847 255 5881 3
311 5847 369 5890 ct.
1216 5851 1224 5856 '

1271 364 1626 424 EXPOSITIO
1666 362 1728 418 IN
1773 362 2091 424 PSALMUM
2129 368 2358 432 XLVIII.

3356 393 3462 449 9.58

1876 484 2138 554 vincitur,
2182 491 2276 546 sed
2323 492 2409 547 illa
2454 493 2638 561 firma,
2676 499 2919 564 stabilis,
2959 511 3013 558 et
3058 505 3361 563 immobilis.
3395 510 3462 564 Et

1871 579 2122 636 auxilium
2164 599 2338 638 eorum
2380 595 2648 642 veterascet
2691 591 2743 645 in
2788 593 2988 666 inferno
3016 610 3036 650 :
3067 596 3169 653 hoc
3208 609 3312 663 est,
3357 602 3461 657 erit

1871 671 2218 730 imbecillum.
2263 677 2415 744 Quod
2459 690 2639 736 autem
2685 683 2953 751 dicit,est
2996 688 3257 758 ejusmodi
3294 710 3307 747 :
3340 692 3455 750 Non

1870 761 2042 816 solum
2088 764 2178 820 hic
2217 767 2368 823 facile
2393 771 2510 840 capi
2543 783 2828 842 poterunt,
2861 778 3008 832 nullo
3035 795 3192 849 opem
3228 783 3456 851 ferente,

1870 853 2019 908 nullo
2048 871 2262 912 manum
2292 861 2583 929 praebente,
2608 865 2856 920 omnibus
2880 871 3126 937 expositi,
3159 871 3266 926 imo
3293 874 3455 931 etiam

1867 946 2008 1015 quod
2037 958 2122 1002 est
2149 950 2396 1019 gravius,
2439 968 2510 1008 ne
2553 954 2661 1010 illic
2687 956 2902 1026 quidem
2933 959 3202 1016 habebunt
3241 965 3329 1033 qui
3360 965 3440 1020 de

1867 1038 2070 1105 fendat,
2101 1043 2455 1122 opemfcrat,
2491 1061 2705 1102 manum
2735 1049 3001 1119 prwbeat,
3031 1062 3086 1107 et
3113 1070 3298 1110 eorum
3323 1071 3448 1128 sup-

1869 1129 2084 1198 plicium
2136 1135 2462 1188 consoletur.
2506 1136 2689 1207 Itaque
2740 1156 2840 1196 nec
2885 1141 3121 1213 virgines
3166 1146 3456 1214 prudentes

1866 1223 2045 1277 stultis
2093 1239 2248 1294 opem
2298 1225 2438 1282 ferre
2484 1239 2770 1298 potuerunt
2817 1233 3039 1302 (Matth.
3067 1235 3154 1290 25.
3187 1236 3303 1306 9),
3349 1256 3453 1295 non

1868 1313 2135 1367 Abraham
2162 1316 2308 1371 diviti
2341 1317 2513 1387 (Luc.
2541 1321 2628 1375 16.
2656 1321 2726 1377 25
2747 1323 2794 1392 ),
2828 1340 2933 1379 non
2971 1325 3081 1380 Noe
3105 1367 3118 1390 ,
3149 1336 3204 1381 ct
3225 1327 3362 1396 Job,
3393 1340 3450 1384 et

1867 1404 2052 1458 Daniel
2085 1406 2206 1460 filiis
2243 1411 2301 1457 et
2341 1406 2560 1467 filiabus
2599 1409 2821 1481 (Ezecli.
2855 1414 2943 1468 14.
2970 1416 3095 1485 20).
3127 1417 3260 1473 Illud
3285 1419 3452 1487 enim,

1877 1495 2180 1563 Velerascet,
2210 1508 2314 1565 est,
2343 1500 2442 1554 erit
2472 1501 2815 1569 imbecillmn,
2846 1518 3129 1562 evanescct
3157 1525 3219 1564 ac
3244 1509 3450 1565 delebi-

1867 1595 1954 1640 tur
1983 1603 1997 1640 :
2031 1587 2180 1653 Quod
2207 1590 2350 1642 enim
2384 1593 2638 1646 veterascit
2681 1611 2742 1647 ac
2780 1599 3120 1664 consenescit,
3167 1617 3270 1654 non
3305 1602 3455 1672 longe

1865 1680 2002 1734 abest
2038 1681 2102 1735 ab
2136 1682 2359 1737 interitu.
2399 1685 2444 1738 A
2481 1684 2649 1756 gloria
2675 1704 2769 1742 sua
2806 1691 3056 1745 exturbati
3098 1702 3215 1747 sunt
3245 1693 3450 1764 (Hebr.

1865 1772 2076 1842 8.15).

1914 1864 1971 1919 Μ
1976 1876 2242 1920 onumenta
2258 1867 2474 1938 superba
2495 1872 2838 1928 accusationes
2865 1885 3197 1930 mortuorum.
3212 1907 3284 1916 —
3299 1877 3453 1945 Quod

1865 1959 2098 2014 maxime
2121 1959 2520 2028 desiderabant,
2553 1973 2772 2035 propter
2791 1967 2932 2036 qttud
2958 1969 3134 2022 omnia
3165 1969 3451 2034 faciebant,

1862 2060 1919 2106 et
1966 2051 2100 2106 nihil
2143 2069 2248 2108 non
2293 2055 2676 2123 moliebantur,
2723 2074 2916 2129 nempe
2961 2069 3018 2114 ut
3059 2072 3177 2131 post
3219 2073 3448 2119 mortem

1863 2159 2114 2214 magnam
2157 2146 2256 2200 sibi
2301 2157 2550 2216 pararent
2589 2150 2810 2219 gloriam
2837 2192 2853 2218 ,
2893 2166 2989 2221 per
3025 2153 3313 2222 pecunias,
3357 2170 3455 2224 per

1864 2238 2112 2302 aediﬁcia,
2145 2253 2242 2308 per
2263 2241 2529 2309 sepulcra,
2557 2257 2656 2312 per
2676 2244 2891 2298 nomina
2919 2244 3172 2314 inscripta
3195 2247 3245 2300 in
3273 2247 3452 2317 sepul-

1863 2330 2010 2394 cris;
2051 2329 2119 2383 ab
2144 2345 2232 2394 eo,
2262 2330 2452 2400 inquit,
2484 2333 2758 2398 excident,
2788 2333 2930 2404 quod
2958 2351 3050 2388 eos
3078 2337 3306 2391 maxima
3338 2352 3454 2392 mo-

1864 2419 2016 2475 lestia
2046 2420 2312 2476 afficiebat
2339 2421 2464 2477 dum
2507 2423 2787 2491 viverent,
2825 2433 2880 2480 et
2904 2425 3018 2481 bare
3047 2427 3266 2482 scirent.
3303 2427 3452 2483 Talia

1863 2511 2007 2565 enim
2052 2511 2276 2566 mdificia
2329 2524 2454 2568 sunt
2499 2515 2876 2572 accusationes
2923 2527 3278 2574 mortuorum.
3321 2518 3453 2574 Nam

1864 2604 1964 2658 etsi
1990 2619 2188 2674 corpus
2219 2613 2358 2659 terra
2389 2613 2612 2679 tegatur,
2646 2607 2849 2678 lapides
2879 2618 3055 2664 tamen
3083 2625 3270 2666 vocem
3302 2612 3455 2666 cmit-

1867 2704 2004 2764 tunt,
2051 2711 2236 2751 eorum
2283 2697 2653 2754 crudelitatem
2699 2709 2754 2754 et
2793 2701 3174 2772 impudentiam
3218 2703 3455 2773 quotidie

1863 2798 2196 2853 accusantes,
2240 2806 2553 2847 communes
2581 2807 2673 2848 eos
2701 2791 2883 2848 hostes
2911 2795 3331 2863 proclamantes,
3358 2809 3454 2850 eos

1863 2881 1953 2952 qui
1982 2891 2328 2951 praetereunt,
2358 2891 2416 2938 ut
2439 2897 2532 2938 eos
2562 2882 2694 2938 diris
2721 2893 2775 2938 et
2802 2884 3099 2938 maledictis
3131 2900 3454 2956 persequan-

1865 2981 1952 3027 tur
1975 2983 2030 3028 et
2057 2983 2351 3040 accusent,
2388 2975 2694 3030 invitantes.
2739 2975 2996 3042 Quaenam
3039 2985 3120 3030 est
3165 2992 3295 3046 ergo
3337 2977 3453 3032 haec

1863 3063 2066 3134 gloria,
2106 3074 2470 3120 accusatorem
2517 3065 2818 3136 relinquere
2864 3080 2968 3120 non
3013 3074 3316 3134 tacentem,
3357 3068 3452 3122 sed

1865 3155 1985 3212 solo
2009 3167 2226 3226 aspectu
2255 3171 2348 3212 ora
2375 3158 2615 3211 omnium
2645 3157 2996 3226 aperientem,
3025 3169 3078 3211 et
3103 3157 3243 3227 apud
3265 3172 3454 3213 onmes

1865 3249 1956 3320 qui
1985 3247 2167 3304 vident
2204 3256 2259 3304 et
2299 3249 2602 3315 accedunt,
2633 3264 2726 3304 eos
2757 3249 2848 3320 qui
2876 3248 3209 3304 azdilicarunt
3246 3251 3453 3320 gravis-

1864 3343 2002 3398 sime
2027 3343 2432 3412 increpantem?
2456 3341 2722 3410 Quidnam
2749 3350 2925 3412 potest
2949 3357 3070 3397 cum
3100 3341 3199 3397 hac
3221 3341 3452 3398 conferri

1865 3433 2110 3500 stultitia,
2139 3432 2353 3504 quando
2380 3448 2442 3488 ea
2470 3433 2672 3490 faciunt
2697 3432 2765 3488 de
2791 3434 2984 3504 quibus
3012 3433 3323 3504 puniuntur,
3356 3448 3454 3504 pro

1865 3526 2056 3596 quibus
2085 3535 2408 3581 accusantur
2426 3568 2441 3593 ,
2480 3533 2699 3597 propter
2728 3541 2848 3596 qua:
2877 3526 3040 3580 etiam
3082 3535 3200 3595 post
3226 3535 3451 3581 mortem

1864 3635 1894 3674 a
1921 3619 2102 3675 multis
2124 3619 2448 3676 effodiuntur
2473 3636 2487 3673 :
2515 3635 2580 3673 ex
2608 3618 2800 3689 quibus
2828 3619 3245 3685 exsecrationes,
3273 3634 3454 3688 repre-

1865 3711 2152 3766 hensiones
2180 3719 2236 3766 et
2262 3711 2424 3765 multa
2451 3710 2675 3764 crimina
2707 3710 2950 3764 oriuntur
2969 3751 2984 3776 ,
3017 3719 3122 3764 tam
3148 3709 3220 3763 ab
3258 3710 3337 3764 eis
3361 3711 3450 3779 qui

1865 3803 2057 3872 injuria
2079 3801 2253 3856 atl‘ecti
2279 3809 2424 3867 sunt,
2445 3815 2603 3871 quam
2625 3799 2715 3869 qui
2743 3814 2848 3854 non
2873 3799 3048 3853 affecti
3074 3800 3230 3854 sunt?
3253 3799 3339 3854 16.
3359 3798 3452 3853 Ve-

1863 3903 2146 3947 rumtamen
2169 3890 2308 3946 Deus
2329 3891 2536 3945 redimet
2556 3890 2778 3944 animam
2800 3905 2962 3943 meam
2985 3889 3048 3942 de
3069 3905 3224 3943 manu
3244 3890 3451 3961 inferni,

1864 3987 2069 4059 quando
2089 3986 2334 4057 acceperit
2360 4001 2458 4038 me.
2492 3985 2778 4054 Postquam
2804 3983 2935 4037 dixit
2963 3982 3265 4038 mercedem
3287 3983 3453 4037 maloc

1866 4094 1984 4133 rum
2009 4121 2024 4144 ,
2057 4086 2108 4132 et
2135 4076 2458 4146 stipendium
2491 4075 2712 4145 peccati,
2755 4075 2884 4130 dicit
2920 4074 3079 4129 etiam
3107 4073 3323 4144 praemia
3357 4073 3454 4128 bo-‘

1867 4184 2058 4225 norum
2093 4187 2107 4223 :
2139 4169 2282 4240 quod
2309 4179 2363 4224 et
2388 4168 2503 4238 ipse
2531 4179 2586 4222 et
2619 4168 2706 4222 alii
2739 4166 3011 4238 prepbeta:
3051 4167 3229 4222 facere
3258 4167 3452 4233 solent,

1867 4272 1925 4318 ut
1969 4278 2033 4318 ex
2079 4271 2304 4332 utroque
2348 4260 2651 4315 auditorum
2699 4259 2998 4325 instituant,
3052 4275 3244 4330 nempe
3287 4268 3340 4313 et
3383 4275 3450 4313 ex

1868 4356 2044 4427 poenis
2070 4364 2412 4426 peccatorum
2437 4395 2450 4419 ,
2483 4364 2538 4410 et
2566 4370 2631 4409 ex
2672 4354 2906 4425 praemiis
2930 4354 3161 4407 virtutis.
3211 4351 3284 4405 Ita
3326 4366 3456 4421 ergo

1867 4463 1928 4502 se
1954 4447 2153 4502 habent
2176 4461 2264 4502 res
2289 4447 2523 4512 illorum,
2555 4443 2791 4510 infamia,
2817 4444 2966 4498 labor
2989 4442 3183 4506 inanis,
3207 4442 3453 4508 stultitia,

1869 4541 2028 4602 risus,
2057 4539 2290 4594 dedecus
2310 4579 2325 4603 ,
2357 4537 2633 4601 interitus,
2663 4551 2806 4590 mors
2829 4576 2844 4601 ,
2874 4544 3220 4602 tormentum,
3259 4549 3454 4604 perpcv

1870 4639 2019 4684 tuum
2065 4629 2420 4700 supplicium,
2469 4627 2728 4682 molestiis
2776 4627 3072 4697 expositum
3118 4641 3148 4680 a
3189 4627 3357 4697 gloria
3402 4637 3457 4682 et

1869 4721 2158 4776 securitate
2195 4719 2487 4784 excidisse,
2515 4720 2664 4773 vivos
2693 4727 2748 4774 et
2785 4726 3055 4785 mortuos,
3089 4719 3372 4790 vituperari
3403 4729 3459 4775 et

1871 4811 2133 4876 accusari,
2167 4809 2368 4864 nullum
2396 4809 2641 4864 invenire
2666 4809 2928 4864 malorum
2959 4809 3225 4864 solatium.
3267 4809 3458 4864 Nostra

1872 4913 2049 4958 autem
2075 4910 2261 4957 contra
2294 4917 2352 4956 se
2381 4901 2583 4956 habent
2610 4899 2811 4968 omnia,
2850 4901 3095 4956 liberatio
3120 4916 3150 4955 a
3176 4902 3458 4971 supplicio,

1872 4995 2090 5049 libertas
2118 4993 2312 5048 animze
2331 5033 2347 5060 ,
2383 4994 2642 5049 securitas
2662 5034 2677 5060 ,
2711 4992 2884 5047 honor
2903 5034 2917 5059 ,
2944 4993 3131 5065 gloria.
3168 4995 3290 5048 lla-c
3315 4995 3460 5048 enim

1873 5089 2052 5142 omnia
2079 5085 2452 5154 subindicavit,
2481 5102 2600 5141 cum
2622 5085 3150 5143 dixit:Verumtamen
3180 5086 3316 5139 Deus
3345 5086 3462 5140 red-

1873 5181 1989 5233 imet
2034 5181 2257 5234 animam
2287 5197 2446 5234 meant
2477 5181 2538 5234 de
2565 5198 2719 5234 manu
2750 5182 2959 5252 inferni,
2985 5181 3188 5250 quando
3213 5179 3462 5249 acceperit

1875 5289 1952 5325 me
1987 5288 2005 5325 :
2033 5273 2232 5327 inferos
2271 5271 2358 5328 hic
2402 5273 2587 5328 dicens
2631 5273 2988 5342 supplicium,
3035 5273 3301 5326 cruciatus
3344 5272 3462 5325 illos

1877 5366 2262 5421 intolerabiles.
2311 5365 2602 5421 Considera
2651 5377 2828 5419 autem
2873 5373 3102 5434 quantus
3147 5363 3219 5416 sit
3267 5363 3460 5428 honor,

1881 5474 1988 5512 non
2023 5468 2238 5528 propter
2265 5457 2366 5511 hoc
2397 5467 2599 5512 tantum
2623 5498 2637 5522 ,
2670 5456 2763 5510 sed
2809 5457 2970 5510 etiam
2997 5466 3214 5528 propter
3245 5457 3296 5510 id
3319 5458 3461 5527 quod

1879 5549 2235 5620 subjungitur.
2279 5551 2408 5603 Cum
2448 5549 2609 5613 enim,
2655 5547 2843 5617 inquit,
2885 5549 3155 5617 acceperit
3187 5563 3302 5614 me,
3341 5557 3465 5602 tunc

1880 5642 2054 5712 ipsum
2092 5639 2284 5694 videbo
2326 5639 2525 5694 clarius
2566 5655 2722 5708 quam
2775 5652 2934 5692 nunc.
2978 5636 3132 5693 Nunc
3177 5639 3320 5694 enim
3370 5655 3465 5708 per

1883 5735 2040 5790 fidem
2068 5733 2422 5794 ambulamus,
2446 5748 2552 5785 non
2572 5743 2671 5797 per
2697 5730 2953 5800 speciem,
2979 5739 3105 5785 tunc
3129 5741 3307 5785 autem
3333 5730 3466 5788 facit:

1885 5827 1950 5883 ad
1979 5826 2163 5882 faciem
2199 5827 2283 5898 (l.
2309 5823 2426 5879 Cor.
2461 5823 2542 5879 15.
2580 5821 2694 5892 I2).
2725 5820 3017 5893 Rcdcmpta
3046 5831 3222 5878 autem
3261 5823 3463 5890 anima,
