4064 6414
630 390 733 448 938

629 518 824 575 corpus
849 517 1058 580 quoque
1082 502 1184 558 erit
1207 500 1468 556 bonorum
1491 501 1773 572 particeps.
1809 498 1888 553 l7.
1922 496 2001 552 Ne
2028 499 2204 550 timue-

631 598 700 650 ris
726 611 840 648 cum
863 594 998 648 dives
1026 597 1191 664 factus
1221 592 1373 660 fuerit
1398 593 1548 644 homo
1567 633 1582 658 ,
1625 592 1702 644 vel
1727 606 1841 643 cum
1871 588 2206 658 multiplicata

632 687 779 756 fuerit
803 685 968 757 gloria
993 684 1172 737 domus
1201 685 1328 750 eius.
1356 683 1482 737 Haec
1509 698 1628 737 cum
1656 683 1725 734 ita
1752 697 1811 736 se
1839 681 2084 741 habeant,
2121 680 2202 732 itt-

631 778 764 848 quit,
792 777 915 846 quid
945 778 1101 831 times
1131 774 1458 844 prmsentia?
1498 774 1624 844 quid
1665 781 1718 829 te
1760 772 1898 826 male
1925 771 2084 826 habet
2121 771 2204 823 in-

628 867 788 937 opia?
831 865 957 938 quid
1000 865 1255 922 formidas
1301 865 1560 920 divitem?
1603 862 1860 918 Audiviin
1905 873 2023 930 qua:
2065 859 2204 914 dicta

627 967 749 1012 sunt
794 957 862 1012 de
905 957 1319 1022 resurrectione,
1361 955 1428 1010 de
1469 956 1731 1010 bonorum
1775 953 2096 1016 hereditate,
2137 950 2205 1004 de

626 1050 892 1120 supplicio
918 1047 1223 1102 malorum?
1255 1047 1390 1114 Quid
1423 1045 1638 1100 umbras
1661 1045 1912 1112 deinceps
1949 1043 2195 1112 pertime-

625 1140 777 1196 scis?
819 1140 914 1196 Illa
941 1139 1082 1194 enim
1109 1148 1234 1193 sunt
1263 1141 1412 1192 tirma
1438 1153 1500 1192 ac
1525 1137 1754 1199 stabilia,
1787 1133 1900 1188 base
1929 1149 2057 1189 vero
2080 1141 2206 1187 sunt

627 1231 820 1284 similia
849 1229 1068 1285 ﬂoribus
1097 1229 1185 1298 qui
1226 1227 1562 1282 ﬂaccescunt.
1598 1226 1857 1281 Omnibus
1887 1224 2064 1294 itaque
2089 1225 2206 1278 aliis

629 1321 1034 1389 praetermissis,
1062 1335 1236 1374 arcem
1266 1319 1527 1372 malorum
1567 1318 1796 1382 invasit,
1837 1331 2027 1384 nempe
2064 1314 2203 1368 divi-

629 1413 816 1466 tiarum
860 1412 1204 1481 cupiditatem
1243 1428 1255 1464 :
1297 1425 1359 1465 ea
1403 1410 1545 1463 enim
1591 1408 1764 1463 diruta
1791 1449 1805 1473 ,
1850 1409 1952 1462 alia
1993 1421 2205 1476 quoque

627 1503 784 1557 simul
813 1503 1185 1557 destruantur.

695 1593 782 1647 ll.
826 1592 894 1646 Et
917 1593 1184 1662 quomodo
1213 1608 1317 1646 tton
1349 1591 1578 1654 timebo,
1611 1589 1814 1660 inquit,
1846 1603 1941 1644 eos
1963 1588 2051 1658 qui
2082 1598 2203 1642 lano

627 1691 734 1736 tum
780 1683 1049 1752 possunt?
1092 1681 1331 1736 Potentia
1367 1693 1448 1735 est
1489 1681 1553 1734 ad
1599 1680 1762 1734 breve
1806 1689 2035 1748 tempus,
2067 1680 2204 1733 vires

625 1772 782 1827 unius
832 1775 1014 1834 horta,
1056 1773 1244 1827 transit
1297 1788 1470 1825 rerum
1525 1785 1833 1834 successus,
1885 1771 2100 1824 umbras
2151 1780 2206 1824 et

623 1863 830 1917 somnia
861 1863 1132 1917 imitantur
1160 1863 1426 1932 pecuniae.
1457 1862 1685 1928 divitiae,
1713 1871 1767 1916 et
1795 1861 1968 1914 honor
1996 1869 2199 1925 tantus,

623 1964 676 2008 et
703 1955 824 2010 ideo
854 1953 1126 2024 subjuuxit
1155 1974 1168 2009 :
1202 1956 1287 2009 l8.
1329 1954 1579 2020 Quoniam
1622 1970 1738 2007 cum
1778 1953 2052 2020 interierit,
2103 1970 2204 2006 non

621 2054 782 2097 sumet
828 2045 1031 2110 omnia,
1079 2061 1238 2111 neque
1277 2045 1538 2098 descendet
1580 2061 1692 2098 cum
1737 2061 1794 2098 eo
1841 2044 2004 2113 gloria
2049 2044 2204 2113 ejus:

622 2136 944 2206 subjungens
965 2152 1199 2200 causam,
1228 2151 1321 2190 cur
1343 2151 1446 2190 non
1471 2136 1652 2190 tinn-at
1677 2153 1796 2206 qua:
1819 2145 1940 2190 sunt
1963 2150 2204 2190 momen-

624 2239 798 2282 tanea.
822 2227 976 2284 Venit
998 2243 1162 2294 mors,
1187 2229 1420 2283 radicem
1440 2228 1682 2292 abscidit,
1707 2238 1760 2283 et
1782 2229 2028 2282 universa
2050 2243 2203 2282 coma

621 2316 817 2372 decidit
860 2333 981 2373 eum
1029 2318 1193 2385 foliis,
1239 2327 1292 2372 et
1329 2319 1518 2373 donms
1562 2318 1715 2374 facile
1751 2319 1866 2388 capi
1918 2327 2092 2388 potest
2138 2318 2206 2373 ab

622 2410 890 2465 omnibus.
934 2410 1388 2477 Quemadmodum
1434 2425 1563 2481 ergo
1605 2426 1733 2466 oves
1779 2420 1833 2467 et
1869 2426 2045 2480 capra:
2084 2419 2206 2481 post

625 2501 914 2555 sectionem
955 2501 1216 2569 jaccutem
1247 2502 1491 2556 arborem
1520 2503 1802 2556 invadunt:
1848 2503 1915 2556 ita
1947 2504 2105 2557 etiam
2151 2503 2203 2556 in

626 2592 690 2646 iis
729 2592 818 2662 qui
873 2591 978 2648 hoc
1022 2594 1182 2648 modo
1228 2605 1352 2648 sunt
1389 2595 1598 2660 divites,
1646 2596 1794 2648 multi
1829 2595 2006 2657 amici,
2053 2594 2204 2649 multi

625 2698 813 2738 eorum
836 2699 970 2754 quos
993 2684 1262 2740 beneficiis
1281 2685 1594 2752 alfeccrunt,
1624 2686 1960 2739 inveniuntur
1982 2701 2068 2739 res
2090 2685 2206 2739 illo-

627 2791 741 2829 rum
773 2775 995 2846 perdere
1025 2787 1076 2831 et
1099 2787 1380 2839 evertere;
1409 2786 1463 2831 et
1487 2778 1574 2846 qui
1606 2786 1683 2830 tot
1708 2787 1764 2831 et
1789 2784 1928 2830 tanta
1961 2776 2202 2846 posside-

625 2866 735 2932 bat,
765 2876 842 2922 tot
869 2868 1206 2937 pocillatores
1228 2911 1242 2932 ,
1275 2877 1352 2921 tot
1379 2883 1577 2936 coquos
1601 2909 1615 2932 ,
1651 2876 1888 2921 crateres
1917 2881 2109 2922 aureos
2151 2875 2207 2922 et

623 2966 906 3027 algenteos
936 2959 1183 3022 habebat,
1213 2967 1286 3012 tot
1317 2969 1370 3013 ct
1397 2968 1538 3013 tanta
1570 2968 1724 3013 terrae
1747 2958 1930 3027 jugera
1949 2998 1965 3022 ,
1992 2957 2202 3023 domos,

623 3051 906 3120 mancipia,
939 3067 1105 3121 equos
1124 3091 1137 3114 ,
1170 3053 1362 3114 mulos,
1395 3052 1660 3118 camelos,
1687 3063 1860 3106 castra
1887 3066 2160 3106 servorum
2185 3091 2200 3118 ,

622 3144 769 3198 solus
787 3142 916 3207 abit,
940 3155 993 3199 et
1018 3160 1175 3199 nemo
1203 3160 1321 3199 cum
1345 3161 1411 3200 eo
1433 3144 1675 3208 discedit,
1699 3160 1798 3200 nec
1822 3144 1964 3214 ipsas
1989 3143 2202 3214 quidem

623 3244 800 3288 vestes
827 3249 1064 3289 sumens.
1091 3235 1208 3301 Quo
1236 3236 1376 3290 enim
1408 3235 1566 3290 luerit
1595 3235 1922 3303 splendidius
1964 3233 2201 3301 indutus,

625 3331 774 3378 tanto
800 3323 1077 3378 lautiorem
1106 3340 1342 3379 mensam
1373 3324 1537 3378 vernti
1566 3339 1755 3393 parans
1784 3324 2006 3392 recedit,
2034 3334 2088 3379 et
2113 3341 2202 3377 se-

623 3417 929 3488 pulcrorum
959 3416 1302 3472 elfossoribus
1328 3416 1638 3487 ampliorem
1669 3416 2010 3486 cupiditatem
2031 3455 2047 3481 ,
2070 3427 2124 3470 et
2149 3416 2202 3471 in

624 3509 880 3564 miserum
904 3523 1100 3579 corpus
1122 3507 1350 3577 majores
1377 3507 1615 3563 insidias.
1644 3507 1760 3574 Quo
1785 3507 1925 3561 enim
1951 3523 2010 3561 se
2035 3504 2204 3577 magis

623 3610 848 3656 exornat
870 3639 884 3665 ,
913 3617 980 3657 eo
1009 3601 1060 3654 in
1105 3616 1165 3656 se
1191 3602 1446 3670 majorem
1477 3599 1848 3655 contumeliam
1891 3609 2200 3670 comparat,

623 3709 814 3748 manus
838 3708 1027 3748 eorum
1049 3693 1140 3763 qui
1168 3692 1350 3747 thecas
1378 3690 1636 3746 ell‘odiunt
1653 3706 1866 3746 armatis
1893 3691 1944 3744 in
1969 3693 2200 3760 seipsum

619 3795 678 3840 et
721 3786 971 3840 lnvitans.
1002 3785 1070 3840 Et
1111 3784 1237 3856 quid
1286 3786 1437 3838 tum?
1478 3785 1723 3854 inquies:
1763 3793 1815 3838 at
1863 3782 1953 3838 hic
1988 3783 2201 3852 quidem

620 3886 767 3933 certe
793 3893 852 3932 ae
868 3878 1050 3948 jactat,
1073 3879 1348 3949 gloriatur,
1370 3885 1424 3932 et
1449 3877 1749 3932 intumescit
1777 3891 1941 3946 usque
1966 3876 2033 3930 ad
2054 3893 2202 3931 mor-

621 3977 751 4023 tem.
771 3967 881 4022 lmo
895 3981 1021 4022 Vero
1042 3968 1192 4022 multi
1214 3982 1281 4023 ne
1298 3967 1364 4022 ad
1385 3979 1608 4022 mortem
1633 3966 1874 4037 quidem;
1902 3967 1994 4022 sed
2012 3967 2065 4021 in
2087 3967 2204 4020 illos

620 4058 822 4112 coortis
857 4058 1272 4124 insidiatoribus,
1318 4059 1590 4126 quibusvis
1624 4058 1730 4112 reis
1770 4059 2013 4127 graviora
2063 4058 2200 4126 passi

622 4157 768 4213 sunt,
800 4151 1018 4218 pecunia
1048 4149 1287 4218 spoliati,
1320 4149 1537 4203 infamia
1563 4151 1748 4215 notati,
1784 4151 1834 4203 in
1860 4165 2076 4204 carcere
2103 4149 2201 4204 ha-

622 4240 871 4296 bitantes.
899 4239 999 4308 Qui
1046 4240 1187 4294 enim
1231 4239 1343 4295 lteri
1384 4241 1437 4295 in
1483 4255 1660 4303 curru,
1690 4241 1848 4296 hodie
1891 4241 1941 4295 in
1985 4251 2201 4310 catena;

620 4333 713 4403 qui
742 4333 855 4389 heri
887 4333 1269 4389 observabatur
1294 4333 1362 4386 ab
1389 4332 1768 4396 adulatoribus,
1803 4349 1942 4388 nunc
1966 4350 1995 4389 a
2024 4334 2200 4389 carni-

623 4426 810 4481 ficibus
850 4425 1159 4491 obsidetur;
1205 4425 1294 4494 qtti
1343 4433 1608 4494 unguenta
1664 4425 1872 4490 alebat,
1929 4441 2069 4481 nunc
2120 4437 2203 4480 est

622 4530 901 4587 respersus
924 4515 1314 4586 sanguine;qui
1347 4515 1401 4570 in
1432 4515 1575 4569 molli
1597 4514 1735 4570 lecto
1755 4515 2118 4583 accumbebat,
2149 4517 2200 4571 in

621 4609 760 4662 duro
783 4607 901 4662 solo
922 4608 1102 4677 jacet;
1134 4608 1222 4678 qui
1249 4608 1316 4662 ab
1343 4608 1589 4661 omnibus
1613 4606 1904 4674 colebatur,
1928 4607 1996 4660 ab
2025 4608 2200 4660 muni-

623 4699 724 4754 bus
750 4701 1123 4754 contemnitur.
1155 4704 1224 4754 At
1257 4700 1308 4754 in
1338 4711 1509 4754 morte
1535 4702 1650 4765 ejus
1679 4708 1802 4753 sunt
1835 4698 2124 4769 magniﬁca:
2148 4709 2204 4754 et

621 4790 914 4861 splendida:
933 4792 1218 4860 exsequist.
1243 4791 1309 4845 Et
1326 4791 1450 4862 quid
1477 4792 1544 4846 ad
1567 4792 1735 4857 illum,
1767 4793 1854 4862 qni
1879 4808 1984 4846 non
2005 4791 2202 4846 sentit?

623 4882 788 4951 Major
815 4881 988 4946 ltetor,
1020 4881 1190 4950 major
1214 4880 1423 4945 horror,
1453 4882 1645 4936 invidia
1677 4883 2079 4938 vehementior:
2119 4891 2203 4938 est

619 4974 766 5030 enim
811 4971 932 5027 filiis
973 4987 1093 5026 eum
1132 4981 1346 5026 mortuo
1391 4971 1588 5029 bellum
1634 4983 1941 5043 perpetuum
1984 4982 2202 5043 propter

623 5069 766 5123 illam
810 5063 1276 5137 magnificentiam.
1319 5063 1454 5119 Vide
1488 5076 1665 5119 autem
1688 5081 1846 5134 quam
1876 5068 1946 5120 sit
1983 5066 2199 5120 verbum

616 5167 872 5216 accurate
905 5157 1132 5228 positum
1155 5197 1169 5220 ,
1199 5165 1253 5212 et
1293 5172 1451 5227 quant
1499 5158 1569 5210 sit
1605 5173 1794 5228 magna
1847 5159 2199 5228 pltilttsophia.

617 5251 736 5308 Non
763 5250 937 5306 solum
962 5251 1102 5306 enim
1129 5263 1248 5304 eum
1278 5264 1349 5303 ex
1371 5263 1436 5302 c0
1458 5249 1768 5313 insectatur,
1800 5248 1938 5316 qttod
1973 5265 2075 5302 non
2099 5265 2198 5304 una

619 5341 891 5410 recedant,
922 5340 1018 5397 sed
1041 5339 1200 5396 etiam
1227 5355 1347 5396 eum
1374 5338 1461 5394 hic
1480 5340 1622 5393 omni
1652 5354 1843 5408 pompa
1868 5350 1916 5392 et
1950 5353 2200 5410 apparatu

622 5433 836 5500 spoliat,
859 5443 914 5490 et
945 5447 1046 5490 nec
1080 5431 1292 5488 divitias
1313 5430 1524 5502 quidem
1555 5447 1674 5486 esse
1710 5430 1962 5497 ostendit,
1992 5431 2201 5496 quando

620 5537 806 5578 carum
848 5523 1182 5592 possessione
1220 5522 1508 5578 fruebatur.
1549 5521 1661 5576 Non
1691 5520 1823 5575 dixit
1859 5521 1998 5574 enim
2021 5561 2034 5586 ,
2066 5519 2197 5573 (lum

621 5613 964 5683 multiplicata
993 5614 1152 5670 fuerit
1176 5615 1339 5684 gloria
1365 5614 1500 5683 ejus,
1525 5614 1638 5677 sed,
1674 5613 1849 5668 Glon'a
1873 5615 2049 5666 domus
2069 5614 2195 5682 ejus.

626 5701 753 5756 litee
775 5703 916 5758 enim
935 5705 1132 5772 omnia,
1159 5721 1278 5774 qua:
1302 5706 1624 5768 enumeravi,
1656 5705 1845 5767 fontes,
1871 5705 2196 5767 ambulacro,

621 5790 865 5857 porticus
881 5801 933 5845 et
959 5793 1163 5859 balnea,
1191 5809 1375 5848 aurum
1404 5803 1451 5850 ct
1491 5804 1760 5864 urgcnlttttt
1783 5836 1795 5860 ,
1821 5811 1938 5864 eqtn
1967 5804 2016 5849 et
2049 5795 2192 5858 muli,

1337 389 1392 442 S.
1433 385 1710 442 .lOANNIS
1747 381 2217 439 CllllYSOSTOMl
2257 381 2569 437 ARCHIEP.
2609 385 3139 442 CONSTANTINUP.
3785 396 3878 451 ξω

2316 495 2561 564 stragulae
2588 509 2761 554 vestes
2788 507 2841 554 et
2867 499 3192 566 indumenta,
3217 511 3337 555 sunt
3363 503 3532 572 gloria
3562 503 3766 572 domus,
3785 525 3877 563 non

2313 585 2542 642 hominis
2568 590 2658 660 qui
2686 591 2900 644 domum
2931 591 3150 646 habitat.

2387 676 2619 732 Hominis
2661 681 2823 751 gloria
2858 683 3031 736 virtus.
3055 713 3129 724 —
3154 682 3392 739 Hominis
3431 689 3578 740 enim
3614 687 3773 758 gloria
3807 703 3882 745 εει

2309 771 2476 824 virtus
2495 813 2509 836 ,
2541 773 2680 827 unde
2707 773 2864 827 etiam
2894 774 3037 828 vadit
3066 791 3168 828 una
3196 791 3315 829 cum
3354 791 3687 845 possessore.
3719 779 3878 835 Manet

2309 869 2484 915 autem
2511 863 2622 932 ipsa
2641 864 2832 920 domus
2854 866 3019 935 gloria
3044 883 3060 931 ;
3085 867 3192 920 imo
3217 882 3344 920 vero
3365 883 3430 922 ue
3451 878 3636 924 manet
3659 871 3875 939 quidem,

2309 951 2403 1005 sed
2432 955 2589 1006 etiam
2616 969 2720 1008 una
2743 971 2863 1010 cum
2903 955 3064 1012 domo
3090 957 3400 1012 dissolvitur
3422 1001 3436 1025 ,
3477 975 3581 1014 nec
3607 961 3875 1031 quidquam

2309 1043 2356 1096 ei
2389 1045 2582 1112 proluit
2623 1046 2714 1115 qui
2752 1047 2804 1100 in
2832 1062 2895 1102 ea
2929 1050 3275 1103 versabatur:
3307 1065 3479 1120 neque
3519 1052 3663 1105 enim
3689 1063 3799 1107 erat
3824 1055 3877 1106 il-

2309 1132 2431 1186 lius.
2463 1135 2549 1188 l9.
2595 1135 2726 1202 Quia
2762 1139 2932 1191 animo
2972 1140 3085 1208 ejus
3119 1139 3174 1192 in
3215 1143 3314 1193 vita
3358 1141 3518 1209 ipsius
3555 1141 3871 1196 benedicetur.

2310 1227 2594 1297 Postquam
2617 1229 2749 1282 dixit
2773 1228 2841 1284 de
2869 1230 2986 1298 ejus
3010 1231 3175 1297 gloria
3203 1240 3257 1285 et
3282 1232 3500 1296 divitiis,
3535 1248 3681 1288 nunc
3705 1236 3874 1288 transit

2308 1319 2372 1372 ad
2403 1320 2681 1374 dicendum
2712 1320 2778 1375 de
2808 1321 3068 1375 laudibus.
3100 1323 3234 1388 Quia
3260 1324 3399 1376 enim
3429 1323 3629 1378 divites
3655 1324 3754 1378 hoc
3777 1339 3874 1377 ma-

2310 1425 2412 1479 gno
2455 1409 2630 1464 studio
2675 1420 3096 1480 persequuntur,
3151 1414 3566 1467 assentationem
3625 1415 3679 1468 in
3731 1413 3866 1477 foro,

2309 1499 2699 1553 observantiam
2726 1515 2754 1553 a
2788 1502 3002 1569 populo,
3035 1501 3268 1569 publicas
3295 1502 3654 1567 laudationes,
3676 1503 3869 1558 simula-

2310 1590 2451 1643 tione
2492 1589 2683 1644 referta
2725 1591 2985 1654 encomia,
3025 1603 3378 1661 magnumque
3419 1608 3545 1647 esse
3594 1595 3795 1648 videtur
3825 1594 3867 1647 in

2311 1681 2558 1747 theatris,
2590 1681 2641 1735 in
2683 1681 2976 1744 conviviis,
3009 1681 3061 1736 ln
3098 1682 3316 1752 judieiis
3360 1684 3550 1753 plausu
3581 1685 3785 1754 excipi,
3812 1687 3871 1739 ab

2308 1774 2555 1832 omnibus
2573 1774 2872 1845 praedicari.
2896 1773 3106 1830 beatum
3126 1777 3414 1830 existimari
3437 1793 3452 1830 :
3481 1777 3604 1831 vide
3623 1778 3870 1846 quomodo

2311 1865 2412 1920 hec
2437 1881 2647 1935 quoque
2673 1865 2905 1920 detrahit
2931 1881 2995 1922 ex
3039 1874 3294 1936 tempore.
3332 1867 3397 1921 In
3425 1869 3532 1921 vita
3566 1871 3712 1923 enim
3735 1871 3866 1931 eius,

2310 1956 2506 2025 inquit,
2553 1955 2652 2010 hoc
2691 1965 2792 2019 est,
2838 1957 2951 2012 hac
2979 1957 3332 2024 observantia,
3382 1964 3440 2012 et
3477 1958 3602 2022 hoc,
3651 1959 3867 2013 laudibus

2307 2047 2468 2114 allici,
2509 2056 2592 2101 est
2634 2047 2704 2102 ad
2749 2057 3061 2118 praisentem
3105 2061 3272 2117 usque
3312 2049 3472 2103 vitam
3515 2061 3666 2104 :una
3710 2057 3866 2102 autem

2309 2153 2428 2193 cum
2459 2139 2575 2193 aliis
2592 2138 2694 2194 hoc
2713 2154 2926 2209 quoque
2944 2139 3267 2204 dissolvitur,
3293 2147 3350 2193 ut
3369 2139 3511 2208 quod
3539 2139 3608 2193 sit
3631 2139 3862 2194 caducum

2309 2241 2362 2286 et
2387 2241 2840 2285 momentaneum.
2876 2229 2982 2286 Sed
3011 2232 3172 2285 etiam
3209 2231 3423 2300 quando
3459 2231 3513 2285 id
3552 2230 3816 2284 exhibetur
3838 2245 3863 2282 a

2309 2321 2679 2388 laudantibus,
2728 2331 2847 2391 post
2895 2332 3118 2376 mortem
3166 2321 3370 2377 recedit
3420 2322 3477 2376 in
3533 2322 3861 2381 contrarium,

2309 2413 2522 2486 quando
2548 2415 2688 2470 larva
2729 2424 2902 2471 metus
2930 2415 3163 2470 detracta
3195 2413 3374 2470 fuerit.
3403 2413 3732 2484 Conﬁtebitur
3756 2414 3829 2466 tibi
3848 2454 3860 2472 .

2310 2523 2421 2559 cum
2443 2506 2739 2576 benefcceris
2765 2506 2808 2558 ei
2815 2545 2828 2558 .
2856 2504 2986 2560 Vide
3005 2503 3272 2574 quomodo
3293 2514 3509 2558 accusat
3528 2504 3682 2558 etiam
3703 2518 3860 2558 eorum

2309 2594 2584 2651 beneﬁcia.
2617 2594 2694 2648 Tu
2730 2595 2870 2649 enim
2892 2594 3181 2649 assentaris
3211 2601 3270 2648 et
3291 2593 3578 2660 observas,
3609 2592 3860 2664 quamdam

2309 2687 2377 2742 ad
2404 2696 2612 2757 tempus
2651 2687 3040 2742 observantiam
3070 2687 3362 2741 simulans:
3393 2686 3486 2742 ille
3523 2697 3695 2741 autem
3725 2685 3862 2739 habe-

2311 2780 2387 2834 bit
2409 2781 2565 2836 etiam
2590 2780 2679 2834 tibi
2705 2780 2921 2850 gratias,
2949 2795 2976 2831 a
3006 2786 3057 2834 te
3085 2793 3288 2844 emens,
3313 2786 3370 2832 ut
3392 2794 3516 2849 quae
3533 2779 3712 2833 suntei
3735 2785 3859 2846 grata

2310 2871 2492 2935 facias,
2520 2881 2574 2926 et
2593 2887 2782 2940 magno
2805 2871 2855 2926 id
2879 2885 3081 2933 emcns,
3115 2879 3239 2925 tunc
3264 2870 3376 2935 tibi,
3395 2871 3601 2942 inquit,
3621 2880 3731 2939 aget
3754 2883 3858 2935 gra-

2312 2963 2429 3017 tias.
2458 2963 2569 3017 Hoc
2593 2964 2737 3016 enim
2757 2961 2856 3016 sibi
2878 2962 2983 3015 vult
3009 2960 3134 3015 illud
3161 2981 3174 3016 :
3203 2959 3536 3029 Conﬁtebitur
3557 2959 3664 3025 tibi,
3686 2957 3858 3028 quando

2309 3052 2602 3123 benefaceris
2641 3053 2758 3123 ipsi.
2800 3051 2915 3106 Non
2958 3051 3109 3117 dixit,
3150 3050 3372 3116 Quando
3419 3049 3617 3106 feceris
3651 3047 3779 3120 quod
3802 3045 3862 3099 sit

2310 3147 2459 3213 utile,
2486 3145 2696 3216 quando
2727 3143 3051 3198 benefeceris
3070 3183 3084 3208 ,
3115 3141 3208 3196 sed
3233 3184 3247 3208 ,
3278 3141 3508 3210 Quando
3545 3156 3660 3212 quae
3686 3147 3792 3193 sunt
3815 3136 3855 3188 ei

2307 3235 2476 3302 Cordi,
2504 3244 2558 3291 et
2579 3251 2697 3306 qua:
2722 3250 2785 3288 ex
2815 3234 2932 3304 ejus
2952 3233 3112 3288 animi
3140 3233 3420 3296 sententia,
3453 3231 3642 3287 feceris
3665 3247 3678 3283 :
3707 3237 3856 3281 esu-tr

2307 3328 2440 3382 dens
2468 3327 2712 3395 utrinque
2739 3339 2858 3380 esse
2879 3324 3160 3385 damnum,
3186 3333 3239 3378 et
3267 3339 3332 3377 ex
3360 3322 3482 3378 ficta
3510 3321 3854 3379 assentatione,

2308 3427 2361 3474 et
2388 3433 2453 3473 ex
2487 3417 2782 3487 pernicioso
2813 3416 3124 3471 ministerio.
3159 3415 3232 3488 (α)
3263 3414 3354 3469 20.
3385 3413 3624 3468 lntroibit
3651 3427 3792 3477 usque
3815 3408 3854 3459 iu

2310 3509 2567 3580 progenies
2593 3516 2791 3576 patrum
2815 3523 3040 3572 suorum,
3067 3522 3220 3573 usque
3243 3506 3293 3558 in
3315 3515 3560 3560 atomum
3587 3521 3681 3558 non
3704 3498 3854 3554 videbit

2310 3600 2494 3654 lumen.
2528 3601 2614 3654 5|.
2640 3597 2707 3652 Et
2735 3599 2882 3652 homo
2910 3614 3023 3650 cum
3049 3598 3100 3651 in
3127 3597 3314 3650 honore
3334 3605 3458 3649 esset
3481 3613 3581 3649 non
3605 3591 3854 3648 intellexit:

2308 3701 2628 3762 comparatus
2655 3700 2728 3746 est
2753 3690 2992 3762 iumentis
3027 3687 3374 3758 insipientibus
3391 3727 3407 3754 ,
3430 3697 3483 3740 et
3507 3686 3680 3742 similis
3715 3683 3854 3753 [actus

2307 3795 2380 3838 cst
2404 3783 2526 3838 illis.
2555 3781 2811 3846 lntroibit,
2835 3781 2948 3836 sive
2971 3779 3262 3834 imitabitur
3286 3788 3498 3847 patrum
3528 3775 3711 3837 zelum,
3738 3780 3784 3823 et
3801 3785 3850 3821 ex

2310 3874 2564 3944 improbis
2607 3882 2778 3938 natus,
2833 3869 3224 3940 improbitatem
3284 3868 3334 3920 in
3383 3877 3586 3920 sortem
3613 3855 3847 3927 accipiet;

2309 3967 2390 4020 vel
2431 3968 2511 4022 sic
2543 3964 2841 4034 intelligas:
2884 3962 2994 4016 Nisi
3029 3959 3155 4030 qttid
3206 3959 3326 4014 boni
3359 3957 3567 4018 fecerit,
3601 3971 3661 4010 ex
3679 3952 3852 4012 divitiis

2308 4059 2436 4113 nihil
2462 4057 2664 4112 fructus
2689 4055 2993 4127 percepisse
3016 4051 3478 4122 deprehendetur:
3509 4051 3755 4117 relinquet
3775 4057 3851 4092 ssu-

2311 4160 2415 4204 tem
2443 4149 2672 4218 majores
2700 4161 2825 4201 suos
2847 4147 2900 4200 in
2928 4144 3144 4216 pulvere
3169 4158 3332 4212 usque
3365 4141 3431 4195 ad
3467 4141 3745 4210 judicium:
3774 4146 3851 4184 nvc

2309 4239 2598 4294 secundum
2659 4247 2859 4291 natura:
2911 4237 3080 4306 legem
3140 4235 3308 4289 lucem
3369 4234 3611 4301 aspicere
3671 4222 3848 4297 poterit.

2312 4330 2512 4386 Deinde
2542 4331 2766 4384 resumit
2793 4333 2981 4382 iterum
3011 4342 3072 4381 ea
3099 4341 3215 4394 quae
3243 4325 3386 4393 prius
3415 4323 3637 4379 dixerat,
3670 4320 3727 4371 iis
3752 4329 3848 4366 vcr-

2310 4423 2392 4478 bis
2415 4441 2428 4478 :
2458 4421 2524 4476 Ει
2551 4425 2700 4476 Itonto
2724 4437 2839 4474 cum
2864 4421 2916 4474 in
2943 4421 3132 4473 honore
3157 4428 3283 4471 esstt
3313 4433 3410 4470 non
3438 4413 3678 4469 intelhu‘it
3697 4428 3714 4464 :
3735 4423 3845 4461 cout-

2309 4523 2516 4584 paratus
2541 4521 2612 4566 est
2640 4511 2884 4581 jumentis
2921 4507 3295 4578 insipientibus,
3341 4515 3385 4559 ct
3419 4504 3597 4560 similis
3625 4507 3770 4573 factus
3793 4501 3849 4546 est

2306 4607 2431 4660 illis.
2465 4605 2578 4670 Elis,
2600 4605 2789 4673 inquit,
2819 4604 2907 4672 qui
2939 4603 3007 4656 ita
3039 4611 3276 4655 mortuus
3302 4613 3404 4663 ρει,
3438 4615 3536 4653 nec
3565 4593 3787 4667 pecunias
3806 4592 3849 4638 ιιι

2309 4715 2404 4770 par
2429 4707 2549 4754 erat
2571 4696 2919 4767 dispensavit,
2948 4694 3078 4748 nihil
3102 4711 3129 4746 a
3157 4693 3312 4748 brttto
3337 4690 3565 4754 dilTeret,
3596 4694 3759 4756 utpote
3777 4677 3846 4746 (1³⁸ἰ

2308 4807 2339 4846 a
2395 4791 2503 4846 Deo
2535 4799 2812 4859 acceptum
2861 4787 3117 4842 honorem
3166 4799 3271 4839 non
3314 4783 3647 4852 cognoverit;
3691 4771 3847 4829 similis

2310 4882 2479 4936 factus
2508 4891 2591 4936 est
2611 4879 2890 4948 jumentis,
2919 4891 3146 4946 qttorum
3177 4875 3298 4928 vita:
3330 4873 3449 4926 linis
3479 4886 3578 4927 una
3609 4880 3744 4922 mors
3763 4869 3842 4913 esi-

2310 4974 2352 5026 A
2373 4971 2561 5042 quibus
2582 4969 2781 5024 utinam
2801 4967 3109 5029 liberemur,
3129 4974 3232 5018 tam
3255 4963 3520 5032 discipuli,
3541 4954 3852 5030 qttatttdoclU-

2309 5077 2414 5125 res,
2441 5062 2492 5115 in
2520 5059 2731 5116 Christo
2757 5063 2884 5113 Jcsu
2914 5056 3141 5112 Domino
3170 5066 3371 5118 nostro,
3401 5054 3484 5108 cui
3511 5050 3670 5122 gloria
3696 5055 3742 5100 et
3765 5043 3844 5094 im-

2310 5155 2512 5223 perium
2542 5153 2592 5207 itt
2615 5150 2806 5207 secula
2837 5149 3173 5204 saeculorum.
3200 5149 3392 5202 Amen.
3658 5149 3667 5157 '

2763 5261 2829 5316 IN
2874 5259 3194 5315 PSALMUM
3238 5257 3424 5312 XLIX.

2311 5361 2363 5414 Ι.
2383 5359 2518 5413 Deus
2535 5358 2743 5412 deorum
2767 5355 3014 5409 Dominus
3035 5355 3268 5423 loquutus
3293 5363 3384 5419 est,
3407 5360 3453 5404 et
3466 5346 3648 5404 vocarit
3669 5351 3841 5395 terram.

2660 5466 2694 5502 α
2718 5449 2838 5502 solis
2867 5459 2980 5500 ortu
3005 5461 3160 5512 usque
3186 5445 3254 5497 ad
3281 5458 3527 5497 occasum.

2380 5543 2429 5598 l.
2449 5541 2567 5610 Ipse
2587 5555 2793 5609 quoque
2811 5539 2944 5592 dixit
2960 5537 3086 5591 alibi
3103 5553 3116 5590 :
3136 5535 3268 5589 Deus
3287 5535 3418 5588 stetit
3439 5534 3486 5585 in
3504 5519 3844 5595 congregatione

2371 5677 2443 5738 (It)
2475 5685 2588 5734 Quae
2630 5680 2911 5738 sequuntur
2939 5671 2996 5720 ad
3033 5671 3178 5719 llaem
3223 5680 3376 5738 usque

2306 5719 2674 5788 mitiitiiiéémit
2693 5719 2751 5782 illi
2772 5719 2952 5793 διώ-Η..
2975 5741 3120 5794 atque
3145 5745 3208 5782 ex
3235 5719 3371 5779 διάη.
3401 5735 3450 5778 et
3471 5719 3531 5774 ex
3556 5719 3714 5770 codice
3735 5720 3836 5756 υκυ·

2307 5803 2463 5850 niettsi
2485 5800 2738 5858 desumpta
2763 5805 2890 5843 sunt.
