4064 6414
203 366 319 422 ιδθ

216 482 367 535 ὅταν
391 478 731 549 πληθυῖ-θῇ
759 481 794 547 ἠ
829 478 976 544 δόξα
1004 478 1107 533 τοῦ
1144 478 1313 533 οἴκου
1357 480 1565 535 αὐτοῦ.
1599 480 1641 532 Τ
1644 478 1817 533 ούτων

219 563 395 627 οὕτως
431 561 700 635 ἐχόντων.
731 562 881 635 φησὶ,
908 561 959 616 τί
983 560 1229 625 δέδοικας
1255 562 1326 617 τὰ
1357 564 1637 634 παρόντα;
1676 561 1730 615 τί
1759 578 1819 614 σε

220 648 386 705 λυπεῖ
412 645 608 711 πενία;
642 646 696 700 τί
720 645 857 721 φοϐῇ
886 645 974 700 τὸν
1002 643 1265 717 εὐπορον;
1302 647 1575 710 Ἤκουσας
1596 645 1664 699 τὰ
1689 646 1821 716 περὶ

221 732 326 803 τῆς
377 729 753 797 ἀναστάσεως,
788 730 876 785 καὶ
926 728 1027 800 τῆς
1054 727 1162 783 τῶν
1208 728 1429 798 ἀγαθῶν
1466 727 1691 795 λήξεως,
1723 732 1818 782 καὶ

221 814 330 885 τῆς
391 812 500 867 τῶν
558 812 812 885 πονηρῶν
856 810 1160 884 τιμωρίας;
1209 811 1275 863 Τί
1334 812 1513 865 τοίνυν
1572 811 1816 877 δέδοικας

223 896 415 951 λοιπὸν
466 896 567 959 τὰς
602 896 795 961 σκιάς;
850 893 929 947 Τά
972 894 1071 965 μέν
1103 894 1213 967 γὰρ
1262 894 1467 965 μόνιμα
1505 893 1600 947 καὶ
1641 911 1818 965 πεπη-

224 982 385 1051 γότα,
418 981 636 1034 ἐκεῖναο
663 979 837 1033 ταῦτα
866 979 943 1046 δὲ,
978 978 1167 1033 ἄνθεσι
1201 979 1619 1050 μαραινομένοις
1650 979 1816 1033 ἔοικε.

224 1066 325 1119 Διδ
350 1065 445 1119 καὶ
472 1064 650 1118 πάντα
672 1064 740 1117 τά
760 1063 897 1119 ἄλλα
924 1064 1109 1132 ἀφεὶς,
1148 1064 1241 1116 ἐπὶ
1268 1062 1367 1134 τὴν
1389 1062 1686 1134 ἀκρόπολιν
1708 1062 1818 1117 τῶν

227 1146 421 1202 κακῶν
436 1147 738 1218 ἐπήδησει,
764 1145 859 1201 τοῦ
885 1146 1116 1200 πλούτου
1144 1145 1246 1217 τὴν
1273 1145 1590 1215 ἐπιθυμίαν·
1613 1144 1818 1216 ταύτης

227 1233 342 1302 γὰρ
376 1229 832 1302 καταδληθείσης,
856 1230 951 1285 καὶ
982 1228 1053 1283 τὰ
1080 1229 1218 1284 ἄλλα
1237 1229 1700 1299 συγκαταλύεται.

304 1371 515 1431 ιαόκαὶ
533 1372 649 1436 πῶς
667 1370 742 1444 μὴ
761 1369 1002 1442 φοδηθῶ,
1024 1369 1177 1441 φησὶ,
1196 1369 1430 1426 τοσαῦτα
1449 1369 1781 1442 ξυναμένους
1802 1386 1816 1436 ;

228 1457 575 1529 Πρόσκαιρος
623 1456 656 1527 ή
707 1453 1029 1519 δυναστεία,
1076 1454 1409 1526 μονόωροςή
1462 1456 1634 1524 ίσχὶς,
1680 1472 1820 1525 παρ-

225 1541 533 1613 οδεύεταιή
572 1539 857 1610 εὐημερία,
885 1538 1043 1603 σκιὰς
1074 1542 1321 1610 μιμεῖται
1352 1539 1447 1593 καὶ
1472 1541 1724 1612 ὀνείρατα
1752 1541 1821 1594 τὰ

225 1626 512 1696 χρήματα,
561 1623 654 1675 καὶ
686 1622 714 1674 6
764 1620 1012 1685 πλοῦτος,
1041 1623 1137 1675 καὶ
1171 1624 1203 1693 ή
1251 1624 1489 1693 τοσαύτη
1544 1624 1714 1696 τιμή*
1742 1623 1822 1677 διὸ

223 1707 325 1760 καὶ
355 1706 634 1776 ἐπήγαγεν
655 1721 671 1737 ο
704 1705 833 1758 Ὅτι
855 1706 967 1758 οὐκ
990 1705 1061 1758 ἐν
1089 1702 1170 1770 τῷ
1195 1704 1612 1772 ἀποθνήσκειν
1633 1706 1823 1760 αὐτὸν

221 1789 493 1858 λήψεται
522 1789 595 1842 τὰ
621 1788 838 1852 πάντα,
870 1787 1014 1841 οὐδὲ
1044 1788 1573 1857 συγκαταϐήσεται
1599 1788 1762 1855 αὺτῷ
1783 1791 1820 1859 ἡ

222 1874 384 1938 δόξα
407 1873 595 1928 αὐτοῦ
618 1888 631 1902 ·
660 1872 761 1943 τὴν
788 1872 970 1927 αἰτίαν
996 1871 1169 1936 τιθεὶς
1194 1871 1289 1926 τοῦ
1320 1872 1396 1945 μὴ
1416 1873 1717 1928 δεδοικέναι
1753 1875 1824 1928 τά

227 1957 565 2029 πρόσκαιρα.
592 1952 797 2010 Ἦλθεν
823 1957 853 2010 6
877 1955 1126 2020 θάνατος,
1153 1958 1306 2027 φησὶ,
1333 1956 1433 2029 τὴν
1455 1959 1610 2030 ῥίζαν
1638 1957 1820 2031 ἔτεμε,

230 2043 332 2098 καὶ
362 2043 397 2113 ή
447 2042 589 2113 κόμη
636 2041 778 2111 μετὰ
809 2040 917 2096 τῶν
961 2041 1175 2111 φύλλιον
1207 2042 1396 2098 ἅπασα
1431 2044 1740 2116 κατηνέχθη
1770 2045 1822 2110 ι’,

226 2127 329 2181 καὶ
362 2127 525 2181 πᾶσιν
547 2126 872 2197 εὐχείρωτος
896 2127 930 2196 ἠ
963 2126 1131 2183 οίκία.
1151 2126 1420 2200 Καθάπερ
1443 2123 1537 2184 οὖν
1570 2127 1825 2199 πρόϐατα

229 2209 329 2265 καὶ
359 2206 513 2278 αἶγες
553 2208 886 2265 ἐπιτίθενται
914 2209 1116 2282 δένδρῳ
1153 2211 1394 2282 κειμένῳ
1435 2209 1575 2281 μετά
1605 2213 1704 2281 τὴν
1733 2227 1823 2263 του

230 2293 366 2365 μὴν,
400 2292 542 2351 οὕτω
574 2294 639 2365 δὴ
672 2294 769 2349 καὶ
811 2296 905 2348 ἐπὶ
951 2294 1057 2350 τῶν
1090 2294 1235 2350 οῦτω
1284 2295 1657 2350 πλουτούντων
1690 2296 1822 2351 πολ·-

227 2378 313 2431 λοὶ
339 2376 449 2430 τῶν
478 2377 708 2451 ἐχθρῶν,
740 2377 926 2432 πολλοὶ
952 2378 1061 2431 τῶν
1097 2379 1288 2450 φίλων,
1322 2381 1506 2434 πολλοὶ
1534 2381 1642 2435 τῶν
1671 2383 1825 2452 εὐερ-

226 2461 573 2533 γετηθέντων
622 2460 691 2515 τὰ
741 2462 963 2515 ἐκείνων
1009 2460 1391 2534 λυμαινόμενοι
1439 2465 1825 2536 εὐρίσκονται’

228 2547 323 2600 καὶ
355 2547 384 2599 6
417 2544 659 2599 τοσαῦτα
692 2544 1174 2617 περιϐεϐλημένος,
1226 2548 1320 2600 καλ⁸
1346 2547 1635 2613 τοσούτους
1679 2551 1824 2605 οίνο-

229 2629 411 2700 χάους,
448 2630 763 2700 μαγείρους,
813 2632 1096 2701 κρατῆρας
1127 2630 1407 2701 ἀργυροῦς
1448 2632 1542 2685 καὶ
1591 2632 1828 2705 χρυσοῦς

231 2714 393 2784 ἔχων,
433 2711 644 2783 πλέθρα
671 2712 776 2784 γῆς
804 2713 937 2767 τόσα
957 2714 1052 2766 καὶ
1079 2713 1235 2778 τόσα,
1260 2714 1457 2780 οίκίας,
1496 2714 1825 2787 ἀνδράποδα,

235 2797 455 2863 ίππηυς,
505 2797 786 2869 ⁴ἡμιόνους,
842 2798 1144 2870 καμήλους,
1199 2799 1540 2870 στρατόπεδα
1574 2788 1823 2869 οίκετιῖιν,

233 2884 420 2936 ἄπεισι
456 2882 636 2951 μόνος,
687 2882 782 2935 καὶ
813 2883 991 2947 οὐδεὶς
1037 2882 1188 2954 αὐτῷ
1240 2885 1662 2957 συναπέρχεται,
1707 2886 1826 2941 ἀλλ’

233 2967 356 3022 οὐδὲ
377 2966 517 3022 αὐτά
549 2964 842 3037 λαμϐάνων
870 2966 1060 3020 ἄπεισι
1084 2966 1155 3022 τὰ
1178 2967 1391 3038 ίμάτια.
1420 2970 1533 3023 Kal
1558 2968 1669 3042 γὰρ
1690 2970 1829 3042 ὅσῳ-

238 3068 345 3123 περ
370 3052 439 3108 ἂν
469 3062 494 3092 α
531 3049 762 3124 λαμπρά
792 3050 1142 3122 περικέηται,
1169 3050 1411 3123 τοσούτῳ
1437 3051 1827 3127 δαψιλεστέραν

236 3134 424 3189 ἄπεισι
451 3132 888 3209 παρασκευάζων
911 3132 988 3204 τῷ
1013 3132 1255 3204 σκώληκι
1282 3134 1381 3206 τὴν
1406 3135 1706 3206 τράπεζαν,
1734 3138 1829 3193 καὶ

237 3219 461 3273 πλείονα
494 3222 603 3282 τοίς
652 3217 1031 3290 τυμϐωρύχοις
1088 3218 1410 3289 ἐπιθυμίαν,
1455 3220 1551 3274 καὶ
1604 3220 1828 3290 μείζονα

238 3302 385 3357 κατά
406 3300 496 3356 τοῦ
533 3302 718 3357 ἀθλίου
755 3301 1005 3372 σώματος
1032 3302 1131 3372 τὴν
1158 3302 1471 3373 ἐπιϐουλήν.
1499 3304 1579 3357 Δι’
1605 3298 1681 3358 ὧν
1716 3307 1827 3380 γὰρ

236 3383 566 3449 καλλωπίζει
588 3385 873 3456 μειζόνως,
900 3383 990 3438 διὰ
1025 3384 1229 3438 τούτων
1256 3384 1573 3458 ὑϐρίζεσθαι
1601 3390 1828 3463 σφοδρό-

234 3486 393 3542 τερον
429 3469 589 3522 αὐτὸν
623 3469 1071 3533 κατασκευάζων,
1108 3468 1208 3533 τὰς
1236 3474 1426 3543 χεῖρας
1454 3472 1562 3525 τῶν
1602 3474 1829 3547 ἀνορυτ-

236 3553 434 3608 τόντων
448 3553 547 3616 τὰς
564 3552 735 3623 θήκας
759 3553 843 3621 ἐφ’
864 3551 1056 3607 ἑαυτὸν
1072 3553 1312 3619 ὁπλίζων
1336 3555 1429 3608 καὶ
1452 3556 1650 3611 καλῶν.
1672 3556 1827 3631 [ἓῖἳῖ

239 3637 348 3691 Καὶ
374 3635 430 3689 τί
450 3633 638 3702 τοῦτος
665 3634 861 3707 φησιν’
887 3634 1001 3689 ἀλλ’
1032 3636 1265 3690 ἐνταῦθα
1292 3638 1504 3708 μεγάλα
1526 3639 1824 3711 κομπάζει,

239 3719 331 3773 καὶ
363 3719 509 3789 φυσᾷ
562 3718 724 3790 μέχρι
752 3720 853 3789 τῆς
901 3717 1177 3791 τελευτῆς.
1218 3719 1470 3774 Μάλιστα
1502 3723 1602 3792 μὲν
1644 3722 1828 3777 πολλοὶ

235 3802 358 3859 οὐδὲ
390 3802 551 3874 μέχρι
578 3802 680 3873 τῆς
701 3802 957 3873 τελευτῆς
980 3818 995 3834 ’
1025 3802 1140 3857 ἀλλ’
1172 3804 1475 3857 ἐπιϐούλων
1518 3805 1682 3862 τινῶν
1708 3808 1829 3861 ἐπι-

237 3886 483 3955 φυέντων
508 3886 713 3950 αὐτοῖς,
745 3885 956 3958 μυρίων
982 3886 1293 3941 καταδίκων
1320 3886 1677 3961 χαλεπώτερα
1702 3890 1831 3946 επα-

238 3971 353 4032 θον.
382 3971 477 4025 καὶ
500 3969 570 4024 τὰ
598 3971 855 4042 χρήματα
892 3969 1298 4042 ἀφαιρεθέντες.
1323 3971 1417 4025 καὶ
1454 3971 1652 4045 ἀτιμίᾳ
1675 3991 1830 4048 περι-

237 4052 551 4125 ϐληθέντες.
595 4053 692 4106 καὶ
732 4052 1105 4124 δεσμωτήριον
1139 4054 1479 4125 οἰκήσαντες.
1514 4056 1623 4110 Kal
1660 4057 1770 4130 γὰρ
1801 4060 1830 4113 6

237 4137 368 4207 χθὲς
394 4138 454 4190 ἐν
486 4136 746 4208 ὀχήματι,
775 4136 1015 4208 σήμερον
1046 4137 1104 4190 ἐν
1137 4134 1357 4192 ἀλύσει’
1392 4137 1421 4189 6
1453 4136 1580 4208 χεὲς
1606 4138 1711 4194 ὐπὸ
1739 4158 1832 4196 κο·-

239 4221 424 4283 λάκων
464 4219 921 4292 θεραπευόμενος,
966 4219 1072 4273 ὑπὸ
1103 4219 1314 4291 δημίων
1354 4219 1649 4277 κυκλοῦται
1694 4222 1788 4280 νῦν
1811 4240 1827 4256 ο

242 4308 273 4358 6
300 4304 487 4377 μύρων
528 4303 687 4369 ὄζων,
724 4303 918 4373 αἵματι
956 4303 1326 4376 περιρῤεῖταγ
1364 4306 1392 4359 6
1436 4306 1830 4377 κατακείμενος

245 4389 344 4442 ἐπὶ
391 4386 681 4459 στρωμνῆς
724 4384 959 4456 ἁπαλῆς,
991 4386 1079 4439 ἐπ’
1107 4385 1340 4456 ἐδάφους
1380 4386 1635 4460 ἔρριπται
1664 4390 1831 4463 σκλη-

246 4471 344 4542 ροῦ
367 4488 382 4503 ·
415 4472 442 4524 6
476 4468 623 4541 παρά
666 4467 884 4523 πάντων
929 4468 1388 4540 θεραπευόμενος,
1420 4470 1571 4542 παρά
1613 4473 1830 4528 πάντων

244 4556 683 4625 καταφρονεῖται.
727 4550 890 4605 Ἀλλά
935 4551 1031 4604 καλ⁸
1075 4551 1238 4623 μέχρι
1278 4552 1537 4623 τελευτῆς
1573 4553 1640 4607 τά
1692 4555 1831 4627 πρὸς

243 4636 467 4708 κηδείαν
512 4634 663 4705 αὐτῷ
694 4632 925 4706 λαμπρά
957 4634 1054 4688 καὶ
1100 4635 1399 4706 περιφανῆ.
1448 4635 1559 4688 Kal
1595 4636 1649 4689 τί
1695 4637 1831 4709 πρὸς

242 4721 452 4774 ἐκεῖνον
492 4718 583 4773 τὸν
622 4720 727 4773 οὐκ
778 4716 1198 4788 αίσθανόμενονς
1244 4717 1451 4772 Πλείων
1492 4720 1527 4789 ἡ
1572 4719 1830 4786 δυσωδία,

246 4803 451 4875 μείζων
480 4804 515 4873 ἠ
549 4800 863 4873 βδελυγμίαν
891 4800 1249 4872 σφοδρότερος
1277 4802 1307 4855 ὁ
1338 4800 1569 4870 φθόνοςσ
1598 4802 1694 4857 καὶ
1721 4803 1832 4876 γὰρ

242 4886 625 4957 τελευτήσαντι
666 4884 921 4957 διηνεκὴς
958 4886 1072 4948 τοῖς
1111 4884 1346 4949 παιδίοις
1381 4887 1412 4939 6
1457 4885 1693 4957 πόλεμος
1723 4888 1832 4942 ἀπὸ

240 4971 350 5042 τῆς
378 4970 723 5036 πολυτελείας
755 4970 992 5042 ἐκείνης.
1019 4969 1130 5024 Kal
1158 4969 1263 5041 δρα
1285 4969 1385 5041 τὴν
1413 4970 1706 5042 ἀκρίϐειαν
1735 4971 1830 5027 τοῦ

246 5056 514 5127 ῥήματος,
542 5053 639 5109 καὶ
673 5055 775 5125 τὴν
805 5051 1054 5106 ἐπίτασιν
1099 5051 1197 5122 τῆς
1235 5052 1573 5123 φιλοσοφίας.
1612 5053 1687 5111 ί.ὶύ
1720 5054 1831 5126 γὰρ

248 5138 412 5210 μόνον
444 5137 605 5195 αὐτὸν
633 5138 700 5192 ἐκ
725 5136 820 5191 τοῦ
850 5136 927 5208 μὴ
965 5135 1363 5207 συναποδημεῖν
1414 5136 1661 5209 πλήττει,
1696 5137 1832 5199 ἀλλά

244 5222 347 5277 καὶ
373 5221 601 5275 ἐνταῦθα
629 5221 791 5275 αὐτὸν
834 5220 1015 5292 πάσης
1050 5223 1249 5291 γυμνοί
1277 5219 1377 5293 τῆς
1406 5222 1725 5291 φαντασίας,
1736 5223 1833 5278 καὶ

243 5304 370 5358 οὐᾶ
404 5303 633 5359 πλοῦτον
664 5304 793 5359 ὄντα
822 5302 1121 5382 δείκνυσιν,
1138 5303 1245 5356 οὐδ’
1275 5304 1403 5359 ὅταν
1448 5305 1697 5382 ἀπολαύῃ
1729 5308 1831 5367 αὐ-

244 5387 345 5441 τοῦ
382 5389 411 5442 6
448 5388 801 5461 κεκτημένος.
837 5387 912 5440 Οὐ
947 5384 1057 5458 γὰρ
1080 5380 1255 5448 εἷπεν.
1280 5386 1451 5443 Ὅταν
1484 5380 1760 5464 πληθυνθῇ
1798 5392 1833 5464 ἡ

244 5470 376 5537 δόξα
408 5471 595 5537 αὐτοῦ,
622 5470 761 5537 ἀλλ’,
802 5467 876 5525 Ἦ
899 5467 1051 5534 δόξα
1076 5469 1183 5525 τοῦ
1214 5471 1386 5525 οἴκου
1410 5473 1618 5530 αὐτοῦ.
1651 5474 1836 5530 Ταῦτα

310 5608 344 5671 ἒ
367 5608 448 5671 δίο
465 5620 619 5671 marg.
643 5604 1027 5671 Sa}'il.__ldgm_ip
1049 5610 1186 5671 ῑοείιι
1212 5610 1263 5671 οι
1286 5604 1371 5659 alii
1393 5607 1522 5671 ἦλθε.

306 5668 342 5711 ID
478 5667 597 5718 mss:
621 5673 676 5718 et
691 5667 845 5719 Savil.
875 5669 941 5718 Al
961 5667 1179 5730 Morelqh
1206 5668 1333 5731 κόμη
1351 5671 1448 5717 τῶν
1467 5670 1653 5731 φύλλων
1671 5670 1836 5721 ἅπασα

611 5797 669 5842 et
691 5791 845 5842 Sari].
870 5790 925 5842 in
949 5789 1105 5845 Here]
1151 5790 1495 5856 συναπέρχεται
1521 5792 1631 5842 οὐδὲ
1653 5793 1833 5845 αὐτὰ...

250 5856 425 5919 ίρᾴτια,
445 5855 553 5904 ἀλλ’
575 5855 696 5915 ὅσῳ,

1375 366 1743 424 ΕΧΓΟὸΙΤΙΟ
1781 364 1847 421 IN
1889 363 2223 420 PSALMUM
2254 361 2441 417 XLlX.

3403 361 3507 417 €1.50

1918 477 2029 546 γὰρ
2057 477 2295 540 ἅπαντα,
2323 476 2468 544 ειπερ
2503 474 3005 548 ἀπηριθμησάμην,
3042 474 3242 547 πηγαὶ,
3287 474 3383 528 καὶ
3411 492 3510 529 πε-

1920 560 2161 631 ρίπατοι,
2196 558 2293 614 καὶ
2334 558 2614 629 βαλανεῖα,
2647 558 2875 629 χρυσίον
2906 558 3002 612 καὶ
3032 558 3317 631 ἀργύριον,
3354 556 3511 612 ἵπποι

1918 643 2012 698 καὶ
2040 642 2274 714 ἡμίονοι,
2305 642 2399 697 καὶ
2420 641 2662 711 τάπητες
2690 642 2783 695 καὶ
2814 641 3022 712 ἱμάτια,
3062 640 3156 697 τοῦ
3184 641 3333 696 οῖκου
3363 639 3511 706 δόξα,

1917 725 1978 778 οὐ
1998 725 2092 781 τοῦ
2116 726 2207 778 τὸν
2241 720 2390 778 οἷκον
2424 723 2701 793 οἰκοῦντος
2728 723 3039 795 ἀνθρώπου.

2002 803 2315 877 Ἀνθρώπου
2345 806 2454 879 γὰρ
2481 805 2609 870 δόξα
2635 808 2671 877 ή
2705 807 2898 878 ἀρετὴ,
2929 806 3051 861 ὅθεν
3081 805 3179 861 καὶ⁵
3210 805 3513 877 συναποδηο

1921 895 2015 964 μεῖ
2029 890 2106 963 τῷ
2124 907 2291 961 κεκτη
2301 890 2468 962 μένῳ.
2489 889 2638 962 Δῦτη
2659 889 2716 945 δὲ
2739 890 2890 944 οίκου
2905 888 3033 955 δόξα
3050 890 3222 960 μένει*
3237 888 3440 960 μᾶλλον
3455 888 3514 943 δὲ

1917 976 2039 1030 οὐδὲ
2071 975 2244 1047 μένει,
2271 974 2408 1029 ἀλλά
2434 973 2574 1045 μετά
2620 974 2715 1029 τοῦ
2765 974 2917 1028 οἴκου
2940 974 3034 1029 καὶ
3057 972 3511 1042 συγκαταλύεται,

1918 1058 2071 1111 οὐδὲν
2093 1058 2185 1111 τὸν
2204 1059 2263 1111 ἐν
2285 1056 2436 1128 αὐτῷ
2454 1057 2873 1129 ἀναστραφέντα
2892 1055 3244 1127 ώφελήσασα·
3265 1055 3387 1110 οὐδὲ
3404 1054 3513 1128 γὰρ

1916 1134 1986 1211 ἦν
2002 1138 2190 1195 αὐτοῦ.
2202 1140 2322 1192 Ὅτι
2332 1138 2371 1206 ἠ
2389 1139 2562 1210 ψυχὴ
2578 1139 2765 1195 αὐτοῦ
2775 1137 2930 1207 ἐντῇ
2946 1136 3062 1207 ﬁcii
3072 1135 3260 1191 αὐτοῦ
3272 1138 3518 1205 εὐλογη-

1919 1221 2189 1289 θήσεται.
2235 1221 2416 1276 Εἰπὼν
2472 1222 2602 1293 περὶ
2640 1220 2736 1277 τοῦ
2795 1221 3026 1279 πλούτου
3079 1219 3246 1274 αὐτοῦ
3282 1221 3377 1273 καὶ
3414 1220 3516 1290 τῆς

1917 1304 2111 1377 δόξης,
2170 1305 2261 1358 ἐπὶ
2325 1306 2418 1359 τὸν
2475 1305 2585 1359 τῶν
2644 1304 2931 1375 εὐφημιῶν
3007 1303 3275 1359 διαϐαίνει
3334 1301 3512 1371 λόγον.

1931 1388 2150 1459 Ἐπειδὴ
2206 1390 2317 1460 γὰρ
2377 1391 2471 1444 καὶ
2544 1389 2705 1443 τοῦτο
2767 1390 3006 1460 μάλιστα
3062 1391 3177 1452 τοῖς
3239 1387 3518 1451 πλουσίοις

1922 1471 2413 1544 περισπούδαστον,
2448 1475 2503 1526 al
2539 1475 2597 1525 ἐν
2627 1474 2801 1545 ἀγορᾷ
2834 1473 3137 1536 κολακείαι,
3163 1472 3221 1525 αἱ
3248 1469 3401 1542 παρὰ
3422 1470 3518 1525 τοῦ

1918 1554 2092 1627 δήμου
2119 1555 2431 1628 θεραπεῖαι,
2458 1559 2514 1610 αἱ
2540 1556 2857 1628 δημοτελεῖς
2877 1556 3166 1627 εὐφημίαι,
3196 1557 3268 1612 τά
3293 1555 3521 1627 ὑποκρί-

1920 1654 2060 1701 σεως
2087 1637 2327 1707 γέμοντα
2360 1637 2634 1709 ἐγκώμια,
2668 1639 2765 1693 καὶ
2798 1639 2942 1710 μέγα
2983 1636 3123 1694 εἶναι
3152 1640 3301 1695 δοκεῖ
3334 1640 3395 1695 τὸ
3425 1639 3522 1693 καὶ

1920 1720 1978 1773 ἐν
2011 1718 2281 1793 θεάτροις,
2311 1722 2373 1774 τὸ
2400 1720 2496 1775 καὶ
2524 1723 2582 1773 ἐν
2606 1722 2951 1791 συμποσίοις,
2983 1722 3046 1777 τὸ
3074 1723 3169 1776 καὶ
3191 1727 3248 1776 ἐν
3269 1725 3524 1792 δικαστη-

1924 1803 2060 1875 ρίοις
2081 1803 2417 1875 κροτεῖσθαι,
2459 1803 2614 1875 παρά
2645 1805 2866 1861 πάντων
2898 1805 3394 1877 ἀνακηρύττεσθαι,
3426 1804 3522 1876 ζη-

1920 1885 2126 1949 λωτοὺς
2152 1882 2293 1939 εῐναι
2320 1886 2661 1959 νομίζεσθαι,
2688 1889 2791 1960 δρα
2814 1889 2911 1941 καὶ
2934 1888 3094 1942 τοῦτο
3121 1888 3242 1954 πῶς
3268 1888 3523 1959 καθαιρεῖ

1923 1969 2085 2022 πάλιν
2109 1969 2219 2025 ἀπὸ
2243 1970 2337 2025 τοῦ
2367 1971 2584 2043 χρόνου.
2630 1972 2728 2024 Ἐγ
2748 1971 2856 2042 γάρ
2889 1970 2965 2040 τῇ
2989 1970 3104 2040 ζωῇ
3125 1972 3337 2035 αὑτοῦ,
3364 1970 3520 2041 φησὶ,

1920 2051 2220 2118 τουτέστιν,
2256 2048 2418 2108 αῦται
2468 2056 2525 2112 al
2572 2055 2883 2126 θεραπεῖαι,
2912 2057 3009 2109 καὶ
3050 2054 3113 2108 τὸ
3167 2051 3226 2108 εὖ
3268 2054 3521 2122 λέγεσθαι

1921 2137 2106 2203 αὐτὸν,
2143 2138 2306 2209 μέχρι
2338 2136 2434 2192 τοῦ
2462 2139 2730 2210 παρόντος
2757 2138 2874 2209 βίου
2897 2156 2912 2170 ο
2950 2138 3091 2208 μετὰ
3117 2139 3175 2192 δὲ
3207 2138 3317 2191 τῶν
3343 2136 3522 2193 ἄλλων

1922 2221 2019 2275 καὶ
2053 2220 2214 2275 τοῦτο
2258 2222 2712 2293 συγκαταλύεται,
2746 2224 2823 2287 ὼς
2859 2222 3214 2296 πρόσκαιρον,
3263 2222 3358 2277 καὶ
3400 2220 3522 2273 ἐπί-

1922 2321 2115 2376 κηρον.
2155 2305 2318 2359 Ἀλλά
2342 2307 2437 2363 καὶ
2469 2306 2632 2377 ἡνίκα
2657 2307 2722 2361 ἂν
2747 2306 2965 2377 γίνηται
2987 2306 3053 2359 ἐκ
3082 2306 3333 2376 παροχῆς
3353 2303 3380 2344 ἀ
3411 2303 3521 2358 τῶν

1923 2387 2340 2460 εὐφημούντων,
2368 2391 2507 2460 μετὰ
2527 2388 2786 2460 τελευτὴν
2816 2391 2896 2453 είς
2928 2389 3237 2443 τούναντίον
3268 2388 3526 2459 μεθίστα-

1920 2488 2034 2536 ται,
2064 2473 2192 2527 ὂταν
2226 2472 2286 2526 τὸ
2311 2472 2406 2526 τοῦ
2429 2474 2596 2541 φόϐου
2619 2474 2965 2544 προσωπεῖον
3004 2471 3348 2544 περιαιρεθῇ.
3389 2466 3523 2535 Ἐξ·-

1923 2554 2369 2627 ομολογήσετιιί
2393 2573 2513 2622 σοι,
2535 2556 2681 2611 ὅταν
2704 2557 3014 2626 ἀγαθύνῃς
3033 2554 3213 2623 αὐτῷ.
3234 2555 3379 2626 Ὅρα
3407 2552 3524 2617 πῶς

1923 2640 2021 2695 καὶ
2045 2641 2147 2704 τὰς
2176 2640 2499 2710 εὐεργεσίας
2528 2638 2711 2694 αὐτῶν
2736 2639 3036 2695 διαϐάλλει.
3068 2641 3141 2693 Σὺ
3175 2639 3275 2712 μὲν
3300 2638 3408 2710 γὰρ
3439 2654 3525 2692 κο-

1921 2720 2179 2787 λακεύεις
2216 2725 2310 2777 καὶ
2345 2722 2691 2796 θεραπεύεις,
2723 2724 3151 2797 ὑποκρινόμενος
3188 2722 3523 2794 πρόσκαιρόν

1920 2824 2045 2866 τινα
2089 2808 2387 2881 θεραπείαν
2431 2810 2528 2863 καὶ
2570 2809 2915 2881 ὑποκρίσεως
2960 2809 3263 2880 γέμουσανο
3316 2809 3524 2868 ἐκεῖνος

1922 2890 1981 2947 δὲ
2009 2893 2117 2947 κᾶν
2142 2893 2371 2965 χάριτάς
2400 2909 2483 2948 σοι
2505 2892 2817 2965 ὁμολογήσῃ
2838 2906 2885 2960 ο,
2913 2892 3220 2964 ὠνούμενος
3245 2891 3397 2962 παρὰ
3425 2889 3522 2944 σοῦ

1922 2974 1988 3029 τὸ
2003 2976 2074 3030 τὰ
2088 2976 2393 3048 ἀρέσκοντα
2414 2975 2566 3047 αὐτῷ
2585 2979 2782 3042 ποιεῖν,
2825 2977 2921 3031 καὶ
2949 2974 3146 3029 πολλοῦ
3166 2974 3325 3029 τοῦτο
3350 2973 3523 3027 ώνού-

1928 3076 2112 3131 μενος,
2143 3059 2266 3114 τότε
2301 3060 2687 3133 εὐχαριστήσει
2716 3077 2818 3125 σοι,
2842 3060 2996 3130 φησί.
3028 3059 3103 3112 T6
3130 3058 3259 3130 γὰρ,
3287 3057 3524 3126 Ἐξομοο

1923 3142 2272 3214 λογήσεται,
2304 3143 2463 3197 τοῦτό
2491 3145 2659 3208 ἐστιν,
2696 3142 2844 3196 ὅταν
2873 3144 3183 3212 ἀγαθύνῃς
3198 3139 3378 3207 αὐτῷ.
3408 3140 3524 3193 Οὐκ

1925 3225 2098 3293 εἶπεν,
2131 3226 2300 3281 Ὅταν
2324 3245 2376 3281 τι
2402 3228 2672 3298 χρήσιμον
2712 3227 2943 3301 ἐργάσῃ,
2975 3227 3102 3280 ὅταν
3131 3224 3521 3297 εὐεργέτήσης.

1925 3309 2064 3370 ἀλλ’,
2100 3310 2269 3363 Ὅταν
2298 3310 2367 3362 τὰ
2409 3309 2618 3382 ἀρεστά
2650 3309 2821 3381 αὐτῷ,
2851 3310 2945 3363 καὶ
2986 3310 3129 3363 κατά
3161 3303 3439 3381 γνώμηνῇ
3477 3306 3521 3373 τ,

1927 3392 2079 3466 [223]
2109 3393 2204 3447 καὶ
2236 3393 2378 3447 κατᾶ
2410 3392 2536 3447 νοῦν
2580 3393 2936 3466 ὑπηρετήσεις
2957 3411 2970 3424 ·
3002 3393 3237 3458 δεικνὺς,
3283 3391 3365 3445 ὅτι
3403 3391 3531 3445 ἐκα-

1925 3476 2215 3549 τέρωθενή
2240 3476 2434 3547 βλάϐη,
2460 3477 2569 3530 ἀπό
2596 3493 2650 3529 τε
2676 3476 2776 3548 τῆς
2796 3476 3187 3547 πεπλασμένης
3209 3474 3523 3538 κολακείας,

1926 3559 2022 3614 καὶ
2059 3559 2167 3613 ἀπὸ
2211 3560 2312 3631 τῆς
2358 3558 2691 3623 ἐπιϐλαϐοῦς
2740 3560 3041 3623 διακονίας.
3091 3558 3526 3613 Είσελεύσεται

1924 3642 2037 3711 ἕως
2066 3642 2279 3711 γενεᾶς
2302 3643 2576 3711 πατέρων
2611 3641 2820 3707 αὐτοῦ,
2850 3641 2963 3707 ἕως
2989 3641 3207 3707 αἰῶνος
3227 3643 3342 3695 οὐκ
3375 3639 3522 3709 ὄψε-

1927 3741 2020 3779 ται
2051 3724 2198 3794 φῶς.
2233 3726 2340 3780 Καὶ
2380 3724 2696 3793 ἄνθρωπος
2718 3726 2790 3779 ἐν
2826 3723 2968 3793 τιμῇ
3007 3723 3095 3777 ὢν
3133 3726 3206 3779 οὐ
3255 3722 3524 3791 συνῆκε·

1925 3806 2437 3875 παρασυνεϐλήθη
2475 3806 2603 3873 τοῖς
2627 3805 2879 3872 κτήνεσι
2914 3804 3041 3872 τοῖς
3077 3805 3380 3872 ἀνοήτοις,
3423 3804 3526 3858 καί.

1925 3891 2192 3960 ὡμοιώθη
2238 3890 2466 3957 αὐτοῖς.
2515 3891 2967 3955 Είσελεύσεται,
3003 3889 3174 3959 ήγουν
3228 3889 3526 3959 μιμήσεται

1926 3975 2018 4031 τὸν
2055 3974 2165 4028 τῶν
2196 3972 2449 4045 πατέρων
2481 3970 2666 4042 ζῆλον,
2701 3972 2796 4027 καὶ
2831 3973 2896 4027 ἐκ
2938 3971 3192 4043 πονηρῶν
3214 3970 3313 4035 ῶν,
3357 3986 3529 4041 πονη-

1932 4058 2054 4130 ρίαν
2078 4056 2376 4122 διαδέξεται
2396 4072 2409 4086 ’
2437 4057 2472 4129 ἢ
2506 4057 2629 4110 ἀντὶ
2650 4055 2766 4121 τοῦ,
2786 4057 2850 4110 Et
2883 4056 2959 4127 μὴ
2980 4055 3192 4126 πράξας
3216 4071 3269 4108 τι
3299 4053 3526 4123 ἀγαθὸν,

1930 4139 2286 4213 εὑρεθήσεται
2322 4140 2387 4194 ἐκ
2419 4138 2515 4193 τοῦ
2550 4137 2782 4193 πλούτου
2824 4138 2975 4193 οὐδὲν
3001 4136 3409 4208 ὠφελούμενος*
3434 4153 3530 4191 κα-

1927 4223 2240 4293 ταλείψεται
2266 4223 2324 4276 δὲ
2344 4224 2470 4287 τοὺς
2508 4221 2616 4293 πρὸ
2643 4221 2807 4276 αὐτοῦ
2833 4220 3117 4293 κειμένους
3145 4221 3204 4275 ἐν
3220 4221 3367 4276 κόνει
3397 4219 3529 4291 ἄχρι

1927 4308 2028 4379 τῆς
2061 4304 2315 4379 κρίσεως,
2348 4305 2469 4359 οὐδὲ
2500 4304 2616 4375 φῶς
2650 4304 2776 4358 ἰδεῖν
2810 4303 3108 4374 δυνάμενος
3136 4302 3279 4359 κατὰ
3312 4302 3405 4356 τὸν
3426 4301 3530 4374 τῆς

1930 4388 2143 4458 φύσεως
2180 4387 2363 4460 νόμον.
2400 4384 2536 4442 Εἶτα
2564 4388 2726 4443 πάλιν
2760 4386 3205 4457 ἐπαναλαμϐάνει
3249 4386 3315 4439 τὰ
3344 4400 3530 4457 προει-

1934 4471 2143 4544 ρημένα
2175 4469 2348 4539 λέγων
2371 4487 2385 4500 ⁸
2415 4470 2525 4525 Καί
2563 4470 2874 4538 ἅνθρωπος
2899 4469 2970 4523 ἐν
2993 4467 3133 4538 τιμῇ
3167 4467 3254 4521 ὢν
3278 4469 3352 4523 οὐ
3379 4483 3529 4522 avr-

1928 4556 2070 4625 ἧκε·
2125 4553 2639 4624 παρασυνεϐλήθη
2680 4552 2806 4620 τοῖς
2852 4553 3105 4621 κτήνεσι
3173 4550 3297 4618 τοῖς
3347 4549 3528 4620 ἀνοήο

1930 4656 2076 4705 τοις,
2126 4637 2227 4691 καί
2271 4636 2536 4707 ὡμοιώθη
2584 4636 2805 4701 αὐτοῖς.
2848 4636 2908 4689 ’0
2955 4635 3219 4699 τοιοῦτος,
3273 4637 3462 4709 φησὶν,
3498 4639 3528 4692 6

1929 4721 2104 4783 οὓτως
2120 4718 2431 4781 ἀποθανὼν,
2451 4719 2480 4770 6
2507 4718 2584 4789 μὴ
2600 4719 2880 4789 διοικήσας
2900 4717 3129 4776 δεόντως
3149 4718 3220 4773 τὰ
3245 4720 3349 4791 χρή
3358 4737 3524 4791 ματα,

1929 4803 2083 4858 οὐδὲν
2096 4803 2283 4858 διοίσει
2304 4802 2524 4871 ἀλόγου,
2546 4802 2624 4867 ὡς
2656 4800 2731 4874 μὴ
2754 4802 3014 4870 ἐπιγνοὺς
3035 4801 3102 4875 ἣν
3120 4800 3341 4867 ἐδέξατο
3360 4803 3528 4877 τιμὴν

1930 4889 1996 4942 ἐκ
2037 4885 2196 4951 Θεοῦ,
2249 4885 2616 4959 ἀφομοιωθεὶς
2659 4887 2773 4948 τοῖς
2818 4888 3093 4957 κτήνεσιν,
3129 4881 3214 4950 οἷς
3249 4887 3312 4940 τὸ
3352 4887 3526 4959 πέρας

1929 4972 2048 5025 ἐστὶ
2079 4971 2181 5041 τῆς
2211 4968 2357 5043 ζωῆς
2399 4969 2632 5033 θάνατος
2674 4969 2833 5041 μόνον
2853 4986 2867 5001 ο
2900 4962 2974 5024 ὧν
3009 4968 3342 5043 ρυσθείημεν
3369 4971 3424 5024 οῖ
3461 4988 3521 5026 τε

1933 5054 2296 5125 μανθάνοντες
2342 5052 2517 5108 ταῦτα
2564 5052 2660 5107 καὶ
2695 5053 2743 5105 οί
2787 5052 3152 5119 διδάσκοντες,
3205 5053 3263 5107 ἐν
3304 5052 3526 5125 Χριστῷ

1943 5138 2118 5212 Ἰησοῦ
2146 5137 2225 5210 τῷ
2254 5135 2442 5209 Κυρίῳ
2473 5135 2652 5209 ήμῶν,
2684 5127 2730 5203 ᾧ
2756 5135 2790 5206 ἡ
2820 5135 2947 5200 δόξα
2979 5137 3077 5189 καί
3103 5135 3165 5190 τὸ
3191 5134 3411 5208 κράτος,
3441 5135 3523 5199 είς

1929 5224 2058 5287 τοὺς
2085 5221 2286 5286 αἰῶνας
2309 5220 2417 5275 τῶν
2454 5220 2685 5274 αἰώνων.
2725 5219 2920 5291 Ἀμήν.

2338 5325 2449 5379 ΕΙΣ
2486 5323 2621 5379 ΤΟΝ
2656 5322 2770 5377 ΜΘ¹
2798 5321 3118 5378 ΨΛΛΜΟΝ.

1936 5416 2078 5485 Θεὸς
2107 5415 2260 5472 θεῶν
2287 5414 2505 5482 Κύριος
2519 5411 2808 5485 έλάλησε,
2832 5411 2933 5485 καί
2956 5392 3355 5485 ἐκάλεσεςτὴν
3375 5392 3517 5481 γῆν,

2145 5486 2266 5541 ἀπὸ
2294 5480 2608 5539 ἀνατολῶν
2633 5480 2813 5549 ἡλίου
2833 5481 3012 5552 μέγρι
3038 5480 3309 5551 δυσμῶν.

2008 5593 2079 5649 α’.
2109 5590 2221 5646 Καὶ
2247 5587 2478 5658 ἀλλαχοῦ
2502 5601 2668 5656 φησιν
2697 5587 2727 5639 6
2763 5585 2956 5651 αὐτός·
3002 5585 3065 5640 '0
3097 5586 3241 5655 Θεὸς
3274 5585 3423 5656 ἔστη
3457 5585 3527 5638 ἐι·

1996 5734 2024 5770 α
2046 5727 2210 5781 Codex
2236 5736 2367 5775 unus
2380 5721 2566 5832 γίνηται
2588 5720 2679 5769 οὐκ
2697 5721 2794 5771 ἀπὸ
2820 5726 2992 5787 ψυχῆς.

2005 5805 2029 5831 e
2056 5789 2207 5832 Snvil.
2234 5793 2288 5832 et
2309 5784 2391 5832 Col
2435 5820 2446 5830 .
2473 5782 2777 5832 ὁμολογήσει.

2005 5805 2029 5831 e
2056 5789 2207 5839 Savil.
2234 5793 2288 5833 et
2309 5782 2446 5834 Colb.
2465 5782 2777 5845 ῥμολογήσει.

2009 5852 2029 5892 ι
2057 5852 2180 5914 Reg,
2210 5855 2262 5897 et
2285 5846 2437 5905 Savil.
2458 5843 2488 5907 ᾖ
2508 5843 2743 5894 ⁷οω1ιιιιιι1
2761 5844 2939 5906 ;habel
2956 5845 3090 5897 Colb.
