4064 6422
248 387 352 440 ξω

255 505 495 556 deorum.
529 499 599 553 Et
630 499 786 568 paulo
815 506 933 569 post
963 515 974 552 :
1012 495 1120 566 Ego
1147 494 1276 559 cli-xi,
1305 493 1393 547 Dii
1414 494 1531 547 estis
1563 489 1744 563 (Psal.
1773 488 1864 544 Si.

265 599 322 652 1.
355 607 399 649 et
429 595 522 663 6).
549 595 614 648 [ﬁt
639 593 834 647 Paulus
863 609 875 644 :
912 590 1020 644 Etsi
1068 590 1198 642 enim
1225 597 1342 641 sunt
1383 587 1468 657 qui
1509 586 1747 638 dicuntur
1796 583 1868 636 dii

263 699 318 742 et
349 687 541 741 domini
573 685 716 739 multi
766 685 855 755 (1.
901 681 1019 736 Cor.
1047 682 1100 736 8.
1152 681 1242 748 5).
1283 678 1351 733 Et
1375 678 1548 732 Moses
1583 674 1738 732 :Diis
1767 692 1868 728 non

268 779 541 842 cialedices
568 780 586 847 (
621 777 787 831 Exod.
817 774 909 829 22.
930 772 1058 844 28).
1088 773 1150 826 Et
1180 771 1304 826 alibi
1339 787 1352 824 :
1391 767 1628 824 Videntes
1651 766 1746 835 ﬁlii
1773 764 1871 819 Dei

270 872 409 934 ﬁlias
451 869 710 923 hominum
754 866 773 932 (
792 865 919 920 Gen.
955 865 1010 920 6.
1058 864 1156 926 2).
1199 862 1268 916 Ει
1309 875 1495 916 rursus
1535 859 1674 913 idem
1726 855 1870 922 :Qui

267 970 565 1015 exsecratur
615 958 794 1022 Deum,
844 965 1100 1025 peccatum
1122 953 1328 1022 accipiet
1353 967 1373 1006 :
1401 951 1486 1016 qui
1510 958 1678 1002 autem
1708 964 1870 1002 nonu-

268 1060 362 1105 nat
398 1066 580 1102 nomen
620 1046 851 1112 Domini,
881 1043 1134 1116 lapidibus
1163 1043 1400 1097 obruetur
1431 1038 1626 1112 (Levit.
1658 1039 1749 1092 24.
1780 1037 1866 1092 15.

276 1143 365 1211 16)
382 1184 394 1198 .
427 1143 493 1196 Et
523 1156 704 1194 rursus
731 1157 745 1193 :
780 1137 887 1204 Dii,
909 1137 994 1206 qui
1023 1136 1202 1190 caelum
1224 1143 1267 1189 et
1294 1143 1479 1188 terram
1504 1147 1604 1185 non
1624 1135 1868 1201 fecerunt,

273 1245 484 1305 pereant
515 1233 605 1288 sub
641 1233 766 1288 ctrlo
796 1233 811 1264 ⁸
844 1230 988 1304 (Jer.
1023 1229 1111 1285 l0.
1145 1230 1206 1284 il
1228 1229 1268 1298 ).
1318 1228 1589 1294 Quosnam
1619 1237 1748 1294 ergo
1794 1223 1870 1277 si-

271 1327 498 1398 gniﬁcat
518 1342 610 1395 per
637 1324 740 1379 hoc
761 1338 951 1378 nomen
975 1322 1027 1376 in
1050 1322 1154 1376 illis
1177 1318 1518 1382 testimoniis,
1537 1326 1590 1371 et
1610 1329 1869 1385 quosnam

271 1421 365 1474 hic
396 1419 525 1473 dicit
568 1417 732 1472 deos?
776 1416 1068 1484 Principes.
1115 1411 1373 1480 Quocirca
1415 1409 1726 1479 subjungit:
1757 1407 1872 1463 Diis

271 1529 380 1565 non
427 1509 727 1573 maledicas,
773 1523 862 1560 nec
922 1505 1142 1576 principi
1189 1503 1365 1573 populi
1418 1502 1492 1556 tui
1545 1501 1681 1554 dices
1741 1499 1874 1553 male

274 1602 486 1674 (Ea'od.
513 1600 602 1655 22.
633 1600 762 1669 28).
791 1599 928 1654 Dicit
954 1598 1112 1652 etiam
1147 1612 1240 1651 eos
1270 1595 1356 1666 qui
1402 1609 1469 1648 ex
1507 1600 1726 1664 parente
1777 1592 1874 1645 ali-

272 1711 386 1761 quo
415 1698 606 1747 virtute
634 1691 854 1761 praedito
892 1689 1150 1760 originem
1202 1688 1495 1742 duxerunt.
1551 1684 1683 1752 Quia
1729 1684 1870 1742 enim

275 1787 448 1850 Enos,
481 1785 568 1856 qui
615 1798 878 1838 summam
907 1780 1143 1836 ostendit
1191 1780 1463 1844 virtutem,
1517 1777 1610 1831 Dei
1656 1775 1874 1829 nomine

274 1887 499 1931 vocatus
556 1884 638 1929 est
677 1892 689 1928 :
731 1874 822 1944 qui
879 1883 1058 1928 autem
1084 1886 1150 1925 ex
1181 1871 1270 1925 illo
1295 1869 1403 1925 nati
1433 1878 1556 1923 sunt
1581 1881 1788 1931 omnes,
1821 1872 1875 1919 et

277 1978 506 2038 nepotes
552 1965 728 2022 fratris
755 1966 918 2031 illius,
948 1964 1088 2018 inter
1111 1977 1172 2018 se
1210 1959 1703 2032 conjungebantur,
1739 1957 1874 2012 ﬁlios

276 2062 377 2115 Dei
404 2067 578 2124 vocat,
628 2058 718 2130 qui
748 2073 817 2114 ex
859 2057 975 2112 viro
1001 2055 1143 2110 bono
1170 2068 1338 2125 genus
1377 2052 1660 2108 duxerant.
1700 2049 1874 2119 Cmpe-

273 2162 399 2206 runt
421 2152 586 2220 enim,
616 2151 806 2221 inquit,
837 2149 1004 2204 vocari
1044 2149 1244 2202 nomine
1287 2145 1384 2200 Dei
1429 2143 1594 2216 (Gen.
1644 2144 1699 2198 4.
1736 2141 1874 2214 26).

275 2243 421 2299 Dicit
442 2244 600 2298 etiam
625 2243 878 2314 populum
907 2240 1212 2296 Judteorum
1238 2279 1254 2305 ,
1283 2238 1372 2308 qui
1400 2237 1500 2292 hac
1523 2234 1877 2306 appellatione

276 2337 596 2392 honestatus
623 2345 724 2398 est,
753 2335 880 2389 dum
911 2334 1041 2389 dicit
1072 2352 1086 2390 :
1119 2331 1230 2403 Ego
1261 2331 1388 2397 dixi,
1416 2330 1502 2384 Dii
1543 2329 1681 2390 estis,
1705 2337 1751 2381 et
1781 2327 1878 2395 ﬁlii

279 2429 490 2484 Επειεὶ
517 2444 686 2482 omnes
713 2426 899 2499 (Psal.
928 2427 1017 2482 81.
1059 2425 1093 2481 6
1115 2424 1159 2495 ).
1190 2425 1254 2478 Et
1281 2424 1416 2478 alius
1448 2441 1461 2477 :
1491 2420 1659 2474 Filius
1685 2420 1878 2490 primo-

280 2524 485 2593 genitus
514 2538 654 2576 meus
682 2520 847 2576 Israel
873 2519 891 2591 (
913 2518 1086 2574 Exod.
1129 2519 1183 2573 4.
1210 2515 1338 2590 22).
1374 2515 1462 2572 Sic
1484 2515 1624 2570 enim
1656 2513 1878 2567 vocabat

276 2631 472 2670 eorum
492 2615 742 2684 populum
764 2623 982 2684 propter
1008 2627 1156 2668 suam
1177 2611 1577 2680 benignitatem.
1602 2607 1691 2661 Sic
1714 2606 1876 2660 etiam

279 2708 506 2763 solvitur
527 2706 657 2762 illud
683 2726 698 2762 :
729 2707 832 2773 Qui
874 2715 1163 2761 exsecratur
1210 2703 1396 2770 Deum,
1448 2710 1704 2773 peccatum
1745 2701 1879 2754 acci-

284 2801 388 2870 piet
416 2816 436 2855 :
475 2800 576 2854 hoc
619 2808 735 2863 est,
778 2798 868 2868 qui
910 2797 1136 2868 principi
1181 2795 1485 2861 maledicit,
1530 2803 1733 2863 peccat.
1779 2791 1879 2858 Qui

281 2901 453 2946 autem
499 2892 727 2945 nominat
766 2906 947 2944 nomen
991 2887 1108 2954 Dei,
1163 2889 1401 2942 obruetur
1432 2886 1685 2955 lapidibus
1716 2884 1734 2955 (
1757 2883 1876 2938 Lev.

281 2984 482 3054 24.15)
510 3001 524 3036 :
559 2983 661 3038 hoc
685 2989 789 3048 est,
821 2981 909 3051 qui
933 2981 996 3035 iis
1022 2981 1113 3051 qui
1143 2995 1249 3034 non
1287 2986 1431 3044 sunt,
1463 2978 1581 3047 ejus
1621 2977 1708 3047 qui
1737 2976 1880 3031 Deus

284 3086 370 3132 est
399 3090 593 3130 nomen
622 3074 825 3130 tribuit.
857 3073 989 3140 Quia
1013 3073 1156 3128 enim
1185 3087 1289 3126 non
1317 3077 1494 3140 potest
1519 3068 1635 3138 ejus
1661 3077 1880 3137 peccato

286 3167 512 3238 ignosci,
559 3167 609 3220 in
656 3167 834 3235 ipsum
876 3163 1250 3234 gravissimum
1275 3160 1618 3216 constitutqu
1645 3167 1730 3213 est
1751 3172 1879 3226 sup-

289 3259 527 3328 plicium.
570 3257 826 3311 Dicuntur
876 3256 1038 3310 etiam
1083 3253 1154 3307 dii
1202 3253 1462 3322 gentium,
1509 3265 1616 3305 non
1665 3258 1882 3319 propter

291 3352 571 3413 honorem,
624 3363 726 3403 nec
766 3346 906 3418 quod
956 3347 1027 3400 ita
1055 3345 1163 3400 sint
1186 3342 1509 3414 appellandi,
1541 3341 1634 3396 sed
1667 3351 1882 3410 propter

290 3455 482 3496 eorum
500 3439 588 3510 qui
632 3437 842 3508 decepti
877 3443 1024 3502 sunt,
1056 3445 1110 3490 et
1156 3434 1277 3489 illos
1313 3434 1387 3489 ita
1415 3441 1698 3496 vocarunt,
1730 3447 1883 3485 erro-

291 3547 430 3588 rem.
459 3531 790 3600 Quapmpter
818 3529 942 3584 dicit
969 3542 1183 3598 quoque
1209 3526 1406 3581 Paulus
1435 3543 1448 3580 :
1483 3524 1622 3579 Nam
1650 3525 1741 3578 etsi
1765 3533 1884 3578 sunt

288 3624 381 3696 qui
403 3624 640 3677 dicuntur
684 3622 754 3676 dii
779 3621 797 3695 (
821 3622 872 3675 l.
920 3619 1039 3675 Cor.
1091 3620 1147 3674 8.
1178 3619 1280 3690 5),
1305 3617 1613 3688 signiﬁcans
1651 3630 1744 3672 eos
1775 3630 1881 3669 non

289 3730 414 3772 esse
437 3713 588 3776 deos.
617 3729 683 3768 ne
707 3711 1078 3784 appellationis
1117 3710 1329 3781 quidem
1359 3708 1561 3763 honore
1585 3718 1760 3762 tenus.
1786 3705 1885 3760 llic

292 3821 425 3877 ergo
455 3806 522 3862 de
547 3806 867 3876 quibusnam
895 3804 1045 3870 dicit,
1072 3802 1212 3857 Deus
1246 3802 1456 3855 deorum
1473 3798 1642 3854 ?Mihi
1671 3798 1882 3853 videtur

289 3900 475 3954 dicere
497 3897 564 3952 de
583 3897 685 3952 diis
706 3895 966 3966 gentium,
994 3909 1100 3949 non
1123 3901 1181 3946 ut
1203 3892 1294 3962 qui
1319 3891 1446 3956 sint,
1471 3889 1569 3945 sed
1599 3897 1655 3944 ut
1690 3886 1781 3957 qui
1813 3887 1888 3945 ita,

291 3989 666 4044 existimentur
714 3987 783 4042 ab
835 3987 899 4041 iis
945 3985 1036 4056 qui
1087 3986 1140 4039 in
1191 3998 1429 4040 errorem
1478 3979 1691 4036 abducti
1739 3986 1882 4034 sunt.

291 4082 558 4149 Quoniam
577 4080 719 4136 enim
740 4079 1032 4134 crassiores
1054 4085 1207 4132 erant
1228 4074 1399 4132 ιιιᾱωί
1420 4084 1474 4130 et
1492 4090 1522 4128 a
1547 4073 1690 4128 cultu
1720 4071 1886 4127 idolo-

291 4187 414 4227 rum
445 4186 550 4226 non
571 4179 723 4227 erant
755 4171 975 4226 omnino
1022 4168 1196 4235 liberi,
1248 4167 1344 4224 sed
1385 4166 1669 4221 simulacra
1715 4163 1890 4231 suSpi-

292 4264 500 4320 cientes
565 4262 847 4326 colebant,
903 4269 958 4317 et
1017 4261 1217 4316 multas
1271 4256 1571 4328 iniquitatis
1621 4254 1889 4310 habebant

296 4354 554 4424 reliquias
585 4371 598 4408 :
625 4354 710 4408 vel
737 4369 802 4409 ex
830 4368 895 4408 eo
921 4353 1037 4420 ipso
1076 4366 1262 4406 eorum
1294 4349 1504 4404 animos
1545 4347 1797 4418 deprimit
1823 4349 1843 4378 ³
1869 4386 1886 4413 ,

296 4445 589 4501 ostendens
611 4445 759 4499 illum
787 4459 974 4499 eorum
991 4457 1110 4498 esse
1129 4442 1429 4497 dominum.
1454 4439 1588 4496 Nam
1631 4449 1716 4496 est
1748 4439 1890 4509 ipso-

295 4553 416 4592 rum
459 4551 667 4608 quoque
714 4536 1016 4591 daemonum
1069 4533 1317 4589 dominus
1347 4550 1362 4587 :
1392 4533 1581 4602 loquor
1636 4530 1704 4586 de
1760 4531 1888 4599 ipsis

295 4629 644 4693 substantiis;
678 4629 812 4684 mala
839 4629 981 4684 enim
1003 4642 1155 4683 mens
1182 4635 1238 4683 et
1262 4641 1421 4681 omne
1445 4626 1635 4680 vitium
1664 4624 1732 4678 ab
1762 4624 1891 4693 ipsis

300 4722 511 4776 invecta
539 4729 681 4776 sunt.
716 4720 934 4775 Videtur
952 4730 1128 4774 autem
1153 4717 1282 4772 mihi
1311 4717 1396 4772 hic
1414 4731 1627 4788 quoque
1648 4714 1892 4771 Psalmus

300 4812 577 4868 cohazrere
604 4813 788 4882 priori.
820 4810 951 4866 Nam
978 4812 1032 4866 in
1059 4811 1159 4866 hoc
1205 4825 1416 4880 quoque
1455 4809 1650 4879 scripta
1694 4817 1777 4864 est
1802 4822 1892 4863 re-

304 4903 594 4973 prehensio
641 4913 696 4957 ct
729 4903 1000 4957 accusatio
1050 4917 1237 4957 eorum
1268 4901 1356 4971 qui
1396 4900 1768 4970 deliquerunt:
1797 4899 1892 4954 sed

303 4994 416 5047 illic
467 4991 681 5062 quidem
717 5001 886 5048 totum
917 4993 1102 5047 orbem
1144 5001 1299 5045 terrae
1328 4991 1552 5047 vocabat
1578 4990 1643 5044 ad
1674 4988 1896 5044 audien-

299 5085 454 5149 dum,
482 5083 570 5138 hic
595 5095 772 5138 autem
805 5084 919 5152 ipsa
944 5083 1232 5146 elementa,
1255 5097 1374 5151 quae
1403 5091 1622 5136 extensa
1646 5088 1773 5142 sunt
1801 5096 1895 5150 per

303 5179 611 5232 universum
654 5178 861 5232 orbem.
892 5176 1046 5231 Aliud
1075 5187 1156 5231 est
1204 5174 1289 5230 hic
1336 5175 1625 5240 theatrum,
1655 5183 1711 5229 et.
1752 5173 1893 5228 aliud

303 5267 648 5322 auditorium.
675 5267 785 5322 illic
809 5275 932 5321 sunt
961 5275 1168 5336 gentes,
1215 5267 1517 5335 terrigenae,
1564 5265 1736 5330 dives,
1768 5279 1898 5334 pau-

305 5373 404 5427 pcr
432 5374 445 5410 :
474 5357 562 5412 hic
590 5357 780 5412 caelum
808 5366 862 5411 et
887 5365 1024 5411 terra
1051 5372 1065 5408 :
1097 5357 1270 5424 ipsum
1296 5370 1508 5425 quoque
1535 5355 1701 5409 Deum
1728 5356 1897 5409 intro-

303 5449 454 5504 ducit
478 5450 887 5522 disceptantem,
944 5456 1000 5502 et
1040 5449 1088 5503 ei
1135 5447 1322 5502 tribuit
1365 5447 1662 5504 orationem
1710 5446 1900 5502 defen-

304 5542 466 5597 dendi
488 5557 706 5598 causam
725 5557 876 5596 suam
906 5539 1046 5610 apud
1072 5539 1325 5609 populum
1343 5538 1670 5595 Judteorum.
1701 5539 1902 5610 Maiore

370 5701 386 5734 ί
423 5706 552 5757 Haec,
577 5696 666 5750 sub
689 5696 825 5758 ctelo,
843 5697 1024 5748 desunt
1049 5697 1096 5747 in
1121 5695 1283 5755 Savil.,
1309 5699 1433 5746 etin
1463 5711 1560 5748 uno
1581 5699 1774 5750 Codice.

368 5764 389 5794 ³
423 5762 566 5811 sarit.
593 5769 647 5810 ct
674 5772 817 5818 unus,
861 5759 1060 5816 excitat,
1107 5769 1212 5820 pro,
1258 5758 1504 5821 deprimit,
1530 5763 1689 5810 minus
1729 5768 1900 5812 recte:

311 5836 422 5870 nam
437 5838 498 5872 ex
514 5823 759 5873 diametro
781 5823 1048 5884 oppositam
1072 5824 1364 5871 sententiam
1393 5821 1557 5870 ellicit.

1375 373 1736 432 EXPOSITIO
1775 371 1842 428 IN
1881 371 2199 432 PSALMUM
2243 379 2424 434 XLIX.

3465 385 3570 442 242

1976 495 2154 562 itaque
2175 498 2328 553 nobis
2352 498 2649 554 attentione
2669 514 2804 570 opus
2829 508 2930 554 est.
2963 499 3076 556 Hoc
3106 501 3268 556 etiam
3297 502 3571 558 facitalius

1979 587 2270 656 propheta;
2301 588 2589 643 introducit
2614 589 2784 644 Deum
2804 605 3022 646 causam
3050 607 3206 647 suam
3225 604 3492 663 agentem,
3517 607 3571 650 ct

1976 678 2157 732 statuit
2172 679 2534 748 Iocojudicum
2551 681 2820 736 convalles
2832 692 2884 737 et
2901 682 3242 739 fundamenta
3261 696 3438 740 terrae.
3462 687 3570 740 Au-

1976 769 2080 824 dite
2093 771 2257 834 enim,
2269 772 2455 842 inquit,
2470 774 2720 828 convalles
2729 784 2776 828 et
2794 777 3121 846 fundamenta
3137 787 3284 833 terra:
3295 795 3314 832 :
3329 780 3567 850 quoniam

1967 863 2226 934 judicium
2253 873 2323 918 est
2346 863 2584 918 Deorum
2608 867 2799 937 populo
2815 884 2908 921 suo
2937 878 2983 921 et
3011 885 3127 923 cum
3156 872 3346 940 populo
3363 871 3572 926 disseret

1978 959 1998 1028 (
2020 957 2180 1012 Miclt.
2214 958 2268 1012 6.
2296 956 2393 1029 2).
2424 957 2493 1012 Et
2519 974 2706 1014 rursus
2736 979 2749 1014 :
2781 959 2987 1014 Iudicio
3013 963 3274 1016 contendet
3297 964 3570 1030 vobiscum,

1977 1058 2165 1103 etcum
2195 1049 2421 1120 patribus
2445 1051 2619 1105 vestris
2646 1051 2790 1122 (Jer.
2822 1052 2876 1106 2.
2910 1051 2944 1107 9
2985 1051 3027 1123 ).
3070 1051 3125 1106 lu
3170 1055 3351 1109 multis
3393 1065 3570 1109 autem

1979 1141 2111 1196 locis
2141 1141 2429 1212 Scriptum
2451 1152 2629 1210 potest
2655 1142 2820 1198 videri
2845 1143 2961 1200 hrnc
3001 1144 3164 1214 ﬁgura
3193 1163 3206 1197 ε
3258 1146 3399 1215 quod
3452 1147 3568 1216 quio

1977 1232 2101 1287 dem
2157 1241 2240 1289 est
2278 1233 2331 1286 in
2365 1233 2549 1301 primis
2577 1235 2910 1299 admirabile,
2957 1246 3010 1290 et
3051 1236 3268 1304 dignum
3294 1237 3388 1292 Dei
3418 1237 3572 1292 beni-

1975 1325 2200 1395 gnitate.
2243 1324 2486 1380 Ostendit
2534 1327 2676 1380 enim
2727 1326 2842 1395 ejus
2895 1326 3212 1382 iuell'abilem
3258 1328 3570 1395 bonitatem,

1979 1418 2067 1487 qui
2095 1433 2154 1471 se
2179 1417 2313 1472 adeo
2340 1418 2638 1484 demiserit,
2665 1428 2723 1472 ut
2743 1435 2862 1474 cum
2888 1419 3191 1474 hominibus
3205 1420 3408 1490 judicio
3437 1437 3573 1476 con-

1981 1509 2179 1564 tendat.
2211 1509 2269 1563 2.
2295 1507 2380 1564 Ex
2409 1509 2536 1564 Sion
2557 1511 2746 1578 species
2784 1511 2976 1564 decoris
3003 1512 3134 1582 ejus.
3177 1511 3346 1566 liabet
3373 1512 3571 1583 aliquid

1979 1601 2368 1672 propheticum,
2428 1601 2589 1656 habet
2625 1603 2786 1657 etiam
2832 1604 3161 1669 historicum,
3192 1603 3332 1674 quod
3371 1604 3573 1660 dictum

1984 1705 2067 1751 est
2099 1714 2112 1749 :
2148 1694 2244 1749 fuit
2287 1695 2429 1750 enim
2455 1705 2508 1751 et
2553 1696 2605 1750 in
2655 1696 2832 1750 Veteri
2853 1712 2916 1751 ex
2940 1697 3035 1751 illo
3056 1698 3172 1767 ejus
3205 1697 3387 1752 decor.
3412 1697 3574 1752 Tem-

1981 1786 2124 1856 plum
2139 1785 2307 1851 enim,
2328 1793 2512 1840 sancta
2532 1795 2870 1854 sanctorum,
2886 1788 3066 1842 omnis
3077 1789 3268 1854 cultus,
3294 1790 3576 1859 omnisque

1983 1878 2150 1933 forma
2181 1893 2244 1934 ac
2282 1878 2414 1932 ritus
2463 1877 2592 1947 legis
2610 1878 2822 1940 veteris,
2883 1879 3168 1934 multitudo
3196 1881 3573 1948 sacerdotum,

1981 1972 2241 2028 sacriﬁcia
2286 1980 2341 2026 et
2383 1972 2708 2038 holocausta,
2756 1972 2894 2028 sacri
2952 1973 3174 2044 hymni,
3220 1975 3530 2044 psalmodiae
3557 2016 3572 2038 ,

1982 2065 2159 2119 omnia
2189 2064 2333 2118 illinc
2363 2064 2854 2134 proﬁciscebantur,
2885 2074 2938 2119 et
2963 2076 3116 2135 typus
3138 2063 3434 2119 futurorum
3468 2065 3577 2120 illic

1983 2165 2107 2212 ante
2134 2157 2433 2228 descriptus
2462 2157 2652 2212 fuerat.
2690 2157 2976 2226 Postquam
3013 2167 3190 2212 autem
3222 2158 3419 2214 veritas
3445 2173 3579 2228 quo-

1981 2268 2088 2322 que
2135 2251 2320 2315 adfuit,
2377 2266 2440 2306 ea
2485 2265 2672 2305 rursus
2727 2250 2873 2304 illinc
2916 2264 3130 2320 quoque
3165 2251 3308 2320 cepit
3342 2250 3574 2305 initium.

1984 2342 2132 2397 Illinc
2155 2343 2298 2397 enim
2316 2358 2444 2397 crux
2470 2340 2834 2411 resplenduit;
2864 2340 3010 2394 illinc
3031 2338 3435 2395 iundmcrabilia
3457 2356 3577 2411 qua:

1983 2436 2241 2507 praeclare
2283 2445 2429 2506 gesta
2465 2445 2610 2490 sunt.
2650 2435 2713 2489 Et
2764 2433 2884 2489 ideo
2914 2433 3077 2489 Isaias
3100 2447 3313 2504 quoque
3337 2433 3579 2488 scribens

1985 2528 2054 2583 de
2079 2528 2196 2598 lege
2219 2527 2353 2582 Novi
2380 2526 2729 2591 Testamenti,
2766 2525 2895 2580 dicit
2937 2543 2949 2580 :
2995 2524 3078 2579 Ea:
3125 2526 3254 2579 Sion
3300 2525 3582 2595 egredietur

1986 2619 2086 2682 lex,
2115 2629 2162 2674 et
2189 2619 2391 2674 verbum
2431 2618 2635 2673 Domini
2663 2635 2726 2673 ea:
2768 2617 3090 2684 Jerusalem,
3140 2627 3188 2670 et
3227 2617 3480 2686 judicabit
3527 2616 3580 2668 in

1985 2713 2149 2765 medio
2193 2711 2416 2782 gentium
2447 2709 2608 2783 (Isai.
2648 2710 2704 2764 2.
2752 2710 2806 2764 5.
2860 2707 2948 2782 4).
2993 2706 3124 2763 Sion
3162 2709 3304 2762 enim
3336 2705 3424 2761 hic
3452 2705 3582 2761 dicit

1987 2804 2162 2859 locum
2187 2805 2542 2874 integrum,et
2566 2803 2832 2857 civitatem
2857 2816 2975 2872 qua:
2997 2800 3142 2869 juxta
3173 2799 3317 2853 illum
3347 2797 3446 2852 sita
3473 2807 3577 2864 cst,

1984 2898 2288 2954 Judaeorum
2319 2897 2675 2968 metrOpolim.
2703 2895 2851 2950 Illinc
2889 2894 3028 2949 enim
3061 2903 3329 2962 tamquam
3369 2908 3435 2947 ex
3462 2891 3578 2962 qui-

1987 2992 2208 3048 busdam
2257 2991 2563 3046 carceribus
2611 2989 2824 3044 veloces
2879 2988 3023 3057 equi,
3085 3001 3275 3054 nempe
3315 2983 3578 3053 apostoli,

1986 3084 2167 3141 emissi
2210 3083 2411 3138 suntin
2443 3089 2606 3135 totum
2637 3079 2820 3134 orbem
2871 3088 3058 3143 terrm;
3113 3077 3257 3131 illinc
3303 3083 3580 3144 cceperuut

1988 3176 2135 3245 signa
2163 3174 2338 3229 facere
2371 3191 2384 3228 :
2419 3173 2524 3227 illic
2552 3173 2647 3226 fuit
2676 3170 3018 3236 resurrectio,
3051 3168 3156 3222 illic
3181 3168 3444 3232 ascensio,
3475 3166 3582 3220 illic

1989 3271 2248 3339 prooemia
2293 3276 2348 3322 et
2406 3267 2554 3321 initia
2603 3273 2800 3320 nostrae
2846 3263 3072 3327 salutis;
3123 3261 3230 3316 illic
3271 3274 3462 3314 arcana
3492 3259 3581 3312 illa

1987 3369 2265 3430 coeperunt
2287 3358 2560 3430 praedicari
2586 3357 2832 3427 dogmata
2859 3371 2920 3410 ac
2945 3355 3181 3410 decreta.
3217 3353 3328 3407 Illic
3354 3351 3581 3420 primum

1991 3454 2150 3508 Pater
2177 3453 2442 3507 revelatus
2467 3459 2581 3515 est,
2612 3448 2856 3519 cognitus
2905 3455 2986 3501 est
3016 3445 3355 3515 Unigcnitus,
3387 3451 3440 3496 et
3460 3441 3582 3496 data

1992 3551 2076 3599 est
2123 3550 2265 3598 tanta
2310 3534 2478 3611 gratia
2531 3539 2778 3609 Spiritus.
2829 3537 2940 3592 Illic
2987 3535 3216 3606 apostoli
3273 3533 3586 3588 revelarunt

1990 3649 2293 3690 sermonem
2320 3633 2386 3687 de
2409 3632 2568 3686 rebus
2594 3629 2940 3698 incorporeis,
2963 3627 3030 3682 de
3056 3627 3230 3691 donis,
3262 3625 3329 3680 de
3351 3634 3587 3694 petesta-

1991 3727 2168 3792 tibus,
2201 3726 2268 3780 de
2317 3725 2613 3778 futurorum
2662 3722 2922 3775 bonorum
2967 3716 3428 3788 promissionibus.
3455 3715 3585 3781 Qua:

1992 3821 2169 3874 omnia
2199 3817 2457 3888 propheta
2501 3814 2848 3870 considerans
2868 3855 2883 3880 ,
2908 3812 2960 3867 id
2989 3819 3142 3865 vocat
3171 3811 3288 3878 ejus
3308 3808 3581 3862 decorem.

1993 3912 2089 3966 Dei
2114 3913 2254 3966 enim
2276 3909 2481 3978 species
2507 3923 2570 3962 ac
2595 3907 2758 3961 decor
2785 3913 2867 3959 est
2890 3905 3007 3973 ejus
3029 3902 3239 3957 bonitas
3258 3916 3320 3955 ac
3346 3899 3589 3969 benigni-

1995 4015 2094 4071 tas,
2123 4013 2176 4058 et
2203 4003 2254 4058 in
2285 4017 2472 4057 omnes
2502 4001 2870 4056 beneﬁcentia.
2923 3999 2977 4052 5.
3031 3995 3171 4052 Deus
3208 3994 3473 4066 manifeste
3499 4007 3584 4047 ve-

1993 4098 2115 4158 niet,
2139 4095 2278 4150 Deus
2300 4104 2488 4162 noster,
2512 4103 2558 4148 et
2599 4109 2701 4146 non
2739 4091 2924 4146 silebit.

2065 4189 2322 4243 Adventus
2361 4188 2550 4242 Christi
2577 4187 2717 4257 prior
2743 4185 2991 4240 occultus.
3019 4215 3091 4226 —
3119 4183 3281 4240 Vides
3315 4182 3586 4254 quomodo

1996 4282 2291 4354 procedens
2332 4281 2503 4351 aperit
2531 4294 2870 4344 sermonem,
2912 4288 2966 4332 et
3006 4277 3208 4332 revelat
3255 4276 3586 4339 thesaurum,

1995 4387 2052 4432 et
2090 4377 2347 4431 laetiorem
2394 4375 2589 4428 emittit
2618 4371 2824 4427 radium
2846 4414 2859 4435 ,
2889 4371 3076 4426 dicens
3109 4387 3122 4423 :
3159 4369 3297 4423 Deus
3326 4368 3590 4438 manifeste

1996 4472 2174 4524 veniet.
2206 4468 2431 4537 Quando
2471 4468 2611 4522 enim
2646 4480 2749 4519 non
2776 4466 2921 4517 venit
2951 4461 3276 4516 manifeste?
3322 4457 3589 4528 Quando?

1997 4562 2053 4618 In
2093 4563 2256 4634 priori
2300 4561 2527 4615 adventu
2566 4577 2579 4614 :
2612 4558 2758 4613 venit
2789 4556 2935 4611 enim
2967 4555 3169 4623 absque
3197 4553 3308 4608 ullo
3335 4551 3586 4621 strepitu,

1998 4655 2194 4709 multos
2213 4653 2410 4717 celans,
2441 4660 2494 4705 et
2510 4651 2599 4705 diu
2623 4651 2812 4703 latens.
2841 4647 2976 4715 Quid
2999 4647 3117 4701 dico
3140 4645 3355 4710 multos,
3377 4642 3591 4713 quando

1998 4763 2099 4804 nec
2130 4749 2242 4818 ipsa
2289 4745 2502 4815 quidem
2550 4742 2741 4812 Virgo,
2794 4756 2913 4810 quae
2959 4754 3080 4794 eum
3125 4747 3282 4791 utero
3325 4733 3590 4807 gestabat,

2000 4848 2223 4896 noverat
2246 4851 2500 4892 arcanum
2543 4834 2778 4906 mysterii
2810 4835 2824 4864 ²
2844 4875 2860 4900 ,
2894 4848 2994 4887 nec
3022 4832 3138 4901 ejus
3179 4829 3371 4884 fratres
3397 4825 3592 4882 crede-

2001 4935 2124 4990 bant
2149 4935 2199 4988 in
2224 4933 2416 5004 ipsum,
2440 4945 2538 4985 nec
2559 4931 2603 4985 is
2627 4929 2715 4999 qui
2736 4927 3015 4983 videbatur
3033 4941 3155 4982 esse
3171 4932 3320 4995 pater
3341 4934 3591 4992 maguum

2003 5029 2129 5100 quid
2160 5027 2227 5082 de
2263 5043 2329 5082 eo
2357 5023 2735 5096 concipiebat?

2073 5121 2130 5175 2.
2164 5121 2230 5174 Ει
2258 5118 2386 5189 quid
2417 5117 2540 5172 dico
2568 5115 2850 5171 homines?
2879 5113 3057 5184 Ipsum
3088 5125 3299 5182 quoque
3319 5107 3592 5163 diabolum

2006 5210 2158 5269 latuit
2190 5231 2201 5266 :
2233 5225 2406 5280 neque
2430 5210 2572 5264 enim
2604 5209 2646 5262 si
2675 5207 2922 5263 scivisset
2948 5245 2962 5268 ,
3007 5212 3156 5258 tanto
3199 5209 3320 5272 post
3351 5209 3594 5267 tempore

2010 5309 2060 5361 in
2089 5313 2269 5360 monte
2293 5320 2412 5360 eum
2440 5303 2820 5372 interrogasset
2844 5340 2860 5366 ,
2891 5314 2958 5352 an
2987 5304 3132 5352 esset
3160 5295 3251 5349 Dei
3276 5292 3467 5358 Filius,
3495 5305 3595 5377 ne-l

2073 5510 2088 5540 ¹
2126 5509 2200 5558 sic
2222 5515 2329 5557 Mss.
2349 5513 2400 5556 et
2422 5504 2561 5554 Savil.
2582 5512 2700 5561 vox,
2725 5497 2956 5565 mysterii,
2981 5498 3226 5565 deeratln
3248 5493 3432 5555 Morel.,
3454 5502 3506 5545 et
3528 5497 3601 5546 sic

2009 5571 2130 5621 infra
2153 5569 2361 5619 subinde
2399 5567 2628 5630 qua:dam_
2645 5560 2793 5613 vaces
2814 5561 3116 5630 necessaria;
3142 5560 3370 5630 deerant,
3400 5569 3509 5620 quae
3535 5571 3596 5607 ex

2009 5641 2112 5682 ttss.
2127 5632 2397 5693 desumpta:
2419 5621 2548 5693 sunt.
2576 5628 2742 5676 Mirum
2757 5623 2884 5693 quod
2909 5623 2988 5693 hic
3007 5621 3524 5693 dicitchrysostotnus,
3539 5633 3600 5666 ne.

2011 5708 2161 5758 ipsam
2180 5682 2380 5758 quidem
2406 5690 2652 5752 virginem
2675 5682 2801 5758 qu:é_
2821 5684 3058 5758 (.bristum
3096 5682 3495 5758 utero—gestabat
3518 5695 3605 5758 uo-

2013 5742 2142 5867 i'islse
2167 5742 2467 5816 mysterium.
2485 5742 2707 5801 Roverat'
2724 5749 2853 5798 enim
2891 5757 3145 5810 postquam
3180 5742 3388 5808 angelus
3409 5744 3498 5806 ipsi
3522 5751 3605 5792 ro-

2015 5832 2075 5867 ve
2098 5827 2278 5867 averat.

2015 5827 2278 5869 velaverat.
