4064 6422
538 381 602 437 2i
612 384 645 434 5

528 513 639 569 que
667 495 721 551 id
758 492 958 558 semel,
990 501 1042 546 et
1187 530 1201 553 ,
1243 498 1298 543 et
1342 489 1502 544 tertio
1548 486 1765 542 fecisset
1810 484 2027 555 (Matth.
2060 484 2115 538 4.

530 589 587 644 5.
618 586 697 660 6).
746 587 813 642 Et
837 585 956 641 ideo
981 582 1115 639 dixit
1140 579 1331 636 luanni
1358 594 1483 635 eum
1520 577 1768 634 revelare
1795 576 2070 646 incipienti
2104 592 2123 605 -

529 683 657 737 Sine
707 678 856 732 modo
898 675 1011 746 (Id.
1036 673 1089 731 5.
1122 673 1261 743 15);
1313 671 1417 725 hoc
1474 680 1584 734 est.
1616 668 1760 724 Tace
1807 682 1949 722 nunc
1978 683 1990 718 :
2021 680 2120 720 ne-

526 787 631 842 que
666 771 812 828 enim
860 776 1069 834 tempus
1106 773 1191 823 est
1232 772 1291 818 ut
1335 761 1605 818 reveletur
1651 775 1906 816 arcanum
1942 756 2121 812 carnis

524 873 789 933 suscepta:
826 859 1148 922 consilium;
1200 856 1327 910 volo
1374 854 1552 909 adhuc
1593 853 1761 908 latere
1803 850 2113 906 diabolum:

526 967 642 1011 tace
663 968 813 1023 ergo,
839 951 1009 1021 inquit
1079 947 1167 1002 Ita
1184 948 1319 1003 enim
1340 963 1433 1001 nos
1460 946 1618 1001 decet.
1648 945 1717 1001 Et
1741 958 1862 998 cum
1887 958 1917 996 a
1939 950 2122 997 monte

522 1044 894 1101 descendisset
915 1084 931 1105 ,
964 1040 1251 1111 prmcepit,
1294 1046 1354 1095 nt
1379 1038 1554 1107 ipsum
1577 1050 1698 1092 esse
1719 1032 1993 1089 Christum
2026 1048 2120 1088 nc-

526 1138 655 1192 mini
710 1137 951 1191 dicerent
1002 1131 1111 1204 (Id.
1145 1132 1232 1186 Π.
1260 1129 1340 1198 9).
1380 1128 1530 1183 Tunc
1569 1126 1712 1182 enim
1751 1126 1897 1181 venit
1929 1134 1989 1179 ut
2028 1139 2121 1194 pa-

525 1240 640 1283 stor
660 1227 750 1297 qui
777 1224 1050 1297 quaerebat
1072 1231 1342 1277 errantem
1362 1234 1518 1273 ovem
1544 1226 1598 1275 et
1622 1217 1712 1287 qui
1735 1222 2118 1285 repugnantem

529 1318 697 1372 feram
730 1315 910 1370 venari
939 1314 1152 1367 volebat
1180 1330 1193 1366 :
1228 1322 1278 1365 et
1313 1309 1431 1364 ideo
1459 1307 1695 1378 seipsum
1740 1305 2121 1361 adumbrabat.

527 1410 680 1464 Sicut
706 1408 850 1463 enim
889 1406 1129 1461 medicus
1159 1417 1266 1459 non
1303 1416 1424 1457 sese
1466 1399 1712 1471 protinus
1739 1406 1941 1469 a-groto
1967 1397 2121 1452 terri-

531 1501 691 1555 bilem
737 1497 985 1561 exhibet,
1033 1496 1104 1550 ita
1144 1509 1242 1548 nec
1287 1493 1404 1562 ipse
1455 1491 1506 1546 in
1558 1489 1816 1560 principio
1855 1503 1916 1545 se
1952 1488 2122 1543 voluit

528 1592 893 1655 manifestare,
918 1587 1010 1644 sed
1035 1587 1288 1659 paulatim
1316 1595 1371 1640 et
1391 1583 1611 1640 sensim.
1632 1582 1784 1638 Hunc
1808 1581 1984 1651 itaque
2003 1581 2122 1649 ejus

529 1686 821 1742 adventum
844 1722 862 1748 ,
901 1681 992 1752 qui
1035 1679 1137 1735 fuit
1162 1679 1366 1748 absque
1404 1676 1630 1746 strepitu
1650 1716 1669 1742 ,
1697 1675 2005 1746 significans
2035 1672 2123 1729 hic

526 1777 646 1846 ipso
675 1775 957 1846 prapheta,
989 1770 1120 1827 dicit
1146 1779 1327 1840 postea
1353 1784 1369 1823 τ
1400 1766 1675 1822 Descendet
1703 1775 1963 1836 tamquam
1993 1764 2117 1834 pluo

530 1871 613 1923 ria
633 1870 685 1923 in
713 1867 874 1923 uellus
893 1906 908 1930 ,
935 1874 983 1919 et
1005 1873 1263 1934 tamquam
1295 1859 1434 1915 stilla
1458 1874 1574 1929 quia
1601 1857 1815 1912 distillat
1838 1873 1993 1927 super
2020 1865 2123 1914 ter.

529 1977 642 2016 rant
669 1958 840 2031 (Psal.
865 1958 953 2012 7|.
978 1957 1054 2028 6).
1081 1954 1265 2026 Neque
1286 1953 1432 2009 enim
1450 1951 1600 2009 venit
1626 1949 1909 2019 strepitum
1929 1947 2118 2012 edens,

530 2068 638 2109 non
663 2050 881 2107 turbans
906 2063 969 2104 ac
996 2047 1348 2109 tumultuans,
1376 2058 1484 2100 non
1509 2051 1706 2098 terram
1737 2054 1981 2107 movens,
2015 2053 2121 2095 non

530 2143 739 2213 fulgura
769 2141 1050 2205 emittens,
1095 2153 1201 2193 non
1229 2136 1419 2192 caelum
1450 2134 1789 2200 concutiens,
1820 2148 1929 2189 non
1958 2145 2122 2202 ange-

531 2234 705 2288 lorum
744 2240 947 2287 turmas
986 2230 1299 2291 immittcns,
1333 2241 1439 2281 non
1466 2225 1700 2281 medium
1727 2224 2122 2278 firmamentum

528 2326 908 2395 disrumpens,
957 2330 1012 2377 et
1058 2321 1131 2375 ita
1178 2333 1344 2388 super
1384 2317 1555 2375 nubes
1603 2314 1975 2382 descendens;
2028 2312 2123 2373 sed

530 2416 735 2487 absque
763 2414 989 2482 strepitu
1017 2427 1113 2482 per
1153 2418 1364 2469 uterum
1391 2407 1644 2480 Virginis.
1674 2422 1795 2464 cum
1826 2422 1894 2463 ea
1931 2420 2124 2465 novent

531 2506 810 2563 mensibus
833 2504 981 2559 illum
1009 2503 1254 2566 tulisset,
1289 2510 1560 2571 tamquam
1585 2498 1721 2555 fabri
1749 2499 1895 2555 (ilius
1914 2498 1967 2554 in
1989 2513 2129 2568 prtu—

531 2597 645 2666 sepi
673 2594 909 2666 paritur,
958 2594 1012 2648 in
1044 2592 1238 2649 vilibus
1265 2591 1448 2647 fasciis
1474 2590 1683 2647 insidiis
1706 2589 1975 2660 appetitur
1998 2629 2014 2654 ,
2041 2587 2127 2645 fu-

531 2690 609 2761 git
644 2703 767 2743 cum
814 2694 985 2743 matre
1016 2687 1070 2740 in
1101 2686 1415 2756 [Egyptunn
1473 2683 1676 2740 Deinde
1720 2691 1843 2754 post
1894 2691 2125 2741 mortem

531 2782 649 2849 ejus
677 2779 765 2850 qui
795 2780 1024 2833 maxima
1060 2778 1263 2833 scelera
1291 2776 1622 2842 admiserat,
1655 2785 1783 2831 tunc
1812 2774 2122 2840 revertitur,

533 2885 588 2928 et
618 2873 724 2929 huc
751 2872 875 2927 illnc
895 2871 1214 2928 circumiens
1237 2911 1253 2935 ,
1306 2869 1489 2924 habitu
1516 2883 1734 2939 semper
1760 2876 1877 2923 erat
1904 2878 1961 2922 ut
1990 2882 2128 2923 unus

536 2981 603 3021 ex
635 2964 793 3036 plebe
816 3005 833 3031 ,
866 2973 921 3018 et
949 2970 1066 3018 erat
1111 2962 1188 3017 illi
1220 2960 1385 3015 vestis
1410 2960 1531 3015 vilis
1556 3001 1573 3028 ,
1619 2966 1674 3014 et
1715 2971 1901 3015 mensa
1938 2956 2125 3022 vilior;

534 3067 823 3133 perpetuus
865 3058 1134 3121 incessus,
1164 3062 1220 3110 et
1249 3055 1318 3108 ita
1344 3054 1671 3124 perpetuus,
1719 3060 1777 3107 ut
1819 3066 1890 3106 ex
1937 3049 2129 3105 itinere

532 3153 692 3207 etiam
723 3147 1125 3219 defatigaretur.
1162 3145 1356 3202 Verum
1382 3160 1491 3202 non
1517 3154 1643 3200 tunc
1680 3144 1756 3200 sic
1774 3145 1962 3199 veniet
1986 3182 2004 3210 ,
2031 3141 2128 3198 sed

533 3244 669 3298 adeo
693 3239 977 3297 manifeste
997 3280 1013 3307 ,
1044 3247 1102 3292 ut
1129 3253 1196 3293 ue
1226 3237 1335 3292 ullo
1369 3237 1584 3307 quidem
1615 3251 1751 3306 cpus
1778 3235 1972 3290 habeat
1991 3275 2008 3302 ,
2037 3233 2130 3305 qui

535 3333 653 3404 ejus
668 3331 954 3389 adventum
981 3327 1282 3384 annuntiet.
1306 3328 1597 3399 Pr0pterea
1615 3327 1728 3396 ipse
1748 3340 1959 3398 quoque
1976 3339 2131 3379 suam

535 3423 836 3481 claritatem
879 3421 1220 3493 significans,
1249 3419 1462 3476 dicebat
1492 3437 1508 3475 :
1536 3418 1597 3473 Si
1642 3418 1906 3473 audieritis
1931 3432 2038 3473 esse
2074 3417 2132 3471 in

538 3514 893 3588 penetralibus,
924 3514 1080 3569 nolite
1104 3514 1295 3567 intrare
1323 3527 1342 3565 :
1371 3512 1416 3567 si
1456 3511 1513 3565 in
1536 3509 1752 3578 deserto,
1780 3509 1935 3564 nolite
1970 3508 2129 3565 exire.

539 3606 683 3662 Sicut
727 3607 860 3661 enim
901 3605 1080 3679 fulgur
1114 3605 1218 3660 omit
1259 3603 1322 3656 ab
1364 3602 1556 3657 oriente
1593 3610 1640 3655 et
1669 3602 1857 3654 relucet
1883 3597 2131 3670 usquead

537 3698 844 3753 occidentem
869 3713 889 3751 :
917 3698 990 3751 ita
1035 3696 1128 3751 erit
1172 3693 1420 3750 aduentus
1464 3692 1593 3748 Filii
1636 3692 1854 3747 hominis
1897 3690 2130 3765 (Matth.

536 3792 633 3846 24.
653 3790 744 3846 26.
774 3791 840 3845 27
863 3790 881 3862 )
905 3830 921 3856 ,
974 3790 1088 3861 ipse
1113 3789 1347 3858 seipsum
1369 3786 1661 3843 ostendens
1680 3825 1697 3853 ,
1728 3792 1785 3840 et
1811 3783 2129 3854 przedicans.

540 3883 673 3937 Nunt
703 3883 803 3939 hoc
826 3882 989 3937 etiam
1032 3881 1085 3935 in
1114 3878 1324 3950 fulgure
1352 3878 1551 3944 evenit,
1584 3891 1686 3932 nec
1710 3890 1846 3947 opus
1872 3874 2133 3931 habemus

541 3977 720 4047 aliquo
741 3975 832 4046 qui
858 3973 1163 4038 annuntiet,
1185 3971 1283 4043 sed
1308 3970 1468 4029 simul
1491 3980 1650 4041 atquc
1677 3970 1943 4039 apparuit,
1973 3967 2133 4025 simul

541 4066 793 4121 omnibus
811 4065 1084 4134 cognitum
1110 4062 1231 4118 fuit.
1262 4061 1338 4117 Ita
1358 4062 1520 4119 etiam
1556 4061 1686 4116 dicit
1717 4061 1916 4117 Paulus
1944 4075 1959 4115 :
1992 4058 2132 4124 Quo-

542 4160 681 4219 niam
711 4158 819 4229 ipse
858 4156 1108 4213 Dominus
1149 4157 1203 4210 in
1243 4156 1397 4225 jussu
1415 4197 1432 4219 ,
1473 4156 1530 4211 in
1570 4170 1688 4211 voce
1725 4153 2052 4222 archangeli,
2079 4152 2135 4206 in

544 4260 766 4307 esti-eruo
812 4248 929 4307 tuba
972 4247 1234 4305 descendet
1270 4248 1333 4301 de
1356 4249 1482 4302 cwlo
1511 4247 1587 4318 (1.
1615 4245 1798 4300 Thess.
1825 4248 1880 4301 4.
1915 4242 2027 4317 l5).
2058 4244 2135 4301 [tu

543 4346 705 4400 etiam
736 4343 994 4415 propheta
1024 4341 1158 4396 vidit
1178 4355 1301 4395 eum
1330 4337 1454 4394 ferri
1488 4352 1651 4408 super
1697 4338 1867 4392 nubes
1891 4377 1906 4403 ,
1953 4346 2008 4391 ct
2033 4336 2134 4391 llus

543 4437 687 4493 vium
707 4445 831 4490 ante
846 4448 968 4489 eum
991 4432 1124 4489 trahi
1147 4442 1201 4487 et
1230 4430 1460 4486 tribunal
1482 4430 1741 4495 terribile,
1769 4437 1822 4484 et
1836 4427 2136 4485 reddendas

543 4531 667 4607 vice
694 4528 933 4584 rationes
961 4542 1080 4597 quae
1120 4526 1279 4581 vitari
1320 4540 1425 4579 non
1472 4534 1718 4596 possunt.
1776 4522 1929 4577 Tunc
1965 4521 2135 4587 enim,

548 4631 676 4677 tunc
710 4620 914 4693 judicio
940 4628 995 4675 et
1023 4619 1286 4675 sententia
1317 4633 1452 4688 opus
1479 4626 1562 4673 est
1594 4635 1609 4673 :
1641 4626 1696 4672 et
1727 4616 1849 4672 ideo
1887 4632 1992 4670 non
2022 4630 2138 4675 ams-

546 4712 686 4789 plius
733 4709 1086 4793 ut‘medicus,
1125 4711 1223 4767 sed
1253 4709 1760 4792 utjudesgapparct.
1811 4708 1999 4763 Daniel
2030 4707 2131 4764 ita-

543 4817 651 4873 que
672 4809 731 4858 et
756 4800 1005 4865 thronum
1030 4800 1147 4871 ejus
1174 4798 1335 4863 videt.
1366 4807 1420 4855 et
1442 4797 1661 4855 ﬂuvium
1692 4798 1782 4871 qui
1809 4807 1934 4853 ante
1964 4798 2135 4857 tribu.

546 4893 633 4948 nal
666 4891 896 4949 trahitur
914 4930 930 4953 ,
960 4900 1015 4947 et
1034 4891 1211 4946 omnia
1239 4890 1313 4946 illi
1352 4890 1517 4961 ignita
1547 4889 1921 4955 ostenduntur,
1944 4905 2139 4947 currus

543 4994 599 5040 et
627 4991 761 5038 rotae
813 4980 972 5052 (Dan.
1006 4982 1059 5036 7.
1085 4980 1137 5036 9.
1170 4980 1281 5053 10).
1327 4980 1432 5036 Sed
1474 4997 1579 5036 non
1610 4981 1663 5037 in
1702 4981 1999 5055 principio,
2038 4996 2141 5041 nec.

541 5073 760 5149 quando
794 5074 847 5130 in
874 5073 1049 5143 primo
1079 5070 1311 5128 adventu
1332 5072 1477 5128 venit
1504 5073 1520 5103 ⁸
1550 5111 1567 5137 ,
1598 5071 1705 5127 tale
1729 5071 1853 5142 quid
1877 5071 2132 5137 ostendit,

547 5184 653 5225 non
687 5169 883 5240 ignem,
908 5182 1014 5222 non
1042 5164 1281 5231 ﬂuvium,
1309 5180 1414 5219 non
1438 5164 1637 5234 aliquid
1664 5164 1807 5221 aliud
1836 5162 2137 5234 ejusmodi;

546 5260 643 5315 sed
670 5275 909 5331 praesepe
929 5301 946 5323 ρ
977 5258 1332 5314 diversorium
1349 5299 1366 5325 ,
1394 5256 1684 5325 tugurium,
1712 5266 1764 5312 et
1786 5256 1997 5328 inopem
2023 5270 2139 5312 ma-

548 5342 704 5405 trem.
733 5351 1068 5422 Quamquam
1091 5349 1292 5419 alioqui
1313 5364 1378 5403 ex
1404 5349 1506 5404 boc
1533 5349 1768 5404 ostendit
1804 5364 1927 5404 eum
1957 5363 2078 5404 esse
2103 5366 2134 5402 a

547 5442 898 5497 conversione
936 5450 991 5495 et
1036 5441 1332 5497 mutatione
1375 5440 1629 5519 alienum.
1683 5440 1946 5510 Quoniam
1990 5441 2134 5499 enim

550 5532 832 5587 dixitcum
871 5533 960 5602 qui
984 5533 1202 5589 sedebat
1233 5549 1395 5604 super
1433 5533 1681 5590 thronum
1707 5575 1722 5601 ,
1770 5534 2021 5590 habuisse
2046 5550 2139 5591 ca-

552 5626 736 5693 pillun:
767 5628 1047 5684 candidum
1094 5640 1151 5686 ut
1193 5630 1371 5687 lanam
1395 5672 1411 5699 ,
1444 5643 1499 5689 et
1524 5644 1726 5689 vestem
1758 5636 1896 5692 sicut
1920 5636 2136 5691 nivem:

619 5735 811 5813 Lsavil.
828 5747 891 5813 et
916 5739 1045 5813 coll).
1072 5745 1286 5813 sequuti,
1310 5745 1542 5813 verbum,
1567 5747 1706 5807 venit,
1733 5750 2134 5813 interposuimus,

556 5794 684 5855 quod
705 5795 845 5846 deest
870 5800 915 5845 in
940 5806 1052 5864 Reg.
1083 5794 1243 5852 tioi'el.
1276 5794 1325 5853 et
1350 5794 1538 5856 Montch

1275 377 1334 429 S.
1375 372 1655 430 JOANNIS
1693 369 2165 428 LHRYSOSTOMl
2196 370 2513 427 ABCIIIEP.
2555 374 3091 436 CONSTANTINOP.

3744 392 3848 451 ‘2“

2233 500 2298 539 ne
2344 486 2479 555 pilos
2518 498 2790 546 vestcmve
2831 493 3201 559 existimares,
3251 496 3343 552 sed
3390 499 3758 569 splendorem
3788 521 3849 561 ac

2228 576 2509 646 puritatem
2535 620 2551 646 ,
2605 580 2781 651 ignem
2833 583 3029 654 ubique
3075 601 3196 642 esse
3241 587 3371 644 dicit
3402 608 3418 644 :
3448 588 3609 662 Ignis
3646 595 3701 648 in
3727 613 3847 651 con-

2224 679 2399 734 spectu
2438 672 2550 741 eius
2579 673 2866 727 πατάξασα
2886 717 2902 741 ,
2955 686 3005 730 et
3046 677 3102 731 in
3147 680 3362 735 circuitu
3406 683 3531 754 ejus
3574 693 3849 756 tempestas

2222 759 2395 813 ualido
2434 761 2598 831 (Dan.
2646 764 2697 818 7.
2746 766 2826 832 9).
2877 766 2950 821 Ita
2986 770 3152 823 etiam
3196 770 3286 826 hic
3326 773 3503 829 simul
3546 791 3678 831 eum
3728 793 3847 835 esse

2227 854 2505 907 .nutationi
2534 863 2589 909 et
2611 859 2948 913 conversioni
2965 860 3184 916 minime
3207 862 3538 932 obnoxium,
3575 866 3845 923 lucidum-

2224 956 2329 1011 qne
2378 951 2434 997 et
2484 945 2812 1001 inaccessum
2859 950 3098 1005 ostendit
3144 966 3240 1022 per
3277 954 3374 1009 has
3424 955 3842 1014 similitudines.

2225 1030 2411 1103 Neque
2448 1048 2577 1089 vero
2608 1037 2751 1091 sistit
2775 1037 2841 1092 ad
2867 1038 3045 1110 ignem
3072 1056 3259 1112 usque,
3291 1044 3388 1099 sed
3420 1046 3628 1102 volens
3659 1058 3846 1104 osten-

2222 1123 2354 1179 dere
2383 1124 2772 1183 vehementiam
2802 1133 3066 1201 supplicii,
3100 1135 3375 1207 subjungit
3408 1137 3613 1195 dicens
3649 1158 3663 1195 :
3696 1140 3843 1195 Tem-

2227 1226 2393 1288 pestas
2433 1218 2623 1275 ualida.
2677 1221 2772 1278 Est
2816 1233 2991 1280 autem
3035 1240 3289 1297 καταινις,
3334 1232 3425 1287 vel
3476 1233 3841 1289 intolerabilis

2227 1324 2402 1365 massa
2449 1312 2625 1379 nivis,
2676 1330 2795 1384 qua:
2827 1316 2878 1370 in
2923 1319 3146 1389 quodvis
3191 1322 3447 1379 inciderit
3484 1327 3754 1396 pertrahit
3791 1339 3842 1384 et

2224 1401 2437 1471 evertit,
2466 1404 2550 1459 vel
2579 1404 2868 1462 vehemens
2893 1419 3174 1466 ventorum
3195 1413 3457 1483 impetus,
3487 1419 3584 1486 qui
3610 1417 3840 1486 idipsum

2224 1494 2423 1563 efficit,
2453 1505 2509 1552 et
2535 1507 2617 1551 est
2653 1499 2719 1554 iis
2744 1517 2864 1570 qum
2893 1514 3181 1560 occurrunt
3217 1506 3605 1575 intolerabilis.
3645 1509 3838 1570 Voleus

2228 1586 2388 1657 igitur
2425 1588 2710 1645 ostendere
2758 1591 2883 1646 illud
2928 1595 3246 1663 supplicium
3289 1611 3415 1653 esse
3466 1600 3834 1669 intolerabile,

2225 1678 2448 1733 adduxit
2474 1678 2570 1734 bas
2610 1682 3005 1740 similitudines.
3053 1687 3107 1741 4.
3131 1686 3413 1742 Advocabit
3440 1692 3635 1744 cretum
3662 1691 3837 1746 desur-

2226 1785 2339 1823 sum
2363 1810 2378 1835 ,
2424 1780 2471 1824 et
2517 1780 2738 1839 terram,
2778 1774 3063 1829 discernere
3105 1776 3351 1846 pupulum
3397 1796 3581 1834 suum.
3637 1782 3837 1837 Rursus

2226 1862 2472 1916 meminit
2505 1862 2895 1919 elementorum
2916 1908 2931 1932 ,
2962 1882 3063 1937 per
3085 1883 3204 1938 quae
3243 1869 3383 1924 bozia
3420 1870 3833 1928 innumerabilia

2226 1952 2292 2004 ad
2322 1965 2490 2021 genus
2515 1952 2789 2010 hominum
2816 1968 3190 2024 pervenerunt,
3225 1974 3331 2013 non
3362 1962 3550 2015 solum
3582 1962 3651 2017 ad
3680 1963 3832 2017 vitam

2228 2044 2281 2089 ct
2306 2037 2742 2094 constitutionem
2785 2042 3027 2111 corporis
3048 2081 3065 2108 ,
3103 2042 3197 2097 sed
3222 2045 3385 2098 etiam
3419 2046 3490 2100 ad
3525 2047 3622 2100 Dei
3652 2047 3834 2117 cogni-

2231 2128 2453 2184 tionem.
2500 2130 2931 2188 Pulchritudiues
2968 2135 3145 2200 enim,
3188 2144 3243 2191 et
3283 2138 3696 2207 magnitudines
3720 2181 3735 2205 ,
3781 2147 3832 2193 ct

2227 2222 2463 2277 rationes
2503 2224 2701 2278 situum
2722 2266 2737 2292 ,
2783 2235 2837 2281 et
2869 2226 3214 2297 substantiae,
3262 2245 3326 2286 es
3356 2232 3563 2302 quibus
3594 2241 3834 2288 constant

2231 2312 2345 2370 haec
2375 2316 2638 2372 elementa
2663 2359 2679 2385 ,
2708 2328 2761 2373 et
2786 2335 2907 2391 quas
2930 2337 2998 2376 ex
3021 2323 3102 2377 eis
3133 2323 3282 2389 fiunt,
3315 2339 3382 2379 ac
3408 2340 3537 2395 quae
3567 2326 3829 2397 generali-

2231 2417 2311 2464 ter
2339 2409 2485 2464 omni
2512 2419 2750 2480 tempore
2774 2454 2789 2477 ,
2825 2412 2909 2468 vel
2938 2428 3081 2484 smpe
3106 2414 3380 2487 sigillatim
3406 2418 3691 2483 eveniunt,
3725 2416 3831 2471 haec

2228 2499 2410 2554 omnia
2446 2515 2669 2571 corpora
2717 2504 2951 2559 aluutct
2981 2498 3342 2571 constituunt,
3397 2517 3458 2563 et.
3503 2509 3574 2562 ad
3617 2508 3827 2579 Op‘llcls

2229 2593 2587 2665 cognitionem
2612 2593 2900 2650 deducunt.
2959 2597 3026 2651 Et
3061 2598 3183 2653 ideo
3206 2598 3340 2653 dixit
3364 2599 3575 2654 Paulus
3601 2616 3617 2654 :
3647 2597 3829 2653 11η·ἱεί-

2228 2686 2355 2741 bilia
2393 2688 2506 2759 ejus
2544 2704 2609 2742 ea:
2634 2698 2872 2743 creatura
2917 2690 3096 2744 πωπάὶ
3135 2691 3373 2762 operibus
3419 2693 3681 2747 intellecta
3722 2706 3827 2762 per-

2230 2779 2548 2846 spiciuntur,
2579 2790 2865 2851 (etet-noque
2898 2783 3259 2852 ejus-potestas
3288 2799 3348 2836 ac
3380 2782 3628 2837 divinitas
3655 2781 3822 2850 (Rom.

2232 2870 2284 2925 1.
2316 2868 2432 2941 20).
2486 2871 2552 2926 Et
2594 2886 2783 2927 rursus
2805 2913 2820 2938 ,
2878 2871 3014 2938 Quia
3052 2873 3184 2927 enim
3224 2875 3277 2926 in
3316 2874 3577 2944 sapientia
3607 2872 3701 2927 Dei
3730 2887 3821 2924 non

2231 2965 2462 3034 cognouit
2487 2964 2705 3019 vitandus
2735 2981 2825 3036 per
2844 2966 3142 3035 sapientiam
3164 2964 3327 3020 Deum
3357 2966 3445 3035 (ί.
3475 2963 3598 3021 Cor.
3631 2966 3680 3020 ι.
3712 2963 3820 3032 21),

2234 3054 2339 3111 hoc
2361 3063 2448 3110 est
2467 3097 2484 3121 ,
2529 3071 2623 3125 per
2667 3055 3010 3125 sapientiam,
3049 3070 3170 3126 qua:
3191 3057 3438 3112 cernitur
3468 3056 3522 3111 in
3551 3053 3817 3116 creaturis,

2234 3156 2292 3202 ut
2328 3162 2447 3217 qute
2476 3162 2583 3202 non
2609 3148 2681 3202 sit
2707 3164 2865 3217 parva
2891 3191 2906 3212 ,
2943 3148 3037 3204 sed
3068 3148 3153 3203 vel
3188 3149 3426 3203 unanima
3452 3160 3508 3204 et
3536 3146 3819 3203 clarissima

2232 3239 2492 3294 doctrina.
2543 3240 2621 3294 Ae
2660 3255 2780 3310 qum
2826 3240 3061 3310 quotidie
3103 3240 3318 3311 quidem
3368 3256 3474 3311 per
3515 3254 3636 3295 eum
3677 3238 3815 3299 fiunt,

2232 3330 2441 3386 etiamsi
2468 3329 2749 3385 videantur
2768 3330 2883 3385 fieri
2910 3340 3117 3386 natura:
3142 3331 3533 3401 consequentia
3553 3370 3571 3396 ,
3603 3329 3719 3397 ipsa
3736 3334 3812 3378 ta-

2235 3435 2358 3477 men
2401 3422 2561 3475 etiam
2599 3421 2854 3491 Opificem
2881 3420 3193 3493 praedicant.
3234 3422 3432 3492 Opifex
3461 3421 3609 3476 enim
3630 3425 3709 3475 est
3734 3430 3817 3471 na-

2236 3522 2368 3570 tum
2396 3514 2668 3568 Dominus.

2306 3606 2361 3661 5.
2392 3605 2472 3659 Ne
2495 3604 2703 3659 mireris
2718 3613 2895 3659 autem
2918 3604 2961 3659 si
2981 3604 3049 3659 ad
3067 3603 3281 3660 Iudaeos
3298 3603 3502 3676 dirigat
3514 3600 3813 3661 orationem,

2234 3696 2305 3751 de
2324 3696 2559 3768 generali
2583 3696 2782 3766 judicio
2800 3696 3093 3751 disserens.
3123 3695 3200 3751 lta
3219 3695 3363 3750 enim
3394 3695 3594 3751 Paulus
3618 3702 3812 3762 quoque

2235 3788 2367 3845 dicit
2398 3804 2412 3843 :
2448 3788 2538 3842 Ira
2574 3798 2621 3843 et
2666 3788 2983 3859 indignatio,
3014 3787 3272 3842 tribulatio
3309 3796 3362 3842 et
3396 3785 3636 3858 angustia
3674 3793 3813 3849 super

2236 3895 2436 3935 omnem
2462 3881 2685 3934 animam
2714 3880 2931 3933 hominis
2959 3879 3216 3950 oper-antis
3241 3879 3436 3932 malmn
3455 3920 3471 3943 ,
3516 3873 3684 3928 Judtei
3718 3868 3815 3939 pri-

2237 3987 2375 4025 mum
2401 3981 2448 4025 et
2475 3971 2639 4026 (ἔνωεὶ
2666 3970 2840 4041 (Rom.
2867 3970 2923 4025 9.
2957 3970 3010 4025 8.
3042 3970 3119 4040 9).
3152 3970 3213 4026 Et
3245 3985 3434 4025 rursus
3470 3987 3484 4023 :
3519 3966 3814 4032 Quicumque

2235 4066 2345 4119 sine
2387 4065 2494 4136 lege
2527 4073 2795 4134 pecearunt
2814 4105 2830 4131 ,
2871 4064 2979 4117 sine
3008 4062 3114 4133 lege
3139 4072 3187 4117 et
3212 4063 3447 4133 peribunt
3476 4077 3496 4114 :
3520 4069 3566 4113 et
3594 4056 3809 4128 quicum-

2236 4171 2332 4225 que
2349 4156 2404 4209 in
2435 4154 2541 4225 lege
2561 4164 2852 4225 peccorttnt,
2880 4171 2970 4225 per
2994 4156 3148 4225 legem
3168 4155 3540 4224 judicabuntur
3585 4145 3736 4220 (Ibid.
3764 4156 3806 4194 tt-

2239 4246 2350 4317 l2).
2383 4246 2437 4301 5.
2469 4246 2780 4317 Congregate
2803 4247 2883 4301 illi
2908 4257 3110 4301 sancti”
3133 4249 3262 4315 ejus,
3291 4248 3379 4318 qui
3406 4244 3641 4302 ordinant
3668 4246 3809 4292 tester

2238 4348 2462 4392 utentum
2486 4339 2596 4408 ejus
2636 4354 2789 4407 super
2823 4339 3095 4407 sacriﬁcia.
3143 4336 3254 4394 Cur
3276 4353 3412 4409 quos
3439 4347 3522 4392 est
3547 4338 3806 4388 accusatu-

2239 4443 2352 4496 rus,
2379 4437 2434 4483 et
2454 4443 2595 4499 quos
2619 4428 3094 4493 condemnaturus,
3130 4438 3347 4484 sanctos
3373 4427 3478 4483 h'oc
3507 4426 3623 4480 loco
3640 4412 3805 4489 appel-

2241 4520 2353 4574 lat?
2397 4518 2803 4575 Accusatin
2828 4533 3055 4590 tangens,
3085 4527 3142 4575 et
3168 4519 3428 4575 honorem
3458 4515 3723 4586 adjicieus,
3746 4503 3804 4559 ad

2240 4611 2499 4681 majorem
2520 4609 2964 4680 signiﬁcationem
2994 4609 3261 4680 supplicii.
3291 4610 3366 4665 ιω
3387 4610 3547 4665 etiam
3573 4616 3667 4659 nos
3684 4609 3803 4669 quo-

2239 4720 2344 4776 que
2366 4719 2487 4759 cum
2517 4704 2762 4759 videmus
2800 4704 3008 4774 aliquos
3050 4717 3301 4774 peccasse
3320 4745 3336 4771 ,
3367 4715 3424 4759 et
3463 4701 3698 4755 volumus
3721 4700 3807 4745 eos

2250 4796 2608 4853 αθὴρηιθιιιίιιε
2648 4796 2931 4862 insectari,
2983 4810 3104 4851 cum
3134 4811 3321 4851 eorum
3362 4789 3804 4866 dignitatibuscos

2241 4902 2495 4942 vocamus
2519 4927 2532 4953 ,
2564 4897 2622 4941 ut
2643 4886 2941 4958 graviorem
2976 4886 3263 4943 reddamus
3295 4885 3701 4942 accusationem,
3729 4870 3803 4926 dis

2240 4989 2427 5033 rentes
2456 4995 2469 5032 :
2506 4977 2650 5033 Voca
2675 4978 2958 5035 diaconum
2979 5020 2996 5046 ,
3026 4979 3111 5033 vel
3149 4980 3536 5052 presbyterum.
3565 4966 3799 5040 Quoniam

2240 5085 2369 5141 ergo
2395 5072 2446 5126 bi
2479 5087 2692 5142 quoque
2717 5073 3120 5144 appellabantur
3147 5073 3325 5144 regale
3352 5068 3695 5127 sacerdotium
3719 5099 3731 5121 .
3758 5060 3803 5109 ei

2244 5165 2470 5234 populus
2495 5165 2797 5235 peculiaris,
2821 5174 2961 5220 eteo
2981 5167 3201 5220 nomine
3220 5165 3321 5221 sibi
3341 5164 3495 5219 valde
3514 5153 3798 5235 placebam;

2243 5233 2425 5312 exeo
2461 5233 2578 5326 ipso
2620 5256 2858 5311 contexit
2903 5256 3189 5311 crimirmm
3240 5253 3667 5326 magnitudinem.
3716 5233 3802 5304 Qui

2243 5347 2479 5401 ordinant
2520 5354 2864 5402 testamentum
2905 5348 3015 5420 ejus
3066 5363 3220 5417 super
3256 5346 3521 5416 sacriﬁcia.
3565 5331 3798 5420 Quoniam

2245 5451 2366 5492 cum
2392 5437 2527 5491 mala
2556 5419 2965 5493 innumerabilia
2990 5439 3252 5494 auderent
3272 5478 3287 5503 ,
3304 5447 3374 5494 et
3403 5446 3478 5491 tot
3504 5434 3554 5487 in
3580 5441 3636 5483 se
3657 5419 3795 5477 vitio.

2246 5545 2363 5585 rum
2392 5544 2590 5600 genera
2615 5530 2985 5601 susciperent,
3025 5531 3327 5600 rapientes,
3361 5531 3413 5584 in
3439 5527 3571 5583 bona
3596 5515 3792 5571 aliorum

2248 5636 2342 5690 per
2382 5621 2659 5677 avaritiam
2699 5621 3053 5688 invadentes,
3099 5621 3420 5685 occidentes,
3448 5608 3791 5671 adulterantes:

2246 5715 2558 5787 sanguinem
2584 5715 2843 5784 sanguine
2862 5715 3171 5781 miscentes,
3188 5710 3556 5770 existimabant
3569 5692 3791 5794 prmi“

2250 5820 2309 5861 se
2346 5821 2566 5877 gerere,
2607 5815 2666 5863 et
2710 5805 2880 5877 legem
2911 5820 2973 5862 ac
3012 5812 3384 5862 testamentum
3416 5790 3713 5864 adimplere.
3750 5790 3787 5837 si
