4064 6406
470 303 578 359 245

470 415 655 479 αὐτοῖς
685 416 958 483 ἐντεῦθεν,
999 404 1103 471 καί
1129 415 1411 489 κωμῳδῶν
1463 412 1661 477 αὐτούς
1699 428 1833 483 φησι
1857 427 1869 440 ’
1912 409 2058 474 Τοὺς

471 497 924 568 διατιθεμένους
960 502 1075 570 τὴν
1112 499 1409 567 διαθήκην
1438 496 1627 551 αὺτοῦ
1660 496 1759 549 ἐπὶ
1788 493 2057 557 θυσίαις’

473 582 744 647 τουτέστι,
766 585 891 647 τοὺς
914 583 1238 653 νομίζοντας
1262 583 1448 646 αὐτοῖς
1471 582 1659 652 ἀρκεῖν
1682 580 1761 642 εἰς
1788 575 2063 648 σωτηρίαν

478 665 540 719 τὸ
572 666 868 720 καταθύειν
915 667 1125 736 ἀλόγων
1161 665 1413 737 σώματα.
1449 664 1562 718 Καὶ
1615 660 2062 732 ἀναγγελοῦσιν

476 750 532 803 οί
558 749 803 817 οὐρανοὶ
830 748 947 818 τὴν
970 749 1373 818 δικαιοσύνην
1392 748 1600 803 αὑτοῦ.
1636 746 1805 801 Πάλιν
1829 742 2061 797 ἐνταῦθα

475 830 536 882 τὸ
565 829 869 902 διαλάμπον
895 832 1064 887 αὐτοῦ
1097 833 1196 903 τῆς
1225 832 1594 902 δικαιοσύνης,
1631 831 1689 884 τὸ
1723 827 1967 899 φαιδρὸν,
2002 825 2063 879 τὸ

478 914 667 983 σαφὲς,
707 915 767 967 τὸ
830 916 1248 989 ἀναντίρρητον,
1306 916 1375 970 τὸ
1421 915 1843 987 ὡμολογημένον
1894 911 2063 977 δεῖξαι

479 996 824 1069 βουλόμενος,
860 1001 1073 1070 εἰσάγει
1108 1001 1177 1055 τά
1209 1000 1510 1070 ἀναίσθητα
1545 1000 1802 1070 στοιχεῖα,
1854 998 2063 1067 ἀνακη-

479 1079 742 1150 ρύττοντα
765 1083 936 1155 αὐτὴν
965 1084 1105 1138 κατά
1123 1084 1184 1138 τὸ
1212 1084 1344 1137 αὐτὸ
1364 1084 1571 1155 σχῆμα,
1588 1085 1726 1153 ὅπερ
1757 1081 2064 1153 ἔμπροσθεν

477 1163 685 1232 ἔλεγεν·
720 1165 851 1219 ’Ὅτι
890 1170 923 1221 0’
962 1168 1106 1235 Θεὸς
1130 1167 1340 1237 κριτής
1367 1169 1518 1222 ἐστι.
1550 1167 1631 1221 Τά
1658 1167 1840 1221 δίκαια
1868 1165 2065 1235 ὁρίζων

477 1245 714 1318 ἑκάστῳ,
747 1249 932 1319 φησίν.
967 1251 1101 1304 υύδὲ
1129 1252 1238 1323 γὰρ
1264 1250 1451 1314 ἁπλῶς
1481 1250 1542 1303 τὸ
1581 1251 1788 1323 κρίνειν
1832 1248 2066 1303 ἐνταῦθα

476 1329 744 1397 τέθεικεν,
777 1331 892 1384 ἀλλ’
923 1333 1011 1387 ἵνα
1032 1333 1275 1407 δηλώσῃ,
1312 1336 1397 1388 ὅτι
1431 1336 1529 1389 καὶ
1566 1336 1775 1397 δίκαιός
1810 1335 1949 1399 ἐστι,
1973 1334 2067 1385 καὶ

400 1425 411 1443 κ
479 1413 688 1483 ἑτέροις
716 1413 875 1468 τοῦτο
910 1416 1160 1487 παρέχει.
1206 1419 1332 1473 Ἐπί
1374 1419 1485 1490 γὰρ
1518 1418 1613 1472 τοῦ
1647 1416 1783 1471 Θεοῦ
1812 1417 1892 1480 τὸ,
1931 1420 2069 1484 Κρι-

470 1493 610 1560 τής.
656 1496 776 1549 ἀντὶ
812 1496 906 1551 τοῦ
927 1542 939 1558 ,
969 1499 1208 1565 δίκαιος,
1244 1501 1526 1571 εἴληπται,
1560 1501 1704 1555 καθὰ
1731 1503 1825 1555 καὶ
1857 1499 2069 1563 Παῦλος

470 1578 613 1631 ,αὐτὸ
641 1579 853 1634 τέθεικε
887 1582 1083 1651 λέγων’
1136 1585 1295 1639 Ἐπεὶ
1332 1585 1460 1650 πῶς
1489 1585 1681 1653 κρινεῖ
1719 1589 1752 1640 ό
1784 1584 1930 1651 Θεὸς
1962 1584 2070 1637 τὸν

478 1662 745 1731 κόσμον;
783 1664 954 1718 Τοῦτο
1003 1665 1151 1739 [2'28]
1203 1672 1312 1739 γὰρ
1369 1669 1606 1738 μάλιστα
1650 1670 1866 1740 κρίσις,
1913 1667 2070 1721 τοῦτο

480 1745 719 1815 μάλιστα
757 1749 969 1821 κριτὴς,
1012 1752 1073 1804 οὐ
1118 1752 1180 1805 τὸ
1217 1752 1563 1823 ψηφίσασθαι
1597 1753 1807 1820 ἁπλῶς,
1836 1753 1974 1807 ἀλλά
2009 1752 2070 1805 τὸ

476 1830 700 1897 δικαίως
730 1832 1092 1904 ψηφίσασθαι.
1117 1838 1162 1889 Κ
1173 1837 1487 1909 ριθήσονται
1514 1839 1571 1893 δὲ
1606 1838 1866 1904 Ἰουδαῖοι,
1903 1840 1997 1892 καὶ
2020 1838 2069 1889 οἱ

475 1915 623 1980 τότε,
670 1919 764 1970 καὶ
802 1920 849 1970 οἱ
901 1919 1040 1988 μετά
1073 1920 1249 1975 ταῦτα
1301 1924 1796 1993 παρανομήσαντες
1825 1924 1920 1977 ἐπὶ
1968 1921 2070 1991 τῆς

479 1999 685 2071 Καινῆς
706 2015 718 2028 ·
753 2003 951 2056 ἐκεῖνοι
1001 2004 1101 2071 μὲν
1133 2006 1234 2076 τὴν
1283 2005 1444 2075 φύσιν
1494 2007 1590 2060 καὶ
1619 2006 1711 2061 τὸν
1746 2007 1909 2077 νόμον
1941 2023 2070 2059 κατ-

477 2085 676 2155 ήγορον
696 2084 933 2155 ἔχοντες,
961 2083 1106 2142 οὗτοι
1125 2088 1182 2141 δὲ
1216 2088 1357 2161 μετά
1380 2090 1587 2143 τούτων
1604 2091 1784 2144 καὶτὰ
1805 2089 1955 2161 παρὰ
1976 2089 2069 2142 τοῦ

478 2168 713 2237 Χριστοῦ
747 2171 1087 2241 γεγενημένα
1130 2174 1212 2236 εἰς
1251 2174 1470 2237 αὐτούς.
1520 2173 1585 2228 Τί
1614 2174 1724 2246 γάρ
1756 2174 1851 2228 καὶ
1897 2173 2072 2244 ἔχοιεν

478 2250 545 2301 ἂν
578 2252 775 2314 εἰπεῖν,
811 2251 844 2321 ἦ
888 2254 1048 2307 ποίαν
1090 2257 1462 2327 προϐαλέσθαι
1495 2257 1697 2319 αἰτίαν,
1740 2259 1807 2312 δι’
1855 2258 1922 2329 ῆν
1973 2257 2071 2309 οὐκ

400 2334 407 2340 ’
477 2334 836 2401 ἐπίστευσανς
877 2337 1038 2391 Ἀλλά
1063 2340 1361 2411 προσέχετε
1391 2345 1505 2405 τοῖς
1532 2342 1869 2413 λεγομένοις,
1894 2357 2073 2411 παρα-

479 2417 650 2483 καλῶ,
685 2419 774 2473 ’ίνα
799 2419 1037 2492 δύνησθε
1078 2424 1206 2487 τοὺς
1249 2424 1635 2494 ἀντιλέγοντας
1674 2425 2068 2497 ἐπιστομίζειν.

481 2499 698 2588 βέλτιον
729 2501 839 2588 γάρ
868 2504 1067 2569 αὐτοὺς
1098 2508 1230 2578 παρ’
1258 2508 1415 2578 ἡμῶν
1442 2508 1779 2588 ἡττηθέντας
1803 2507 1899 2564 νῦν
1927 2508 2074 2577 διορ-

482 2584 741 2656 θωθῆναι,
773 2585 806 2657 ἦ
840 2588 1163 2657 νομίζοντας
1207 2591 1363 2661 νικᾷν
1392 2584 1649 2645 ἀπελθεῖν
1690 2593 1825 2651 ἐκεῖ,
1848 2590 1944 2644 καὶ
1974 2607 2074 2643 κα-

481 2670 812 2739 τακριθῆναι
830 2672 982 2743 παρά
1003 2672 1098 2726 τοῦ
1122 2675 1304 2728 κοινοῦ
1324 2675 1423 2745 τῆς
1443 2674 1773 2744 οἰκουμένης
1792 2675 2069 2729 δικαστοῦ.

482 2754 547 2805 Τί
595 2754 777 2807 τοίνυν
826 2755 892 2811 ἂν
931 2755 1107 2827 ἔχοιεν
1136 2760 1311 2812 εἰπεῖν
1370 2760 1634 2819 Ἰουδαῖοι.
1687 2759 1835 2823 τίνος
1886 2760 2074 2814 ἕνεκεν

483 2837 693 2891 ἀνεῖλον
718 2838 809 2893 τὸν
831 2837 1095 2911 Χριστόν;
1118 2842 1171 2893 τί
1196 2841 1393 2912 μικρὸν
1415 2842 1449 2913 ἢ
1480 2842 1625 2912 μέγα
1644 2842 1897 2911 ἐγκαλεῖν
1920 2842 2074 2914 έχον-

484 2936 612 2985 τεςς
669 2921 791 2975 Ὅτι
843 2924 1015 2977 ἐποίει
1064 2924 1258 2977 ἑαυτὸν
1306 2923 1457 2988 Θεὸν,
1497 2925 1651 2995 φησί,
1706 2924 1817 2979 Καὶ
1853 2926 1960 2998 μὴν
2011 2926 2074 2978 οὐ

485 3001 664 3057 ταῦτα
692 2999 762 3075 ἦν
790 3003 859 3058 τὰ
887 3006 1111 3078 ῥήματα
1136 3008 1193 3060 ἐν
1220 3006 1299 3078 τῷ
1331 3008 1512 3079 καιρῷ
1545 3008 1640 3062 τοῦ
1671 3009 1927 3082 σταυροῦ,
1959 3009 2074 3064 ἀλλ’

482 3086 649 3157 ἕτερά
687 3104 829 3143 τινα.
864 3089 939 3142 Οὐ
987 3089 1096 3161 γάρ
1136 3089 1340 3158 ἔλεγον,
1379 3091 1439 3144 '0
1469 3091 1641 3146 ποιῶν
1675 3093 1871 3164 ἐαυτὸν
1916 3093 2072 3159 Θεὸν,

483 3169 620 3233 ἀλλ’,
663 3170 716 3223 Ὁ
749 3170 938 3226 ποιῶν
970 3172 1192 3227 ἑαυτὸν
1222 3174 1512 3240 βασιλέα,
1552 3177 1664 3230 οὐκ
1714 3178 1847 3231 ἐστι
1895 3176 2077 3246 φίλος

483 3252 593 3305 τοῦ
629 3254 953 3323 Καίσαρος.
996 3254 1185 3309 Καίτοι
1227 3273 1291 3325 γε
1319 3257 1581 3323 πολλάκις
1614 3257 1887 3331 ἠθέλησαν
1915 3260 2076 3314 αὐτὸν

490 3336 715 3405 βασιλέα
746 3338 1145 3409 χειροτονῆσαι’,
1166 3340 1262 3393 καὶ
1291 3340 1513 3410 ἔφυγεν.
1548 3342 1708 3396 Ἀλλά
1729 3342 1835 3415 πρὸ
1861 3342 2074 3407 τούτου,

490 3421 678 3488 φησὶν,
720 3421 1031 3486 ἐνεκάλουν,
1082 3423 1167 3476 ὅτι
1216 3425 1390 3478 ἐποίει
1434 3426 1627 3480 ἐαυτὸν
1665 3425 1820 3480 Θεόν.
1866 3428 1979 3482 Καὶ
2024 3428 2077 3480 τί

488 3501 679 3571 τοῦτο;
714 3504 776 3557 Εἰ
810 3504 911 3575 μὲν
942 3505 1056 3576 γὰρ
1086 3505 1298 3576 ψευδῶς
1334 3508 1428 3562 καὶ
1461 3507 1685 3573 ἀδίκως,
1712 3510 1807 3563 καὶ
1845 3509 1948 3579 οὐκ
1980 3509 2077 3573 ὣν,

491 3585 650 3655 λόγον
680 3587 743 3640 τὸ
771 3588 1024 3660 ἔγκλημα
1047 3587 1162 3661 εἶχε
1182 3607 1197 3621 ·
1233 3590 1358 3644 εἰδὲ
1386 3591 1627 3658 δικαίως,
1654 3593 2078 3665 προσκυνεῖσθαι

495 3671 659 3725 αὐτὸν
692 3672 881 3742 ἐχρῆν,
922 3673 984 3726 οὐ
1018 3674 1407 3745 σταυροῦσθαι.
1446 3676 1677 3748 Ἷδωμεν
1709 3677 1891 3732 τοίνυν
1924 3680 1972 3731 εί
2004 3679 2079 3749 μὴ

488 3754 623 3819 Θεὸς
646 3753 721 3807 ὢν
747 3756 916 3819 ὅντως
939 3769 987 3823 ιι,
1017 3758 1191 3811 ἐποίει
1214 3760 1407 3814 ἑαυτὸν
1437 3760 1592 3826 Θεὸν,
1622 3765 1921 3831 τουτέστιν,
1948 3765 2082 3819 ἐδεί-

491 3857 591 3892 κνυ
620 3840 713 3893 καὶ
741 3841 1028 3909 ἐπέφαινε.
1056 3842 1233 3896 Πόθεν
1258 3841 1353 3901 οὖν
1376 3843 1554 3914 βούλει
1585 3847 1812 3917 μαθεῖν;
1843 3850 1951 3903 ἀπὸ
1973 3849 2081 3902 τῶν

491 3922 647 3986 τότε;
685 3923 793 3976 ἀπὸ
837 3924 946 3977 τῶν
985 3924 1117 3991 νῦν;
1152 3926 1260 3980 ἀπὸ
1287 3927 1397 3981 τῶν
1430 3929 1582 4000 παρά
1623 3930 1715 3986 τὸν
1743 3934 1936 3999 τόκην;
1986 3933 2082 3997 Τίς

491 4001 587 4057 οὖν
616 4007 722 4058 ὑπὸ
755 4005 1027 4076 παρθένου
1064 4009 1198 4061 ποτὲ
1225 4012 1457 4081 ὲτέχθη;
1488 4013 1571 4077 τίς
1594 4013 1652 4066 δὲ
1679 4015 1885 4086 ἀστέρα
1913 4016 2080 4080 ἔδειξε

489 4089 733 4143 τοιοῦτον
753 4089 774 4154 ς’
808 4090 894 4152 τίς
922 4091 978 4144 δὲ
1014 4094 1227 4161 μάγους
1257 4096 1529 4166 τοσαύτην
1569 4097 1688 4151 ὁδὸν
1721 4099 1951 4169 ήγαγεν,
1981 4103 2084 4155 οὐκ

494 4173 709 4243 ἀνάγκῃ
754 4174 848 4226 καὶ
881 4175 993 4245 βίᾳ,
1023 4176 1159 4229 ἀλλά
1190 4176 1487 4232 πειθοῖκαὶ
1510 4181 1880 4253 ἀποκαλύψεη
1921 4183 2083 4255 Ὁρᾷς

496 4257 597 4326 τὴν
624 4257 805 4310 κτίσιν
824 4257 1045 4312 ἃπασαν
1069 4260 1400 4329 ἐπιγνοῦσαν
1422 4263 1513 4317 τὸν
1543 4266 1856 4337 Δεσπότην;
1897 4269 1960 4321 Ἡ
1985 4268 2085 4336 φύ-

495 4355 582 4401 σις
612 4338 801 4412 πρώτη
837 4346 1182 4414 παραχωρεῖ,
1219 4347 1311 4399 καὶ
1353 4345 1454 4399 οὐκ
1489 4347 1783 4417 ἀντιλέγει,
1819 4350 1940 4403 οὐδὲ
1988 4352 2083 4405 ἀν-

495 4424 742 4479 θίσταται
768 4425 996 4495 λέγουσα
1012 4443 1024 4455 ’
1056 4429 1130 4481 Οὐ
1160 4427 1273 4482 λύω
1292 4430 1391 4494 τὰς
1416 4431 1613 4495 ὠδῖνας
1633 4449 1646 4466 ο
1670 4434 1768 4485 οὐκ
1790 4433 1990 4504 ἔμαθον
2021 4437 2085 4489 ἐκ

499 4509 711 4580 μήτρας
738 4510 1077 4582 παρθενικῆς
1108 4513 1321 4566 παιδίον
1344 4514 1643 4586 προφέρειν
1661 4534 1675 4547 ·
1717 4516 1817 4570 οὐκ
1842 4513 1959 4571 οἶδα
1988 4520 2088 4587 γά-

499 4607 600 4661 μου
627 4594 796 4662 χωρὶς
829 4595 1042 4667 μητέρα
1078 4599 1256 4651 ποιεῖν
1276 4614 1291 4630 ο
1325 4597 1443 4652 ἀλλ’
1476 4598 1668 4672 ἐξέστη
1707 4600 1801 4654 καὶ
1831 4602 2084 4673 παρεχώ-

498 4689 631 4745 ρησε
651 4675 758 4728 τῶν
780 4679 994 4731 οἰκείων
1012 4681 1153 4750 ὅρων
1170 4696 1183 4709 ⁸
1200 4682 1293 4735 τὸν
1322 4683 1433 4755 γὰρ
1456 4684 1628 4756 αὐτῆς
1651 4685 1867 4754 ἐπέγνω
1884 4685 2088 4741 Δεσπό-

495 4775 614 4827 την.
649 4757 944 4828 Τεχθέντος
986 4762 1174 4831 πάλιν,
1220 4766 1442 4834 ἄγγελοι
1476 4769 1867 4839 παρεγένοντο,
1898 4772 1993 4825 τὸν
2027 4772 2087 4825 ἐν

497 4841 746 4912 οὐρανοῖς
797 4842 888 4894 ἐπὶ
916 4843 1021 4915 γῆς
1064 4845 1382 4916 μηνύοντες,
1414 4853 1510 4904 καὶ
1547 4852 1777 4923 οὐρανὸς
1814 4853 2023 4922 ἐγίνετο
2050 4857 2084 4924 ἠ

497 4925 592 5010 γῆ,
618 4924 712 4977 ἆτε
733 4925 827 4977 τοῦ
854 4924 1113 4995 βασιλέως
1133 4930 1368 4986 ἐνταῦθα
1400 4934 1573 4999 ὄντος,
1598 4936 1694 4990 καὶ
1716 4936 1892 5006 Μάγοι
1917 4956 2076 5010 προσ-

499 5007 748 5072 εκύνουν,
777 5009 841 5062 ἐκ
890 5012 1145 5066 τοσούτου
1182 5013 1552 5088 διαστήματος
1599 5007 2088 5092 ἀφικόμενον-καὶ

498 5092 559 5179 τὸ
583 5093 681 5179 μὲν
702 5093 913 5179 παιδίον
947 5095 1041 5148 ἐπὶ
1066 5097 1271 5170 φάτνης
1300 5099 1476 5154 ἔκειτο
1494 5104 1552 5156 ἐν
1577 5104 1936 5179 Παλαιστίνῃ,
1959 5109 2009 5161 οἱ
2033 5108 2088 5162 δὲ

472 5177 609 5262 ’ἀπὸ
634 5179 736 5247 τῆς
768 5176 1047 5249 βαρϐάρου
1074 5179 1258 5252 χώρας
1285 5185 1551 5255 τοσαύτην
1580 5188 1745 5259 τιμὴν
1797 5176 2086 5262 καῖ-θεραο

503 5260 665 5312 πείαν
706 5264 999 5334 προσῆγον,
1044 5265 1177 5337 δσην
1220 5268 1368 5333 εἰκὸς
1402 5269 1524 5342 Θεῷ
1562 5273 1882 5343 προσάγειν.
1930 5260 2089 5329 Ἀλλά

502 5343 674 5397 ταῦτα
710 5346 809 5414 μὲν
830 5346 962 5411 ἴσως
1001 5349 1063 5402 οὐ
1105 5351 1523 5421 παραδέξονται,
1552 5356 1714 5427 ἕτερα
1738 5356 1793 5409 δὲ
1822 5357 2089 5430 ἐπιζητή-

506 5441 658 5513 σουσι
694 5432 915 5513 σημεῖα,
958 5431 1027 5485 τά
1069 5433 1211 5486 κατά
1247 5436 1345 5505 τὴν
1373 5437 1656 5508 παροῦσαν
1686 5442 1900 5509 γενεάν.
1948 5443 2088 5495 Ἀλλ’

506 5505 624 5558 οὐδὲ
662 5508 867 5562 τούτων
907 5513 1280 5584 ἀπορήσομεν.
1326 5505 1580 5575 Τοιοῦτον
1614 5505 1784 5594 γάρή
1831 5524 2086 5596 ἀλήθειαν

579 5698 603 5724 ⁸
629 5711 798 5764 Morel.
821 5718 945 5767 male
970 5720 1138 5777 οὕτως.

1147 305 1201 359 S.
1245 300 1531 359 JOANNIS
1568 293 2057 355 CHRYSOSTOMI
2102 293 2422 355 ARCHIEP.
2469 299 3019 357 (ZONSTANTINOP.

3638 295 3753 353 216

2167 416 2511 485 περιρῤεῖται
2538 419 2649 481 τοῖς
2677 417 3034 485 δικαιοῢμασι.
3073 410 3323 467 Μάλιστα
3358 409 3458 482 μὲν
3490 408 3599 482 γὰρ
3622 407 3755 462 οὐδὲ

2160 501 2391 555 ἐνταῦθα
2423 503 2607 574 ἔχουσί
2637 521 2758 558 τινα
2792 503 3103 571 ἀντιλογίας
3135 500 3294 554 σκιὰν
3320 500 3518 552 εἰπεῖν.
3546 499 3611 551 Εἰ
3639 496 3757 567 γὰρ

2160 593 2251 644 καὶ
2290 591 2365 661 μὴ
2397 594 2602 664 παρῆς,
2636 594 2727 648 ὅτε
2764 596 2830 647 ἐκ
2873 593 3145 664 παρθένου
3187 590 3449 652 ἐτίκτετο,
3482 588 3562 659 τῷ
3610 603 3752 658 προ.

2162 683 2307 754 φήτῃ
2350 682 2627 736 πιστεύειν
2653 684 2760 737 ἔδει
2799 682 2877 754 τῷ
2904 684 3147 751 λέγοντι⁶
3182 680 3328 736 Ἰδοὺ
3366 680 3406 747 ἦ
3449 675 3759 747 παρθένος

2159 771 2229 824 ἐν
2255 773 2465 840 γαστρὶ
2496 773 2641 836 ἕξει,
2670 771 2768 826 καί
2804 773 3035 837 τέξεται
3068 771 3234 825 υίόν·
3269 767 3369 823 καί
3410 765 3759 821 καλέσουσι

2161 861 2226 913 τὸ
2272 861 2460 929 ὄνομα
2515 861 2703 915 αὐτοῦ
2741 858 3147 930 Ἐμμανουήλ.
3193 858 3256 911 Εἰ
3292 856 3369 928 μὴ
3407 855 3611 927 παρῆς,
3655 854 3759 906 ὅτε

2168 948 2350 1018 σάρκα
2382 947 2536 1020 122θῆ
2568 949 2954 1021 περικείμενος
3001 945 3321 1018 περιεπόλει
3367 943 3465 1014 τὴν
3494 943 3622 1013 γῆν,
3652 941 3765 995 καὶ

2166 1036 2626 1109 συνανεστρέφετο
2662 1040 2775 1100 τοῖς
2809 1037 3016 1099 δούλοις
3053 1037 3082 1089 ὁ
3116 1035 3414 1105 Δεσπότης,
3452 1032 3640 1103 ἔντυχε
3668 1028 3767 1100 τῷ

2175 1124 2437 1195 Ἱερεμίᾳ,
2469 1126 2723 1188 κάκεῖνός
2759 1142 2843 1178 σοι
2878 1124 3182 1189 διαλέξεται
3212 1122 3356 1177 οὕτω
3378 1121 3554 1190 λέγων
3574 1135 3587 1148 ·
3630 1114 3766 1173 Οὗ-

2165 1229 2267 1280 τος
2294 1217 2327 1267 ό
2368 1214 2510 1279 Θεὸς
2543 1214 2739 1283 ἡμῶν·
2772 1216 2845 1268 οὺ
2889 1213 3321 1282 λογισθήσεται
3351 1210 3553 1279 ἕτερος
3598 1205 3768 1277 πρὸς

2167 1303 2374 1356 αὐτόν.
2421 1301 2662 1371 Ἐξεῦρε
2692 1300 2903 1356 πᾶσαν
2928 1300 3073 1355 ὁδὸν
3094 1298 3455 1369 ἐπιστήμης,
3482 1297 3579 1351 καὶ
3606 1295 3771 1349 ἐδω-

2167 1410 2276 1447 κεν
2318 1393 2513 1463 αὐτὴν
2553 1392 2755 1448 Ἰακὼϐ
2779 1390 2861 1459 τῷ
2904 1391 3069 1446 παιδί
3106 1391 3311 1456 αὐτοῦ,
3360 1390 3458 1443 καί
3509 1386 3769 1457 Ἰσραὴλ

2167 1480 2247 1545 τῷ
2283 1481 2647 1550 ἠγαπημένῳ
2693 1482 2794 1536 ὑπ’
2823 1480 3031 1534 αὑτοῦ.
3062 1481 3223 1533 Μετὰ
3267 1477 3455 1532 ταῦτα
3493 1475 3590 1529 ἐπί
3636 1472 3771 1544 τῆς

2168 1568 2281 1639 γῆς
2311 1570 2503 1638 ὤφθη,
2532 1569 2631 1622 καί
2660 1569 2784 1634 τοῖς
2809 1568 3135 1638 ἀνθρώποις
3168 1562 3657 1633 συνανεστράερη.

2239 1709 2301 1765 δ’.
2330 1712 2439 1763 Καὶ
2457 1710 2550 1764 ἐπὶ
2577 1709 2685 1763 τῶν
2700 1708 2875 1763 ἄλλων
2900 1709 2956 1762 δὲ
2987 1708 3243 1762 ἀπάντων
3266 1707 3387 1778 ὕψει
3407 1708 3531 1771 τοὺς
3545 1705 3771 1778 προφή-

2170 1817 2290 1865 τας,
2326 1793 2401 1853 ῶν
2429 1799 2497 1852 τὰ
2538 1798 2716 1869 βιϐλία
2744 1800 2864 1869 εἰκῆ
2903 1798 3066 1869 μέχρι
3099 1799 3338 1869 σήμερον
3367 1796 3771 1867 περιστρέφεις

2170 1890 2264 1942 καὶ
2303 1885 2562 1958 ἐνοχλεῖς,
2593 1885 2799 1956 ταύτης
2841 1885 3032 1939 ἕνεκεν
3071 1888 3171 1956 τῆς
3209 1883 3516 1948 ὑποθέσεως
3563 1882 3772 1952 σαφῶς

2170 1976 2648 2047 ἀνακηρύττοντας
2677 1973 2912 2029 ἅπαντα.
2961 1973 3100 2027 Ἀλλ’
3140 1974 3189 2025 οί
3227 1971 3327 2044 μὲν
3368 1971 3504 2043 πρὸς
3529 1970 3771 2033 τούτους

2168 2064 2382 2133 ἀγῶνες
2406 2064 2501 2117 καὶ
2541 2062 2789 2134 εἴρηνται
2821 2060 3083 2126 πολλάκις
3110 2062 3263 2132 ἡμῖν,
3282 2060 3379 2113 καὶ
3403 2060 3769 2131 ρηθήσονται⁹

2168 2155 2307 2217 τέως
2343 2153 2402 2206 δὲ
2448 2152 2555 2206 τῶν
2595 2152 2973 2223 προκειμένων
3004 2149 3261 2222 ἐχώμεθα
3292 2149 3341 2203 δ.
3372 2148 3484 2202 Καὶ
3513 2151 3774 2216 ἀναγγε-

2168 2242 2392 2297 λοῦσιν
2426 2245 2481 2295 οἱ
2511 2243 2755 2309 οὐρανοί
2785 2240 2900 2309 τὴν
2931 2239 3331 2306 δικαιοσύνην
3357 2236 3564 2300 αὑτοῦ,
3600 2234 3692 2289 ὅτι
3727 2237 3773 2290 d

2173 2334 2320 2398 Θεὸς
2355 2331 2561 2401 κριτής
2591 2332 2783 2386 ἐστιν.
2827 2328 3094 2383 Ἐνταῢθά
3139 2346 3229 2399 μοι
3282 2328 3380 2398 τὴν
3410 2324 3773 2396 δικαιοσύνην

2171 2420 2350 2490 λέγειν
2383 2420 2549 2484 δοκεῖ,
2579 2420 2677 2491 τὴν
2703 2417 2902 2490 πολλὴν
2949 2417 3114 2473 αὐτοῦ
3160 2416 3518 2488 κηδεμονίαν,
3536 2414 3636 2485 τὴν
3667 2432 3773 2484 φι-

2171 2509 2523 2581 λανθρωπίαν
2556 2509 2653 2580 τὴν
2679 2510 2760 2572 εἰς
2786 2507 2984 2572 αὐτοὺς
3014 2502 3275 2570 ἐκείνους,
3306 2505 3405 2575 τὴν
3443 2505 3523 2567 εἰς
3548 2504 3773 2567 πάντας

2170 2598 2497 2673 ἀνθρώπους
2514 2598 2767 2669 πολυειδῆ
2789 2614 2913 2651 τινα
2937 2597 3251 2667 οἰκονομίαν
3280 2596 3375 2649 καὶ
3395 2592 3767 2663 πολύτροπον,

2169 2687 2271 2759 τὴν
2301 2681 2394 2741 διὰ
2416 2688 2519 2758 τῆς
2544 2687 2801 2752 κτίσεως,
2828 2685 2929 2756 τὴν
2959 2685 3049 2738 διὰ
3075 2684 3170 2738 τοῦ
3204 2683 3392 2755 νόμου,
3424 2682 3525 2753 τὴν
3548 2680 3635 2734 διὰ
3658 2679 3772 2750 τῆς

2172 2778 2417 2849 χάριτος,
2450 2778 2550 2847 τὴν
2582 2776 2676 2830 διά
2704 2775 2815 2829 τῶν
2840 2774 3162 2846 ὁρωμένων,
3198 2773 3298 2842 τὴν
3328 2772 3416 2826 διά
3449 2771 3559 2824 τῶν
3592 2769 3773 2839 ἀορά-

2172 2882 2300 2929 των,
2333 2865 2434 2937 τὴν
2470 2864 2559 2919 διὰ
2596 2867 2711 2920 τῶν
2740 2861 3066 2933 προφητῶν,
3094 2861 3196 2931 τὴν
3224 2860 3312 2914 διὰ
3349 2859 3459 2913 τῶν
3490 2857 3766 2926 ἀγγέλων.

2171 2954 2271 3023 τὴν
2310 2952 2401 3007 διά
2428 2952 2541 3007 τῶν
2567 2952 2905 3014 ἀποστόλων,
2938 2949 3038 3022 τὴν
3067 2948 3155 3001 διὰ
3192 2948 3302 3001 τῶν
3335 2946 3629 3008 κολάσεων,
3662 2946 3770 3018 τὴν

2172 3043 2260 3097 διὰ
2291 3044 2399 3097 τῶν
2447 3041 2805 3114 εὐεργεσιῶν,
2837 3040 2938 3110 τὴν
2976 3039 3065 3092 διὰ
3096 3038 3205 3092 τῶν
3238 3036 3498 3101 ἀπειλῶν,
3529 3036 3627 3107 τὴν
3673 3037 3769 3091 διὰ

2171 3129 2282 3183 τῶν
2315 3128 2684 3198 ἐπαγγελιῶν,
2720 3129 2822 3199 τὴν
2869 3127 2960 3181 διά
2999 3127 3099 3198 τῆς
3127 3124 3331 3190 τάξεως
3368 3124 3469 3194 τῆς
3499 3123 3641 3178 κατὰ
3671 3125 3767 3177 τὸν

2178 3218 2387 3288 χρόνον.
2438 3217 2761 3278 Ἀκουσον,
2807 3215 2959 3281 λαός
3000 3232 3141 3284 μου,
3187 3213 3285 3267 καί
3331 3211 3587 3279 λαλήσω
3638 3228 3766 3271 σοι.

2189 3305 2451 3373 Ἰσραὴλ,
2509 3304 2607 3358 καί
2648 3298 3116 3372 διαμαρτύρομαι
3161 3315 3262 3355 σοι
3310 3311 3360 3351 ε.
3407 3297 3552 3371 Ὅρα
3599 3299 3770 3353 πάλιν

2177 3393 2477 3447 ἐπιείκειαν
2509 3393 2602 3445 καὶ
2624 3388 2907 3462 πραότητα
2928 3389 2987 3456 ἐξ
3019 3387 3184 3443 αὑτοῦ
3211 3386 3306 3441 τοῦ
3332 3387 3639 3458 προοιμίου.
3675 3387 3772 3451 Ὠς

2178 3483 2288 3554 γάρ
2306 3482 2371 3551 ἂν
2403 3482 2452 3533 εἰ
2473 3480 2761 3550 ἄνθρωπος
2786 3477 2921 3551 πρὸς
2949 3476 3236 3549 ἄνθρωπον
3261 3476 3404 3529 εῖποι
3431 3474 3771 3545 θορυϐοῦντα

2179 3570 2274 3624 καὶ
2303 3568 2672 3640 ταράττοντα,
2709 3565 2836 3621 Ἐὰν
2868 3565 3095 3638 ἀκούῃς,
3125 3563 3303 3618 λαλῶ’
3341 3564 3436 3617 ἐὰν
3468 3562 3766 3634 προσέχῃς.

2178 3658 2289 3729 ἐρῶ
2310 3675 2323 3688 ο
2357 3655 2501 3711 οὕτω
2541 3656 2635 3711 καὶ
2668 3654 2804 3726 πρὸς
2826 3654 2953 3718 τοὺς
2997 3652 3216 3715 δούλους
3243 3653 3273 3705 ὁ
3302 3652 3603 3721 Δεσπότης,
3636 3651 3769 3704 Ἐὰν

2178 3744 2387 3818 ἀκούῃς
2422 3762 2548 3815 μου,
2588 3744 2774 3815 φησὶν,
2805 3741 2936 3814 ἐρῶ.
2969 3741 3082 3794 Καὶ
3106 3739 3215 3813 γὰρ
3244 3734 3385 3810 ἦσαν
3411 3738 3646 3810 ῥᾴθυμοι
3674 3741 3771 3791 καὶ

2179 3830 2667 3896 ἀναπεπτωκότες,
2717 3829 2807 3884 καὶ
2839 3828 2961 3884 οὐδὲ
3007 3829 3101 3881 ἐπὶ
3136 3827 3332 3898 μικρὸν
3368 3825 3507 3897 μετά
3535 3825 3769 3896 ἡσυχίας

2181 3920 2445 3990 παρεῖχον
2471 3920 2538 3990 τῇ
2558 3917 2669 3971 τῶν
2691 3917 2872 3987 νόμων
2896 3914 3202 3984 ἀναγνώσει
3225 3913 3323 3984 τὴν
3343 3914 3629 3985 ἀκρόασιν.
3658 3912 3772 3966 Καὶ

2181 4005 2340 4061 τοῦτο
2362 4005 2538 4076 δηλῶν
2562 4022 2646 4067 τις
2666 4005 2955 4076 προφήτης
2976 4002 3163 4069 ἔλεγεν
3185 4004 3213 4055 ὁ
3234 4003 3290 4055 ἐν
3316 4001 3540 4073 Περσίδι
3566 4000 3772 4071 διατρί·

2183 4097 2327 4149 ϐων*
2359 4098 2617 4165 Ἕσομαι
2660 4091 2869 4159 αὐτοῖς
2911 4093 2993 4158 ὡς
3026 4090 3198 4161 φωνὴ
3240 4090 3580 4159 ψαλτηρίου
3618 4087 3770 4155 ἠδυ-

2184 4184 2419 4255 φώνου·
2450 4183 2545 4236 καὶ
2579 4180 2819 4252 συνεχῶς
2844 4179 3028 4249 ἔλεγον
3050 4181 3166 4243 τοῖς
3197 4181 3507 4248 προφήταις
3538 4176 3613 4247 μὴ
3635 4192 3772 4246 προ-

2184 4271 2462 4343 φητεύειν,
2500 4270 2700 4341 μᾶλλον
2744 4268 2800 4321 δὲ
2836 4268 2932 4321 καὶ
2964 4266 3309 4338 διεκρούοντο
3338 4264 3367 4306 ἀ
3396 4266 3620 4329 αὐτοὺς,
3671 4264 3770 4316 καὶ

2185 4358 2520 4431 ἐνοχλεῖσθαι
2557 4358 2798 4411 ἐδόκουν.
2846 4357 2959 4410 Καὶ
3009 4355 3258 4426 βασιλεὺς
3297 4352 3461 4407 τοῦτο
3516 4352 3770 4422 φαίνεται

2184 4447 2426 4502 ἀπειλῶν
2475 4446 2733 4518 προφήτῃ
2783 4446 2891 4498 τινὶ
2936 4444 3032 4498 καὶ
3080 4442 3464 4515 προστάσσων,
3501 4441 3642 4494 ὥστε
3693 4440 3772 4511 μὴ

2185 4536 2540 4622 ὀχλαγωγεῖν.
2591 4534 2645 4586 '0
2691 4532 2837 4597 Θεὸς
2880 4535 2915 4586 ὁ
2960 4533 3106 4598 Θεός
3148 4547 3265 4586 σου
3318 4531 3439 4600 είμί
3476 4531 3608 4599 ἐγώ.
3656 4528 3772 4622 (ξύχ

2187 4625 2377 4688 ἁπλῶς
2391 4625 2419 4676 ὁ
2433 4614 2841 4690 ’διπλασιασμὸς
2857 4623 3054 4685 κεῖται,
3074 4620 3208 4673 ἀλλά
3225 4620 3348 4673 ἐπεὶ
3365 4620 3502 4691 πρὸς
3517 4614 3773 4685 ἀναισθή-

2184 4732 2314 4778 τους
2344 4712 2546 4770 ἐλάλει,
2575 4709 2670 4764 καὶ
2698 4708 3161 4780 πεπωρωμένους,
3188 4708 3283 4762 καὶ
3310 4705 3770 4777 κεκωφωμένους,

2183 4803 2278 4857 τὸν
2313 4802 2445 4874 περὶ
2482 4800 2583 4871 τῆς
2622 4797 2946 4858 δεσποτείας
2972 4796 3139 4850 αὑτοῦ
3185 4798 3331 4850 κινεῖ
3369 4794 3551 4862 λόγον,
3597 4790 3773 4862 ἀρχὴν

2185 4891 2418 4962 ἀρίστην
2449 4892 2516 4961 τῇ
2551 4887 2689 4960 μετά
2717 4885 2891 4940 ταῦτα
2911 4885 3163 4956 διηγήσει
3188 4882 3366 4946 διδοὺς
3389 4879 3660 4943 ἐντεῦθεν,
3678 4878 3776 4933 καὶ

2185 4978 2403 5041 δεικνὺς
2424 4977 2505 5030 ὅτι
2523 4976 2833 5047 ὀφείλουσιν
2861 4972 3012 5045 αὐτῷ
3027 4973 3124 5043 τὴν
3150 4969 3486 5040 ἐλευθερίαν,
3507 4968 3599 5022 καὶ
3615 4967 3777 5038 χρέος

2187 5066 2256 5122 ἂν
2292 5062 2403 5120 εἷεν
2434 5066 2634 5119 δίκαιοι
2685 5062 3002 5117 καταθεῖναι
3052 5062 3127 5122 ὡς
3177 5058 3428 5130 Δεσπότῃ
3465 5056 3663 5121 δοῦλοι,
3699 5056 3779 5118 ὡς

2187 5154 2521 5228 Δημιουργῷ
2545 5155 2705 5225 ἔργα,
2725 5154 2802 5217 ὡς
2826 5152 2896 5206 τὰ
2924 5153 3159 5224 μέγιστα
3184 5147 3657 5221 εὐεργετηθέντες,
3686 5146 3780 5199 καὶ

2188 5246 2457 5316 τοσαύτην
2498 5242 2823 5314 τιμηθέντες
2862 5242 3053 5311 τιμήν.
3084 5241 3205 5294 Οὐκ
3240 5238 3341 5293 ἐπὶ
3374 5236 3501 5302 ταῖς
3534 5235 3780 5299 θυσίαις

2251 5431 2391 5481 1ἈΙὶἱ
2411 5430 2507 5478 τῶν
2530 5429 2768 5492 ἐχομένων
2789 5428 3038 5491 ἁψώμεθα,
3051 5433 3104 5476 el.
3130 5427 3202 5491 sic
3225 5425 3396 5475 Morel.
3419 5424 3607 5473 habuit.
3623 5423 3779 5473 Savil.

2192 5502 2241 5543 et
2266 5492 2515 5553 reliquiqt
2538 5492 2587 5538 iu
2618 5497 2775 5539 lexlu.

2256 5558 2279 5585 ο
2308 5545 2443 5606 Ηῖὲο,
2477 5551 2693 5615 Ἰσραὴλ,
2716 5552 2799 5615 καί
2821 5550 3198 5615 διαμαρτύρομαί
3221 5567 3318 5609 σοι,
3345 5551 3553 5598 deerant
3571 5547 3624 5595 in
3650 5545 3777 5595 edit.

2194 5588 2453 5679 ηομ-(Ξῖῗᾶ
2486 5588 3318 5679 $3531i'égé'igﬁe'ﬁﬂinﬁérxﬁéiv"
3345 5588 3441 5598 Μ
3468 5588 3521 5679 ’,
3660 5667 3699 5679 ,,
3718 5666 3733 5679 .
3760 5666 3768 5675 .

2255 5675 2281 5717 d
2317 5677 2399 5725 Sic
2440 5688 2557 5725 mss.
2601 5682 2646 5725 el
2699 5676 2880 5735 Savi|.;
2907 5674 3084 5723 Morel.
3130 5666 3244 5723 vero
3285 5666 3613 5735 προφητεύειν,
3650 5666 3781 5717 ἀλλὰ

2196 5738 2505 5802 διεκρούοντο·
