4064 6412
357 315 467 369 ἳίὃ

366 444 496 484 oves
536 437 593 482 et
634 428 832 483 vitulos
870 427 1225 480 sacriﬁcarent
1256 442 1269 477 :
1298 424 1416 478 ideo
1457 426 1648 492 probra
1678 426 1779 485 illis
1810 425 1961 493 iugc-

370 537 515 585 rcns,
538 536 745 589 eosque
776 519 1000 573 irridens
1028 518 1176 582 dicit,
1222 517 1320 583 Qui
1347 517 1581 569 ordinant
1607 526 1953 571 testamentum

370 632 483 686 qus
508 628 663 683 super
690 613 941 679 sacriﬁcia
962 628 981 665 :
1008 610 1109 665 hoc
1136 617 1238 687 est,
1267 609 1356 679 qui
1378 609 1441 662 ad
1463 610 1686 663 salutem
1715 608 1964 663 sufﬁcere

369 707 718 769 existimant,
764 705 809 758 si
850 717 1071 771 corpora
1111 702 1383 755 brutorum
1421 699 1739 754 sacrificent.
1790 702 1842 755 6.
1888 699 1954 753 Et

371 796 751 848 annuntiabunt
787 794 899 849 cati
930 793 1181 863 justitiam
1226 793 1354 863 ejus.
1403 791 1602 845 Volcns
1647 792 1734 847 hic
1773 808 1961 846 rursus

370 887 660 941 ostendere
687 885 801 955 ejus
828 884 1080 952 justitiam
1114 898 1234 938 esse
1260 883 1482 948 claram,
1513 882 1733 935 nitidam
1757 925 1772 948 ,
1802 898 1958 952 aper-

374 988 507 1040 tam,
539 977 626 1031 cui
651 975 943 1031 contradici
975 990 1078 1028 non
1109 973 1314 1044 possit,
1364 984 1421 1029 et
1460 988 1580 1043 qua:
1619 974 1672 1026 in
1714 974 1962 1027 confesso

372 1069 464 1132 sit,
497 1065 781 1121 introducit
809 1066 1071 1120 elementa
1097 1063 1422 1118 insensibilia
1448 1078 1565 1117 eam
1597 1062 1958 1132 prtedicautia,

374 1161 586 1224 eadem,
609 1175 765 1229 quam
790 1159 937 1229 prius
959 1158 1110 1219 dixit,
1143 1155 1329 1225 ﬁgura.
1364 1153 1616 1219 Quoniam
1646 1153 1780 1207 Deus
1799 1154 1962 1225 judea:

374 1265 465 1308 est.
499 1254 614 1319 Jus,
654 1254 843 1322 inquit,
875 1253 1161 1322 unicuique
1183 1250 1460 1306 definiens.
1490 1249 1676 1321 Neque
1700 1250 1842 1304 enim
1876 1249 1961 1303 hic

372 1355 579 1397 temere
609 1344 802 1413 posuit,
836 1342 982 1401 illud.
1004 1341 1266 1411 judicare,
1297 1340 1391 1395 sed
1417 1348 1475 1394 ut
1499 1340 1806 1395 ostenderet
1830 1355 1953 1395 eum

369 1438 532 1486 ctiam
564 1448 683 1487 esse
702 1433 904 1502 justum
922 1472 939 1499 ,
967 1442 1021 1485 et
1047 1432 1164 1484 aliis
1202 1430 1426 1485 reddere
1449 1429 1591 1500 quod
1627 1430 1827 1499 justum
1853 1439 1954 1484 est.

374 1525 431 1577 lu
464 1526 572 1578 Deo
602 1524 740 1577 enim
785 1523 910 1576 illud
935 1564 951 1587 ,
981 1522 1154 1575 Judex
1177 1564 1191 1585 ,
1234 1536 1332 1591 pro
1372 1520 1517 1590 justo
1544 1532 1811 1589 sumptum
1853 1531 1955 1586 est,

369 1615 816 1684 quemadmodum
842 1615 1033 1668 Paulus
1059 1613 1110 1668 id
1139 1629 1350 1683 quoque
1378 1613 1552 1683 posuit
1573 1613 1757 1669 dicens
1782 1630 1795 1666 :
1819 1612 1957 1666 Nam

370 1710 621 1776 quomodo
651 1706 904 1773 judicabit
943 1705 1079 1760 Deus
1120 1705 1370 1761 mundum
1416 1702 1591 1775 (Rom.
1619 1704 1674 1759 5.
1703 1704 1804 1776 6)?
1846 1704 1957 1759 lloc

369 1809 456 1854 est
486 1800 625 1853 enim
653 1799 882 1852 maxime
908 1797 1162 1866 judicium
1183 1837 1197 1862 ,
1232 1796 1333 1850 hoc
1356 1805 1439 1850 est
1463 1797 1695 1851 maxime
1723 1810 1843 1851 esse
1863 1796 1955 1863 ju-

368 1891 544 1945 diccm
569 1932 585 1956 ,
629 1904 733 1943 non
776 1888 949 1943 solum
981 1868 1123 1943 ferre
1150 1888 1466 1943 sententiam
1492 1930 1508 1955 ,
1552 1887 1645 1942 sed
1674 1903 1790 1942 eam
1816 1887 1956 1956 juste

366 1983 532 2037 ferre.
583 1982 965 2037 Judicabuntur
991 1990 1165 2034 autem
1190 1978 1360 2035 Judaei
1384 2020 1401 2045 ,
1428 1989 1481 2034 et
1506 1979 1595 2049 qui
1625 1990 1752 2034 tunc
1780 1989 1952 2045 erant,

365 2087 421 2129 et
447 2074 535 2144 qui
571 2081 753 2143 postea
793 2073 845 2126 in
875 2071 1023 2126 Novo
1048 2072 1396 2125 Testamento
1422 2071 1440 2099 ί
1472 2084 1531 2125 se
1570 2070 1751 2140 inique
1775 2082 1955 2139 gesse-

368 2177 540 2221 runt:
586 2167 659 2221 illi
702 2174 757 2221 et
800 2175 1040 2219 naturam
1078 2171 1132 2217 et
1162 2163 1332 2232 legem
1364 2162 1619 2216 habentes
1661 2161 1954 2216 accusatri—

365 2278 522 2325 cem;
577 2258 630 2315 hi
676 2269 855 2312 autem
895 2264 1089 2326 prteter
1136 2253 1225 2309 illa
1251 2297 1267 2321 ,
1311 2254 1471 2307 etiam
1502 2268 1564 2308 ea
1594 2268 1714 2322 qua:
1740 2252 1953 2307 illorum

290 2409 301 2419 _
365 2354 535 2423 gratia
574 2351 818 2405 Christus
854 2348 993 2404 fecit.
1036 2346 1171 2414 Quid
1195 2346 1339 2401 enim
1370 2342 1616 2415 poterunt
1640 2344 1838 2409 dicere,
1867 2345 1953 2398 vel

363 2462 525 2515 quam
554 2458 767 2498 causam
793 2440 1003 2504 afferre,
1028 2453 1192 2510 quare
1218 2453 1322 2491 non
1348 2436 1710 2492 crediderint?
1738 2435 1843 2491 Sed
1866 2451 1950 2501 ea,

363 2552 569 2609 quazso,
600 2552 717 2608 quae
745 2536 992 2591 dicuntur
1010 2532 1267 2588 attendite
1288 2574 1301 2595 ,
1331 2541 1389 2585 ut
1419 2531 1632 2600 possitis
1652 2545 1746 2585 ora
1767 2546 1951 2585 eorum

362 2630 455 2700 qui
478 2627 846 2683 contradicunt
875 2627 1170 2680 obstruere.
1197 2623 1374 2679 Satius
1398 2630 1480 2676 est
1506 2621 1648 2676 enim
1681 2635 1773 2675 eos
1796 2635 1826 2674 a
1856 2635 1954 2674 no—

365 2723 448 2777 bis
479 2724 645 2776 victos
675 2734 816 2773 nunc
859 2702 1090 2786 corrigi,
1140 2730 1297 2785 quam
1345 2728 1403 2767 se
1445 2712 1661 2766 vincere
1708 2720 1953 2781 putantes

365 2815 495 2868 illuc
544 2812 691 2866 abire
732 2819 786 2864 et
824 2807 1226 2873 condemnari}
1264 2803 1534 2858 communi
1578 2800 1764 2856 Judice
1804 2799 1953 2855 orbis

363 2916 544 2959 tcrrze.
577 2901 712 2971 Quid
736 2915 865 2971 ergo
906 2906 1153 2971 poterunt
1179 2896 1358 2950 dicere
1382 2893 1571 2959 Judzci,
1604 2892 1952 2963 quamobrem

364 2997 636 3052 Christum
687 2988 1103 3048 interfecerint?
1137 2988 1404 3057 quodnam
1451 3001 1670 3057 parvum
1714 2984 1797 3038 vel
1831 2998 1949 3037 ma-

364 3105 530 3159 guum
574 3087 776 3141 crimen
805 3084 853 3139 ei
902 3090 1125 3153 possunt
1163 3078 1435 3148 objicere?
1487 3075 1637 3145 Quod
1682 3089 1739 3130 se
1785 3075 1951 3129 Deum

367 3179 596 3233 faciebat
624 3176 800 3248 (Joan.
828 3174 915 3228 10.
944 3174 1072 3243 55),
1103 3172 1292 3239 inquit.
1324 3167 1485 3238 Atqui
1517 3181 1622 3220 non
1656 3173 1808 3220 erant
1837 3163 1953 3217 haec

374 3272 535 3325 verba
562 3285 659 3339 quo
686 3280 927 3337 tempore
954 3264 1242 3319 crucifixus
1279 3269 1362 3316 est
1380 3301 1394 3324 ,
1426 3259 1521 3314 sed
1547 3257 1789 3328 qutedam
1810 3255 1944 3309 alia.

368 3366 486 3422 Non
511 3366 648 3419 enim
671 3362 922 3417 dicebant
957 3378 966 3411 :
996 3358 1098 3427 Qui
1139 3356 1260 3410 facit
1303 3355 1535 3424 seipsum
1583 3352 1788 3414 Deum,
1834 3348 1948 3413 sed,

366 3458 472 3522 Qui
501 3456 617 3527 facit
636 3456 854 3521 seipsum
879 3465 1062 3522 regem,
1092 3464 1192 3501 non
1237 3456 1311 3501 est
1357 3445 1548 3498 amicus
1573 3441 1790 3496 Ctesaris
1838 3439 1948 3509 (Id.

368 3548 456 3603 l9.
493 3546 603 3616 19).
650 3543 807 3613 Atqui
834 3543 1113 3595 voluerant
1153 3553 1274 3591 eum
1314 3551 1457 3604 saepe
1504 3548 1687 3604 regem
1730 3531 1947 3601 eligere,

362 3652 418 3695 et
448 3638 667 3708 aufugit.
698 3635 802 3690 Sed
830 3642 984 3688 antea
1011 3673 1026 3697 ,
1057 3630 1247 3698 inquit,
1279 3629 1328 3681 ei
1354 3627 1563 3681 crimini
1591 3625 1788 3678 dabant
1810 3623 1951 3693 qunti

360 3748 422 3786 se
454 3732 622 3785 Deum
649 3727 882 3784 fecisset.
926 3722 1061 3789 Quid
1095 3721 1198 3775 hoc
1221 3720 1284 3775 ad
1317 3716 1472 3773 rem?
1495 3716 1548 3771 Si
1576 3715 1717 3769 enim
1741 3712 1874 3767 falso
1897 3722 1953 3766 et

361 3825 559 3893 injuria
585 3863 599 3887 ,
628 3831 682 3875 et
711 3834 829 3874 cum
859 3833 985 3873 vere
1016 3830 1119 3869 non
1146 3822 1322 3877 esset,
1350 3812 1491 3879 juste
1518 3810 1615 3862 fuit
1639 3808 1841 3861 crimen
1871 3807 1950 3859 in-

362 3921 626 3968 tentatum
658 3929 671 3965 :
706 3912 751 3965 si
782 3919 959 3963 autem
996 3908 1141 3975 juste
1165 3946 1180 3969 ,
1230 3917 1353 3958 eum
1379 3901 1664 3964 adorasse,
1696 3912 1802 3951 non
1828 3912 1951 3951 cru-

360 4005 597 4059 cifixisse
619 4001 870 4071 oportuit.
918 3997 1206 4053 Videamus
1233 4008 1360 4062 ergo
1384 3987 1659 4059 numquid,
1689 3980 1810 4042 cum
1841 4003 1951 4042 non

359 4106 508 4151 esset
546 4109 673 4148 vere
718 4094 892 4156 Deus,
942 4090 1108 4144 Deum
1150 4086 1383 4156 seipsum
1434 4083 1668 4146 faceret,
1717 4081 1820 4135 hoc
1845 4091 1947 4147 est,

358 4189 670 4244 ostenderet
697 4196 750 4242 et
777 4187 1189 4239 demonstraret.
1246 4180 1524 4234 Undenam
1564 4191 1693 4247 ergo
1735 4178 1814 4230 vis
1846 4176 1949 4231 hoc

359 4278 724 4351 cognoscere?
743 4276 811 4332 ab
840 4276 904 4329 iis
927 4291 1044 4344 quae
1067 4283 1190 4327 tunc
1219 4270 1353 4325 facta
1375 4279 1518 4333 sunt,
1553 4283 1619 4322 an
1645 4267 1712 4321 ab
1740 4267 1805 4321 iis
1831 4282 1949 4335 quas

332 4382 345 4391 ’
362 4387 507 4427 nunc
531 4370 703 4425 fiunt?
731 4368 798 4422 ab
824 4367 888 4422 iis
914 4382 1032 4437 quae
1054 4366 1104 4418 in
1137 4374 1286 4433 partu
1315 4360 1448 4415 facta
1471 4358 1639 4413 sunt?
1661 4358 1793 4425 Quis
1824 4374 1944 4412 um-

360 4480 522 4535 quam
541 4474 694 4518 natus
706 4472 786 4516 est
800 4477 866 4515 ex
882 4456 1124 4528 virgine?
1143 4454 1429 4525 quistalem
1452 4438 1659 4505 stellam
1682 4449 1949 4502 ostendit?

360 4556 485 4627 quis
529 4564 706 4608 autem
766 4565 948 4619 magos
980 4558 1126 4602 tanto
1176 4544 1327 4599 duxit
1373 4542 1560 4595 itinere
1586 4582 1600 4605 ,
1650 4555 1754 4592 non
1782 4539 1830 4591 vi
1859 4548 1950 4591 aut

362 4647 704 4709 necessitate,
728 4641 820 4705 sed
843 4641 1093 4695 suasione
1117 4652 1179 4691 ac
1206 4635 1530 4689 revelatione
1552 4630 1829 4702 (Matthﬂ.
1858 4633 1948 4699 l)?

363 4740 526 4795 Vides
550 4737 849 4792 universam
871 4740 1165 4787 creaturam
1194 4718 1479 4782 Domitium
1502 4724 1948 4794 cognoscentem?

362 4832 540 4884 Prima
571 4826 712 4883 cedit
736 4836 941 4889 natura,
967 4837 1063 4876 nec
1088 4826 1265 4891 potest
1293 4831 1606 4885 repugnare,
1629 4829 1729 4868 nec
1745 4822 1949 4868 contra.

360 4924 542 4977 dicere
562 4963 577 4988 ,
607 4921 791 4974 dicens
822 4934 835 4970 :
868 4917 1083 4971 Partum
1115 4928 1222 4968 non
1249 4909 1474 4979 expedio
1508 4926 1520 4959 :
1548 4924 1667 4980 non-
1693 4907 1851 4961 didici
1882 4922 1946 4960 ex

364 5024 518 5066 utero
568 5010 786 5081 virginis
837 5006 1091 5062 infantem
1138 5003 1191 5056 in
1242 5002 1413 5055 lucem
1463 4998 1807 5068 producere:
1842 5012 1946 5051 non

363 5102 486 5158 novi
514 5110 739 5156 matrem
761 5098 935 5153 facere
965 5096 1165 5165 absque
1190 5091 1470 5162 conjugio;
1499 5091 1593 5143 scd
1621 5089 1730 5142 suis
1756 5105 1945 5143 exces—

360 5199 433 5252 sit
461 5195 717 5250 limitibus
748 5210 760 5245 :
789 5191 1068 5245 Dominum
1100 5188 1240 5241 enim
1271 5200 1425 5239 suum
1451 5193 1794 5252 cognoverat.
1828 5181 1944 5236 Jam

359 5296 540 5343 autem
580 5296 709 5339 nato
749 5280 919 5351 angeli
967 5278 1284 5342 adfuerunt,
1318 5290 1438 5328 eum
1471 5274 1560 5343 qui
1590 5282 1672 5327 est
1698 5274 1749 5351 in
1777 5273 1945 5337 cachs,

360 5394 479 5435 csse
503 5380 554 5432 iu
588 5386 727 5429 terra
755 5373 1111 5443 significantes
1155 5367 1304 5442 (Luc.
1336 5367 1390 5420 2.
1424 5366 1477 5420 9.
1502 5364 1661 5436 seqq.)
1701 5384 1713 5417 :
1752 5374 1807 5418 et
1844 5380 1946 5417 ca:-

360 5473 468 5524 lom
498 5479 639 5522 terra
666 5464 805 5519 facta
826 5471 926 5527 est,
943 5468 1127 5530 utpote
1149 5474 1270 5513 cum
1295 5472 1385 5512 rex
1413 5456 1499 5509 hic
1520 5466 1660 5510 esset
1693 5472 1704 5507 :
1734 5466 1787 5509 et
1808 5455 1945 5523 magi

355 5566 680 5623 adorarunt,
730 5558 816 5626 qui
860 5571 923 5610 ex
975 5563 1081 5608 tam
1124 5552 1342 5607 remotis
1384 5550 1517 5605 locis
1561 5556 1861 5603 venerant:
1895 5556 1949 5601 et

431 5703 447 5733 ι
480 5690 635 5754 Illud,
676 5685 727 5736 in
761 5684 1243 5754 novo__1'es_tamento
1278 5684 1391 5747 (ἐπὶ
1414 5691 1497 5742 τῆς
1521 5686 1746 5748 Καινῆς),
1784 5688 1959 5736 deerat

363 5764 416 5813 in
444 5745 630 5811 Morel.’
651 5762 665 5801 ;
690 5749 779 5797 sed
806 5748 853 5795 in
876 5745 984 5796 aliis
1017 5745 1215 5806 legitur.

1468 310 1832 365 EXPOSITIO
1874 310 1935 363 ΙΝ
1978 310 2297 365 I‘SMMUM
2340 309 2524 364 XLlX.

3483 288 3496 305 ’
3549 317 3654 370 ett.

2076 424 2249 479 infans
2292 425 2507 493 quidem
2539 426 2588 478 in
2621 424 2900 478 Palu-stitia
2938 428 3145 493 jacehat
3182 420 3244 481 ‘in
3275 432 3495 499 prmst-pi
3520 473 3532 492 ,
3580 433 3654 485 illi

2074 530 2201 569 vero
2230 531 2294 569 ex
2322 516 2545 570 barbara
2577 515 2792 583 regione
2820 525 3018 569 tantum
3054 518 3308 573 honorem
3339 531 3649 589 tantumque

2070 612 2273 664 cultum
2293 609 2624 673 offerebant,
2671 620 2923 678 quantum
2952 627 3161 682 a‘quum
3198 622 3312 666 erat
3340 614 3448 667 Deo
3476 615 3656 669 oll'crri

2071 704 2089 769 (
2101 702 2278 755 Matth.
2311 701 2366 755 2.
2401 702 2514 771 11).
2566 703 2634 755 At
2684 700 2798 756 hate
2823 702 3034 771 quidem
3062 702 3289 759 fortasse
3327 721 3431 761 nou
3458 707 3655 762 admito

2071 803 2211 855 tcnt,
2244 792 2338 847 sed
2366 793 2467 846 alia
2490 793 2638 861 signa
2662 804 2902 862 qua-rent
2927 795 2978 847 iu
3017 796 3265 862 praesenti
3290 799 3653 867 generatione.

2067 885 2170 939 Sed
2203 900 2269 939 ue
2296 884 2413 938 lucc
2450 885 2664 954 quidem
2702 884 2854 938 nobis
2898 884 3171 940 deﬁcient.
3220 886 3363 942 Talis
3391 889 3533 944 enim
3565 906 3654 945 res

2067 988 2150 1030 est
2188 976 2383 1031 veritas
2418 993 2431 1029 :
2462 975 2695 1030 abundat
2727 975 2885 1047 justis
2930 977 3223 1032 rationibus
3269 980 3458 1049 quibus
3503 996 3652 1037 suam

2065 1083 2280 1123 causam
2330 1076 2557 1122 tueatur.
2586 1067 2719 1125 Nam
2767 1067 2853 1123 hic
2895 1069 3128 1124 maxime
3152 1084 3221 1124 ne
3250 1072 3409 1125 ullam
3437 1073 3652 1143 quidem

2066 1168 2289 1229 possunt
2331 1158 2575 1213 umbram
2618 1157 2809 1213 afferre
2852 1159 3309 1214 contradictionis.
3356 1162 3466 1216 Etsi
3508 1165 3651 1218 enim

2065 1267 2170 1304 non
2202 1250 2651 1331 aderas,\quando
2683 1250 2999 1304 nascebatur
3018 1266 3082 1304 ex
3111 1250 3347 1322 Virgine,
3371 1256 3654 1322 Oportebat

2065 1350 2243 1395 tamen
2274 1340 2492 1395 credere
2518 1339 2793 1409 propheta:
2819 1338 3010 1394 dicenti
3042 1358 3056 1393 :
3085 1338 3221 1393 Ecce
3253 1343 3393 1413 virgo
3425 1344 3478 1396 in
3506 1353 3649 1398 utero

2062 1433 2349 1503 concipiet,
2395 1443 2444 1486 et
2481 1433 2643 1502 pariet
2686 1432 2852 1500 ﬁlium
2881 1449 2892 1484 :
2926 1442 2973 1485 et
3020 1433 3267 1487 vocabunt
3310 1451 3495 1489 nomen
3539 1437 3649 1507 ejus

2064 1523 2363 1578 Emmanuel
2385 1522 2536 1592 (Isai.
2566 1524 2618 1576 7.
2648 1523 2759 1592 14).
2791 1522 2846 1576 Si
2875 1538 2979 1577 non
3006 1524 3216 1592 aderas,
3249 1526 3461 1594 quando
3488 1542 3653 1582 carne

2062 1623 2235 1670 tectus
2270 1623 2470 1669 terram
2501 1614 2698 1677 obibat,
2735 1623 2789 1668 et
2817 1615 2971 1668 simul
3000 1630 3122 1669 eum
3145 1617 3315 1670 servis
3339 1618 3651 1673 versabatur

2064 1706 2353 1773 Dominus,
2398 1705 2513 1775 lege
2539 1705 2824 1759 Jeremiam
2850 1747 2864 1770 ,
2895 1714 2950 1759 et
2978 1705 3069 1760 ille
3095 1715 3267 1760 tecum
3299 1708 3545 1776 loquetur
3573 1710 3650 1761 sic

2059 1799 2242 1855 dicens
2278 1816 2290 1852 :
2328 1796 2426 1851 Hic
2469 1806 2542 1852 est
2586 1796 2725 1850 Deus
2776 1807 2943 1850 noster
2968 1812 2987 1850 :
3011 1813 3114 1851 non
3161 1798 3476 1867 reputabitur
3518 1800 3651 1852 alius

2060 1902 2240 1963 prater
2281 1892 2465 1960 ipsum.
2519 1890 2717 1945 Invenit
2755 1906 2951 1943 omnem
2975 1890 3107 1944 viam
3134 1893 3392 1959 scientiae,
3429 1904 3475 1947 et
3514 1895 3649 1949 dedit

2060 2001 2171 2039 eam
2197 1983 2358 2037 Jacob
2389 1998 2542 2054 puero
2568 1998 2659 2036 suo
2680 2023 2698 2048 ,
2728 1992 2773 2034 et
2802 1980 2986 2034 lsraeti
3010 1982 3192 2036 dilecto
3228 2000 3341 2037 suo.
3388 1982 3515 2038 Post
3538 1987 3647 2054 Ittrc

2058 2078 2111 2130 in
2140 2077 2283 2130 terris
2303 2052 2435 2130 visus
2455 2085 2546 2142 est,
2576 2083 2621 2129 et
2640 2090 2753 2127 cum
2781 2073 3064 2128 hominibus
3090 2085 3408 2129 conversatus
3426 2084 3499 2130 est
3521 2052 3651 2148 (Da-

2057 2168 2183 2222 ruch
2232 2168 2284 2222 5.
2314 2165 2533 2235 56-58).
3174 2158 3180 2165 ‘
3412 2172 3427 2197 ς

2073 2282 2087 2289 -
2128 2262 2183 2315 4.
2225 2258 2282 2314 In
2336 2259 2454 2313 aliis
2498 2274 2710 2329 quoque
2760 2258 3005 2313 omnibus
3054 2258 3259 2314 videbis
3305 2259 3630 2330 prophetas,

2057 2367 2285 2423 quorum
2310 2352 2474 2407 libros
2496 2351 2594 2406 hac
2623 2351 2691 2406 de
2714 2365 2873 2406 causa
2899 2351 2953 2405 in
2982 2349 3298 2405 hodiernum
3320 2366 3489 2422 usque
3505 2352 3646 2407 diem

2058 2450 2251 2503 frustra
2277 2463 2461 2503 versas
2488 2457 2541 2502 et
2566 2448 2756 2517 agitas,
2780 2448 2895 2501 haec
2921 2445 3098 2500 omnia
3124 2456 3307 2515 aperte
3334 2446 3644 2516 praedicare.

2055 2542 2159 2596 Sed
2189 2541 2453 2611 ejusmodi
2482 2541 2695 2611 quidem
2722 2539 3014 2594 certamina
3041 2553 3185 2608 saepe
3214 2538 3469 2594 adversus
3498 2555 3592 2593 eos
3617 2555 3645 2594 a

2060 2636 2213 2689 nobis
2239 2634 2460 2690 dicenda
2500 2642 2745 2703 suscepta
2774 2643 2899 2687 sunt
2925 2674 2939 2697 ,
2971 2643 3027 2688 et
3063 2647 3209 2702 saepe
3252 2633 3646 2702 suscipientnr:

2061 2741 2205 2780 nunc
2245 2733 2423 2780 autem
2462 2740 2581 2794 quae
2611 2732 2734 2779 sunt
2758 2733 3001 2794 suscepta
3031 2737 3435 2793 prosequamur.
3469 2722 3534 2777 Et
3557 2740 3650 2777 an-

2056 2815 2358 2871 nuntiabunt
2375 2813 2494 2866 σανιί
2500 2810 2774 2883 justitiam
2786 2813 2919 2883 ejus,
2937 2815 3184 2885 quoniam
3203 2812 3338 2867 Deus
3359 2814 3524 2884 jndex
3547 2825 3642 2868 est.

2056 2907 2155 2962 llic
2200 2906 2326 2967 mihi
2375 2905 2583 2960 videtur
2624 2903 2804 2959 dicere
2851 2903 3148 2973 justitiam,
3197 2904 3481 2958 maximam
3529 2903 3650 2972 ejus

2055 3012 2236 3052 curam
2265 3006 2319 3050 et
2341 3009 2603 3049 summam
2634 2994 2686 3047 in
2715 3008 2809 3047 eos
2836 2993 2980 3061 ipsos
3013 2992 3394 3062 benignitatem
3420 3035 3435 3060 ,
3467 2994 3648 3048 multi-

2055 3090 2268 3159 plicem,
2293 3086 2493 3141 variam
2520 3100 2584 3140 ac
2606 3084 2989 3139 multiformem
3019 3083 3074 3137 in
3100 3083 3343 3138 homines
3365 3083 3648 3153 providen-

2058 3184 2202 3245 tiam,
2228 3194 2324 3250 per
2347 3178 2699 3244 creationem,
2718 3191 2816 3247 per
2848 3175 3039 3245 legem,
3071 3190 3165 3244 per
3192 3175 3436 3243 gratiam,
3461 3189 3557 3244 per
3583 3190 3645 3228 ea

2054 3289 2173 3344 quae
2201 3273 2302 3327 sub
2327 3271 2497 3326 visum
2524 3267 2722 3324 cadunt
2744 3308 2760 3333 ,
2791 3275 2846 3320 et
2882 3280 2999 3336 quae
3025 3281 3131 3320 non
3153 3264 3378 3331 cadunt,
3409 3279 3504 3334 per
3527 3280 3648 3337 pro-

2055 3369 2264 3437 phetas,
2296 3380 2390 3435 per
2415 3363 2652 3433 angelos,
2678 3375 2775 3431 per
2798 3359 3088 3429 apostolos,
3115 3374 3211 3427 per
3236 3356 3492 3428 supplicia
3517 3397 3531 3420 ,
3556 3373 3649 3426 per

2055 3456 2332 3521 beneficia,
2356 3471 2450 3525 per
2474 3455 2662 3517 minas,
2698 3467 2792 3522 per
2820 3450 3105 3521 promissa,
3130 3465 3224 3520 per
3244 3449 3487 3507 ordinem
3518 3456 3648 3503 tetu-

2056 3549 2222 3620 poris.
2245 3548 2298 3601 7.
2323 3545 2477 3606 Audi.
2510 3543 2728 3615 populus
2763 3558 2923 3608 meus,
2948 3550 2995 3595 et
3023 3539 3202 3611 loquar
3230 3539 3337 3604 tibi,
3367 3538 3565 3608 Israel,
3602 3551 3648 3593 et

2055 3638 2356 3708 testiﬁcabor
2375 3638 2461 3691 tibi
2480 3636 2520 3689 ¹.
2546 3635 2679 3690 Vide
2706 3649 2892 3689 rursus
2914 3632 3290 3703 benignitatem
3321 3640 3375 3687 et
3399 3647 3647 3686 mansuc-

2058 3733 2291 3787 tudinem
2318 3746 2383 3785 ex
2412 3730 2528 3799 ipso
2564 3727 2842 3797 prooemio.
2875 3724 3106 3779 Perinde
3141 3723 3284 3777 enim
3314 3737 3377 3776 ac
3403 3724 3445 3776 si
3484 3721 3647 3775 homo

2055 3824 2317 3895 quiSpiam
2346 3821 2547 3875 homini
2575 3816 2912 3872 tumultuanti
2939 3825 2993 3870 et
3018 3815 3203 3869 turbas
3221 3814 3470 3869 excitanti
3496 3812 3644 3866 dice-

2055 3924 2173 3969 ret:
2196 3912 2251 3969 Si
2278 3912 2483 3977 audias,
2517 3910 2738 3979 loquar;
2766 3906 2823 3962 Si
2846 3906 3114 3968 attendas,
3147 3904 3318 3959 dicam
3345 3923 3358 3958 :
3383 3904 3454 3958 ita
3481 3904 3642 3957 etiam

2054 4006 2225 4061 servis
2255 4002 2511 4057 Dominus
2538 4018 2549 4053 :
2575 3999 2632 4055 Si
2663 4014 2749 4053 tne
2776 3997 3029 4061 audieris,
3048 3996 3240 4067 inquit,
3263 3994 3455 4049 dicam.
3478 3993 3644 4049 Erant

2055 4097 2199 4151 enim
2248 4094 2382 4166 pigri
2421 4107 2485 4147 ac
2531 4092 2888 4161 negligentes,
2918 4097 2973 4143 et
3010 4102 3076 4143 ne
3121 4087 3386 4142 tantillum
3424 4085 3640 4156 quidem

2057 4190 2228 4258 legum
2258 4174 2681 4259 lectioni'quiete
2716 4181 3019 4251 praebebant
3068 4193 3245 4234 aures.
3273 4178 3329 4234 Id
3360 4187 3537 4233 autem
3567 4178 3643 4232 si-

2054 4282 2310 4353 gnificans
2331 4277 2590 4347 quispiam
2614 4273 2894 4344 propheta,
2919 4273 3008 4343 qui
3032 4280 3160 4326 tunc
3185 4279 3301 4326 erat
3322 4270 3373 4324 in
3401 4268 3643 4335 Perside,

2053 4374 2262 4429 dicebat
2287 4390 2300 4426 :
2326 4370 2434 4424 Ero
2462 4371 2531 4424 eis
2572 4381 2826 4437 tamquam
2853 4382 2950 4420 vox
2976 4365 3203 4434 psalterii
3237 4363 3384 4416 dulce
3420 4360 3645 4415 canentis

2055 4466 2268 4537 (Ezeclt.
2312 4465 2400 4519 55.
2447 4458 2560 4532 52).
2592 4459 2746 4530 Saepe
2790 4458 2917 4512 item
2962 4455 3212 4509 dicebant
3258 4452 3534 4523 prOphetis
3576 4468 3644 4507 ne

2053 4559 2437 4630 prophetarent
2460 4555 2535 4623 (5.
2564 4552 2694 4621 Reg.
2724 4549 2810 4604 19.
2847 4548 2935 4617 10)
2962 4588 2977 4612 ,
3002 4548 3114 4601 imo
3140 4561 3236 4600 eos
3275 4543 3641 4614 repellebant,

2053 4662 2212 4719 atque
2253 4648 2287 4701 ii
2330 4644 2505 4716 urgeri
2546 4642 2863 4697 videbantur
2892 4636 3072 4710 (Zaclt.
3119 4636 3172 4690 7.
3207 4634 3320 4707 11).
3360 4633 3435 4689 Ita
3480 4633 3642 4689 etiam

2026 4742 2265 4797 videtur
2286 4754 2379 4792 rex
2414 4735 2603 4790 minari
2631 4742 2685 4789 et
2710 4730 3000 4803 praecipere
3031 4728 3188 4785 alicui
3230 4727 3502 4800 propheta:
3530 4770 3545 4793 ,
3574 4744 3643 4782 ne

2054 4831 2308 4904 populum
2337 4835 2598 4883 convocet
2629 4825 2804 4897 (Amos
2831 4824 2882 4877 7.
2916 4820 3030 4893 15).
3059 4820 3199 4875 Deus
3225 4819 3361 4873 Deus
3407 4829 3523 4873 tuus
3549 4836 3643 4889 ego

2053 4942 2165 4979 sum
2195 4922 2323 4994 (λετ.
2352 4920 2435 4976 52.
2465 4920 2541 4988 5).
2580 4919 2697 4973 Non
2740 4927 2940 4973 temere
2979 4916 3146 4985 posita
3200 4922 3285 4968 est
3332 4911 3445 4967 haec
3482 4927 3631 4980 repe-

2055 5017 2171 5070 titio
2202 5032 2215 5068 :
2246 5012 2341 5068 sed
2378 5011 2628 5082 quoniam
2672 5009 2737 5064 iis
2764 5007 3080 5077 loquebatur
3125 5006 3215 5075 qui
3258 5013 3413 5059 erant
3454 5002 3639 5065 surdi,

2053 5106 2248 5177 stupidi
2271 5113 2324 5160 et
2351 5103 2498 5158 nullo
2527 5116 2686 5156 sensu
2714 5098 2921 5170 pcaediti
2941 5141 2956 5164 ,
2978 5097 3212 5163 loquitur
3235 5094 3302 5149 de
3326 5095 3441 5161 ejus
3470 5091 3643 5146 domi-

2056 5199 2166 5265 nio,
2197 5211 2321 5252 mox
2365 5194 2556 5249 futurae
2598 5189 2921 5245 narrationis
2964 5188 3223 5256 optimum
3269 5183 3394 5237 hinc
3422 5198 3642 5236 sumens

2055 5290 2370 5354 exordium,
2400 5286 2690 5342 ostendens
2734 5297 2830 5337 eos
2871 5279 2944 5335 illi
2986 5279 3182 5333 debere
3222 5275 3558 5339 libertatem,
3589 5285 3644 5327 et

2054 5396 2261 5453 aequum
2296 5394 2415 5434 esse
2442 5387 2498 5432 ut
2528 5375 2604 5430 illi
2641 5373 2847 5429 solvant
2889 5370 3160 5434 debitum,
3192 5375 3459 5437 tamquam
3500 5367 3641 5419 servi

2057 5474 2282 5528 Domino
2306 5512 2320 5535 ,
2347 5478 2611 5537 tamquam
2639 5480 2800 5530 opera
2826 5461 3012 5530 Opifici
3038 5500 3053 5524 ,
3094 5466 3360 5526 tamquam
3395 5455 3644 5510 maximis

2054 5561 2326 5618 beneficiis
2371 5548 2439 5613 et‘
2468 5555 2758 5612 honoribus
2808 5553 3003 5607 affecti.
3034 5551 3087 5605 8.
3116 5548 3238 5603 Non
3283 5553 3337 5601 in
3377 5545 3642 5613 sacriﬁciis

2121 5679 2135 5707 ι
2172 5681 2296 5729 Haec,
2330 5667 2494 5724 Israel,
2519 5674 2563 5717 et
2581 5662 2868 5729 testiﬁcabor
2892 5662 2995 5723 tibi,
3012 5662 3218 5711 deerant
3239 5662 3286 5708 itt
3313 5659 3430 5707 Edit.
3454 5655 3639 5717 Μοῖρις

2058 5738 2145 5787 sed
2170 5737 2407 5785 habentur
2433 5733 2480 5779 in
2505 5738 2610 5778 Mss.
