4064 6432
513 276 616 330 247

513 389 613 442 tuis
637 402 850 458 arguam
871 396 916 438 te
939 400 957 440 :
980 385 1275 439 holocausta
1299 395 1467 439 autent
1499 396 1584 439 tua
1609 386 1661 440 in
1687 396 1957 455 conspectu
1987 403 2097 441 meo

512 489 628 534 sunt
647 491 862 546 semper.
893 477 965 532 Ita
991 477 1149 531 etiam
1185 493 1277 532 eos
1303 486 1556 532 accusant
1579 479 1758 532 caueri
1789 477 2093 547 prephette.

444 631 447 634 _
511 571 653 639 quod
693 572 905 642 potiore
932 570 1146 625 virtutis
1190 580 1340 641 parte
1363 580 1669 640 contempta
1693 611 1708 637 ,
1733 571 1918 626 salutis
1946 587 2095 639 spem

516 665 566 718 in
589 667 666 720 eis
687 671 1030 734 reponerent.
1065 663 1146 718 Ad
1177 678 1236 718 se
1263 665 1403 718 enim
1425 663 1788 719 defendendos
1813 663 1926 718 haec
1945 673 2098 718 erant

517 755 722 809 allaturi
747 773 761 808 :
783 753 1176 819 Sacrificamus,
1201 755 1504 810 holocausta
1535 754 1825 809 ofl'erimus.
1859 753 1962 809 Sed
1991 769 2094 807 non

517 847 738 912 accessi,
771 847 957 916 inquit,
988 846 1056 901 de
1084 846 1171 902 his
1196 847 1514 917 litigaturus,
1540 863 1638 902 nec
1665 847 1807 918 quod
1833 847 1945 902 hac
1970 861 2098 901 con-

515 946 709 1006 tempta
737 945 919 992 essent
945 951 1039 991 vos
1065 950 1427 992 accusaturus.
1453 939 1611 993 Isaias
1638 948 1813 994 autem
1834 953 1928 993 eos
1955 939 2097 992 inse-

513 1037 684 1081 ctatur
706 1029 1078 1084 vehementius
1107 1069 1120 1091 ,
1145 1029 1366 1084 dicens:
1395 1029 1532 1097 Quid
1572 1030 1697 1082 mihi
1727 1031 2098 1084 multitudinem

481 1119 882 1186 ‘sacriﬁciorum
932 1119 1252 1173 vestrorum?
1303 1120 1494 1174 Plenus
1545 1137 1677 1173 sum.
1730 1120 2098 1176 Holocaustum

514 1213 746 1278 arietum,
773 1221 822 1264 et
848 1211 1050 1279 adipem
1074 1229 1344 1281 agnorum,
1367 1222 1413 1265 et
1436 1213 1729 1282 sanguinem
1761 1224 2025 1266 taurorum
2051 1202 2096 1268 el

516 1306 771 1357 hircorum
811 1305 953 1358 nolo.
990 1305 1112 1369 Quis
1152 1306 1280 1358 enim
1324 1306 1579 1372 requisivit
1621 1306 1730 1359 haec
1771 1306 1833 1360 de
1869 1306 2098 1360 manibus

513 1397 692 1449 vestris
724 1394 872 1466 (Isai.
921 1397 968 1449 1.
1006 1398 1091 1450 11.
1125 1397 1251 1468 l2)?
1281 1399 1436 1466 Atqui
1481 1399 1742 1467 permulta
1791 1399 1929 1453 dicta
1972 1409 2099 1454 sunt

514 1486 582 1539 de
621 1486 1051 1541 sacrificiiszsed
1094 1503 1198 1541 non
1239 1487 1352 1542 lucc
1381 1489 1620 1543 decernit
1666 1499 1931 1560 tamquam
1983 1489 2098 1545 htee

519 1574 781 1644 praecipue
815 1575 972 1643 velit,
993 1577 1090 1632 sed
1122 1577 1185 1631 ad
1217 1577 1575 1634 infirmitatem
1607 1595 1791 1633 eorum
1820 1595 1878 1634 se
1913 1579 2098 1634 demit-

514 1666 599 1723 tit.
623 1665 878 1722 Jeremias
904 1683 1112 1739 quoque
1139 1670 1298 1724 dicit:
1318 1669 1420 1725 Cur
1448 1671 1571 1724 mihi
1592 1676 1694 1743 fers
1718 1673 1832 1727 thus
1851 1689 1914 1726 ex
1934 1672 2092 1739 Saba,

514 1768 561 1811 et
613 1752 949 1814 cinamomum
993 1779 1056 1815 ea:
1099 1771 1232 1816 terra
1276 1762 1549 1834 longinqua
1605 1763 1817 1836 (Jerem.
1866 1767 1920 1821 6.
1966 1766 2096 1840 20)?

514 1849 713 1906 Omnes
770 1853 1037 1924 denique,
1090 1863 1148 1908 ut
1199 1857 1364 1910 semel
1416 1857 1625 1922 dicam,
1670 1858 1946 1928 propheta:
1996 1860 2097 1916 hoc

515 1945 645 1998 nihil
674 1947 850 2016 magni
888 1961 1006 2001 esse
1035 1947 1235 2002 dicunt.
1263 1949 1523 2016 Quocirca
1553 1950 1668 2020 ipse
1706 1967 1918 2022 quoque
1961 1953 2096 2007 inci-

513 2038 663 2105 piens
692 2038 768 2092 sic
797 2038 921 2092 dicit
946 2055 960 2092 :
983 2038 1119 2093 Deus
1141 2039 1278 2094 Deus
1305 2051 1422 2094 tuus
1442 2058 1532 2112 ego
1559 2059 1671 2096 sum
1692 2059 1710 2096 .'
1732 2058 1794 2096 ex
1819 2057 1884 2097 eo
1911 2053 2095 2098 osten-

511 2127 644 2181 dens
673 2128 788 2196 ipso
815 2139 936 2184 eSSe
961 2129 1227 2199 indignam
1253 2131 1390 2186 hanc
1417 2132 1625 2188 colendi
1652 2135 1932 2189 rationem.

581 2218 721 2273 Deus
746 2230 800 2273 ut
827 2222 890 2274 sit
914 2222 1184 2286 colendus;
1208 2226 1458 2294 sacriﬁcia
1483 2243 1577 2280 cur
1601 2227 1801 2282 ludatis
1830 2229 2092 2298 permissa.

516 2341 584 2351 -—
603 2311 767 2366 Deum
785 2313 925 2368 enim
949 2329 1054 2368 non
1081 2315 1246 2382 fumo,
1274 2333 1372 2371 nec
1392 2319 1596 2385 nidore,
1611 2321 1702 2374 sed
1725 2337 1818 2390 per
1837 2321 2093 2392 optimum

511 2403 634 2458 vita:
657 2405 976 2470 institutum,
1002 2423 1108 2460 non
1137 2423 1472 2478 corporeum,
1501 2412 1594 2466 sed
1627 2413 1678 2466 in
1706 2424 1884 2468 mente
1907 2415 2092 2482 silum,

513 2495 692 2550 colere
717 2506 770 2552 et
801 2497 1066 2554 honorare
1091 2509 1321 2570 oportet.
1352 2501 1456 2556 Sed
1497 2519 1600 2558 non
1639 2505 1717 2560 sic
1745 2514 2094 2561 externorum

513 2593 785 2648 daamones
808 2636 824 2662 ,
848 2595 955 2649 imo
983 2596 1143 2650 etiam
1172 2597 1288 2651 haec
1324 2600 1607 2667 requirunt
1631 2641 1646 2666 ,
1678 2609 1732 2656 et
1758 2601 1860 2656 hoc
1888 2602 2096 2657 videtur

509 2685 797 2742 ostendere
824 2688 1038 2758 quidam
1065 2698 1222 2759 poeta
1242 2691 1378 2760 apud
1407 2689 1644 2760 Graecos,

695 2813 747 2876 ἶίῖδ
779 2813 846 2864 γάρ
876 2813 1031 2874 rw
1067 2815 1319 2876 t‘mﬁr‘k-

697 2869 794 2912 Hoc
817 2869 947 2912 enim
969 2878 1058 2914 nos
1079 2869 1234 2913 sortiti
1261 2877 1427 2914 sumus
1450 2880 1642 2916 munus.

1130 2925 1308 2988 (Iliad.
1336 2945 1382 2992 Α.
1398 2940 1440 2975 υ.
1466 2929 1556 2989 49,
1574 2946 1621 2980 n.
1643 2943 1687 2980 v.
1712 2931 1819 2994 7o.)

511 3029 654 3082 Deus
687 3038 862 3084 autem
889 3037 1072 3085 noster
1099 3047 1202 3085 non
1231 3032 1308 3086 sic
1334 3051 1347 3087 :
1374 3033 1448 3087 ilii
1475 3033 1617 3088 enim
1645 3034 1932 3091 humanum
1964 3053 2092 3093 san-

509 3120 723 3187 guinem
753 3121 1014 3188 sitientes,
1043 3130 1097 3176 et
1122 3137 1214 3176 eos
1241 3122 1305 3177 ad
1337 3125 1430 3179 has
1451 3125 1624 3180 credes
1653 3126 1890 3183 volentes
1914 3130 2096 3198 paula-

513 3211 606 3263 tim
627 3209 900 3280 pellicere,
934 3211 1049 3266 htec
1072 3213 1322 3281 petebant
1356 3215 1566 3270 assidue
1591 3233 1603 3269 :
1629 3217 1741 3286 ipse
1769 3227 1944 3273 autem
1971 3236 2090 3276 cum

512 3301 787 3356 velleteos
815 3302 1064 3369 paulatim
1091 3317 1120 3356 a
1151 3305 1469 3359 mactatione
1498 3304 1773 3382 brutorum
1801 3309 2090 3377 abducere,

514 3393 613 3446 hac
657 3391 978 3461 indulgentia
1020 3407 1144 3446 usus
1186 3403 1308 3458 est,
1340 3403 1392 3448 et
1431 3396 1670 3464 permisit
1710 3400 1968 3455 sacrificia
1993 3444 2007 3468 ,
2039 3413 2095 3457 ut

511 3480 768 3535 sacrificia
810 3481 1040 3535 tolleret.
1069 3481 1120 3536 9.
1151 3481 1272 3535 Non
1301 3486 1547 3554 accipiam
1573 3487 1634 3541 de
1663 3488 1813 3543 domo
1849 3500 1936 3544 tua
1966 3495 2094 3545 vitu-

510 3571 588 3622 los
613 3611 626 3634 ,
653 3586 810 3640 neque
851 3570 914 3622 de
949 3571 1180 3641 gregibus
1215 3573 1315 3625 tuis
1346 3572 1530 3628 hircos.
1564 3577 1651 3632 10.
1689 3578 1942 3645 Quoniam
1972 3599 2095 3636 mete

508 3671 623 3714 sunt
642 3678 807 3716 omnes
833 3662 955 3730 fera:
973 3663 1246 3732 sylvarum,
1269 3665 1502 3734 jumenta
1522 3668 1573 3720 in
1591 3670 1838 3725 montibus
1858 3682 1904 3725 et
1924 3673 2088 3728 bores.

509 3754 596 3808 11.
639 3751 858 3824 Cognovi
885 3756 1055 3807 omnia
1082 3755 1307 3809 volatilia
1341 3758 1451 3811 εωιὶ
1481 3801 1495 3824 ,
1525 3768 1570 3813 et
1621 3762 1942 3831 pulchritudo
1982 3768 2094 3837 agri

507 3862 703 3924 mecum
720 3855 810 3899 est.
840 3846 969 3901 Vide
994 3849 1263 3917 quomodo
1287 3851 1538 3918 paulatim
1568 3855 1726 3924 erigit
1749 3872 1934 3913 eorum
1973 3863 2090 3914 ani-

511 3953 677 4003 mum,
700 3923 797 4007 qui
831 3937 881 3990 in
924 3947 1092 3993 terras
1118 3939 1280 3995 defixi
1318 3953 1472 3998 erant
1496 3984 1509 4006 ,
1532 3957 1856 4003 exotecatam
1904 3966 2089 4007 eorum

512 4035 747 4080 mentem
781 4027 1045 4095 aperiens,
1074 4039 1127 4082 et
1153 4031 1445 4086 ostendens
1473 4047 1532 4088 se
1563 4034 1676 4089 haec
1699 4036 1948 4106 jussisse,
1984 4057 2087 4098 non

510 4117 651 4188 quod
675 4119 754 4172 eis
787 4129 995 4185 egeret,
1024 4135 1122 4174 nec
1149 4121 1264 4191 lege
1292 4125 1533 4180 sanxisse
1558 4128 1698 4195 quod
1727 4145 1787 4184 ea
1817 4134 2086 4201 probaret.

509 4208 564 4264 Si
595 4209 761 4275 enim,
789 4209 977 4278 inquit,
1005 4211 1075 4264 ita
1107 4213 1209 4266 coli
1239 4213 1427 4268 vellem
1447 4257 1462 4280 ,
1489 4231 1609 4270 cum
1637 4235 1848 4275 omnem
1893 4236 2086 4282 terram

508 4316 627 4370 quae
657 4301 756 4354 sub
777 4300 890 4355 sole
915 4311 998 4356 est
1019 4302 1306 4367 obtineam,
1337 4315 1389 4359 et
1413 4308 1590 4362 omnia
1623 4315 1939 4378 creaverim,
1965 4333 2091 4386 pro-

507 4408 748 4446 curarem
782 4402 840 4446 ut
885 4393 1014 4448 mihi
1063 4394 1204 4449 lauta
1244 4398 1542 4467 etiopipﬂt‘a
1591 4401 1778 4458 ﬁerent
1805 4409 2087 4464 SﬂCPiﬁCia-

511 4485 711 4540 Deinde
736 4500 829 4539 eos
853 4487 1012 4541 etiam
1043 4488 1270 4545 irridens
1299 4505 1361 4544 ac
1386 4493 1806 4562 reprehendens,
1839 4510 1896 4555 ut
1923 4505 2090 4574 magis

426 4608 430 4610 -
508 4589 702 4647 pungat
725 4581 1011 4648 accusatio,
1037 4579 1306 4650 subiunxit
1325 4600 1338 4636 :
1357 4583 1444 4641 l2.
1467 4585 1531 4639 Si
1553 4590 1790 4660 esuriem,
1805 4609 1904 4647 non
1924 4596 2090 4650 dicant

508 4669 634 4721 tibi:
658 4686 798 4722 meus
831 4681 902 4724 est
939 4673 1074 4724 enim
1099 4675 1231 4729 orbis
1271 4686 1415 4731 terra
1440 4687 1486 4732 et
1513 4681 1770 4749 plenitudo
1786 4688 1922 4755 .ejus.
1956 4689 2090 4757 Quin

507 4757 648 4811 enim
685 4759 798 4829 ipse
836 4775 896 4814 ea
926 4765 1224 4829 concessit,
1256 4773 1312 4818 ut
1338 4783 1428 4821 eos
1453 4772 1702 4836 paulatim
1731 4776 1798 4830 ab
1823 4779 1898 4832 eis
1923 4780 2090 4836 abdu-

505 4860 684 4916 ceret;
713 4850 810 4919 ipsi
838 4861 1013 4908 autem
1053 4854 1102 4907 in
1130 4871 1188 4909 re
1222 4857 1354 4913 adeo
1387 4861 1473 4914 vili
1520 4871 1572 4917 et
1595 4865 1798 4934 abjecta
1847 4875 2090 4938 perstite-

507 4950 648 5006 runt,
678 4956 797 4995 eum
827 4957 889 4997 ex
918 4958 979 4998 ea
1011 4944 1330 5014 indulgentia
1357 4951 1554 5005 nullum
1583 4969 1829 5024 magnum
1861 4959 2088 5019 fructum

507 5033 771 5102 cepissent
796 5053 807 5087 :
835 5045 1112 5105 propterea
1143 5041 1373 5096 crassius
1397 5052 1451 5096 et
1481 5043 1763 5105 humanius
1793 5051 2086 5125 disserens,

508 5125 673 5180 dicit:
699 5125 760 5182 Si
797 5128 1014 5182 esui-iero
1038 5171 1052 5194 ,
1083 5147 1182 5184 non
1227 5131 1315 5184 tibi
1362 5133 1549 5188 dicam.
1595 5137 1706 5193 Hoc
1746 5153 1862 5208 est,
1906 5144 2088 5216 Neque

509 5220 711 5284 esurio;
743 5219 880 5274 Deus
905 5221 1048 5275 enim
1082 5237 1187 5275 non
1216 5224 1411 5278 esuriet
1431 5267 1445 5290 ,
1480 5242 1651 5298 nequc
1680 5229 2083 5304 defatigabitur;

509 5325 609 5365 nec
634 5312 675 5364 si
710 5312 789 5366 his
816 5315 1005 5370 vellem
1034 5316 1160 5378 coli,
1191 5317 1439 5374 deessent
1465 5323 1591 5376 mihi
1622 5325 1894 5383 innumera
1922 5334 2087 5386 sacri-

509 5400 622 5452 ficia
650 5411 703 5454 et
720 5402 1040 5462 holocausta.
1065 5407 1250 5463 Omnia
1272 5411 1410 5465 enim
1435 5414 1561 5467 mihi
1587 5414 1781 5472 affatim
1803 5428 1857 5474 et
1879 5421 2088 5478 abunde

509 5501 814 5562 suppetunt,
844 5506 897 5550 et
922 5495 1041 5552 cum
1082 5502 1180 5554 Sim
1208 5506 1321 5571 ipse
1350 5505 1603 5561 Dominus
1627 5549 1641 5573 ,
1671 5523 1783 5565 mea
1813 5513 1933 5565 volo
1962 5531 1988 5565 a
2038 5524 2089 5569 te

509 5579 770 5647 accipere,
802 5595 856 5638 ut
887 5586 986 5642 hac
1010 5591 1089 5643 via
1113 5601 1166 5645 et
1190 5595 1393 5651 ratione
1425 5605 1476 5651 te
1506 5598 1571 5653 ad
1598 5616 1770 5655 meam
1801 5604 2087 5661 amicitiam

511 5669 791 5738 attraham,
817 5687 868 5730 et
895 5693 920 5729 a
950 5694 1122 5734 rerum
1147 5685 1378 5740 inanium
1405 5693 1786 5751 consuetudine
1805 5696 2083 5753 abducam.

1333 270 1387 326 S.
1415 268 1694 327 JOANNIS
1722 269 2198 327 CllRYSOSTOMI
2241 270 2556 328 ARCHIEP.
2597 274 3140 336 CONSTANTINOP.
3667 288 3761 342 218

2276 390 2330 442 5.
2361 388 2508 453 Quod
2530 390 2592 443 sit
2613 390 2716 445 Deo
2739 404 2936 462 gratum
2956 397 3279 463 sacriﬁcium.
3296 426 3364 436 —
3382 396 3575 452 Deinde
3601 416 3766 457 rursus

2204 481 2412 549 erigens
2433 481 2497 534 ad
2521 483 2572 537 id
2592 485 2731 554 quod
2751 496 2832 540 est
2857 487 3153 552 sublimius,
3178 489 3479 557 subjunxit:
3507 493 3588 545 l3.
3615 492 3763 547 Num-

2202 574 2322 642 quid
2342 575 2653 628 manducabo
2681 595 2858 632 carnes
2884 589 3162 642 taurorum.
3191 592 3278 634 aut
3307 586 3596 652 sanguinem
3620 589 3767 640 hirco-

2202 683 2315 718 rum
2367 667 2592 733 potabo?
2647 669 2808 737 liceo,
2861 672 3063 740 inquit,
3114 690 3182 728 ne
3229 673 3531 731 hominibus
3571 680 3765 748 quidem

2198 756 2332 826 jussi
2359 757 2552 824 facere,
2577 759 2670 814 sed
2697 763 2854 815 etiam
2881 763 3168 818 maximum
3196 767 3444 820 constitui
3471 771 3765 836 supplicium

2203 848 2267 901 iis
2292 849 2381 916 qui
2409 860 2694 905 vescuntur
2717 853 2973 922 sanguine
2998 853 3178 922 (Leuit.
3202 855 3252 909 7.
3283 856 3369 910 16.
3391 857 3480 912 26.
3504 859 3616 927 27).
3642 859 3769 926 Quo-

2201 940 2361 994 modo
2398 955 2526 1011 ergo
2573 941 2861 1012 indigerem
2903 946 3194 1014 sanguine,
3227 947 3316 1016 qui
3356 963 3542 1003 servos
3583 965 3720 1003 mens
3745 967 3766 1001 a

2202 1029 2437 1086 tali'esca
2463 1032 2710 1088 abduco?
2735 1033 2869 1088 Cum
2900 1033 3014 1090 ιιωο
3038 1051 3165 1106 ergo
3200 1037 3378 1092 omnia
3405 1040 3695 1108 repulisset.
3724 1051 3771 1093 et

2202 1137 2260 1178 se
2289 1139 2407 1178 esse
2438 1124 2650 1193 indigna
2671 1125 3013 1192 ostendisset,
3045 1129 3543 1200 accusationemqne
3564 1134 3769 1199 permul-

2203 1216 2271 1270 tis
2297 1216 2569 1270 deridendi
2597 1232 2756 1272 causa
2780 1218 2935 1274 dictis
2961 1222 3305 1290 respersisset
3328 1261 3343 1287 ,
3369 1238 3476 1277 non
3517 1223 3601 1278 hic
3627 1225 3767 1278 finem

2203 1308 2449 1376 loquendi
2495 1307 2615 1363 fecit
2641 1351 2654 1373 ,
2677 1311 2770 1364 sed
2797 1312 3032 1367 ostendit
3063 1314 3224 1368 alium
3253 1316 3498 1370 sacrificii
3530 1317 3731 1371 modum
3755 1361 3766 1382 ,

2203 1398 2413 1454 functus
2442 1400 2540 1455 hac
2565 1400 2616 1454 in
2642 1417 2699 1456 re
2721 1402 2904 1470 optimi
2931 1403 3125 1459 medici
3157 1405 3352 1469 ofﬁcio,
3384 1415 3442 1461 ut
3470 1409 3724 1463 ahducens
3743 1425 3768 1460 τι

2201 1492 2359 1545 rebus
2404 1492 2712 1557 inutilibus,
2745 1509 2807 1548 ea
2847 1509 2965 1564 quae
3005 1496 3195 1565 juvare
3241 1500 3448 1568 possint
3485 1488 3768 1554 vulneribus

2201 1584 2448 1652 applicet.
2509 1584 2791 1654 Postquam
2836 1586 2980 1641 enim
3033 1586 3148 1642 haec
3197 1590 3464 1658 perfecit,
3495 1592 3659 1646 dicit:
3692 1594 3765 1644 ll.

2200 1674 2421 1730 Immola
2450 1676 2575 1731 Deo.
2607 1678 2670 1732 Et
2689 1679 2955 1748 quomodo
2983 1679 3320 1735 sacrificabo?
3346 1683 3536 1751 inquit.
3575 1684 3770 1750 Absque

2200 1769 2473 1837 Sanguine.
2500 1769 2610 1824 Hoc
2633 1771 2773 1825 enim
2799 1771 3115 1826 sacrificium
3139 1773 3248 1828 Deo
3269 1775 3500 1829 maxime
3520 1778 3764 1831 convenit.

2203 1861 2266 1914 Et
2295 1861 2415 1916 ideo
2446 1877 2565 1915 cum
2591 1861 2847 1927 dixisset,
2871 1863 3094 1917 Immola
3123 1865 3250 1933 Deo,
3283 1867 3578 1936 subjnnxit,
3608 1868 3771 1924 Sacri-

2201 1951 2374 2020 ﬁcium
2406 1952 2573 2006 laudis
2597 1967 2616 2006 :
2638 1952 2738 2006 hoc
2765 1963 2877 2019 est,
2900 1954 3194 2024 gratiarum
3233 1958 3459 2012 actionis
3479 2000 3493 2021 ,
3514 1973 3767 2013 sacrorum

2202 2041 2555 2112 hymnorum,
2582 2043 2762 2112 gloria:
2793 2059 2888 2114 per
2932 2045 3070 2100 bona
3109 2061 3272 2112 opera
3312 2047 3427 2102 Deo
3473 2048 3766 2102 tribuendar.

2200 2131 2351 2199 Quod
2395 2143 2570 2187 autem
2612 2133 2740 2187 dicit
2763 2177 2776 2198 ,
2805 2142 2888 2191 est
2912 2134 3172 2204 ejusmodi
3197 2153 3212 2188 :
3237 2137 3310 2191 Ita
3343 2139 3490 2193 vivas
3514 2146 3570 2193 ut
3601 2139 3765 2192 Domi-

2199 2239 2300 2278 nus
2348 2233 2469 2278 tuus
2507 2225 2854 2293 glorificetur.
2886 2225 3041 2294 Quod
3083 2227 3243 2283 etiam
3287 2228 3536 2284 Christus
3571 2229 3768 2288 docuit.

2199 2315 2383 2370 dicens
2412 2331 2425 2368 :
2455 2313 2642 2368 Luceat
2669 2315 2758 2369 lum
2779 2325 2943 2370 vestra
2971 2333 3143 2372 coram
3168 2318 3455 2374 hominibus
3476 2361 3491 2387 ,
3513 2330 3565 2374 ut
3586 2321 3765 2374 videant

2199 2405 2329 2459 bona
2355 2415 2518 2460 vestra
2543 2422 2696 2476 opera
2715 2449 2729 2472 ,
2757 2417 2803 2460 et
2826 2407 3110 2478 gloriﬁcent
3133 2407 3341 2464 Patrem
3369 2421 3583 2464 vestrum
3621 2411 3699 2481 qui
3723 2411 3766 2462 in

2199 2498 2338 2552 cwlis
2377 2497 2487 2569 est(
2515 2498 2697 2550 Matth.
2729 2499 2782 2553 5.
2812 2497 2942 2571 16).
2975 2498 3117 2554 Laus
3162 2501 3304 2556 enim
3353 2501 3485 2556 nihil
3523 2501 3657 2556 aliud
3697 2510 3768 2556 est

2197 2605 2356 2660 quam
2385 2589 2615 2644 laudatio
2638 2631 2652 2654 ,
2679 2590 2844 2660 gloria
2868 2599 2924 2646 et
2951 2591 3256 2646 celebratio.
3288 2593 3372 2647 Sit
3401 2608 3526 2665 ergo
3554 2593 3654 2647 vita
3691 2602 3765 2646 tua

2196 2681 2478 2751 ejusmodi,
2505 2690 2562 2735 ut
2589 2691 2710 2736 tuus
2741 2683 2982 2738 laudetur
3006 2699 3068 2738 ac
3093 2684 3398 2740 celebretur
3430 2687 3688 2746 Dominus,
3716 2695 3764 2739 et

2199 2772 2493 2842 perfectum
2520 2774 2756 2829 obtulisti
2786 2777 3127 2831 sacrificium.
3158 2778 3268 2831 Hoc
3294 2780 3611 2833 sacrificium
3641 2779 3764 2832 Pau-

2199 2866 2282 2920 lus
2317 2881 2526 2936 quoque
2561 2867 2803 2937 requirit,
2834 2868 3015 2923 dicens
3044 2891 3057 2924 :
3096 2870 3336 2925 Exhibete
3379 2875 3596 2927 membra
3624 2881 3766 2926 vestra

2199 2958 2412 3012 hostiam
2439 2961 2709 3026 viventem,
2731 2970 2958 3014 sanctam
2978 3003 2992 3027 ,
3025 2961 3134 3016 Deo
3177 2963 3459 3032 placentem
3486 2965 3650 3038 (Rom.
3687 2965 3760 3019 l2.

2199 3051 2272 3121 l).
2304 3052 2369 3106 Et
2398 3067 2581 3106 rursus
2609 3051 2696 3107 hic
2721 3053 2833 3121 ipse
2861 3053 3116 3122 propheta
3147 3056 3270 3110 alibi
3300 3074 3312 3107 :
3338 3055 3580 3111 Laudabo
3605 3073 3762 3110 nomen

2197 3143 2294 3196 Dei
2331 3145 2429 3196 mei
2467 3161 2579 3196 cum
2609 3145 2837 3208 cantico,
2866 3147 3200 3216 magniﬁcabo
3240 3149 3411 3218 ipsum
3451 3151 3502 3203 in
3531 3149 3766 3203 laude:et

2198 3234 2411 3304 placebit
2430 3233 2538 3290 Deo
2566 3235 2680 3306 plus
2703 3253 2850 3306 quam
2878 3238 3062 3292 vitulus
3077 3240 3278 3308 juvenis
3299 3258 3492 3296 cornua
3511 3243 3766 3313 producam

2197 3337 2245 3379 et
2283 3327 2691 3398 ungulasU’sal.
2737 3329 2826 3384 68.
2867 3331 2955 3385 3i.
2988 3331 3056 3386 32
3079 3332 3122 3402 ).
3154 3331 3230 3388 lia
3268 3335 3434 3389 etiam
3477 3335 3766 3391 sacrificavit

2196 3417 2297 3472 Job
2325 3426 2444 3486 post
2469 3419 2647 3488 plagas
2672 3420 2787 3473 illas
2814 3436 2928 3491 qua:
2949 3430 3191 3476 naturam
3222 3427 3565 3493 superabant,
3589 3426 3764 3496 gratias

2195 3523 2378 3576 agens.
2407 3519 2461 3563 et
2491 3511 2604 3563 haec
2622 3509 2784 3564 verba
2810 3512 3061 3581 loquens:
3086 3512 3335 3570 Dominus
3360 3519 3520 3584 dedit,
3544 3517 3764 3572 Dominus

2196 3599 2394 3653 abstulit
2413 3601 2574 3654 :sicut
2602 3600 2821 3655 Domino
2850 3603 3059 3672 placuit,
3083 3606 3155 3658 ita
3175 3609 3366 3676 factum
3393 3620 3464 3662 est
3485 3626 3503 3663 :
3523 3611 3583 3664 sit
3602 3624 3762 3662 nomen

2198 3691 2404 3745 Domini
2439 3692 2747 3746 benedictum
2783 3695 2836 3747 in
2863 3696 3070 3749 swcufa.
3100 3696 3167 3749 Et
3195 3698 3348 3752 redde
3379 3701 3629 3755 Altissimo
3665 3708 3762 3752 vota

2197 3793 2283 3837 tua
2331 3783 2449 3852 (Job
2478 3785 2528 3838 1.
2555 3784 2669 3853 2i).
2703 3784 2801 3839 Hic
2839 3785 2967 3841 dicit
2993 3788 3410 3857 supplicationes
3435 3834 3448 3855 ,
3479 3792 3691 3845 suadens
3714 3797 3763 3841 ut

2197 3875 2536 3930 in‘oratione
2588 3875 2799 3931 assidue
2837 3891 3240 3945 perseveremus
3264 3922 3280 3947 ,
3311 3892 3364 3935 et
3407 3899 3524 3952 quin
3562 3880 3758 3954 professi

2197 3965 2451 4020 fuerimus
2497 3981 2617 4020 cum
2666 3967 2940 4022 celeritate
2979 3969 3282 4025 reddamus.
3327 3971 3556 4027 Pulchre
3605 3983 3759 4024 autem

2196 4057 2370 4123 dixit,
2403 4056 2598 4110 Redde.
2631 4058 2757 4113 Post
2785 4060 3193 4127 promissionem
3235 4065 3378 4118 enim
3433 4082 3516 4120 res
3554 4064 3762 4119 efficitur

2195 4149 2451 4204 debitum.
2483 4149 2572 4204 Sic
2602 4152 2753 4204 Anna
2780 4151 2998 4206 tradidit
3031 4153 3194 4208 filium
3215 4196 3229 4219 ,
3260 4165 3320 4209 ut
3348 4157 3581 4212 debitum
3606 4154 3756 4210 maxi-

2196 4255 2339 4294 mum
2369 4241 2444 4311 (1.
2475 4238 2600 4311 Reg.
2633 4241 2682 4294 1.
2714 4240 2826 4310 28).
2855 4242 2930 4296 Tu
2957 4259 3082 4313 ergo
3111 4245 3224 4299 sive
3254 4249 3528 4314 promittas
3552 4248 3759 4301 eleemo-

2194 4345 2381 4400 synam
2406 4372 2420 4394 ,
2453 4331 2565 4385 sive
2594 4331 2754 4385 vitam
2785 4333 3028 4402 pudicam
3051 4375 3067 4400 ,
3093 4335 3206 4389 sive
3247 4337 3444 4408 aliquid
3475 4338 3611 4393 aliud
3636 4335 3756 4398 tale,

2194 4421 2258 4475 ad
2290 4422 2339 4475 id
2365 4423 2746 4478 exsolvendum
2776 4424 2986 4479 festina.
3017 4427 3072 4480 Si
3099 4428 3217 4497 quis
3243 4440 3424 4486 autem
3453 4439 3631 4486 exacte
3651 4443 3756 4499 per-

2196 4512 2470 4583 penderit,
2502 4514 2600 4568 etsi
2646 4515 2863 4570 minime
2907 4518 3273 4586 promittatur,
3301 4523 3471 4577 virtus
3513 4533 3676 4577 tamen
3713 4517 3754 4573 ei

2192 4605 2437 4661 debetur.
2465 4606 2519 4660 ld
2545 4615 2720 4661 autem
2750 4607 2992 4664 Chris'tus
3019 4611 3346 4682 significans,
3381 4615 3625 4671 dicebat:
3649 4613 3760 4677 Qua:

2194 4698 2325 4750 enim
2373 4697 2636 4752 debuimus
2684 4703 2852 4770 facere
2873 4741 2889 4765 ,
2917 4702 3128 4768 fecimus
3171 4703 3320 4772 (Luc.
3352 4707 3441 4762 17.
3476 4707 3585 4776 10).
3616 4699 3758 4772 Atqui

2192 4787 2332 4843 dixit
2360 4789 2661 4858 parabolam
2688 4791 2848 4853 servi,
2880 4793 2964 4846 cui
2991 4802 3107 4848 erat
3135 4796 3412 4852 minimum
3441 4799 3755 4868 imperatum,

2193 4895 2386 4949 nempe
2414 4890 2472 4934 ut
2501 4896 2603 4935 non
2635 4885 3004 4951 occumberet,
3037 4887 3130 4941 sed
3159 4890 3410 4945 transiret
3437 4900 3491 4946 et
3515 4891 3761 4945 ministra-
3835 4877 3845 4894 κ

2191 4981 2292 5028 ret.
2326 4972 2546 5037 Quidam
2570 4983 2744 5029 autem
2767 4991 2977 5047 quoque
3001 4978 3167 5034 dicit:
3194 4979 3277 5036 Ne
3305 4985 3576 5039 tardaverit:
3599 4981 3760 5035 redde-

2192 5081 2247 5118 re
2270 5073 2436 5118 votum
2463 5075 2602 5118 tuum
2627 5066 2816 5137 (Eccli.
2847 5070 2900 5124 5.
2930 5069 3007 5141 5).
3038 5071 3314 5129 Pollicitus
3338 5075 3433 5130 es?
3465 5073 3638 5129 Redde
3661 5113 3674 5135 ,
3699 5082 3759 5122 ne

2194 5154 2330 5208 forte
2359 5170 2503 5209 mors
2529 5165 2578 5210 te
2606 5149 2836 5224 invadat,
2863 5169 2915 5213 et
2947 5161 2995 5214 id
3022 5163 3307 5219 rescindat.
3334 5147 3401 5219 [sit
3419 5165 3541 5236 quid
3561 5164 3624 5219 ad
3651 5156 3758 5215 me?
3788 5239 3804 5246 ,

2193 5245 2402 5314 inquit:
2433 5246 2538 5300 vita
2568 5249 2708 5302 enim
2741 5263 2846 5303 non
2879 5260 2995 5306 erat
3031 5252 3083 5306 in
3115 5269 3230 5309 mea
3255 5265 3532 5325 potestate.
3566 5255 3630 5310 Et
3651 5251 3758 5308 ideo

2193 5335 2410 5391 differre
2433 5352 2541 5390 non
2569 5341 2798 5408 oportuit
2827 5383 2842 5406 ,
2873 5341 2997 5396 dum
3029 5347 3230 5414 cogitas
3260 5363 3377 5403 esse
3405 5348 3650 5404 incertum
3675 5357 3756 5398 ex-

2194 5429 2345 5493 itum,
2367 5439 2422 5483 et
2449 5444 2554 5484 non
2585 5445 2704 5486 esse
2733 5431 2785 5485 in
2820 5441 2904 5487 tua
2934 5445 3195 5503 potestate
3221 5447 3313 5493 aut
3338 5441 3530 5504 vivere,
3557 5447 3638 5491 aut
3667 5435 3756 5488 hoc

2193 5534 2224 5573 e
2251 5519 2368 5574 loco
2390 5521 2668 5578 excedere.
2691 5523 2841 5591 Quod
2862 5541 2989 5595 ergo
3018 5527 3211 5583 videris
3244 5547 3337 5599 pro
3367 5542 3447 5585 tua
3469 5529 3754 5585 defensione

2195 5610 2403 5675 afferre,
2427 5611 2481 5666 id
2506 5613 2659 5681 plane
2687 5623 2741 5669 te
2770 5617 2960 5686 arguit.
2993 5617 3174 5687 Neque
3203 5622 3344 5675 enim
3373 5636 3514 5675 mors
3537 5620 3585 5674 in
3608 5628 3752 5670 causa

2198 5700 2313 5768 fuit,
2335 5704 2615 5772 quominus
2632 5705 2901 5775 redderes,
2920 5708 3013 5765 sed
3028 5720 3113 5764 tua
3133 5726 3281 5767 mora
3298 5729 3359 5768 ac
3379 5712 3573 5768 dilatio.
3595 5707 3669 5762 l5.
3691 5700 3750 5756 Et
