4064 6430
277 517 382 575 24³1

266 653 393 692 σου
431 636 660 706 ἐλέγξω
697 654 774 692 σε
800 654 813 668 ·
848 641 919 694 τὰ
970 641 1033 695 δὲ
1088 646 1554 714 ὀλοκαυτώματά
1606 665 1723 700 σου
1769 646 1868 699 ἐνσ-

266 720 465 775 ώπιόν
492 738 610 790 μου
649 723 781 777 ἐστὶ
838 723 1184 792 διαπαντός.
1220 728 1377 782 Οὐτω
1417 731 1527 802 γὰρ
1582 732 1636 782 ot
1689 729 1866 783 λοιποὶ

268 806 677 876 κατηγοροῦσιν
710 809 893 862 αὐτῶν
922 812 1218 882 προφῆται,
1260 813 1447 885 ἐπειδὴ
1476 816 1537 867 τὸ
1575 814 1734 868 πλέον
1765 813 1865 883 τῆς

216 961 225 965 γ
265 889 480 960 ἀρετῆς
520 890 871 961 παρορῶντες
919 895 1106 965 μέρος,
1155 897 1215 949 ἐν
1253 897 1465 961 τούτοις
1508 896 1608 961 τὰς
1640 894 1864 958 ἐλπίδας

265 974 375 1043 τῆς
410 974 685 1044 σωτηρίας
710 970 877 1046 εἶχον.
914 980 1026 1032 Καὶ
1069 981 1178 1048 γὰρ
1200 984 1281 1044 εἰς
1309 981 1607 1050 ἀπολογίαν
1637 979 1865 1049 ἔμελλον

264 1055 405 1108 αὐτὸ
434 1056 852 1127 προϐάλλεσθαι,
879 1061 963 1114 ὅτι
987 1061 1197 1127 Θυσίας
1223 1065 1547 1136 σπένδομεν,
1574 1065 1655 1118 ὅτι
1689 1065 1860 1136 Προσο

268 1147 517 1219 φέρομεν
567 1149 979 1217 ὁλοκαυτώσεις.
1037 1155 1176 1209 Ἀλλ’
1219 1157 1320 1210 οὐκ
1359 1157 1454 1211 ἐπὶ
1498 1158 1708 1220 τούτοις
1752 1159 1866 1210 εἱσ-

268 1233 432 1302 ῆλθον
465 1233 841 1304 δικασόμενος,
878 1240 1067 1309 φησὶν,
1097 1240 1221 1294 οὐδὲ
1246 1238 1398 1308 ’ὑπὲρ
1430 1240 1640 1294 τούτων
1695 1243 1863 1308 ἐγκα-

264 1315 466 1378 λέσων,
496 1318 577 1370 ὅτι
607 1320 877 1390 παρώφθη
907 1322 1109 1381 ταῦτα.
1144 1325 1204 1377 '0
1235 1321 1291 1378 δὲ
1331 1326 1557 1389 Ἡσαΐας
1584 1325 1676 1380 καὶ
1707 1326 1861 1379 εὐτο-

264 1400 512 1474 νώτερον
539 1404 720 1457 αὐτῶν
768 1405 1107 1462 καθικνεῖται
1145 1410 1352 1479 λέγων·
1395 1411 1455 1464 Τί
1476 1429 1579 1480 μοι
1625 1410 1862 1480 πλῆθος

264 1482 393 1538 τῶν
447 1485 673 1540 θυσιῶν
711 1487 916 1558 ὑμῶν;
963 1492 1210 1561 Πλήρης
1252 1493 1391 1563 εἰμί.
1439 1495 1861 1564 Ὀλοκαύτωμα

266 1568 653 1641 [250}240163r,
686 1572 787 1626 καί
815 1574 1001 1643 στέαρ
1048 1577 1267 1644 ἀρνῶν,
1300 1579 1399 1632 καί
1433 1574 1577 1647 αἷμα
1624 1579 1859 1647 ταύρων

263 1653 368 1705 καί
388 1653 618 1723 τράγων
644 1657 1049 1727 οὐβούλομαι.
1082 1663 1173 1728 Τίς
1194 1663 1304 1730 γὰρ
1325 1660 1645 1731 ἐξεζήτησε
1673 1663 1859 1716 ταῦτα

260 1738 336 1789 ἐκ
381 1735 504 1789 τῶν
535 1739 754 1807 χειρῶν
793 1741 1004 1810 ὺμῶν;
1036 1745 1229 1798 Καίτοι
1263 1746 1450 1799 πολλοὶ
1481 1747 1608 1818 περὶ
1653 1746 1856 1801 θυσιῶν

260 1824 406 1873 εἰσιν
454 1823 737 1894 εἰρημένοι
780 1824 930 1894 λόγοι
951 1845 965 1859 ο
996 1827 1109 1880 ἀλλ’
1143 1830 1203 1882 οὐ
1231 1833 1658 1902 προηγουμένως
1686 1832 1853 1886 αὐτοῦ

261 1905 593 1976 βουλομένου
615 1909 788 1962 ταῦτα
813 1910 1123 1980 νομοθετεῖ,
1154 1913 1290 1968 ἀλλά
1304 1917 1369 1986 τῇ
1398 1916 1655 1989 ἀσθενείᾳ
1674 1918 1854 1972 αὐτῶν

257 1989 818 2057 συγκαταϐαίνοντος.
850 1995 963 2047 Καὶ
1000 1995 1271 2068 Ἱερεμίας
1314 1998 1370 2051 δέ
1412 2016 1610 2072 φησιν’
1635 2001 1770 2057 Ἵνα
1796 2002 1856 2055 τί

250 2090 359 2141 μοι
392 2074 647 2127 λίϐανον
677 2075 747 2128 ἐκ
790 2075 951 2132 Σαϐᾶ
981 2079 1204 2148 φέρεις,
1246 2081 1347 2136 καὶ
1388 2081 1735 2153 κινάμωμον
1785 2085 1851 2141 ἐκ

253 2155 376 2224 γῆς
388 2160 725 2225 μακρόθεν;
742 2161 862 2240 ΔΚαὶ
892 2162 1093 2226 πάντες
1119 2163 1197 2229 δὲ,
1225 2165 1300 2229 ὼς
1336 2166 1533 2230 εἰπεῖν,
1558 2170 1606 2221 οί
1637 2169 1852 2240 προφῆ-

253 2257 350 2293 ται
371 2240 525 2301 οὐδὲν
546 2240 689 2311 μέγα
713 2238 851 2297 εἶναι
872 2245 1029 2299 τοῦτό
1043 2263 1197 2315 φασι.
1217 2248 1308 2300 Διὸ
1322 2249 1416 2302 καὶ
1431 2249 1596 2313 αὐτὸς
1611 2238 1852 2323 ἀρχόμε-

252 2342 348 2387 νος
375 2324 547 2389 οὐτως
570 2326 673 2398 ἔφη
696 2344 710 2357 ·
749 2328 810 2381 '0
835 2328 979 2397 Θεὸς
1016 2335 1050 2385 ὀ
1075 2334 1221 2397 Θεός
1242 2346 1360 2386 σου
1380 2334 1499 2403 εἰμί
1528 2333 1644 2404 ἐγώ
1668 2352 1682 2364 ·
1719 2337 1850 2389 κάν-

252 2408 448 2462 τεῦθεν
476 2410 676 2482 δηλῶν,
711 2413 793 2467 ὅτι
824 2413 1043 2481 ἀνάξιος
1074 2415 1240 2469 αὐτοῦ
1270 2419 1371 2489 τῆς
1392 2415 1651 2489 τοιαύτης
1686 2417 1848 2488 θερα-

253 2492 420 2555 πείας
442 2494 471 2546 6
497 2495 719 2564 τρόπος.

327 2578 438 2630 Καὶ
458 2579 566 2649 γὰρ
586 2579 676 2631 τὸν
701 2568 834 2633 Θεὸν
858 2593 885 2622 ιι
909 2582 971 2635 οὐ
1004 2581 1093 2637 διὰ
1120 2582 1332 2636 καπνοῦ
1354 2585 1450 2638 καὶ
1474 2585 1686 2655 κνίσης,
1708 2584 1851 2639 ἀλλά

246 2658 340 2715 διὰ
369 2661 648 2726 πολιτείας
682 2663 912 2736 ἀρίστης
948 2666 1042 2718 καὶ
1079 2665 1372 2736 ἀσωμάτου
1407 2669 1502 2721 καὶ.
1535 2669 1728 2739 νοερᾶς
1758 2669 1846 2723 θε-

254 2744 592 2814 ραπεύεσθαι
631 2746 730 2799 δεῖ.
777 2747 917 2800 Ἀλλ’
965 2748 1061 2818 οὐχ
1108 2749 1159 2801 οἱ
1196 2749 1452 2821 δαίμονες
1494 2751 1602 2804 τῶν
1641 2750 1843 2815 ἔξωθεν

249 2828 445 2892 οὕτως,
483 2828 621 2883 ἀλλά
666 2831 762 2884 καὶ
812 2830 1136 2903 ἐπιζητοῦσι
1181 2833 1374 2890 ταῦτα.
1420 2834 1591 2888 Τοῦτο
1621 2835 1716 2889 καί
1756 2854 1841 2901 τις

248 2914 384 2982 παρ’
417 2912 644 2984 Ἕλλησι
668 2915 896 2986 ποιητὴς
932 2916 1182 2984 φαίνεται
1216 2917 1433 2982 δεικνὺς
1462 2918 1516 2983 δ,
1541 2918 1718 2988 λέγων
1743 2937 1756 2954 ’

400 3036 414 3050 .
458 3037 475 3051 .
517 3037 533 3051 .
579 2996 656 3051 Τὸ
678 2997 792 3067 γὰρ
814 2997 1084 3068 λάχομεν
1107 3001 1285 3071 γέρας
1313 3002 1506 3071 ἡμεῖς.

265 3087 407 3141 Ἀλλ’
434 3089 533 3160 οὐχ
560 3092 588 3144 6
616 3089 750 3154 Θεὸς
779 3093 811 3162 ἡ
822 3090 940 3161 μῶν
973 3091 1169 3157 οὕτως.
1210 3092 1438 3148 Ἐκεῖνοι
1473 3095 1575 3165 μὲν
1602 3095 1713 3167 γὰρ
1752 3097 1839 3150 αί-

252 3174 449 3245 μάτων
477 3174 739 3245 διψῶντες
770 3176 1153 3248 ἀνθρωπίνων,
1188 3182 1284 3232 καὶ¹
1316 3179 1460 3233 κατὰ
1495 3182 1693 3251 μικρὸν
1736 3182 1836 3235 αὺ-

251 3256 386 3319 τοὺς
419 3259 499 3321 είς
531 3259 726 3323 ταύτας
763 3259 863 3323 τὰς
906 3261 1219 3330 μιαιφονίας
1245 3263 1458 3331 ἐνάγειν
1498 3264 1834 3335 βουλόμενοι,

249 3338 434 3393 ταῦτα
467 3340 621 3412 ᾔτουν
646 3341 886 3412 συνεχῶς
907 3360 920 3375 ο
963 3345 1126 3409 αὐτὸς
1154 3345 1211 3400 δὲ
1241 3347 1335 3400 καὶ
1359 3347 1459 3417 τῆς
1484 3346 1593 3401 τῶν
1619 3347 1834 3418 ἀλόγων

245 3427 560 3498 ἀποστῆσαι
598 3428 814 3496 σφαγῆς
842 3428 986 3482 κατά
1018 3430 1213 3502 μικρὸν
1244 3442 1267 3470 α
1296 3432 1520 3497 ἐθέλων,
1563 3434 1835 3506 ἐχρήσατο

244 3513 314 3581 τῇ
345 3509 752 3579 συγκαταϐἀσει
782 3510 977 3586 ταύτῃ,
1008 3513 1103 3566 καὶ
1129 3514 1479 3588 συνεχώρησε
1506 3516 1720 3583 θυσίας,
1745 3518 1845 3579 ἵνα,

244 3592 413 3665 ἀνέλῃ
462 3593 673 3657 θυσίας.
723 3596 806 3650 Οὐ
839 3594 1089 3666 δέξομαι
1120 3597 1323 3671 ἐκᾼτοῦ
1355 3600 1526 3654 οίκου
1568 3615 1686 3655 σου
1722 3604 1834 3671 μό-

244 3694 464 3745 σχους,
490 3678 633 3733 οὐδὲ
657 3681 726 3734 ἐκ
752 3678 874 3733 τῶν
898 3667 1207 3750 ποιμνίων
1222 3698 1339 3738 σου
1361 3683 1675 3755 χιμάρους.
1700 3667 1833 3743 ’Ὅτι

240 3762 359 3832 ἐμά
386 3762 515 3815 ἐστι
542 3764 739 3817 πάντα
759 3764 833 3817 τὰ
862 3764 1037 3832 θηρία
1066 3764 1176 3819 τοῦ
1210 3765 1440 3835 δρυμοῦ
1463 3767 1514 3833 ά,
1546 3768 1739 3839 κτήνη
1762 3772 1833 3825 ἐν

242 3847 369 3913 τοῖς
398 3847 565 3914 ὄρεσι
594 3849 692 3902 καί
733 3848 903 3914 βόες.
949 3850 1226 3919 Ἔγνωκα
1259 3850 1456 3906 πάντα
1493 3852 1566 3906 τὰ
1590 3856 1831 3910 πετεινὰ

240 3931 350 3984 τοῦ
374 3932 660 3999 οἱψανοῦ,
689 3933 785 3987 καί
808 3933 1098 4001 ἀιοαιότης
1119 3934 1306 4004 ἀγροῦ
1317 3936 1610 4007 μετ”ἐμοῦ
1632 3939 1826 3996 ἐστιν.

244 4016 390 4087 Ὅρα
415 4015 535 4080 πῶς
575 4017 718 4070 κατά
750 4018 947 4088 μικρὸν
972 4018 1168 4087 ἀνάγει
1204 4019 1313 4072 τῶν
1349 4022 1707 4093 χαμαιζήλων
1727 4025 1828 4095 τὴν

238 4101 499 4162 διάνοιαν,
518 4100 803 4169 διανοίγων
828 4099 1006 4154 αὐτῶν
1026 4103 1126 4173 τὴν
1140 4104 1560 4177 πεπωρωμένην
1576 4108 1825 4178 γνώμην,

240 4183 337 4236 καὶ
382 4183 599 4246 δεικνὺς
637 4184 719 4239 ὅτι
753 4184 813 4237 οὐ
861 4184 1115 4255 δεόμενος
1159 4186 1337 4240 ταῦτα
1378 4188 1662 4255 ἐπέταξεν,
1704 4192 1826 4246 οὐδέ

236 4264 638 4336 ἀποδεχόμενος
661 4267 1074 4346 ἐνομοθέτησεν.
1114 4271 1177 4323 Et
1202 4269 1313 4341 γὰρ
1346 4271 1652 4343 ἐϐουλόμην
1680 4274 1826 4330 οὕτω

244 4348 665 4420 θεραπεύεσθαι,
697 4351 852 4422 φησι,
881 4353 981 4423 τὴν
1008 4353 1235 4423 ὐφήλιον
1269 4365 1293 4394 ο
1324 4356 1504 4409 πᾶσαν
1532 4356 1693 4428 ἔχων,
1730 4362 1825 4416 καὶ

239 4432 403 4497 αὐτὸς
454 4433 670 4488 πάντων
712 4434 1004 4505 γενόμενος
1051 4436 1406 4508 δημιουργὸς,
1455 4439 1700 4509 δαψιλεῖς
1756 4442 1824 4497 ἂν

239 4519 633 4590 παρεσκεύασά
684 4537 774 4591 μοι
814 4521 1066 4589 γενέσθαι
1111 4522 1325 4586 θυσίας.
1357 4521 1494 4578 Εἶτα
1540 4526 1635 4579 καὶ
1666 4543 1823 4598 κωμ-

237 4604 391 4674 ῳδῶν
413 4604 611 4668 αὐτοὺς
637 4605 731 4657 καὶ
758 4603 1051 4676 διασύρων,
1074 4604 1215 4659 ὥστε
1247 4606 1341 4659 καὶ
1365 4607 1820 4682 πληκτικωτέραν

235 4687 490 4756 γενέσθαι
508 4688 607 4758 τὴν
632 4689 988 4761 κατηγορίαν,
1019 4690 1298 4759 ἐπήγαγεν
1314 4707 1327 4721 ο
1369 4692 1510 4746 Ἐὰν
1529 4693 1817 4763 πεινάσω,

236 4771 311 4823 οὐ
344 4767 431 4838 μή
464 4786 563 4822 σοι
589 4769 765 4821 εἷπον
798 4769 912 4838 ἐμὴ
951 4769 1063 4840 γάρ
1084 4771 1259 4824 ἐστιν
1297 4772 1335 4839 ἡ
1366 4773 1689 4842 οἰκουμένη
1721 4777 1820 4830 κοί

233 4851 302 4904 τὸ
337 4850 632 4919 πλήρωμα
660 4851 869 4921 αὐτῆς.
928 4853 1146 4925 Ἐπειδὴ
1176 4853 1286 4925 γάρ
1330 4856 1491 4919 αὐτὸς
1538 4856 1638 4926 μὲν
1678 4859 1822 4912 αὐτά

236 4934 638 5005 συνεχώρησεν,
666 4936 753 4989 ίνα
782 4935 926 4989 κατὰ
957 4937 1156 5009 μικρὸν
1179 4938 1377 5003 αὐτοὺς
1406 4940 1670 5013 ἀπαγάγῃ
1694 4943 1820 4996 τού-

234 5035 365 5081 των,
395 5018 554 5070 αὐτοὶ
594 5018 653 5071 δὲ
682 5019 1047 5090 ἐναπέμειναν
1076 5023 1145 5093 τῇ
1173 5021 1440 5094 εὐτελείᾳ,
1482 5023 1637 5078 οὐδὲν
1674 5027 1819 5098 μέγα

236 5103 302 5153 ἐκ
328 5101 427 5171 τῆς
462 5103 921 5171 συγκαταϐἀσεως
963 5102 1174 5175 ταύτης
1216 5106 1669 5178 καρπωσάμενοι,
1729 5110 1819 5164 διὰ

230 5185 395 5239 τοῦτο
422 5185 731 5257 παχύτερόν
771 5204 889 5251 πως
930 5189 1024 5241 καὶ
1051 5188 1542 5263 ἀνθρωπινώτερον
1568 5192 1818 5263 διαλεγό-

237 5268 399 5340 μενός
423 5285 606 5338 φησιν’
638 5270 780 5325 Ἐὰν
811 5271 1189 5339 πεινάσω,οὺ
1211 5272 1298 5343 μή
1329 5289 1429 5329 σοι
1463 5275 1630 5330 εἴπω·
1658 5294 1814 5333 τουτ-

232 5358 404 5417 έστιν,
450 5352 588 5407 Οὔτε
633 5355 838 5409 πεινῶ·
879 5355 1012 5421 Θεὸς
1047 5358 1158 5427 γὰρ
1189 5358 1251 5411 οὐ
1293 5361 1560 5426 πεινάσει,
1596 5362 1660 5415 οὐ
1725 5382 1818 5419 κο-

231 5437 459 5490 πιάσειο
496 5435 621 5492 οὐτε
662 5441 712 5494 εἰ
759 5439 971 5504 τούτοις
1020 5439 1326 5513 ἐϐουλόμην
1375 5443 1813 5517 θεραπεύεσθαι,

230 5521 475 5591 ἠπόρουν
503 5521 749 5594 ἀπείρων
785 5522 986 5578 θυσιῶν
1025 5525 1122 5578 καὶ
1172 5525 1669 5598 ὁλοκαυτωμάτων.
1705 5532 1816 5586 Καὶ

292 5635 320 5663 ⁸
346 5634 519 5684 Μαι-ει.
550 5636 731 5684 καὶτὸν
763 5638 901 5686 Θεὸν.

232 5694 537 5808 είΙὲΔειΙκ-νύς
560 5704 671 5760 post
690 5698 902 5761 φαίνεται
923 5700 1068 5750 deest
1090 5703 1139 5751 in
1186 5701 1381 5764 Morel.,
1405 5704 1497 5753 sed
1518 5710 1595 5755 est
1616 5706 1667 5754 iu
1693 5720 1810 5756 mss.

340 5772 412 5807 av:
441 5796 453 5807 .

340 5772 453 5807 3V“.

293 5821 434 5884 ςΔιίρ
457 5822 577 5884 μετὰ
609 5822 795 5884 μικρόν.

289 5881 318 5949 οξ
349 5881 540 5949 ᾼΙίἱλτὰ
562 5881 706 5949 θηρία
721 5885 808 5934 τοῦ
827 5886 993 5949 ἀγροῦ.

293 5944 495 6014 _'S_avil.
525 5952 579 5994 et
596 5944 680 5995 alii
703 5949 789 6004 τήν
826 5944 905 6012 66’
929 5950 1099 6014 ῥιπλίῳἱ
1133 5948 1257 6014 Infra
1297 5949 1570 6014 pleniorem
1612 5967 1808 6005 versum

229 6005 488 6059 referimus
505 6021 568 6058 cx
591 6022 689 6059 mss
729 6005 876 6073 quani
900 6005 1231 6064 sil‘iu'llorel.
1255 6005 1311 6066 cf
1328 6016 1480 6066 Savil.

1350 526 1716 586 EXPOSITIO
1757 526 1823 583 IN
1862 524 2198 583 PSALMU)!
2243 527 2436 583 XLIX.

3459 528 3569 584 ῒίιὸ

1982 643 2087 716 γὰρ
2122 644 2407 715 πρόκειταί
2433 642 2520 715 μοι
2558 645 2734 700 πάντα
2759 644 2898 718 μετὰ
2929 644 3132 715 πολλῆς
3154 645 3254 716 τῆς
3279 644 3563 715 ἀφθονίας,

1974 730 2073 782 καὶ
2104 729 2307 800 Κύριος
2326 728 2504 783 αὐτῶν
2531 728 2606 782 ῶν
2634 731 2727 783 καὶ
2744 731 3041 801 Δεσπότης,
3067 731 3136 783 τὰ
3166 730 3275 799 ἐμά
3302 727 3564 799 βούλομαι

1977 812 2130 884 παρὰ
2162 811 2256 865 σοῦ
2289 812 2496 878 λαϐεῖν,
2545 813 2634 866 ἵνα
2667 813 2843 885 τούτῳ
2878 831 2937 866 σε
2971 813 3071 883 τῆς
3117 812 3238 866 ὁδοῦ
3272 812 3350 884 τῷ
3376 813 3565 883 τρόπῳ

1976 897 2120 970 πρὸς
2169 899 2267 969 τὴν
2314 897 2458 968 ἐμὴν
2501 897 2900 966 ἐπισπάσωμαι
2936 897 3139 966 φιλίαν,
3173 897 3267 950 καὶ
3319 898 3419 969 τῆς
3451 896 3563 951 τῶν

1978 981 2223 1053 ματαίων
2243 981 2542 1052 ἀποστήσω
2566 978 2873 1052 συνηθείας.
3268 1008 3273 1013 ι

2043 1071 2104 1119 ε’.
2125 1061 2260 1118 Εἶτα
2288 1065 2451 1119 πάλιν
2473 1067 2565 1118 ἐπὶ
2584 1065 2645 1118 τὸ
2669 1065 3003 1137 ὑψηλότερον
3024 1063 3247 1132 ἀγαγών
3270 1082 3403 1136 φησι
3422 1081 3437 1097 ο
3459 1063 3560 1132 Μὴ

1972 1148 2232 1217 φάγομαι
2272 1148 2416 1216 κρέα
2465 1149 2720 1217 ταύρων,
2766 1148 2806 1218 ἢ
2847 1143 2991 1218 αἷμα
3037 1148 3268 1216 τράγων
3312 1150 3561 1217 πίομαι;

1973 1230 2161 1285 Ταῦτα
2188 1234 2299 1303 γὰρ
2333 1230 2458 1285 οὐτε
2492 1231 2808 1304 ἀνθρώποις
2836 1235 3013 1287 ποιεῖν
3055 1231 3317 1297 ἐπέταξα,
3370 1233 3557 1303 φησὶν,

1970 1314 2107 1387 ἀλλά
2139 1316 2236 1369 καὶ
2266 1314 2417 1387 [251]
2450 1316 2717 1388 μεγίστην
2738 1315 2917 1388 ὥρισα
2943 1316 3166 1370 κόλασιν
3191 1318 3304 1380 τοῖς
3327 1317 3387 1368 τὸ
3420 1311 3560 1387 αἷμα

1970 1396 2237 1453 ἐσθίουσι.
2272 1398 2395 1462 Πῶς
2419 1395 2514 1452 οὖν
2545 1398 2782 1471 ἤμελλον
2806 1399 3037 1469 αἵματος
3066 1398 3358 1470 δεήσεσθαι
3383 1401 3411 1452 6
3432 1401 3559 1463 τοὺς

1968 1480 2189 1544 δούλους
2220 1481 2453 1550 ἀπάγων
2500 1483 2628 1544 τοὺς
2670 1483 2836 1553 ἐμοὺς
2886 1482 2989 1553 τῆς
3033 1483 3293 1554 τοιαύτης
3339 1482 3556 1554 θοίνηςς

1982 1563 2258 1619 Ἐκϐαλὼν
2291 1567 2472 1619 τοίνυν
2506 1564 2681 1620 ταῦτα
2715 1566 2953 1629 ἅπαντα,
3005 1567 3101 1620 καὶ
3135 1565 3317 1631 δείξας
3362 1567 3559 1630 ἀνάξια

1968 1648 2153 1714 αὐτοῦ,
2190 1650 2285 1702 καὶ
2313 1649 2515 1722 πολλὴν
2546 1652 2615 1721 τῇ
2647 1652 2954 1723 κατηγορίᾳ
2983 1652 3082 1722 τὴν
3108 1651 3401 1721 κωμῳδίαν
3428 1651 3560 1717 ὰνατ

1969 1732 2149 1801 μίξας,
2166 1734 2266 1786 οὐκ
2284 1734 2482 1806 ἔστησε
2503 1735 2595 1787 τὸν
2619 1734 2778 1804 λόγον
2796 1737 2957 1807 μέχρι
2975 1735 3189 1795 τούτου,
3205 1734 3339 1788 ἀλλά
3356 1734 3560 1787 δείκνυ·

1967 1833 2051 1869 σιν
2071 1817 2266 1886 ἐτέρας
2288 1818 2485 1882 θυσίας
2496 1818 2719 1890 τρόπον,
2735 1820 2873 1889 ὅπερ
2891 1820 3040 1873 ἐστὶν
3060 1819 3306 1889 ἰατρείας
3325 1818 3557 1889 ἀρίστης
3651 1858 3656 1868 ,

1964 1896 2125 1965 εἶδος,
2155 1900 2266 1954 τῶν
2287 1902 2441 1956 οὐδὲν
2465 1903 2822 1973 ὠφελούντων
2851 1904 3156 1973 ἀπάγοντα,
3187 1903 3254 1959 τὰ
3280 1905 3555 1974 δυνάμενα

1962 1983 2211 2056 διορθοῦν
2240 1985 2546 2041 ἐπιτιθέναι
2563 1989 2675 2050 τοῖς
2689 1985 2991 2059 τραύμασι.
3015 1988 3172 2041 Μετά
3187 1989 3297 2058 γὰρ
3309 1988 3369 2041 τὸ
3380 1986 3555 2040 ταῦτα

1963 2070 2287 2141 ἀπαρτίσαι,
2329 2070 2511 2140 λέγει⁸
2547 2070 2753 2126 Θῦσον
2779 2068 2861 2138 τῷ
2890 2072 3033 2138 Θεῷ.
3072 2073 3184 2127 Καὶ
3215 2073 3333 2137 πῶς
3379 2071 3548 2137 θύσω,

1962 2154 2158 2223 φησίν;
2206 2153 2688 2226 Αἵματος-χωρίς.
2739 2154 3067 2231 Τοῦτσγὰρ
3119 2156 3354 2227 μάλιστα
3387 2155 3546 2207 θυσία

1960 2235 2080 2307 θεῷ
2126 2238 2434 2307 πρέπουσα.
2468 2238 2568 2291 Διά
2615 2237 2776 2292 τοῦτο
2808 2238 3002 2305 εἰπὼν,
3041 2240 3246 2294 Θῦσον
3282 2238 3362 2305 τῷ
3402 2239 3544 2304 Θεῷ,

1960 2322 2230 2392 ἐπήγαγε,
2258 2323 2492 2378 Θυσίαν
2509 2321 2800 2390 αἰνέσεως
2818 2341 2830 2354 ·
2856 2324 3156 2387 τουτέστιν,
3175 2325 3547 2396 εὐχαριστίας,

1959 2402 2144 2474 ὕμνων
2180 2405 2361 2476 ἱερῶν,
2401 2406 2500 2477 τῆς
2523 2406 2610 2461 διὰ
2641 2406 2749 2460 τῶν
2783 2407 2960 2479 ἔργων
2981 2408 3291 2477 δοξο).ογίας
3327 2409 3372 2463 ἲ.
3410 2410 3474 2461 "U
3494 2408 3551 2462 δὲ

1956 2485 2128 2555 λέγει,
2159 2488 2404 2541 τοιοῦτόν
2443 2493 2595 2543 ἐστιν
2618 2507 2630 2520 ⁸
2672 2491 2829 2545 Οὕτω
2863 2491 3010 2562 ζῆθι,
3051 2491 3192 2546 ὥστε
3229 2490 3550 2556 δοξάζεσθαί

1958 2587 2053 2623 σου
2087 2571 2178 2624 τόν
2219 2573 2520 2644 Δεσπότην.
2566 2574 2747 2647 Ὅπερ
2772 2576 2866 2629 καὶ
2896 2578 2922 2629 6
2957 2576 3193 2647 Χριστὸς
3228 2576 3434 2644 ἐδίδαξε
3463 2577 3550 2631 λέ-

1954 2672 2093 2723 γων’
2107 2656 2411 2725 Λαμψάεω
2425 2657 2490 2711 τὸ
2511 2657 2640 2728 φῶς
2656 2656 2824 2729 ὑμῶν
2838 2660 3185 2730 ἔμπροσθεν
3195 2661 3314 2714 τῶν
3326 2659 3549 2729 ἀνθρώ·
3600 2696 3601 2699 η

1952 2755 2102 2804 πων,
2119 2738 2279 2807 ὅπως
2295 2740 2464 2794 ἴδωσι
2482 2746 2555 2811 τὰ
2571 2743 2729 2796 καλὰ
2745 2744 2890 2813 ἔργα
2911 2743 3101 2813 ὑμῶν,
3121 2744 3222 2798 καὶ
3238 2742 3549 2809 δοξάσωσι

1951 2821 2059 2875 τὸν
2092 2826 2325 2893 Πατέρα
2355 2823 2524 2894 ὑμῶν
2558 2825 2665 2879 τόν
2696 2827 2766 2879 ἐν
2797 2827 2923 2892 τοῖς
2942 2828 3240 2896 οὐρανοῖς.
3261 2823 3420 2892 Αἶνος
3437 2828 3548 2900 γάρ

1949 2907 2101 2960 οὐδὲν
2121 2907 2207 2960 ἒτε
2216 2925 2307 2979 ρον
2344 2908 2376 2979 ἢ
2420 2907 2638 2973 ἔπαινός
2672 2913 2808 2972 ἐστι,
2832 2910 2957 2976 δόξα
2977 2912 3070 2965 καὶ
3091 2912 3547 2983 εὐφημία.Ἔστω

1949 2992 2130 3046 τοίνυν
2164 2994 2194 3045 ὁ
2234 2993 2349 3062 βίος
2385 3011 2478 3046 σου
2498 2992 2759 3058 τοιοῦτος,
2784 2993 2929 3047 ὥστε
2949 2996 3316 3066 εὐφημεῖσθαί
3339 3013 3433 3050 σου
3453 2997 3546 3049 τὸν

1948 3078 2248 3147 Δεσπότην,
2271 3077 2366 3130 καὶ
2403 3076 2820 3148 ἀπηρτισμένην
2840 3079 3140 3148 εἰσήγαγες
3180 3079 3281 3148 τὴν
3326 3079 3539 3135 θυσίαν.

1947 3159 2164 3229 Ταύτην
2183 3160 2277 3214 καὶ
2298 3163 2327 3214 6
2348 3159 2559 3223 Παῦλος
2579 3161 2829 3232 ἐπιζητεῖ
2846 3162 2945 3232 τὴν
2966 3163 3178 3219 θυσίαν.
3202 3162 3375 3232 λέγων
3395 3181 3407 3193 ·
3428 3167 3545 3216 Πα-

1937 3244 2292 3314 ραστήσατε
2330 3247 2405 3300 τὰ
2441 3247 2594 3313 μέλη
2634 3246 2805 3315 ὑμῶν
2842 3249 3065 3303 θυσίαν
3102 3245 3319 3313 ζῶσαν,
3340 3249 3540 3320 ἁγίαν,

1944 3328 2278 3399 εὐάρεστον
2309 3329 2390 3395 τῷ
2429 3328 2572 3395 Θεῷ.
2598 3332 2706 3385 Καὶ
2725 3331 2964 3403 ἀλλαχοῦ
2982 3333 3150 3387 πάλιν
3169 3336 3196 3387 ό
3217 3332 3383 3396 αὐτὸς
3401 3351 3539 3405 προ.

1945 3415 2123 3484 φήτης
2139 3429 2156 3445 ο
2194 3412 2428 3468 Λινέσω
2454 3414 2522 3467 τὸ
2553 3413 2743 3485 ὄνομα
2760 3415 2868 3470 τοῦ
2891 3417 3040 3471 Θεοῦ
3058 3428 3178 3486 μου
3207 3416 3336 3486 μετ’
3355 3416 3545 3485 ᾠδῆς.

1937 3496 2260 3567 μεγαλυνῶ
2296 3498 2486 3553 αὐτὸν
2520 3499 2592 3553 ἐν
2623 3499 2849 3554 αἰνέσει
2872 3518 2885 3533 ο
2920 3500 3021 3555 καὶ
3055 3500 3269 3570 ἀρέσει
3301 3501 3380 3567 τῷ
3417 3503 3540 3568 Θεῷ

1941 3583 2096 3650 ὑπὲρ
2126 3584 2367 3652 μόσχον
2401 3581 2546 3636 νέον
2579 3582 2800 3651 κέρατα
2818 3583 3151 3652 ἐκφέροντα
3185 3585 3284 3639 καί
3316 3584 3536 3652 ὁπλάς.

1941 3665 2129 3730 Οὕτως
2168 3666 2290 3720 ἔθυε
2331 3668 2425 3720 καὶ
2456 3666 2577 3719 Ἰὼϐ
2617 3667 2757 3738 μετά
2796 3668 2893 3731 τὰς
2933 3668 3148 3739 πληγὰς
3187 3670 3401 3734 ὲκείνας
3439 3672 3539 3728 τὰς

1940 3748 2082 3820 ὑπὲρ
2120 3748 2304 3816 φύσιν,
2327 3749 2689 3821 εὐχαριστῶν,
2713 3752 2806 3804 καὶ
2848 3750 3020 3805 ταῦτα
3060 3752 3430 3823 φθεγγόμενος
3467 3756 3537 3808 τὰ

1946 3829 2174 3900 ῥήματα
2192 3846 2208 3862 θ
2245 3832 2308 3885 '0
2336 3834 2550 3899 Κύριος
2573 3832 2817 3897 ἔδωκεν,
2843 3837 2875 3888 d
2904 3838 3116 3905 Κύριος
3134 3838 3434 3905 ἀφείλετο,
3453 3845 3533 3908 ὡς

1943 3908 2025 3976 τῷ
2039 3913 2235 3980 Κυρίῳ
2249 3910 2484 3977 ἔδοξεν,
2507 3913 2773 3967 οὕτωκαὶ
2791 3914 3031 3981 ἐγένετο
3051 3932 3065 3944 ο
3097 3918 3194 3983 εἴη
3224 3921 3290 3972 τὸ
3345 3922 3533 3992 ὄνομα

1944 3993 2162 4059 Κυρίου
2174 3992 2830 4061 εὐλογημένονεὶςτοὺς
2842 3994 3080 4062 αἰῶνας.
3097 3999 3203 4053 Καὶ
3215 4000 3532 4067 ἀπόδοςῖῷ

1948 4081 1961 4101 ⁸
1976 4082 2218 4151 Υψίστῳ
2234 4083 2342 4146 τὰς
2360 4081 2547 4152 εὐχάς
2566 4100 2703 4138 σου.
2727 4083 2839 4148 Τὰς
2861 4085 3140 4156 ἱκετηρίας
3164 4085 3401 4138 ἐνταῦθὰ
3428 4104 3524 4155 φη·
3578 4100 3595 4113 “

1937 4182 2042 4229 σιν,
2062 4164 2204 4219 ὥστε
2222 4165 2489 4238 διηνεκῶς
2506 4168 2774 4238 τῇίδεήσει
2796 4170 3249 4241 προσκαρτερεῖν,
3274 4170 3367 4222 καὶ
3387 4168 3531 4240 ἅπερ

1935 4247 2002 4302 ἂν
2021 4248 2489 4320 ὲπαγγελλώμεθα
2512 4250 2648 4320 μετά
2667 4251 2865 4322 τάχους
2883 4250 3208 4307 ἀποδιδόναι.
3229 4254 3334 4306 Καὶ
3351 4252 3530 4315 καλῶς

1934 4327 2120 4385 εἶπενι
2158 4333 2604 4401 Ἀπόδος,Μετά
2643 4335 2754 4408 γὰρ
2790 4337 2889 4407 τὴν
2925 4335 3253 4406 ἐπαγγελίαν
3274 4334 3433 4406 χρέος
3468 4336 3530 4389 τὸ

1934 4417 2166 4487 πρᾶγμα
2200 4416 2432 4485 γίνεται.
2456 4417 2643 4482 Οῦτως
2667 4420 2836 4473 Ἀννα
2874 4418 3126 4473 ἀπέδωκε
3166 4420 3256 4472 τὸν
3293 4420 3428 4480 υίδν,
3450 4418 3528 4481 ώς

1933 4498 2154 4570 ὄφλημα
2173 4500 2453 4570 μέγιστον.
2476 4503 2587 4555 Καὶ
2607 4504 2671 4556 σὺ
2693 4504 2873 4555 τοίνυν
2895 4503 2998 4556 κᾶν
3020 4501 3391 4572 ἐλεημοσύνην
3421 4503 3523 4554 ἐπ-

1933 4583 2193 4655 αγγέλλη,
2219 4584 2322 4637 κᾶν
2364 4583 2617 4656 σώφρονα
2659 4585 2793 4654 βίον,
2818 4586 3127 4657 κᾶνὲτερόν
3167 4604 3219 4639 τι
3259 4584 3522 4646 τοιοῦτον,

1933 4666 2131 4720 σπεῦδε
2163 4667 2301 4737 πρὸς
2332 4667 2431 4736 τὴν
2451 4666 2675 4720 ἔκτισιν.
2702 4669 2763 4720 EE
2784 4668 2840 4721 δέ
2861 4687 2943 4733 τις
2962 4669 3205 4740 ἀκριϐῶς
3226 4668 3521 4735 ἐξετάσειε,

1933 4750 2038 4805 κᾶν
2060 4751 2136 4821 μὴ
2159 4749 2584 4820 ἐπαγγέλληται,
2610 4755 2876 4822 χρεωστεῖ
2891 4753 3039 4824 αὐτῴ
3073 4753 3140 4807 τὰ
3171 4754 3269 4823 τῆς
3298 4753 3519 4823 ἀρετῆς.

1932 4834 2037 4889 Καὶ
2056 4835 2212 4888 τοῦτο
2231 4833 2403 4906 δηλῶν
2423 4837 2452 4888 6
2471 4837 2705 4907 Χριστὸς
2726 4836 2912 4906 ἔλεγεν
2929 4858 2940 4869 ι
2968 4840 3036 4893 Ἃ
3059 4842 3169 4909 γὰρ
3191 4842 3521 4911 ὠφείλομεν

1928 4922 2201 4987 ποιῆσαι,
2240 4918 2673 4988 πεποιήκαμεν.
2699 4923 2894 4975 Καίτοι
2930 4920 3029 4993 τὴν
3068 4920 3382 4993 παραϐολὴν
3421 4923 3517 4976 τοῦ

1927 5002 2112 5056 δούλου
2133 5002 2288 5070 ἔλεγε
2306 5002 2400 5055 τοῦ
2422 5002 2713 5073 ἐλαχίστην
2732 5003 3032 5068 διακονίαν,
3049 5006 3169 5075 οὐχὶ
3190 5004 3521 5074 κατακλιθῆ-

1929 5103 2037 5148 ναι,
2057 5085 2438 5156 κελευομένου,
2460 5086 2597 5140 ἀλλὰ
2634 5088 2925 5160 παρελθεῖν
2964 5089 3059 5142 καὶ
3094 5088 3381 5142 διακονεῖν.
3406 5087 3519 5140 Καὶ

1928 5169 2112 5240 ἕτερος
2131 5168 2188 5222 δέ
2204 5169 2288 5233 τίς
2311 5187 2477 5241 φησιν
2495 5187 2510 5201 ο
2530 5169 2630 5239 Μὴ
2658 5173 2955 5241 χρονίσῃς
2973 5172 3311 5243 ἀποδοῦναι
3323 5169 3519 5238 εὐχήν

1927 5267 2065 5306 σου.
2083 5252 2460 5322 Ἐπηγγείλω;
2509 5254 2750 5319 ’Δπόδος,
2780 5256 2854 5326 μή
2876 5272 3007 5309 ποτε
3027 5255 3253 5317 θάνατος
3271 5251 3514 5306 ἐπελθὼν

1925 5342 2174 5415 διακόψῃ.
2197 5344 2307 5396 Καὶ
2325 5344 2379 5397 τί
2400 5345 2535 5416 πρὸς
2555 5346 2654 5417 ἐμέ
2674 5362 2689 5412 ;
2712 5347 2877 5418 φησίν
2897 5363 2912 5377 ο
2934 5346 2999 5399 οὐ
3013 5345 3124 5416 γὰρ
3144 5344 3333 5417 κύριος
3363 5344 3513 5415 ἥμην

1924 5427 2024 5498 τῆς
2045 5425 2209 5499 ζωῆς.
2234 5427 2511 5497 Διάκτοῦτο
2529 5429 2639 5500 γὰρ
2659 5430 2825 5501 ἐχρῆν
2849 5428 2924 5501 μὴ
2943 5428 3210 5502 χρονίσαι,
3231 5428 3292 5481 τὸ
3318 5428 3511 5500 ἄδηλον

1926 5509 2212 5563 ἐννοοῦντα
2247 5510 2345 5580 τῆς
2386 5509 2590 5575 ἐξόδου,
2615 5513 2707 5566 καὶ
2726 5513 2807 5566 ὅτι
2827 5511 3014 5584 κύριος
3033 5512 3135 5565 οὐκ
3152 5507 3202 5564 εἷ
3220 5512 3320 5582 τῆς
3365 5510 3511 5580 ζωῆς

1924 5594 2135 5665 καὶτῆς
2155 5593 2404 5647 ἐντεῦθεν
2424 5594 2596 5667 ἀποδη
2606 5594 2922 5666 μίας.“Ωστε
2943 5595 3227 5667 ηδοκοῦσα
3247 5596 3513 5666 ἀπολογία

1924 5676 2227 5749 κατηγορία
2246 5675 2413 5731 ἐστίν.
2438 5677 2573 5731 Οὐδὲ
2617 5679 2727 5751 γὰρ
2762 5677 2856 5732 τοῦ
2896 5678 3128 5734 θανάτου
3146 5679 3333 5735 λοιπὸν
3351 5680 3412 5734 τὸ
3434 5680 3512 5755 μὴ

1921 5761 2214 5816 ἀποδοῦναι
2232 5761 2477 5832 γέγονεν,
2498 5760 2635 5816 ἀλλά
2669 5764 2767 5834 τῆς
2809 5764 2907 5836 σῆς
2930 5764 3242 5838 μελλήσεως
3259 5766 3354 5820 καὶ
3373 5767 3509 5820 ἀνα-

1922 5846 2104 5917 ϐολῆς.
2126 5847 2238 5901 Καὶ
2256 5847 2616 5903 ἐπικάλεσαί
2641 5868 2718 5920 με
2747 5851 2818 5904 ἐν
2853 5852 3053 5921 ἡμέρα
3082 5851 3344 5920 θλίψεώς
3363 5865 3508 5918 σου,

1950 5958 2007 6072 Γῖ
2037 5960 2159 6013 Mur.
2186 5961 2401 6014 habebat
2444 5965 2744 6031 εὐχαριστίας
2780 5967 2859 6015 καὶ
2900 5967 3170 6030 δοξολογίας
3191 5979 3335 6017 secus
3358 5976 3505 6029 quam

1967 6037 1983 6072 ι
2010 6060 2020 6072 .
