4064 6426
256 488 363 543 9-19

264 611 447 662 invoca
471 620 555 658 me
584 605 638 657 in
666 602 751 656 die
766 596 1096 655 tribulationis
1118 605 1231 660 tum,
1261 604 1308 648 et
1326 609 1499 647 eruam
1516 600 1582 657 te,
1605 598 1648 644 et
1666 586 1867 641 honori-

274 699 447 770 ﬁcabis
468 712 571 749 me.
603 693 769 750 Vides
796 690 1060 760 copiosam
1082 687 1196 743 dari
1226 683 1561 741 mercedem?
1586 678 1723 748 Quid
1744 692 1871 748 ergo

276 786 454 864 potest
478 787 718 845 conferri
740 801 861 841 cum
890 784 988 839 hac
1017 780 1342 851 benignitate
1363 818 1379 845 ,
1408 775 1621 865 quando
1646 771 1739 865 dat
1772 784 1869 827 uo-

279 888 361 941 bis
390 880 695 939 mercedem
723 876 934 933 virtutis
958 917 972 940 ,
1002 882 1057 929 et
1093 869 1395 928 mercedem
1423 864 1582 937 longe
1610 864 1868 931 majorem

279 977 591 1041 laboribus,
631 986 804 1043 eaque
848 969 1007 1024 datur
1046 966 1101 1020 in
1145 974 1388 1033 tempore
1434 956 1720 1015 admodum
1770 970 1869 1023 op-

232 1044 239 1059 ‘
277 1067 556 1140 portuno?
604 1064 673 1120 Et
714 1077 851 1125 cur,
898 1057 1100 1128 inquit,
1146 1054 1286 1111 dixit
1329 1071 1343 1107 :
1382 1050 1572 1140 Invoca
1618 1044 1737 1140 me?
1777 1059 1875 1140 cur

284 1134 563 1227 eaSpectat
600 1164 659 1209 ut
696 1167 725 1204 a
753 1150 909 1206 nobis
938 1144 1254 1203 invocetur?
1284 1142 1481 1199 Voiens
1510 1139 1565 1194 in
1594 1136 1749 1192 nobis
1788 1134 1871 1227 ef-

284 1226 446 1307 ﬁcere
463 1245 719 1317 majorem
746 1241 1174 1300 familiaritatem,
1193 1245 1249 1292 et
1270 1231 1723 1291 vehementiorem
1741 1226 1874 1282 ami-

279 1344 484 1403 citiam,
513 1337 710 1402 dando,
740 1331 1054 1391 invocando,
1086 1337 1141 1385 et
1167 1325 1495 1396 accipiendo.
1520 1320 1702 1377 Virtus
1729 1317 1872 1374 enim

282 1436 396 1489 Deo
444 1430 760 1486 familiarem
806 1418 1252 1492 efficit;idipsum
1297 1418 1421 1473 facit
1465 1411 1871 1471 remuneratio:

278 1539 470 1579 rursus
495 1528 671 1575 autem
696 1526 820 1572 vota
844 1531 907 1571 ac
935 1527 1122 1584 preces
1150 1510 1287 1565 hanc
1318 1506 1732 1563 familiaritatem
1747 1521 1887 1589 conj

278 1607 493 1663 ciliant.
516 1606 582 1663 Et
607 1607 731 1663 ideo
752 1605 882 1660 dicit
904 1623 917 1658 :
942 1604 1018 1658 Da
1037 1602 1191 1664 mihi,
1215 1609 1271 1656 et
1294 1600 1364 1655 do
1386 1600 1484 1655 tibi
1535 1592 1748 1667 (Matth.
1782 1591 1870 1647 19.

284 1701 401 1771 15).
438 1695 734 1767 Qu‘netiam
767 1695 820 1749 in
863 1691 1038 1747 dando
1077 1706 1178 1745 una
1207 1689 1404 1759 accipis
1430 1706 1443 1742 :
1468 1687 1583 1756 ipse
1619 1684 1760 1739 enim
1791 1681 1874 1737 his

282 1808 391 1847 non
424 1790 643 1859 indiget.
669 1782 1023 1853 Quamobrem
1045 1782 1144 1838 etsi
1174 1780 1339 1835 fueris
1366 1777 1693 1843 moderatus,
1722 1790 1874 1829 man-

280 1893 469 1939 suetus
492 1921 509 1947 ,
533 1889 588 1935 et
612 1878 835 1949 pudicus
852 1919 867 1940 ,
894 1876 1003 1930 Deo
1029 1890 1094 1930 ex
1123 1874 1227 1929 hoc
1254 1887 1359 1927 non
1387 1868 1585 1941 aliquid
1608 1867 1833 1925 accessit
1855 1908 1870 1933 ,

282 1974 379 2029 sed
426 1972 651 2043 teipsum
697 1965 922 2024 effecisti
964 1966 1241 2021 meliorem
1282 1981 1297 2018 :
1332 1968 1386 2018 et
1428 1969 1606 2015 tamen
1654 1975 1749 2030 pro
1790 1957 1873 2013 his

284 2077 553 2135 tamquam
578 2077 698 2132 qua:
717 2061 886 2130 ipsum
909 2059 1177 2128 iuvarent,
1207 2056 1463 2111 maximas
1488 2053 1578 2108 tibi
1601 2051 1875 2108 mercedes

281 2166 339 2214 et
380 2170 606 2211 coronas
643 2152 935 2207 constituit.
969 2148 1271 2217 Quinetiam
1311 2155 1436 2201 ante
1483 2144 1599 2201 illas
1643 2155 1872 2199 coronas

283 2264 392 2303 non
422 2236 580 2316 parva
603 2243 874 2311 voluptate
899 2238 1114 2305 frueris,
1145 2246 1205 2294 ut
1229 2236 1317 2308 qui
1349 2237 1541 2292 bonam
1569 2244 1741 2291 tecum
1767 2233 1875 2289 cir-

282 2337 550 2393 cumferas
576 2333 958 2390 conscientiam
977 2373 992 2396 ,
1019 2338 1074 2385 et
1098 2331 1237 2384 bona
1266 2343 1361 2398 spe
1387 2327 1438 2382 in
1462 2333 1734 2397 posterum
1760 2324 1872 2379 eri-

280 2430 449 2500 garis.
485 2426 632 2481 Diem
658 2432 835 2478 autem
860 2420 1167 2478 afflictionis
1192 2418 1278 2476 hic
1300 2418 1448 2486 dicit,
1473 2434 1581 2473 non
1600 2416 1875 2472 calamita-

285 2536 419 2584 tum,
446 2536 547 2576 nec
572 2518 907 2574 fortuitorum
927 2530 1169 2579 casuum,
1193 2512 1287 2569 sed
1311 2513 1433 2584 quia
1456 2511 1569 2567 sive
1594 2519 1869 2580 peccatum

283 2614 426 2668 bello
453 2613 671 2680 impetat
694 2650 709 2672 ,
731 2610 843 2663 sive
867 2607 1108 2664 diabolus
1133 2605 1373 2661 obsideat
1413 2603 1581 2658 maias
1614 2601 1873 2657 invehens

280 2705 623 2775 cupiditates,
643 2714 890 2770 magnum
912 2698 1162 2753 auxilium
1180 2695 1500 2766 assequeris.
1526 2693 1592 2747 Et
1609 2708 1783 2747 emam
1801 2700 1868 2757 te,

281 2808 329 2851 et
373 2792 730 2863 houoriﬁcabis
755 2809 853 2846 me.
882 2789 993 2846 Hoc
1020 2804 1208 2844 rursus
1235 2787 1396 2851 dicit,
1427 2802 1534 2841 non
1568 2800 1730 2855 egens
1770 2799 1870 2838 nu-

281 2899 392 2943 stra
419 2887 588 2957 gloria
613 2882 905 2955 (quomodo
936 2881 1077 2936 enim
1107 2888 1321 2950 egeret,
1351 2879 1439 2949 qui
1468 2886 1551 2932 est
1578 2877 1716 2931 Deus
1760 2876 1873 2945 glo-

284 2977 485 3052 riae?),
514 2978 607 3033 sed
647 2987 705 3031 ut
745 2984 841 3046 per
884 2974 1140 3047 hymnum
1179 2972 1465 3043 gratiarum
1516 2968 1739 3025 actionis
1781 2969 1873 3022 fiat

284 3073 542 3128 memoria
584 3068 873 3135 beneficii,
904 3077 959 3122 et
1001 3068 1072 3122 sit
1121 3065 1489 3121 vehementior
1531 3065 1584 3118 in
1633 3078 1754 3118 eum
1793 3060 1872 3116 af-

282 3164 447 3221 fectio
472 3205 488 3230 ,
514 3172 567 3219 et
597 3170 652 3216 ut
676 3161 851 3231 primo
877 3159 1179 3216 felicitatem
1209 3157 1492 3211 maximam
1520 3152 1866 3224 accipiamus.

362 3254 419 3311 ὓ.
443 3254 723 3326 Aﬁiictionis
746 3251 1006 3323 praesentis
1032 3259 1077 3304 et
1100 3251 1286 3321 futurae
1316 3247 1647 3316 comparatio.
1668 3275 1739 3285 —
1762 3242 1870 3297 Ne-

288 3362 397 3416 que
416 3362 445 3400 a
471 3345 659 3400 decoro
683 3341 1036 3407 aberraveris,
1066 3340 1109 3396 si
1138 3338 1338 3394 dixeris
1370 3354 1492 3393 eum
1515 3337 1660 3407 loqui
1691 3336 1757 3391 de
1782 3334 1870 3390 die

283 3436 610 3500 aﬂlictionis,
638 3443 692 3488 et
716 3432 785 3488 de
806 3432 895 3487 die
921 3430 1098 3486 futuro
1125 3446 1139 3483 :
1172 3430 1260 3485 illa
1284 3426 1425 3485 enim
1442 3440 1729 3497 numquam
1752 3441 1869 3481 ces-

281 3538 367 3584 sat
394 3524 629 3583 afﬂictio.
662 3525 758 3579 llic
787 3524 930 3579 enim
958 3531 1013 3578 et
1043 3536 1186 3576 mors
1225 3521 1513 3575 adveniens
1539 3517 1699 3573 solvit
1723 3519 1869 3572 cala-

282 3624 518 3679 mitates.
540 3617 693 3672 amici
721 3615 1079 3675 consolantes.
1116 3622 1169 3668 et
1200 3613 1320 3668 linis
1362 3592 1451 3683 qiii
1491 3620 1867 3681 exspectatur,

281 3727 429 3781 sa'pe
448 3710 608 3764 etiam
630 3721 806 3764 rerum
829 3721 947 3775 qua:
976 3715 1221 3775 speratur
1251 3704 1495 3764 mutatio,
1523 3703 1871 3758 diuturnitas-

279 3819 387 3874 qne
432 3801 689 3870 temporis
726 3798 952 3853 mollivit
989 3813 1053 3851 ac
1104 3797 1364 3865 mitigavit
1410 3796 1866 3866 perturbationem

280 3894 469 3959 animi,
498 3893 732 3961 itemque
755 3903 847 3945 res
885 3889 1123 3977 adversa;
1162 3887 1602 3967 pmpinquprum.
1654 3885 1862 3940 Habere

282 3986 428 4042 enim
459 3996 815 4038 aerumnarum
840 3978 1051 4042 socios,
1101 3974 1157 4033 et
1185 3976 1367 4031 videre
1395 3977 1559 4031 multa
1604 3974 1867 4045 ejusmodi

279 4075 548 4144 exempla,
577 4073 750 4127 visum
778 4080 861 4126 est
885 4071 1065 4125 multis
1090 4082 1209 4125 esse
1237 4067 1362 4138 quid
1386 4068 1563 4138 magni
1584 4069 1649 4123 ad
1678 4082 1870 4122 conso-

282 4172 558 4227 lationem.
586 4165 699 4222 lllie
722 4175 897 4220 autem
926 4163 1057 4220 nihil
1087 4173 1168 4219 est
1192 4162 1454 4233 ejusmodi
1479 4180 1493 4215 :
1526 4178 1698 4233 neque
1724 4163 1865 4217 enim

281 4262 440 4317 adest
460 4257 651 4328 aliquis
679 4257 768 4327 qui
798 4256 1127 4322 consoletur,
1153 4254 1247 4309 sed
1277 4255 1463 4309 amicis
1488 4254 1726 4311 destituti
1753 4268 1883 4309 om-'

282 4371 380 4411 nes
420 4362 565 4408 sunt.
610 4348 726 4406 Non
780 4348 1053 4420 longitudo
1099 4348 1355 4419 temporis
1413 4348 1585 4403 mollit
1625 4348 1865 4403 dolorem

282 4443 594 4519 (quomodo
632 4442 803 4507 enim,
859 4456 980 4496 cum
1027 4440 1238 4495 ﬂamma
1281 4449 1538 4509 perpetuo
1583 4440 1702 4495 illos
1748 4454 1870 4511 pre-

282 4536 505 4607 mat?),
534 4550 639 4591 non
683 4549 808 4605 spes
850 4531 1179 4589 liberationis
1227 4550 1239 4584 :
1283 4541 1367 4588 est
1418 4534 1559 4587 enim
1606 4542 1866 4588 aeternum

281 4628 639 4700 supplicium;
668 4642 775 4683 non
798 4626 989 4681 mortis
1013 4626 1342 4691 exspectatio
1381 4638 1394 4677 :
1428 4634 1512 4681 est
1540 4626 1680 4681 enim
1710 4640 1866 4695 poena

280 4733 504 4787 aeterna,
530 4729 586 4775 et
610 4727 734 4774 sunt
761 4717 923 4774 etiam
941 4730 1059 4787 quae
1076 4718 1366 4787 puniuntur
1387 4731 1611 4787 corpora
1639 4717 1864 4771 immor-

281 4813 446 4877 talia;
471 4819 527 4866 et
550 4824 619 4864 ne
646 4808 751 4864 hoc
790 4808 1005 4879 quidem
1031 4806 1175 4878 quod
1202 4806 1415 4862 videtur
1443 4808 1628 4862 multis
1672 4807 1869 4865 afferre

278 4903 554 4969 solatium,
580 4898 724 4972 quod
744 4898 961 4954 videant
987 4900 1190 4955 scilicet
1214 4899 1347 4953 alios
1371 4899 1572 4968 puniri.
1622 4898 1862 4954 Primum

276 4995 427 5051 enim
454 5008 559 5049 non
578 4989 981 5064 possuntvideri
1004 4990 1093 5062 qui
1116 4990 1432 5062 puniuntur,
1459 5005 1581 5046 cum
1606 4991 1865 5061 tenebrae,

276 5098 400 5155 quae
439 5090 564 5140 sunt
592 5083 760 5138 instar
785 5080 1066 5152 sepimenti
1095 5123 1110 5148 ,
1159 5080 1328 5135 oculis
1369 5081 1647 5153 caliginem
1690 5081 1866 5138 offun-

277 5178 412 5232 dant
440 5191 454 5229 :
483 5174 679 5232 deinde
712 5173 1019 5244 magnitudo
1042 5173 1244 5229 doloris
1269 5189 1337 5229 ne
1363 5173 1489 5229 sinit
1529 5173 1744 5245 quidem
1768 5175 1869 5229 ad-

278 5270 493 5325 mittere
517 5282 734 5324 sensum
763 5265 921 5337 hujus
943 5265 1347 5321 consolationis.
1393 5267 1550 5321 Dives
1579 5280 1708 5337 ergo
1734 5267 1864 5321 nihil

277 5376 343 5415 ex
372 5374 436 5415 ea
464 5374 526 5415 re
552 5357 821 5428 acceperit
851 5356 1048 5418 solatii,
1096 5370 1197 5411 nec
1224 5355 1258 5410 ii
1288 5355 1380 5427 qui
1411 5356 1639 5411 strident
1686 5357 1865 5412 denti-

195 5450 201 5455 '
242 5407 524 5523 ζῦῖιεῗιὸῖ
552 5407 824 5505 ἱεὶὶὶὖέ
846 5407 1162 5503 magis;
1173 5407 1380 5503 5.2.";
1402 5407 1573 5515 es;
1583 5407 1646 5502 1.
1661 5407 1867 5502 εἷιᾶἧά.

280 5543 502 5615 justitias
547 5534 735 5596 m'eas.’
775 5537 965 5595 Vidisti
1012 5539 1187 5612 lyram
1231 5538 1555 5609 perfectam,
1604 5539 1865 5595 citharam

280 5634 420 5691 bene
441 5632 822 5706 compositam,
850 5630 1077 5687 diversis
1104 5630 1250 5685 sonis
1272 5646 1435 5687 unum
1456 5630 1618 5687 edere
1636 5646 1867 5687 concen-

282 5726 432 5781 tum?
460 5723 562 5781 liic
597 5731 682 5780 est
724 5723 868 5779 enim
907 5735 1099 5778 sensus
1137 5729 1194 5777 et
1235 5719 1290 5776 id
1317 5721 1457 5791 apud
1503 5722 1773 5792 apostolos
1814 5730 1867 5777 et

283 5818 418 5887 apud
438 5819 576 5874 alios
599 5814 889 5888 prophetas
913 5815 1167 5884 scriptum
1194 5814 1341 5869 cerni
1370 5823 1564 5884 potest,
1588 5823 1642 5868 et
1673 5814 1865 5869 Paulus

236 5934 245 5940 -
279 5912 438 5966 etiam
488 5915 561 5966 ita
607 5908 777 5975 dicit,
814 5906 926 5976 ipse
955 5919 1164 5976 quoque
1196 5892 1491 5962 ostendens
1523 5905 1652 5961 nihil
1699 5915 1861 5975 prou-

1374 468 1734 529 EXl‘OSlTlO
1777 464 1842 522 IN
1882 464 2201 521 PSALMUM
2243 466 2426 523 XLIX.
3458 471 3566 527 ε,ςο

1979 598 2100 638 esse
2149 584 2283 639 alios
2316 583 2533 651 docere,
2567 586 2665 640 nisi
2716 587 2834 657 quis
2874 587 3109 656 scipsum
3157 589 3301 656 prius
3352 587 3563 643 doceat.

1978 675 2238 743 Quoniam
2258 676 2399 730 enim
2430 675 2529 731 sibi
2556 676 2711 733 valde
2743 678 3044 747 placebant,
3076 680 3218 735 sicut
3246 689 3467 748 propter
3481 696 3562 735 sa-

1977 769 2209 834 crificia,
2235 768 2305 823 ita
2328 770 2488 825 etiam
2522 779 2802 839 propterea
2830 772 2970 842 quod
2999 773 3170 841 legem
3201 775 3483 837 haberent,
3514 781 3570 826 ct

1979 859 2285 915 dicerentur
2323 859 2549 916 aliorum
2579 859 2865 925 doctores;
2900 862 3187 918 ostendens
3235 878 3329 917 eos
3368 879 3432 916 ex
3478 862 3565 917 illa

1981 967 2039 1007 re
2068 967 2177 1007 non
2202 967 2450 1023 maguum
2480 951 2711 1008 fructum
2734 968 2949 1023 capere,
2980 954 3193 1024 quando
3238 955 3337 1024 ipsi
3381 970 3568 1009 manc—

1979 1057 2098 1102 rent
2125 1045 2341 1113 indocti,
2371 1046 2548 1103 acrius
2596 1061 2690 1102 eos
2733 1046 3001 1103 insectans
3026 1089 3042 1111 ,
3074 1047 3203 1103 dicit
3243 1067 3255 1103 :
3295 1049 3396 1117 Qui
3450 1066 3570 1120 ergo

1979 1141 2140 1193 alium
2169 1144 2338 1205 doces,
2370 1140 2583 1209 teipsum
2608 1157 2710 1193 non
2742 1139 2933 1194 doces?
2962 1142 3050 1210 qui
3076 1141 3323 1211 pra'diras
3350 1159 3448 1195 non
3483 1148 3569 1213 fu-

1979 1231 2230 1296 randum,
2282 1230 2511 1301 furaris?
2538 1232 2623 1296 qui
2666 1230 2975 1285 abominaris
3018 1230 3196 1298 idola,
3251 1233 3570 1304 sacrilegium

1980 1320 2253 1375 admittis?
2294 1321 2380 1391 qui
2404 1320 2467 1376 de
2491 1321 2598 1391 lege
2625 1322 2864 1399 gloriaris
2883 1361 2897 1386 ,
2928 1339 3015 1391 per
3044 1320 3168 1393 legis
3213 1326 3570 1389 transgressio-

1981 1430 2094 1469 item
2121 1412 2287 1468 Deum
2317 1414 2615 1469 dehonestas
2668 1413 2850 1488 (Rom.
2880 1416 2934 1469 ‘2.
2964 1415 3028 1470 21
3060 1446 3104 1457 --
3125 1416 3196 1472 ‘25
3227 1416 3285 1487 )‘l
3334 1418 3399 1471 Et
3447 1417 3568 1472 ideo

1978 1503 2047 1561 de
2074 1505 2252 1575 seipSo
2275 1505 2410 1560 dixit
2435 1507 2559 1561 alibi
2591 1522 2605 1560 :
2645 1505 2829 1562 Vereor
2852 1526 2913 1563 ne
2935 1526 3046 1562 cum
3065 1510 3178 1563 aliis
3204 1510 3569 1579 prardicavero,

1977 1596 2087 1666 ipse
2107 1596 2348 1665 reprobus
2369 1597 2553 1667 εί]ὶείοτ
2581 1597 2599 1669 (
2628 1598 2675 1653 1.
2700 1595 2817 1652 Cor.
2847 1598 2899 1654 9.
2923 1599 3016 1670 27)
3044 1617 3056 1651 :
3087 1613 3272 1655 eorum
3308 1611 3569 1654 tumorem

1979 1684 2310 1758 deprimens,
2342 1689 2541 1759 quibus
2570 1689 2819 1767 doctrina
2868 1692 3016 1746 verbi
3068 1707 3290 1764 magnos
3340 1692 3571 1747 faciebat

1979 1780 2221 1849 spiritus,
2253 1796 2374 1835 cum
2397 1790 2575 1836 essent
2606 1782 2706 1851 ipsi
2728 1782 2926 1837 virtute
2945 1783 3211 1839 destituti.
3235 1783 3409 1839 Aliter
3433 1800 3570 1853 quo—

1982 1887 2085 1942 que
2117 1871 2218 1925 hoc
2248 1871 2385 1942 quod
2416 1888 2557 1927 nunc
2585 1871 2716 1927 dicit
2749 1880 2961 1940 tractat,
3010 1873 3077 1930 ad
3109 1874 3325 1931 Judtcos
3349 1889 3415 1935 se,
3436 1891 3569 1930 con-

1983 1973 2215 2028 vertens,
2249 1963 2463 2033 quando
2489 1963 2619 2019 dicit
2644 1982 2657 2018 :
2694 1966 2912 2033 Quando
2940 1967 3074 2020 enim
3098 1976 3268 2038 gentes
3290 2009 3306 2035 ,
3353 1985 3466 2038 qua:
3496 1969 3570 2022 t'e-
3612 1974 3615 1975 ⁷

1979 2073 2090 2126 gem
2121 2072 2221 2109 non
2242 2056 2444 2124 habent,
2472 2073 2586 2128 qua:
2607 2039 2735 2127 legis
2758 2068 2895 2125 sunt,
2946 2067 3127 2112 natura
3151 2059 3347 2129 faciunt
3377 2076 3396 2114 :
3421 2061 3474 2112 Iti
3496 2063 3572 2113 Ie-

1978 2162 2090 2216 gent
2116 2162 2217 2199 non
2244 2145 2481 2202 [tabentes
2501 2148 2721 2218 sibiipsis
2748 2159 2865 2203 sunt
2893 2149 2975 2204 lea;
3005 2150 3022 2218 (
3053 2148 3199 2202 Rom.
3253 2149 3309 2203 2.
3344 2150 3454 2212 li).
3508 2152 3573 2205 Et

1979 2251 2165 2291 rursus
2203 2252 2217 2291 :
2252 2235 2372 2291 Non
2412 2238 2545 2292 enim
2574 2239 2828 2294 auditores
2869 2241 2994 2311 legis
3017 2241 3150 2309 justi
3183 2242 3323 2312 apud
3368 2240 3529 2294 Deum
3554 2283 3568 2301 ,

1977 2327 2068 2381 sed
2087 2332 2301 2399 factores
2328 2329 2451 2399 tegis
2481 2329 2901 2399 justi/imbuatur
2944 2328 3112 2403 (Ibid.
3140 2329 3321 2399 v.15).
3356 2331 3421 2385 Ει
3450 2346 3574 2401 pro-

1979 2420 2138 2487 pheta
2166 2435 2180 2473 :
2212 2417 2317 2485 Qui
2339 2419 2566 2474 tenebant
2589 2419 2767 2492 legem,
2799 2422 3081 2476 nesciebant
3107 2438 3186 2477 me
3232 2422 3363 2494 (Jer.
3405 2422 3459 2477 2.
3490 2424 3568 2492 8).

1984 2513 2049 2571 Et
2068 2528 2251 2567 rursus
2278 2528 2294 2565 :
2329 2511 2547 2566 Frustra
2568 2514 2692 2585 [acti
2711 2523 2824 2569 sunt
2843 2516 3024 2576 iuncus
3046 2514 3205 2587 falsus
3233 2515 3408 2570 scribis
3437 2516 3455 2585 (
3478 2514 3566 2569 Id.

1979 2606 2032 2660 8.
2061 2603 2138 2675 8).
2190 2604 2303 2672 Qua
2330 2603 2401 2661 de
2431 2606 2524 2661 re?
2548 2605 2803 2674 Quoniam
2830 2616 2995 2661 turtur
3030 2615 3076 2660 et
3104 2606 3323 2663 hirundo
3372 2615 3417 2661 et
3461 2608 3573 2678 agri

1980 2714 2206 2767 passeres
2251 2706 2590 2770 cognoverunt
2628 2707 2855 2765 tempora
2887 2701 3144 2771 ingressus
3182 2700 3301 2769 sui,
3356 2702 3572 2770 papulas

1976 2799 2146 2846 autem
2190 2807 2331 2844 meus
2355 2806 2461 2844 non
2482 2791 2712 2862 cognovit
2733 2790 2937 2863 judicia
2960 2777 3069 2845 mea
3092 2791 3110 2856 (
3128 2790 3153 2844 Ι
3162 2792 3264 2846 bid.
3289 2807 3337 2845 tt.
3362 2790 3439 2860 7).
3475 2790 3571 2844 llic

1978 2893 2160 2940 autem
2182 2882 2335 2948 dicit,
2368 2897 2474 2937 non
2502 2884 2675 2937 solum
2708 2884 2841 2938 nihil
2869 2883 3063 2937 lucrari
3099 2898 3167 2939 ex
3202 2899 3267 2939 eo
3297 2884 3439 2954 quod
3464 2880 3565 2936 do-

1978 2983 2098 3029 ccat
2116 2973 2250 3027 alios
2264 2988 2387 3028 eum
2407 2973 2495 3042 qui
2526 2973 2780 3027 virtutem
2808 2988 2913 3027 non
2941 2980 3177 3037 exercet,
3204 2973 3297 3028 sed
3331 2974 3567 3042 seipsum

1977 3063 2137 3119 etiam
2159 3065 2331 3133 primo
2367 3062 2533 3133 gradu
2555 3062 2825 3132 dignitatis
2848 3062 3104 3131 dejicere.
3129 3062 3183 3119 Si
3210 3065 3353 3118 enim
3386 3064 3440 3118 in
3471 3080 3568 3118 cx-

1980 3157 2146 3213 ternis
2166 3156 2382 3226 judiciis
2409 3156 2499 3226 qui
2524 3155 2769 3225 deliquit,
2803 3156 2847 3210 is
2892 3156 3073 3210 indicti
3120 3155 3327 3212 silentii
3354 3155 3573 3211 infamia.

1978 3249 2230 3319 punitur:
2262 3248 2313 3303 in
2345 3246 2557 3319 publico
2586 3246 2859 3303 doctrinm-
2880 3247 3006 3302 ludo
3035 3248 3303 3317 quomodo
3344 3247 3392 3302 ei
3422 3249 3566 3319 loqui

1977 3340 2348 3411 permittetur,
2391 3339 2480 3409 qui
2525 3348 2606 3393 est
2646 3350 2863 3408 peccato
2891 3339 3192 3394 obnoxius?
3246 3338 3414 3407 Major
3455 3355 3561 3391 au-

1978 3442 2082 3486 tem
2112 3439 2195 3486 est
2221 3428 2308 3485 hic
2328 3428 2585 3485 doctrinae
2624 3429 2778 3485 ludus
2809 3430 2902 3485 1110
2922 3430 3145 3500 judicio.
3172 3429 3285 3485 illic
3312 3432 3453 3486 enim
3479 3432 3568 3502 qui

1975 3524 2267 3595 puniuntur
2287 3539 2473 3595 pmnas
2501 3523 2654 3578 luunt
2684 3541 2697 3578 :
2731 3524 2817 3578 hic
2834 3534 3013 3580 autem
3035 3539 3100 3579 eo
3123 3525 3343 3581 tendunt
3363 3525 3565 3591 omnia,

1977 3625 2035 3671 ut
2064 3631 2168 3669 non
2196 3616 2486 3685 puniantur
2506 3616 2594 3685 qui
2627 3625 2984 3684 peccaverunt
3004 3657 3018 3681 ,
3068 3615 3162 3671 sed
3205 3626 3261 3671 ut
3290 3624 3567 3686 peccatum

1978 3706 2285 3777 paenitentia
2315 3709 2601 3777 corrigunt.
2628 3707 2770 3761 Sane
2799 3707 2851 3761 in
2877 3707 3011 3763 auiis
3040 3707 3199 3776 regiis
3220 3723 3378 3762 nemo
3409 3708 3567 3762 fuerit

1976 3801 2137 3872 regia;
2159 3801 2305 3855 vocis
2334 3800 2615 3870 interpres,
2646 3802 2689 3864 si
2719 3800 2878 3855 fuerit
2904 3817 3084 3871 prava
3113 3810 3165 3856 et
3193 3811 3458 3871 corrupta:
3484 3801 3565 3856 vi-

1976 3902 2044 3948 tae
2069 3894 2365 3948 convictus.
2394 3892 2570 3961 Quare
2610 3908 2738 3963 ergo
2765 3909 2983 3948 enarras
3003 3893 3239 3964 justitias
3284 3910 3430 3949 meas
3451 3936 3465 3959 ,
3511 3902 3566 3949 ct

1973 3974 2105 4040 alios
2135 3984 2317 4050 doces,
2343 3996 2399 4041 et
2429 3994 2605 4039 tamen
2631 3986 2955 4040 contrarium
2988 3987 3137 4049 facis,
3161 3988 3265 4041 vita
3288 3987 3563 4042 contradi-

1973 4085 2128 4132 cente
2146 4075 2210 4131 iis
2233 4091 2354 4147 qua:
2377 4092 2407 4131 a
2430 4076 2765 4145 tedicuntur,
2790 4079 3056 4134 etavertis
3080 4079 3359 4134 uoumilios
3376 4095 3563 4135 eorum

1974 4170 2064 4241 qui
2090 4169 2608 4225 voluntattendere?
2629 4168 2744 4224 Non
2774 4170 2915 4226 enim
2945 4172 3015 4225 ita
3042 4171 3205 4227 doces
3234 4172 3433 4236 verbis,
3458 4173 3563 4226 sic-

1973 4272 2032 4317 ut
2069 4265 2230 4319 rebus
2269 4272 2323 4318 et
2364 4260 2516 4319 factis
2558 4260 2795 4319 abducis.
2847 4263 3105 4332 Quocirca
3136 4264 3383 4319 Christus
3414 4265 3560 4318 illum

1976 4354 2154 4409 laudat
2180 4354 2477 4420 doctorem,
2516 4355 2605 4425 qui
2645 4355 2822 4410 verbis
2868 4365 2922 4410 ct
2950 4355 3104 4410 factis
3136 4356 3422 4425 perfecmm
3465 4356 3563 4410 do-

1971 4448 2196 4501 ctrinam
2235 4445 2547 4501 ostenderit.
2576 4445 2676 4511 Qui
2702 4448 2844 4502 enim
2872 4447 3062 4516 fecerit,
3093 4447 3279 4516 inquit,
3307 4456 3353 4502 et
3377 4447 3563 4500 docue-

1972 4536 2060 4604 rit,
2094 4537 2175 4589 ltic
2211 4528 2427 4607 magnus
2470 4537 2728 4590 vocabitur
2764 4536 2815 4590 in
2857 4552 3011 4607 regno
3053 4537 3291 4591 cwlorum
3343 4535 3559 4607 (Matth.

1974 4628 2028 4683 5.
2062 4627 2177 4697 19).
2213 4627 2415 4683 Habeat
2443 4642 2572 4697 ergo
2596 4627 2699 4681 vita
2743 4636 2829 4681 tua
2872 4629 3071 4684 claram
3109 4643 3325 4695 vocem,
3379 4628 3563 4683 eadem

1973 4736 2092 4789 qua:
2113 4720 2248 4776 dicis
2267 4720 2547 4775 docentem
2572 4735 2586 4772 :
2611 4730 2666 4776 et
2694 4720 2819 4776 licet
2839 4735 2901 4775 os
2925 4730 3070 4775 tuum
3098 4720 3450 4787 obstruxeris,
3477 4723 3563 4778 vel

1974 4810 2098 4865 tuba
2125 4810 2318 4867 clarius
2339 4812 2672 4881 personabis,
2713 4828 2820 4868 non
2848 4813 3020 4868 solum
3050 4815 3189 4886 apud
3223 4824 3517 4885 praesentes
3546 4857 3562 4882 ,

1973 4902 2066 4959 sed
2096 4903 2258 4958 etiam
2288 4902 2426 4972 apud
2457 4920 2550 4960 eos
2593 4905 2681 4975 qui
2724 4906 2911 4977 procul
2951 4907 3036 4961 siti
3080 4917 3223 4963 sunt.
3270 4907 3344 4964 Ita
3397 4910 3557 4964 etiam

1972 4989 2160 5043 caelum
2179 4997 2393 5043 enarrat
2408 4989 2631 5058 gloriam
2650 4989 2745 5045 Dei
2758 4989 3090 5064 (Ρεαι.18.1)
3109 5007 3229 5046 cum
3252 5006 3353 5047 nec
3370 5007 3433 5047 os
3464 4994 3561 5046 Ita-

1972 5080 2118 5145 beat,
2133 5096 2232 5136 nec
2248 5080 2481 5151 linguam
2501 5091 2731 5146 moveat,
2751 5098 2923 5153 neque
2940 5084 3183 5153 spiritum
3207 5099 3271 5138 ex
3300 5086 3408 5137 imo
3436 5098 3561 5154 pro-

1974 5172 2181 5238 fundat,
2203 5173 2297 5230 sed
2319 5189 2416 5246 per
2435 5189 2621 5230 eorum
2651 5189 2770 5246 quae
2787 5175 3034 5232 videntur
3061 5175 3514 5245 pulchritudinem
3542 5216 3557 5241 ,

1972 5266 2203 5321 deducat
2229 5275 2585 5336 spectatorem
2613 5266 2679 5321 ad
2710 5266 3117 5322 admirationem
3141 5264 3377 5336 Opificis.
3411 5265 3564 5334 Quod

1972 5374 2100 5429 ergo
2116 5359 2224 5414 illic
2239 5359 2385 5414 estin
2397 5360 2529 5414 caelo
2546 5359 2885 5430 pulchritudo
2896 5368 3163 5428 aspectus,
3182 5359 3282 5413 hoc
3298 5359 3368 5414 sit
3383 5360 3434 5414 in
3451 5360 3565 5413 ani-

1971 5464 2058 5504 ma
2073 5457 2162 5504 tua
2188 5449 2377 5505 virtus.
2392 5448 2545 5516 Quod
2563 5449 2605 5503 si
2618 5465 2737 5505 cum
2754 5450 2828 5504 sis
2844 5448 3168 5518 sordidatus,
3188 5459 3239 5505 et
3253 5451 3563 5507 innumera-

1971 5537 2109 5595 biles
2160 5539 2360 5594 habeas
2414 5548 2776 5607 accusatores,
2831 5540 3166 5609 maximeque
3212 5549 3356 5595 tuam
3398 5542 3565 5612 ipsius

1972 5630 2375 5696 conscientiam,
2396 5629 2630 5685 doctoris
2656 5629 2837 5685 sedem
2860 5630 3074 5685 coneris
3100 5630 3372 5698 invadere,
3395 5647 3564 5703 quan-

1973 5718 2046 5775 do
2104 5718 2172 5774 ad
2222 5718 2350 5773 vitia
2395 5718 2842 5790 reprehendenda
2886 5720 3213 5785 accesseris,
3276 5736 3381 5777 non
3425 5721 3562 5777 alios
3589 5715 3615 5742 ’

1975 5813 2145 5882 magis
2170 5827 2325 5883 quam
2355 5812 2581 5882 teipsum
2611 5812 2906 5869 accusabis.
2944 5811 3013 5867 Et
3041 5812 3260 5868 assumis
3290 5822 3560 5869 testamen-

1975 5914 2079 5959 tum
2106 5921 2265 5960 meum
2288 5922 2376 5975 per
2402 5922 2455 5961 os
2478 5913 2617 5959 tuum
2640 5905 2665 5959 ?
2692 5903 2856 5963 Recte
2883 5905 3031 5972 dixit,
3066 5903 3165 5960 Per
3194 5921 3267 5961 os.
3300 5906 3394 5961 Est
3415 5906 3559 5961 enim
