4064 6408
538 422 631 475 9-51

539 553 634 593 cor
656 533 967 590 destitutum
994 526 1252 584 fructibus
1277 523 1367 595 qui
1394 539 1461 578 ex
1490 537 1556 577 eo
1589 520 1851 583 oriuntur,
1888 528 1940 574 et
1970 517 2119 573 labra

534 631 805 684 incassum
832 630 1146 683 movemur,
1173 626 1228 672 et
1270 615 1336 670 ad
1362 614 1477 680 ejus
1517 613 1607 681 qui
1637 611 1872 680 loquitur
1920 608 2123 664 conde-

537 717 886 771 mnationetn.
918 711 970 766 Si
1001 709 1121 780 quis
1159 716 1336 762 autem
1367 713 1597 758 mentem
1629 701 1787 755 fuerit
1821 707 2120 763 scrutatus,

539 820 790 875 magnum
822 803 1016 858 bellum
1047 799 1303 854 inveniet.
1326 796 1414 850 17.
1445 792 1525 848 Tu
1578 808 1693 847 vero
1719 792 1868 846 odisti
1898 791 2125 860 discipli-

438 938 449 945 κ
537 914 657 950 nam
677 906 724 949 et
742 892 1001 966 projecisti
1028 904 1282 945 sermones
1306 901 1442 939 meos
1465 894 1759 938 retrorsum.
1782 879 2122 950 Disciplinam

537 987 623 1042 hic
648 986 778 1041 dicit
799 983 929 1054 legis
958 983 1278 1044 doctrinam,
1301 992 1421 1047 quae
1449 975 1684 1029 animum
1711 973 2005 1042 componit,
2034 970 2123 1024 vi-

535 1080 667 1133 tium
691 1076 929 1148 expellit,
960 1083 1017 1129 et
1040 1074 1286 1127 virtutem
1317 1068 1523 1123 inserit.
1554 1063 1835 1134 Quomodo
1855 1078 1984 1134 ergo
2004 1077 2121 1118 eam

537 1180 756 1235 tractas,
798 1180 853 1225 et
882 1170 935 1223 in
963 1167 1098 1221 alios
1122 1164 1353 1220 semiuas
1376 1176 1499 1216 cum
1537 1160 1653 1231 ipse
1689 1172 1807 1214 eam
1841 1156 1994 1212 factis
2018 1171 2124 1210 non

535 1262 777 1319 habeas?
822 1257 1096 1330 Projecisti
1123 1255 1289 1323 enim,
1339 1253 1529 1324 inquit,
1578 1265 1830 1306 sermones
1858 1263 1995 1302 uicos
2041 1236 2125 1300 rel

538 1363 779 1408 trorsum.

614 1446 665 1499 7.
696 1443 809 1498 Νοιι
836 1442 1011 1498 solum
1040 1439 1183 1495 enim
1213 1453 1276 1492 ex
1303 1435 1435 1505 legis
1469 1433 1709 1490 doctrina
1747 1430 1889 1487 nulla
1924 1440 2005 1484 est
2031 1429 2126 1485 tibi

545 1536 678 1589 facta
695 1534 952 1596 accessio,
977 1531 1071 1586 sed
1089 1531 1249 1583 etiam
1270 1527 1410 1598 quod
1426 1525 1589 1579 habes
1606 1541 1635 1578 a
1657 1534 1863 1587 natura,
1884 1521 2125 1575 ntutilutn

540 1627 836 1683 reddidisti.
883 1625 1080 1680 Eorum
1124 1622 1265 1675 enim
1310 1634 1428 1689 quin
1471 1626 1593 1671 sunt
1629 1614 1832 1685 agenda
1858 1655 1873 1676 ,
1921 1623 1977 1668 et
2019 1628 2126 1666 non

539 1717 761 1790 agenda,
806 1717 1043 1770 rationes
1069 1729 1098 1768 a
1128 1721 1313 1767 natura
1343 1710 1514 1763 insitae
1539 1717 1683 1762 sunt.
1721 1706 1801 1761 Tu
1829 1713 2004 1759 autem
2035 1719 2127 1759 cas

539 1812 801 1881 repulisti,
833 1819 887 1865 et
918 1824 1022 1863 non
1055 1805 1283 1862 habuisti
1316 1806 1366 1858 in
1406 1803 1682 1857 memoria.
1720 1802 1805 1857 18.
1837 1800 1897 1857 Si
1928 1799 2129 1853 videbas

540 1910 723 1973 furem,
760 1901 994 1956 cnrrebas
1031 1917 1147 1954 cum
1190 1915 1268 1964 eo,
1314 1906 1361 1950 et
1408 1912 1523 1949 cum
1569 1894 1813 1948 adulteris
1850 1893 2130 1962 portionem

540 2006 678 2048 tuam
709 1993 946 2065 ponebas.
971 1992 1230 2058 Quoniam
1253 1989 1394 2044 enim
1421 1986 1534 2042 ﬁeri
1562 2001 1664 2039 non
1685 1993 1858 2055 potest
1886 1992 1945 2038 ut
1970 1983 2130 2036 homo

539 2088 609 2142 sit
636 2087 763 2141 nulli
785 2087 1006 2141 omnino
1033 2093 1248 2153 peccato
1269 2082 1531 2137 obnoxius
1554 2097 1568 2133 :
1599 2089 1652 2134 et
1678 2079 1798 2133 ideo
1819 2078 1951 2133 dixit
1979 2077 2129 2147 quis-

538 2180 679 2248 piam
710 2196 722 2230 :
758 2177 883 2245 Quis
935 2177 1233 2248 gloriabitur
1270 2172 1517 2227 mundum
1549 2188 1602 2225 se
1644 2171 1826 2224 habere
1870 2185 1956 2223 cor
1991 2168 2017 2221 ?
2044 2175 2132 2221 aut

539 2270 649 2335 quis
674 2268 913 2321 audacter
940 2268 1066 2320 (licet
1101 2281 1155 2319 se
1194 2280 1299 2318 esse
1325 2278 1509 2334 parum
1538 2278 1570 2314 a
1600 2270 1802 2332 peccato
1832 2259 2010 2332 (Prov.
2037 2258 2128 2314 20.

540 2364 594 2432 9)
616 2362 640 2413 ?
661 2369 717 2414 ct
753 2359 947 2415 Paulus
971 2374 1091 2413 cum
1120 2357 1342 2413 dixisset
1367 2373 1381 2409 :
1411 2353 1561 2410 Nihil
1584 2355 1708 2407 mihi
1731 2353 1958 2408 conscius
1981 2367 2130 2417 sum;

543 2453 845 2523 sulijunxit,
878 2451 986 2507 Sed
1015 2467 1115 2504 non
1146 2450 1199 2503 in
1225 2449 1319 2502 hoc
1338 2448 1653 2518 justificatus
1681 2462 1791 2500 sum
1820 2444 1897 2518 (l.
1928 2442 2046 2498 Cor.
2075 2444 2130 2498 4.

541 2546 599 2615 ι)
621 2563 636 2609 ;
659 2553 734 2610 et,
755 2543 938 2596 Justus
963 2541 1017 2594 in
1043 2539 1291 2610 principio
1316 2537 1561 2593 sermonis
1585 2537 1663 2591 sui
1688 2536 1849 2605 ipsius
1874 2544 2135 2588 accusator

543 2647 615 2692 est
644 2635 827 2706 (Prov.
861 2633 949 2689 18.
982 2631 1093 2701 17),
1123 2630 1372 2685 videlicet
1396 2642 1618 2683 suorum
1657 2635 1993 2698 peccatorum
2026 2641 2040 2678 :
2077 2633 2133 2680 ut

545 2742 706 2785 nemo
749 2741 879 2796 ergo
921 2731 1106 2795 posset
1135 2722 1332 2785 dicere,
1357 2719 1415 2775 Si
1443 2732 1631 2774 omnes
1656 2725 1779 2773 sunt
1804 2726 2131 2787 peccatores,

544 2829 881 2892 peccatorem
920 2826 1096 2873 autem
1130 2815 1293 2886 jussit
1328 2828 1435 2869 non
1467 2826 1685 2867 narrare
1705 2810 1974 2881 juStitias,
2014 2809 2135 2881 quis

543 2926 672 2982 ergo
710 2920 1021 2964 narraturus
1045 2906 1191 2963 erit?
1229 2920 1299 2961 ne
1324 2907 1444 2976 quis
1469 2917 1598 2973 ergo
1628 2900 1745 2957 hzcc
1778 2900 1999 2967 diceret,
2043 2915 2137 2970 ge-

544 3019 671 3058 nera
700 3009 1031 3072 peccatorum
1058 3004 1337 3054 enumerat
1364 3009 1457 3066 per
1479 2994 1705 3063 species.
1738 2990 1831 3047 Est
1859 2992 1993 3046 enim
2020 3008 2137 3063 pec.-

541 3108 709 3150 catum
738 3094 805 3148 ad
831 3104 1038 3148 mortem
1061 3090 1312 3166 (lJoan.
1335 3088 1392 3145 5.
1412 3087 1525 3160 16),
1543 3083 1991 3159 quemadmodum
2018 3084 2137 3139 Heli

543 3203 755 3259 quoque
790 3187 1045 3243 dicebat:
1094 3184 1157 3240 Si
1184 3198 1397 3254 peccans
1437 3180 1586 3235 homo
1630 3177 1927 3249 peccaverit,
1974 3176 2137 3232 orabit

546 3297 639 3350 pro
675 3295 733 3332 eo
774 3277 1009 3333 sacerdos
1047 3291 1068 3330 :
1110 3274 1157 3329 si
1197 3283 1365 3326 autem
1411 3269 1632 3325 Domino
1676 3268 1976 3340 peccaverit,
2023 3268 2136 3338 quis

544 3372 709 3426 orabit
750 3386 842 3442 pro
868 3386 926 3423 eo
955 3369 1034 3437 (1.
1069 3365 1199 3438 Reg.
1224 3364 1285 3422 2.
1307 3360 1446 3434 25)?
1474 3361 1532 3417 ln
1565 3361 1681 3431 lege
1706 3360 1866 3416 etiam
1890 3359 1990 3414 alia
2012 3358 2137 3429 qui-

546 3466 668 3520 dem
695 3470 851 3518 erant
870 3459 1301 3524 immedicabilia,
1329 3465 1390 3512 nt
1406 3454 1567 3511 etiam
1598 3462 1768 3508 morte
1791 3451 2135 3524 punirentur;

543 3558 646 3611 alia
666 3569 794 3610 vero
809 3551 1077 3608 habebant
1096 3548 1306 3619 aliquod
1328 3544 1784 3618 promptissimum
1805 3542 2135 3599 remedium:

546 3649 620 3703 ita
650 3648 808 3701 etiam
837 3643 1082 3701 Christus
1110 3640 1358 3705 inNovo,
1394 3638 1455 3694 Si
1480 3634 1754 3709 peccaverit
1782 3634 1942 3705 frater
1986 3642 2135 3699 tuus,

546 3742 736 3812 inquit,
761 3754 917 3811 argue
960 3754 1074 3792 eum
1110 3735 1243 3790 inter
1279 3743 1346 3798 te,
1373 3739 1421 3787 et
1458 3731 1628 3800 ipsum
1652 3728 1837 3784 solum.
1866 3726 1927 3783 Si
1969 3736 2140 3780 autem

547 3850 649 3888 non
677 3830 914 3896 audierit,
942 3842 1142 3883 assume
1168 3824 1335 3879 adhuc
1362 3832 1525 3877 tecum
1553 3821 1704 3875 duas.
1736 3817 1798 3875 Si
1825 3834 1889 3873 ne
1912 3819 2003 3873 hos
2029 3818 2143 3889 qui-

546 3925 663 3979 dem
697 3921 937 3989 audierit,
980 3920 1047 3975 sit
1086 3918 1172 3973 tibi
1202 3926 1455 3988 tamquam
1484 3914 1714 3969 ethnicus
1751 3921 1799 3968 et
1842 3912 2142 3984 publicanus

548 4015 765 4081 (Matth.
792 4013 878 4067 18.
902 4009 1015 4072 15).
1036 4010 1103 4064 Ει
1125 4018 1302 4063 tamen
1319 4022 1440 4062 cum
1461 4005 1654 4061 alicubi
1671 4004 1896 4059 dixisset
1916 4003 2104 4058 Petrus
2123 4019 2137 4056 :

546 4107 780 4171 Quoties,
808 4104 852 4157 si
879 4101 1152 4173 peccaverit
1177 4101 1231 4153 in
1252 4086 1331 4151 me
1356 4098 1511 4166 frater
1536 4112 1696 4159 nteus,
1720 4094 1969 4148 dimittam
1996 4094 2096 4164 ipsi
2117 4093 2143 4147 ?

550 4196 771 4262 audivit,
807 4193 977 4264 Usque
1016 4191 1085 4245 ad
1112 4189 1397 4259 septuagies
1424 4187 1607 4259 septies
1638 4185 1858 4256 (Ibidem
1891 4183 1984 4255 21)
2009 4202 2024 4239 :
2054 4184 2144 4241 hic

551 4295 729 4344 autem
756 4296 877 4358 post
905 4285 1037 4340 duas
1062 4280 1452 4337 admonitiones
1481 4277 1717 4333 ostendit
1743 4291 1992 4347 magnum
2023 4291 2140 4331 esse

550 4380 826 4445 delictum,
867 4391 967 4432 nec
995 4391 1115 4431 eum
1153 4372 1295 4443 cogit
1321 4384 1507 4426 rursus
1530 4377 1864 4437 exspectare.
1892 4366 2031 4435 Quid
2059 4384 2144 4423 er-

548 4470 660 4542 go?
686 4478 880 4525 suntne
920 4467 1036 4521 ltrec
1061 4465 1167 4521 illis
1192 4461 1498 4519 contraria?
1529 4459 1680 4515 Absit
1703 4478 1716 4515 :
1744 4458 1838 4514 sed
1868 4458 2017 4520 illud,
2048 4458 2146 4514 Se-

556 4561 785 4631 ptuagies
835 4557 1038 4627 septies,
1087 4550 1238 4622 dic'it,
1285 4554 1330 4609 si
1376 4567 1498 4608 eum
1546 4550 1817 4621 poeniteat.
1865 4549 2146 4617 Quomodo

555 4653 698 4708 cnim
728 4652 959 4706 dimittet
981 4648 1242 4719 quispiam
1265 4646 1313 4702 ei
1334 4645 1423 4716 qui
1450 4660 1623 4714 neque
1642 4642 1923 4700 confitetur
1945 4657 2003 4697 se
2031 4657 2147 4712 pce:

555 4757 731 4806 casse,
760 4755 931 4810 neque
959 4739 1169 4795 ducitur
1196 4736 1545 4808 pmnitentia?
1571 4735 1780 4791 Etenim
1819 4749 1940 4789 cum
1970 4749 1999 4787 a
2031 4748 2147 4789 me-

556 4834 678 4891 dico
730 4831 969 4888 remedia
1022 4832 1285 4901 petimus,
1339 4828 1533 4884 vulnus
1578 4828 1738 4883 etiam
1791 4827 2143 4883 ostendimus.

556 4927 688 4994 Quis
711 4934 796 4981 est
819 4939 945 4996 ergo
971 4931 1220 4993 peccator
1234 4921 1302 4977 de
1324 4935 1432 4991 quo
1464 4918 1552 4975 hic
1571 4918 2025 4990 dicitScriptura?
2054 4921 2149 4973 At-

558 5028 706 5076 tente
729 5017 1029 5073 audiamus.
1061 5015 1192 5069 Eum
1227 5014 1369 5068 enim
1393 5011 1649 5067 describit
1676 5027 1770 5081 per
1793 5026 1854 5067 ea
1876 5026 1994 5080 quae
2015 5024 2148 5063 con-

556 5120 873 5185 scquuutur,
896 5110 973 5163 sic
997 5107 1182 5163 dicens
1206 5123 1219 5158 :
1250 5105 1309 5160 Si
1334 5103 1534 5158 videbas
1557 5106 1742 5175 furem,
1775 5103 2009 5156 currebas
2035 5116 2149 5154 cum

557 5224 636 5273 eo,
677 5216 867 5259 etcum
907 5200 1152 5255 adulteris
1193 5198 1470 5269 portionem
1510 5206 1648 5249 tuam
1684 5194 1923 5265 ponebas.
1960 5194 2047 5248 19.
2082 5191 2152 5247 0s

561 5310 701 5352 tuum
743 5296 1015 5350 abundavit
1044 5293 1259 5358 malitia,
1302 5301 1349 5345 et
1375 5290 1551 5360 lingua
1583 5298 1670 5353 tua
1705 5289 2032 5342 concinnabat
2059 5286 2153 5341 d0—

561 5391 657 5442 los.
696 5388 787 5441 20.
822 5387 1015 5442 Sedens
1051 5385 1290 5439 adversus
1332 5388 1538 5452 fratrem
1570 5391 1710 5434 tuum
1748 5379 2058 5449 loquebaris,
2106 5387 2154 5432 et

562 5479 800 5531 adversus
829 5478 991 5545 filium
1022 5477 1195 5529 matris
1224 5484 1324 5528 tua:
1364 5472 1583 5544 ponebas
1621 5471 1938 5525 scandalum.
1969 5469 2153 5523 Vidisti

565 5568 885 5633 nequitiam,
919 5582 1025 5621 non
1065 5582 1220 5622 secus
1246 5576 1405 5636 atque
1436 5565 1487 5619 in
1531 5562 1761 5633 imagine
1801 5563 2007 5632 aliqua,
2045 5561 2156 5616 suis

569 5655 834 5711 coloribus
880 5657 1237 5726 descriptam?
1278 5667 1333 5712 et
1381 5655 1650 5727 quomodo
1700 5654 1975 5723 improbus
2029 5654 2173 5721 vitio,

573 5740 742 5794 bellua
766 5745 932 5799 factus
947 5756 1049 5813 est,
1071 5748 1196 5803 dum
1223 5758 1423 5801 natura:
1450 5747 1776 5800 nobilitatem
1797 5744 2062 5814 prmiidit?
2084 5742 2160 5797 Ne

578 5825 715 5879 Ιιπιιι·
735 5848 861 5900 ergo
890 5834 1165 5908 imaginem
1195 5840 1377 5894 leviter
1398 5847 1778 5908 pertractemus
1797 5878 1810 5901 ,
1839 5836 1929 5891 sed
1954 5835 2180 5906 singula

1232 408 1288 466 S.
1328 405 1605 464 JOANNIS
1640 404 2118 463 CIlRYSOSTOMl
2154 403 2468 460 ARCHIEP.
2510 402 3042 461 CONSTANTINOP.

3716 414 3809 470 33!

2229 527 2474 573 accurate
2493 518 2841 589 inquiramus.
2860 518 2922 573 Si
2941 520 3142 577 videbas
3154 520 3336 591 furem,
3353 523 3595 579 canebas
3610 542 3720 581 cum
3737 547 3806 586 eo.

2301 604 2538 662 Laudare
2571 608 2746 662 vitium
2781 621 3037 679 peccatum
3065 619 3136 665 est
3152 628 3172 676 ;
3201 612 3525 680 peccantibus
3551 614 3808 687 indignan-

2230 697 2560 754 dum—Hoc
2585 708 2669 754 est
2696 714 2856 756 causa
2873 702 3110 756 omnium
3133 701 3397 759 malorum
3422 722 3437 759 :
3469 703 3570 761 hoc
3584 717 3665 763 est
3682 711 3810 778 quod

2233 787 2479 843 virtutem
2524 791 2756 845 maxime
2794 792 3005 856 evertit,
3035 791 3177 862 quod
3208 794 3447 850 retardat
3481 811 3547 852 ac
3586 800 3811 868 reprimit

2230 879 2464 934 studium
2506 881 2796 937 multorum
2824 882 2890 937 ad
2921 898 2984 939 ea
3014 899 3134 953 quae
3162 894 3288 938 sunt
3317 884 3543 942 honesta
3573 905 3587 942 :
3616 892 3812 958 quando

2230 986 2337 1033 non
2361 971 2534 1026 solum
2565 987 2670 1026 non
2701 973 3098 1043 reprehendunt
3124 974 3304 1045 aliqui,
3332 976 3430 1032 sed
3461 981 3621 1034 etiam
3647 982 3709 1036 iis
3730 985 3810 1052 qui

2232 1070 2455 1132 peccant
2480 1063 2826 1133 gratulantur.
2858 1064 2973 1120 Hoc
2996 1077 3172 1119 autem
3201 1081 3306 1122 non
3334 1075 3423 1122 est
3451 1068 3628 1124 minus
3666 1085 3810 1141 quam

2231 1167 2473 1223 peccare.
2506 1154 2642 1209 Audi
2677 1154 2893 1210 Paulum
2919 1155 3184 1212 dicentem
3217 1176 3232 1212 :
3266 1157 3389 1212 Non
3415 1159 3585 1214 solum
3610 1161 3712 1215 quc
3736 1163 3817 1230 fa-‘

2231 1247 2386 1313 ciunt,
2403 1245 2492 1301 sed
2505 1248 2654 1302 etiam
2674 1249 2985 1303 consentiunt
3002 1249 3297 1321 facientibus
3316 1250 3497 1324 (Rom.
3513 1254 3537 1308 1
3552 1293 3563 1305 .
3578 1253 3688 1324 '52).
3711 1254 3812 1312 Hoc

2232 1346 2315 1392 est
2343 1347 2520 1393 autem
2562 1354 2666 1393 non
2695 1354 2918 1410 parvum
2961 1351 3233 1410 peccatum
3259 1383 3275 1407 ,
3306 1343 3519 1399 etiamsi
3544 1345 3663 1415 quis
3684 1347 3809 1401 mala

2233 1446 2342 1487 non
2370 1432 2548 1499 faciat,
2578 1446 2682 1487 una
2707 1449 2827 1489 cum
2868 1435 3023 1488 malis
3042 1434 3295 1504 gaudere,
3320 1436 3512 1507 eisque
3551 1439 3806 1509 gratulari.

2234 1524 2327 1580 ille
2356 1527 2499 1582 enim
2540 1536 2714 1597 potest
2737 1526 2915 1583 dicere
2939 1528 3332 1594 necessitatem,
3356 1531 3567 1587 causari
3597 1547 3807 1603 pauper-

2234 1625 2398 1673 tatem
2423 1619 2462 1684 ²,
2494 1619 2595 1674 etsi
2633 1633 2738 1673 non
2767 1619 2875 1675 sint
2910 1620 3041 1691 justi
3083 1630 3372 1691 pmtextus
3394 1641 3415 1681 :
3445 1634 3501 1679 tu
3526 1634 3700 1681 autem
3723 1640 3809 1681 cur

2234 1710 2417 1765 laudas
2440 1712 2578 1782 quod
2606 1712 2800 1768 factum
2826 1720 2930 1778 est,
2960 1728 3082 1769 cum
3113 1730 3214 1770 nec
3239 1716 3402 1770 ullam
3429 1718 3642 1788 quidem
3667 1734 3728 1774 ex
3750 1734 3809 1775 eo

2234 1803 2557 1872 voluptatem
2581 1804 2882 1876 percipias?
2909 1807 3082 1874 Atque
3110 1806 3198 1862 ille
3224 1806 3441 1878 quidem
3471 1808 3694 1865 fortasse
3718 1810 3807 1866 du-

2234 1904 2384 1949 cetur
2406 1896 2714 1964 pmnitentia
2744 1913 2759 1950 :
2783 1905 2837 1951 tu
2867 1905 3045 1952 autem
3080 1897 3178 1952 has
3206 1914 3421 1969 quoque
3446 1900 3541 1954 tibi
3562 1898 3700 1956 fures
3722 1916 3804 1956 oc-

2180 2016 2191 2029 κ
2234 1987 2427 2053 cludis,
2458 1988 2900 2046 medicamentum
2925 1991 3084 2055 tollis,
3107 1999 3163 2047 et
3186 2000 3393 2048 tantum
3418 1992 3664 2049 solatium
3680 2008 3809 2048 ever-

2236 2080 2323 2149 tis,
2338 2089 2550 2152 portum
2573 2080 2806 2153 undique
2829 2082 2923 2137 tibi
2944 2085 3225 2139 obstruens
3247 2084 3451 2139 reditus
3476 2083 3543 2139 ad
3570 2084 3807 2154 paeniten-

2235 2172 2384 2227 tiam.
2402 2172 2627 2241 Quando
2640 2189 2770 2245 ergo
2788 2183 2839 2231 te
2856 2174 3064 2239 viderit,
3087 2175 3174 2245 qui
3199 2191 3304 2229 non
3328 2185 3549 2245 peccato
3568 2175 3807 2230 obnoxius

2235 2265 2370 2321 alios
2398 2265 2564 2322 debes
2603 2266 3022 2337 reprehendere,
3059 2282 3164 2323 non
3194 2268 3367 2323 solum
3396 2284 3503 2323 non
3539 2268 3590 2322 id
3627 2267 3803 2330 facere.

2236 2358 2332 2414 sed
2376 2360 2536 2414 etiam
2581 2367 2876 2430 praetexere
2919 2368 2976 2416 et
3019 2359 3368 2427 adumbrare;
3414 2369 3470 2416 et
3512 2377 3616 2416 non
3653 2361 3805 2414 solum

2235 2449 2573 2517 adumbrare,
2602 2451 2697 2507 sed
2721 2453 2880 2508 etiam
2902 2466 3059 2521 opem
3090 2452 3233 2509 ferre
3257 2471 3270 2508 :
3292 2454 3422 2524 quid
3444 2455 3512 2510 de
3533 2453 3701 2522 seipso
3724 2467 3806 2521 pu-

2240 2543 2391 2610 tabit,
2424 2545 2623 2615 etquid
2648 2544 2716 2601 de
2753 2560 2820 2601 eo
2855 2545 2998 2616 quod
3035 2546 3329 2602 admissum
3365 2546 3483 2603 est?
3510 2546 3651 2601 Multi
3678 2543 3805 2598 enim

2239 2634 2502 2702 homines,
2532 2646 2588 2691 ut
2617 2637 2925 2707 plurimum,
2954 2652 3061 2693 non
3091 2653 3158 2693 ex
3193 2638 3257 2692 iis
3282 2638 3480 2701 solum,
3507 2652 3624 2706 qua:
3647 2634 3805 2688 animo

2238 2739 2619 2796 conceperunt,
2646 2729 2823 2784 ierunt
2846 2728 2913 2784 de
2941 2730 3101 2785 rebus
3128 2728 3349 2800 agendis
3376 2728 3705 2792 sententiam,
3724 2722 3803 2779 sed

2238 2819 2399 2874 etiam
2425 2819 2493 2874 ab
2511 2819 2739 2875 aliorum
2766 2821 3008 2881 instituto
3032 2820 3395 2892 opinioneqne
3414 2818 3647 2889 corrupti
3668 2835 3682 2873 :
3703 2825 3748 2870 et
3764 2814 3802 2870 si

2237 2910 2327 2981 qui
2354 2911 2613 2980 peccavit,
2642 2911 2837 2967 viderit
2871 2927 3059 2969 omnes
3092 2927 3152 2968 se
3179 2921 3515 2978 aversantes,
3557 2908 3803 2967 existima-

2238 3001 2318 3057 bit
2340 3017 2400 3056 se
2423 3002 2637 3072 aliquod
2663 3018 2913 3074 magnum
2933 3011 2990 3059 et
3015 3003 3287 3074 indignum
3312 3004 3494 3060 scelus
3521 2999 3800 3060 admisisse;

2237 3093 2453 3165 quando
2470 3103 2648 3150 autem
2672 3094 2864 3150 viderit
2882 3110 2991 3151 non
3019 3096 3192 3150 solum
3217 3111 3325 3152 non
3353 3095 3698 3167 indignantes,
3723 3086 3804 3147 sed

2240 3188 2403 3243 etiam
2447 3187 2655 3257 placide
2690 3186 2946 3257 ferentes,
2979 3196 3137 3259 atque
3159 3187 3296 3244 adeo
3323 3187 3673 3245 blandientes.
3697 3193 3802 3236 cor-

2240 3289 2399 3349 rupto
2422 3279 2676 3349 deinceps
2703 3281 3046 3335 conscientia:
3061 3278 3285 3348 judicio,
3308 3280 3596 3335 multorum
3621 3282 3804 3330 senten-

2243 3374 2313 3429 tia
2333 3373 2635 3444 deprsvatte
2659 3389 2772 3430 sua:
2795 3373 2960 3429 menti
2989 3372 3365 3444 adstipulante,
3390 3373 3518 3444 quid
3537 3385 3636 3426 non
3659 3363 3802 3422 aude—

2241 3466 2360 3522 bit?
2402 3465 2613 3536 quando
2653 3474 2834 3521 autem
2880 3466 3116 3535 seipsum
3163 3461 3570 3528 condemnabit,
3616 3468 3667 3516 et
3703 3457 3802 3512 sine

2242 3557 2492 3627 scrupulo
2537 3571 2760 3627 peccare
2799 3555 3066 3612 cessabit?
3108 3554 3330 3626 Oportet
3375 3556 3551 3626 itaque
3585 3551 3729 3607 etiam
3762 3544 3802 3599 si

2242 3656 2362 3721 quis
2389 3651 2587 3706 malum
2618 3649 2776 3706 faciat
2800 3650 3035 3720 seipsum
3066 3647 3461 3714 condemnare;
3490 3660 3584 3718 per
3610 3641 3660 3697 id
3679 3637 3798 3695 enim

2243 3759 2309 3803 eo
2334 3746 2634 3814 devenitur,
2662 3753 2721 3800 ut
2749 3761 2780 3800 a
2808 3744 2948 3799 malo
2971 3751 3231 3807 cessetur,
3253 3750 3308 3797 et
3332 3741 3462 3798 licet
3481 3753 3595 3810 qum
3612 3735 3736 3791 bona
3756 3734 3804 3784 οι

2245 3840 2467 3897 honesta
2509 3847 2634 3893 sunt
2674 3852 2783 3893 non
2813 3836 2984 3903 faciat,
3013 3851 3077 3894 ea
3106 3844 3283 3890 tamen
3312 3834 3552 3890 laudare.
3588 3827 3708 3884 Nam
3730 3821 3801 3876 via

2243 3933 2311 3989 ad
2340 3933 2702 4004 operationem
2727 3938 2812 3986 est
2831 3930 3098 3986 alacritas.
3124 3930 3195 3985 At
3218 3927 3324 3992 hic.
3354 3926 3602 4000 quoniam
3625 3919 3685 3976 iis
3701 3927 3801 3986 qua:

2244 4025 2380 4081 ﬁunt
2416 4024 2719 4096 applaudit,
2756 4023 2878 4095 jure
2910 4038 3034 4079 eum
3076 4021 3357 4092 insigniter
3401 4028 3459 4076 et
3491 4014 3802 4072 vehementer

2244 4118 2432 4187 pungit
2455 4132 2520 4172 ac
2542 4125 2711 4173 notat.
2735 4116 2792 4172 Si
2816 4115 2958 4171 enim
2978 4114 3060 4171 vel
3084 4106 3467 4184 reprehensum
3488 4109 3663 4165 vitium
3687 4099 3801 4155 adeo

2245 4211 2407 4280 viget.
2433 4217 2488 4264 et
2513 4209 2722 4264 laudata
2749 4209 2917 4264 virtus
2936 4208 3021 4264 vix
3043 4223 3170 4264 suos
3196 4207 3263 4275 ad
3292 4207 3518 4262 sudores
3542 4199 3797 4272 provocat!

2244 4301 2373 4373 quid
2406 4301 2508 4356 erit
2546 4301 2591 4356 si
2614 4301 2718 4357 hoc
2740 4316 2846 4356 non
2873 4299 3069 4356 factum
3101 4300 3299 4356 fuerit?
3330 4300 3444 4356 Hoc
3468 4293 3649 4352 viderit
3669 4285 3799 4357 quis—

2247 4395 2388 4464 piam
2418 4393 2531 4448 iieri
2573 4394 2657 4449 vel
2696 4394 2750 4448 in
2779 4391 2948 4448 choro
2971 4392 3305 4448 sacerdotum
3338 4409 3352 4445 :
3386 4386 3526 4462 quod
3554 4385 3596 4438 si
3626 4382 3715 4434 hoc
3731 4373 3801 4429 vel

2249 4486 2302 4540 in
2328 4485 2601 4554 discipulis
2619 4499 2781 4556 grave
2807 4493 2912 4551 est,
2945 4484 3114 4538 multo
3138 4482 3306 4552 magis
3332 4482 3387 4537 in
3415 4471 3683 4549 magistris.

2318 4575 2372 4632 8.
2401 4551 2538 4641 Quid
2563 4551 2711 4643 facis,
2731 4590 2767 4631 ο
2794 4573 2988 4629 homo?
3008 4574 3116 4630 Lex
3139 4551 3330 4629 violata
3357 4579 3461 4637 est,
3488 4551 3798 4633 temperantia

2249 4677 2554 4739 οθηῑεηιβιθ
2574 4678 2674 4733 es"
2701 4660 2779 4721 ίδι
2799 4676 3014 4737 βεϐαιιῦ
3042 4666 3110 4721 ab
3128 4665 3308 4733 aliquo
3328 4675 3535 4724 eorum,
3552 4654 3633 4727 qui
3654 4657 3801 4705 sacer-

2249 4761 2397 4816 dotio
2417 4760 2728 4832 funguntur,
2757 4758 3040 4814 commissa
3057 4766 3202 4822 sunt,
3228 4755 3436 4811 inferna
3453 4744 3680 4820 supernis
3695 4747 3803 4793 cnn-

2251 4851 2366 4907 fusa
2384 4830 2549 4908 sunt}
2575 4861 2734 4922 atque
2751 4850 2888 4905 adeo
2903 4865 3023 4919 quae
3051 4863 3281 4919 superna
3302 4855 3447 4913 sunt,
3470 4840 3665 4898 inferna
3688 4830 3801 4922 facta

2250 4952 2394 5009 sunt,
2418 4952 2473 4999 et
2496 4951 2552 4997 tu
2576 4919 2683 4997 non
2705 4940 3103 5012 perhorrescis?
3122 4942 3193 4995 At
3211 4939 3468 5009 propheta
3488 4927 3687 5003 quidem
3707 4919 3800 5012 ips“

2254 5036 2415 5092 etiam
2436 5010 3042 5090 elementainsensibilia
3055 5039 3212 5087 vocat
3234 5031 3304 5085 ad
3324 5024 3628 5102 gravissimo
3643 5010 3802 5102 dolare

2254 5127 2412 5182 simul
2437 5125 2681 5181 deﬂenda
2715 5140 2777 5180 ac
2803 5124 3129 5194 deploranda
3154 5122 3313 5188 mala,
3331 5100 3458 5191 qua:
3488 5100 3804 5194 communiter

2257 5219 2390 5275 ﬁunt
2412 5237 2425 5272 :
2451 5219 2657 5289 Stupuit
2674 5188 2938 5278 cretum-et
2955 5225 3087 5271 tetra
3102 5215 3296 5269 horruit
3314 5188 3469 5283 supra
3483 5202 3673 5289 modum
3691 5188 3802 5263 (19"

2255 5312 2310 5365 2.
2345 5311 2458 5382 12).
2584 5325 2769 5365 rursus
2809 5327 2823 5364 :
2877 5308 3088 5380 Lugcbit
3116 5305 3396 5367 Carmelus,
3428 5296 3605 5371 lugebit
3628 5288 3798 5382 vinum,

2259 5378 2443 5474 lugebit
2463 5403 2606 5457 vinea
2627 5400 2779 5473 (Isai.
2800 5401 2890 5455 2-1.
2910 5378 2987 5470 7).
3010 5399 3076 5453 Et
3092 5398 3338 5453 inanimae
3357 5391 3561 5466 quidem
3579 5378 3803 5474 orca-tut?“

2260 5494 2442 5565 lugent
2480 5502 2534 5549 et
2574 5493 2948 5563 ingemiscunt,
2981 5501 3141 5560 atque
3168 5504 3273 5544 una
3304 5501 3423 5544 cum
3452 5476 3661 5537 Domino
3674 5459 3829 5565 illd“,

2259 5597 2487 5659 gnantur
2510 5605 2522 5641 :
2543 5597 2597 5641 tu
2618 5597 2793 5641 autem
2810 5586 2897 5658 qui
2919 5600 2979 5640 es
3004 5583 3227 5639 rationis
3249 5581 3523 5652 particep9.
3544 5576 3641 5622 "0"

2264 5699 2369 5739 non
2417 5681 2788 5752 reprehendis,
2830 5695 2935 5735 non
2964 5693 3023 5734 es
3053 5676 3341 5734 vehemens
3369 5672 3502 5728 ultor
3537 5661 3693 5727 108m"
3722 5643 3797 5697 De.

2344 5842 2359 5873 ί
2397 5842 2464 5888 sic
2484 5836 2676 5896 Morel;
2705 5844 2838 5898 μσς..
2867 5834 2945 5885 illc
2970 5834 3092 5883 enim
3113 5839 3257 5899 potest
3292 5829 3447 5881 dicere
3469 5811 3723 5891 passionem.
