4064 6418
323 365 429 423 251

328 482 473 545 min,
494 480 588 533 καὶ
604 482 677 535 τά
695 480 847 552 χείλη
870 481 1094 536 κινεῖται
1119 479 1312 551 μάτην,
1334 479 1429 532 καὶ
1462 478 1551 531 ἐπὶ
1592 473 1914 543 κατακρίσει

328 562 429 617 τοῦ
465 563 845 631 λέγοντος.“Δν
865 563 922 616 δὲ
941 564 1038 630 τὴν
1055 562 1292 616 διάνοιάν
1310 578 1393 624 τις
1428 562 1451 613 ἐ
1459 560 1717 631 ρευνήσῃ,
1752 555 1918 608 πολὺν

331 648 558 720 εὑρήσει
576 646 671 699 τὸν
690 646 925 716 πόλεμον
944 646 1190 700 δντα.·Σὺ
1210 645 1278 699 δὲ
1295 646 1596 715 ἐμίσησας
1620 640 1917 701 παιδείαν,

333 730 439 784 και
471 729 755 794 ἐξέϐαλες
793 730 935 796 τοὺς
969 732 1189 799 λόγους
1211 746 1332 798 μου
1355 731 1442 793 είς
1459 726 1523 780 τὸ
1547 725 1757 779 ὀπίσω.
1782 725 1918 776 Παι-

332 815 485 868 δείαν
520 812 757 867 ἐνταῦθά
794 831 927 883 φησι
964 814 1062 885 τὴν
1102 812 1197 890 τού
1234 814 1399 883 νόμου
1435 807 1802 868 διδασκαλίαν,
1823 804 1922 877 τὴν

334 898 476 969 τὴνι
515 895 695 967 ψυχὴν
734 896 1118 967 ῥυθμίζουσαν,
1139 896 1236 967 τὴν
1255 898 1353 967 τήν
1373 894 1571 949 κακίαν
1593 890 1924 945 ἀπελαύνου-

337 999 461 1045 σαν,
482 982 576 1034 καὶ
612 981 711 1050 τὴν
750 980 950 1051 ἀρετὴν
978 978 1474 1049 καταφυτεύουσαν.
1498 975 1622 1039 Πῶς
1641 970 1733 1027 οὖν
1754 973 1924 1042 αὐτὴν

341 1062 760 1135 μεταχειρίζεις,
782 1064 875 1116 καὶ
895 1064 971 1125 είς
994 1061 1213 1132 ἐτέρους
1236 1060 1497 1128 σπείρεις,
1520 1058 1683 1122 αὐτὸς
1713 1056 1798 1110 διά
1818 1055 1926 1109 τῶν

342 1150 520 1220 ἔργων
557 1147 726 1217 αὐτὴν
768 1145 842 1218 μὴ
878 1145 1049 1217 ἔχωνς
1080 1145 1391 1210 Ἐξέϐαλες
1429 1142 1558 1214 γὰρ,
1596 1141 1751 1213 φησὶ.
1784 1138 1922 1205 τοὺς

341 1235 569 1300 λόγους
580 1247 699 1298 μου
717 1232 802 1295 είς
819 1229 892 1282 τὰ
912 1228 1122 1282 ὀπίσω.

418 1313 567 1378 ζ’.ού
579 1314 686 1384 γὰρ
705 1312 863 1382 μόνον
881 1312 941 1365 οὐ
963 1308 1272 1381 πῳέθηκάς
1290 1327 1343 1363 τι
1362 1306 1513 1379 παρά
1531 1307 1631 1377 τῆς
1647 1304 1743 1358 τοῦ
1761 1304 1926 1376 νόμου

342 1396 712 1457 διδασκαλίας,
734 1394 871 1448 ἀλλά
887 1395 982 1448 καὶ
999 1393 1027 1445 ὂ
1049 1394 1155 1446 ἀπὸ
1173 1393 1272 1464 τῆς
1293 1391 1506 1461 φύσεως
1526 1390 1691 1460 ἔχεις,
1712 1391 1930 1463 ἐπήρω-

347 1498 469 1543 σας.
494 1480 613 1532 Τῶν
643 1479 753 1548 γάρ
772 1479 833 1531 ού
856 1478 1165 1547 πρακτέων,
1187 1478 1283 1531 καὶ
1320 1475 1429 1529 τῶν
1455 1474 1530 1547 μὴ
1548 1474 1804 1529 τοιούτων
1824 1491 1927 1542 φυ-

348 1562 520 1626 σικῶς
539 1563 813 1630 ἐγκεινται
831 1563 965 1632 ἡμῖν
983 1563 1032 1614 οί
1054 1561 1222 1629 λόγοι.
1262 1561 1336 1613 Σὺ
1363 1561 1429 1614 ’δὲ
1468 1559 1667 1620 αὐτοὺς
1702 1556 1927 1621 ἀπώσω,

347 1649 447 1700 καὶ
465 1647 566 1699 οὐκ
586 1640 729 1714 εἶχες
748 1646 806 1696 ἐν
829 1646 1036 1715 μνήμῃ.
1059 1646 1127 1697 El
1160 1641 1426 1711 ἐθεώρεις
1456 1641 1745 1710 κλέπτην,
1781 1654 1931 1693 συν-

347 1730 587 1799 ἐτρεχες
607 1727 784 1793 αὐτῷ,
807 1727 906 1781 καί
916 1728 1068 1796 μετὰ
1075 1727 1295 1796 μοιχοῦ
1316 1726 1432 1794 τὴν
1445 1727 1658 1797 μερίδα
1677 1741 1792 1779 σου
1810 1723 1900 1776 ἑτί
1917 1756 1928 1763 -

347 1820 493 1878 (lem.
512 1812 727 1877 Ἐπειδὴ
749 1812 856 1882 γὰρ
875 1812 974 1864 οὐκ
994 1810 1138 1864 ἐστιν
1158 1809 1443 1880 ἄνθρωπον
1478 1810 1653 1880 εὑρεῖν
1687 1808 1934 1877 ἀναμάρ-

349 1914 512 1967 τητον
551 1894 778 1948 καθόλου
801 1910 815 1923 ·
854 1894 934 1947 διὸ
972 1893 1064 1947 καί
1095 1910 1177 1957 τις
1212 1893 1391 1960 ἔλεγε·
1434 1893 1527 1958 Τίς
1563 1889 1934 1960 καυχήσεται

350 1979 550 2049 ἁγνὴν
585 1978 750 2047 ἔχειν
783 1976 899 2043 τὴν
936 1976 1221 2045 καρδίαν;
1256 1976 1294 2044 ἢ
1333 1978 1426 2041 τίς
1460 1973 1935 2043 παρρησιάσεται

350 2062 614 2131 καθαρὸς
648 2057 797 2115 εἶναι
830 2059 948 2114 ἀπὸ
984 2059 1304 2128 άμαρτίας;
1356 2059 1450 2112 καὶ
1487 2058 1696 2119 Παῦλος
1732 2056 1933 2119 εἰπὼν,

355 2146 552 2200 Ουδὲν
584 2143 816 2214 ἐμαυτῷ
853 2143 1128 2204 σύνοιδα,
1163 2146 1474 2213 ἐπήγαγενο
1523 2141 1687 2196 Ἀλλ’
1719 2142 1829 2193 οὐκ
1868 2137 1938 2190 ἐν

352 2236 546 2299 τούτῳ
574 2233 980 2302 δεδικαίωμαιο
1019 2232 1133 2293 καὶ,
1170 2232 1404 2295 Δίκαιος
1442 2228 1511 2282 δὲ
1543 2226 1761 2281 ἑαυτοῦ
1800 2242 1941 2279 κατ·

352 2323 571 2392 ήγορος
595 2321 663 2375 ἐν
681 2321 1074 2389 πρωτολογίᾳ,
1097 2318 1319 2389 εὔδηλον
1355 2319 1438 2371 ὃτι
1467 2315 1582 2372 τῶν
1617 2318 1835 2387 ήμαρτη
1846 2314 1940 2384 μέ-

353 2430 465 2464 νων
484 2411 635 2480 αύτῳ
653 2426 665 2438 ο
690 2409 777 2461 ἵνα
799 2404 890 2461 οὖν
931 2408 1117 2477 μηδεὶς
1138 2407 1235 2478 ἔχῃ
1265 2405 1464 2473 λέγειν,
1483 2403 1568 2459 ὅτι
1584 2405 1642 2456 El
1666 2404 1866 2465 πάντες
1885 2403 1940 2453 ἐν

354 2498 672 2568 ἁμαρτίαις,
693 2497 785 2550 τὸν
821 2495 880 2549 δὲ
918 2495 1239 2565 ἁμαρτωλὸν
1268 2493 1519 2546 ἐκέλευσε
1544 2492 1617 2563 μή
1638 2489 1942 2561 διηγεῖσθαι

354 2592 429 2639 τά
463 2584 649 2638 δικαιιὶ
661 2601 825 2654 ματα,
846 2583 929 2645 τίς
964 2582 1116 2635 ἐσται
1142 2583 1170 2634 0
1188 2581 1612 2652 διηγησόμενος;
1652 2580 1740 2632 ἵνα
1763 2580 1835 2650 μή
1860 2596 1943 2643 τις

355 2670 453 2727 05v
483 2673 659 2741 ταῦτα
692 2671 846 2742 λέγῃ,
867 2670 1047 2740 τίθησι
1067 2669 1161 2724 καὶ
1180 2672 1298 2724 κατ’
1318 2666 1455 2733 εἶδος
1486 2668 1773 2739 ἀμαρτιῶν
1804 2668 1941 2737 εῐδη.

360 2762 544 2815 Ἐστι
587 2760 691 2831 γὰρ
730 2761 985 2827 ἁμαρτία
1024 2760 1174 2827 πρὸς
1213 2758 1490 2821 θάνατον,
1513 2758 1765 2828 καθάπερ
1801 2756 1944 2811 καὶὸ

370 2848 524 2903 Ἠλεὶ
565 2848 747 2915 ἔλεγεν
764 2864 779 2878 ·
826 2847 970 2901 Ἐὰν
1013 2846 1290 2915 ἁμαρτὼν
1336 2845 1562 2915 ἁμάρτῃ
1613 2846 1943 2912 ἅνθρωπος,

359 2936 759 3005 προσεύξεται
778 2934 909 3002 περὶ
929 2933 1115 2988 αὐτοῦ
1135 2936 1168 2987 ό
1190 2933 1380 3000 ἱερεύς
1399 2949 1410 2961 ·
1438 2933 1546 2986 ἐὰν
1564 2931 1633 2986 δὲ
1651 2932 1731 2996 τῷ
1754 2932 1948 2999 Κυρίῳ

361 3024 618 3093 ἁμάρτῃ,
642 3022 732 3087 τίς
773 3019 1169 3089 προσεύξεται
1207 3019 1340 3087 περὶ
1381 3018 1599 3083 αὐτοῢ;
1633 3020 1743 3072 Καὶ
1777 3020 1835 3072 ἐν
1868 3017 1947 3089 τῷ

365 3113 521 3181 νόμῳ
538 3111 593 3164 δὲ
611 3111 678 3163 τὰ
701 3109 798 3180 μὲν
816 3105 884 3179 ἦν
903 3108 1118 3174 ἀνίατα,
1142 3108 1218 3172 ὡς
1236 3109 1331 3161 καὶ
1351 3106 1567 3176 θανάτῳ
1587 3105 1909 3169 κολάξεσθαι
1929 3123 1944 3138 ο

370 3200 443 3251 τά
461 3199 519 3251 δέ
535 3194 641 3269 εἶχέ
660 3214 779 3250 τινα
798 3195 1057 3266 ταχίστην
1077 3194 1427 3266 παραμυθίαν
1448 3210 1460 3222 ⁸
1502 3194 1644 3247 οὕτω
1663 3196 1755 3249 καὶ
1775 3195 1801 3246 0
1820 3195 1863 3247 Χ
1872 3210 1952 3265 ρι-

380 3286 503 3345 στὸς
522 3287 575 3338 ἐν
592 3289 655 3355 τῇ
679 3286 855 3355 Καινῇ
872 3301 885 3313 ·
904 3285 1047 3337 Ἐὰν
1064 3281 1295 3351 ἁμάρτῃ
1333 3285 1365 3336 ό
1385 3280 1650 3349 ἀδελφός
1680 3296 1820 3343 σου»
1844 3299 1951 3352 φη-

374 3377 481 3437 σὶν,
507 3373 756 3442 ἔλεγξον
774 3372 961 3427 αὺτὸν
972 3371 1202 3441 μεταξὺ
1231 3370 1348 3425 σοῦ
1387 3370 1486 3424 καί
1513 3369 1701 3424 αὐτοῦ
1732 3370 1949 3439 μόνου.

386 3462 524 3514 Ἐὰν
540 3459 608 3513 δὲ
634 3460 997 3529 μίιάκούση,
1022 3457 1330 3527 παράλαϐε
1363 3456 1496 3512 ἕτιδ
1530 3457 1683 3527 μετὰ
1722 3456 1953 3511 σαυτοῦ

367 3548 506 3611 δύο,
535 3548 713 3617 φησίν.
731 3547 873 3602 Ἐὰν
903 3545 1059 3615 μηδὲ
1095 3546 1324 3599 τούτων
1358 3544 1615 3612 ἀκούσῃ,
1659 3542 1818 3605 ἔστω
1855 3558 1954 3596 σοι

368 3636 455 3701 ὡς
475 3638 509 3688 ὁ
531 3634 763 3700 ἐθνικὸς
785 3634 882 3687 καὶ
909 3632 1190 3700 τελώνης.
1220 3630 1410 3684 Καίτοι
1429 3647 1492 3697 γε
1513 3629 1746 3701 ἀλλαχοῦ
1776 3630 1959 3683 εἰπόν-

369 3743 464 3788 τος
505 3722 598 3776 τοῦ
634 3724 837 3793 Πέτρου
858 3740 872 3754 ·
902 3721 1187 3787 Ποσάκις,
1218 3720 1329 3773 ἐὰν
1365 3719 1593 3789 ἁμάρτῃ
1627 3723 1658 3774 ό
1692 3718 1958 3787 ἀδελφός

367 3829 492 3883 μου
525 3812 611 3876 είς
635 3810 760 3880 ἐμὲ,
791 3808 1007 3879 ἀφήσω
1042 3805 1233 3872 αὐτῷ;
1270 3807 1363 3860 καὶ
1400 3805 1760 3869 ἀκούσαντοςο
1803 3803 1959 3869 Ἕως

371 3897 874 3967 ἑϐδομηκοντάκις
897 3896 1045 3949 ἑπτά
1059 3913 1071 3924 ·
1096 3894 1331 3948 ἐνταῦθα
1349 3894 1406 3947 δὲ
1428 3894 1564 3965 μετὰ
1583 3893 1675 3946 δύο
1696 3892 1959 3963 παραινέ-

374 4004 494 4051 σεις
517 3987 654 4058 μέγα
671 3985 904 4039 δείκνυσι
923 3985 986 4038 τὸ
1004 3984 1403 4055 πλημμέλημα,
1427 3982 1521 4037 καὶ
1540 3983 1639 4035 ούκ
1659 3982 1961 4050 ἀναγκάζει

375 4077 715 4146 παραμεῖναι
750 4071 932 4127 πάλιν.
956 4072 1021 4124 Τί
1056 4067 1148 4126 οὖν
1168 4090 1182 4137 ;
1205 4071 1421 4125 ἐναντία
1442 4069 1592 4143 [255]
1614 4069 1784 4123 ταῦτα
1818 4069 1962 4123 ἐκεί-

378 4179 523 4225 νωνς
548 4162 759 4230 Ἀπαγε
778 4178 793 4191 ·
815 4161 950 4216 ἀλλά
981 4162 1061 4224 τὸ,
1108 4159 1643 4231 Ἕϐδομηκοντάκις
1676 4160 1845 4226 ἑπτὰ,
1866 4159 1961 4213 ἐὰν

380 4252 639 4321 μετανοῇ,
660 4248 825 4318 λέγει.
850 4249 973 4312 Πῶς
992 4253 1101 4318 γὰρ
1120 4249 1185 4303 ἀν
1203 4265 1287 4312 τις
1306 4249 1506 4320 ἀφήσει
1524 4247 1603 4318 τῷ
1629 4246 1761 4318 μηδέ
1783 4249 1964 4317 ήμαρ-

377 4338 606 4407 τηκέναι
638 4337 1005 4408 ὁμολογοῦντι,
1030 4335 1163 4408 μηδὲ
1202 4335 1584 4406 μετανοοῦντι;
1615 4335 1725 4387 Καὶ
1744 4334 1852 4405 γὰρ
1872 4335 1962 4387 τὸν

383 4426 569 4498 ἰατρὸν
603 4428 867 4497 φάρμακα
892 4423 1266 4486 ἀπαιτοῦντες,
1291 4423 1460 4476 καὶτὸ
1478 4423 1635 4486 ἐλκος
1654 4422 1832 4475 δείκνυ
1841 4439 1961 4492 μεν.

379 4517 484 4579 Τίς
518 4510 610 4568 οὖν
647 4517 795 4568 ἐστιν
813 4516 842 4568 0
862 4511 1199 4585 ἁμαρτωλὸς.
1226 4512 1353 4583 περὶ
1389 4506 1451 4566 οὗ
1489 4528 1653 4583 φησιν
1674 4511 1959 4582 ἐνταῦθαή

382 4606 611 4677 Γραφή;
657 4603 1000 4673 Ἀκούσωμεν
1039 4601 1178 4673 μετά
1212 4601 1516 4672 ἀκριϐείας.
1540 4601 1652 4654 Καὶ
1688 4600 1796 4670 γὰρ
1830 4600 1964 4653 ὑπο-

379 4693 585 4764 γράφει
622 4692 805 4758 αύτὸν,
822 4691 917 4744 διὰ
943 4690 1053 4743 τῶν
1071 4689 1200 4759 ἑξῆς
1218 4688 1360 4741 οὕτω
1377 4687 1550 4756 λέγων
1569 4705 1583 4719 ·
1606 4689 1676 4741 Ei
1698 4686 1965 4755 ἐθεώρεις

380 4779 672 4847 κλέπτην,
695 4778 1052 4847 συνέτρεχες
1070 4776 1254 4842 αὐτῷ,
1279 4774 1376 4829 καὶ
1410 4774 1562 4844 μετά
1590 4773 1822 4844 μοιχῶν
1851 4774 1968 4842 τὴν

379 4866 594 4938 μερίδα
612 4882 729 4921 σου
748 4866 978 4930 ἐτίθεις.
1008 4864 1079 4918 Τὸ
1117 4864 1311 4932 στόμα
1334 4878 1446 4916 σου
1487 4862 1825 4916 ἐπλεόνασε
1863 4878 1969 4915 κα-

384 4955 547 5016 κίαν,
573 4953 670 5006 καί
697 4954 736 5021 η
759 4950 1011 5021 γλῶσσά
1049 4965 1166 5005 σου
1208 4948 1561 5017 περιέπλεκε
1591 4948 1963 5017 δολιότητας.

384 5041 733 5110 Καθήμενος
749 5041 897 5095 κατὰ
916 5038 1023 5094 τοῦ
1042 5037 1310 5107 ἀδελφοῦ
1330 5052 1447 5091 σου
1476 5036 1847 5102 κατελάλεις,
1867 5037 1965 5090 καὶ

386 5130 540 5185 κατὰ
560 5128 665 5183 τοῦ
685 5128 818 5183 υιοῦ
840 5126 949 5194 τῆς
961 5127 1189 5196 μητρός
1217 5141 1334 5180 σου
1355 5125 1571 5191 ἐτίθεις
1591 5124 1964 5179 σκάνδαλον.

392 5214 543 5281 Εἶδες
581 5217 830 5286 καθάπερ
866 5218 923 5270 ἐν
959 5216 1126 5269 εἰκόνι
1144 5217 1244 5285 τῆς
1262 5213 1459 5277 κακίας
1476 5214 1546 5267 τὰ
1564 5212 1852 5284 χρώματα,
1876 5213 1972 5265 καὶ

391 5304 512 5368 πῶς
547 5304 734 5375 θηρίον
769 5307 798 5358 0
835 5304 1070 5374 πονηρὸς
1107 5302 1297 5371 γέγονε
1316 5303 1382 5373 τῇ
1405 5299 1593 5371 κακίᾳ,
1615 5299 1717 5369 τῆς
1756 5298 1972 5368 φύσεως

389 5393 489 5465 τήν
529 5392 804 5458 εὐγένειαν
843 5391 1105 5462 προδούς;
1136 5391 1228 5461 Μὴ
1248 5389 1426 5443 τοίνυν
1449 5386 1634 5451 ἀπλῶς
1654 5385 1999 5456 ἐπέλθωμεν.

391 5481 492 5553 τήν
529 5479 731 5545 εἰκόνα,
752 5478 869 5533 ἀλλ’
890 5476 1133 5549 ἀκριϐῶς
1172 5476 1268 5531 καὶ
1306 5474 1427 5529 καθ’
1449 5476 1677 5529 ἕκαστον
1697 5472 1974 5539 ἐξετάζον-

456 5663 483 5690 υ
508 5660 588 5709 Sic
605 5657 741 5718 (ἴση).
767 5657 965 5715 melius,
987 5653 1207 5718 repetito
1225 5654 1529 5718 praenomine
1549 5651 1654 5718 τήν.

456 5722 489 5763 ιι
511 5720 636 5778 Ἕτι,
658 5725 704 5767 ει
728 5717 849 5768 infra
874 5711 961 5772 ἕως
984 5711 1100 5765 εηὶε
1125 5711 1522 5778 ἑϐδομηκοντάκις
1548 5715 1756 5766 deerant
1775 5716 1826 5764 in
1849 5711 1967 5765 edit.

394 5784 591 5844 ὶῑοτεῑ..
615 5775 703 5832 Sed
724 5781 967 5830 habemur
985 5778 1036 5829 in
1057 5791 1172 5827 mss.
1198 5775 1252 5828 et
1273 5775 1422 5825 Savil.

1388 358 1755 418 Exposmo
1786 356 1858 412 ιιι
1893 320 2232 414 ΡεΑιΜυιί
2268 354 2460 412 xm.

3495 358 3605 414 ‘253

2015 486 2123 533 τες.
2175 473 2235 525 Εἰ
2256 466 2523 538 ἐθεώρεις
2545 465 2838 532 κλέπτην,
2862 482 2933 535 φη
2943 465 3011 531 τί,
3036 466 3394 539 συνέτρεχες
3418 469 3600 536 αὐτῷ.

2086 552 2256 604 Τοῦτο
2271 551 2488 604 πάντων
2505 550 2674 602 αῐτιον
2693 549 2802 601 τῶν
2821 549 3006 601 κακῶν
3024 567 3036 580 ·
3055 548 3214 604 τοῦτο
3237 551 3470 621 μάλιστά
3489 553 3607 605 ἐστι

2015 635 2076 687 τὸ
2093 635 2228 687 ἀνατ
2237 635 2399 705 ρέπον
2419 632 2642 703 ἀρετὴν,
2662 632 2723 685 τὸ
2740 631 2931 685 ἐκλύον
2950 633 3049 703 τὴν
3073 635 3200 704 περὶ
3233 634 3304 688 τά
3341 634 3482 690 καλά
3498 634 3609 689 τῶν

2019 717 2227 770 πολλῶν
2268 717 2524 786 σπουδὴν,
2545 716 2675 769 ὅταν
2700 715 2774 785 μὴ
2807 714 2965 783 μόνον
3004 716 3077 785 μὴ
3119 718 3417 787 ’ἐπιτιμῶσι
3440 734 3606 781 τινες,

2019 801 2156 855 ἀλλά
2195 803 2288 854 καὶ
2327 800 2661 869 συνήδωνται
2701 802 2814 861 τοῖς
2866 799 3256 870 ἁμαρτάνουσι.
3304 800 3474 853 Τοῦτο
3510 800 3609 854 τοῦ

2020 885 2356 957 ἁμαρτάνειν
2385 884 2486 937 οὐκ
2504 881 3021 936 ἐλαττον.Ἀκουσον
3042 882 3173 949 γοῦν
3195 883 3409 935 Παύλου
3432 884 3611 950 λέγον-

2021 985 2111 1031 τος
2129 985 2142 998 ο
2189 969 2271 1022 Οὺ
2305 968 2498 1036 μόνον
2515 965 2670 1019 αὐτὰ
2689 963 2989 1027 ποιοῦσιν,
3015 965 3177 1018 ἀλλὰ
3200 965 3298 1018 καὶ
3318 965 3611 1019 συνευδο-

2021 1052 2199 1106 κοῦσι
2242 1050 2369 1116 τοῖς
2409 1050 2818 1118 πράσσουσιν.
2858 1045 2933 1098 Οὐ
2996 1047 3187 1116 μικρὸν
3222 1047 3278 1100 δὲ
3319 1049 3413 1101 καὶ
3451 1047 3615 1101 τοῦτο

2023 1133 2243 1206 ἀμάρτη
2254 1150 2350 1203 μα,
2372 1132 2474 1184 κᾶν
2499 1130 2573 1202 μὴ
2592 1129 2810 1201 πράττῃ
2828 1146 2907 1193 τις
2930 1128 2997 1182 τά
3017 1129 3183 1191 κακὰ,
3204 1131 3264 1182 τὸ
3292 1130 3614 1202 συνήδεσθαι

2023 1219 2137 1279 τοῖς
2176 1217 2383 1277 κακοῖς.
2403 1213 2464 1269 Ὀ
2487 1213 2584 1284 μὲν
2604 1212 2712 1283 γὰρ
2740 1212 2853 1282 ἔχει
2885 1211 2984 1282 τήν
3006 1212 3254 1283 ἀνάγκην
3284 1212 3456 1265 εἰπεῖν
3477 1253 3490 1276 ,
3515 1211 3614 1282 τὴν

2026 1298 2214 1352 πενίαν
2233 1295 2586 1351 αἰτιάσασθαι
2610 1306 2657 1359 ο,
2680 1297 2728 1348 εί
2748 1296 2843 1349 καὶ
2867 1294 2942 1366 μὴ
2964 1293 3175 1363 εύλογοι
3210 1297 3264 1348 αἱ
3290 1296 3611 1366 προφάσεις

2028 1385 2092 1436 σὺ
2111 1384 2169 1436 δέ
2191 1381 2355 1435 πόθεν
2376 1383 2619 1443 ἐπαινεῖς
2656 1380 2718 1432 τὸ
2756 1379 3144 1447 γεγενημένον,
3166 1379 3286 1433 οὐδὲ
3318 1380 3419 1449 τὴν
3440 1379 3498 1443 ἐξ
3519 1378 3617 1431 αύ-

2025 1466 2120 1521 τοῦ
2160 1464 2539 1537 καρπούμενος
2577 1464 2770 1535 ἡδονήν
2792 1479 2807 1527 ;
2844 1464 3109 1525 Κάκεῖνος
3133 1463 3231 1533 μὲν
3253 1463 3382 1527 ἴσως
3404 1462 3498 1516 καὶ
3521 1478 3619 1531 με-

2025 1548 2362 1618 ταγνώσεται
2383 1567 2396 1579 ·
2425 1549 2488 1600 σὺ
2528 1548 2584 1601 δέ
2625 1549 2719 1601 καὶ
2755 1546 2957 1609 ταύτας
2977 1546 3285 1609 ἀποκλείεις
3305 1546 3401 1609 τὰς
3423 1544 3614 1617 θύρας,

2029 1634 2123 1685 καὶ
2141 1633 2204 1684 τὸ
2221 1632 2510 1702 φάρμακον
2531 1631 2792 1700 ἀναιρεῖς,
2816 1630 2910 1682 καὶ
2929 1630 3254 1699 ἀνατρέπεις
3286 1630 3388 1698 τὴν
3419 1627 3619 1681 τοσαύ-

2029 1734 2127 1786 την
2150 1714 2527 1785 παραμυθίαν,
2552 1712 2817 1781 πάντοθεν
2840 1713 3016 1783 ἐαυτῷ
3037 1713 3389 1783 προσχωννὺς
3409 1711 3501 1764 τὶν
3539 1711 3620 1764 λι-

2034 1805 2168 1875 μένα
2203 1804 2301 1873 τῆς
2345 1802 2437 1854 ἐπὶ
2478 1802 2577 1873 τὴν
2625 1798 2906 1872 μετάνοιαν
2941 1800 3397 1854 ἐπανόδου.”οταν
3416 1795 3509 1852 οὖν
3535 1798 3621 1872 ῖδῃ

2033 1905 2115 1952 σε,
2135 1888 2225 1940 τὸν
2264 1886 2419 1949 ἐκτὸς
2443 1886 2541 1956 τῆς
2566 1886 2859 1956 ἁμαρτίας,
2882 1886 2975 1938 καὶ
2994 1886 3086 1939 τὸν
3124 1886 3409 1956 ὀφείλοντα
3448 1889 3621 1939 ἐπιτι-

2036 1982 2224 2050 μῆσαι,
2247 1978 2307 2029 ού
2352 1976 2510 2047 μόνον
2537 1976 2611 2046 μὴ
2637 1975 2995 2045 ἐπιτιμῶντα,
3019 1976 3154 2030 ἀλλά
3174 1978 3266 2029 καὶ
3304 1975 3623 2040 συσκιάζον-

2033 2084 2120 2129 τα,
2145 2065 2241 2118 καὶ
2266 2064 2340 2134 μὴ
2365 2063 2724 2126 συσκιάζοντα
2759 2064 2937 2133 μόνον,
2962 2063 3097 2116 ἀλλά
3134 2064 3227 2117 καὶ⁵
3248 2062 3625 2134 συμπράττον-

2032 2172 2120 2218 τα,
2141 2152 2193 2205 τί
2216 2153 2480 2222 ἡγήσεται
2508 2151 2632 2222 περὶ
2656 2150 2882 2218 ἐαυτού;
2908 2151 2958 2202 τί
2980 2149 3035 2202 δέ
3056 2151 3185 2222 περὶ
3206 2150 3299 2203 τοῦ
3325 2149 3623 2220 τολμηθέν-

2033 2258 2157 2305 τος;
2185 2242 2271 2304 Ὠς
2296 2240 2403 2310 γὰρ
2427 2240 2494 2293 τά
2520 2238 2689 2292 πολλὰ
2711 2240 2760 2292 οἱ
2784 2238 2965 2291 πολλοὶ
2983 2240 3090 2292 τῶν
3113 2238 3415 2310 ἀνθρώπων
3438 2240 3537 2291 οὐκ
3558 2239 3625 2290 ἐκ

2036 2328 2274 2391 διανοίας
2323 2328 2482 2398 μόνον
2521 2325 2726 2389 ταύτας
2772 2327 2902 2397 περὶ
2938 2325 3046 2380 τῶν
3087 2326 3377 2399 πρακτέων
3399 2327 3623 2398 φέρουσι

2036 2416 2134 2479 τὰς
2156 2415 2387 2484 ψήφους,
2412 2412 2550 2467 ἀλλά
2573 2414 2668 2467 καὶ⁵
2690 2414 2754 2466 ἐκ
2776 2415 2875 2484 τῆς
2897 2413 3102 2485 ἐτέρων
3126 2413 3497 2485 προαιρέσεως
3516 2414 3627 2467 δια-

2040 2502 2419 2573 φθειρόμενον
2450 2499 2552 2553 κᾶν
2600 2500 2698 2569 μὲν
2743 2498 2828 2571 ἴδῃ
2868 2500 3077 2563 πάντας
3115 2499 3628 2570 ἀποστρεφομένους

2041 2588 2204 2645 αὐτὸν
2241 2589 2269 2640 0
2310 2585 2665 2658 ἡμαρτηκὼς,
2690 2587 2829 2656 μέγα
2867 2604 2921 2639 τι
2961 2586 3056 2639 καὶ
3083 2586 3320 2658 πονηρὸν
3364 2588 3628 2657 ἡγήσεται

2043 2678 2328 2749 εἰργάσθαι
2349 2691 2361 2703 '
2404 2677 2531 2729 ὅταν
2552 2675 2608 2727 δέ
2633 2674 2707 2747 μὴ
2731 2675 2888 2746 μόνον
2915 2673 2989 2746 μή
3010 2675 3469 2744 ἀγανακτοῦντας,
3495 2674 3631 2744 μηδέ

2044 2763 2515 2833 δυσχεραίνοντας,
2538 2761 2675 2815 ἀλλά
2718 2762 2813 2815 καὶ
2855 2764 3045 2832 πράως
3084 2762 3370 2833 φέροντας,
3395 2761 3488 2813 καὶ
3512 2777 3632 2813 συν-

2046 2850 2472 2920 εφαπτομένους,
2494 2848 2554 2901 τὸ
2577 2849 2641 2901 ἐκ
2662 2847 2755 2901 τοῦ
2779 2849 3076 2911 συνειδότος
3108 2846 3424 2919 διαφθείρας
3445 2846 3631 2901 λοιπὸν

2044 2935 2536 3007 δικαπήριον,τῆς
2575 2934 2683 2987 τῶν
2719 2934 2929 2987 πολλῶν
2948 2933 3128 3004 ψήφου
3170 2933 3633 3005 συμπραττούσης

2046 3024 2212 3079 αὑτοῦ
2237 3027 2303 3096 τῇ
2328 3022 2696 3093 διεφθαρμένη
2716 3020 2929 3092 γνώμῃ,
2952 3022 3007 3074 τί
3026 3021 3086 3073 ού
3109 3021 3369 3092 τολμήσει
3391 3038 3405 3084 ;
3428 3021 3554 3073 πότε
3574 3020 3633 3073 δὲ

2048 3111 2461 3179 καταγνώσεται
2499 3108 2714 3172 ἑαυτοῦ,
2739 3109 2833 3161 καὶ
2867 3106 3131 3161 παύσεται
3158 3107 3249 3160 τοῦ
3270 3106 3440 3169 ἀδεῶς
3462 3108 3637 3179 ἀμαρ-

2045 3199 2229 3252 τάνειν
2250 3214 2264 3262 ;
2289 3195 2378 3248 Διὸ
2398 3195 2526 3267 χρὴ,
2552 3194 2652 3248 κᾶν
2678 3195 2890 3266 πράττῃ
2917 3211 3001 3258 τις
3036 3193 3096 3247 τὺ
3131 3193 3386 3264 πονηρὸν,
3409 3211 3638 3262 καταγι-

2050 3286 2282 3341 νώσκειν
2303 3284 2497 3337 ἐαυτοῦ
2521 3301 2535 3314 ·
2559 3284 2677 3347 ὁδὸς
2698 3284 2806 3355 γὰρ
2830 3283 2986 3337 τοῦτο
3011 3285 3105 3335 ἐπὶ
3124 3284 3186 3336 τὸ
3206 3283 3508 3353 ἀποστῆναι
3541 3282 3636 3336 τοῦ

2051 3374 2290 3447 πονηροῦ
2309 3390 2323 3404 '
2348 3372 2450 3427 κᾶν
2479 3371 2554 3444 μὴ
2577 3373 2792 3446 πράττῃ
2812 3372 2879 3426 τά
2908 3371 3068 3436 καλὰ,
3092 3374 3334 3426 ἐπαινεῖν
3368 3372 3436 3426 τὰ
3476 3372 3636 3426 καλά.

2066 3464 2211 3526 Ὁδὸς
2252 3463 2355 3534 γὰρ
2401 3461 2490 3514 ἐπὶ⁵
2533 3461 2627 3531 τὴν
2666 3460 2926 3530 ἐργασίαν
2967 3463 3001 3533 ἡ
3049 3459 3342 3533 προθυμία.
3374 3459 3641 3514 Ἐνταῦθα

2057 3550 2259 3620 μέντοι,
2283 3545 2471 3615 ἐπειδὴ
2496 3546 2589 3597 καὶ
2609 3546 3006 3614 συνεφάπτεται
3027 3545 3134 3598 τῶν
3154 3544 3475 3615 γινομένων,
3498 3545 3643 3598 είκό-

2052 3653 2161 3698 τως
2180 3634 2344 3687 αὐτὸν
2370 3632 2490 3702 μεθ’
2513 3629 2665 3703 [256]
2688 3632 2995 3702 ὑπερϐολῆς
3016 3632 3187 3696 στίζει
3209 3634 3409 3701 πάσης.
3448 3633 3509 3685 Et
3532 3632 3642 3704 γὰρ

2057 3722 2437 3793 ἐπιτιμωμένη
2457 3722 2490 3789 ἡ
2510 3719 2678 3773 κακία
2697 3719 2948 3773 τοσοῦτον
2969 3721 3140 3783 ἀνθεῖ,
3162 3720 3257 3773 καὶ
3273 3720 3640 3790 ἐπαινουμένη

2057 3813 2091 3883 ή
2111 3811 2280 3882 ἀρετὴ
2303 3808 2455 3880 μόλις
2476 3807 2785 3861 ἐκκαλεῖται
2806 3808 2941 3879 πρὸς
2957 3809 3084 3869 τοὺς
3107 3807 3335 3879 ἱδρῶτας
3366 3808 3492 3873 τοὺς
3514 3810 3642 3861 ἐαυ-

2056 3899 2157 3968 τῆς
2174 3914 2187 3928 ο
2209 3897 2263 3949 τί
2284 3897 2432 3949 ἐσται
2457 3896 2506 3947 εἰ
2531 3894 2605 3965 μὴ
2623 3894 2782 3948 τοῦτο
2799 3895 3034 3962 γένοιτο;
3055 3894 3227 3948 Τοῦτο
3247 3895 3345 3948 ῐδοι
3364 3914 3446 3959 τις
3467 3896 3531 3950 ἂν
3548 3895 3646 3949 καὶ

2058 3986 2117 4036 ἐν
2136 3981 2283 4054 χορῷ
2307 3982 2498 4047 ἱερέων
2521 3980 2780 4044 πολλάκις
2796 3981 3078 4051 γινόμενον
3102 3999 3116 4012 ο
3154 3982 3203 4034 εί
3222 3982 3279 4035 δέ
3299 3982 3391 4034 ἐπὶ
3409 3982 3518 4035 τῶν
3542 3999 3641 4053 μαι

2062 4072 2242 4143 θητῶν
2262 4069 2497 4142 χαλεπὸν
2516 4069 2696 4137 τοῦτο,
2719 4069 2900 4141 πολλῷ
2924 4069 3124 4142 μᾶλλον
3147 4070 3241 4122 ἐπὶ
3258 4071 3369 4125 τῶν
3388 4071 3647 4126 διδασκά-

2060 4158 2191 4213 λων.

2133 4290 2275 4360 η’.Τί
2298 4286 2584 4353 ποιεῖς,ἀνθ
2594 4304 2743 4358 ρωπε
2764 4303 2779 4352 ;
2801 4286 3096 4360 Παρεϐάθη
3115 4287 3144 4340 0
3162 4287 3346 4357 νόμος,
3370 4305 3642 4359 κατεφρο-

2062 4379 2204 4452 νήθη
2226 4376 2572 4449 σωφροσύνη,
2615 4377 3063 4448 πλημμελήματα
3083 4375 3320 4430 τοσαῦτα
3365 4376 3640 4448 ἐτολμήθη

2064 4469 2217 4541 παρά
2249 4484 2397 4531 τινος
2428 4467 2539 4520 τῶν
2578 4467 2910 4538 ἱερωμένων,
2934 4466 3003 4519 τὰ
3022 4466 3133 4518 ἄνω
3152 4465 3301 4519 κάτω
3320 4466 3530 4535 γέγονε,
3553 4467 3650 4520 καὶ

2062 4559 2123 4611 οὐ
2147 4556 2389 4628 φρίττεις
2410 4573 2425 4617 ς
2458 4553 2598 4607 Ἀλλ’
2618 4556 2647 4607 0
2670 4554 2770 4623 μὲν
2790 4555 3076 4623 προφήτης
3095 4553 3188 4605 καὶ
3218 4554 3358 4607 αύτά
3391 4553 3459 4606 τά
3492 4555 3647 4608 ἀναί-

2065 4644 2238 4713 σθητα
2260 4643 2502 4712 στοιχεῖα
2534 4640 2692 4694 καλεῖ
2723 4640 2860 4712 πρὸς
2895 4640 3115 4693 ἔκτασιν
3137 4639 3231 4693 καὶ
3252 4641 3534 4694 κοινωνίαν
3553 4642 3648 4695 τού

2067 4732 2266 4804 θρήνου
2287 4730 2395 4782 τῶν
2416 4731 2570 4799 κοινῇ
2595 4726 2775 4798 πεπλη
2784 4726 2961 4799 μμελη
2970 4727 3147 4798 μένων
3175 4728 3378 4793 κακῶν,
3398 4729 3650 4800 Ἑξέστη

2068 4823 2101 4874 ό
2119 4818 2396 4887 οὐρανὸς,
2410 4817 2604 4886 λέγων,
2625 4816 2722 4871 καὶ
2741 4816 2984 4885 ἔφριξεν
3002 4818 3039 4885 ἡ
3060 4815 3137 4885 γῆ
3156 4818 3253 4871 ἐπὶ
3276 4818 3486 4873 πλεῖον
3500 4821 3651 4887 σφό-

2067 4906 2199 4974 δρα.
2238 4906 2348 4958 Καὶ
2382 4905 2576 4958 πάλιν·
2602 4903 2901 4970 Πενθήσει
2931 4906 2963 4957 ό
3000 4902 3335 4973 Κάρμηλος,
3363 4906 3655 4973 πενθήσει

2069 4989 2254 5059 οἶνος,
2275 4993 2562 5060 πενθήσει
2585 4991 2873 5061 ἄμπελος.
2895 4991 3007 5043 Καὶ
3024 4992 3093 5043 τὰ
3114 4992 3213 5061 μὲν
3233 4991 3414 5062 ἄψυχα
3449 4993 3652 5055 πενθεῖ,

2071 5080 2164 5134 καὶ
2200 5081 2372 5134 στένει
2405 5079 2455 5143 ἀ,
2483 5081 2578 5135 καὶ
2609 5081 3005 5147 συναγανακτεῖ
3032 5078 3109 5150 τῷ
3144 5079 3387 5149 Δεσπότῃ
3405 5096 3418 5111 ι
3444 5081 3508 5132 σὺ
3538 5079 3596 5132 δὲ
3625 5081 3655 5131 0

2069 5167 2287 5236 λογικὸς
2317 5168 2417 5221 ούκ
2449 5167 2666 5237 ἀλγεῖς;
2708 5168 2809 5221 ούκ
2842 5168 3099 5237 ἐπιτιμᾷς
3119 5205 3134 5228 ,
3178 5168 3238 5218 ού
3266 5165 3392 5237 γίνῃ
3422 5166 3657 5236 χαλεπὸς

2071 5254 2311 5327 τιμωρὸς
2334 5255 2444 5308 τῶν
2464 5254 2559 5307 τοῦ
2581 5254 2717 5308 Θεοῦ
2734 5253 2933 5325 νόμων,
2953 5253 3088 5307 ἀλλά
3103 5252 3197 5305 καὶ
3216 5255 3489 5316 κοινωνεῖς
3506 5270 3522 5317 ;
3549 5253 3658 5308 Καὶ

2074 5342 2235 5397 ποίαν
2271 5342 2337 5397 ἂν
2361 5342 2549 5413 σχοίης
2580 5340 2910 5411 συγγνώμην
2933 5357 2947 5406 ;
2970 5339 3061 5409 Μὴ
3087 5338 3195 5410 γὰρ
3219 5340 3248 5391 0
3279 5339 3411 5404 Θεὸς
3440 5340 3656 5395 ἐκδίκου

2139 5530 2163 5560 α
2190 5528 2274 5577 Sic
2298 5526 2496 5587 Morel.,
2544 5527 2687 5589 Reg,
2712 5528 2738 5574 0
2759 5543 2808 5589 μ..
2839 5542 2887 5587 γ.
2912 5525 2952 5574 ἐ.
2989 5526 3045 5589 τὸ
3069 5526 3215 5583 πάθος
3244 5529 3401 5577 εἰπεῖν.
3424 5529 3559 5581 Colb.
3606 5540 3661 5584 et

2071 5590 2224 5717 ξὲἔιίι.
2249 5591 2277 5637 0
2299 5606 2349 5651 μ.
2368 5590 2459 5651 γὰρ
2476 5589 2547 5652 τῷ
2566 5589 2652 5645 τὴν
2670 5588 2878 5649 ἀνάγκην
2902 5588 3046 5635 εἰπεῖν
3068 5590 3153 5645 τήν
3170 5591 3332 5638 πενίαν
3356 5592 3661 5645 αἰτιάσασθαι

2140 5712 2167 5751 σι
2190 5712 2283 5761 Καὶ
2308 5712 2460 5775 atin
2488 5715 2597 5775 p0§t
2620 5710 2775 5775 πενθεῖ
2808 5723 2868 5775 εξ
2895 5723 3011 5775 mss.
3036 5710 3347 5775 desumplum
3376 5731 3386 5758 :
3410 5716 3584 5769 deerat
3607 5718 3659 5767 tu

2078 5774 2198 5825 edit.
2228 5774 2400 5824 Morel.
2425 5772 2523 5821 Sed
2550 5773 2739 5835 legitur
2762 5773 2811 5821 in
2836 5772 2986 5823 Savil.
