  <div class='ocr_page' id='page_1' title='image "/cluster/home/n/w/nwhite01/storage/ocr_20150623/55:no.5/coo.31924054869551/246.png"; bbox 0 0 4064 6416; ppageno 0'>
   <div class='ocr_carea' id='block_1_1' title="bbox 374 406 480 463">
    <p class='ocr_par' dir='ltr' id='par_1_1' title="bbox 374 406 480 463">
     <span class='ocr_line' id='line_1_1' title="bbox 374 406 480 463; baseline 0.019 -2"><span class='ocrx_word' id='word_1_1' title='bbox 374 406 480 463; x_wconf 71' lang='lat'><strong>255</strong></span> 
     </span>
    </p>
   </div>
   <div class='ocr_carea' id='block_1_2' title="bbox 381 524 1969 599">
    <p class='ocr_par' dir='ltr' id='par_1_2' title="bbox 381 524 1969 599">
     <span class='ocr_line' id='line_1_2' title="bbox 381 524 1969 599; baseline -0.007 -15"><span class='ocrx_word' id='word_1_2' title='bbox 381 531 723 596; x_wconf 85' lang='lat' dir='ltr'><strong>violatarum,</strong></span> <span class='ocrx_word' id='word_1_3' title='bbox 748 529 845 586; x_wconf 88' lang='lat' dir='ltr'><strong>sed</strong></span> <span class='ocrx_word' id='word_1_4' title='bbox 873 545 934 587; x_wconf 86' lang='lat' dir='ltr'><strong>es</strong></span> <span class='ocrx_word' id='word_1_5' title='bbox 961 528 1115 585; x_wconf 81' lang='lat' dir='ltr'><strong>etiam</strong></span> <span class='ocrx_word' id='word_1_6' title='bbox 1142 536 1480 599; x_wconf 88' lang='lat' dir='ltr'><strong>peccatorum</strong></span> <span class='ocrx_word' id='word_1_7' title='bbox 1506 524 1717 578; x_wconf 76' lang='lat' dir='ltr'><strong>socius?</strong></span> <span class='ocrx_word' id='word_1_8' title='bbox 1746 530 1797 576; x_wconf 93' lang='lat' dir='ltr'><strong>ct</strong></span> <span class='ocrx_word' id='word_1_9' title='bbox 1822 536 1969 591; x_wconf 70' lang='lat' dir='ltr'><strong>qum-</strong></span> 
     </span>
    </p>
   </div>
   <div class='ocr_carea' id='block_1_3' title="bbox 382 615 1972 691">
    <p class='ocr_par' dir='ltr' id='par_1_3' title="bbox 382 615 1972 691">
     <span class='ocr_line' id='line_1_3' title="bbox 382 615 1972 691; baseline -0.007 -15"><span class='ocrx_word' id='word_1_10' title='bbox 382 639 506 677; x_wconf 88' lang='lat' dir='ltr'><strong>nam</strong></span> <span class='ocrx_word' id='word_1_11' title='bbox 532 622 626 676; x_wconf 90' lang='lat' dir='ltr'><strong>tibi</strong></span> <span class='ocrx_word' id='word_1_12' title='bbox 652 622 825 691; x_wconf 88' lang='lat' dir='ltr'><strong>possit</strong></span> <span class='ocrx_word' id='word_1_13' title='bbox 848 620 961 675; x_wconf 89' lang='lat' dir='ltr'><strong>dari</strong></span> <span class='ocrx_word' id='word_1_14' title='bbox 984 618 1177 674; x_wconf 86' lang='lat' dir='ltr'><strong>venia?</strong></span> <span class='ocrx_word' id='word_1_15' title='bbox 1203 616 1465 684; x_wconf 75' lang='lat' dir='ltr'><strong>Numquid</strong></span> <span class='ocrx_word' id='word_1_16' title='bbox 1494 615 1635 671; x_wconf 90' lang='lat' dir='ltr'><strong>enim</strong></span> <span class='ocrx_word' id='word_1_17' title='bbox 1665 615 1807 668; x_wconf 79' lang='lat' dir='ltr'><strong>Deus</strong></span> <span class='ocrx_word' id='word_1_18' title='bbox 1835 626 1972 682; x_wconf 88' lang='lat' dir='ltr'><strong>opus</strong></span> 
     </span>
    </p>
   </div>
   <div class='ocr_carea' id='block_1_4' title="bbox 378 705 1973 782">
    <p class='ocr_par' dir='ltr' id='par_1_4' title="bbox 378 705 1973 782">
     <span class='ocr_line' id='line_1_4' title="bbox 378 705 1973 782; baseline -0.006 -15"><span class='ocrx_word' id='word_1_19' title='bbox 378 715 544 770; x_wconf 87' lang='lat' dir='ltr'><strong>habet</strong></span> <span class='ocrx_word' id='word_1_20' title='bbox 590 712 788 779; x_wconf 89' lang='lat' dir='ltr'><strong>ultore,</strong></span> <span class='ocrx_word' id='word_1_21' title='bbox 827 710 1083 782; x_wconf 89' lang='lat' dir='ltr'><strong>mnnquid</strong></span> <span class='ocrx_word' id='word_1_22' title='bbox 1112 711 1176 764; x_wconf 90' lang='lat' dir='ltr'><strong>iis</strong></span> <span class='ocrx_word' id='word_1_23' title='bbox 1218 710 1307 777; x_wconf 89' lang='lat' dir='ltr'><strong>qui</strong></span> <span class='ocrx_word' id='word_1_24' title='bbox 1350 722 1506 777; x_wconf 88' lang='lat' dir='ltr'><strong>opem</strong></span> <span class='ocrx_word' id='word_1_25' title='bbox 1557 709 1727 761; x_wconf 84' lang='lat' dir='ltr'><strong>ferant</strong></span> <span class='ocrx_word' id='word_1_26' title='bbox 1774 705 1973 773; x_wconf 90' lang='lat' dir='ltr'><strong>indiget</strong></span> 
     </span>
    </p>
   </div>
   <div class='ocr_carea' id='block_1_5' title="bbox 380 798 1966 877">
    <p class='ocr_par' dir='ltr' id='par_1_5' title="bbox 380 798 1966 877">
     <span class='ocr_line' id='line_1_5' title="bbox 380 798 1966 877; baseline -0.008 -16"><span class='ocrx_word' id='word_1_27' title='bbox 380 808 533 877; x_wconf 66' lang='lat' dir='ltr'><strong>(faui.</strong></span> <span class='ocrx_word' id='word_1_28' title='bbox 572 805 662 862; x_wconf 67' lang='grc'><strong>60.</strong></span> <span class='ocrx_word' id='word_1_29' title='bbox 698 806 821 874; x_wconf 79' lang='lat' dir='ltr'><strong>l5)?</strong></span> <span class='ocrx_word' id='word_1_30' title='bbox 856 804 951 859; x_wconf 90' lang='lat' dir='ltr'><strong>sed</strong></span> <span class='ocrx_word' id='word_1_31' title='bbox 987 805 1097 858; x_wconf 81' lang='lat' dir='ltr'><strong>vuit</strong></span> <span class='ocrx_word' id='word_1_32' title='bbox 1122 812 1173 858; x_wconf 92' lang='lat' dir='ltr'><strong>te</strong></span> <span class='ocrx_word' id='word_1_33' title='bbox 1212 802 1368 872; x_wconf 83' lang='lat' dir='ltr'><strong>hujus</strong></span> <span class='ocrx_word' id='word_1_34' title='bbox 1394 800 1470 855; x_wconf 92' lang='lat' dir='ltr'><strong>rei</strong></span> <span class='ocrx_word' id='word_1_35' title='bbox 1503 814 1620 854; x_wconf 89' lang='lat' dir='ltr'><strong>esse</strong></span> <span class='ocrx_word' id='word_1_36' title='bbox 1648 798 1966 859; x_wconf 85' lang='lat' dir='ltr'><strong>ministrum,</strong></span> 
     </span>
    </p>
   </div>
   <div class='ocr_carea' id='block_1_6' title="bbox 382 892 1970 961">
    <p class='ocr_par' dir='ltr' id='par_1_6' title="bbox 382 892 1970 961">
     <span class='ocr_line' id='line_1_6' title="bbox 382 892 1970 961; baseline -0.008 -7"><span class='ocrx_word' id='word_1_37' title='bbox 382 917 451 956; x_wconf 90' lang='lat' dir='ltr'><strong>ne</strong></span> <span class='ocrx_word' id='word_1_38' title='bbox 481 902 534 955; x_wconf 93' lang='lat' dir='ltr'><strong>in</strong></span> <span class='ocrx_word' id='word_1_39' title='bbox 564 899 752 955; x_wconf 87' lang='lat' dir='ltr'><strong>eadem</strong></span> <span class='ocrx_word' id='word_1_40' title='bbox 784 897 1005 961; x_wconf 80' lang='lat' dir='ltr'><strong>incidas,</strong></span> <span class='ocrx_word' id='word_1_41' title='bbox 1038 895 1162 951; x_wconf 89' lang='lat' dir='ltr'><strong>dum</strong></span> <span class='ocrx_word' id='word_1_42' title='bbox 1180 895 1264 949; x_wconf 89' lang='lat' dir='ltr'><strong>alii</strong></span> <span class='ocrx_word' id='word_1_43' title='bbox 1292 907 1573 948; x_wconf 79' lang='lat' dir='ltr'><strong>succenses</strong></span> <span class='ocrx_word' id='word_1_44' title='bbox 1601 892 1818 947; x_wconf 85' lang='lat' dir='ltr'><strong>effectus</strong></span> <span class='ocrx_word' id='word_1_45' title='bbox 1837 899 1970 943; x_wconf 89' lang='lat' dir='ltr'><strong>tem-</strong></span> 
     </span>
    </p>
   </div>
   <div class='ocr_carea' id='block_1_7' title="bbox 378 979 1965 1060">
    <p class='ocr_par' dir='ltr' id='par_1_7' title="bbox 378 979 1965 1060">
     <span class='ocr_line' id='line_1_7' title="bbox 378 979 1965 1060; baseline -0.009 -14"><span class='ocrx_word' id='word_1_46' title='bbox 378 991 677 1060; x_wconf 85' lang='lat' dir='ltr'><strong>perantior,</strong></span> <span class='ocrx_word' id='word_1_47' title='bbox 710 997 767 1042; x_wconf 92' lang='lat' dir='ltr'><strong>ut</strong></span> <span class='ocrx_word' id='word_1_48' title='bbox 791 1004 856 1046; x_wconf 83' lang='lat' dir='ltr'><strong>ex</strong></span> <span class='ocrx_word' id='word_1_49' title='bbox 886 1001 953 1042; x_wconf 89' lang='lat' dir='ltr'><strong>eo</strong></span> <span class='ocrx_word' id='word_1_50' title='bbox 980 995 1122 1041; x_wconf 91' lang='lat' dir='ltr'><strong>tuam</strong></span> <span class='ocrx_word' id='word_1_51' title='bbox 1154 986 1203 1039; x_wconf 93' lang='lat' dir='ltr'><strong>in</strong></span> <span class='ocrx_word' id='word_1_52' title='bbox 1229 986 1397 1039; x_wconf 86' lang='lat' dir='ltr'><strong>Deum</strong></span> <span class='ocrx_word' id='word_1_53' title='bbox 1419 985 1670 1054; x_wconf 89' lang='lat' dir='ltr'><strong>pietatem</strong></span> <span class='ocrx_word' id='word_1_54' title='bbox 1697 979 1965 1036; x_wconf 80' lang='lat' dir='ltr'><strong>ostendas.</strong></span> 
     </span>
    </p>
   </div>
   <div class='ocr_carea' id='block_1_8' title="bbox 378 1072 1964 1148">
    <p class='ocr_par' dir='ltr' id='par_1_8' title="bbox 378 1072 1964 1148">
     <span class='ocr_line' id='line_1_8' title="bbox 378 1072 1964 1148; baseline -0.007 -12"><span class='ocrx_word' id='word_1_55' title='bbox 378 1080 606 1148; x_wconf 88' lang='lat' dir='ltr'><strong>Quando</strong></span> <span class='ocrx_word' id='word_1_56' title='bbox 646 1080 819 1142; x_wconf 88' lang='lat' dir='ltr'><strong>enim,</strong></span> <span class='ocrx_word' id='word_1_57' title='bbox 860 1092 983 1133; x_wconf 87' lang='lat' dir='ltr'><strong>cum</strong></span> <span class='ocrx_word' id='word_1_58' title='bbox 1026 1078 1160 1132; x_wconf 86' lang='lat' dir='ltr'><strong>alius</strong></span> <span class='ocrx_word' id='word_1_59' title='bbox 1210 1075 1472 1146; x_wconf 87' lang='lat' dir='ltr'><strong>peccarit,</strong></span> <span class='ocrx_word' id='word_1_60' title='bbox 1511 1072 1964 1143; x_wconf 83' lang='lat' dir='ltr'><strong>praetercnrreris,</strong></span> 
     </span>
    </p>
   </div>
   <div class='ocr_carea' id='block_1_9' title="bbox 383 1164 1965 1240">
    <p class='ocr_par' dir='ltr' id='par_1_9' title="bbox 383 1164 1965 1240">
     <span class='ocr_line' id='line_1_9' title="bbox 383 1164 1965 1240; baseline -0.006 -16"><span class='ocrx_word' id='word_1_61' title='bbox 383 1185 556 1240; x_wconf 84' lang='lat' dir='ltr'><strong>neque</strong></span> <span class='ocrx_word' id='word_1_62' title='bbox 596 1167 1025 1239; x_wconf 87' lang='lat' dir='ltr'><strong>reprehenderis,</strong></span> <span class='ocrx_word' id='word_1_63' title='bbox 1074 1182 1248 1238; x_wconf 90' lang='lat' dir='ltr'><strong>neque</strong></span> <span class='ocrx_word' id='word_1_64' title='bbox 1289 1180 1431 1236; x_wconf 83' lang='lat' dir='ltr'><strong>aegre</strong></span> <span class='ocrx_word' id='word_1_65' title='bbox 1470 1164 1686 1229; x_wconf 86' lang='lat' dir='ltr'><strong>tuleris,</strong></span> <span class='ocrx_word' id='word_1_66' title='bbox 1732 1165 1965 1216; x_wconf 86' lang='lat' dir='ltr'><strong>animum</strong></span> 
     </span>
    </p>
   </div>
   <div class='ocr_carea' id='block_1_10' title="bbox 382 1255 1964 1333">
    <p class='ocr_par' dir='ltr' id='par_1_10' title="bbox 382 1255 1964 1333">
     <span class='ocr_line' id='line_1_10' title="bbox 382 1255 1964 1333; baseline -0.005 -17"><span class='ocrx_word' id='word_1_67' title='bbox 382 1274 529 1317; x_wconf 87' lang='lat' dir='ltr'><strong>tuum</strong></span> <span class='ocrx_word' id='word_1_68' title='bbox 560 1263 996 1333; x_wconf 82' lang='lat' dir='ltr'><strong>negligentiorem</strong></span> <span class='ocrx_word' id='word_1_69' title='bbox 1030 1269 1085 1316; x_wconf 89' lang='lat' dir='ltr'><strong>et</strong></span> <span class='ocrx_word' id='word_1_70' title='bbox 1125 1260 1190 1315; x_wconf 88' lang='lat' dir='ltr'><strong>ad</strong></span> <span class='ocrx_word' id='word_1_71' title='bbox 1217 1275 1401 1314; x_wconf 90' lang='lat' dir='ltr'><strong>casum</strong></span> <span class='ocrx_word' id='word_1_72' title='bbox 1432 1259 1733 1329; x_wconf 88' lang='lat' dir='ltr'><strong>proniorem</strong></span> <span class='ocrx_word' id='word_1_73' title='bbox 1772 1255 1964 1322; x_wconf 84' lang='lat' dir='ltr'><strong>efficis,</strong></span> 
     </span>
    </p>
   </div>
   <div class='ocr_carea' id='block_1_11' title="bbox 378 1350 1964 1424">
    <p class='ocr_par' dir='ltr' id='par_1_11' title="bbox 378 1350 1964 1424">
     <span class='ocr_line' id='line_1_11' title="bbox 378 1350 1964 1424; baseline -0.005 -13"><span class='ocrx_word' id='word_1_74' title='bbox 378 1367 434 1415; x_wconf 84' lang='lat' dir='ltr'><strong>et</strong></span> <span class='ocrx_word' id='word_1_75' title='bbox 463 1356 696 1411; x_wconf 80' lang='lat' dir='ltr'><strong>maxime</strong></span> <span class='ocrx_word' id='word_1_76' title='bbox 736 1368 991 1424; x_wconf 79' lang='lat' dir='ltr'><strong>procuras</strong></span> <span class='ocrx_word' id='word_1_77' title='bbox 1019 1362 1076 1408; x_wconf 79' lang='grc' dir='ltr'><strong>ιιι</strong></span> <span class='ocrx_word' id='word_1_78' title='bbox 1097 1354 1147 1407; x_wconf 93' lang='lat' dir='ltr'><strong>in</strong></span> <span class='ocrx_word' id='word_1_79' title='bbox 1169 1353 1353 1408; x_wconf 89' lang='lat' dir='ltr'><strong>eadem</strong></span> <span class='ocrx_word' id='word_1_80' title='bbox 1383 1368 1525 1422; x_wconf 84' lang='lat' dir='ltr'><strong>sa-pc</strong></span> <span class='ocrx_word' id='word_1_81' title='bbox 1554 1351 1749 1406; x_wconf 91' lang='lat' dir='ltr'><strong>incidat</strong></span> <span class='ocrx_word' id='word_1_82' title='bbox 1776 1368 1788 1403; x_wconf 88' lang='lat'><strong>:</strong></span> <span class='ocrx_word' id='word_1_83' title='bbox 1817 1350 1964 1403; x_wconf 89' lang='lat' dir='ltr'><strong>illum</strong></span> 
     </span>
    </p>
   </div>
   <div class='ocr_carea' id='block_1_12' title="bbox 375 1440 1958 1517">
    <p class='ocr_par' dir='ltr' id='par_1_12' title="bbox 375 1440 1958 1517">
     <span class='ocr_line' id='line_1_12' title="bbox 375 1440 1958 1517; baseline -0.004 -17"><span class='ocrx_word' id='word_1_84' title='bbox 375 1459 555 1502; x_wconf 86' lang='lat' dir='ltr'><strong>autem</strong></span> <span class='ocrx_word' id='word_1_85' title='bbox 587 1448 885 1517; x_wconf 85' lang='lat' dir='ltr'><strong>importuna</strong></span> <span class='ocrx_word' id='word_1_86' title='bbox 918 1444 1017 1501; x_wconf 86' lang='lat' dir='ltr'><strong>hac</strong></span> <span class='ocrx_word' id='word_1_87' title='bbox 1046 1454 1131 1500; x_wconf 88' lang='lat' dir='ltr'><strong>tua</strong></span> <span class='ocrx_word' id='word_1_88' title='bbox 1157 1445 1325 1515; x_wconf 86' lang='lat' dir='ltr'><strong>gratia</strong></span> <span class='ocrx_word' id='word_1_89' title='bbox 1365 1460 1468 1499; x_wconf 89' lang='lat' dir='ltr'><strong>non</strong></span> <span class='ocrx_word' id='word_1_90' title='bbox 1499 1445 1688 1499; x_wconf 88' lang='lat' dir='ltr'><strong>leviter</strong></span> <span class='ocrx_word' id='word_1_91' title='bbox 1712 1440 1958 1506; x_wconf 74' lang='lat' dir='ltr'><strong>offendis,</strong></span> 
     </span>
    </p>
   </div>
   <div class='ocr_carea' id='block_1_13' title="bbox 376 1536 1963 1605">
    <p class='ocr_par' dir='ltr' id='par_1_13' title="bbox 376 1536 1963 1605">
     <span class='ocr_line' id='line_1_13' title="bbox 376 1536 1963 1605; baseline -0.003 -13"><span class='ocrx_word' id='word_1_92' title='bbox 376 1538 620 1593; x_wconf 83' lang='lat' dir='ltr'><strong>efficiens</strong></span> <span class='ocrx_word' id='word_1_93' title='bbox 645 1549 702 1591; x_wconf 86' lang='lat' dir='ltr'><strong>ut</strong></span> <span class='ocrx_word' id='word_1_94' title='bbox 722 1538 773 1592; x_wconf 93' lang='lat' dir='ltr'><strong>in</strong></span> <span class='ocrx_word' id='word_1_95' title='bbox 812 1536 995 1592; x_wconf 87' lang='lat' dir='ltr'><strong>futuro</strong></span> <span class='ocrx_word' id='word_1_96' title='bbox 1019 1537 1085 1591; x_wconf 89' lang='lat' dir='ltr'><strong>sit</strong></span> <span class='ocrx_word' id='word_1_97' title='bbox 1116 1536 1327 1605; x_wconf 87' lang='lat' dir='ltr'><strong>gravior</strong></span> <span class='ocrx_word' id='word_1_98' title='bbox 1350 1536 1400 1592; x_wconf 91' lang='lat' dir='ltr'><strong>ei</strong></span> <span class='ocrx_word' id='word_1_99' title='bbox 1430 1536 1696 1590; x_wconf 83' lang='lat' dir='ltr'><strong>reddenda</strong></span> <span class='ocrx_word' id='word_1_100' title='bbox 1728 1536 1882 1600; x_wconf 89' lang='lat' dir='ltr'><strong>ratio,</strong></span> <span class='ocrx_word' id='word_1_101' title='bbox 1910 1543 1963 1589; x_wconf 88' lang='lat' dir='ltr'><strong>et</strong></span> 
     </span>
    </p>
   </div>
   <div class='ocr_carea' id='block_1_14' title="bbox 375 1627 1959 1699">
    <p class='ocr_par' dir='ltr' id='par_1_14' title="bbox 375 1627 1959 1699">
     <span class='ocr_line' id='line_1_14' title="bbox 375 1627 1959 1699; baseline -0.002 -16"><span class='ocrx_word' id='word_1_102' title='bbox 375 1631 441 1683; x_wconf 80' lang='lat' dir='ltr'><strong>ad</strong></span> <span class='ocrx_word' id='word_1_103' title='bbox 467 1630 742 1699; x_wconf 69' lang='lat' dir='ltr'><strong>praesentia</strong></span> <span class='ocrx_word' id='word_1_104' title='bbox 764 1644 886 1684; x_wconf 88' lang='lat' dir='ltr'><strong>eum</strong></span> <span class='ocrx_word' id='word_1_105' title='bbox 910 1627 1137 1683; x_wconf 79' lang='lat' dir='ltr'><strong>reddens</strong></span> <span class='ocrx_word' id='word_1_106' title='bbox 1151 1628 1470 1697; x_wconf 79' lang='lat' dir='ltr'><strong>segniorem.</strong></span> <span class='ocrx_word' id='word_1_107' title='bbox 1516 1627 1640 1680; x_wconf 85' lang='lat' dir='ltr'><strong>ll:cc</strong></span> <span class='ocrx_word' id='word_1_108' title='bbox 1657 1635 1959 1680; x_wconf 90' lang='lat' dir='ltr'><strong>autemnon</strong></span> 
     </span>
    </p>
   </div>
   <div class='ocr_carea' id='block_1_15' title="bbox 375 1718 1962 1788">
    <p class='ocr_par' dir='ltr' id='par_1_15' title="bbox 375 1718 1962 1788">
     <span class='ocr_line' id='line_1_15' title="bbox 375 1718 1962 1788; baseline -0.002 -12"><span class='ocrx_word' id='word_1_109' title='bbox 375 1723 552 1777; x_wconf 88' lang='lat' dir='ltr'><strong>solum</strong></span> <span class='ocrx_word' id='word_1_110' title='bbox 575 1722 643 1776; x_wconf 90' lang='lat' dir='ltr'><strong>de</strong></span> <span class='ocrx_word' id='word_1_111' title='bbox 670 1720 871 1775; x_wconf 88' lang='lat' dir='ltr'><strong>furibus</strong></span> <span class='ocrx_word' id='word_1_112' title='bbox 902 1720 1041 1774; x_wconf 88' lang='lat' dir='ltr'><strong>dicta</strong></span> <span class='ocrx_word' id='word_1_113' title='bbox 1068 1729 1211 1786; x_wconf 90' lang='lat' dir='ltr'><strong>sunt,</strong></span> <span class='ocrx_word' id='word_1_114' title='bbox 1242 1719 1339 1784; x_wconf 80' lang='lat' dir='ltr'><strong>sed</strong></span> <span class='ocrx_word' id='word_1_115' title='bbox 1366 1720 1525 1774; x_wconf 88' lang='lat' dir='ltr'><strong>etiam</strong></span> <span class='ocrx_word' id='word_1_116' title='bbox 1552 1719 1621 1774; x_wconf 90' lang='lat' dir='ltr'><strong>de</strong></span> <span class='ocrx_word' id='word_1_117' title='bbox 1645 1720 1832 1788; x_wconf 87' lang='lat' dir='ltr'><strong>quovis</strong></span> <span class='ocrx_word' id='word_1_118' title='bbox 1856 1718 1962 1773; x_wconf 90' lang='lat' dir='ltr'><strong>alio</strong></span> 
     </span>
    </p>
   </div>
   <div class='ocr_carea' id='block_1_16' title="bbox 376 1812 1963 1883">
    <p class='ocr_par' dir='ltr' id='par_1_16' title="bbox 376 1812 1963 1883">
     <span class='ocr_line' id='line_1_16' title="bbox 376 1812 1963 1883; baseline -0.003 -14"><span class='ocrx_word' id='word_1_119' title='bbox 376 1823 598 1883; x_wconf 83' lang='lat' dir='ltr'><strong>peccato</strong></span> <span class='ocrx_word' id='word_1_120' title='bbox 633 1831 647 1868; x_wconf 90' lang='lat'><strong>:</strong></span> <span class='ocrx_word' id='word_1_121' title='bbox 675 1813 815 1883; x_wconf 88' lang='lat' dir='ltr'><strong>quod</strong></span> <span class='ocrx_word' id='word_1_122' title='bbox 861 1822 943 1868; x_wconf 88' lang='lat' dir='ltr'><strong>est</strong></span> <span class='ocrx_word' id='word_1_123' title='bbox 968 1822 1147 1867; x_wconf 88' lang='lat' dir='ltr'><strong>autem</strong></span> <span class='ocrx_word' id='word_1_124' title='bbox 1184 1812 1423 1866; x_wconf 90' lang='lat' dir='ltr'><strong>ultimum</strong></span> <span class='ocrx_word' id='word_1_125' title='bbox 1461 1820 1822 1882; x_wconf 78' lang='lat' dir='ltr'><strong>peccatorum,</strong></span> <span class='ocrx_word' id='word_1_126' title='bbox 1855 1812 1963 1880; x_wconf 85' lang='lat' dir='ltr'><strong>pri-</strong></span> 
     </span>
    </p>
   </div>
   <div class='ocr_carea' id='block_1_17' title="bbox 375 1902 1960 1974">
    <p class='ocr_par' dir='ltr' id='par_1_17' title="bbox 375 1902 1960 1974">
     <span class='ocr_line' id='line_1_17' title="bbox 375 1902 1960 1974; baseline -0.001 -17"><span class='ocrx_word' id='word_1_127' title='bbox 375 1922 522 1960; x_wconf 85' lang='lat' dir='ltr'><strong>mum</strong></span> <span class='ocrx_word' id='word_1_128' title='bbox 553 1906 748 1974; x_wconf 88' lang='lat' dir='ltr'><strong>posuit,</strong></span> <span class='ocrx_word' id='word_1_129' title='bbox 789 1912 848 1959; x_wconf 86' lang='grc' dir='ltr'><strong>ιιι</strong></span> <span class='ocrx_word' id='word_1_130' title='bbox 889 1904 1027 1959; x_wconf 84' lang='lat' dir='ltr'><strong>scias</strong></span> <span class='ocrx_word' id='word_1_131' title='bbox 1069 1919 1189 1959; x_wconf 89' lang='lat' dir='ltr'><strong>eum</strong></span> <span class='ocrx_word' id='word_1_132' title='bbox 1221 1903 1307 1972; x_wconf 91' lang='lat' dir='ltr'><strong>qni</strong></span> <span class='ocrx_word' id='word_1_133' title='bbox 1348 1912 1565 1972; x_wconf 87' lang='lat' dir='ltr'><strong>prepter</strong></span> <span class='ocrx_word' id='word_1_134' title='bbox 1606 1902 1706 1957; x_wconf 92' lang='lat' dir='ltr'><strong>hoc</strong></span> <span class='ocrx_word' id='word_1_135' title='bbox 1752 1903 1960 1957; x_wconf 82' lang='lat' dir='ltr'><strong>veniam</strong></span> 
     </span>
    </p>
   </div>
   <div class='ocr_carea' id='block_1_18' title="bbox 376 1994 1962 2065">
    <p class='ocr_par' dir='ltr' id='par_1_18' title="bbox 376 1994 1962 2065">
     <span class='ocr_line' id='line_1_18' title="bbox 376 1994 1962 2065; baseline -0.001 -17"><span class='ocrx_word' id='word_1_136' title='bbox 376 2015 486 2051; x_wconf 88' lang='lat' dir='ltr'><strong>non</strong></span> <span class='ocrx_word' id='word_1_137' title='bbox 511 1998 831 2065; x_wconf 83' lang='lat' dir='ltr'><strong>assequitur,</strong></span> <span class='ocrx_word' id='word_1_138' title='bbox 861 1996 1029 2050; x_wconf 90' lang='lat' dir='ltr'><strong>multo</strong></span> <span class='ocrx_word' id='word_1_139' title='bbox 1059 1996 1227 2065; x_wconf 85' lang='lat' dir='ltr'><strong>magis</strong></span> <span class='ocrx_word' id='word_1_140' title='bbox 1255 1996 1309 2048; x_wconf 89' lang='lat' dir='ltr'><strong>in</strong></span> <span class='ocrx_word' id='word_1_141' title='bbox 1332 1994 1438 2049; x_wconf 89' lang='lat' dir='ltr'><strong>alio</strong></span> <span class='ocrx_word' id='word_1_142' title='bbox 1466 2010 1571 2048; x_wconf 92' lang='lat' dir='ltr'><strong>non</strong></span> <span class='ocrx_word' id='word_1_143' title='bbox 1601 2002 1962 2064; x_wconf 86' lang='lat' dir='ltr'><strong>consequutu-</strong></span> 
     </span>
    </p>
   </div>
   <div class='ocr_carea' id='block_1_19' title="bbox 373 2085 1963 2160">
    <p class='ocr_par' dir='ltr' id='par_1_19' title="bbox 373 2085 1963 2160">
     <span class='ocr_line' id='line_1_19' title="bbox 373 2085 1963 2160; baseline -0.005 -15"><span class='ocrx_word' id='word_1_144' title='bbox 373 2108 516 2145; x_wconf 87' lang='lat' dir='ltr'><strong>rum.</strong></span> <span class='ocrx_word' id='word_1_145' title='bbox 539 2091 676 2145; x_wconf 81' lang='lat' dir='ltr'><strong>Audi</strong></span> <span class='ocrx_word' id='word_1_146' title='bbox 702 2104 831 2160; x_wconf 87' lang='lat' dir='ltr'><strong>ergo</strong></span> <span class='ocrx_word' id='word_1_147' title='bbox 853 2089 1104 2160; x_wconf 87' lang='lat' dir='ltr'><strong>quidnam</strong></span> <span class='ocrx_word' id='word_1_148' title='bbox 1130 2088 1382 2158; x_wconf 86' lang='lat' dir='ltr'><strong>deinceps</strong></span> <span class='ocrx_word' id='word_1_149' title='bbox 1402 2086 1532 2143; x_wconf 89' lang='lat' dir='ltr'><strong>dicit</strong></span> <span class='ocrx_word' id='word_1_150' title='bbox 1555 2104 1568 2141; x_wconf 89' lang='lat'><strong>:</strong></span> <span class='ocrx_word' id='word_1_151' title='bbox 1592 2085 1659 2140; x_wconf 88' lang='lat' dir='ltr'><strong>Et</strong></span> <span class='ocrx_word' id='word_1_152' title='bbox 1681 2103 1795 2140; x_wconf 88' lang='lat' dir='ltr'><strong>cum</strong></span> <span class='ocrx_word' id='word_1_153' title='bbox 1814 2086 1963 2138; x_wconf 84' lang='lat' dir='ltr'><strong>adul-</strong></span> 
     </span>
    </p>
   </div>
   <div class='ocr_carea' id='block_1_20' title="bbox 373 2178 1963 2256">
    <p class='ocr_par' dir='ltr' id='par_1_20' title="bbox 373 2178 1963 2256">
     <span class='ocr_line' id='line_1_20' title="bbox 373 2178 1963 2256; baseline -0.004 -19"><span class='ocrx_word' id='word_1_154' title='bbox 373 2186 495 2239; x_wconf 78' lang='lat' dir='ltr'><strong>teris</strong></span> <span class='ocrx_word' id='word_1_155' title='bbox 518 2182 794 2256; x_wconf 81' lang='lat' dir='ltr'><strong>portionem</strong></span> <span class='ocrx_word' id='word_1_156' title='bbox 838 2192 977 2236; x_wconf 87' lang='lat' dir='ltr'><strong>tuam</strong></span> <span class='ocrx_word' id='word_1_157' title='bbox 1004 2182 1259 2250; x_wconf 78' lang='lat' dir='ltr'><strong>ponebas;</strong></span> <span class='ocrx_word' id='word_1_158' title='bbox 1288 2181 1505 2236; x_wconf 87' lang='lat' dir='ltr'><strong>veniens</strong></span> <span class='ocrx_word' id='word_1_159' title='bbox 1532 2179 1600 2234; x_wconf 88' lang='lat' dir='ltr'><strong>ad</strong></span> <span class='ocrx_word' id='word_1_160' title='bbox 1631 2179 1681 2232; x_wconf 93' lang='lat' dir='ltr'><strong>id</strong></span> <span class='ocrx_word' id='word_1_161' title='bbox 1711 2178 1852 2247; x_wconf 89' lang='lat' dir='ltr'><strong>quod</strong></span> <span class='ocrx_word' id='word_1_162' title='bbox 1880 2187 1963 2232; x_wconf 89' lang='lat' dir='ltr'><strong>est</strong></span> 
     </span>
    </p>
   </div>
   <div class='ocr_carea' id='block_1_21' title="bbox 372 2270 1963 2346">
    <p class='ocr_par' dir='ltr' id='par_1_21' title="bbox 372 2270 1963 2346">
     <span class='ocr_line' id='line_1_21' title="bbox 372 2270 1963 2346; baseline -0.005 -17"><span class='ocrx_word' id='word_1_163' title='bbox 372 2276 569 2346; x_wconf 83' lang='lat' dir='ltr'><strong>majus.</strong></span> <span class='ocrx_word' id='word_1_164' title='bbox 599 2275 726 2329; x_wconf 85' lang='lat' dir='ltr'><strong>Illud</strong></span> <span class='ocrx_word' id='word_1_165' title='bbox 762 2274 904 2328; x_wconf 83' lang='lat' dir='ltr'><strong>enim</strong></span> <span class='ocrx_word' id='word_1_166' title='bbox 937 2274 1038 2329; x_wconf 85' lang='lat' dir='ltr'><strong>hoc</strong></span> <span class='ocrx_word' id='word_1_167' title='bbox 1065 2273 1221 2342; x_wconf 88' lang='lat' dir='ltr'><strong>longe</strong></span> <span class='ocrx_word' id='word_1_168' title='bbox 1249 2273 1423 2325; x_wconf 91' lang='lat' dir='ltr'><strong>minus</strong></span> <span class='ocrx_word' id='word_1_169' title='bbox 1465 2281 1567 2327; x_wconf 89' lang='lat' dir='ltr'><strong>est.</strong></span> <span class='ocrx_word' id='word_1_170' title='bbox 1617 2270 1841 2338; x_wconf 85' lang='lat' dir='ltr'><strong>Quidam</strong></span> <span class='ocrx_word' id='word_1_171' title='bbox 1869 2286 1963 2322; x_wconf 83' lang='lat' dir='ltr'><strong>au-</strong></span> 
     </span>
    </p>
   </div>
   <div class='ocr_carea' id='block_1_22' title="bbox 373 2359 1961 2436">
    <p class='ocr_par' dir='ltr' id='par_1_22' title="bbox 373 2359 1961 2436">
     <span class='ocr_line' id='line_1_22' title="bbox 373 2359 1961 2436; baseline -0.004 -16"><span class='ocrx_word' id='word_1_172' title='bbox 373 2379 482 2423; x_wconf 86' lang='lat' dir='ltr'><strong>tem</strong></span> <span class='ocrx_word' id='word_1_173' title='bbox 513 2366 628 2421; x_wconf 78' lang='lat' dir='ltr'><strong>lucc</strong></span> <span class='ocrx_word' id='word_1_174' title='bbox 667 2374 881 2436; x_wconf 87' lang='lat' dir='ltr'><strong>peccata</strong></span> <span class='ocrx_word' id='word_1_175' title='bbox 914 2361 1053 2419; x_wconf 84' lang='lat' dir='ltr'><strong>inter</strong></span> <span class='ocrx_word' id='word_1_176' title='bbox 1081 2378 1141 2420; x_wconf 92' lang='lat' dir='ltr'><strong>se</strong></span> <span class='ocrx_word' id='word_1_177' title='bbox 1177 2363 1477 2423; x_wconf 87' lang='lat' dir='ltr'><strong>conferens.</strong></span> <span class='ocrx_word' id='word_1_178' title='bbox 1506 2361 1584 2416; x_wconf 92' lang='lat' dir='ltr'><strong>sic</strong></span> <span class='ocrx_word' id='word_1_179' title='bbox 1623 2361 1800 2416; x_wconf 79' lang='lat' dir='ltr'><strong>dixit:</strong></span> <span class='ocrx_word' id='word_1_180' title='bbox 1838 2359 1961 2414; x_wconf 71' lang='lat' dir='ltr'><strong>Non</strong></span> 
     </span>
    </p>
   </div>
   <div class='ocr_carea' id='block_1_23' title="bbox 370 2455 1962 2529">
    <p class='ocr_par' dir='ltr' id='par_1_23' title="bbox 370 2455 1962 2529">
     <span class='ocr_line' id='line_1_23' title="bbox 370 2455 1962 2529; baseline -0.004 -16"><span class='ocrx_word' id='word_1_181' title='bbox 370 2471 447 2513; x_wconf 76' lang='lat' dir='ltr'><strong>est</strong></span> <span class='ocrx_word' id='word_1_182' title='bbox 489 2460 671 2513; x_wconf 79' lang='lat' dir='ltr'><strong>mirum</strong></span> <span class='ocrx_word' id='word_1_183' title='bbox 697 2460 742 2514; x_wconf 84' lang='lat' dir='ltr'><strong>si</strong></span> <span class='ocrx_word' id='word_1_184' title='bbox 779 2460 889 2529; x_wconf 84' lang='lat' dir='ltr'><strong>quis</strong></span> <span class='ocrx_word' id='word_1_185' title='bbox 932 2459 1109 2527; x_wconf 77' lang='lat' dir='ltr'><strong>furnus</strong></span> <span class='ocrx_word' id='word_1_186' title='bbox 1151 2456 1491 2526; x_wconf 84' lang='lat' dir='ltr'><strong>deprehensus</strong></span> <span class='ocrx_word' id='word_1_187' title='bbox 1529 2455 1721 2523; x_wconf 78' lang='lat' dir='ltr'><strong>fuerit:</strong></span> <span class='ocrx_word' id='word_1_188' title='bbox 1760 2456 1962 2523; x_wconf 64' lang='lat' dir='ltr'><strong>furatur</strong></span> 
     </span>
    </p>
   </div>
   <div class='ocr_carea' id='block_1_24' title="bbox 369 2544 1957 2618">
    <p class='ocr_par' dir='ltr' id='par_1_24' title="bbox 369 2544 1957 2618">
     <span class='ocr_line' id='line_1_24' title="bbox 369 2544 1957 2618; baseline -0.005 -14"><span class='ocrx_word' id='word_1_189' title='bbox 369 2553 505 2604; x_wconf 85' lang='lat' dir='ltr'><strong>enim</strong></span> <span class='ocrx_word' id='word_1_190' title='bbox 522 2560 576 2603; x_wconf 90' lang='lat' dir='ltr'><strong>ut</strong></span> <span class='ocrx_word' id='word_1_191' title='bbox 600 2566 748 2605; x_wconf 79' lang='lat' dir='ltr'><strong>suam</strong></span> <span class='ocrx_word' id='word_1_192' title='bbox 762 2549 984 2602; x_wconf 86' lang='lat' dir='ltr'><strong>animam</strong></span> <span class='ocrx_word' id='word_1_193' title='bbox 1004 2549 1211 2618; x_wconf 79' lang='lat' dir='ltr'><strong>impleat</strong></span> <span class='ocrx_word' id='word_1_194' title='bbox 1239 2548 1535 2600; x_wconf 72' lang='lat' dir='ltr'><strong>esurientem</strong></span> <span class='ocrx_word' id='word_1_195' title='bbox 1563 2544 1744 2614; x_wconf 85' lang='lat' dir='ltr'><strong>(Prov.</strong></span> <span class='ocrx_word' id='word_1_196' title='bbox 1769 2546 1821 2597; x_wconf 88' lang='lat'><strong>6.</strong></span> <span class='ocrx_word' id='word_1_197' title='bbox 1847 2544 1957 2613; x_wconf 79' lang='grc'><strong>50).</strong></span> 
     </span>
    </p>
   </div>
   <div class='ocr_carea' id='block_1_25' title="bbox 371 2633 1962 2710">
    <p class='ocr_par' dir='ltr' id='par_1_25' title="bbox 371 2633 1962 2710">
     <span class='ocr_line' id='line_1_25' title="bbox 371 2633 1962 2710; baseline -0.006 -15"><span class='ocrx_word' id='word_1_198' title='bbox 371 2642 427 2695; x_wconf 82' lang='lat' dir='ltr'><strong>Si</strong></span> <span class='ocrx_word' id='word_1_199' title='bbox 459 2641 579 2693; x_wconf 83' lang='lat' dir='ltr'><strong>huic</strong></span> <span class='ocrx_word' id='word_1_200' title='bbox 593 2654 720 2710; x_wconf 85' lang='lat' dir='ltr'><strong>ergo</strong></span> <span class='ocrx_word' id='word_1_201' title='bbox 741 2639 939 2709; x_wconf 79' lang='lat' dir='ltr'><strong>ignosci</strong></span> <span class='ocrx_word' id='word_1_202' title='bbox 962 2654 1066 2692; x_wconf 90' lang='lat' dir='ltr'><strong>non</strong></span> <span class='ocrx_word' id='word_1_203' title='bbox 1096 2646 1288 2707; x_wconf 84' lang='lat' dir='ltr'><strong>potest,</strong></span> <span class='ocrx_word' id='word_1_204' title='bbox 1312 2636 1479 2690; x_wconf 90' lang='lat' dir='ltr'><strong>multo</strong></span> <span class='ocrx_word' id='word_1_205' title='bbox 1500 2636 1669 2705; x_wconf 87' lang='lat' dir='ltr'><strong>magis</strong></span> <span class='ocrx_word' id='word_1_206' title='bbox 1690 2650 1790 2690; x_wconf 90' lang='lat' dir='ltr'><strong>nec</strong></span> <span class='ocrx_word' id='word_1_207' title='bbox 1809 2633 1962 2688; x_wconf 89' lang='lat' dir='ltr'><strong>adul-</strong></span> 
     </span>
    </p>
   </div>
   <div class='ocr_carea' id='block_1_26' title="bbox 372 2714 1960 2787">
    <p class='ocr_par' dir='ltr' id='par_1_26' title="bbox 372 2714 1960 2787">
     <span class='ocr_line' id='line_1_26' title="bbox 372 2714 1960 2787; baseline -0.005 0"><span class='ocrx_word' id='word_1_208' title='bbox 372 2733 529 2787; x_wconf 84' lang='lat' dir='ltr'><strong>terio.</strong></span> <span class='ocrx_word' id='word_1_209' title='bbox 562 2731 889 2786; x_wconf 80' lang='lat' dir='ltr'><strong>Adulterium</strong></span> <span class='ocrx_word' id='word_1_210' title='bbox 915 2714 1092 2784; x_wconf 85' lang='lat' dir='ltr'><strong>autem</strong></span> <span class='ocrx_word' id='word_1_211' title='bbox 1136 2730 1222 2782; x_wconf 91' lang='lat' dir='ltr'><strong>hic</strong></span> <span class='ocrx_word' id='word_1_212' title='bbox 1251 2735 1409 2782; x_wconf 89' lang='lat' dir='ltr'><strong>vocat</strong></span> <span class='ocrx_word' id='word_1_213' title='bbox 1450 2726 1873 2781; x_wconf 89' lang='lat' dir='ltr'><strong>fornicationem.</strong></span> <span class='ocrx_word' id='word_1_214' title='bbox 1903 2725 1960 2779; x_wconf 91' lang='lat' dir='ltr'><strong>Si</strong></span> 
     </span>
    </p>
   </div>
   <div class='ocr_carea' id='block_1_27' title="bbox 371 2820 1961 2892">
    <p class='ocr_par' dir='ltr' id='par_1_27' title="bbox 371 2820 1961 2892">
     <span class='ocr_line' id='line_1_27' title="bbox 371 2820 1961 2892; baseline -0.002 -18"><span class='ocrx_word' id='word_1_215' title='bbox 371 2823 572 2877; x_wconf 81' lang='lat' dir='ltr'><strong>videris</strong></span> <span class='ocrx_word' id='word_1_216' title='bbox 596 2837 724 2892; x_wconf 85' lang='lat' dir='ltr'><strong>ergo</strong></span> <span class='ocrx_word' id='word_1_217' title='bbox 749 2822 979 2892; x_wconf 84' lang='lat' dir='ltr'><strong>aliquem</strong></span> <span class='ocrx_word' id='word_1_218' title='bbox 1013 2826 1198 2875; x_wconf 73' lang='lat' dir='ltr'><strong>eurum</strong></span> <span class='ocrx_word' id='word_1_219' title='bbox 1231 2820 1319 2888; x_wconf 90' lang='lat' dir='ltr'><strong>qui</strong></span> <span class='ocrx_word' id='word_1_220' title='bbox 1361 2827 1534 2872; x_wconf 89' lang='lat' dir='ltr'><strong>tecum</strong></span> <span class='ocrx_word' id='word_1_221' title='bbox 1572 2827 1961 2886; x_wconf 77' lang='lat' dir='ltr'><strong>congregantur</strong></span> 
     </span>
    </p>
   </div>
   <div class='ocr_carea' id='block_1_28' title="bbox 373 2908 1960 2985">
    <p class='ocr_par' dir='ltr' id='par_1_28' title="bbox 373 2908 1960 2985">
     <span class='ocr_line' id='line_1_28' title="bbox 373 2908 1960 2985; baseline -0.006 -15"><span class='ocrx_word' id='word_1_222' title='bbox 373 2916 751 2985; x_wconf 82' lang='lat' dir='ltr'><strong>fornicantem,</strong></span> <span class='ocrx_word' id='word_1_223' title='bbox 773 2924 828 2970; x_wconf 92' lang='lat' dir='ltr'><strong>et</strong></span> <span class='ocrx_word' id='word_1_224' title='bbox 845 2914 912 2969; x_wconf 90' lang='lat' dir='ltr'><strong>ad</strong></span> <span class='ocrx_word' id='word_1_225' title='bbox 937 2921 1269 2968; x_wconf 82' lang='lat' dir='ltr'><strong>sacramenta</strong></span> <span class='ocrx_word' id='word_1_226' title='bbox 1297 2910 1659 2976; x_wconf 85' lang='lat' dir='ltr'><strong>accedentem,</strong></span> <span class='ocrx_word' id='word_1_227' title='bbox 1688 2909 1775 2965; x_wconf 89' lang='lat' dir='ltr'><strong>dic</strong></span> <span class='ocrx_word' id='word_1_228' title='bbox 1794 2909 1844 2963; x_wconf 88' lang='lat' dir='ltr'><strong>ei</strong></span> <span class='ocrx_word' id='word_1_229' title='bbox 1870 2908 1960 2979; x_wconf 90' lang='lat' dir='ltr'><strong>qui</strong></span> 
     </span>
    </p>
   </div>
   <div class='ocr_carea' id='block_1_29' title="bbox 372 3001 1962 3072">
    <p class='ocr_par' dir='ltr' id='par_1_29' title="bbox 372 3001 1962 3072">
     <span class='ocr_line' id='line_1_29' title="bbox 372 3001 1962 3072; baseline -0.008 -4"><span class='ocrx_word' id='word_1_230' title='bbox 372 3020 459 3068; x_wconf 84' lang='lat' dir='ltr'><strong>est</strong></span> <span class='ocrx_word' id='word_1_231' title='bbox 485 3010 724 3065; x_wconf 88' lang='lat' dir='ltr'><strong>minister</strong></span> <span class='ocrx_word' id='word_1_232' title='bbox 755 3006 1142 3062; x_wconf 88' lang='lat' dir='ltr'><strong>distributionis</strong></span> <span class='ocrx_word' id='word_1_233' title='bbox 1174 3019 1360 3060; x_wconf 82' lang='lat' dir='ltr'><strong>eorum</strong></span> <span class='ocrx_word' id='word_1_234' title='bbox 1396 3020 1411 3057; x_wconf 90' lang='lat'><strong>:</strong></span> <span class='ocrx_word' id='word_1_235' title='bbox 1456 3004 1554 3058; x_wconf 87' lang='lat' dir='ltr'><strong>llic</strong></span> <span class='ocrx_word' id='word_1_236' title='bbox 1595 3011 1678 3057; x_wconf 91' lang='lat' dir='ltr'><strong>est</strong></span> <span class='ocrx_word' id='word_1_237' title='bbox 1715 3001 1962 3072; x_wconf 89' lang='lat' dir='ltr'><strong>indignus</strong></span> 
     </span>
    </p>
   </div>
   <div class='ocr_carea' id='block_1_30' title="bbox 373 3095 1960 3168">
    <p class='ocr_par' dir='ltr' id='par_1_30' title="bbox 373 3095 1960 3168">
     <span class='ocr_line' id='line_1_30' title="bbox 373 3095 1960 3168; baseline -0.005 -10"><span class='ocrx_word' id='word_1_238' title='bbox 373 3096 741 3166; x_wconf 77' lang='lat' dir='ltr'><strong>sacramentis,</strong></span> <span class='ocrx_word' id='word_1_239' title='bbox 765 3116 888 3154; x_wconf 88' lang='lat' dir='ltr'><strong>arce</strong></span> <span class='ocrx_word' id='word_1_240' title='bbox 908 3098 1154 3168; x_wconf 86' lang='lat' dir='ltr'><strong>profanas</strong></span> <span class='ocrx_word' id='word_1_241' title='bbox 1178 3111 1388 3151; x_wconf 87' lang='lat' dir='ltr'><strong>manus.</strong></span> <span class='ocrx_word' id='word_1_242' title='bbox 1405 3095 1462 3151; x_wconf 88' lang='lat' dir='ltr'><strong>Si</strong></span> <span class='ocrx_word' id='word_1_243' title='bbox 1480 3096 1623 3150; x_wconf 91' lang='lat' dir='ltr'><strong>enim</strong></span> <span class='ocrx_word' id='word_1_244' title='bbox 1643 3109 1709 3150; x_wconf 91' lang='lat' dir='ltr'><strong>ne</strong></span> <span class='ocrx_word' id='word_1_245' title='bbox 1730 3095 1960 3164; x_wconf 85' lang='lat' dir='ltr'><strong>justitias</strong></span> 
     </span>
    </p>
   </div>
   <div class='ocr_carea' id='block_1_31' title="bbox 380 3188 1964 3263">
    <p class='ocr_par' dir='ltr' id='par_1_31' title="bbox 380 3188 1964 3263">
     <span class='ocr_line' id='line_1_31' title="bbox 380 3188 1964 3263; baseline -0.003 -17"><span class='ocrx_word' id='word_1_246' title='bbox 380 3195 591 3263; x_wconf 83' lang='lat' dir='ltr'><strong>quidem</strong></span> <span class='ocrx_word' id='word_1_247' title='bbox 617 3208 866 3248; x_wconf 80' lang='lat' dir='ltr'><strong>enarrare</strong></span> <span class='ocrx_word' id='word_1_248' title='bbox 891 3191 1081 3260; x_wconf 90' lang='lat' dir='ltr'><strong>dignus</strong></span> <span class='ocrx_word' id='word_1_249' title='bbox 1108 3199 1212 3256; x_wconf 88' lang='lat' dir='ltr'><strong>est,</strong></span> <span class='ocrx_word' id='word_1_250' title='bbox 1246 3188 1543 3244; x_wconf 81' lang='lat' dir='ltr'><strong>considera</strong></span> <span class='ocrx_word' id='word_1_251' title='bbox 1561 3204 1668 3259; x_wconf 91' lang='lat' dir='ltr'><strong>quo</strong></span> <span class='ocrx_word' id='word_1_252' title='bbox 1696 3188 1812 3257; x_wconf 86' lang='lat' dir='ltr'><strong>ejus</strong></span> <span class='ocrx_word' id='word_1_253' title='bbox 1839 3202 1964 3257; x_wconf 90' lang='lat' dir='ltr'><strong>pro-</strong></span> 
     </span>
    </p>
   </div>
   <div class='ocr_carea' id='block_1_32' title="bbox 380 3280 1961 3355">
    <p class='ocr_par' dir='ltr' id='par_1_32' title="bbox 380 3280 1961 3355">
     <span class='ocr_line' id='line_1_32' title="bbox 380 3280 1961 3355; baseline -0.004 -16"><span class='ocrx_word' id='word_1_254' title='bbox 380 3286 538 3340; x_wconf 75' lang='lat' dir='ltr'><strong>cedet</strong></span> <span class='ocrx_word' id='word_1_255' title='bbox 564 3284 760 3355; x_wconf 83' lang='lat' dir='ltr'><strong>punitio</strong></span> <span class='ocrx_word' id='word_1_256' title='bbox 784 3331 796 3351; x_wconf 84' lang='lat'><strong>,</strong></span> <span class='ocrx_word' id='word_1_257' title='bbox 835 3283 1048 3353; x_wconf 87' lang='lat' dir='ltr'><strong>quando</strong></span> <span class='ocrx_word' id='word_1_258' title='bbox 1087 3296 1292 3335; x_wconf 86' lang='lat' dir='ltr'><strong>sacram</strong></span> <span class='ocrx_word' id='word_1_259' title='bbox 1318 3280 1477 3334; x_wconf 88' lang='lat' dir='ltr'><strong>etiam</strong></span> <span class='ocrx_word' id='word_1_260' title='bbox 1517 3295 1755 3335; x_wconf 86' lang='lat' dir='ltr'><strong>mensam</strong></span> <span class='ocrx_word' id='word_1_261' title='bbox 1799 3294 1961 3333; x_wconf 90' lang='lat' dir='ltr'><strong>ausus</strong></span> 
     </span>
    </p>
   </div>
   <div class='ocr_carea' id='block_1_33' title="bbox 377 3370 1962 3444">
    <p class='ocr_par' dir='ltr' id='par_1_33' title="bbox 377 3370 1962 3444">
     <span class='ocr_line' id='line_1_33' title="bbox 377 3370 1962 3444; baseline -0.004 -14"><span class='ocrx_word' id='word_1_262' title='bbox 377 3378 537 3430; x_wconf 79' lang='lat' dir='ltr'><strong>fuerit</strong></span> <span class='ocrx_word' id='word_1_263' title='bbox 574 3376 860 3444; x_wconf 89' lang='lat' dir='ltr'><strong>attingere,</strong></span> <span class='ocrx_word' id='word_1_264' title='bbox 910 3387 1016 3427; x_wconf 89' lang='lat' dir='ltr'><strong>non</strong></span> <span class='ocrx_word' id='word_1_265' title='bbox 1066 3372 1239 3424; x_wconf 85' lang='lat' dir='ltr'><strong>solum</strong></span> <span class='ocrx_word' id='word_1_266' title='bbox 1282 3380 1458 3444; x_wconf 74' lang='lat' dir='ltr'><strong>autem</strong></span> <span class='ocrx_word' id='word_1_267' title='bbox 1499 3370 1637 3440; x_wconf 90' lang='lat' dir='ltr'><strong>ejus,</strong></span> <span class='ocrx_word' id='word_1_268' title='bbox 1676 3370 1771 3425; x_wconf 88' lang='lat' dir='ltr'><strong>sed</strong></span> <span class='ocrx_word' id='word_1_269' title='bbox 1818 3370 1962 3424; x_wconf 88' lang='lat' dir='ltr'><strong>illius</strong></span> 
     </span>
    </p>
   </div>
   <div class='ocr_carea' id='block_1_34' title="bbox 372 3462 1958 3538">
    <p class='ocr_par' dir='ltr' id='par_1_34' title="bbox 372 3462 1958 3538">
     <span class='ocr_line' id='line_1_34' title="bbox 372 3462 1958 3538; baseline -0.008 -15"><span class='ocrx_word' id='word_1_270' title='bbox 372 3471 538 3523; x_wconf 85' lang='lat' dir='ltr'><strong>etiam</strong></span> <span class='ocrx_word' id='word_1_271' title='bbox 564 3469 651 3538; x_wconf 85' lang='lat' dir='ltr'><strong>qui</strong></span> <span class='ocrx_word' id='word_1_272' title='bbox 677 3468 943 3522; x_wconf 86' lang='lat' dir='ltr'><strong>connivet.</strong></span> <span class='ocrx_word' id='word_1_273' title='bbox 971 3464 1087 3519; x_wconf 78' lang='lat' dir='ltr'><strong>Non</strong></span> <span class='ocrx_word' id='word_1_274' title='bbox 1108 3464 1243 3517; x_wconf 73' lang='lat' dir='ltr'><strong>dixit</strong></span> <span class='ocrx_word' id='word_1_275' title='bbox 1264 3463 1430 3536; x_wconf 85' lang='lat' dir='ltr'><strong>enim,</strong></span> <span class='ocrx_word' id='word_1_276' title='bbox 1460 3462 1528 3517; x_wconf 88' lang='lat' dir='ltr'><strong>Et</strong></span> <span class='ocrx_word' id='word_1_277' title='bbox 1551 3462 1958 3527; x_wconf 77' lang='lat' dir='ltr'><strong>adulterabaris,</strong></span> 
     </span>
    </p>
   </div>
   <div class='ocr_carea' id='block_1_35' title="bbox 373 3554 1957 3628">
    <p class='ocr_par' dir='ltr' id='par_1_35' title="bbox 373 3554 1957 3628">
     <span class='ocr_line' id='line_1_35' title="bbox 373 3554 1957 3628; baseline -0.005 -13"><span class='ocrx_word' id='word_1_278' title='bbox 373 3561 492 3627; x_wconf 79' lang='lat' dir='ltr'><strong>sed,</strong></span> <span class='ocrx_word' id='word_1_279' title='bbox 533 3558 658 3615; x_wconf 85' lang='lat' dir='ltr'><strong>Cum</strong></span> <span class='ocrx_word' id='word_1_280' title='bbox 695 3558 937 3613; x_wconf 78' lang='lat' dir='ltr'><strong>adulteris</strong></span> <span class='ocrx_word' id='word_1_281' title='bbox 979 3558 1260 3628; x_wconf 84' lang='lat' dir='ltr'><strong>portionem</strong></span> <span class='ocrx_word' id='word_1_282' title='bbox 1299 3563 1437 3608; x_wconf 87' lang='lat' dir='ltr'><strong>tuam</strong></span> <span class='ocrx_word' id='word_1_283' title='bbox 1480 3554 1717 3624; x_wconf 75' lang='lat' dir='ltr'><strong>ponebas.</strong></span> <span class='ocrx_word' id='word_1_284' title='bbox 1766 3554 1957 3622; x_wconf 79' lang='lat' dir='ltr'><strong>Papa:,</strong></span> 
     </span>
    </p>
   </div>
   <div class='ocr_carea' id='block_1_36' title="bbox 373 3644 1961 3720">
    <p class='ocr_par' dir='ltr' id='par_1_36' title="bbox 373 3644 1961 3720">
     <span class='ocr_line' id='line_1_36' title="bbox 373 3644 1961 3720; baseline -0.004 -17"><span class='ocrx_word' id='word_1_285' title='bbox 373 3661 630 3720; x_wconf 82' lang='lat' dir='ltr'><strong>quantum</strong></span> <span class='ocrx_word' id='word_1_286' title='bbox 668 3650 864 3703; x_wconf 90' lang='lat' dir='ltr'><strong>malum</strong></span> <span class='ocrx_word' id='word_1_287' title='bbox 903 3663 970 3703; x_wconf 85' lang='lat' dir='ltr'><strong>ex</strong></span> <span class='ocrx_word' id='word_1_288' title='bbox 1003 3662 1069 3701; x_wconf 92' lang='lat' dir='ltr'><strong>eo</strong></span> <span class='ocrx_word' id='word_1_289' title='bbox 1105 3645 1246 3715; x_wconf 89' lang='lat' dir='ltr'><strong>quod</strong></span> <span class='ocrx_word' id='word_1_290' title='bbox 1284 3646 1526 3699; x_wconf 88' lang='lat' dir='ltr'><strong>celentur</strong></span> <span class='ocrx_word' id='word_1_291' title='bbox 1550 3652 1603 3698; x_wconf 91' lang='lat' dir='ltr'><strong>et</strong></span> <span class='ocrx_word' id='word_1_292' title='bbox 1646 3644 1961 3713; x_wconf 84' lang='lat' dir='ltr'><strong>obtegantur</strong></span> 
     </span>
    </p>
   </div>
   <div class='ocr_carea' id='block_1_37' title="bbox 370 3736 1959 3812">
    <p class='ocr_par' dir='ltr' id='par_1_37' title="bbox 370 3736 1959 3812">
     <span class='ocr_line' id='line_1_37' title="bbox 370 3736 1959 3812; baseline -0.008 -13"><span class='ocrx_word' id='word_1_293' title='bbox 370 3746 603 3799; x_wconf 82' lang='lat' dir='ltr'><strong>aliorum</strong></span> <span class='ocrx_word' id='word_1_294' title='bbox 642 3743 981 3812; x_wconf 82' lang='lat' dir='ltr'><strong>putredines,</strong></span> <span class='ocrx_word' id='word_1_295' title='bbox 1031 3739 1245 3809; x_wconf 86' lang='lat' dir='ltr'><strong>quando</strong></span> <span class='ocrx_word' id='word_1_296' title='bbox 1286 3738 1414 3792; x_wconf 90' lang='lat' dir='ltr'><strong>dicit</strong></span> <span class='ocrx_word' id='word_1_297' title='bbox 1451 3752 1572 3791; x_wconf 90' lang='lat' dir='ltr'><strong>cum</strong></span> <span class='ocrx_word' id='word_1_298' title='bbox 1607 3752 1727 3790; x_wconf 86' lang='lat' dir='ltr'><strong>esse</strong></span> <span class='ocrx_word' id='word_1_299' title='bbox 1757 3736 1959 3789; x_wconf 89' lang='lat' dir='ltr'><strong>socium</strong></span> 
     </span>
    </p>
   </div>
   <div class='ocr_carea' id='block_1_38' title="bbox 372 3825 1960 3904">
    <p class='ocr_par' dir='ltr' id='par_1_38' title="bbox 372 3825 1960 3904">
     <span class='ocr_line' id='line_1_38' title="bbox 372 3825 1960 3904; baseline -0.009 -13"><span class='ocrx_word' id='word_1_300' title='bbox 372 3835 620 3891; x_wconf 75' lang='lat' dir='ltr'><strong>solvendi</strong></span> <span class='ocrx_word' id='word_1_301' title='bbox 662 3850 759 3904; x_wconf 89' lang='lat' dir='ltr'><strong>pro</strong></span> <span class='ocrx_word' id='word_1_302' title='bbox 782 3841 1002 3902; x_wconf 88' lang='lat' dir='ltr'><strong>peccato</strong></span> <span class='ocrx_word' id='word_1_303' title='bbox 1025 3829 1291 3899; x_wconf 86' lang='lat' dir='ltr'><strong>supplicii,</strong></span> <span class='ocrx_word' id='word_1_304' title='bbox 1333 3843 1433 3882; x_wconf 91' lang='lat' dir='ltr'><strong>nec</strong></span> <span class='ocrx_word' id='word_1_305' title='bbox 1458 3827 1557 3881; x_wconf 92' lang='lat' dir='ltr'><strong>hoc</strong></span> <span class='ocrx_word' id='word_1_306' title='bbox 1586 3827 1678 3879; x_wconf 88' lang='lat' dir='ltr'><strong>illo</strong></span> <span class='ocrx_word' id='word_1_307' title='bbox 1705 3841 1825 3880; x_wconf 89' lang='lat' dir='ltr'><strong>esse</strong></span> <span class='ocrx_word' id='word_1_308' title='bbox 1856 3825 1960 3878; x_wconf 91' lang='lat' dir='ltr'><strong>mi-</strong></span> 
     </span>
    </p>
   </div>
   <div class='ocr_carea' id='block_1_39' title="bbox 375 3915 1959 3994">
    <p class='ocr_par' dir='ltr' id='par_1_39' title="bbox 375 3915 1959 3994">
     <span class='ocr_line' id='line_1_39' title="bbox 375 3915 1959 3994; baseline -0.009 -12"><span class='ocrx_word' id='word_1_309' title='bbox 375 3929 517 3982; x_wconf 81' lang='lat' dir='ltr'><strong>nus!</strong></span> <span class='ocrx_word' id='word_1_310' title='bbox 562 3927 652 3982; x_wconf 93' lang='lat' dir='ltr'><strong>llle</strong></span> <span class='ocrx_word' id='word_1_311' title='bbox 679 3926 820 3981; x_wconf 88' lang='lat' dir='ltr'><strong>enim</strong></span> <span class='ocrx_word' id='word_1_312' title='bbox 848 3931 1026 3994; x_wconf 85' lang='lat' dir='ltr'><strong>potest</strong></span> <span class='ocrx_word' id='word_1_313' title='bbox 1064 3920 1355 3976; x_wconf 87' lang='lat' dir='ltr'><strong>obtendere</strong></span> <span class='ocrx_word' id='word_1_314' title='bbox 1390 3919 1555 3971; x_wconf 89' lang='lat' dir='ltr'><strong>animi</strong></span> <span class='ocrx_word' id='word_1_315' title='bbox 1601 3915 1959 3986; x_wconf 87' lang='lat' dir='ltr'><strong>perturbatio-</strong></span> 
     </span>
    </p>
   </div>
   <div class='ocr_carea' id='block_1_40' title="bbox 376 4007 1954 4085">
    <p class='ocr_par' dir='ltr' id='par_1_40' title="bbox 376 4007 1954 4085">
     <span class='ocr_line' id='line_1_40' title="bbox 376 4007 1954 4085; baseline -0.008 -14"><span class='ocrx_word' id='word_1_316' title='bbox 376 4032 524 4082; x_wconf 86' lang='lat' dir='ltr'><strong>nem,</strong></span> <span class='ocrx_word' id='word_1_317' title='bbox 554 4016 676 4071; x_wconf 89' lang='lat' dir='ltr'><strong>licet</strong></span> <span class='ocrx_word' id='word_1_318' title='bbox 712 4016 783 4070; x_wconf 88' lang='lat' dir='ltr'><strong>sit</strong></span> <span class='ocrx_word' id='word_1_319' title='bbox 816 4021 1106 4085; x_wconf 69' lang='lat' dir='ltr'><strong>prietextus</strong></span> <span class='ocrx_word' id='word_1_320' title='bbox 1145 4012 1357 4067; x_wconf 90' lang='lat' dir='ltr'><strong>cuinon</strong></span> <span class='ocrx_word' id='word_1_321' title='bbox 1402 4009 1520 4063; x_wconf 90' lang='lat' dir='ltr'><strong>dari</strong></span> <span class='ocrx_word' id='word_1_322' title='bbox 1550 4008 1718 4078; x_wconf 85' lang='lat' dir='ltr'><strong>possit</strong></span> <span class='ocrx_word' id='word_1_323' title='bbox 1754 4007 1907 4061; x_wconf 89' lang='lat' dir='ltr'><strong>venia</strong></span> <span class='ocrx_word' id='word_1_324' title='bbox 1939 4022 1954 4058; x_wconf 90' lang='lat'><strong>:</strong></span> 
     </span>
    </p>
   </div>
   <div class='ocr_carea' id='block_1_41' title="bbox 372 4097 1959 4177">
    <p class='ocr_par' dir='ltr' id='par_1_41' title="bbox 372 4097 1959 4177">
     <span class='ocr_line' id='line_1_41' title="bbox 372 4097 1959 4177; baseline -0.007 -17"><span class='ocrx_word' id='word_1_325' title='bbox 372 4105 820 4177; x_wconf 83' lang='lat' dir='ltr'><strong>quemadmodum</strong></span> <span class='ocrx_word' id='word_1_326' title='bbox 863 4111 919 4158; x_wconf 89' lang='lat' dir='ltr'><strong>et</strong></span> <span class='ocrx_word' id='word_1_327' title='bbox 945 4101 1048 4164; x_wconf 87' lang='lat' dir='ltr'><strong>fur,</strong></span> <span class='ocrx_word' id='word_1_328' title='bbox 1079 4101 1305 4165; x_wconf 83' lang='lat' dir='ltr'><strong>famem;</strong></span> <span class='ocrx_word' id='word_1_329' title='bbox 1331 4110 1384 4154; x_wconf 88' lang='lat' dir='ltr'><strong>tu</strong></span> <span class='ocrx_word' id='word_1_330' title='bbox 1419 4106 1595 4153; x_wconf 80' lang='lat' dir='ltr'><strong>autem</strong></span> <span class='ocrx_word' id='word_1_331' title='bbox 1622 4113 1690 4152; x_wconf 91' lang='lat' dir='ltr'><strong>ne</strong></span> <span class='ocrx_word' id='word_1_332' title='bbox 1717 4097 1818 4151; x_wconf 92' lang='lat' dir='ltr'><strong>hoc</strong></span> <span class='ocrx_word' id='word_1_333' title='bbox 1842 4097 1959 4167; x_wconf 91' lang='lat' dir='ltr'><strong>qui-</strong></span> 
     </span>
    </p>
   </div>
   <div class='ocr_carea' id='block_1_42' title="bbox 372 4191 1962 4266">
    <p class='ocr_par' dir='ltr' id='par_1_42' title="bbox 372 4191 1962 4266">
     <span class='ocr_line' id='line_1_42' title="bbox 372 4191 1962 4266; baseline -0.006 -14"><span class='ocrx_word' id='word_1_334' title='bbox 372 4199 521 4253; x_wconf 85' lang='lat' dir='ltr'><strong>dem.</strong></span> <span class='ocrx_word' id='word_1_335' title='bbox 551 4198 787 4266; x_wconf 88' lang='lat' dir='ltr'><strong>Quanam</strong></span> <span class='ocrx_word' id='word_1_336' title='bbox 828 4211 956 4264; x_wconf 84' lang='lat' dir='ltr'><strong>ergo</strong></span> <span class='ocrx_word' id='word_1_337' title='bbox 994 4194 1061 4249; x_wconf 89' lang='lat' dir='ltr'><strong>de</strong></span> <span class='ocrx_word' id='word_1_338' title='bbox 1098 4208 1277 4256; x_wconf 87' lang='lat' dir='ltr'><strong>causa,</strong></span> <span class='ocrx_word' id='word_1_339' title='bbox 1318 4207 1439 4247; x_wconf 89' lang='lat' dir='ltr'><strong>cum</strong></span> <span class='ocrx_word' id='word_1_340' title='bbox 1482 4207 1588 4247; x_wconf 88' lang='lat' dir='ltr'><strong>non</strong></span> <span class='ocrx_word' id='word_1_341' title='bbox 1638 4191 1830 4245; x_wconf 82' lang='lat' dir='ltr'><strong>fruaris</strong></span> <span class='ocrx_word' id='word_1_342' title='bbox 1870 4206 1962 4243; x_wconf 84' lang='lat' dir='ltr'><strong>vo-</strong></span> 
     </span>
    </p>
   </div>
   <div class='ocr_carea' id='block_1_43' title="bbox 376 4282 1960 4360">
    <p class='ocr_par' dir='ltr' id='par_1_43' title="bbox 376 4282 1960 4360">
     <span class='ocr_line' id='line_1_43' title="bbox 376 4282 1960 4360; baseline -0.006 -16"><span class='ocrx_word' id='word_1_343' title='bbox 376 4292 598 4360; x_wconf 79' lang='lat' dir='ltr'><strong>luptate,</strong></span> <span class='ocrx_word' id='word_1_344' title='bbox 629 4289 871 4359; x_wconf 88' lang='lat' dir='ltr'><strong>supplicii</strong></span> <span class='ocrx_word' id='word_1_345' title='bbox 909 4289 1089 4342; x_wconf 88' lang='lat' dir='ltr'><strong>socius</strong></span> <span class='ocrx_word' id='word_1_346' title='bbox 1115 4296 1171 4341; x_wconf 90' lang='lat' dir='ltr'><strong>et</strong></span> <span class='ocrx_word' id='word_1_347' title='bbox 1199 4286 1461 4356; x_wconf 86' lang='lat' dir='ltr'><strong>particeps</strong></span> <span class='ocrx_word' id='word_1_348' title='bbox 1498 4284 1714 4339; x_wconf 86' lang='lat' dir='ltr'><strong>evadis?</strong></span> <span class='ocrx_word' id='word_1_349' title='bbox 1747 4284 1809 4338; x_wconf 88' lang='lat' dir='ltr'><strong>Et</strong></span> <span class='ocrx_word' id='word_1_350' title='bbox 1839 4282 1960 4338; x_wconf 87' lang='lat' dir='ltr'><strong>ideo</strong></span> 
     </span>
    </p>
   </div>
   <div class='ocr_carea' id='block_1_44' title="bbox 375 4376 1963 4452">
    <p class='ocr_par' dir='ltr' id='par_1_44' title="bbox 375 4376 1963 4452">
     <span class='ocr_line' id='line_1_44' title="bbox 375 4376 1963 4452; baseline -0.005 -15"><span class='ocrx_word' id='word_1_351' title='bbox 375 4383 582 4438; x_wconf 78' lang='lat' dir='ltr'><strong>externi</strong></span> <span class='ocrx_word' id='word_1_352' title='bbox 607 4397 817 4452; x_wconf 87' lang='lat' dir='ltr'><strong>quoque</strong></span> <span class='ocrx_word' id='word_1_353' title='bbox 838 4380 1045 4450; x_wconf 87' lang='lat' dir='ltr'><strong>judiees</strong></span> <span class='ocrx_word' id='word_1_354' title='bbox 1070 4395 1175 4433; x_wconf 89' lang='lat' dir='ltr'><strong>non</strong></span> <span class='ocrx_word' id='word_1_355' title='bbox 1203 4394 1297 4434; x_wconf 91' lang='lat' dir='ltr'><strong>eos</strong></span> <span class='ocrx_word' id='word_1_356' title='bbox 1324 4378 1496 4433; x_wconf 87' lang='lat' dir='ltr'><strong>solum</strong></span> <span class='ocrx_word' id='word_1_357' title='bbox 1523 4376 1611 4446; x_wconf 89' lang='lat' dir='ltr'><strong>qui</strong></span> <span class='ocrx_word' id='word_1_358' title='bbox 1639 4376 1813 4431; x_wconf 87' lang='lat' dir='ltr'><strong>scelus</strong></span> <span class='ocrx_word' id='word_1_359' title='bbox 1844 4391 1963 4443; x_wconf 81' lang='lat' dir='ltr'><strong>per-</strong></span> 
     </span>
    </p>
   </div>
   <div class='ocr_carea' id='block_1_45' title="bbox 358 4456 1961 4545">
    <p class='ocr_par' dir='ltr' id='par_1_45' title="bbox 358 4456 1961 4545">
     <span class='ocr_line' id='line_1_45' title="bbox 358 4456 1961 4545; baseline -0.003 -15"><span class='ocrx_word' id='word_1_360' title='bbox 358 4456 680 4545; x_wconf 35' lang='lat' dir='ltr'><strong>-pctrarnnt,</strong></span> <span class='ocrx_word' id='word_1_361' title='bbox 720 4474 814 4529; x_wconf 89' lang='lat' dir='ltr'><strong>sed</strong></span> <span class='ocrx_word' id='word_1_362' title='bbox 854 4488 1041 4529; x_wconf 86' lang='lat' dir='ltr'><strong>servos</strong></span> <span class='ocrx_word' id='word_1_363' title='bbox 1068 4474 1227 4527; x_wconf 86' lang='lat' dir='ltr'><strong>etiam</strong></span> <span class='ocrx_word' id='word_1_364' title='bbox 1250 4513 1265 4533; x_wconf 82' lang='lat'><strong>,</strong></span> <span class='ocrx_word' id='word_1_365' title='bbox 1295 4486 1430 4541; x_wconf 85' lang='lat' dir='ltr'><strong>quos</strong></span> <span class='ocrx_word' id='word_1_366' title='bbox 1470 4471 1700 4525; x_wconf 75' lang='lat' dir='ltr'><strong>viderint</strong></span> <span class='ocrx_word' id='word_1_367' title='bbox 1742 4470 1961 4525; x_wconf 82' lang='lat' dir='ltr'><strong>sceleris</strong></span> 
     </span>
    </p>
   </div>
   <div class='ocr_carea' id='block_1_46' title="bbox 380 4562 1958 4636">
    <p class='ocr_par' dir='ltr' id='par_1_46' title="bbox 380 4562 1958 4636">
     <span class='ocr_line' id='line_1_46' title="bbox 380 4562 1958 4636; baseline -0.004 -15"><span class='ocrx_word' id='word_1_368' title='bbox 380 4569 544 4623; x_wconf 82' lang='lat' dir='ltr'><strong>fuisse</strong></span> <span class='ocrx_word' id='word_1_369' title='bbox 566 4568 830 4633; x_wconf 86' lang='lat' dir='ltr'><strong>conscios,</strong></span> <span class='ocrx_word' id='word_1_370' title='bbox 858 4568 1084 4636; x_wconf 88' lang='lat' dir='ltr'><strong>puniunt</strong></span> <span class='ocrx_word' id='word_1_371' title='bbox 1120 4581 1134 4617; x_wconf 90' lang='lat'><strong>:</strong></span> <span class='ocrx_word' id='word_1_372' title='bbox 1165 4575 1221 4620; x_wconf 92' lang='lat' dir='ltr'><strong>et</strong></span> <span class='ocrx_word' id='word_1_373' title='bbox 1252 4564 1451 4619; x_wconf 89' lang='lat' dir='ltr'><strong>domini</strong></span> <span class='ocrx_word' id='word_1_374' title='bbox 1484 4565 1574 4634; x_wconf 88' lang='lat' dir='ltr'><strong>qui</strong></span> <span class='ocrx_word' id='word_1_375' title='bbox 1604 4576 1698 4618; x_wconf 90' lang='lat' dir='ltr'><strong>eos</strong></span> <span class='ocrx_word' id='word_1_376' title='bbox 1726 4562 1958 4628; x_wconf 87' lang='lat' dir='ltr'><strong>tradunt,</strong></span> 
     </span>
    </p>
   </div>
   <div class='ocr_carea' id='block_1_47' title="bbox 377 4655 1964 4729">
    <p class='ocr_par' dir='ltr' id='par_1_47' title="bbox 377 4655 1964 4729">
     <span class='ocr_line' id='line_1_47' title="bbox 377 4655 1964 4729; baseline -0.003 -15"><span class='ocrx_word' id='word_1_377' title='bbox 377 4662 624 4715; x_wconf 81' lang='lat' dir='ltr'><strong>lubenter</strong></span> <span class='ocrx_word' id='word_1_378' title='bbox 645 4674 833 4715; x_wconf 90' lang='lat' dir='ltr'><strong>eorum</strong></span> <span class='ocrx_word' id='word_1_379' title='bbox 870 4658 1179 4729; x_wconf 86' lang='lat' dir='ltr'><strong>sanguinem</strong></span> <span class='ocrx_word' id='word_1_380' title='bbox 1208 4658 1480 4721; x_wconf 88' lang='lat' dir='ltr'><strong>biberent,</strong></span> <span class='ocrx_word' id='word_1_381' title='bbox 1513 4666 1569 4712; x_wconf 91' lang='lat' dir='ltr'><strong>et</strong></span> <span class='ocrx_word' id='word_1_382' title='bbox 1595 4655 1848 4711; x_wconf 90' lang='lat' dir='ltr'><strong>carnibus</strong></span> <span class='ocrx_word' id='word_1_383' title='bbox 1873 4671 1964 4709; x_wconf 82' lang='lat' dir='ltr'><strong>ve-</strong></span> 
     </span>
    </p>
   </div>
   <div class='ocr_carea' id='block_1_48' title="bbox 375 4746 1959 4818">
    <p class='ocr_par' dir='ltr' id='par_1_48' title="bbox 375 4746 1959 4818">
     <span class='ocr_line' id='line_1_48' title="bbox 375 4746 1959 4818; baseline -0.003 -12"><span class='ocrx_word' id='word_1_384' title='bbox 375 4760 673 4815; x_wconf 83' lang='lat' dir='ltr'><strong>scerentur,</strong></span> <span class='ocrx_word' id='word_1_385' title='bbox 697 4765 796 4806; x_wconf 91' lang='lat' dir='ltr'><strong>nec</strong></span> <span class='ocrx_word' id='word_1_386' title='bbox 816 4751 1075 4805; x_wconf 87' lang='lat' dir='ltr'><strong>minorem</strong></span> <span class='ocrx_word' id='word_1_387' title='bbox 1096 4749 1228 4817; x_wconf 89' lang='lat' dir='ltr'><strong>ejus,</strong></span> <span class='ocrx_word' id='word_1_388' title='bbox 1251 4747 1389 4818; x_wconf 90' lang='lat' dir='ltr'><strong>quod</strong></span> <span class='ocrx_word' id='word_1_389' title='bbox 1411 4747 1605 4802; x_wconf 88' lang='lat' dir='ltr'><strong>factum</strong></span> <span class='ocrx_word' id='word_1_390' title='bbox 1625 4754 1726 4812; x_wconf 90' lang='lat' dir='ltr'><strong>est,</strong></span> <span class='ocrx_word' id='word_1_391' title='bbox 1751 4746 1959 4815; x_wconf 83' lang='lat' dir='ltr'><strong>culpam</strong></span> 
     </span>
    </p>
   </div>
   <div class='ocr_carea' id='block_1_49' title="bbox 378 4837 1964 4911">
    <p class='ocr_par' dir='ltr' id='par_1_49' title="bbox 378 4837 1964 4911">
     <span class='ocr_line' id='line_1_49' title="bbox 378 4837 1964 4911; baseline -0.001 -15"><span class='ocrx_word' id='word_1_392' title='bbox 378 4844 431 4896; x_wconf 92' lang='lat' dir='ltr'><strong>in</strong></span> <span class='ocrx_word' id='word_1_393' title='bbox 469 4857 563 4897; x_wconf 88' lang='lat' dir='ltr'><strong>eos</strong></span> <span class='ocrx_word' id='word_1_394' title='bbox 589 4839 887 4906; x_wconf 81' lang='lat' dir='ltr'><strong>conferunt,</strong></span> <span class='ocrx_word' id='word_1_395' title='bbox 929 4854 1089 4911; x_wconf 86' lang='lat' dir='ltr'><strong>quam</strong></span> <span class='ocrx_word' id='word_1_396' title='bbox 1130 4839 1183 4893; x_wconf 90' lang='lat' dir='ltr'><strong>in</strong></span> <span class='ocrx_word' id='word_1_397' title='bbox 1214 4854 1332 4893; x_wconf 88' lang='lat' dir='ltr'><strong>eam</strong></span> <span class='ocrx_word' id='word_1_398' title='bbox 1370 4853 1489 4907; x_wconf 69' lang='lat' dir='ltr'><strong>qua:</strong></span> <span class='ocrx_word' id='word_1_399' title='bbox 1527 4847 1612 4893; x_wconf 87' lang='lat' dir='ltr'><strong>est</strong></span> <span class='ocrx_word' id='word_1_400' title='bbox 1642 4837 1964 4894; x_wconf 85' lang='lat' dir='ltr'><strong>adulterata.</strong></span> 
     </span>
    </p>
   </div>
   <div class='ocr_carea' id='block_1_50' title="bbox 377 4918 1962 5001">
    <p class='ocr_par' dir='ltr' id='par_1_50' title="bbox 377 4918 1962 5001">
     <span class='ocr_line' id='line_1_50' title="bbox 377 4918 1962 5001; baseline -0.002 -15"><span class='ocrx_word' id='word_1_401' title='bbox 377 4932 479 5000; x_wconf 85' lang='lat' dir='ltr'><strong>Qui</strong></span> <span class='ocrx_word' id='word_1_402' title='bbox 527 4933 668 4986; x_wconf 83' lang='lat' dir='ltr'><strong>enim</strong></span> <span class='ocrx_word' id='word_1_403' title='bbox 706 4943 939 5001; x_wconf 83' lang='lat' dir='ltr'><strong>expansa</strong></span> <span class='ocrx_word' id='word_1_404' title='bbox 982 4931 1097 4985; x_wconf 87' lang='lat' dir='ltr'><strong>vela</strong></span> <span class='ocrx_word' id='word_1_405' title='bbox 1128 4918 1250 4984; x_wconf 80' lang='lat' dir='ltr'><strong>non</strong></span> <span class='ocrx_word' id='word_1_406' title='bbox 1280 4937 1678 4989; x_wconf 86' lang='lat' dir='ltr'><strong>contraxerunt.</strong></span> <span class='ocrx_word' id='word_1_407' title='bbox 1723 4928 1807 4994; x_wconf 85' lang='lat' dir='ltr'><strong>iis,</strong></span> <span class='ocrx_word' id='word_1_408' title='bbox 1842 4944 1962 4997; x_wconf 83' lang='lat' dir='ltr'><strong>quae</strong></span> 
     </span>
    </p>
   </div>
   <div class='ocr_carea' id='block_1_51' title="bbox 378 5021 1961 5091">
    <p class='ocr_par' dir='ltr' id='par_1_51' title="bbox 378 5021 1961 5091">
     <span class='ocr_line' id='line_1_51' title="bbox 378 5021 1961 5091; baseline 0 -15"><span class='ocrx_word' id='word_1_409' title='bbox 378 5025 590 5079; x_wconf 83' lang='lat' dir='ltr'><strong>occulte</strong></span> <span class='ocrx_word' id='word_1_410' title='bbox 632 5023 850 5087; x_wconf 84' lang='lat' dir='ltr'><strong>ﬁebant,</strong></span> <span class='ocrx_word' id='word_1_411' title='bbox 878 5022 1140 5077; x_wconf 87' lang='lat' dir='ltr'><strong>dederunt</strong></span> <span class='ocrx_word' id='word_1_412' title='bbox 1179 5022 1435 5091; x_wconf 86' lang='lat' dir='ltr'><strong>majorem</strong></span> <span class='ocrx_word' id='word_1_413' title='bbox 1466 5021 1766 5076; x_wconf 77' lang='lat' dir='ltr'><strong>facultatem</strong></span> <span class='ocrx_word' id='word_1_414' title='bbox 1798 5039 1812 5076; x_wconf 89' lang='lat'><strong>:</strong></span> <span class='ocrx_word' id='word_1_415' title='bbox 1844 5021 1883 5075; x_wconf 86' lang='lat' dir='ltr'><strong>ii</strong></span> <span class='ocrx_word' id='word_1_416' title='bbox 1905 5031 1961 5077; x_wconf 89' lang='lat' dir='ltr'><strong>et</strong></span> 
     </span>
    </p>
   </div>
   <div class='ocr_carea' id='block_1_52' title="bbox 380 5114 1962 5189">
    <p class='ocr_par' dir='ltr' id='par_1_52' title="bbox 380 5114 1962 5189">
     <span class='ocr_line' id='line_1_52' title="bbox 380 5114 1962 5189; baseline -0.001 -19"><span class='ocrx_word' id='word_1_417' title='bbox 380 5117 642 5174; x_wconf 87' lang='lat' dir='ltr'><strong>adulterio</strong></span> <span class='ocrx_word' id='word_1_418' title='bbox 665 5114 914 5186; x_wconf 86' lang='lat' dir='ltr'><strong>pollutam</strong></span> <span class='ocrx_word' id='word_1_419' title='bbox 941 5116 1240 5189; x_wconf 83' lang='lat' dir='ltr'><strong>mulierem,</strong></span> <span class='ocrx_word' id='word_1_420' title='bbox 1268 5125 1320 5169; x_wconf 90' lang='lat' dir='ltr'><strong>et</strong></span> <span class='ocrx_word' id='word_1_421' title='bbox 1344 5114 1592 5169; x_wconf 88' lang='lat' dir='ltr'><strong>maritum</strong></span> <span class='ocrx_word' id='word_1_422' title='bbox 1613 5116 1698 5169; x_wconf 91' lang='lat' dir='ltr'><strong>cui</strong></span> <span class='ocrx_word' id='word_1_423' title='bbox 1726 5114 1856 5170; x_wconf 82' lang='lat' dir='ltr'><strong>facta</strong></span> <span class='ocrx_word' id='word_1_424' title='bbox 1879 5122 1962 5169; x_wconf 88' lang='lat' dir='ltr'><strong>est</strong></span> 
     </span>
    </p>
   </div>
   <div class='ocr_carea' id='block_1_53' title="bbox 381 5205 1961 5278">
    <p class='ocr_par' dir='ltr' id='par_1_53' title="bbox 381 5205 1961 5278">
     <span class='ocr_line' id='line_1_53' title="bbox 381 5205 1961 5278; baseline -0.003 -16"><span class='ocrx_word' id='word_1_425' title='bbox 381 5207 593 5278; x_wconf 81' lang='lat' dir='ltr'><strong>injuria,</strong></span> <span class='ocrx_word' id='word_1_426' title='bbox 616 5214 670 5262; x_wconf 91' lang='lat' dir='ltr'><strong>et</strong></span> <span class='ocrx_word' id='word_1_427' title='bbox 699 5222 825 5262; x_wconf 90' lang='lat' dir='ltr'><strong>eum</strong></span> <span class='ocrx_word' id='word_1_428' title='bbox 857 5207 1028 5276; x_wconf 89' lang='lat' dir='ltr'><strong>ipsum</strong></span> <span class='ocrx_word' id='word_1_429' title='bbox 1058 5207 1147 5274; x_wconf 88' lang='lat' dir='ltr'><strong>qui</strong></span> <span class='ocrx_word' id='word_1_430' title='bbox 1173 5205 1490 5261; x_wconf 87' lang='lat' dir='ltr'><strong>adulterium</strong></span> <span class='ocrx_word' id='word_1_431' title='bbox 1518 5206 1805 5270; x_wconf 88' lang='lat' dir='ltr'><strong>commisit,</strong></span> <span class='ocrx_word' id='word_1_432' title='bbox 1832 5221 1961 5261; x_wconf 89' lang='lat' dir='ltr'><strong>con-</strong></span> 
     </span>
    </p>
   </div>
   <div class='ocr_carea' id='block_1_54' title="bbox 378 5296 1959 5367">
    <p class='ocr_par' dir='ltr' id='par_1_54' title="bbox 378 5296 1959 5367">
     <span class='ocr_line' id='line_1_54' title="bbox 378 5296 1959 5367; baseline -0.002 -14"><span class='ocrx_word' id='word_1_433' title='bbox 378 5298 593 5353; x_wconf 85' lang='lat' dir='ltr'><strong>tumelia</strong></span> <span class='ocrx_word' id='word_1_434' title='bbox 628 5306 683 5353; x_wconf 92' lang='lat' dir='ltr'><strong>et</strong></span> <span class='ocrx_word' id='word_1_435' title='bbox 722 5300 917 5367; x_wconf 90' lang='lat' dir='ltr'><strong>probro</strong></span> <span class='ocrx_word' id='word_1_436' title='bbox 958 5297 1266 5353; x_wconf 83' lang='lat' dir='ltr'><strong>affecerunt.</strong></span> <span class='ocrx_word' id='word_1_437' title='bbox 1317 5297 1373 5352; x_wconf 91' lang='lat' dir='ltr'><strong>Si</strong></span> <span class='ocrx_word' id='word_1_438' title='bbox 1417 5297 1558 5351; x_wconf 90' lang='lat' dir='ltr'><strong>enim</strong></span> <span class='ocrx_word' id='word_1_439' title='bbox 1602 5296 1959 5367; x_wconf 68' lang='lat' dir='ltr'><strong>prmnuntias-</strong></span> 
     </span>
    </p>
   </div>
   <div class='ocr_carea' id='block_1_55' title="bbox 378 5389 1971 5459">
    <p class='ocr_par' dir='ltr' id='par_1_55' title="bbox 378 5389 1971 5459">
     <span class='ocr_line' id='line_1_55' title="bbox 378 5389 1971 5459; baseline 0.001 -16"><span class='ocrx_word' id='word_1_440' title='bbox 378 5400 519 5454; x_wconf 88' lang='lat' dir='ltr'><strong>sent,</strong></span> <span class='ocrx_word' id='word_1_441' title='bbox 551 5390 594 5444; x_wconf 92' lang='lat' dir='ltr'><strong>si</strong></span> <span class='ocrx_word' id='word_1_442' title='bbox 618 5389 670 5445; x_wconf 90' lang='lat' dir='ltr'><strong>id</strong></span> <span class='ocrx_word' id='word_1_443' title='bbox 695 5390 1101 5459; x_wconf 75' lang='lat' dir='ltr'><strong>significassent,</strong></span> <span class='ocrx_word' id='word_1_444' title='bbox 1142 5389 1325 5444; x_wconf 87' lang='lat' dir='ltr'><strong>abacta</strong></span> <span class='ocrx_word' id='word_1_445' title='bbox 1350 5399 1400 5444; x_wconf 86' lang='lat' dir='ltr'><strong>et</strong></span> <span class='ocrx_word' id='word_1_446' title='bbox 1424 5390 1630 5444; x_wconf 84' lang='lat' dir='ltr'><strong>sublata</strong></span> <span class='ocrx_word' id='word_1_447' title='bbox 1665 5396 1810 5445; x_wconf 82' lang='lat' dir='ltr'><strong>esset</strong></span> <span class='ocrx_word' id='word_1_448' title='bbox 1838 5396 1971 5444; x_wconf 75' lang='lat' dir='ltr'><strong>&#39;om-</strong></span> 
     </span>
    </p>
   </div>
   <div class='ocr_carea' id='block_1_56' title="bbox 379 5482 1963 5551">
    <p class='ocr_par' dir='ltr' id='par_1_56' title="bbox 379 5482 1963 5551">
     <span class='ocr_line' id='line_1_56' title="bbox 379 5482 1963 5551; baseline -0.002 -12"><span class='ocrx_word' id='word_1_449' title='bbox 379 5486 462 5539; x_wconf 75' lang='lat' dir='ltr'><strong>nis</strong></span> <span class='ocrx_word' id='word_1_450' title='bbox 503 5484 729 5538; x_wconf 80' lang='lat' dir='ltr'><strong>venatio.</strong></span> <span class='ocrx_word' id='word_1_451' title='bbox 764 5482 831 5537; x_wconf 82' lang='lat' dir='ltr'><strong>Et</strong></span> <span class='ocrx_word' id='word_1_452' title='bbox 866 5482 1315 5551; x_wconf 82' lang='lat' dir='ltr'><strong>quemadmodum</strong></span> <span class='ocrx_word' id='word_1_453' title='bbox 1345 5484 1397 5536; x_wconf 92' lang='lat' dir='ltr'><strong>in</strong></span> <span class='ocrx_word' id='word_1_454' title='bbox 1434 5483 1567 5537; x_wconf 87' lang='lat' dir='ltr'><strong>retia</strong></span> <span class='ocrx_word' id='word_1_455' title='bbox 1594 5483 1824 5537; x_wconf 79' lang='lat' dir='ltr'><strong>maxime</strong></span> <span class='ocrx_word' id='word_1_456' title='bbox 1864 5482 1963 5536; x_wconf 91' lang='lat' dir='ltr'><strong>im-</strong></span> 
     </span>
    </p>
   </div>
   <div class='ocr_carea' id='block_1_57' title="bbox 379 5573 1961 5645">
    <p class='ocr_par' dir='ltr' id='par_1_57' title="bbox 379 5573 1961 5645">
     <span class='ocr_line' id='line_1_57' title="bbox 379 5573 1961 5645; baseline -0.001 -16"><span class='ocrx_word' id='word_1_457' title='bbox 379 5574 622 5637; x_wconf 88' lang='lat' dir='ltr'><strong>mittunt,</strong></span> <span class='ocrx_word' id='word_1_458' title='bbox 654 5574 742 5645; x_wconf 88' lang='lat' dir='ltr'><strong>qui</strong></span> <span class='ocrx_word' id='word_1_459' title='bbox 790 5575 925 5630; x_wconf 86' lang='lat' dir='ltr'><strong>retia</strong></span> <span class='ocrx_word' id='word_1_460' title='bbox 969 5574 1291 5639; x_wconf 84' lang='lat' dir='ltr'><strong>extendunt,</strong></span> <span class='ocrx_word' id='word_1_461' title='bbox 1341 5584 1397 5629; x_wconf 87' lang='lat' dir='ltr'><strong>et</strong></span> <span class='ocrx_word' id='word_1_462' title='bbox 1439 5573 1502 5628; x_wconf 91' lang='lat' dir='ltr'><strong>iis</strong></span> <span class='ocrx_word' id='word_1_463' title='bbox 1545 5590 1664 5645; x_wconf 67' lang='lat' dir='ltr'><strong>quae</strong></span> <span class='ocrx_word' id='word_1_464' title='bbox 1703 5573 1961 5645; x_wconf 85' lang='lat' dir='ltr'><strong>capienda</strong></span> 
     </span>
    </p>
   </div>
   <div class='ocr_carea' id='block_1_58' title="bbox 378 5664 1957 5736">
    <p class='ocr_par' dir='ltr' id='par_1_58' title="bbox 378 5664 1957 5736">
     <span class='ocr_line' id='line_1_58' title="bbox 378 5664 1957 5736; baseline 0 -17"><span class='ocrx_word' id='word_1_465' title='bbox 378 5675 506 5719; x_wconf 81' lang='lat' dir='ltr'><strong>sunt</strong></span> <span class='ocrx_word' id='word_1_466' title='bbox 524 5664 779 5729; x_wconf 81' lang='lat' dir='ltr'><strong>assident,</strong></span> <span class='ocrx_word' id='word_1_467' title='bbox 802 5679 1121 5736; x_wconf 86' lang='lat' dir='ltr'><strong>omnemque</strong></span> <span class='ocrx_word' id='word_1_468' title='bbox 1140 5664 1318 5719; x_wconf 88' lang='lat' dir='ltr'><strong>dolum</strong></span> <span class='ocrx_word' id='word_1_469' title='bbox 1341 5665 1486 5719; x_wconf 92' lang='lat' dir='ltr'><strong>omni</strong></span> <span class='ocrx_word' id='word_1_470' title='bbox 1507 5680 1573 5720; x_wconf 82' lang='lat' dir='ltr'><strong>ex</strong></span> <span class='ocrx_word' id='word_1_471' title='bbox 1593 5674 1744 5735; x_wconf 84' lang='lat' dir='ltr'><strong>parte</strong></span> <span class='ocrx_word' id='word_1_472' title='bbox 1763 5666 1957 5728; x_wconf 89' lang='lat' dir='ltr'><strong>celant,</strong></span> 
     </span>
    </p>
   </div>
   <div class='ocr_carea' id='block_1_59' title="bbox 380 5756 1958 5827">
    <p class='ocr_par' dir='ltr' id='par_1_59' title="bbox 380 5756 1958 5827">
     <span class='ocr_line' id='line_1_59' title="bbox 380 5756 1958 5827; baseline 0.001 -18"><span class='ocrx_word' id='word_1_473' title='bbox 380 5772 482 5813; x_wconf 83' lang='lat' dir='ltr'><strong>nec</strong></span> <span class='ocrx_word' id='word_1_474' title='bbox 500 5756 801 5824; x_wconf 78' lang='lat' dir='ltr'><strong>strepitum,</strong></span> <span class='ocrx_word' id='word_1_475' title='bbox 825 5773 924 5812; x_wconf 86' lang='lat' dir='ltr'><strong>nec</strong></span> <span class='ocrx_word' id='word_1_476' title='bbox 943 5756 1136 5825; x_wconf 88' lang='lat' dir='ltr'><strong>aliquid</strong></span> <span class='ocrx_word' id='word_1_477' title='bbox 1158 5756 1300 5810; x_wconf 90' lang='lat' dir='ltr'><strong>aliud</strong></span> <span class='ocrx_word' id='word_1_478' title='bbox 1326 5756 1437 5810; x_wconf 78' lang='lat' dir='ltr'><strong>fieri</strong></span> <span class='ocrx_word' id='word_1_479' title='bbox 1468 5757 1794 5825; x_wconf 88' lang='lat' dir='ltr'><strong>permittunt,</strong></span> <span class='ocrx_word' id='word_1_480' title='bbox 1821 5757 1958 5827; x_wconf 85' lang='lat' dir='ltr'><strong>quod</strong></span> 
     </span>
    </p>
   </div>
   <div class='ocr_carea' id='block_1_60' title="bbox 379 5847 1956 5920">
    <p class='ocr_par' dir='ltr' id='par_1_60' title="bbox 379 5847 1956 5920">
     <span class='ocr_line' id='line_1_60' title="bbox 379 5847 1956 5920; baseline 0 -19"><span class='ocrx_word' id='word_1_481' title='bbox 379 5858 564 5920; x_wconf 77' lang='lat' dir='ltr'><strong>posset</strong></span> <span class='ocrx_word' id='word_1_482' title='bbox 602 5847 768 5904; x_wconf 83' lang='lat' dir='ltr'><strong>feram</strong></span> <span class='ocrx_word' id='word_1_483' title='bbox 799 5849 1009 5917; x_wconf 79' lang='lat' dir='ltr'><strong>abigere</strong></span> <span class='ocrx_word' id='word_1_484' title='bbox 1044 5866 1055 5900; x_wconf 91' lang='lat'><strong>:</strong></span> <span class='ocrx_word' id='word_1_485' title='bbox 1085 5848 1153 5903; x_wconf 88' lang='lat' dir='ltr'><strong>ita</strong></span> <span class='ocrx_word' id='word_1_486' title='bbox 1183 5848 1267 5903; x_wconf 85' lang='lat' dir='ltr'><strong>hic</strong></span> <span class='ocrx_word' id='word_1_487' title='bbox 1296 5850 1477 5915; x_wconf 88' lang='lat' dir='ltr'><strong>etiam,</strong></span> <span class='ocrx_word' id='word_1_488' title='bbox 1506 5851 1550 5905; x_wconf 82' lang='lat' dir='ltr'><strong>si</strong></span> <span class='ocrx_word' id='word_1_489' title='bbox 1591 5848 1853 5905; x_wconf 84' lang='lat' dir='ltr'><strong>asscdcris</strong></span> <span class='ocrx_word' id='word_1_490' title='bbox 1886 5849 1956 5902; x_wconf 84' lang='lat' dir='ltr'><strong>la-</strong></span> 
     </span>
    </p>
   </div>
   <div class='ocr_carea' id='block_1_61' title="bbox 1501 403 2557 469">
    <p class='ocr_par' dir='ltr' id='par_1_61' title="bbox 1501 403 2557 469">
     <span class='ocr_line' id='line_1_61' title="bbox 1501 403 2557 469; baseline 0 -8"><span class='ocrx_word' id='word_1_491' title='bbox 1501 403 1860 469; x_wconf 73' lang='lat' dir='ltr'><strong>EXPOSITIO</strong></span> <span class='ocrx_word' id='word_1_492' title='bbox 1900 404 1963 458; x_wconf 79' lang='lat' dir='ltr'><strong>IN</strong></span> <span class='ocrx_word' id='word_1_493' title='bbox 2002 404 2327 461; x_wconf 69' lang='lat' dir='ltr'><strong>PSALMUM</strong></span> <span class='ocrx_word' id='word_1_494' title='bbox 2368 408 2557 463; x_wconf 75' lang='lat' dir='ltr'><strong>XLIX.</strong></span> 
     </span>
    </p>
   </div>
   <div class='ocr_carea' id='block_1_62' title="bbox 3568 419 3674 477">
    <p class='ocr_par' dir='ltr' id='par_1_62' title="bbox 3568 419 3674 477">
     <span class='ocr_line' id='line_1_62' title="bbox 3568 419 3674 477; baseline 0.038 -4"><span class='ocrx_word' id='word_1_495' title='bbox 3568 419 3674 477; x_wconf 67' lang='grc' dir='ltr'><strong>Ξδι</strong></span> 
     </span>
    </p>
   </div>
   <div class='ocr_carea' id='block_1_63' title="bbox 2081 519 3671 592">
    <p class='ocr_par' dir='ltr' id='par_1_63' title="bbox 2081 519 3671 592">
     <span class='ocr_line' id='line_1_63' title="bbox 2081 519 3671 592; baseline 0.013 -22"><span class='ocrx_word' id='word_1_496' title='bbox 2081 534 2239 588; x_wconf 88' lang='lat' dir='ltr'><strong>queo,</strong></span> <span class='ocrx_word' id='word_1_497' title='bbox 2266 519 2355 589; x_wconf 91' lang='lat' dir='ltr'><strong>qui</strong></span> <span class='ocrx_word' id='word_1_498' title='bbox 2375 528 2456 575; x_wconf 77' lang='lat' dir='ltr'><strong>est</strong></span> <span class='ocrx_word' id='word_1_499' title='bbox 2478 521 2679 589; x_wconf 88' lang='lat' dir='ltr'><strong>positus</strong></span> <span class='ocrx_word' id='word_1_500' title='bbox 2699 538 2726 575; x_wconf 88' lang='lat' dir='ltr'><strong>a</strong></span> <span class='ocrx_word' id='word_1_501' title='bbox 2751 523 2986 592; x_wconf 87' lang='lat' dir='ltr'><strong>diabolo,</strong></span> <span class='ocrx_word' id='word_1_502' title='bbox 3020 536 3072 581; x_wconf 89' lang='lat' dir='ltr'><strong>et</strong></span> <span class='ocrx_word' id='word_1_503' title='bbox 3092 543 3210 584; x_wconf 85' lang='lat' dir='ltr'><strong>cum</strong></span> <span class='ocrx_word' id='word_1_504' title='bbox 3233 532 3370 586; x_wconf 86' lang='lat' dir='ltr'><strong>scias</strong></span> <span class='ocrx_word' id='word_1_505' title='bbox 3397 533 3510 590; x_wconf 88' lang='lat' dir='ltr'><strong>fore</strong></span> <span class='ocrx_word' id='word_1_506' title='bbox 3534 549 3587 590; x_wconf 91' lang='lat' dir='ltr'><strong>ut</strong></span> <span class='ocrx_word' id='word_1_507' title='bbox 3618 539 3671 591; x_wconf 88' lang='lat' dir='ltr'><strong>in</strong></span> 
     </span>
    </p>
   </div>
   <div class='ocr_carea' id='block_1_64' title="bbox 2075 612 3715 719">
    <p class='ocr_par' dir='ltr' id='par_1_64' title="bbox 2075 612 3715 719">
     <span class='ocr_line' id='line_1_64' title="bbox 2075 612 3715 693; baseline 0.013 -28"><span class='ocrx_word' id='word_1_508' title='bbox 2075 625 2196 665; x_wconf 86' lang='lat' dir='ltr'><strong>eum</strong></span> <span class='ocrx_word' id='word_1_509' title='bbox 2227 612 2436 667; x_wconf 87' lang='lat' dir='ltr'><strong>adulter</strong></span> <span class='ocrx_word' id='word_1_510' title='bbox 2477 613 2693 681; x_wconf 84' lang='lat' dir='ltr'><strong>incidat,</strong></span> <span class='ocrx_word' id='word_1_511' title='bbox 2737 633 2911 687; x_wconf 88' lang='lat' dir='ltr'><strong>neque</strong></span> <span class='ocrx_word' id='word_1_512' title='bbox 2954 623 3239 691; x_wconf 85' lang='lat' dir='ltr'><strong>strepitum</strong></span> <span class='ocrx_word' id='word_1_513' title='bbox 3269 626 3418 693; x_wconf 81' lang='lat' dir='ltr'><strong>edas,</strong></span> <span class='ocrx_word' id='word_1_514' title='bbox 3452 647 3550 686; x_wconf 85' lang='lat' dir='ltr'><strong>nec</strong></span> <span class='ocrx_word' id='word_1_515' title='bbox 3581 643 3665 685; x_wconf 83' lang='grc' dir='ltr'>ιιι-</span> <span class='ocrx_word' id='word_1_516' title='bbox 3710 652 3715 677; x_wconf 67' lang='grc' dir='ltr'><strong>ι</strong></span> 
     </span>
     <span class='ocr_line' id='line_1_65' title="bbox 2078 696 3711 719; baseline 0 0"><span class='ocrx_word' id='word_1_517' title='bbox 2078 702 2203 719; x_wconf 38' lang='grc' dir='ltr'>αηνι.</span> <span class='ocrx_word' id='word_1_518' title='bbox 2437 705 2468 719; x_wconf 74' lang='grc' dir='ltr'><strong>υ.</strong></span> <span class='ocrx_word' id='word_1_519' title='bbox 2593 713 2605 719; x_wconf 81' lang='grc'><strong>-</strong></span> <span class='ocrx_word' id='word_1_520' title='bbox 3025 714 3035 719; x_wconf 86' lang='grc'><strong>-</strong></span> <span class='ocrx_word' id='word_1_521' title='bbox 3276 718 3281 719; x_wconf 63' lang='lat'><strong><em>,</em></strong></span> <span class='ocrx_word' id='word_1_522' title='bbox 3704 696 3711 719; x_wconf 89' lang='lat' dir='ltr'><strong>l</strong></span> 
     </span>
    </p>
   </div>
   <div class='ocr_carea' id='block_1_65' title="bbox 2077 702 3713 784">
    <p class='ocr_par' dir='ltr' id='par_1_65' title="bbox 2077 702 3713 784">
     <span class='ocr_line' id='line_1_66' title="bbox 2077 702 3713 784; baseline 0.015 -31"><span class='ocrx_word' id='word_1_523' title='bbox 2077 702 2299 756; x_wconf 89' lang='lat' dir='ltr'><strong>multum</strong></span> <span class='ocrx_word' id='word_1_524' title='bbox 2335 705 2557 771; x_wconf 82' lang='lat' dir='ltr'><strong>excites,</strong></span> <span class='ocrx_word' id='word_1_525' title='bbox 2592 713 2718 761; x_wconf 90' lang='lat' dir='ltr'><strong>tunc</strong></span> <span class='ocrx_word' id='word_1_526' title='bbox 2745 724 2864 762; x_wconf 90' lang='lat' dir='ltr'><strong>eum</strong></span> <span class='ocrx_word' id='word_1_527' title='bbox 2897 714 3127 768; x_wconf 81' lang='lat' dir='ltr'><strong>maxime</strong></span> <span class='ocrx_word' id='word_1_528' title='bbox 3156 718 3354 784; x_wconf 90' lang='lat' dir='ltr'><strong>perdis.</strong></span> 
     </span>
    </p>
   </div>
   <div class='ocr_carea' id='block_1_66' title="bbox 2146 793 3668 872">
    <p class='ocr_par' dir='ltr' id='par_1_66' title="bbox 2146 793 3668 872">
     <span class='ocr_line' id='line_1_67' title="bbox 2146 793 3668 872; baseline 0.016 -26"><span class='ocrx_word' id='word_1_529' title='bbox 2146 793 2380 848; x_wconf 73' lang='lat' dir='ltr'><strong>Proximi</strong></span> <span class='ocrx_word' id='word_1_530' title='bbox 2408 813 2530 849; x_wconf 86' lang='lat' dir='ltr'><strong>cura</strong></span> <span class='ocrx_word' id='word_1_531' title='bbox 2557 798 2802 853; x_wconf 78' lang='lat' dir='ltr'><strong>habenda.</strong></span> <span class='ocrx_word' id='word_1_532' title='bbox 2821 832 2895 842; x_wconf 66' lang='grc' dir='ltr'><strong>κ-</strong></span> <span class='ocrx_word' id='word_1_533' title='bbox 2913 803 2991 859; x_wconf 89' lang='lat' dir='ltr'><strong>Ne</strong></span> <span class='ocrx_word' id='word_1_534' title='bbox 3010 807 3151 861; x_wconf 89' lang='lat' dir='ltr'><strong>enim</strong></span> <span class='ocrx_word' id='word_1_535' title='bbox 3179 808 3377 866; x_wconf 82' lang='lat' dir='ltr'><strong>dixeris</strong></span> <span class='ocrx_word' id='word_1_536' title='bbox 3402 814 3530 870; x_wconf 84' lang='lat' dir='ltr'><strong>illud</strong></span> <span class='ocrx_word' id='word_1_537' title='bbox 3550 832 3668 872; x_wconf 80' lang='lat' dir='ltr'><strong>ver-</strong></span> 
     </span>
    </p>
   </div>
   <div class='ocr_carea' id='block_1_67' title="bbox 2079 882 3665 972">
    <p class='ocr_par' dir='ltr' id='par_1_67' title="bbox 2079 882 3665 972">
     <span class='ocr_line' id='line_1_68' title="bbox 2079 882 3665 972; baseline 0.019 -38"><span class='ocrx_word' id='word_1_538' title='bbox 2079 882 2223 948; x_wconf 86' lang='lat' dir='ltr'><strong>bum,</strong></span> <span class='ocrx_word' id='word_1_539' title='bbox 2250 886 2389 954; x_wconf 92' lang='lat' dir='ltr'><strong>quod</strong></span> <span class='ocrx_word' id='word_1_540' title='bbox 2421 902 2608 958; x_wconf 87' lang='lat' dir='ltr'><strong>magna</strong></span> <span class='ocrx_word' id='word_1_541' title='bbox 2643 889 2930 947; x_wconf 90' lang='lat' dir='ltr'><strong>indolentia</strong></span> <span class='ocrx_word' id='word_1_542' title='bbox 2965 896 3175 964; x_wconf 88' lang='lat' dir='ltr'><strong>plcnmn</strong></span> <span class='ocrx_word' id='word_1_543' title='bbox 3212 912 3294 956; x_wconf 89' lang='lat' dir='ltr'><strong>est</strong></span> <span class='ocrx_word' id='word_1_544' title='bbox 3325 920 3337 955; x_wconf 90' lang='lat'><strong>:</strong></span> <span class='ocrx_word' id='word_1_545' title='bbox 3368 905 3505 972; x_wconf 89' lang='lat' dir='ltr'><strong>Quid</strong></span> <span class='ocrx_word' id='word_1_546' title='bbox 3535 910 3665 964; x_wconf 89' lang='lat' dir='ltr'><strong>mihi</strong></span> 
     </span>
    </p>
   </div>
   <div class='ocr_carea' id='block_1_68' title="bbox 2073 978 3665 1056">
    <p class='ocr_par' dir='ltr' id='par_1_68' title="bbox 2073 978 3665 1056">
     <span class='ocr_line' id='line_1_69' title="bbox 2073 978 3665 1056; baseline 0.018 -28"><span class='ocrx_word' id='word_1_547' title='bbox 2073 991 2214 1031; x_wconf 66' lang='lat' dir='ltr'><strong>cura:</strong></span> <span class='ocrx_word' id='word_1_548' title='bbox 2238 978 2359 1032; x_wconf 85' lang='lat' dir='ltr'><strong>est?</strong></span> <span class='ocrx_word' id='word_1_549' title='bbox 2397 994 2526 1035; x_wconf 90' lang='lat' dir='ltr'><strong>curo</strong></span> <span class='ocrx_word' id='word_1_550' title='bbox 2556 996 2657 1051; x_wconf 87' lang='lat' dir='ltr'><strong>ego</strong></span> <span class='ocrx_word' id='word_1_551' title='bbox 2687 999 2803 1039; x_wconf 89' lang='lat' dir='ltr'><strong>mea</strong></span> <span class='ocrx_word' id='word_1_552' title='bbox 2831 1002 2844 1038; x_wconf 91' lang='lat'><strong>:</strong></span> <span class='ocrx_word' id='word_1_553' title='bbox 2888 998 3015 1042; x_wconf 92' lang='lat' dir='ltr'><strong>tunc</strong></span> <span class='ocrx_word' id='word_1_554' title='bbox 3043 992 3182 1045; x_wconf 90' lang='lat' dir='ltr'><strong>enim</strong></span> <span class='ocrx_word' id='word_1_555' title='bbox 3210 1002 3295 1047; x_wconf 92' lang='lat' dir='ltr'><strong>tua</strong></span> <span class='ocrx_word' id='word_1_556' title='bbox 3319 999 3547 1055; x_wconf 82' lang='lat' dir='ltr'><strong>maxime</strong></span> <span class='ocrx_word' id='word_1_557' title='bbox 3572 1016 3665 1056; x_wconf 91' lang='lat' dir='ltr'><strong>cu-</strong></span> 
     </span>
    </p>
   </div>
   <div class='ocr_carea' id='block_1_69' title="bbox 2074 1069 3661 1160">
    <p class='ocr_par' dir='ltr' id='par_1_69' title="bbox 2074 1069 3661 1160">
     <span class='ocr_line' id='line_1_70' title="bbox 2074 1069 3661 1160; baseline 0.018 -40"><span class='ocrx_word' id='word_1_558' title='bbox 2074 1069 2235 1134; x_wconf 89' lang='lat' dir='ltr'><strong>rabis,</strong></span> <span class='ocrx_word' id='word_1_559' title='bbox 2270 1073 2481 1140; x_wconf 88' lang='lat' dir='ltr'><strong>quando</strong></span> <span class='ocrx_word' id='word_1_560' title='bbox 2524 1084 2607 1127; x_wconf 91' lang='lat' dir='ltr'><strong>tua</strong></span> <span class='ocrx_word' id='word_1_561' title='bbox 2635 1092 2844 1145; x_wconf 85' lang='lat' dir='ltr'><strong>quaeres</strong></span> <span class='ocrx_word' id='word_1_562' title='bbox 2874 1078 2926 1132; x_wconf 91' lang='lat' dir='ltr'><strong>in</strong></span> <span class='ocrx_word' id='word_1_563' title='bbox 2957 1095 3023 1134; x_wconf 88' lang='lat' dir='ltr'><strong>eo</strong></span> <span class='ocrx_word' id='word_1_564' title='bbox 3047 1084 3187 1151; x_wconf 91' lang='lat' dir='ltr'><strong>quod</strong></span> <span class='ocrx_word' id='word_1_565' title='bbox 3215 1096 3296 1140; x_wconf 91' lang='lat' dir='ltr'><strong>est</strong></span> <span class='ocrx_word' id='word_1_566' title='bbox 3325 1090 3451 1144; x_wconf 91' lang='lat' dir='ltr'><strong>utile</strong></span> <span class='ocrx_word' id='word_1_567' title='bbox 3479 1095 3661 1160; x_wconf 80' lang='lat' dir='ltr'><strong>proxi-</strong></span> 
     </span>
    </p>
   </div>
   <div class='ocr_carea' id='block_1_70' title="bbox 2072 1162 3664 1253">
    <p class='ocr_par' dir='ltr' id='par_1_70' title="bbox 2072 1162 3664 1253">
     <span class='ocr_line' id='line_1_71' title="bbox 2072 1162 3664 1253; baseline 0.018 -42"><span class='ocrx_word' id='word_1_568' title='bbox 2072 1175 2179 1215; x_wconf 90' lang='lat' dir='ltr'><strong>mo.</strong></span> <span class='ocrx_word' id='word_1_569' title='bbox 2212 1162 2278 1215; x_wconf 89' lang='lat' dir='ltr'><strong>Et</strong></span> <span class='ocrx_word' id='word_1_570' title='bbox 2295 1162 2412 1217; x_wconf 85' lang='lat' dir='ltr'><strong>ideo</strong></span> <span class='ocrx_word' id='word_1_571' title='bbox 2439 1164 2645 1219; x_wconf 85' lang='lat' dir='ltr'><strong>dicebat</strong></span> <span class='ocrx_word' id='word_1_572' title='bbox 2668 1168 2861 1225; x_wconf 80' lang='lat' dir='ltr'><strong>Paulus</strong></span> <span class='ocrx_word' id='word_1_573' title='bbox 2887 1188 2900 1224; x_wconf 88' lang='lat'><strong>:</strong></span> <span class='ocrx_word' id='word_1_574' title='bbox 2936 1171 3099 1227; x_wconf 68' lang='lat' dir='ltr'><strong>Nemo</strong></span> <span class='ocrx_word' id='word_1_575' title='bbox 3119 1179 3252 1243; x_wconf 87' lang='lat' dir='ltr'><strong>quod</strong></span> <span class='ocrx_word' id='word_1_576' title='bbox 3272 1197 3417 1233; x_wconf 84' lang='lat' dir='ltr'><strong>suum</strong></span> <span class='ocrx_word' id='word_1_577' title='bbox 3439 1194 3510 1237; x_wconf 84' lang='lat' dir='ltr'><strong>est</strong></span> <span class='ocrx_word' id='word_1_578' title='bbox 3532 1203 3664 1253; x_wconf 70' lang='lat' dir='ltr'><strong>qua:-</strong></span> 
     </span>
    </p>
   </div>
   <div class='ocr_carea' id='block_1_71' title="bbox 2071 1255 3661 1344">
    <p class='ocr_par' dir='ltr' id='par_1_71' title="bbox 2071 1255 3661 1344">
     <span class='ocr_line' id='line_1_72' title="bbox 2071 1255 3661 1344; baseline 0.017 -38"><span class='ocrx_word' id='word_1_579' title='bbox 2071 1263 2170 1319; x_wconf 87' lang='lat' dir='ltr'><strong>rat,</strong></span> <span class='ocrx_word' id='word_1_580' title='bbox 2199 1255 2289 1309; x_wconf 83' lang='lat' dir='ltr'><strong>sed</strong></span> <span class='ocrx_word' id='word_1_581' title='bbox 2322 1260 2457 1327; x_wconf 81' lang='lat' dir='ltr'><strong>quod</strong></span> <span class='ocrx_word' id='word_1_582' title='bbox 2497 1259 2704 1314; x_wconf 74' lang='lat' dir='ltr'><strong>alterius</strong></span> <span class='ocrx_word' id='word_1_583' title='bbox 2734 1261 2811 1332; x_wconf 88' lang='lat' dir='ltr'><strong>(l.</strong></span> <span class='ocrx_word' id='word_1_584' title='bbox 2855 1262 2972 1319; x_wconf 87' lang='lat' dir='ltr'><strong>Cor.</strong></span> <span class='ocrx_word' id='word_1_585' title='bbox 3008 1267 3094 1321; x_wconf 80' lang='grc'><strong>10.</strong></span> <span class='ocrx_word' id='word_1_586' title='bbox 3126 1267 3240 1340; x_wconf 62' lang='grc'><strong>24).</strong></span> <span class='ocrx_word' id='word_1_587' title='bbox 3286 1270 3357 1328; x_wconf 91' lang='lat' dir='ltr'><strong>Ut</strong></span> <span class='ocrx_word' id='word_1_588' title='bbox 3399 1274 3661 1344; x_wconf 83' lang='lat' dir='ltr'><strong>invenias,</strong></span> 
     </span>
    </p>
   </div>
   <div class='ocr_carea' id='block_1_72' title="bbox 2071 1348 3653 1430">
    <p class='ocr_par' dir='ltr' id='par_1_72' title="bbox 2071 1348 3653 1430">
     <span class='ocr_line' id='line_1_73' title="bbox 2071 1348 3653 1430; baseline 0.015 -29"><span class='ocrx_word' id='word_1_589' title='bbox 2071 1348 2259 1418; x_wconf 88' lang='lat' dir='ltr'><strong>inquit,</strong></span> <span class='ocrx_word' id='word_1_590' title='bbox 2288 1351 2429 1420; x_wconf 89' lang='lat' dir='ltr'><strong>quod</strong></span> <span class='ocrx_word' id='word_1_591' title='bbox 2463 1362 2605 1407; x_wconf 91' lang='lat' dir='ltr'><strong>tuum</strong></span> <span class='ocrx_word' id='word_1_592' title='bbox 2650 1364 2751 1419; x_wconf 88' lang='lat' dir='ltr'><strong>est,</strong></span> <span class='ocrx_word' id='word_1_593' title='bbox 2780 1374 2957 1424; x_wconf 70' lang='lat' dir='ltr'><strong>qttzcre</strong></span> <span class='ocrx_word' id='word_1_594' title='bbox 2998 1362 3138 1430; x_wconf 83' lang='lat' dir='ltr'><strong>quod</strong></span> <span class='ocrx_word' id='word_1_595' title='bbox 3175 1372 3258 1419; x_wconf 90' lang='lat' dir='ltr'><strong>est</strong></span> <span class='ocrx_word' id='word_1_596' title='bbox 3291 1367 3533 1424; x_wconf 88' lang='lat' dir='ltr'><strong>alterius.</strong></span> <span class='ocrx_word' id='word_1_597' title='bbox 3583 1371 3653 1425; x_wconf 77' lang='lat' dir='ltr'><strong>()s</strong></span> 
     </span>
    </p>
   </div>
   <div class='ocr_carea' id='block_1_73' title="bbox 2070 1443 3662 1527">
    <p class='ocr_par' dir='ltr' id='par_1_73' title="bbox 2070 1443 3662 1527">
     <span class='ocr_line' id='line_1_74' title="bbox 2070 1443 3662 1527; baseline 0.013 -34"><span class='ocrx_word' id='word_1_598' title='bbox 2070 1451 2209 1494; x_wconf 84' lang='lat' dir='ltr'><strong>tuum</strong></span> <span class='ocrx_word' id='word_1_599' title='bbox 2252 1443 2520 1498; x_wconf 80' lang='lat' dir='ltr'><strong>abundarit</strong></span> <span class='ocrx_word' id='word_1_600' title='bbox 2551 1447 2766 1512; x_wconf 86' lang='lat' dir='ltr'><strong>malitia,</strong></span> <span class='ocrx_word' id='word_1_601' title='bbox 2808 1451 3053 1527; x_wconf 29' lang='lat' dir='ltr'><strong>et‘lingua</strong></span> <span class='ocrx_word' id='word_1_602' title='bbox 3089 1466 3175 1508; x_wconf 90' lang='lat' dir='ltr'><strong>tua</strong></span> <span class='ocrx_word' id='word_1_603' title='bbox 3212 1461 3540 1516; x_wconf 80' lang='lat' dir='ltr'><strong>concinnabat</strong></span> <span class='ocrx_word' id='word_1_604' title='bbox 3568 1464 3662 1515; x_wconf 71' lang='lat' dir='ltr'><strong>do-</strong></span> 
     </span>
    </p>
   </div>
   <div class='ocr_carea' id='block_1_74' title="bbox 2071 1534 3658 1620">
    <p class='ocr_par' dir='ltr' id='par_1_74' title="bbox 2071 1534 3658 1620">
     <span class='ocr_line' id='line_1_75' title="bbox 2071 1534 3658 1620; baseline 0.015 -34"><span class='ocrx_word' id='word_1_605' title='bbox 2071 1534 2167 1588; x_wconf 86' lang='lat' dir='ltr'><strong>los.</strong></span> <span class='ocrx_word' id='word_1_606' title='bbox 2210 1534 2405 1591; x_wconf 81' lang='lat' dir='ltr'><strong>Sedens</strong></span> <span class='ocrx_word' id='word_1_607' title='bbox 2447 1539 2687 1594; x_wconf 81' lang='lat' dir='ltr'><strong>adversus</strong></span> <span class='ocrx_word' id='word_1_608' title='bbox 2716 1544 2925 1611; x_wconf 79' lang='lat' dir='ltr'><strong>fratrem</strong></span> <span class='ocrx_word' id='word_1_609' title='bbox 2971 1555 3111 1599; x_wconf 90' lang='lat' dir='ltr'><strong>tuum</strong></span> <span class='ocrx_word' id='word_1_610' title='bbox 3139 1549 3439 1620; x_wconf 78' lang='lat' dir='ltr'><strong>loquebaris,</strong></span> <span class='ocrx_word' id='word_1_611' title='bbox 3470 1567 3516 1608; x_wconf 84' lang='lat' dir='ltr'><strong>et</strong></span> <span class='ocrx_word' id='word_1_612' title='bbox 3561 1559 3658 1609; x_wconf 82' lang='lat' dir='ltr'><strong>ad-</strong></span> 
     </span>
    </p>
   </div>
   <div class='ocr_carea' id='block_1_75' title="bbox 2071 1630 3657 1704">
    <p class='ocr_par' dir='ltr' id='par_1_75' title="bbox 2071 1630 3657 1704">
     <span class='ocr_line' id='line_1_76' title="bbox 2071 1630 3657 1704; baseline 0.016 -25"><span class='ocrx_word' id='word_1_613' title='bbox 2071 1642 2241 1682; x_wconf 82' lang='lat' dir='ltr'><strong>versus</strong></span> <span class='ocrx_word' id='word_1_614' title='bbox 2266 1630 2430 1698; x_wconf 78' lang='lat' dir='ltr'><strong>[ilium</strong></span> <span class='ocrx_word' id='word_1_615' title='bbox 2456 1633 2631 1685; x_wconf 82' lang='lat' dir='ltr'><strong>matris</strong></span> <span class='ocrx_word' id='word_1_616' title='bbox 2668 1644 2767 1687; x_wconf 80' lang='lat' dir='ltr'><strong>tua:</strong></span> <span class='ocrx_word' id='word_1_617' title='bbox 2804 1638 3021 1699; x_wconf 78' lang='lat' dir='ltr'><strong>ponebas</strong></span> <span class='ocrx_word' id='word_1_618' title='bbox 3058 1643 3377 1701; x_wconf 80' lang='lat' dir='ltr'><strong>scandalum.</strong></span> <span class='ocrx_word' id='word_1_619' title='bbox 3406 1646 3482 1702; x_wconf 87' lang='lat' dir='ltr'><strong>Ne</strong></span> <span class='ocrx_word' id='word_1_620' title='bbox 3514 1652 3657 1704; x_wconf 86' lang='lat' dir='ltr'><strong>enim</strong></span> 
     </span>
    </p>
   </div>
   <div class='ocr_carea' id='block_1_76' title="bbox 2069 1719 3657 1806">
    <p class='ocr_par' dir='ltr' id='par_1_76' title="bbox 2069 1719 3657 1806">
     <span class='ocr_line' id='line_1_77' title="bbox 2069 1719 3657 1806; baseline 0.016 -33"><span class='ocrx_word' id='word_1_621' title='bbox 2069 1719 2306 1775; x_wconf 88' lang='lat' dir='ltr'><strong>diceret:</strong></span> <span class='ocrx_word' id='word_1_622' title='bbox 2340 1722 2451 1777; x_wconf 90' lang='lat' dir='ltr'><strong>lloc</strong></span> <span class='ocrx_word' id='word_1_623' title='bbox 2482 1723 2615 1778; x_wconf 87' lang='lat' dir='ltr'><strong>facio</strong></span> <span class='ocrx_word' id='word_1_624' title='bbox 2641 1743 2707 1781; x_wconf 83' lang='lat' dir='ltr'><strong>ex</strong></span> <span class='ocrx_word' id='word_1_625' title='bbox 2739 1726 3069 1786; x_wconf 84' lang='lat' dir='ltr'><strong>humanitate</strong></span> <span class='ocrx_word' id='word_1_626' title='bbox 3101 1752 3113 1782; x_wconf 90' lang='lat'><strong>:</strong></span> <span class='ocrx_word' id='word_1_627' title='bbox 3161 1750 3325 1806; x_wconf 84' lang='lat' dir='ltr'><strong>ecqua</strong></span> <span class='ocrx_word' id='word_1_628' title='bbox 3369 1749 3512 1794; x_wconf 87' lang='lat' dir='ltr'><strong>certe</strong></span> <span class='ocrx_word' id='word_1_629' title='bbox 3540 1739 3657 1798; x_wconf 59' lang='lat' dir='ltr'><strong>fneo</strong></span> 
     </span>
    </p>
   </div>
   <div class='ocr_carea' id='block_1_77' title="bbox 2067 1810 3655 1887">
    <p class='ocr_par' dir='ltr' id='par_1_77' title="bbox 2067 1810 3655 1887">
     <span class='ocr_line' id='line_1_78' title="bbox 2067 1810 3655 1887; baseline 0.014 -24"><span class='ocrx_word' id='word_1_630' title='bbox 2067 1810 2134 1864; x_wconf 92' lang='lat' dir='ltr'><strong>rit</strong></span> <span class='ocrx_word' id='word_1_631' title='bbox 2163 1814 2482 1878; x_wconf 87' lang='lat' dir='ltr'><strong>humanitas,</strong></span> <span class='ocrx_word' id='word_1_632' title='bbox 2508 1829 2628 1869; x_wconf 92' lang='lat' dir='ltr'><strong>eum</strong></span> <span class='ocrx_word' id='word_1_633' title='bbox 2655 1818 2743 1887; x_wconf 90' lang='lat' dir='ltr'><strong>qni</strong></span> <span class='ocrx_word' id='word_1_634' title='bbox 2765 1832 2988 1874; x_wconf 90' lang='lat' dir='ltr'><strong>casurus</strong></span> <span class='ocrx_word' id='word_1_635' title='bbox 3013 1831 3092 1876; x_wconf 91' lang='lat' dir='ltr'><strong>est</strong></span> <span class='ocrx_word' id='word_1_636' title='bbox 3119 1823 3169 1877; x_wconf 92' lang='lat' dir='ltr'><strong>in</strong></span> <span class='ocrx_word' id='word_1_637' title='bbox 3206 1825 3514 1884; x_wconf 86' lang='lat' dir='ltr'><strong>barathrum</strong></span> <span class='ocrx_word' id='word_1_638' title='bbox 3550 1847 3655 1886; x_wconf 88' lang='lat' dir='ltr'><strong>non</strong></span> 
     </span>
    </p>
   </div>
   <div class='ocr_carea' id='block_1_78' title="bbox 2068 1900 3659 1987">
    <p class='ocr_par' dir='ltr' id='par_1_78' title="bbox 2068 1900 3659 1987">
     <span class='ocr_line' id='line_1_79' title="bbox 2068 1900 3659 1987; baseline 0.014 -35"><span class='ocrx_word' id='word_1_639' title='bbox 2068 1900 2350 1968; x_wconf 86' lang='lat' dir='ltr'><strong>prohibere</strong></span> <span class='ocrx_word' id='word_1_640' title='bbox 2388 1918 2489 1959; x_wconf 91' lang='lat' dir='ltr'><strong>nec</strong></span> <span class='ocrx_word' id='word_1_641' title='bbox 2513 1906 2790 1961; x_wconf 88' lang='lat' dir='ltr'><strong>retinere?</strong></span> <span class='ocrx_word' id='word_1_642' title='bbox 2821 1908 3013 1978; x_wconf 78' lang='lat' dir='ltr'><strong>iniqnzn</strong></span> <span class='ocrx_word' id='word_1_643' title='bbox 3054 1913 3304 1983; x_wconf 81' lang='lat' dir='ltr'><strong>voluptati</strong></span> <span class='ocrx_word' id='word_1_644' title='bbox 3332 1921 3659 1987; x_wconf 81' lang='lat' dir='ltr'><strong>gratificari?</strong></span> 
     </span>
    </p>
   </div>
   <div class='ocr_carea' id='block_1_79' title="bbox 2065 1988 3655 2078">
    <p class='ocr_par' dir='ltr' id='par_1_79' title="bbox 2065 1988 3655 2078">
     <span class='ocr_line' id='line_1_80' title="bbox 2065 1988 3655 2078; baseline 0.013 -31"><span class='ocrx_word' id='word_1_645' title='bbox 2065 1988 2188 2047; x_wconf 83' lang='lat' dir='ltr'><strong>eum</strong></span> <span class='ocrx_word' id='word_1_646' title='bbox 2217 1995 2305 2063; x_wconf 91' lang='lat' dir='ltr'><strong>qui</strong></span> <span class='ocrx_word' id='word_1_647' title='bbox 2334 1996 2667 2052; x_wconf 87' lang='lat' dir='ltr'><strong>mortiferum</strong></span> <span class='ocrx_word' id='word_1_648' title='bbox 2695 1998 2825 2053; x_wconf 91' lang='lat' dir='ltr'><strong>bihit</strong></span> <span class='ocrx_word' id='word_1_649' title='bbox 2844 2016 3106 2071; x_wconf 85' lang='lat' dir='ltr'><strong>venenum</strong></span> <span class='ocrx_word' id='word_1_650' title='bbox 3131 2008 3436 2078; x_wconf 81' lang='lat' dir='ltr'><strong>negligere?</strong></span> <span class='ocrx_word' id='word_1_651' title='bbox 3461 2012 3655 2067; x_wconf 78' lang='lat' dir='ltr'><strong>Verum</strong></span> 
     </span>
    </p>
   </div>
   <div class='ocr_carea' id='block_1_80' title="bbox 2066 2087 3657 2167">
    <p class='ocr_par' dir='ltr' id='par_1_80' title="bbox 2066 2087 3657 2167">
     <span class='ocr_line' id='line_1_81' title="bbox 2066 2087 3657 2167; baseline 0.014 -27"><span class='ocrx_word' id='word_1_652' title='bbox 2066 2102 2135 2142; x_wconf 91' lang='lat' dir='ltr'><strong>ne</strong></span> <span class='ocrx_word' id='word_1_653' title='bbox 2159 2087 2260 2142; x_wconf 89' lang='lat' dir='ltr'><strong>hoc</strong></span> <span class='ocrx_word' id='word_1_654' title='bbox 2279 2091 2493 2157; x_wconf 90' lang='lat' dir='ltr'><strong>quidem</strong></span> <span class='ocrx_word' id='word_1_655' title='bbox 2525 2094 2725 2162; x_wconf 88' lang='lat' dir='ltr'><strong>poteris</strong></span> <span class='ocrx_word' id='word_1_656' title='bbox 2752 2095 2951 2167; x_wconf 81' lang='lat' dir='ltr'><strong>dicere.</strong></span> <span class='ocrx_word' id='word_1_657' title='bbox 2977 2096 3126 2163; x_wconf 88' lang='lat' dir='ltr'><strong>Quod</strong></span> <span class='ocrx_word' id='word_1_658' title='bbox 3153 2102 3296 2154; x_wconf 90' lang='lat' dir='ltr'><strong>enim</strong></span> <span class='ocrx_word' id='word_1_659' title='bbox 3329 2119 3432 2156; x_wconf 92' lang='lat' dir='ltr'><strong>non</strong></span> <span class='ocrx_word' id='word_1_660' title='bbox 3462 2105 3523 2158; x_wconf 89' lang='lat' dir='ltr'><strong>sit</strong></span> <span class='ocrx_word' id='word_1_661' title='bbox 3557 2106 3657 2162; x_wconf 90' lang='lat' dir='ltr'><strong>hoc</strong></span> 
     </span>
    </p>
   </div>
   <div class='ocr_carea' id='block_1_81' title="bbox 2066 2176 3650 2260">
    <p class='ocr_par' dir='ltr' id='par_1_81' title="bbox 2066 2176 3650 2260">
     <span class='ocr_line' id='line_1_82' title="bbox 2066 2176 3650 2260; baseline 0.011 -30"><span class='ocrx_word' id='word_1_662' title='bbox 2066 2176 2429 2240; x_wconf 85' lang='lat' dir='ltr'><strong>humanitatis.</strong></span> <span class='ocrx_word' id='word_1_663' title='bbox 2458 2182 2551 2236; x_wconf 93' lang='lat' dir='ltr'><strong>sed</strong></span> <span class='ocrx_word' id='word_1_664' title='bbox 2606 2186 2996 2249; x_wconf 71' lang='lat' dir='ltr'><strong>somnolentite,</strong></span> <span class='ocrx_word' id='word_1_665' title='bbox 3026 2189 3267 2258; x_wconf 81' lang='lat' dir='ltr'><strong>scgnitiei</strong></span> <span class='ocrx_word' id='word_1_666' title='bbox 3295 2202 3347 2245; x_wconf 91' lang='lat' dir='ltr'><strong>et</strong></span> <span class='ocrx_word' id='word_1_667' title='bbox 3374 2195 3650 2260; x_wconf 75' lang='lat' dir='ltr'><strong>socordim,</strong></span> 
     </span>
    </p>
   </div>
   <div class='ocr_carea' id='block_1_82' title="bbox 2066 2267 3650 2352">
    <p class='ocr_par' dir='ltr' id='par_1_82' title="bbox 2066 2267 3650 2352">
     <span class='ocr_line' id='line_1_83' title="bbox 2066 2267 3650 2352; baseline 0.013 -33"><span class='ocrx_word' id='word_1_668' title='bbox 2066 2267 2189 2323; x_wconf 89' lang='lat' dir='ltr'><strong>hinc</strong></span> <span class='ocrx_word' id='word_1_669' title='bbox 2213 2285 2402 2325; x_wconf 88' lang='lat' dir='ltr'><strong>cernas</strong></span> <span class='ocrx_word' id='word_1_670' title='bbox 2431 2288 2443 2324; x_wconf 88' lang='lat'><strong>:</strong></span> <span class='ocrx_word' id='word_1_671' title='bbox 2476 2275 2743 2341; x_wconf 88' lang='lat' dir='ltr'><strong>quomodo</strong></span> <span class='ocrx_word' id='word_1_672' title='bbox 2774 2291 2839 2330; x_wconf 91' lang='lat' dir='ltr'><strong>eo</strong></span> <span class='ocrx_word' id='word_1_673' title='bbox 2865 2276 3086 2331; x_wconf 89' lang='lat' dir='ltr'><strong>dimisso</strong></span> <span class='ocrx_word' id='word_1_674' title='bbox 3112 2281 3203 2348; x_wconf 91' lang='lat' dir='ltr'><strong>qui</strong></span> <span class='ocrx_word' id='word_1_675' title='bbox 3233 2280 3359 2337; x_wconf 85' lang='lat' dir='ltr'><strong>facit</strong></span> <span class='ocrx_word' id='word_1_676' title='bbox 3383 2284 3650 2352; x_wconf 88' lang='lat' dir='ltr'><strong>injuriam,</strong></span> 
     </span>
    </p>
   </div>
   <div class='ocr_carea' id='block_1_83' title="bbox 2065 2358 3657 2443">
    <p class='ocr_par' dir='ltr' id='par_1_83' title="bbox 2065 2358 3657 2443">
     <span class='ocr_line' id='line_1_84' title="bbox 2065 2358 3657 2443; baseline 0.011 -31"><span class='ocrx_word' id='word_1_677' title='bbox 2065 2358 2283 2415; x_wconf 84' lang='lat' dir='ltr'><strong>fratrem</strong></span> <span class='ocrx_word' id='word_1_678' title='bbox 2328 2362 2611 2420; x_wconf 91' lang='lat' dir='ltr'><strong>maledicto</strong></span> <span class='ocrx_word' id='word_1_679' title='bbox 2638 2366 2805 2422; x_wconf 87' lang='lat' dir='ltr'><strong>afficis</strong></span> <span class='ocrx_word' id='word_1_680' title='bbox 2834 2368 2921 2437; x_wconf 85' lang='lat' dir='ltr'><strong>qui</strong></span> <span class='ocrx_word' id='word_1_681' title='bbox 2961 2368 3157 2424; x_wconf 90' lang='lat' dir='ltr'><strong>nullam</strong></span> <span class='ocrx_word' id='word_1_682' title='bbox 3198 2370 3327 2427; x_wconf 87' lang='lat' dir='ltr'><strong>fecit</strong></span> <span class='ocrx_word' id='word_1_683' title='bbox 3365 2374 3606 2443; x_wconf 81' lang='lat' dir='ltr'><strong>injuriam</strong></span> <span class='ocrx_word' id='word_1_684' title='bbox 3631 2380 3657 2430; x_wconf 67' lang='grc' dir='ltr'><em>ἲ</em></span> 
     </span>
    </p>
   </div>
   <div class='ocr_carea' id='block_1_84' title="bbox 2064 2454 3657 2538">
    <p class='ocr_par' dir='ltr' id='par_1_84' title="bbox 2064 2454 3657 2538">
     <span class='ocr_line' id='line_1_85' title="bbox 2064 2454 3657 2538; baseline 0.011 -33"><span class='ocrx_word' id='word_1_685' title='bbox 2064 2454 2328 2521; x_wconf 87' lang='lat' dir='ltr'><strong>quomodo</strong></span> <span class='ocrx_word' id='word_1_686' title='bbox 2348 2454 2614 2512; x_wconf 86' lang='lat' dir='ltr'><strong>insidiaris</strong></span> <span class='ocrx_word' id='word_1_687' title='bbox 2631 2459 2679 2512; x_wconf 90' lang='lat' dir='ltr'><strong>ei</strong></span> <span class='ocrx_word' id='word_1_688' title='bbox 2699 2460 2787 2529; x_wconf 90' lang='lat' dir='ltr'><strong>qui</strong></span> <span class='ocrx_word' id='word_1_689' title='bbox 2808 2460 2936 2514; x_wconf 91' lang='lat' dir='ltr'><strong>nihil</strong></span> <span class='ocrx_word' id='word_1_690' title='bbox 2957 2461 3195 2528; x_wconf 77' lang='lat' dir='ltr'><strong>offendit,</strong></span> <span class='ocrx_word' id='word_1_691' title='bbox 3222 2465 3353 2519; x_wconf 88' lang='lat' dir='ltr'><strong>nihil</strong></span> <span class='ocrx_word' id='word_1_692' title='bbox 3395 2466 3657 2538; x_wconf 80' lang='lat' dir='ltr'><strong>deliquit?</strong></span> 
     </span>
    </p>
   </div>
   <div class='ocr_carea' id='block_1_85' title="bbox 2066 2542 3652 2627">
    <p class='ocr_par' dir='ltr' id='par_1_85' title="bbox 2066 2542 3652 2627">
     <span class='ocr_line' id='line_1_86' title="bbox 2066 2542 3652 2627; baseline 0.01 -30"><span class='ocrx_word' id='word_1_693' title='bbox 2066 2542 2200 2599; x_wconf 81' lang='lat' dir='ltr'><strong>Vide</strong></span> <span class='ocrx_word' id='word_1_694' title='bbox 2224 2560 2489 2600; x_wconf 85' lang='lat' dir='ltr'><strong>summam</strong></span> <span class='ocrx_word' id='word_1_695' title='bbox 2516 2548 2795 2619; x_wconf 89' lang='lat' dir='ltr'><strong>utrobique</strong></span> <span class='ocrx_word' id='word_1_696' title='bbox 2823 2552 3131 2620; x_wconf 90' lang='lat' dir='ltr'><strong>nequitiam.</strong></span> <span class='ocrx_word' id='word_1_697' title='bbox 3164 2554 3297 2609; x_wconf 87' lang='lat' dir='ltr'><strong>Eum</strong></span> <span class='ocrx_word' id='word_1_698' title='bbox 3323 2557 3536 2625; x_wconf 88' lang='lat' dir='ltr'><strong>quidem</strong></span> <span class='ocrx_word' id='word_1_699' title='bbox 3564 2561 3652 2627; x_wconf 87' lang='lat' dir='ltr'><strong>qui</strong></span> 
     </span>
    </p>
   </div>
   <div class='ocr_carea' id='block_1_86' title="bbox 2063 2637 3652 2716">
    <p class='ocr_par' dir='ltr' id='par_1_86' title="bbox 2063 2637 3652 2716">
     <span class='ocr_line' id='line_1_87' title="bbox 2063 2637 3652 2716; baseline 0.01 -26"><span class='ocrx_word' id='word_1_700' title='bbox 2063 2644 2145 2691; x_wconf 88' lang='lat' dir='ltr'><strong>est</strong></span> <span class='ocrx_word' id='word_1_701' title='bbox 2164 2637 2342 2693; x_wconf 88' lang='lat' dir='ltr'><strong>ebrius</strong></span> <span class='ocrx_word' id='word_1_702' title='bbox 2368 2641 2677 2709; x_wconf 90' lang='lat' dir='ltr'><strong>cupiditate,</strong></span> <span class='ocrx_word' id='word_1_703' title='bbox 2703 2659 2807 2697; x_wconf 93' lang='lat' dir='ltr'><strong>non</strong></span> <span class='ocrx_word' id='word_1_704' title='bbox 2836 2645 3086 2712; x_wconf 90' lang='lat' dir='ltr'><strong>prohibes</strong></span> <span class='ocrx_word' id='word_1_705' title='bbox 3110 2649 3394 2716; x_wconf 87' lang='lat' dir='ltr'><strong>quominus</strong></span> <span class='ocrx_word' id='word_1_706' title='bbox 3422 2650 3652 2705; x_wconf 85' lang='lat' dir='ltr'><strong>inebrie-</strong></span> 
     </span>
    </p>
   </div>
   <div class='ocr_carea' id='block_1_87' title="bbox 2066 2731 3655 2809">
    <p class='ocr_par' dir='ltr' id='par_1_87' title="bbox 2066 2731 3655 2809">
     <span class='ocr_line' id='line_1_88' title="bbox 2066 2731 3655 2809; baseline 0.011 -28"><span class='ocrx_word' id='word_1_707' title='bbox 2066 2736 2168 2793; x_wconf 91' lang='lat' dir='ltr'><strong>tur,</strong></span> <span class='ocrx_word' id='word_1_708' title='bbox 2202 2739 2261 2783; x_wconf 92' lang='lat' dir='ltr'><strong>ut</strong></span> <span class='ocrx_word' id='word_1_709' title='bbox 2284 2731 2354 2785; x_wconf 93' lang='lat' dir='ltr'><strong>sit</strong></span> <span class='ocrx_word' id='word_1_710' title='bbox 2382 2740 2748 2802; x_wconf 90' lang='lat' dir='ltr'><strong>temperatus:</strong></span> <span class='ocrx_word' id='word_1_711' title='bbox 2783 2750 2906 2789; x_wconf 92' lang='lat' dir='ltr'><strong>eum</strong></span> <span class='ocrx_word' id='word_1_712' title='bbox 2932 2746 3107 2793; x_wconf 90' lang='lat' dir='ltr'><strong>autem</strong></span> <span class='ocrx_word' id='word_1_713' title='bbox 3153 2741 3240 2809; x_wconf 91' lang='lat' dir='ltr'><strong>qui</strong></span> <span class='ocrx_word' id='word_1_714' title='bbox 3284 2744 3481 2796; x_wconf 88' lang='lat' dir='ltr'><strong>nullam</strong></span> <span class='ocrx_word' id='word_1_715' title='bbox 3532 2745 3655 2799; x_wconf 84' lang='lat' dir='ltr'><strong>fecit</strong></span> 
     </span>
    </p>
   </div>
   <div class='ocr_carea' id='block_1_88' title="bbox 2065 2817 3653 2900">
    <p class='ocr_par' dir='ltr' id='par_1_88' title="bbox 2065 2817 3653 2900">
     <span class='ocr_line' id='line_1_89' title="bbox 2065 2817 3653 2900; baseline 0.01 -29"><span class='ocrx_word' id='word_1_716' title='bbox 2065 2817 2334 2888; x_wconf 88' lang='lat' dir='ltr'><strong>injuriam,</strong></span> <span class='ocrx_word' id='word_1_717' title='bbox 2379 2822 2554 2891; x_wconf 91' lang='lat' dir='ltr'><strong>punis.</strong></span> <span class='ocrx_word' id='word_1_718' title='bbox 2591 2824 2787 2877; x_wconf 82' lang='lat' dir='ltr'><strong>Sedens</strong></span> <span class='ocrx_word' id='word_1_719' title='bbox 2814 2827 2955 2880; x_wconf 88' lang='lat' dir='ltr'><strong>enim</strong></span> <span class='ocrx_word' id='word_1_720' title='bbox 2985 2829 3224 2882; x_wconf 78' lang='lat' dir='ltr'><strong>adversus</strong></span> <span class='ocrx_word' id='word_1_721' title='bbox 3264 2834 3473 2900; x_wconf 78' lang='lat' dir='ltr'><strong>fratrem</strong></span> <span class='ocrx_word' id='word_1_722' title='bbox 3512 2844 3653 2887; x_wconf 88' lang='lat' dir='ltr'><strong>tuum</strong></span> 
     </span>
    </p>
   </div>
   <div class='ocr_carea' id='block_1_89' title="bbox 2065 2909 3652 2989">
    <p class='ocr_par' dir='ltr' id='par_1_89' title="bbox 2065 2909 3652 2989">
     <span class='ocr_line' id='line_1_90' title="bbox 2065 2909 3652 2989; baseline 0.009 -27"><span class='ocrx_word' id='word_1_723' title='bbox 2065 2909 2362 2979; x_wconf 77' lang='lat' dir='ltr'><strong>loquebaris,</strong></span> <span class='ocrx_word' id='word_1_724' title='bbox 2394 2921 2442 2967; x_wconf 88' lang='lat' dir='ltr'><strong>et</strong></span> <span class='ocrx_word' id='word_1_725' title='bbox 2474 2913 2714 2970; x_wconf 79' lang='lat' dir='ltr'><strong>adversus</strong></span> <span class='ocrx_word' id='word_1_726' title='bbox 2745 2915 2910 2983; x_wconf 82' lang='lat' dir='ltr'><strong>[ilium</strong></span> <span class='ocrx_word' id='word_1_727' title='bbox 2935 2919 3111 2971; x_wconf 74' lang='lat' dir='ltr'><strong>matris</strong></span> <span class='ocrx_word' id='word_1_728' title='bbox 3137 2929 3237 2973; x_wconf 77' lang='lat' dir='ltr'><strong>tua:</strong></span> <span class='ocrx_word' id='word_1_729' title='bbox 3261 2923 3480 2989; x_wconf 83' lang='lat' dir='ltr'><strong>ponebas</strong></span> <span class='ocrx_word' id='word_1_730' title='bbox 3500 2941 3652 2978; x_wconf 85' lang='lat' dir='ltr'><strong>scan-</strong></span> 
     </span>
    </p>
   </div>
   <div class='ocr_carea' id='block_1_90' title="bbox 2064 3001 2270 3058">
    <p class='ocr_par' dir='ltr' id='par_1_90' title="bbox 2064 3001 2270 3058">
     <span class='ocr_line' id='line_1_91' title="bbox 2064 3001 2270 3058; baseline 0.015 -3"><span class='ocrx_word' id='word_1_731' title='bbox 2064 3001 2270 3058; x_wconf 80' lang='lat' dir='ltr'><strong>delum.</strong></span> 
     </span>
    </p>
   </div>
   <div class='ocr_carea' id='block_1_91' title="bbox 2134 3093 3632 3173">
    <p class='ocr_par' dir='ltr' id='par_1_91' title="bbox 2134 3093 3632 3173">
     <span class='ocr_line' id='line_1_92' title="bbox 2134 3093 3632 3173; baseline 0.007 -24"><span class='ocrx_word' id='word_1_732' title='bbox 2134 3093 2186 3149; x_wconf 92' lang='lat'><strong>9.</strong></span> <span class='ocrx_word' id='word_1_733' title='bbox 2221 3093 2352 3149; x_wconf 84' lang='lat' dir='ltr'><strong>Vide</strong></span> <span class='ocrx_word' id='word_1_734' title='bbox 2376 3096 2644 3165; x_wconf 87' lang='lat' dir='ltr'><strong>quomodo</strong></span> <span class='ocrx_word' id='word_1_735' title='bbox 2673 3097 2724 3151; x_wconf 89' lang='lat' dir='ltr'><strong>in</strong></span> <span class='ocrx_word' id='word_1_736' title='bbox 2755 3100 3071 3155; x_wconf 89' lang='lat' dir='ltr'><strong>narrationis</strong></span> <span class='ocrx_word' id='word_1_737' title='bbox 3097 3101 3325 3157; x_wconf 79' lang='lat' dir='ltr'><strong>decursu</strong></span> <span class='ocrx_word' id='word_1_738' title='bbox 3352 3118 3511 3173; x_wconf 88' lang='lat' dir='ltr'><strong>anget</strong></span> <span class='ocrx_word' id='word_1_739' title='bbox 3538 3123 3599 3159; x_wconf 87' lang='lat' dir='ltr'><strong>ac</strong></span> <span class='ocrx_word' id='word_1_740' title='bbox 3618 3138 3632 3148; x_wconf 86' lang='lat'><strong>-</strong></span> 
     </span>
    </p>
   </div>
   <div class='ocr_carea' id='block_1_92' title="bbox 2063 3188 3650 3266">
    <p class='ocr_par' dir='ltr' id='par_1_92' title="bbox 2063 3188 3650 3266">
     <span class='ocr_line' id='line_1_93' title="bbox 2063 3188 3650 3266; baseline 0.005 -24"><span class='ocrx_word' id='word_1_741' title='bbox 2063 3188 2416 3242; x_wconf 87' lang='lat' dir='ltr'><strong>cusationem.</strong></span> <span class='ocrx_word' id='word_1_742' title='bbox 2471 3189 2631 3256; x_wconf 85' lang='lat' dir='ltr'><strong>Eum,</strong></span> <span class='ocrx_word' id='word_1_743' title='bbox 2680 3191 2871 3260; x_wconf 91' lang='lat' dir='ltr'><strong>inquit,</strong></span> <span class='ocrx_word' id='word_1_744' title='bbox 2918 3193 3006 3262; x_wconf 90' lang='lat' dir='ltr'><strong>qni</strong></span> <span class='ocrx_word' id='word_1_745' title='bbox 3060 3194 3212 3246; x_wconf 90' lang='lat' dir='ltr'><strong>matri</strong></span> <span class='ocrx_word' id='word_1_746' title='bbox 3258 3194 3355 3247; x_wconf 86' lang='lat' dir='ltr'><strong>fuit</strong></span> <span class='ocrx_word' id='word_1_747' title='bbox 3406 3196 3456 3249; x_wconf 92' lang='lat' dir='ltr'><strong>in</strong></span> <span class='ocrx_word' id='word_1_748' title='bbox 3498 3208 3650 3266; x_wconf 66' lang='lat' dir='ltr'><strong>partu</strong></span> 
     </span>
    </p>
   </div>
   <div class='ocr_carea' id='block_1_93' title="bbox 2062 3281 3649 3354">
    <p class='ocr_par' dir='ltr' id='par_1_93' title="bbox 2062 3281 3649 3354">
     <span class='ocr_line' id='line_1_94' title="bbox 2062 3281 3649 3354; baseline 0.004 -19"><span class='ocrx_word' id='word_1_749' title='bbox 2062 3295 2221 3335; x_wconf 86' lang='lat' dir='ltr'><strong>causa</strong></span> <span class='ocrx_word' id='word_1_750' title='bbox 2277 3281 2588 3335; x_wconf 89' lang='lat' dir='ltr'><strong>eorumdem</strong></span> <span class='ocrx_word' id='word_1_751' title='bbox 2636 3281 3043 3353; x_wconf 88' lang='lat' dir='ltr'><strong>dolorum,qui</strong></span> <span class='ocrx_word' id='word_1_752' title='bbox 3074 3283 3168 3338; x_wconf 89' lang='lat' dir='ltr'><strong>fuit</strong></span> <span class='ocrx_word' id='word_1_753' title='bbox 3224 3285 3460 3354; x_wconf 85' lang='lat' dir='ltr'><strong>ejusdem</strong></span> <span class='ocrx_word' id='word_1_754' title='bbox 3517 3292 3649 3343; x_wconf 84' lang='lat' dir='ltr'><strong>uteri</strong></span> 
     </span>
    </p>
   </div>
   <div class='ocr_carea' id='block_1_94' title="bbox 2064 3373 3641 3443">
    <p class='ocr_par' dir='ltr' id='par_1_94' title="bbox 2064 3373 3641 3443">
     <span class='ocr_line' id='line_1_95' title="bbox 2064 3373 3641 3443; baseline 0.004 -18"><span class='ocrx_word' id='word_1_755' title='bbox 2064 3373 2348 3442; x_wconf 89' lang='lat' dir='ltr'><strong>particeps,</strong></span> <span class='ocrx_word' id='word_1_756' title='bbox 2378 3374 2466 3443; x_wconf 93' lang='lat' dir='ltr'><strong>qui</strong></span> <span class='ocrx_word' id='word_1_757' title='bbox 2498 3375 2548 3427; x_wconf 91' lang='lat' dir='ltr'><strong>in</strong></span> <span class='ocrx_word' id='word_1_758' title='bbox 2577 3374 2765 3429; x_wconf 89' lang='lat' dir='ltr'><strong>eadem</strong></span> <span class='ocrx_word' id='word_1_759' title='bbox 2791 3375 2951 3429; x_wconf 90' lang='lat' dir='ltr'><strong>domo</strong></span> <span class='ocrx_word' id='word_1_760' title='bbox 2977 3384 3033 3431; x_wconf 90' lang='lat' dir='ltr'><strong>et</strong></span> <span class='ocrx_word' id='word_1_761' title='bbox 3060 3393 3124 3431; x_wconf 85' lang='lat' dir='ltr'><strong>ex</strong></span> <span class='ocrx_word' id='word_1_762' title='bbox 3147 3378 3332 3433; x_wconf 84' lang='lat' dir='ltr'><strong>eadem</strong></span> <span class='ocrx_word' id='word_1_763' title='bbox 3359 3395 3541 3435; x_wconf 86' lang='lat' dir='ltr'><strong>mensa</strong></span> <span class='ocrx_word' id='word_1_764' title='bbox 3567 3383 3641 3436; x_wconf 58' lang='lat' dir='ltr'><strong>ci«</strong></span> 
     </span>
    </p>
   </div>
   <div class='ocr_carea' id='block_1_95' title="bbox 2062 3462 3653 3544">
    <p class='ocr_par' dir='ltr' id='par_1_95' title="bbox 2062 3462 3653 3544">
     <span class='ocr_line' id='line_1_96' title="bbox 2062 3462 3653 3544; baseline 0.006 -27"><span class='ocrx_word' id='word_1_765' title='bbox 2062 3462 2189 3517; x_wconf 91' lang='lat' dir='ltr'><strong>bum</strong></span> <span class='ocrx_word' id='word_1_766' title='bbox 2239 3465 2487 3533; x_wconf 88' lang='lat' dir='ltr'><strong>sumpsit,</strong></span> <span class='ocrx_word' id='word_1_767' title='bbox 2519 3466 2607 3534; x_wconf 93' lang='lat' dir='ltr'><strong>qni</strong></span> <span class='ocrx_word' id='word_1_768' title='bbox 2638 3480 2704 3520; x_wconf 93' lang='lat' dir='ltr'><strong>cx</strong></span> <span class='ocrx_word' id='word_1_769' title='bbox 2744 3466 2929 3521; x_wconf 88' lang='lat' dir='ltr'><strong>eadem</strong></span> <span class='ocrx_word' id='word_1_770' title='bbox 2959 3468 3138 3521; x_wconf 91' lang='lat' dir='ltr'><strong>radice</strong></span> <span class='ocrx_word' id='word_1_771' title='bbox 3183 3471 3517 3539; x_wconf 85' lang='lat' dir='ltr'><strong>germinavit,</strong></span> <span class='ocrx_word' id='word_1_772' title='bbox 3561 3474 3653 3544; x_wconf 88' lang='lat' dir='ltr'><strong>qui</strong></span> 
     </span>
    </p>
   </div>
   <div class='ocr_carea' id='block_1_96' title="bbox 2063 3554 3651 3629">
    <p class='ocr_par' dir='ltr' id='par_1_96' title="bbox 2063 3554 3651 3629">
     <span class='ocr_line' id='line_1_97' title="bbox 2063 3554 3651 3629; baseline 0.006 -22"><span class='ocrx_word' id='word_1_773' title='bbox 2063 3554 2201 3610; x_wconf 91' lang='lat' dir='ltr'><strong>idem</strong></span> <span class='ocrx_word' id='word_1_774' title='bbox 2246 3554 2405 3609; x_wconf 85' lang='lat' dir='ltr'><strong>habet</strong></span> <span class='ocrx_word' id='word_1_775' title='bbox 2449 3566 2599 3610; x_wconf 84' lang='lat' dir='ltr'><strong>ortus</strong></span> <span class='ocrx_word' id='word_1_776' title='bbox 2645 3558 2989 3626; x_wconf 88' lang='lat' dir='ltr'><strong>principium,</strong></span> <span class='ocrx_word' id='word_1_777' title='bbox 3018 3560 3106 3629; x_wconf 88' lang='lat' dir='ltr'><strong>qui</strong></span> <span class='ocrx_word' id='word_1_778' title='bbox 3154 3561 3221 3614; x_wconf 90' lang='lat' dir='ltr'><strong>ab</strong></span> <span class='ocrx_word' id='word_1_779' title='bbox 3252 3561 3466 3617; x_wconf 86' lang='lat' dir='ltr'><strong>ineunte</strong></span> <span class='ocrx_word' id='word_1_780' title='bbox 3495 3574 3651 3617; x_wconf 64' lang='lat' dir='ltr'><strong>{etate</strong></span> 
     </span>
    </p>
   </div>
   <div class='ocr_carea' id='block_1_97' title="bbox 2063 3646 3647 3707">
    <p class='ocr_par' dir='ltr' id='par_1_97' title="bbox 2063 3646 3647 3707">
     <span class='ocr_line' id='line_1_98' title="bbox 2063 3646 3647 3707; baseline 0.004 -9"><span class='ocrx_word' id='word_1_781' title='bbox 2063 3655 2238 3701; x_wconf 89' lang='lat' dir='ltr'><strong>tecum</strong></span> <span class='ocrx_word' id='word_1_782' title='bbox 2285 3646 2470 3707; x_wconf 85' lang='lat' dir='ltr'><strong>crevit,</strong></span> <span class='ocrx_word' id='word_1_783' title='bbox 2502 3662 2623 3701; x_wconf 90' lang='lat' dir='ltr'><strong>cum</strong></span> <span class='ocrx_word' id='word_1_784' title='bbox 2658 3648 2957 3702; x_wconf 89' lang='lat' dir='ltr'><strong>maledictis</strong></span> <span class='ocrx_word' id='word_1_785' title='bbox 2983 3650 3262 3705; x_wconf 88' lang='lat' dir='ltr'><strong>insectaris</strong></span> <span class='ocrx_word' id='word_1_786' title='bbox 3293 3669 3305 3704; x_wconf 90' lang='lat'><strong><em>:</em></strong></span> <span class='ocrx_word' id='word_1_787' title='bbox 3334 3661 3388 3706; x_wconf 88' lang='lat' dir='ltr'><strong>et</strong></span> <span class='ocrx_word' id='word_1_788' title='bbox 3422 3669 3525 3706; x_wconf 92' lang='lat' dir='ltr'><strong>non</strong></span> <span class='ocrx_word' id='word_1_789' title='bbox 3559 3670 3647 3705; x_wconf 82' lang='lat' dir='ltr'><strong>so-</strong></span> 
     </span>
    </p>
   </div>
   <div class='ocr_carea' id='block_1_98' title="bbox 2064 3738 3653 3812">
    <p class='ocr_par' dir='ltr' id='par_1_98' title="bbox 2064 3738 3653 3812">
     <span class='ocr_line' id='line_1_99' title="bbox 2064 3738 3653 3812; baseline 0.006 -23"><span class='ocrx_word' id='word_1_790' title='bbox 2064 3738 2171 3790; x_wconf 90' lang='lat' dir='ltr'><strong>lum</strong></span> <span class='ocrx_word' id='word_1_791' title='bbox 2213 3739 2627 3799; x_wconf 84' lang='lat' dir='ltr'><strong>iusectaris,sed</strong></span> <span class='ocrx_word' id='word_1_792' title='bbox 2657 3740 2818 3793; x_wconf 85' lang='lat' dir='ltr'><strong>etiam</strong></span> <span class='ocrx_word' id='word_1_793' title='bbox 2846 3741 2920 3794; x_wconf 86' lang='lat' dir='ltr'><strong>-in</strong></span> <span class='ocrx_word' id='word_1_794' title='bbox 2966 3757 3100 3812; x_wconf 92' lang='lat' dir='ltr'><strong>opus</strong></span> <span class='ocrx_word' id='word_1_795' title='bbox 3142 3742 3361 3797; x_wconf 89' lang='lat' dir='ltr'><strong>deducis</strong></span> <span class='ocrx_word' id='word_1_796' title='bbox 3400 3745 3653 3799; x_wconf 76' lang='lat' dir='ltr'><strong>insidias?</strong></span> 
     </span>
    </p>
   </div>
   <div class='ocr_carea' id='block_1_99' title="bbox 2063 3827 3643 3895">
    <p class='ocr_par' dir='ltr' id='par_1_99' title="bbox 2063 3827 3643 3895">
     <span class='ocr_line' id='line_1_100' title="bbox 2063 3827 3643 3895; baseline 0.004 -14"><span class='ocrx_word' id='word_1_797' title='bbox 2063 3827 2175 3883; x_wconf 79' lang='lat' dir='ltr'><strong>Hoc</strong></span> <span class='ocrx_word' id='word_1_798' title='bbox 2213 3829 2355 3882; x_wconf 87' lang='lat' dir='ltr'><strong>enim</strong></span> <span class='ocrx_word' id='word_1_799' title='bbox 2398 3829 2497 3882; x_wconf 78' lang='lat' dir='ltr'><strong>sibi</strong></span> <span class='ocrx_word' id='word_1_800' title='bbox 2535 3830 2668 3895; x_wconf 84' lang='lat' dir='ltr'><strong>vult,</strong></span> <span class='ocrx_word' id='word_1_801' title='bbox 2725 3828 2959 3886; x_wconf 82' lang='lat' dir='ltr'><strong>Ponebas</strong></span> <span class='ocrx_word' id='word_1_802' title='bbox 3005 3831 3322 3885; x_wconf 80' lang='lat' dir='ltr'><strong>scandalum.</strong></span> <span class='ocrx_word' id='word_1_803' title='bbox 3370 3834 3422 3888; x_wconf 93' lang='lat' dir='ltr'><strong>Si</strong></span> <span class='ocrx_word' id='word_1_804' title='bbox 3469 3844 3643 3890; x_wconf 85' lang='lat' dir='ltr'><strong>autem</strong></span> 
     </span>
    </p>
   </div>
   <div class='ocr_carea' id='block_1_100' title="bbox 2062 3920 3651 3993">
    <p class='ocr_par' dir='ltr' id='par_1_100' title="bbox 2062 3920 3651 3993">
     <span class='ocr_line' id='line_1_101' title="bbox 2062 3920 3651 3993; baseline 0.006 -23"><span class='ocrx_word' id='word_1_805' title='bbox 2062 3934 2169 3971; x_wconf 89' lang='lat' dir='ltr'><strong>non</strong></span> <span class='ocrx_word' id='word_1_806' title='bbox 2183 3930 2265 3973; x_wconf 90' lang='lat' dir='ltr'><strong>est</strong></span> <span class='ocrx_word' id='word_1_807' title='bbox 2285 3920 2355 3973; x_wconf 89' lang='lat' dir='ltr'><strong>im</strong></span> <span class='ocrx_word' id='word_1_808' title='bbox 2365 3920 2620 3987; x_wconf 87' lang='lat' dir='ltr'><strong>petendus</strong></span> <span class='ocrx_word' id='word_1_809' title='bbox 2637 3920 2953 3987; x_wconf 87' lang='lat' dir='ltr'><strong>maledictis,</strong></span> <span class='ocrx_word' id='word_1_810' title='bbox 2977 3922 3065 3991; x_wconf 89' lang='lat' dir='ltr'><strong>qui</strong></span> <span class='ocrx_word' id='word_1_811' title='bbox 3082 3924 3394 3977; x_wconf 84' lang='lat' dir='ltr'><strong>naturalium</strong></span> <span class='ocrx_word' id='word_1_812' title='bbox 3413 3926 3651 3993; x_wconf 87' lang='lat' dir='ltr'><strong>pariendi</strong></span> 
     </span>
    </p>
   </div>
   <div class='ocr_carea' id='block_1_101' title="bbox 2063 4010 3647 4086">
    <p class='ocr_par' dir='ltr' id='par_1_101' title="bbox 2063 4010 3647 4086">
     <span class='ocr_line' id='line_1_102' title="bbox 2063 4010 3647 4086; baseline 0.005 -22"><span class='ocrx_word' id='word_1_813' title='bbox 2063 4010 2308 4065; x_wconf 91' lang='lat' dir='ltr'><strong>dolorum</strong></span> <span class='ocrx_word' id='word_1_814' title='bbox 2336 4012 2390 4066; x_wconf 92' lang='lat' dir='ltr'><strong>in</strong></span> <span class='ocrx_word' id='word_1_815' title='bbox 2423 4012 2615 4066; x_wconf 90' lang='lat' dir='ltr'><strong>eodem</strong></span> <span class='ocrx_word' id='word_1_816' title='bbox 2642 4012 2741 4067; x_wconf 87' lang='lat' dir='ltr'><strong>fuit</strong></span> <span class='ocrx_word' id='word_1_817' title='bbox 2768 4024 2919 4067; x_wconf 93' lang='lat' dir='ltr'><strong>utero</strong></span> <span class='ocrx_word' id='word_1_818' title='bbox 2946 4015 3212 4083; x_wconf 86' lang='lat' dir='ltr'><strong>particeps</strong></span> <span class='ocrx_word' id='word_1_819' title='bbox 3243 4034 3254 4067; x_wconf 96' lang='lat'>:</span> <span class='ocrx_word' id='word_1_820' title='bbox 3289 4015 3458 4070; x_wconf 91' lang='lat' dir='ltr'><strong>multo</strong></span> <span class='ocrx_word' id='word_1_821' title='bbox 3480 4019 3647 4086; x_wconf 80' lang='lat' dir='ltr'><strong>magis</strong></span> 
     </span>
    </p>
   </div>
   <div class='ocr_carea' id='block_1_102' title="bbox 2062 4102 3647 4179">
    <p class='ocr_par' dir='ltr' id='par_1_102' title="bbox 2062 4102 3647 4179">
     <span class='ocr_line' id='line_1_103' title="bbox 2062 4102 3647 4179; baseline 0.005 -24"><span class='ocrx_word' id='word_1_822' title='bbox 2062 4102 2155 4172; x_wconf 90' lang='lat' dir='ltr'><strong>qui</strong></span> <span class='ocrx_word' id='word_1_823' title='bbox 2182 4103 2556 4171; x_wconf 90' lang='lat' dir='ltr'><strong>spiritualium.</strong></span> <span class='ocrx_word' id='word_1_824' title='bbox 2575 4104 2693 4158; x_wconf 82' lang='lat' dir='ltr'><strong>Nec</strong></span> <span class='ocrx_word' id='word_1_825' title='bbox 2720 4118 2850 4174; x_wconf 85' lang='lat' dir='ltr'><strong>ergo</strong></span> <span class='ocrx_word' id='word_1_826' title='bbox 2875 4106 3147 4174; x_wconf 90' lang='lat' dir='ltr'><strong>permitte,</strong></span> <span class='ocrx_word' id='word_1_827' title='bbox 3196 4116 3255 4160; x_wconf 92' lang='lat' dir='ltr'><strong>ut</strong></span> <span class='ocrx_word' id='word_1_828' title='bbox 3281 4107 3326 4160; x_wconf 90' lang='lat' dir='ltr'><strong>is</strong></span> <span class='ocrx_word' id='word_1_829' title='bbox 3364 4107 3519 4162; x_wconf 87' lang='lat' dir='ltr'><strong>cadat</strong></span> <span class='ocrx_word' id='word_1_830' title='bbox 3554 4111 3647 4179; x_wconf 90' lang='lat' dir='ltr'><strong>qui</strong></span> 
     </span>
    </p>
   </div>
   <div class='ocr_carea' id='block_1_103' title="bbox 2062 4198 3649 4270">
    <p class='ocr_par' dir='ltr' id='par_1_103' title="bbox 2062 4198 3649 4270">
     <span class='ocr_line' id='line_1_104' title="bbox 2062 4198 3649 4270; baseline 0.001 -18"><span class='ocrx_word' id='word_1_831' title='bbox 2062 4205 2148 4252; x_wconf 86' lang='lat' dir='ltr'><strong>est</strong></span> <span class='ocrx_word' id='word_1_832' title='bbox 2172 4209 2487 4265; x_wconf 91' lang='lat' dir='ltr'><strong>peccaturus</strong></span> <span class='ocrx_word' id='word_1_833' title='bbox 2515 4214 2529 4251; x_wconf 91' lang='lat'><strong>:</strong></span> <span class='ocrx_word' id='word_1_834' title='bbox 2559 4213 2657 4252; x_wconf 91' lang='lat' dir='ltr'><strong>nec</strong></span> <span class='ocrx_word' id='word_1_835' title='bbox 2684 4213 2805 4252; x_wconf 89' lang='lat' dir='ltr'><strong>eum</strong></span> <span class='ocrx_word' id='word_1_836' title='bbox 2855 4198 2942 4268; x_wconf 90' lang='lat' dir='ltr'><strong>qui</strong></span> <span class='ocrx_word' id='word_1_837' title='bbox 2984 4199 3181 4252; x_wconf 87' lang='lat' dir='ltr'><strong>nullam</strong></span> <span class='ocrx_word' id='word_1_838' title='bbox 3222 4198 3351 4254; x_wconf 88' lang='lat' dir='ltr'><strong>fecit</strong></span> <span class='ocrx_word' id='word_1_839' title='bbox 3401 4200 3649 4270; x_wconf 88' lang='lat' dir='ltr'><strong>injuriam</strong></span> 
     </span>
    </p>
   </div>
   <div class='ocr_carea' id='block_1_104' title="bbox 2063 4288 3649 4353">
    <p class='ocr_par' dir='ltr' id='par_1_104' title="bbox 2063 4288 3649 4353">
     <span class='ocr_line' id='line_1_105' title="bbox 2063 4288 3649 4353; baseline 0.004 -13"><span class='ocrx_word' id='word_1_840' title='bbox 2063 4288 2392 4343; x_wconf 87' lang='lat' dir='ltr'><strong>calumniare</strong></span> <span class='ocrx_word' id='word_1_841' title='bbox 2422 4329 2437 4353; x_wconf 96' lang='lat'><strong>,</strong></span> <span class='ocrx_word' id='word_1_842' title='bbox 2471 4297 2525 4342; x_wconf 91' lang='lat' dir='ltr'><strong>et</strong></span> <span class='ocrx_word' id='word_1_843' title='bbox 2551 4290 2805 4343; x_wconf 81' lang='lat' dir='ltr'><strong>conviciis</strong></span> <span class='ocrx_word' id='word_1_844' title='bbox 2837 4289 3065 4344; x_wconf 86' lang='lat' dir='ltr'><strong>incesse.</strong></span> <span class='ocrx_word' id='word_1_845' title='bbox 3098 4289 3210 4344; x_wconf 80' lang='lat' dir='ltr'><strong>Hoc</strong></span> <span class='ocrx_word' id='word_1_846' title='bbox 3235 4301 3317 4345; x_wconf 89' lang='lat' dir='ltr'><strong>est</strong></span> <span class='ocrx_word' id='word_1_847' title='bbox 3341 4292 3483 4345; x_wconf 90' lang='lat' dir='ltr'><strong>enim</strong></span> <span class='ocrx_word' id='word_1_848' title='bbox 3511 4293 3649 4347; x_wconf 83' lang='lat' dir='ltr'><strong>iuvi-</strong></span> 
     </span>
    </p>
   </div>
   <div class='ocr_carea' id='block_1_105' title="bbox 2062 4366 3649 4445">
    <p class='ocr_par' dir='ltr' id='par_1_105' title="bbox 2062 4366 3649 4445">
     <span class='ocr_line' id='line_1_106' title="bbox 2062 4366 3649 4445; baseline 0.004 -12"><span class='ocrx_word' id='word_1_849' title='bbox 2062 4379 2189 4445; x_wconf 81' lang='lat' dir='ltr'><strong>diae,</strong></span> <span class='ocrx_word' id='word_1_850' title='bbox 2217 4379 2347 4434; x_wconf 90' lang='lat' dir='ltr'><strong>illud</strong></span> <span class='ocrx_word' id='word_1_851' title='bbox 2375 4395 2505 4436; x_wconf 79' lang='lat' dir='ltr'><strong>vero</strong></span> <span class='ocrx_word' id='word_1_852' title='bbox 2533 4381 2842 4436; x_wconf 75' lang='lat' dir='ltr'><strong>indolentia:</strong></span> <span class='ocrx_word' id='word_1_853' title='bbox 2886 4398 2899 4434; x_wconf 89' lang='lat'><strong>:</strong></span> <span class='ocrx_word' id='word_1_854' title='bbox 2946 4396 3052 4436; x_wconf 94' lang='lat' dir='ltr'><strong>non</strong></span> <span class='ocrx_word' id='word_1_855' title='bbox 3082 4384 3316 4438; x_wconf 89' lang='lat' dir='ltr'><strong>retinere</strong></span> <span class='ocrx_word' id='word_1_856' title='bbox 3358 4386 3499 4438; x_wconf 89' lang='lat' dir='ltr'><strong>enim</strong></span> <span class='ocrx_word' id='word_1_857' title='bbox 3526 4366 3649 4441; x_wconf 74' lang='lat' dir='ltr'><strong>eum</strong></span> 
     </span>
    </p>
   </div>
   <div class='ocr_carea' id='block_1_106' title="bbox 2062 4470 3646 4541">
    <p class='ocr_par' dir='ltr' id='par_1_106' title="bbox 2062 4470 3646 4541">
     <span class='ocr_line' id='line_1_107' title="bbox 2062 4470 3646 4541; baseline 0.004 -18"><span class='ocrx_word' id='word_1_858' title='bbox 2062 4470 2152 4540; x_wconf 88' lang='lat' dir='ltr'><strong>qui</strong></span> <span class='ocrx_word' id='word_1_859' title='bbox 2184 4479 2268 4525; x_wconf 90' lang='lat' dir='ltr'><strong>est</strong></span> <span class='ocrx_word' id='word_1_860' title='bbox 2295 4486 2537 4535; x_wconf 89' lang='lat' dir='ltr'><strong>casurus,</strong></span> <span class='ocrx_word' id='word_1_861' title='bbox 2567 4480 2653 4525; x_wconf 86' lang='lat' dir='ltr'><strong>est</strong></span> <span class='ocrx_word' id='word_1_862' title='bbox 2682 4472 2988 4526; x_wconf 72' lang='lat' dir='ltr'><strong>indolentia:</strong></span> <span class='ocrx_word' id='word_1_863' title='bbox 3018 4489 3032 4525; x_wconf 91' lang='lat'><strong>:</strong></span> <span class='ocrx_word' id='word_1_864' title='bbox 3060 4472 3272 4527; x_wconf 76' lang='lat' dir='ltr'><strong>invidize</strong></span> <span class='ocrx_word' id='word_1_865' title='bbox 3294 4482 3494 4541; x_wconf 84' lang='lat' dir='ltr'><strong>autem,</strong></span> <span class='ocrx_word' id='word_1_866' title='bbox 3524 4490 3646 4529; x_wconf 89' lang='lat' dir='ltr'><strong>eum</strong></span> 
     </span>
    </p>
   </div>
   <div class='ocr_carea' id='block_1_107' title="bbox 2063 4540 3650 4634">
    <p class='ocr_par' dir='ltr' id='par_1_107' title="bbox 2063 4540 3650 4634">
     <span class='ocr_line' id='line_1_108' title="bbox 2063 4540 3650 4634; baseline 0.004 -19"><span class='ocrx_word' id='word_1_867' title='bbox 2063 4556 2273 4633; x_wconf 78' lang='lat' dir='ltr'><strong>quistat</strong></span> <span class='ocrx_word' id='word_1_868' title='bbox 2298 4563 2549 4633; x_wconf 89' lang='lat' dir='ltr'><strong>dejicere.</strong></span> <span class='ocrx_word' id='word_1_869' title='bbox 2578 4563 2708 4618; x_wconf 79' lang='lat' dir='ltr'><strong>Vide</strong></span> <span class='ocrx_word' id='word_1_870' title='bbox 2736 4577 2913 4617; x_wconf 89' lang='lat' dir='ltr'><strong>autem</strong></span> <span class='ocrx_word' id='word_1_871' title='bbox 2936 4566 3205 4634; x_wconf 89' lang='lat' dir='ltr'><strong>quomodo</strong></span> <span class='ocrx_word' id='word_1_872' title='bbox 3234 4581 3340 4619; x_wconf 93' lang='lat' dir='ltr'><strong>non</strong></span> <span class='ocrx_word' id='word_1_873' title='bbox 3370 4581 3491 4620; x_wconf 91' lang='lat' dir='ltr'><strong>eum</strong></span> <span class='ocrx_word' id='word_1_874' title='bbox 3523 4540 3650 4622; x_wconf 55' lang='lat' dir='ltr'><strong>sub:</strong></span> 
     </span>
    </p>
   </div>
   <div class='ocr_carea' id='block_1_108' title="bbox 2064 4654 3646 4724">
    <p class='ocr_par' dir='ltr' id='par_1_108' title="bbox 2064 4654 3646 4724">
     <span class='ocr_line' id='line_1_109' title="bbox 2064 4654 3646 4724; baseline 0.003 -15"><span class='ocrx_word' id='word_1_875' title='bbox 2064 4655 2263 4710; x_wconf 85' lang='lat' dir='ltr'><strong>indicat</strong></span> <span class='ocrx_word' id='word_1_876' title='bbox 2288 4655 2375 4724; x_wconf 86' lang='lat' dir='ltr'><strong>qui</strong></span> <span class='ocrx_word' id='word_1_877' title='bbox 2421 4654 2738 4723; x_wconf 89' lang='lat' dir='ltr'><strong>simpliciter</strong></span> <span class='ocrx_word' id='word_1_878' title='bbox 2769 4664 2822 4709; x_wconf 92' lang='lat' dir='ltr'><strong>et</strong></span> <span class='ocrx_word' id='word_1_879' title='bbox 2849 4654 3091 4709; x_wconf 85' lang='lat' dir='ltr'><strong>absolute</strong></span> <span class='ocrx_word' id='word_1_880' title='bbox 3135 4666 3368 4721; x_wconf 87' lang='lat' dir='ltr'><strong>accusat,</strong></span> <span class='ocrx_word' id='word_1_881' title='bbox 3400 4657 3493 4712; x_wconf 88' lang='lat' dir='ltr'><strong>sed</strong></span> <span class='ocrx_word' id='word_1_882' title='bbox 3525 4674 3646 4714; x_wconf 83' lang='lat' dir='ltr'><strong>eunt</strong></span> 
     </span>
    </p>
   </div>
   <div class='ocr_carea' id='block_1_109' title="bbox 2064 4744 3648 4815">
    <p class='ocr_par' dir='ltr' id='par_1_109' title="bbox 2064 4744 3648 4815">
     <span class='ocr_line' id='line_1_110' title="bbox 2064 4744 3648 4815; baseline 0.003 -17"><span class='ocrx_word' id='word_1_883' title='bbox 2064 4746 2153 4815; x_wconf 89' lang='lat' dir='ltr'><strong>qui</strong></span> <span class='ocrx_word' id='word_1_884' title='bbox 2184 4761 2306 4800; x_wconf 92' lang='lat' dir='ltr'><strong>cum</strong></span> <span class='ocrx_word' id='word_1_885' title='bbox 2337 4744 2481 4808; x_wconf 91' lang='lat' dir='ltr'><strong>dolo,</strong></span> <span class='ocrx_word' id='word_1_886' title='bbox 2529 4754 2584 4799; x_wconf 90' lang='lat' dir='ltr'><strong>et</strong></span> <span class='ocrx_word' id='word_1_887' title='bbox 2609 4744 2788 4798; x_wconf 89' lang='lat' dir='ltr'><strong>dedita</strong></span> <span class='ocrx_word' id='word_1_888' title='bbox 2812 4760 2973 4813; x_wconf 88' lang='lat' dir='ltr'><strong>opera</strong></span> <span class='ocrx_word' id='word_1_889' title='bbox 3002 4744 3057 4799; x_wconf 90' lang='lat' dir='ltr'><strong>id</strong></span> <span class='ocrx_word' id='word_1_890' title='bbox 3081 4746 3227 4800; x_wconf 88' lang='lat' dir='ltr'><strong>facit.</strong></span> <span class='ocrx_word' id='word_1_891' title='bbox 3258 4746 3452 4802; x_wconf 79' lang='lat' dir='ltr'><strong>Sedens</strong></span> <span class='ocrx_word' id='word_1_892' title='bbox 3482 4750 3648 4814; x_wconf 88' lang='lat' dir='ltr'><strong>enim,</strong></span> 
     </span>
    </p>
   </div>
   <div class='ocr_carea' id='block_1_110' title="bbox 2063 4835 3651 4909">
    <p class='ocr_par' dir='ltr' id='par_1_110' title="bbox 2063 4835 3651 4909">
     <span class='ocr_line' id='line_1_111' title="bbox 2063 4835 3651 4909; baseline 0.003 -17"><span class='ocrx_word' id='word_1_893' title='bbox 2063 4836 2269 4906; x_wconf 89' lang='lat' dir='ltr'><strong>inquit,</strong></span> <span class='ocrx_word' id='word_1_894' title='bbox 2318 4835 2560 4890; x_wconf 80' lang='lat' dir='ltr'><strong>adversus</strong></span> <span class='ocrx_word' id='word_1_895' title='bbox 2606 4840 2817 4907; x_wconf 80' lang='lat' dir='ltr'><strong>fratrem</strong></span> <span class='ocrx_word' id='word_1_896' title='bbox 2860 4846 3001 4890; x_wconf 87' lang='lat' dir='ltr'><strong>tuum</strong></span> <span class='ocrx_word' id='word_1_897' title='bbox 3054 4838 3333 4909; x_wconf 80' lang='lat' dir='ltr'><strong>loquebaris</strong></span> <span class='ocrx_word' id='word_1_898' title='bbox 3365 4878 3379 4893; x_wconf 94' lang='lat'><strong>.</strong></span> <span class='ocrx_word' id='word_1_899' title='bbox 3412 4840 3479 4894; x_wconf 83' lang='lat' dir='ltr'><strong>Et</strong></span> <span class='ocrx_word' id='word_1_900' title='bbox 3520 4842 3651 4896; x_wconf 77' lang='lat' dir='ltr'><strong>Cain</strong></span> 
     </span>
    </p>
   </div>
   <div class='ocr_carea' id='block_1_111' title="bbox 2065 4928 3649 5002">
    <p class='ocr_par' dir='ltr' id='par_1_111' title="bbox 2065 4928 3649 5002">
     <span class='ocr_line' id='line_1_112' title="bbox 2065 4928 3649 5002; baseline 0.003 -20"><span class='ocrx_word' id='word_1_901' title='bbox 2065 4929 2280 4998; x_wconf 90' lang='lat' dir='ltr'><strong>quidem</strong></span> <span class='ocrx_word' id='word_1_902' title='bbox 2313 4944 2481 4982; x_wconf 91' lang='lat' dir='ltr'><strong>unum</strong></span> <span class='ocrx_word' id='word_1_903' title='bbox 2520 4928 2742 4983; x_wconf 86' lang='lat' dir='ltr'><strong>fratrem</strong></span> <span class='ocrx_word' id='word_1_904' title='bbox 2768 4929 3033 4984; x_wconf 83' lang='lat' dir='ltr'><strong>sublatum</strong></span> <span class='ocrx_word' id='word_1_905' title='bbox 3056 4933 3310 4999; x_wconf 66' lang='lat' dir='ltr'><strong>praesenti</strong></span> <span class='ocrx_word' id='word_1_906' title='bbox 3345 4933 3448 4987; x_wconf 89' lang='lat' dir='ltr'><strong>vita</strong></span> <span class='ocrx_word' id='word_1_907' title='bbox 3475 4949 3649 5002; x_wconf 82' lang='lat' dir='ltr'><strong>expu-</strong></span> 
     </span>
    </p>
   </div>
   <div class='ocr_carea' id='block_1_112' title="bbox 2064 5019 3647 5092">
    <p class='ocr_par' dir='ltr' id='par_1_112' title="bbox 2064 5019 3647 5092">
     <span class='ocr_line' id='line_1_113' title="bbox 2064 5019 3647 5092; baseline 0.001 -17"><span class='ocrx_word' id='word_1_908' title='bbox 2064 5020 2162 5076; x_wconf 87' lang='lat' dir='ltr'><strong>lit:</strong></span> <span class='ocrx_word' id='word_1_909' title='bbox 2194 5019 2245 5073; x_wconf 90' lang='lat' dir='ltr'><strong>hi</strong></span> <span class='ocrx_word' id='word_1_910' title='bbox 2273 5028 2450 5074; x_wconf 86' lang='lat' dir='ltr'><strong>autem</strong></span> <span class='ocrx_word' id='word_1_911' title='bbox 2469 5020 2905 5087; x_wconf 88' lang='lat' dir='ltr'><strong>innumerabiles,</strong></span> <span class='ocrx_word' id='word_1_912' title='bbox 2938 5036 3033 5090; x_wconf 89' lang='lat' dir='ltr'><strong>per</strong></span> <span class='ocrx_word' id='word_1_913' title='bbox 3059 5037 3118 5077; x_wconf 89' lang='lat' dir='ltr'><strong>ea</strong></span> <span class='ocrx_word' id='word_1_914' title='bbox 3142 5038 3258 5092; x_wconf 70' lang='lat' dir='ltr'><strong>quae</strong></span> <span class='ocrx_word' id='word_1_915' title='bbox 3285 5024 3422 5077; x_wconf 86' lang='lat' dir='ltr'><strong>male</strong></span> <span class='ocrx_word' id='word_1_916' title='bbox 3442 5023 3647 5089; x_wconf 89' lang='lat' dir='ltr'><strong>dicunt,</strong></span> 
     </span>
    </p>
   </div>
   <div class='ocr_carea' id='block_1_113' title="bbox 2063 5111 3648 5182">
    <p class='ocr_par' dir='ltr' id='par_1_113' title="bbox 2063 5111 3648 5182">
     <span class='ocr_line' id='line_1_114' title="bbox 2063 5111 3648 5182; baseline 0.003 -16"><span class='ocrx_word' id='word_1_917' title='bbox 2063 5112 2337 5182; x_wconf 87' lang='lat' dir='ltr'><strong>dejiciunt,</strong></span> <span class='ocrx_word' id='word_1_918' title='bbox 2385 5121 2439 5167; x_wconf 91' lang='lat' dir='ltr'><strong>et</strong></span> <span class='ocrx_word' id='word_1_919' title='bbox 2471 5111 2677 5182; x_wconf 87' lang='lat' dir='ltr'><strong>seipsos</strong></span> <span class='ocrx_word' id='word_1_920' title='bbox 2721 5114 2943 5182; x_wconf 86' lang='lat' dir='ltr'><strong>primos.</strong></span> <span class='ocrx_word' id='word_1_921' title='bbox 2991 5114 3107 5168; x_wconf 89' lang='lat' dir='ltr'><strong>Non</strong></span> <span class='ocrx_word' id='word_1_922' title='bbox 3144 5131 3265 5169; x_wconf 80' lang='lat' dir='ltr'><strong>eum</strong></span> <span class='ocrx_word' id='word_1_923' title='bbox 3306 5115 3446 5170; x_wconf 90' lang='lat' dir='ltr'><strong>enim</strong></span> <span class='ocrx_word' id='word_1_924' title='bbox 3476 5117 3648 5170; x_wconf 87' lang='lat' dir='ltr'><strong>solum</strong></span> 
     </span>
    </p>
   </div>
   <div class='ocr_carea' id='block_1_114' title="bbox 2064 5203 3649 5273">
    <p class='ocr_par' dir='ltr' id='par_1_114' title="bbox 2064 5203 3649 5273">
     <span class='ocr_line' id='line_1_115' title="bbox 2064 5203 3649 5273; baseline 0.002 -16"><span class='ocrx_word' id='word_1_925' title='bbox 2064 5203 2155 5273; x_wconf 91' lang='lat' dir='ltr'><strong>qui</strong></span> <span class='ocrx_word' id='word_1_926' title='bbox 2179 5212 2477 5268; x_wconf 82' lang='lat' dir='ltr'><strong>accusatur,</strong></span> <span class='ocrx_word' id='word_1_927' title='bbox 2504 5203 2601 5258; x_wconf 83' lang='lat' dir='ltr'><strong>sed</strong></span> <span class='ocrx_word' id='word_1_928' title='bbox 2628 5204 2762 5260; x_wconf 86' lang='lat' dir='ltr'><strong>alios</strong></span> <span class='ocrx_word' id='word_1_929' title='bbox 2792 5204 2955 5260; x_wconf 85' lang='lat' dir='ltr'><strong>etiam</strong></span> <span class='ocrx_word' id='word_1_930' title='bbox 2986 5205 3206 5270; x_wconf 61' lang='lat' dir='ltr'><strong>laedunt,</strong></span> <span class='ocrx_word' id='word_1_931' title='bbox 3252 5207 3361 5259; x_wconf 87' lang='lat' dir='ltr'><strong>imo</strong></span> <span class='ocrx_word' id='word_1_932' title='bbox 3387 5222 3512 5260; x_wconf 81' lang='lat' dir='ltr'><strong>vero</strong></span> <span class='ocrx_word' id='word_1_933' title='bbox 3533 5223 3649 5260; x_wconf 87' lang='lat' dir='ltr'><strong>ma-</strong></span> 
     </span>
    </p>
   </div>
   <div class='ocr_carea' id='block_1_115' title="bbox 2063 5296 3651 5366">
    <p class='ocr_par' dir='ltr' id='par_1_115' title="bbox 2063 5296 3651 5366">
     <span class='ocr_line' id='line_1_116' title="bbox 2063 5296 3651 5366; baseline 0.002 -16"><span class='ocrx_word' id='word_1_934' title='bbox 2063 5300 2144 5365; x_wconf 87' lang='lat' dir='ltr'><strong>gis</strong></span> <span class='ocrx_word' id='word_1_935' title='bbox 2169 5310 2264 5351; x_wconf 89' lang='lat' dir='ltr'><strong>eos</strong></span> <span class='ocrx_word' id='word_1_936' title='bbox 2290 5296 2464 5351; x_wconf 89' lang='lat' dir='ltr'><strong>solum</strong></span> <span class='ocrx_word' id='word_1_937' title='bbox 2486 5297 2575 5366; x_wconf 92' lang='lat' dir='ltr'><strong>qui</strong></span> <span class='ocrx_word' id='word_1_938' title='bbox 2611 5311 2673 5352; x_wconf 92' lang='lat' dir='ltr'><strong>ea</strong></span> <span class='ocrx_word' id='word_1_939' title='bbox 2702 5297 3008 5351; x_wconf 90' lang='lat' dir='ltr'><strong>admittunt.</strong></span> <span class='ocrx_word' id='word_1_940' title='bbox 3035 5296 3134 5361; x_wconf 88' lang='lat' dir='ltr'><strong>Qui</strong></span> <span class='ocrx_word' id='word_1_941' title='bbox 3165 5299 3306 5350; x_wconf 79' lang='lat' dir='ltr'><strong>enim</strong></span> <span class='ocrx_word' id='word_1_942' title='bbox 3335 5298 3467 5352; x_wconf 87' lang='lat' dir='ltr'><strong>falso</strong></span> <span class='ocrx_word' id='word_1_943' title='bbox 3511 5299 3651 5353; x_wconf 88' lang='lat' dir='ltr'><strong>male</strong></span> 
     </span>
    </p>
   </div>
   <div class='ocr_carea' id='block_1_116' title="bbox 2065 5387 3649 5456">
    <p class='ocr_par' dir='ltr' id='par_1_116' title="bbox 2065 5387 3649 5456">
     <span class='ocr_line' id='line_1_117' title="bbox 2065 5387 3649 5456; baseline 0 -13"><span class='ocrx_word' id='word_1_944' title='bbox 2065 5389 2234 5455; x_wconf 90' lang='lat' dir='ltr'><strong>audit,</strong></span> <span class='ocrx_word' id='word_1_945' title='bbox 2263 5405 2367 5442; x_wconf 90' lang='lat' dir='ltr'><strong>non</strong></span> <span class='ocrx_word' id='word_1_946' title='bbox 2400 5388 2560 5443; x_wconf 88' lang='lat' dir='ltr'><strong>modo</strong></span> <span class='ocrx_word' id='word_1_947' title='bbox 2590 5388 2732 5442; x_wconf 89' lang='lat' dir='ltr'><strong>nulla</strong></span> <span class='ocrx_word' id='word_1_948' title='bbox 2774 5387 2967 5456; x_wconf 90' lang='lat' dir='ltr'><strong>injuria</strong></span> <span class='ocrx_word' id='word_1_949' title='bbox 2986 5387 3205 5441; x_wconf 73' lang='lat' dir='ltr'><strong>affectus</strong></span> <span class='ocrx_word' id='word_1_950' title='bbox 3226 5398 3326 5454; x_wconf 89' lang='lat' dir='ltr'><strong>est,</strong></span> <span class='ocrx_word' id='word_1_951' title='bbox 3346 5388 3454 5443; x_wconf 84' lang='lat' dir='ltr'><strong>sed</strong></span> <span class='ocrx_word' id='word_1_952' title='bbox 3479 5389 3649 5443; x_wconf 88' lang='lat' dir='ltr'><strong>maxi-</strong></span> 
     </span>
    </p>
   </div>
   <div class='ocr_carea' id='block_1_117' title="bbox 2067 5477 3646 5550">
    <p class='ocr_par' dir='ltr' id='par_1_117' title="bbox 2067 5477 3646 5550">
     <span class='ocr_line' id='line_1_118' title="bbox 2067 5477 3646 5550; baseline -0.001 -16"><span class='ocrx_word' id='word_1_953' title='bbox 2067 5495 2209 5534; x_wconf 90' lang='lat' dir='ltr'><strong>mam</strong></span> <span class='ocrx_word' id='word_1_954' title='bbox 2235 5479 2396 5534; x_wconf 89' lang='lat' dir='ltr'><strong>etiam</strong></span> <span class='ocrx_word' id='word_1_955' title='bbox 2425 5479 2586 5534; x_wconf 89' lang='lat' dir='ltr'><strong>habet</strong></span> <span class='ocrx_word' id='word_1_956' title='bbox 2614 5479 2938 5534; x_wconf 90' lang='lat' dir='ltr'><strong>mercedem.</strong></span> <span class='ocrx_word' id='word_1_957' title='bbox 2982 5477 3098 5532; x_wconf 87' lang='lat' dir='ltr'><strong>Non</strong></span> <span class='ocrx_word' id='word_1_958' title='bbox 3123 5479 3265 5533; x_wconf 90' lang='lat' dir='ltr'><strong>enim</strong></span> <span class='ocrx_word' id='word_1_959' title='bbox 3295 5481 3385 5550; x_wconf 90' lang='lat' dir='ltr'><strong>qui</strong></span> <span class='ocrx_word' id='word_1_960' title='bbox 3429 5479 3646 5550; x_wconf 89' lang='lat' dir='ltr'><strong>patitur,</strong></span> 
     </span>
    </p>
   </div>
   <div class='ocr_carea' id='block_1_118' title="bbox 2067 5572 3649 5645">
    <p class='ocr_par' dir='ltr' id='par_1_118' title="bbox 2067 5572 3649 5645">
     <span class='ocr_line' id='line_1_119' title="bbox 2067 5572 3649 5645; baseline -0.001 -17"><span class='ocrx_word' id='word_1_961' title='bbox 2067 5574 2160 5628; x_wconf 76' lang='lat' dir='ltr'><strong>sed</strong></span> <span class='ocrx_word' id='word_1_962' title='bbox 2203 5572 2292 5641; x_wconf 90' lang='lat' dir='ltr'><strong>qui</strong></span> <span class='ocrx_word' id='word_1_963' title='bbox 2321 5572 2459 5626; x_wconf 84' lang='lat' dir='ltr'><strong>male</strong></span> <span class='ocrx_word' id='word_1_964' title='bbox 2495 5572 2603 5641; x_wconf 86' lang='lat' dir='ltr'><strong>agit</strong></span> <span class='ocrx_word' id='word_1_965' title='bbox 2632 5611 2646 5635; x_wconf 90' lang='lat'><strong>,</strong></span> <span class='ocrx_word' id='word_1_966' title='bbox 2674 5580 2758 5627; x_wconf 87' lang='lat' dir='ltr'><strong>est</strong></span> <span class='ocrx_word' id='word_1_967' title='bbox 2796 5572 2988 5645; x_wconf 87' lang='lat' dir='ltr'><strong>dignus</strong></span> <span class='ocrx_word' id='word_1_968' title='bbox 3017 5573 3280 5642; x_wconf 86' lang='lat' dir='ltr'><strong>supplicio</strong></span> <span class='ocrx_word' id='word_1_969' title='bbox 3324 5591 3338 5627; x_wconf 91' lang='lat'><strong>:</strong></span> <span class='ocrx_word' id='word_1_970' title='bbox 3370 5574 3440 5628; x_wconf 86' lang='lat' dir='ltr'><strong>ita</strong></span> <span class='ocrx_word' id='word_1_971' title='bbox 3486 5574 3649 5628; x_wconf 89' lang='lat' dir='ltr'><strong>etiam</strong></span> 
     </span>
    </p>
   </div>
   <div class='ocr_carea' id='block_1_119' title="bbox 2069 5664 3645 5736">
    <p class='ocr_par' dir='ltr' id='par_1_119' title="bbox 2069 5664 3645 5736">
     <span class='ocr_line' id='line_1_120' title="bbox 2069 5664 3645 5736; baseline 0.001 -17"><span class='ocrx_word' id='word_1_972' title='bbox 2069 5666 2159 5735; x_wconf 87' lang='lat' dir='ltr'><strong>qui</strong></span> <span class='ocrx_word' id='word_1_973' title='bbox 2187 5666 2334 5730; x_wconf 90' lang='lat' dir='ltr'><strong>dicit,</strong></span> <span class='ocrx_word' id='word_1_974' title='bbox 2365 5680 2470 5720; x_wconf 90' lang='lat' dir='ltr'><strong>non</strong></span> <span class='ocrx_word' id='word_1_975' title='bbox 2499 5664 2590 5735; x_wconf 90' lang='lat' dir='ltr'><strong>qui</strong></span> <span class='ocrx_word' id='word_1_976' title='bbox 2611 5665 2778 5731; x_wconf 90' lang='lat' dir='ltr'><strong>audit,</strong></span> <span class='ocrx_word' id='word_1_977' title='bbox 2808 5665 2970 5722; x_wconf 89' lang='lat' dir='ltr'><strong>modo</strong></span> <span class='ocrx_word' id='word_1_978' title='bbox 2989 5682 3055 5722; x_wconf 90' lang='lat' dir='ltr'><strong>ne</strong></span> <span class='ocrx_word' id='word_1_979' title='bbox 3081 5666 3170 5722; x_wconf 88' lang='lat' dir='ltr'><strong>ille</strong></span> <span class='ocrx_word' id='word_1_980' title='bbox 3199 5666 3433 5736; x_wconf 72' lang='lat' dir='ltr'><strong>praebeat</strong></span> <span class='ocrx_word' id='word_1_981' title='bbox 3445 5666 3645 5736; x_wconf 87' lang='lat' dir='ltr'><strong>justam</strong></span> 
     </span>
    </p>
   </div>
   <div class='ocr_carea' id='block_1_120' title="bbox 2069 5756 3653 5828">
    <p class='ocr_par' dir='ltr' id='par_1_120' title="bbox 2069 5756 3653 5828">
     <span class='ocr_line' id='line_1_121' title="bbox 2069 5756 3653 5828; baseline 0.004 -19"><span class='ocrx_word' id='word_1_982' title='bbox 2069 5756 2423 5810; x_wconf 84' lang='lat' dir='ltr'><strong>maledicendi</strong></span> <span class='ocrx_word' id='word_1_983' title='bbox 2466 5756 2826 5811; x_wconf 87' lang='lat' dir='ltr'><strong>occasionem.</strong></span> <span class='ocrx_word' id='word_1_984' title='bbox 2881 5756 2997 5811; x_wconf 87' lang='lat' dir='ltr'><strong>Non</strong></span> <span class='ocrx_word' id='word_1_985' title='bbox 3052 5758 3154 5813; x_wconf 89' lang='lat' dir='ltr'><strong>hoc</strong></span> <span class='ocrx_word' id='word_1_986' title='bbox 3199 5773 3327 5828; x_wconf 89' lang='lat' dir='ltr'><strong>ergo</strong></span> <span class='ocrx_word' id='word_1_987' title='bbox 3357 5762 3653 5816; x_wconf 77' lang='lat' dir='ltr'><strong>contemta-</strong></span> 
     </span>
    </p>
   </div>
   <div class='ocr_carea' id='block_1_121' title="bbox 2074 5847 3647 5921">
    <p class='ocr_par' dir='ltr' id='par_1_121' title="bbox 2074 5847 3647 5921">
     <span class='ocr_line' id='line_1_122' title="bbox 2074 5847 3647 5921; baseline 0.001 -19"><span class='ocrx_word' id='word_1_988' title='bbox 2074 5866 2189 5904; x_wconf 84' lang='lat' dir='ltr'><strong>ntus</strong></span> <span class='ocrx_word' id='word_1_989' title='bbox 2212 5891 2227 5916; x_wconf 89' lang='lat'><strong>,</strong></span> <span class='ocrx_word' id='word_1_990' title='bbox 2253 5865 2317 5905; x_wconf 83' lang='lat' dir='ltr'><strong>ne</strong></span> <span class='ocrx_word' id='word_1_991' title='bbox 2346 5850 2482 5905; x_wconf 87' lang='lat' dir='ltr'><strong>male</strong></span> <span class='ocrx_word' id='word_1_992' title='bbox 2513 5847 2790 5905; x_wconf 89' lang='lat' dir='ltr'><strong>audiamus</strong></span> <span class='ocrx_word' id='word_1_993' title='bbox 2821 5848 2961 5921; x_wconf 86' lang='lat' dir='ltr'><strong>(hoc</strong></span> <span class='ocrx_word' id='word_1_994' title='bbox 2990 5850 3130 5904; x_wconf 89' lang='lat' dir='ltr'><strong>enim</strong></span> <span class='ocrx_word' id='word_1_995' title='bbox 3164 5850 3277 5905; x_wconf 89' lang='lat' dir='ltr'><strong>fieri</strong></span> <span class='ocrx_word' id='word_1_996' title='bbox 3302 5866 3404 5905; x_wconf 89' lang='lat' dir='ltr'><strong>non</strong></span> <span class='ocrx_word' id='word_1_997' title='bbox 3432 5859 3610 5920; x_wconf 73' lang='lat' dir='ltr'><strong>potest</strong></span> <span class='ocrx_word' id='word_1_998' title='bbox 3638 5869 3647 5879; x_wconf 70' lang='grc' dir='ltr'><strong>ι</strong></span> 
     </span>
    </p>
   </div>
  </div>
