4064 6416
300 320 408 377 ‘237

308 429 602 490 maledixit.
653 426 972 481 Publii-anus
1018 433 1121 472 non
1164 423 1278 469 erat
1324 411 1646 471 PhariSa-ns,
1678 404 1770 460 sed
1802 402 1893 456 fuit

309 518 812 591 Pharistcojustior,
832 512 1076 585 quoniam
1092 507 1322 576 seipsum
1340 504 1593 557 miserum
1609 513 1729 553 esse
1750 495 1899 550 duxit

312 616 476 688 (Luc.
510 584 615 667 18:
650 610 737 664 10.
766 584 872 675 sqq.
897 604 938 676 ).
969 600 1091 656 Ilwc
1119 596 1297 670 fecisti,
1330 605 1374 648 et
1396 592 1548 645 tacui.
1583 584 1901 643 Existimasti

312 687 647 776 iniquitatem,
688 699 821 769 quod
870 712 954 750 ero
997 693 1081 746 tibi
1123 690 1320 766 similis.
1350 687 1579 757 Arguam
1612 693 1691 746 te,
1725 690 1771 735 et
1800 689 1903 733 sta-

311 811 458 853 tuam
507 804 682 850 contra
721 791 901 863 [aciein
943 797 1081 840 tuam
1118 789 1321 851 peccata
1370 788 1475 832 tua.

390 891 477 945 ll.
509 862 778 943 Silentium
808 881 924 942 Dei,
953 862 1063 947 ejus
1097 873 1357 946 patientia.
1404 866 1723 925 Consuetudo
1758 864 1903 917 vitio—

316 1000 431 1038 rum
456 981 575 1052 quid
597 979 787 1049 pariat.
826 973 963 1026 Deus
981 978 1111 1023 recte
1145 965 1291 1037 factis
1315 962 1497 1017 nostris
1518 960 1808 1012 honoratur.
1836 983 1906 993 -—

320 1046 514 1127 Vidisti
566 1046 945 1124 humanitatem
999 1058 1355 1115 ineffabilem?
1398 1047 1591 1107 Vidisti
1640 1046 1904 1105 sntnmam

320 1160 647 1219 bonitatem?
673 1156 847 1211 vidisti
875 1152 1110 1208 inﬁnitas
1132 1163 1262 1217 opes
1288 1143 1593 1215 patientiae?
1628 1139 1904 1195 Silentium

324 1258 470 1312 enim
499 1256 584 1308 hic
608 1251 738 1306 dicit
767 1245 1092 1318 patientiam.
1122 1241 1244 1300 Tot.
1276 1236 1464 1306 inquit,
1493 1242 1547 1288 et
1582 1242 1724 1285 tanta
1745 1245 1908 1284 ausus

318 1364 382 1404 es
408 1366 423 1401 :
453 1360 550 1400 nec
577 1343 643 1397 de
669 1352 721 1395 te
746 1350 923 1395 tamen
954 1347 1143 1406 pinnas
1164 1328 1386 1396 sumpsi,
1430 1325 1522 1380 sed
1554 1337 1740 1391 passus
1765 1337 1902 1384 sum,

321 1451 376 1494 et
406 1435 647 1500 toleravi,
677 1433 812 1487 dans
840 1430 1014 1484 locum
1047 1419 1374 1494 paenitentia:
1405 1416 1423 1489 (
1456 1414 1603 1468 Rom.
1628 1413 1683 1467 9..
1706 1414 1740 1467 4
1761 1412 1801 1482 ).
1831 1412 1909 1467 Tu

319 1542 501 1585 autem
528 1542 591 1580 ex
619 1542 682 1579 eo
712 1537 817 1577 non
865 1517 1023 1573 modo
1049 1513 1177 1568 nihil
1210 1506 1542 1570 lncrifecisti,
1575 1504 1668 1559 sed
1712 1503 1763 1557 in
1793 1518 1909 1557 ma-

318 1624 411 1691 jus
453 1620 612 1675 etiam
654 1616 841 1669 vitium
888 1605 1181 1678 impegiSIi.
1230 1602 1345 1657 Non
1392 1599 1563 1653 solum
1611 1596 1751 1651 enim
1804 1610 1910 1651 non

321 1724 558 1768 mutatus
582 1724 662 1775 es,
699 1720 797 1759 nec
825 1703 997 1758 solum
1026 1714 1131 1753 non
1161 1710 1219 1748 es
1265 1692 1469 1762 pudore
1508 1687 1762 1752 suffusus,
1815 1701 1913 1741 nec

322 1813 546 1874 propter
569 1815 653 1863 ea,
683 1811 801 1867 qum
837 1809 869 1849 a
894 1802 945 1846 te
973 1790 1110 1845 facta
1140 1793 1298 1850 sunt,
1334 1782 1558 1851 teipsutn
1593 1779 1916 1835 condemna-

323 1896 393 1949 sti
431 1913 443 1946 :
477 1892 569 1945 sed
602 1907 687 1943 tne
715 1887 875 1941 etiam
897 1883 983 1952 qui
1009 1882 1158 1949 longa
1188 1878 1239 1930 in
1263 1886 1312 1929 te
1336 1872 1585 1943 patientia
1618 1884 1745 1923 usus
1773 1884 1911 1934 sum,

324 1985 415 2052 qui
451 1979 709 2041 toleravi,
759 1975 851 2046 qui
895 1971 1052 2034 tacui,
1086 1969 1173 2039 qui
1206 1976 1281 2021 tot
1310 1975 1364 2019 et
1404 1973 1542 2017 tanta
1577 1961 1692 2027 tuli,
1734 1959 1915 2014 existi-

325 2074 485 2128 musti
509 2086 610 2125 non
627 2069 740 2122 luce
756 2066 897 2119 ferre
918 2069 1131 2132 propter
1154 2055 1456 2128 patientiam
1481 2060 1533 2106 et
1552 2049 1912 2111 clementiam,

324 2164 422 2219 sed
455 2171 732 2231 prepterea
768 2154 910 2225 quod
969 2151 1168 2205 nollem
1219 2147 1334 2200 haec
1371 2141 1659 2211 castigari,
1692 2149 1745 2193 et
1776 2139 1915 2208 quod

325 2273 387 2309 ea
412 2271 531 2323 qua:
552 2270 579 2303 a
604 2262 653 2306 te
676 2249 893 2313 ﬁebant,
926 2259 1031 2300 non
1062 2256 1203 2310 regis:
1235 2239 1456 2292 ferrem.
1497 2234 1589 2287 2‘2.
1617 2231 1912 2302 Intelligite,

327 2347 555 2407 obsecro,
590 2342 722 2403 lucc,
760 2338 846 2409 qui
899 2329 1248 2389 obliviscimini
1288 2327 1475 2380 Deum.
1508 2321 1805 2391 Quantam?
1844 2321 1918 2377 Ea

326 2451 449 2504 qua:
475 2434 614 2488 dicta
654 2440 798 2499 sunt,
848 2427 1037 2497 inquit.
1090 2421 1227 2488 Quid
1256 2428 1358 2485 est,
1384 2415 1703 2485 Intelligite?
1726 2413 1917 2468 Consi-

325 2502 538 2582 derate.
584 2523 719 2591 Quid
763 2529 943 2575 autem
984 2516 1184 2569 dictum
1231 2519 1314 2565 est
1357 2508 1672 2569 obscurum,
1698 2502 1918 2573 etquod

326 2634 523 2687 magna
549 2622 700 2682 egeat
726 2603 1189 2680 perscrutatione?
1216 2601 1442 2654 Maxime
1468 2596 1691 2667 quidem
1726 2602 1778 2648 et
1806 2595 1920 2663 ipse

328 2683 528 2764 Inodus
552 2702 773 2760 ducendi
820 2699 1018 2753 inducit
1045 2701 1302 2749 mutatam
1346 2689 1571 2743 formam
1618 2683 1913 2755 religionis.

327 2803 464 2855 Cum
498 2800 640 2852 enim
682 2791 1068 2848 sacriﬁciorum
1099 2800 1208 2839 non
1237 2795 1482 2851 n'tagnam
1511 2776 1704 2831 habeat
1748 2776 1915 2828 ratio-

330 2905 477 2953 nem,
524 2881 809 2940 introducit
852 2880 997 2948 leges
1039 2872 1378 2943 evangelicas
1421 2875 1521 2923 :et
1564 2865 1760 2934 alioqui
1789 2880 1923 2934 quo-

332 2983 475 3036 niam
507 2987 657 3034 erant
685 2981 1022 3045 peccatorum
1063 2963 1331 3037 profundo
1355 2975 1511 3017 C(euo
1539 2957 1737 3023 obruti,
1788 2965 1924 3010 tam-

330 3089 493 3146 quam
523 3086 553 3125 a
595 3066 908 3140 quibusdam
951 3060 1167 3117 malitiae
1215 3054 1557 3125 voraginibus
1594 3051 1780 3103 volens
1827 3063 1922 3102 eos

337 3163 644 3227 extrahere,
668 3167 723 3214 et
749 3154 912 3211 veluti
944 3153 1138 3207 lernam
1170 3148 1466 3208 oculorum,
1499 3154 1794 3211 expurgare
1830 3153 1924 3193 v0—

340 3260 461 3312 lcns
488 3255 616 3331 viam
645 3250 840 3321 prioris
867 3246 1018 3300 mala:
1057 3236 1480 3301 consuetudinis,
1525 3248 1618 3287 eos
1648 3231 1846 3287 excitat
1866 3238 1925 3284 ut

340 3368 402 3404 ea
432 3326 726 3418 qtncifaeta
770 3349 895 3397 sunt
943 3340 993 3390 in
1039 3331 1353 3389 memoriam
1407 3331 1681 3390 revocent,
1725 3339 1794 3377 ne
1843 3322 1924 3377 his

335 3436 594 3495 oblivioni
624 3434 849 3496 traditis,
874 3429 1074 3497 absque
1102 3424 1251 3477 lucro
1276 3417 1546 3474 recedant.
1578 3414 1759 3483 Longa
1780 3412 1923 3467 enim

334 3535 588 3586 vitiorum
608 3523 938 3582 consuetudo
961 3531 1205 3589 magnam
1225 3512 1380 3568 affert
1399 3510 1691 3565 cascitatem
1708 3507 1922 3571 animm,

337 3637 392 3678 et
419 3630 659 3677 amentes
680 3616 863 3679 efﬁcit,
893 3622 949 3668 et
987 3608 1322 3681 perspicaces
1351 3602 1536 3658 oculos
1562 3598 1926 3668 intelligentia:

336 3718 498 3772 eruit.
532 3708 818 3782 Nequando
847 3705 1038 3775 rapiat,
1068 3710 1112 3755 et
1135 3715 1237 3752 non
1260 3697 1325 3751 sit
1368 3696 1454 3765 qui
1488 3691 1688 3761 eripiat.
1719 3689 1764 3743 0
1794 3687 1928 3741 inef-

340 3809 556 3863 fabilem
586 3800 921 3858 clementiam
947 3797 961 3849 !
994 3795 1102 3849 Pisc
1132 3789 1319 3845 matris
1347 3787 1460 3840 haec
1477 3785 1639 3837 verba
1667 3789 1811 3844 sunt,
1842 3780 1926 3833 vel

339 3994 484 4048 enim
509 4001 610 4043 tam
640 3984 785 4056 gravi
815 3978 1155 4035 accusatione
1182 3985 1309 4026 usus
1337 3978 1439 4034 est,
1469 3966 1555 4035 qui
1588 3972 1786 4018 tantam
1817 3977 1927 4031 pra:

340 4101 402 4139 se
434 4052 1004 4148 tulitindignationem,
1029 4070 1142 4137 ipse
1169 4077 1263 4118 eos
1283 4057 1567 4143 przetnunit
1588 4055 1743 4122 ‘.Qui
1775 4052 1926 4113 dixit,

344 4178 569 4247 Arguam
627 4137 706 4235 te:
739 4176 786 4221 et
841 4173 1059 4218 statuam
1109 4167 1225 4210 ante
1281 4137 1464 4226 faciem
1530 4160 1667 4202 tuam
1728 4153 1931 4215 peccata

346 4244 457 4333 tua,
485 4278 540 4319 et
563 4254 1022 4317 condemnationis
1050 4249 1227 4307 emisit
1276 4244 1619 4305 sententiam,
1664 4254 1781 4293 eam
1812 4252 1932 4290 rur-

345 4376 441 4416 sus
466 4355 742 4420 rescindit,
771 4366 876 4404 non
927 4358 1196 4414 tamquam
1241 4352 1363 4394 reos
1390 4334 1606 4391 tradens
1634 4329 1930 4399 supplicio,

344 4453 442 4509 sed
474 4461 741 4518 tamquam
769 4443 855 4513 qui
899 4440 1146 4496 suasione
1177 4443 1231 4488 ct
1274 4428 1636 4485 admonitione
1676 4425 1935 4479 deberent

346 4542 565 4611 corrigi,
593 4547 737 4592 metu
758 4545 1034 4595 coercens,
1063 4528 1344 4583 continens
1369 4537 1432 4576 ac
1460 4520 1662 4581 dicens,
1698 4517 1782 4570 Ne
1806 4518 1937 4585 forte

345 4632 517 4706 rapiat
545 4643 602 4688 ut
630 4632 713 4685 leo
751 4631 793 4693 ³,
821 4637 866 4682 et
910 4642 1010 4679 non
1035 4623 1098 4676 sit
1125 4620 1212 4691 qui
1253 4617 1454 4686 eripiat.
1491 4612 1581 4668 23.
1614 4610 1936 4678 Sacriﬁcium

349 4700 519 4781 laudis
549 4717 901 4788 honoriﬁcabit
921 4732 1024 4777 me,
1052 4721 1098 4767 et
1118 4712 1223 4765 illic
1246 4709 1361 4771 iter,
1388 4704 1530 4779 quod
1550 4701 1811 4757 ostendam
1835 4700 1935 4762 illi,

347 4817 576 4870 salutare
632 4811 747 4863 Dei.
806 4808 1088 4876 Postquam
1132 4797 1365 4855 ostendit
1420 4792 1759 4850 clementiam
1812 4805 1936 4843 sua-

352 4903 552 4970 dendo,
574 4896 929 4971 consulendo,
953 4891 1207 4949 minando
1231 4904 1294 4942 ac
1318 4884 1597 4949 terrendo,
1626 4895 1815 4952 purum
1856 4879 1938 4931 af-

354 4994 582 5054 ferendo
653 4989 1005 5060 supplicium,
1058 4994 1113 5038 et
1186 4976 1572 5035 introducendo
1637 4973 1937 5036 consilium,

358 5084 600 5145 ostendit
647 5083 810 5138 etiam
840 5077 1055 5133 modum
1085 5089 1183 5144 per
1226 5085 1383 5140 quem
1418 5068 1627 5134 possint
1672 5065 1943 5132 corrigere

356 5194 478 5250 quae
534 5176 670 5230 facta
722 5178 865 5233 sunt,
919 5169 1147 5222 dicens:
1191 5161 1515 5228 Sacrificium
1570 5156 1736 5211 laudis
1785 5155 1944 5206 hono-

356 5244 573 5338 riﬁcabit
622 5282 721 5319 me.
777 5261 831 5315 ld
865 5269 950 5314 est
996 5265 1174 5311 autem
1223 5252 1361 5323 quod
1389 5249 1561 5304 dicit:
1612 5245 1727 5300 Non
1770 5244 1942 5298 solum

358 5362 496 5415 iram
537 5370 712 5411 meam
739 5349 978 5415 sedabit,
1009 5354 1101 5400 aut
1125 5341 1393 5399 rescindet
1419 5335 1940 5395 condemnationem,

428 5504 444 5533 ¹
477 5500 617 5550 sicin
639 5496 864 5547 omnibus
882 5490 989 5541 fere
1011 5484 1375 5550 exemplaribus
1396 5488 1452 5531 et
1474 5481 1524 5550 in
1545 5480 1662 5550 ipso
1672 5472 1845 5550 Savilio
1868 5472 1946 5521 le-

360 5541 628 5627 gituriwse-d
643 5541 885 5627 {iam
908 5552 1027 5625 tulit.
1052 5550 1124 5599 sic
1161 5541 1373 5594 habe'ur
1396 5556 1410 5591 :
1437 5541 1524 5601 Qui
1564 5545 1744 5608 tantum
1767 5547 1872 5627 ρης
1894 5546 1946 5581 se

695 5625 702 5627 μ
993 5625 1002 5627 -
1127 5619 1295 5627 um-..
1319 5619 1344 5627 η
1368 5612 1381 5627 .
1421 5607 1598 5627 .....;....,.
1620 5611 1783 5627 mm...
1808 5611 1836 5627 ,,
1857 5607 1946 5627 ...α-

1025 5598 1103 5661 eas
1124 5612 1399 5672 praenatat,
1419 5598 1598 5653 omisso
1620 5601 1784 5661 priore
1808 5598 1947 5658 phra-

360 5699 432 5732 sis
458 5698 589 5732 mem
689 5715 699 5727 .

358 5699 432 5734 sis
458 5698 699 5733 memoro.

428 5747 450 5778 ³
485 5752 595 5796 Haec
618 5743 787 5803 verba,
811 5745 861 5789 ut
884 5736 975 5799 leo,
989 5732 1167 5785 omittit
1189 5727 1405 5779 savilitts.

1409 290 1764 352 EXPOSITIO
1803 286 1868 342 IN
1910 283 2232 341 PSALMUM
2274 284 2451 342 CVIII.

3479 277 3585 330 258

2009 403 2100 457 sed
2131 418 2214 456 tne
2238 402 2398 456 etiam
2425 402 2627 456 honore
2647 400 2860 454 afﬁciet.
2888 397 3019 451 Vide
3049 393 3288 464 prmclart
3319 389 3441 444 facti
3468 406 3581 443 ma-

2006 492 2356 563 gnitudinem,
2387 491 2599 559 quando
2630 491 2765 545 Deus
2809 504 2905 558 per
2946 488 3120 556 ipsum
3170 484 3372 537 honore
3418 478 3587 532 afﬁci-

2010 594 2113 638 tur.
2144 582 2211 636 Et
2240 584 2344 637 illic
2374 585 2483 646 iter,
2513 582 2648 650 quod
2687 580 2944 635 ostendam
2975 578 3070 641 illi,
3099 576 3321 629 salutare
3351 570 3462 625 Dei.
3500 569 3588 623 V’io

2007 677 2128 732 disti
2158 675 2460 730 mercedem
2483 671 2836 728 ineffabilem?
2862 669 3039 723 vidisti
3067 680 3328 720 summam
3352 663 3590 716 cletnen-

2010 767 2179 823 tiam?
2209 768 2298 822 Dei
2351 767 2491 821 enim
2537 764 2674 817 viam
2717 769 3051 816 ostensurum
3098 756 3395 826 pollicetur,
3443 761 3498 805 et
3539 748 3585 800 id

2010 860 2149 931 quod
2176 868 2257 912 est
2284 873 2408 911 vere
2440 855 2534 910 Dei
2565 854 2795 908 salutare
2839 851 2902 905 iis
2955 850 3047 918 qui
3097 857 3242 901 recte
3288 860 3347 899 se
3375 848 3578 915 gerunt.

2014 956 2073 1009 Ei
2101 970 2230 1024 ergo
2251 951 2579 1023 promittenti
2610 961 2911 1019 pareamus,
2943 954 2998 999 et
3034 951 3180 997 recta
3204 940 3311 994 vita
3337 948 3391 991 et
3419 939 3587 989 sacri-

2013 1046 2133 1101 ﬁcio
2163 1044 2333 1098 laudis
2359 1058 2482 1097 eum
2510 1041 2852 1094 honor-emus.
2886 1036 3012 1091 llrcc
3050 1033 3192 1087 enim
3218 1032 3303 1083 via
3349 1028 3493 1083 ducit
3523 1026 3588 1077 aut

2014 1140 2236 1193 salutem
2287 1152 2381 1207 per
2424 1134 2530 1189 hoc
2569 1131 2884 1189 sacriﬁcium
2920 1146 2933 1182 :
2965 1141 3123 1197 quam
3151 1124 3305 1177 detur
3343 1119 3591 1175 omnibus

2016 1231 2168 1285 nnhis
2191 1228 2404 1296 assequi
2448 1225 2623 1295 gratia
2648 1232 2702 1277 et
2728 1218 3011 1277 clementia
3040 1214 3246 1270 Domini
3275 1212 3440 1266 nostri
3464 1209 3593 1263 Iesu

2013 1320 2233 1381 Christi,
2262 1318 2510 1388 quoniam
2533 1316 2580 1368 ci
2608 1312 2774 1383 gloria
2801 1319 2855 1369 et
2881 1307 3181 1377 imperium,
3212 1318 3352 1358 nunc
3373 1310 3429 1355 et
3451 1314 3592 1355 scm-

2016 1428 2131 1482 per,
2160 1420 2214 1465 et
2239 1410 2290 1463 in
2314 1408 2506 1463 smcula
2534 1405 2872 1460 surculorum.
2905 1402 3097 1456 Amen.

2432 1516 2498 1573 IN
2538 1512 2857 1572 PSALMUM
2895 1509 3049 1567 cvm
3086 1507 3188 1579 (a).

2014 1637 2069 1690 2.
2115 1634 2288 1697 Deus,
2328 1631 2532 1685 laudent
2576 1644 2739 1682 meam
2780 1642 2844 1680 ne
2878 1623 3092 1678 tacueris
3117 1638 3136 1675 :
3166 1621 3283 1690 quia
3330 1634 3385 1672 os
3427 1633 3605 1685 pecco.
3676 1598 3679 1601 Δ

2091 1726 2213 1779 toris
2242 1732 2289 1777 et
2314 1739 2370 1775 os
2395 1720 2557 1774 dolosi
2584 1734 2735 1787 super
2768 1732 2848 1769 me
2879 1724 3113 1782 apertum
3144 1721 3242 1765 est.
3290 1711 3346 1764 5.
3385 1709 3601 1778 Loquun'

2089 1828 2203 1872 sunt
2230 1817 2496 1869 adversum
2518 1829 2597 1866 me
2626 1811 2800 1881 lingua
2824 1807 3022 1870 dolosa,
3044 1802 3354 1860 sermonibus
3377 1802 3480 1855 odii
3505 1801 3603 1852 cir-

2089 1909 2449 1965 cumdederunt
2464 1922 2560 1970 me,
2585 1910 2637 1957 et‘
2648 1907 3059 1973 expugnaverunt
3074 1914 3152 1951 me
3168 1896 3343 1967 gratis.
3358 1896 3413 1950 4.
3430 1892 3532 1946 Pro
3549 1909 3604 1944 eo

2091 2014 2147 2057 ut
2166 2019 2242 2055 me
2258 2002 2540 2071 diligerent,
2561 1994 2887 2049 detrahebant
2907 1990 3031 2043 mihi
3050 2005 3068 2043 :
3083 2004 3176 2059 ego
3192 1996 3357 2039 autem
3375 1982 3600 2038 orabam.

2091 2096 2144 2152 5.
2171 2092 2235 2147 Et
2254 2100 2522 2162 posuerunt
2539 2087 2802 2140 adversum
2819 2098 2898 2135 me
2916 2081 3051 2134 mala
3070 2095 3161 2148 pro
3187 2075 3348 2140 bonis,
3368 2073 3605 2127 etodium

2091 2203 2183 2257 pro
2200 2183 2463 2237 dilectione
2486 2195 2614 2232 mea.
2632 2178 2685 2230 6.
2707 2174 2966 2231 Constituc
2981 2186 3131 2240 super
3142 2184 3259 2223 eum
3277 2174 3605 2234 peccatorem,

2093 2288 2139 2333 et
2168 2276 2398 2331 diabolus
2423 2280 2513 2327 stet
2539 2288 2570 2325 a
2594 2270 2787 2323 dextris
2814 2266 3004 2329 eius.7.
3026 2262 3153 2317 Cum
3164 2260 3448 2330 judicatur,
3467 2265 3607 2309 exeat

2092 2369 2468 2431 condemnatus,
2496 2375 2541 2418 et
2564 2362 2722 2416 oratio
2742 2361 2850 2430 ejus
2874 2358 2964 2426 ﬁat
2983 2356 3035 2408 in
3064 2361 3338 2423 peccatum.
3375 2353 3425 2407 8.
3456 2346 3609 2400 Fiant

2094 2462 2200 2515 dies
2221 2463 2329 2532 ejus
2349 2458 2517 2528 pauci,
2550 2465 2596 2509 et
2620 2453 2961 2524 episcopatum
2986 2449 3094 2519 ejus
3122 2444 3337 2512 accipiat
3372 2441 3518 2493 alter.
3553 2439 3606 2492 9.

2095 2530 2251 2607 Fiant
2283 2551 2375 2620 ﬁlii
2402 2552 2511 2620 ejus
2543 2545 2760 2617 orphani
2781 2585 2795 2607 ,
2820 2553 2864 2595 et
2889 2557 3019 2594 uxor
3046 2540 3155 2607 ejus
3175 2537 3345 2589 vidua.
3381 2533 3465 2587 10.
3498 2530 3611 2585 Nu-

2096 2654 2256 2699 tantes
2285 2641 2656 2709 transferantur
2674 2635 2769 2704 ﬁlii
2791 2635 2902 2704 ejus
2919 2674 2932 2697 ,
2955 2640 3001 2685 et
3020 2628 3322 2689 mendicent,
3346 2625 3612 2695 ejiciantur

2094 2741 2156 2792 de
2176 2733 2562 2791 habitationibus
2574 2731 2698 2785 suis.
2723 2729 2810 2782 il.
2835 2726 3102 2781 Scrutatur
3121 2726 3389 2793 [alteruter
3416 2732 3612 2771 omnem

2095 2828 2421 2885 substantiam
2446 2827 2574 2896 ejus,
2604 2831 2650 2876 et
2675 2820 2918 2891 diripiant
2940 2816 3094 2871 alieni
3130 2812 3322 2868 labores
3349 2811 3480 2881 ejus.

2098 2947 2151 3000 i.
2178 2944 2365 3012 Magna
2387 2941 2474 2994 hic
2493 2937 2647 2993 nobis
2668 2932 2946 3006 prudentia
2969 2944 3100 3001 opus
3120 2936 3222 2982 est.
3240 2926 3414 2982 Verba
3445 2922 3608 2985 enim,

2025 3038 2069 3093 si
2097 3035 2503 3092 consulerentur
2534 3038 2736 3084 tantum
2766 3037 2824 3081 ut
2847 3034 2972 3080 sunt
3000 3021 3202 3091 prolata
3225 3061 3241 3086 ,
3268 3027 3322 3074 et
3348 3026 3405 3073 ut
3431 3016 3612 3071 auditu

2026 3124 2204 3183 statim
2233 3124 2599 3199 percipiuntur
2628 3160 2645 3185 ,
2683 3117 2996 3189 perturbant
3022 3114 3220 3167 multos
3260 3125 3443 3165 eorum
3470 3150 3486 3175 ,
3523 3108 3611 3178 qui

2028 3236 2133 3276 non
2162 3217 2461 3272 attendunt.
2495 3213 2659 3267 Totus
2686 3210 2829 3266 enim
2861 3206 3106 3262 Psalmus
3130 3203 3323 3274 plenus
3346 3211 3429 3255 est
3457 3214 3616 3255 exsr-

2030 3314 2272 3370 oratione
2293 3353 2308 3374 ,
2341 3306 2754 3378 hujusmodique
2781 3311 2889 3357 tota
2915 3297 3182 3371 percurrit
3206 3295 3378 3349 oratio
3398 3334 3413 3358 ,
3441 3307 3504 3347 ac
3533 3293 3614 3346 lo-

2027 3411 2239 3484 quentis
2262 3388 2550 3463 ferventem
2572 3411 2626 3457 et
2644 3399 2919 3456 ardentem
2939 3392 3221 3466 quamdam
3245 3390 3375 3444 iram
3396 3386 3611 3448 indicat,

2029 3520 2148 3574 qure
2196 3516 2301 3555 non
2345 3505 2596 3553 contenta
2642 3507 2765 3547 eum
2807 3487 3029 3552 ulcisci,
3058 3485 3146 3554 qui
3178 3482 3302 3538 facit
3331 3481 3573 3548 injuriam
3598 3519 3614 3542 ,

2029 3598 2188 3650 etiam
2212 3593 2263 3646 in
2288 3591 2446 3651 ﬁlios,
2468 3600 2673 3659 patrem
2695 3592 2748 3637 et
2768 3590 2988 3636 matrem
3011 3576 3248 3632 extendit
3270 3572 3614 3644 supplicium:

2029 3695 2083 3741 et
2110 3699 2214 3738 non
2244 3697 2347 3737 una
2376 3680 2423 3734 ei
2452 3675 2648 3733 sufﬁcit
2671 3673 2965 3734 calamitas,
2995 3667 3086 3721 sed
3115 3667 3272 3720 etiam
3301 3663 3437 3717 ntala
3466 3663 3617 3716 matis

2004 3776 2007 3779 ’
2030 3774 2322 3845 conjungit.
2356 3771 2485 3825 Vide
2508 3769 2652 3822 enim
2679 3774 2807 3835 quot
2837 3772 2889 3816 et
2913 3766 3110 3829 quanta
3137 3758 3458 3827 imprecetur
3480 3796 3494 3818 ,
3537 3753 3616 3805 di-

2032 3884 2159 3923 cens
2190 3884 2202 3919 :
2233 3863 2490 3920 Constitue
2511 3874 2662 3929 super
2686 3872 2797 3910 eum
2824 3861 3129 3923 peccatorem
3151 3864 3170 3901 :
3192 3858 3237 3902 et
3262 3847 3491 3900 diabolus
3527 3853 3619 3897 stet

2032 3979 2062 4014 a
2093 3958 2281 4012 dextris
2310 3957 2437 4024 ejus.
2472 3952 2584 4006 Hoc
2607 3957 2719 4013 est,
2766 3946 2845 4001 Sit
2880 3942 3140 3997 obnoxius
3180 3937 3578 3993 accusatoribus
3600 3975 3617 4000 ,

2034 4048 2289 4119 improbis
2315 4044 2619 4100 hominibus
2646 4048 2701 4094 et
2726 4033 3127 4092 insidiatoribus
3147 4071 3162 4096 ,
3195 4045 3294 4085 nec
3327 4042 3423 4084 eos
3450 4026 3618 4097 possit

2034 4155 2304 4213 seperare.
2339 4137 2452 4191 Hoc
2495 4135 2636 4189 enim
2684 4129 2781 4185 sibi
2823 4129 2936 4181 vult
2966 4124 3113 4187 illud,
3157 4123 3282 4178 Cum
3318 4120 3618 4192 judicatur,

2037 4242 2179 4288 exeat
2232 4229 2611 4284 condemnatus.
2670 4220 2780 4276 Nec
2819 4219 2948 4272 satis
2993 4215 3097 4270 hoc
3126 4214 3277 4269 duxit
3326 4227 3446 4267 esse
3498 4225 3622 4278 snp-

2038 4327 2178 4397 plicii
2229 4323 2302 4397 (b)
2335 4364 2349 4385 ,
2392 4319 2487 4375 sed
2544 4331 2665 4371 cum
2715 4313 2814 4366 hac
2869 4307 3316 4365 condemnatione
3361 4312 3524 4363 orat,
3568 4310 3625 4354 ut

2037 4420 2197 4474 etiam
2217 4416 2407 4483 aliqu's
2432 4410 2564 4463 alius
2596 4413 2713 4476 post
2740 4404 2886 4459 illum
2913 4401 3026 4469 ejus
3051 4399 3305 4453 honorem
3336 4392 3622 4459 suscipiat,

2039 4511 2267 4565 dicens:
2300 4504 2663 4573 Episcopalum
2702 4496 2817 4565 ejus
2859 4490 3075 4561 accipiat
3120 4489 3266 4540 alter.
3317 4485 3386 4539 Et
3430 4501 3496 4537 ne
3539 4483 3625 4537 hic

2040 4602 2255 4673 quidem
2304 4596 2481 4657 sistit,
2513 4592 2604 4646 sed
2634 4588 2793 4643 etiam
2842 4584 3011 4638 solum
3057 4582 3144 4651 qui
3188 4589 3303 4635 erat
3329 4579 3377 4634 ei
3409 4579 3626 4633 relictus

2042 4704 2252 4765 portum
2279 4684 2525 4749 obstruit,
2558 4695 2750 4750 rogans
2778 4687 2835 4732 ut
2863 4692 2930 4730 ne
2958 4674 3048 4728 Dei
3079 4673 3292 4744 quidem
3316 4680 3628 4740 assequatur

2043 4764 2378 4841 clementiam
2403 4819 2419 4844 ,
2459 4777 2583 4831 dum
2617 4773 2744 4826 dicit
2773 4789 2785 4824 :
2816 4768 2882 4824 Et
2911 4768 3072 4823 oratio
3101 4768 3209 4832 eius
3246 4766 3337 4833 ﬁat
3366 4764 3419 4817 in
3453 4780 3629 4835 pecca-

2046 4888 2172 4930 tum.
2195 4872 2329 4939 Quin
2360 4870 2518 4924 etiam
2543 4874 2693 4936 rogat
2715 4873 2774 4918 ut
2798 4872 3023 4916 mortem
3050 4859 3237 4912 subeat
3266 4857 3626 4909 immaturam.

2051 4968 2200 5021 Fiant
2226 4964 2389 5024 enim,
2421 4959 2610 5029 inquit,
2639 4957 2744 5008 dies
2771 4955 2880 5025 ejus
2907 4950 3075 5023 pauci.
3107 4952 3279 5016 Atque
3308 4963 3376 5001 ne
3405 4946 3489 4999 hic
3511 4945 3629 5014 qui-

2046 5060 2168 5131 dem
2198 5056 2356 5121 sistit,
2385 5054 2507 5107 licet
2534 5050 2649 5104 lucc
2674 5047 2785 5102 sola
2813 5045 3012 5098 dixisse
3041 5039 3358 5095 sufﬁciebat.
3389 5035 3482 5091 Ille
3502 5040 3632 5088 vero

2049 5127 2208 5209 etiam
2245 5146 2486 5218 adiungit
2506 5186 2519 5207 ,
2550 5141 2691 5212 quod
2718 5138 2931 5211 quidem
2955 5144 3036 5191 est
3058 5132 3221 5187 animi
3250 5129 3402 5183 valde
3428 5127 3631 5181 incensi

2050 5263 2113 5313 ac
2142 5240 2447 5299 inﬂammati
2471 5236 2565 5311 (c),
2594 5251 2698 5289 non
2729 5246 2836 5285 uno
2863 5237 2953 5283 aut
2978 5227 3144 5280 altero
3174 5230 3483 5276 contentum
3514 5233 3633 5274 esse

2052 5311 2307 5405 supplicio
2327 5374 2342 5400 ,
2373 5328 2467 5384 sed
2493 5336 2672 5397 petere
2694 5332 2751 5377 ut
2775 5321 2878 5373 alia
2912 5320 3271 5386 imponantur.
3298 5311 3427 5375 Quae
3451 5319 3630 5363 autem

2053 5428 2304 5494 deinceps
2343 5429 2655 5489 sequuntur,
2684 5423 2807 5468 sunt
2837 5411 2922 5464 bis
2952 5408 3119 5463 multo
3143 5403 3405 5474 graviora.
3436 5402 3633 5455 Eorum

2054 5522 2194 5575 enim
2222 5531 2353 5586 quos
2375 5510 2643 5579 relinquit,
2665 5505 2945 5561 orbitatem
2967 5510 3021 5555 et
3041 5497 3346 5552 viduitatem
3368 5504 3633 5564 precatur.

2116 5611 2189 5669 (α)
2222 5585 2516 5669 Coutulimus
2538 5611 2648 5669 cum
2664 5596 2834 5669 codice
2853 5594 2996 5669 regio
3018 5587 3324 5669 §@,nltqdie
3344 5585 3455 5636 6255.

2146 5653 2193 5723 id
2227 5653 2311 5716 ilic
2328 5653 2479 5713 multa
2501 5653 3005 5723 prmterntittunturjn
3028 5653 3137 5700 Cod.
3156 5658 3274 5721 tteg.

2121 5611 2167 5669 (α
2222 5611 2516 5655 Contulimus
2538 5611 2648 5648 cum
2664 5611 2834 5646 COUICB
2853 5611 2996 5655 regio
3020 5611 3324 5647 302:1,“th
3345 5611 3455 5636 υιν.

2146 5675 2169 5720 b
2227 5669 2311 5716 Hic
2332 5662 2479 5713 multa
2501 5660 2936 5723 prtetermittuntur
2957 5657 3005 5703 in
3028 5653 3137 5700 Cod.
3156 5658 3274 5712 Reg.

2121 5611 2194 5796 {ei
2230 5728 2370 5778 stulta
2396 5727 2569 5788 passim
2595 5714 3170 5784 pra‘ternnttitReg.,qui
3192 5707 3379 5760 mendis
3401 5714 3580 5758 scatet.
