4064 6406
546 303 651 358 259

542 421 709 495 Atqui
735 439 955 479 necesse
998 431 1113 487 est,
1144 433 1201 477 ιιι
1233 424 1345 478 Ιιιιιο
1371 424 1656 487 eveniant,
1688 429 1971 491 postquam
2016 420 2131 488 ipse

544 516 841 571 excesserit
872 533 886 580 ;
917 524 972 570 et
996 524 1175 571 tamen
1208 515 1346 568 inter
1371 524 1564 569 czetera
1593 510 1879 567 maledicta
1908 527 1969 566 ea
1997 525 2131 565 con-

545 614 837 673 sequenter
859 605 1061 668 statuit,
1093 606 1168 659 ira
1196 604 1426 660 fervens.
1455 604 1644 659 Etnee
1667 605 1721 657 in
1748 602 1975 657 orbitate
2013 601 2133 671 qui-

548 695 671 750 dem
702 697 879 760 sistit,
915 697 1007 750 sed
1039 695 1198 751 etiam
1235 704 1358 765 post
1388 695 1520 749 tales
1548 693 1876 749 calamitates
1915 690 2137 746 ulterius

552 785 893 855 progreditur
914 828 930 854 ,
963 787 1102 840 mala
1133 786 1249 857 ejus
1273 786 1630 855 ampliﬁcans,
1661 798 1853 855 rogans
1875 794 1934 839 ut
1955 784 2046 854 qui
2070 798 2136 837 ex

488 872 491 876 ’
544 892 611 930 eo
642 877 749 930 nati
777 887 900 931 sunt
927 878 1146 932 incertis
1166 886 1426 947 vagentur
1445 876 1682 932 sedibus.
1720 875 2006 939 Nutantes,
2050 874 2133 928 in-

543 967 693 1034 quit,
727 969 1100 1037 transferantur
1128 967 1224 1037 ﬁlii
1270 969 1414 1038 ejus,
1441 976 1489 1022 et
1522 967 1826 1022 mendicent.
1871 966 1984 1021 lloc
2008 976 2091 1020 est
2118 1007 2133 1029 ,

542 1059 798 1113 Errantes
818 1068 873 1112 et
892 1059 1187 1129 vagabundi
1210 1075 1279 1115 ne
1299 1059 1658 1115 necessarium
1679 1058 1891 1129 quidem
1916 1057 2138 1112 alimen-

543 1160 654 1204 tum
685 1151 936 1215 habeant,
960 1167 1060 1206 nec
1075 1162 1285 1207 cessent
1303 1150 1516 1210 assidue
1546 1152 1721 1206 locum
1749 1151 1868 1205 loco
1886 1161 2095 1204 mutare
2117 1193 2132 1215 ,

540 1241 724 1309 agitati
748 1282 764 1306 ,
798 1242 932 1309 pulsi
965 1256 1061 1311 per
1085 1256 1301 1297 omnem
1330 1251 1528 1297 terram
1548 1282 1564 1308 ,
1588 1249 1648 1296 et
1676 1255 1937 1311 nusquam
1983 1240 2134 1295 inve-

542 1333 751 1388 nientes
775 1334 972 1398 locum,
1004 1334 1060 1387 in
1087 1348 1192 1403 quo
1220 1334 1537 1389 consistant.
1568 1332 1701 1389 Cum
1734 1334 1818 1387 his
1847 1342 2024 1386 autem
2051 1334 2131 1387 eis

542 1425 704 1477 etiam
736 1424 1056 1494 imprecatur
1085 1424 1316 1494 inopiam
1338 1465 1354 1491 ,
1385 1439 1610 1495 eamque
1650 1432 1944 1479 extremam
1969 1431 2025 1477 et
2051 1423 2136 1477 in-

543 1513 878 1571 tolerabilem
899 1555 914 1578 ,
948 1524 1009 1570 ut
1044 1530 1147 1571 nec
1169 1516 1425 1570 auxilium
1452 1516 1668 1586 quidem
1707 1526 2063 1586 assequantur
2101 1530 2133 1569 a

541 1606 785 1674 cognatis
806 1647 822 1672 ,
855 1604 951 1659 sed
990 1606 1325 1661 circumeant
1348 1646 1365 1671 ,
1391 1605 1459 1660 ab
1498 1605 1737 1660 externis
1774 1615 1831 1659 et
1856 1606 2051 1674 ignotis
2081 1604 2132 1661 id

541 1704 803 1764 petentes.
832 1696 968 1751 Audi
990 1706 1167 1751 autem
1189 1696 1458 1766 quomodo
1477 1696 1579 1751 hoc
1602 1696 1908 1766 signiﬁcans
1929 1696 2134 1765 adjicit.

540 1788 828 1859 Postquam
848 1789 989 1843 enim
1015 1788 1150 1843 dixit
1177 1806 1189 1842 :
1221 1788 1615 1858 Transferantur
1640 1791 1736 1860 ﬁlii
1762 1791 1890 1861 ejus,
1918 1801 1965 1844 et
1991 1808 2137 1846 men-

541 1879 745 1945 dicant,
796 1878 1106 1950 subjungit:
1154 1878 1446 1951 Ejiciantur
1484 1882 1549 1935 de
1586 1882 1974 1936 habitationibus
2006 1883 2132 1937 suis.

539 1969 808 2027 Scrutatur
831 1973 1102 2041 fmuerator
1119 1988 1318 2026 omnem
1336 1971 1665 2027 substantiam
1684 1974 1813 2044 ejus,
1830 1982 1876 2027 et
1892 1973 2135 2043 diripiant

539 2060 696 2114 alieni
731 2062 925 2115 labores
956 2061 1088 2133 ejus.
1118 2061 1229 2116 Hoc
1257 2071 1342 2117 est
1381 2062 1526 2117 aliud
1567 2077 1736 2133 genus
1773 2063 2091 2118 calamitatis
2115 2104 2131 2128 ,

538 2151 777 2221 ipsorum
807 2154 941 2207 bona
969 2152 1271 2224 diripienda
1299 2154 1434 2208 tradi
1459 2195 1475 2221 ,
1503 2162 1560 2209 et
1582 2152 1967 2210 fteneratorutn
1999 2155 2129 2209 insi-

536 2242 653 2295 dias
681 2242 923 2312 perpeti,
954 2253 1115 2313 atque
1144 2244 1392 2299 omnibus
1418 2243 1594 2299 modis
1622 2243 1831 2314 probris
1859 2254 1915 2300 et
1937 2255 2130 2300 contu-

533 2332 710 2387 meliis
730 2330 890 2399 afﬁci,
912 2348 977 2388 ac
1000 2333 1141 2403 quod
1171 2343 1255 2388 est
1277 2334 1442 2404 longe
1453 2337 1688 2405 gravius,
1715 2335 1768 2390 in
1793 2335 1952 2388 tantis
1977 2335 2132 2390 malis

532 2438 719 2478 carere
744 2422 1051 2479 defenSore.
1091 2424 1147 2479 ld
1179 2436 1357 2480 autem
1398 2427 1757 2496 imprecatur,
1785 2429 1968 2484 dicens
1992 2429 2120 2484 :12.

535 2510 660 2565 Non
697 2513 759 2566 sit
784 2513 863 2567 illi
901 2513 1128 2585 adjutor.
1160 2514 1295 2570 Mala
1340 2516 1482 2571 enim
1523 2516 1609 2570 vel
1638 2517 1750 2587 ipsa
1780 2533 1877 2587 per
1918 2533 1979 2574 se
2002 2529 2129 2574 sunt

534 2602 885 2658 intolerabilia
910 2621 923 2658 :
943 2605 1157 2674 quando
1171 2615 1350 2662 autem
1374 2622 1441 2661 ne
1460 2606 1709 2662 defensor
1724 2608 1938 2677 quidem
1955 2610 2127 2674 adest,

531 2702 659 2748 sunt
679 2694 835 2764 longe
853 2697 1115 2764 graviora.
1135 2694 1248 2750 Nec
1266 2698 1330 2751 sit
1350 2699 1435 2767 qui
1459 2698 1754 2752 misereatur
1772 2700 1982 2770 pupillis
2001 2702 2128 2772 ejus.

535 2785 717 2856 Papae,
734 2795 930 2857 quanta
956 2787 1053 2843 irae
1073 2789 1400 2860 magnitudo,
1420 2790 1633 2859 quando
1657 2805 1723 2845 ne
1745 2791 1990 2846 orbitatis
2011 2793 2129 2863 qui-

534 2877 658 2933 dem
699 2878 1050 2935 immaturitas
1098 2881 1518 2935 misericordiam
1565 2881 1906 2952 assequitur,
1956 2897 2128 2953 neque

539 2972 643 3027 hoc
669 2972 877 3040 solum,
906 2973 1013 3028 imo
1038 2973 1088 3028 ei
1113 2974 1274 3029 etiam
1305 2984 1601 3029 extremum
1627 2975 1847 3029 exitium
1876 2974 2126 3031 affertur!

531 3063 665 3118 Nam
694 3063 810 3119 ait:
844 3064 930 3119 15.
974 3063 1128 3119 Fiant
1152 3065 1260 3119 nati
1286 3066 1395 3138 ejus
1417 3065 1472 3119 in
1511 3065 1786 3120 interitum.
1818 3064 1886 3121 In
1920 3082 2131 3138 genera-

535 3159 669 3211 tione
696 3172 800 3211 una
838 3156 1068 3211 deleatur
1109 3175 1294 3213 nomen
1339 3160 1468 3230 ejus.
1505 3159 1694 3217 Vidisti
1719 3162 2021 3216 orationem
2052 3163 2128 3216 ira

538 3246 775 3316 plenam,
802 3256 856 3302 et
882 3263 1002 3318 quae
1028 3263 1089 3302 se
1118 3264 1225 3302 non
1249 3250 1529 3318 reprimit?
1556 3249 1715 3321 Optat
1741 3261 1798 3306 ut
1822 3252 1921 3321 ipsi
1946 3251 2131 3306 vivant

533 3339 587 3393 in
617 3339 761 3393 varia
783 3345 838 3393 et
864 3338 1143 3409 multiplici
1168 3349 1329 3410 atque
1352 3340 1530 3396 omnis
1555 3342 1766 3411 generis
1787 3343 2002 3398 miseria
2023 3384 2038 3411 ,
2071 3353 2127 3397 et

532 3431 735 3499 absque
762 3428 866 3483 ulla
910 3430 1140 3484 nominis
1184 3430 1266 3485 sui
1308 3430 1444 3485 fama
1485 3431 1719 3488 funditus
1747 3433 2032 3489 intereant.
2065 3435 2132 3489 Et

534 3520 756 3592 perinde
778 3536 841 3577 ac
868 3520 913 3577 si
941 3536 1049 3577 non
1075 3521 1306 3579 sufﬁciat
1327 3523 1558 3578 ﬁliorum
1578 3525 1873 3594 calamitas,
1902 3526 2128 3596 subjun-

534 3613 611 3682 git
637 3627 822 3667 rursus
857 3630 871 3664 :
902 3613 991 3668 M.
1024 3611 1091 3666 In
1120 3614 1413 3668 memoriam
1444 3616 1615 3669 redeat
1653 3616 1891 3687 iniquitas
1929 3627 2132 3688 patrum

532 3706 664 3774 ejus,
685 3711 734 3756 et
757 3714 1020 3774 peccatum
1040 3706 1215 3758 matris
1237 3705 1346 3776 ejus
1368 3722 1470 3759 non
1490 3705 1736 3760 deleatur.
1762 3707 1850 3761 15.
1875 3710 1954 3778 (a)
1974 3707 2131 3763 Fiant

531 3804 708 3848 contra
733 3793 1010 3849 Dominum
1036 3812 1235 3866 semper
1251 3836 1268 3864 ,
1293 3806 1340 3851 et
1367 3798 1619 3867 dispereat
1642 3799 1705 3852 de
1734 3809 1868 3853 terra
1889 3802 2132 3855 memoria

529 3903 724 3940 eorum.
758 3886 852 3941 Est
879 3888 1023 3943 enim
1054 3887 1301 3943 maxima:
1346 3888 1638 3944 iracundiae
1662 3932 1680 3957 ,
1709 3891 1780 3945 ita
1821 3893 2129 3947 minutatim

531 3976 852 4032 distriliuere
867 4018 883 4045 ,
905 3992 1040 4048 quas
1063 3979 1384 4048 generaliter
1408 3980 1542 4034 dixit
1569 3981 1897 4038 calamitates
1916 4023 1932 4049 ,
1958 3993 2007 4038 et
2036 3999 2130 4045 ea-

530 4066 653 4121 dem
683 4065 897 4120 assidue
923 4083 1160 4123 versare.
1188 4068 1479 4139 Postquam
1504 4072 1647 4126 enim
1673 4071 1830 4139 dixit,
1859 4072 2132 4127 Inmemo-

527 4157 661 4209 riam
683 4155 853 4210 redeat
867 4157 1103 4227 iniquitas
1118 4169 1320 4229 patrum
1340 4161 1472 4230 ejus,
1500 4161 1807 4233 subjunxit:
1834 4163 1901 4217 Et
1918 4182 2018 4219 non
2040 4169 2132 4219 de-

529 4248 712 4303 leatur.
740 4249 899 4318 Atqui
928 4249 1071 4304 idem
1096 4259 1211 4317 est;
1238 4251 1312 4305 ira
1346 4261 1527 4307 tamen
1547 4263 1603 4308 ut
1624 4264 1905 4326 utrumque
1931 4258 2135 4313 diceret

531 4340 779 4412 impulit;
827 4340 972 4412 quod
1004 4350 1189 4397 autem
1217 4343 1331 4398 vult
1358 4344 1572 4412 dicere,
1604 4345 1708 4402 hoc
1735 4359 1818 4403 est
1845 4366 1860 4402 :
1889 4348 2135 4407 lnterﬁce

530 4431 737 4502 ipsum,
762 4432 971 4497 occide,
1013 4433 1082 4489 de
1110 4435 1288 4491 medio
1315 4435 1466 4491 tolle.
1501 4436 1697 4493 Vidisti
1727 4448 1857 4509 quot
1898 4441 2008 4497 sint
2032 4443 2133 4497 im-

529 4522 901 4595 precationes?
928 4525 1033 4582 Sed
1056 4569 1072 4593 ,
1100 4527 1144 4583 si
1171 4528 1252 4582 vis
1277 4570 1291 4594 ,
1320 4544 1420 4599 ego
1444 4543 1541 4584 eas
1569 4546 1753 4587 rursus
1778 4532 2042 4604 colligam.
2075 4535 2133 4591 ln

530 4618 724 4682 malos,
746 4618 937 4689 inquit,
954 4616 1200 4675 homines
1217 4620 1429 4685 incidat,
1455 4632 1756 4689 accusetur,
1779 4625 1848 4679 sit
1871 4626 1921 4679 in
1946 4641 2133 4681 eorum

533 4719 820 4780 potestate,
849 4710 1259 4779 condemnetur,
1291 4722 1521 4769 mortem
1552 4716 1742 4772 subeat
1769 4716 2131 4789 immaturam,

530 4798 735 4853 honore
761 4799 1014 4868 privetur,
1048 4813 1100 4855 et
1126 4817 1196 4857 ne
1225 4803 1279 4856 in
1307 4818 1433 4859 suos
1458 4805 1694 4875 quidem,
1725 4808 1819 4863 sed
1846 4809 1897 4863 in
1928 4811 2134 4866 alienos

530 4906 654 4947 eum
686 4893 1001 4947 translatum
1033 4893 1210 4948 videat
1239 4911 1252 4947 :
1284 4910 1423 4951 uxor
1450 4897 1566 4966 ejus
1586 4907 1789 4968 pereat,
1820 4910 1873 4956 et
1905 4902 1995 4956 ﬁlii
2019 4903 2134 4972 ejus

531 4992 896 5053 paupertatem
925 5025 942 5051 ,
969 4984 1251 5039 orbitatem
1271 5025 1287 5051 ,
1316 4995 1371 5042 et
1394 4986 1556 5042 vitam
1583 4989 1947 5047 mendicorum
1973 4993 2136 5048 susti-

530 5083 692 5129 neant
712 5077 747 5139 ,'
765 5073 1219 5143 condemnentur,
1250 5078 1589 5149 expellantur
1614 5080 1847 5152 undique
1870 5124 1886 5148 ,
1929 5086 2132 5140 nullum

480 5232 485 5235 _
531 5164 758 5219 habeant
773 5164 1095 5234 adjutorem,
1117 5181 1147 5221 a
1172 5167 1265 5221 Dei
1285 5167 1649 5224 benevolentia
1667 5173 1931 5239 excidant,
1956 5178 2133 5231 nullus

529 5264 603 5308 sit
639 5257 718 5312 eis
747 5267 934 5326 portus
973 5273 1071 5312 nec
1100 5256 1363 5329 refugium
1391 5276 1405 5312 :
1435 5258 1678 5315 deleatur
1723 5278 1915 5319 nomen
1956 5267 2074 5335 ejus
2100 5283 2133 5322 e

531 5352 693 5412 terra,
728 5357 912 5417 pereat
938 5349 1219 5420 inglorius,
1249 5358 1303 5404 et
1330 5360 1482 5420 pater
1507 5362 1561 5407 et
1582 5363 1752 5407 mater
1780 5354 1923 5409 luant
1948 5372 2132 5425 poenas

533 5449 749 5492 suorum
779 5452 1139 5508 peccatorum,
1174 5443 1466 5511 perdantur
1492 5453 1548 5499 et
1576 5444 1815 5501 funditus
1842 5448 2124 5505 intereant.

598 5527 656 5583 2.
696 5528 889 5585 Annon
920 5547 983 5587 ea
1020 5549 1138 5604 qua:
1169 5533 1308 5589 dicta
1339 5547 1463 5591 sunt
1490 5537 1788 5593 auditorem
1832 5542 2132 5611 percellunt

552 5670 1128 5756 ...l9).X:!?'e.dscitmls
1169 5688 1371 5756 animus
1392 5691 1440 5739 in
1475 5692 1652 5756 Graecis
1691 5699 2050 5756 praetermissus
2080 5702 2130 5751 in

524 5731 666 5786 Euit.’
679 5735 847 5785 ﬂoret.
865 5748 919 5789 et
936 5731 2093 5815 statiéx‘aiii‘s'Extingiiiiiiis'iiié'iiléiiiiiiﬁrf

1257 300 1313 357 S.
1354 301 1630 359 JOANNIS
1668 299 2144 358 CHRYSOSTOMI
2187 298 2502 361 ARCHIEP.
2545 302 3081 363 CONSTANTINOP.
3715 315 3805 373 960

2242 428 2296 472 et
2338 420 2817 491 obstupefaciunt?
2862 426 3056 481 Annon
3091 425 3229 482 scire
3270 426 3544 484 desideras
3591 433 3809 501 quisnam

2241 520 2324 564 est
2344 552 2359 578 ,
2386 513 2477 582 qui
2501 514 2580 569 sic
2606 524 2689 570 est
2709 516 3095 572 condemnatus
3115 517 3137 570 ?
3154 518 3212 573 Si
3240 520 3382 573 enim
3404 560 3420 586 ,
3449 535 3571 575 cum
3593 522 3814 578 audimus

2249 600 2520 658 hominem
2547 606 2758 675 probris
2778 616 2833 661 et
2851 607 3152 672 maledictis
3169 607 3327 676 afﬁci,
3352 625 3602 681 rogamus
3623 613 3813 670 adstan-

2246 701 2329 748 tes
2348 733 2366 761 ,
2393 703 2453 749 ut
2478 695 2659 752 dicant
2682 698 2801 768 quis
2840 699 2911 754 sit
2938 701 3029 771 qui
3069 692 3184 755 haec
3210 700 3394 756 audiat
3423 719 3438 756 :
3471 703 3641 757 multo
3667 708 3817 776 magis

2241 802 2360 839 cum
2390 789 2704 858 prophetam
2736 790 2851 846 huic
2878 792 3260 862 imprecantem
3289 794 3540 850 audimus
3561 837 3576 862 ,
3618 813 3817 855 necesse

2241 886 2323 930 est
2349 878 2578 946 discere,
2609 879 2768 951 idque
2789 892 2908 937 cum
2938 883 3131 940 timore
3157 899 3221 939 ac
3249 892 3424 961 metu,
3443 886 3564 955 quis
3590 887 3655 941 sit
3675 903 3812 958 quem

2243 978 2349 1022 tam
2378 971 2664 1027 vehemens
2680 973 2874 1029 invasit
2903 974 3195 1043 iracundia,
3223 978 3342 1046 quis
3366 978 3438 1033 sit
3464 980 3553 1048 qui
3579 979 3811 1049 Spiritum

2238 1069 2479 1114 sanctum
2508 1070 2652 1117 tanta
2677 1062 2856 1119 aﬁ‘ecit
2894 1066 3133 1134 tristitia,
3157 1075 3216 1121 ut
3244 1074 3322 1122 tot
3348 1083 3551 1139 genera
3578 1072 3814 1126 malorum

2240 1149 2470 1206 audiret.
2497 1151 2769 1209 Psalmum
2797 1170 2947 1226 ergo,
2970 1157 3014 1210 si
3040 1140 3302 1218 videatur.
3329 1158 3575 1215 dicamus
3601 1161 3666 1215 ab
3686 1160 3813 1216 initio

2239 1254 2361 1294 cum
2384 1256 2572 1311 magna
2593 1246 2907 1300 attentione.
2930 1246 3099 1301 Nemo
3120 1258 3297 1305 autem
3319 1250 3678 1319 perturbetur.
3700 1252 3816 1307 Nar-

2245 1333 2376 1388 rabo
2416 1335 2560 1389 enim
2602 1352 2761 1407 quam
2806 1350 2995 1409 potero
3037 1345 3442 1401 accuratissime
3466 1356 3523 1401 et
3546 1347 3815 1417 diligentis-

2239 1424 2398 1480 sime.
2447 1425 2562 1481 Non
2608 1437 2692 1482 est
2734 1430 2875 1484 enim
2923 1447 3142 1500 parvum
3188 1434 3332 1504 quod
3386 1439 3645 1506 quaeritur
3682 1456 3696 1492 :
3732 1441 3813 1494 sed

2240 1531 2405 1571 unum
2435 1518 2647 1588 quidem
2676 1528 2731 1574 et
2755 1522 3014 1591 primum,
3046 1539 3278 1594 quanam
3304 1526 3373 1583 de
3398 1542 3561 1583 causa
3585 1571 3600 1595 ,
3629 1544 3740 1584 cum
3777 1532 3813 1585 is

2238 1619 2553 1679 peccasset,
2579 1610 2670 1681 qui
2699 1612 2909 1683 probris
2953 1616 3223 1685 appetitur
3243 1658 3259 1685 ,
3294 1617 3389 1673 ﬁlii
3419 1619 3536 1690 ejus
3576 1599 3690 1677 cum
3715 1622 3813 1692 ipso

2242 1701 2571 1769 puniuntur.
2612 1711 2667 1756 et
2706 1718 2843 1758 uxor
2869 1712 2925 1759 et
2964 1716 3234 1774 parentes.
3268 1708 3574 1767 Secundum
3614 1723 3805 1779 autem,

2238 1790 2357 1859 quis
2385 1800 2467 1846 est
2495 1792 2538 1846 is
2561 1794 2651 1863 qui
2680 1795 3033 1852 maledicitur.
3061 1797 3302 1856 Tertium
3331 1811 3542 1870 autem,
3570 1806 3811 1875 quomodo

2238 1882 2487 1952 princeps
2514 1885 2880 1952 apostolorum
2915 1888 3150 1945 ostendit
3171 1889 3314 1946 hunc
3340 1892 3610 1949 Psalmum
3636 1896 3809 1951 dictum

2238 1986 2359 2027 esse
2386 1972 2456 2027 de
2479 1972 2616 2028 Juda
2644 2015 2658 2038 ,
2690 1976 2771 2029 vel
2819 1978 2994 2046 potius
3032 1994 3139 2035 non
3183 1989 3355 2038 totum
3384 1985 3649 2040 Psalmum
3672 2027 3686 2052 ,
3727 1988 3807 2041 sed

2239 2072 2447 2133 partem
2480 2065 2696 2121 Psalmi.
2744 2066 3007 2138 Scriptum
3045 2080 3118 2126 est
3159 2073 3335 2142 enim,
3379 2075 3588 2145 inquit,
3615 2078 3664 2131 in
3703 2076 3811 2131 libro

2238 2154 2568 2211 Psalmorum
2590 2174 2609 2212 :
2635 2158 2758 2212 Fiat
2785 2160 3027 2217 habitatio
3051 2166 3160 2235 ejus
3196 2166 3418 2234 deserta,
3455 2178 3502 2222 et
3526 2170 3579 2223 in
3603 2169 3809 2223 taberna-

2236 2248 2365 2303 culis
2385 2251 2498 2321 ejus
2532 2266 2635 2304 non
2663 2253 2727 2307 sit
2751 2253 2839 2321 qui
2857 2253 3097 2311 inhabitet
3122 2254 3258 2329 (Act.
3281 2258 3308 2313 1
3323 2299 3335 2312 .
3359 2259 3477 2333 20).
3500 2258 3574 2332 (a)
3602 2260 3700 2317 Sed
3725 2262 3809 2315 hoc

2238 2339 2394 2395 nobis
2436 2341 2593 2396 aliam
2637 2358 2824 2400 rursus
2858 2347 3061 2417 praebet
3098 2349 3455 2418 quaestionem
3490 2367 3636 2408 :non
3685 2350 3810 2408 enim

2236 2430 2438 2501 scripta
2459 2442 2584 2487 sunt
2603 2442 2829 2506 utraque
2855 2437 2907 2491 in
2934 2436 3036 2494 hoc
3057 2438 3270 2494 Psalmo
3304 2458 3320 2496 :
3350 2450 3408 2497 et
3432 2442 3553 2499 ideo
3572 2458 3671 2499 non
3688 2443 3808 2497 dixit

2236 2520 2378 2578 hunc
2406 2523 2675 2580 Psalmum
2700 2570 2714 2590 ,
2743 2528 2839 2584 sed
2868 2538 3035 2585 totum
3066 2530 3261 2589 librum
3302 2533 3654 2590 Psalmorum.
3693 2533 3804 2589 Illud

2234 2620 2378 2674 enim
2409 2636 2424 2676 :
2453 2619 2573 2675 Fiat
2603 2622 2844 2678 habitatio
2869 2625 2978 2697 ejus
3006 2627 3203 2681 deserta
3228 2628 3249 2699 (
3278 2627 3433 2684 Psat.
3466 2628 3555 2684 68.
3582 2628 3647 2685 26
3664 2626 3714 2701 )“,
3737 2637 3807 2682 est

2235 2712 2288 2767 in
2318 2713 2424 2769 alio
2451 2714 2694 2770 Psahno:
2715 2716 2817 2773 hoc
2841 2734 2997 2776 vero:
3018 2719 3086 2774 Et
3116 2721 3465 2793 episcopatum
3489 2724 3596 2794 ejus
3617 2722 3802 2792 accipiat

2235 2804 2387 2870 alter,
2408 2807 2460 2860 in
2489 2808 2609 2862 hoc.
2625 2807 2816 2864 Petrus
2848 2819 3022 2865 tamen
3053 2821 3342 2883 utrumque
3375 2815 3549 2885 coegit
3580 2814 3628 2868 in
3666 2828 3801 2867 untuu

2233 2897 2615 2954 testimonium.
2630 2900 2781 2968 Quod
2797 2902 2957 2957 etiam
2976 2904 3168 2975 ubique
3183 2905 3306 2961 facit
3317 2906 3532 2972 Paulus,
3551 2913 3607 2963 ut
3623 2903 3800 2977 quando

2233 2989 2362 3045 dicit
2398 2992 2655 3062 prepheta
2688 3012 2703 3049 :
2750 2994 2918 3050 Veniet
2947 3013 3010 3051 et:
3042 2996 3172 3053 Sion
3196 2999 3283 3069 qui
3319 3001 3530 3071 eripiet,
3582 3011 3625 3054 et
3646 3008 3801 3051 arata

2233 3085 2519 3153 tmpietates
2543 3103 2606 3140 ea:
2638 3086 2800 3143 Iacob
2828 3092 2851 3157 (
2877 3088 3029 3145 Rom.
3060 3092 3148 3146 11.
3176 3091 3248 3147 26
3276 3108 3294 3159 ;
3320 3092 3456 3148 Isai.
3481 3093 3569 3148 59.
3597 3091 3663 3148 20
3684 3092 3718 3161 ).
3748 3086 3799 3141 El

2233 3174 2329 3227 hoc
2351 3176 2423 3229 eis
2455 3191 2518 3230 ea:
2555 3192 2634 3230 me
2660 3187 3042 3248 testamentum,
3080 3182 3287 3247 quando
3331 3183 3583 3239 abstulero
3623 3178 3800 3252 peccata

2234 3281 2409 3320 eorum
2438 3265 2459 3338 (
2482 3266 2611 3323 Isai.
2638 3267 2729 3323 27.
2761 3269 2859 3341 9).
2899 3270 3040 3339 Quid
3067 3282 3246 3328 autem
3267 3315 3284 3341 ,
3312 3274 3509 3330 dixerit
3536 3271 3768 3345 quisldatn
3786 3309 3798 3329 .

2234 3371 2301 3413 an
2324 3358 2376 3413 id
2403 3359 2545 3428 quod
2571 3359 2771 3417 dictum
2801 3370 2902 3429 est,
2929 3362 3230 3433 prophetia,
3263 3380 3331 3419 an
3361 3364 3663 3436 imprecatio
3687 3361 3796 3415 est?

2235 3447 2524 3519 Pr0phetia
2557 3452 2657 3506 sub
2687 3453 2866 3522 specie
2892 3454 3309 3523 imprecationis.
3342 3456 3477 3512 Nam
3500 3455 3650 3511 etiam
3686 3450 3790 3505 alibi

2236 3543 2339 3598 tale
2358 3544 2482 3615 quid
2506 3545 2838 3610 inveniemus
2865 3565 2878 3601 :
2909 3546 2960 3601 id
2986 3546 3151 3603 Jacob
3176 3563 3393 3619 quoque
3414 3550 3550 3604 fecit.
3573 3544 3797 3615 Quoniam

2234 3637 2377 3691 enim
2404 3638 2692 3707 oportebat
2717 3638 2989 3695 auditores
3009 3641 3181 3709 juvari
3212 3657 3277 3696 ex
3309 3643 3379 3697 iis
3407 3658 3525 3713 qua:
3551 3641 3663 3695 aliis
3693 3651 3795 3692 cve—

2234 3729 2449 3784 niebant
2470 3770 2487 3796 ,
2518 3731 2827 3802 prOphetias
2852 3733 3048 3789 multas
3070 3732 3172 3788 hoc
3198 3734 3363 3790 modo
3385 3734 3629 3797 ederunt,
3656 3740 3705 3784 ut
3727 3727 3794 3779 vel

2235 3821 2352 3892 ipso
2394 3825 2555 3879 modo
2607 3825 2913 3896 proferendi
2955 3836 3213 3897 augeatur
3249 3839 3431 3884 metus
3460 3829 3510 3882 in
3541 3822 3794 3894 republica.

2233 3916 2420 3988 Neque
2447 3919 2589 3974 enim
2633 3920 2853 3991 perinde
2891 3922 3046 3979 estsi
3080 3922 3227 3979 dicas
3259 3941 3273 3979 :
3303 3923 3404 3979 llic
3433 3924 3535 3979 hoc
3575 3920 3653 3975 vel
3691 3912 3795 3970 illud

2235 4009 2485 4077 patietur,
2514 4026 2578 4065 ac
2602 4015 2647 4065 sl
2678 4011 2728 4066 id
2761 4021 2819 4066 ut
2842 4012 3010 4068 iratus
3035 4024 3090 4069 et
3117 4015 3425 4085 indignatus
3446 4012 3717 4070 induxeris.
3745 4004 3797 4060 Et

2234 4099 2378 4169 quod
2400 4099 2516 4156 haec
2543 4117 2650 4155 non
2680 4113 2881 4159 temere
2902 4106 3242 4175 pronuntiem
3262 4147 3277 4172 ,
3306 4120 3379 4162 ex
3404 4106 3577 4162 verbis
3606 4098 3797 4172 propltc'

2243 4191 2364 4245 ticis
2392 4192 2497 4247 hoc
2522 4193 2674 4249 vobis
2697 4193 3036 4251 manifestum
3059 4195 3299 4251 reddam.
3324 4197 3492 4253 Jacob
3519 4195 3670 4259 enim,
3696 4201 3793 4244 cum

2236 4292 2383 4337 esset
2423 4284 2717 4340 moriturus
2740 4326 2756 4351 ,
2791 4283 2967 4340 Venite
2988 4327 3003 4352 ,
3036 4286 3209 4357 inquit
3250 4287 3374 4343 ﬁliis
3407 4290 3515 4343 suis
3537 4328 3552 4351 ,
3594 4294 3636 4338 et
3659 4282 3795 4334 dicam

2236 4374 2373 4444 quod
2401 4385 2690 4430 eventqu
2707 4377 2773 4430 sit
2798 4378 2935 4432 vobis
2952 4377 3006 4431 in
3036 4378 3209 4433 diebus
3237 4379 3520 4434 novissimis
3540 4378 3560 4449 (
3581 4374 3694 4430 Gen.
3722 4367 3791 4424 19.

2238 4466 2263 4519 1
2297 4467 2314 4534 )
2346 4474 2440 4521 :et
2466 4482 2586 4522 cum
2628 4478 2773 4524 esset
2811 4469 3258 4540 prophetaturus,
3307 4474 3486 4527 statim
3514 4487 3542 4524 a
3569 4462 3794 4539 principio

2238 4565 2510 4626 tamquam
2532 4558 2609 4613 ira
2634 4561 2888 4628 percitus,
2914 4561 3099 4632 incipit
3119 4563 3453 4633 prephetiam
3480 4563 3546 4616 ab
3570 4563 3792 4627 impreca-

2240 4652 2403 4718 tione,
2434 4653 2513 4708 sic
2536 4652 2721 4709 dicens
2751 4671 2765 4708 :
2792 4654 2971 4709 Ruben
2999 4657 3365 4727 primogenitae
3393 4673 3549 4719 meus,
3576 4653 3719 4706 durus
3740 4642 3795 4696 ad

2238 4742 2501 4811 ferendum
2522 4783 2539 4810 ,
2575 4743 2733 4797 durus
2761 4754 2808 4798 et
2834 4754 3138 4814 contumax,
3167 4746 3332 4818 fecisti
3368 4742 3723 4801 contumeliam.
3750 4740 3793 4785 ut

2237 4848 2371 4902 aqua
2396 4850 2497 4888 non
2523 4850 2720 4889 crescas
2756 4834 2776 4905 (
2796 4834 2935 4889 Ibid.
2960 4853 3011 4890 υ.
3034 4836 3106 4907 5)
3140 4852 3155 4891 :
3182 4836 3420 4893 futurum
3461 4835 3575 4911 ejus
3606 4829 3791 4887 exitium

2238 4923 2532 4994 praedicens
2552 4926 2651 4980 sub
2671 4926 2848 4995 specie
2867 4926 3282 4997 imprecationis.
3300 4927 3374 4984 ita
3396 4941 3594 4985 rursus.
3611 4914 3793 4992 quando

2236 5017 2374 5071 bona
2405 5017 2551 5082 dicit,
2586 5027 2765 5073 narrat
2787 5020 2886 5073 sub
2910 5021 3090 5089 Specie
3113 5022 3451 5092 precationis,
3477 5019 3648 5075 dicens
3674 5028 3691 5067 :
3715 5008 3793 5062 De!

2237 5109 2323 5163 tibi
2353 5109 2494 5164 Deus
2527 5110 2591 5165 de
2624 5127 2739 5165 rore
2758 5112 2870 5166 ctuti
2901 5121 2948 5165 et
2974 5112 3037 5167 de
3069 5113 3371 5184 pinguedine
3390 5124 3533 5168 terra
3552 5105 3694 5181 (Ibid.
3713 5100 3789 5155 27.

2236 5201 2307 5257 28
2330 5200 2374 5272 ).
2398 5201 2633 5257 Tametsi
2664 5204 2763 5269 hoc
2791 5218 3005 5274 quoque
3033 5202 3117 5260 eSt
3145 5206 3440 5277 prophetia.
3470 5199 3615 5272 Quod
3639 5203 3786 5250 autem

2238 5293 2340 5349 hoc
2366 5309 2473 5349 non
2501 5295 2572 5349 sit
2592 5295 2807 5349 humani
2833 5295 3077 5365 affectus,
3104 5297 3307 5352 clarum
3328 5303 3429 5353 est.
3454 5293 3580 5351 Nam
3608 5291 3653 5344 in
3672 5284 3786 5339 (Σικι-

2238 5402 2375 5442 "aa"
2404 5402 2617 5458 ιιυοίιιιε
2645 5397 2797 5458 Pam?
2818 5388 2935 5454 eius
2965 5387 3067 5447 hoc
3096 5387 3255 5457 facit,
3282 5388 3465 5445 dicens
3498 5405 3510 5440 :
3539 5382 3643 5439 Erit
3671 5375 3784 5470 Cha:

2236 5496 2372 5533 naan
2401 5495 2573 5534 servus
2614 5481 2723 5551 ejus
2749 5481 2767 5551 (
2794 5479 2931 5533 Ibid.
2972 5480 3025 5537 9.
3056 5480 3128 5537 25
3153 5481 3201 5552 );
3232 5491 3289 5537 ut
3323 5481 3476 5546 scias,
3510 5476 3678 5533 Deum,
3712 5477 3782 5531 τμη

2235 5570 2496 5639 praevenit
2521 5585 2617 5627 eos
2643 5572 2733 5641 qui
2765 5571 2955 5641 injuria
2974 5571 3295 5642 afﬁciuntur,
3324 5587 3434 5638 eos,
3462 5569 3547 5640 qui
3571 5557 3782 5632 iniuriam

2297 5701 2370 5765 (α)
2394 5710 2503 5771 κως
2524 5701 2777 5771 Verba.”
2813 5698 3143 5771 episcopatum
3157 5706 3263 5770 ejus
3277 5703 3480 5771 accipiat
3507 5676 3640 5759 alter,
3668 5685 3780 5741 esci-

2236 5764 2367 5815 disse
2397 5768 2568 5828 probat
2588 5769 2716 5828 tptud
2736 5768 2975 5830 sequitur.
