4064 6418
360 306 477 366 ἓῦθ

365 424 711 496 λειπομένων
743 422 1065 492 κατεύχεται
1095 417 1269 491 [ειη.
1300 417 1489 472 Καίτοι
1516 434 1579 486 γε
1601 415 1774 470 ταῦτα
1791 413 1955 470 ἀπελο

362 509 555 571 θόντος
593 505 655 571 ἐξ
701 505 948 576 ἀνάγκης
989 502 1243 572 γενέσθαι
1290 499 1580 571 συμϐαίνει
1605 518 1619 531 ο
1665 499 1780 552 ἀλλ’
1809 499 1959 568 ὅμως

368 590 670 646 καὶταῦτα
705 592 764 643 ἐν
812 588 962 654 τάξει
1009 586 1219 656 τίθησιν
1263 585 1425 656 ἀρᾶς,
1480 583 1558 653 τῷ
1611 580 1769 652 θυμῷ
1799 580 1956 646 ζέων.

371 674 487 728 Kal
507 674 629 727 ούδέ
664 674 828 744 μέχρι
851 673 950 742 τῆς
976 670 1240 744 ὀρφανίας
1262 668 1501 731 ῖσταται,
1532 665 1669 720 ἀλλὰ
1694 666 1790 719 καὶ
1823 663 1963 734 μετὰ

369 758 633 821 τοιαύτας
671 756 958 828 συμφορὰς
1012 754 1227 827 πρόεισι
1287 750 1639 823 περαιτέρω,
1682 750 1743 803 τὸ
1789 748 1961 803 δεινὸν

376 839 594 906 αὔξων,
637 840 917 910 πλανήτας
957 838 1052 892 καὶ
1109 835 1454 910 μετανάστας
1494 830 1662 898 ἀξιῶν
1710 831 1963 902 γενέσθαι

370 929 502 993 τοὺς
538 926 766 982 ἐκείνου.
824 921 1220 991 Σαλευόμενοι
1259 919 1371 990 γὰρ
1416 918 1966 988 μεταναστήτωσαν

372 1009 433 1060 οὶ
469 1007 588 1062 υίοί
630 1004 838 1068 αὐτοῦ,
871 1001 1024 1072 φησὶ,
1077 999 1179 1054 καί
1211 998 1736 1066 ἑπαιτησάτωσαν.
1783 996 1964 1048 Τουτ-

372 1095 526 1159 έστι,
546 1093 621 1164 μὴ
678 1090 849 1144 στῶσι
911 1086 1250 1158 πλανώμενοι
1271 1125 1286 1147 ,
1328 1085 1463 1156 μηδέ
1510 1085 1610 1154 τῆς
1662 1081 1965 1151 ἀναγκαίας

379 1176 739 1248 εὐπορήσωσι
759 1171 989 1242 τροφῆς,
1016 1170 1154 1241 μηδὲ
1183 1167 1496 1221 παύσωνται
1518 1167 1680 1221 τόπον
1702 1168 1767 1220 ἐκ
1795 1165 1963 1248 τόπου

377 1247 621 1331 συνεχῶς
644 1255 966 1328 ἀμείϐοντες
990 1292 1005 1317 ,
1037 1251 1425 1322 ἐλαυνόμενοι,
1463 1249 1782 1321 διωκόμενοι
1824 1247 1967 1302 κατὰ

375 1346 563 1399 πᾶσαν
600 1339 698 1410 τὴν
729 1338 856 1409 γῆν,
890 1338 983 1391 καὶ
1020 1333 1270 1407 μηδαμοῦ
1304 1333 1490 1405 χώραν
1526 1332 1620 1385 τοῦ
1655 1332 1843 1402 στῆναι
1878 1331 1966 1383 εὑ-

379 1426 686 1500 ρίσκοντες.
716 1423 873 1477 Μετὰ
894 1421 953 1475 δέ
984 1419 1190 1474 τούτων
1213 1417 1309 1473 καὶ
1338 1418 1530 1472 πενίαν
1563 1417 1742 1471 αὐτῶν
1772 1416 1971 1470 κατεύ-

377 1499 560 1583 χεται,
589 1508 685 1563 καὶ
715 1506 903 1560 πενίαν
937 1504 1172 1575 ἐσχάτην
1213 1502 1305 1557 καὶ
1330 1502 1623 1573 ἀφόρητον,
1654 1499 1794 1554 ὥστε
1831 1500 1967 1572 μηδὲ

377 1596 503 1664 τῆς.
526 1591 679 1664 παρὰ
727 1590 837 1644 τῶν
890 1587 1169 1657 συγγενῶν
1220 1585 1543 1657 ἐπικουρίας
1589 1586 1801 1655 τυχεῖν,
1832 1583 1970 1638 ἀλλά

379 1676 677 1748 περιιέναι,
710 1673 865 1743 παρά
893 1671 1059 1736 ξένων
1084 1669 1181 1724 καὶ
1213 1668 1508 1737 ἀγνώστων
1542 1666 1969 1740 προσαιτοῦντας

376 1761 611 1829 ταύτην.
657 1758 767 1812 Kal
816 1757 981 1811 ἄκουε
1025 1752 1142 1817 πῶς
1187 1751 1353 1806 τοῦτο
1393 1750 1571 1822 δηλῶν
1610 1751 1966 1822 παρατίθησι.

378 1842 543 1900 Μετὰ
574 1842 683 1914 γὰρ
705 1839 768 1894 τὸ
794 1840 971 1893 εἰπεῖν
991 1854 1004 1867 ·
1037 1834 1606 1901 Μεταναστήτωσαν
1630 1837 1685 1888 οὶ
1716 1833 1833 1888 υίοὶ
1864 1834 1970 1888 αὐ-

376 1926 513 1991 τοῦ,
540 1925 642 1979 καί
663 1920 1181 1990 ἐπαιτησάτωσαν,
1214 1918 1411 1987 ἐπάγει
1429 1934 1444 1947 ·
1474 1916 1972 1985 Ἐκϐληθήτωσαν

379 2012 457 2071 ἐκ
486 2008 607 2063 τῶν
629 2005 957 2063 οἰκοπέδων
980 2003 1200 2069 αὐτῶν,
1243 2005 1345 2058 καὶ
1391 2000 1842 2071 ἑξερευνησάτω
1868 2000 1973 2054 δα-

384 2091 641 2161 νειστὴς
670 2090 866 2144 πάντα
904 2088 1023 2143 ὅσα
1068 2085 1327 2157 ὑπάρχει
1369 2085 1551 2152 αὐτῷ,
1593 2084 1693 2140 καί
1722 2083 1971 2151 διαρπα-

378 2177 676 2234 σάτωσαν
714 2174 1023 2240 ἀλλότριοι
1077 2169 1223 2236 τοὺς
1275 2170 1505 2235 πόνους
1541 2167 1750 2223 αὐτοῦ.
1803 2165 1974 2221 Τοῦτο

386 2261 588 2331 ἐτέρας
617 2257 902 2328 συμφορᾶς
929 2249 1089 2319 εἶδος,
1123 2252 1186 2306 τὸ
1211 2252 1292 2316 είς
1326 2249 1634 2323 διαρπαγὴν
1660 2249 1880 2320 δοθῆναι
1904 2250 1975 2305 τὰ

386 2342 596 2407 αὐτῶν,
645 2341 739 2395 καὶ
767 2337 1062 2394 δανειστῶν
1100 2336 1289 2408 φέρειν
1335 2332 1646 2400 ἐπιϐουλὰς,
1687 2333 1783 2387 καὶ
1813 2333 1975 2388 παντὶ

385 2429 580 2499 τρόπῳ
612 2420 1015 2495 ἐπηρεάζεσθαι
1039 2462 1054 2486 ,
1084 2418 1185 2499 καῖ
1234 2419 1296 2472 τὸ
1341 2416 1408 2490 δὴ
1452 2415 1866 2488 χαλεπώτερον,
1886 2417 1974 2499 μὲν

386 2497 670 2571 τοσούτοις
692 2507 883 2569 κακοῖς
906 2504 1113 2575 ἔρημον
1143 2497 1282 2556 εἶναι
1309 2501 1616 2573 προστάτου
1645 2515 1662 2531 ο
1693 2499 1790 2554 καὶ
1816 2497 1974 2554 τοῦτο

386 2591 720 2663 κατεύχεται
755 2588 929 2656 λέγων
956 2603 971 2618 ⁶
1003 2585 1102 2654 Μὴ
1148 2583 1470 2653 ὑπαρξάτω
1514 2582 1675 2649 αὐτῷ
1727 2583 1974 2653 ἀντιλή-

386 2690 575 2743 πτωρ.
605 2672 688 2727 Τά
712 2672 821 2743 γὰρ
846 2669 993 2724 κακὰ
1012 2667 1154 2723 αὐτὰ
1179 2667 1303 2723 καθ’
1330 2666 1500 2723 ἑαυτὰ
1519 2666 1771 2739 ἀφόρητα
1795 2683 1811 2698 ο
1846 2668 1977 2723 ὅταν

382 2758 456 2814 δέ
480 2757 617 2829 μηδὲ
652 2755 743 2810 τὸν
782 2753 1182 2826 προϊστάμενον
1216 2751 1338 2824 ἔχῃ,
1375 2750 1556 2822 πολλῷ
1595 2749 1972 2825 χαλεπώτερα.

389 2842 559 2911 Μηδὲ
589 2840 895 2911 γενηθήτω
921 2839 1237 2909 οἰκτίρμων
1258 2837 1384 2905 τοῖς
1428 2835 1714 2908 ὀρφανοῖς
1763 2838 1973 2893 αὐτοῦ.

387 2933 597 2989 Βαϐαίι
646 2934 809 2986 πόσον
846 2929 1018 3002 θυμοῦ
1064 2928 1326 3001 μέγεθος,
1361 2929 1490 2983 ὅταν
1526 2928 1662 3000 μηδέ
1698 2928 1762 2983 τὸ
1799 2928 1976 3001 ἄωρον

386 3018 492 3088 ⁸τῆς
520 3016 783 3089 ὀρφανίας
815 3014 998 3079 ἐλέους
1027 3014 1290 3085 τυγχάνῃ,
1325 3014 1420 3067 καὶ
1461 3013 1525 3066 ού
1569 3013 1728 3085 μόνον
1765 3012 1974 3077 ἐλέους,

390 3099 536 3155 ἀλλὰ
577 3098 671 3152 καὶ
697 3097 944 3168 ἀπωλείᾳ
973 3096 1171 3169 ἐσχάτῃ
1209 3094 1627 3169 περιϐάλληταιί
1655 3095 1977 3164 Γενηθήτω

390 3182 529 3255 7&9,
553 3182 702 3253 φησὶ,
729 3182 801 3238 τὰ
839 3179 1021 3235 τέκνα
1051 3180 1238 3235 αὐτοῦ
1269 3182 1357 3247 είς
1386 3179 1835 3248 ἑξολόθρευσιν.
1875 3179 1979 3233 Ἐν

395 3263 579 3337 γενεᾷ
593 3265 696 3336 μιᾷ
723 3265 1102 3335 ἐξαλειφθείη
1136 3264 1205 3318 τὸ
1243 3264 1430 3334 ὄνομα
1459 3262 1667 3318 αὐτοῦ.
1698 3259 1851 3327 Εἶδες
1892 3262 1978 3316 λὸ-

398 3366 498 3420 γον
533 3348 699 3421 θυμοῦ
732 3349 992 3420 γέμοντα,
1045 3348 1140 3402 καὶ
1193 3347 1430 3418 οὐδαμοῦ
1487 3346 1808 3417 ἱστάμενον;
1867 3346 1979 3399 Καὶ

391 3433 562 3503 ζῆσαι
596 3432 731 3504 μετὰ
765 3431 1052 3503 συμφορᾶς
1097 3429 1297 3495 αὐτοὺς
1335 3428 1555 3501 εὔχεται
1584 3429 1838 3500 ποικίλης
1884 3431 1979 3483 καὶ

390 3516 761 3588 παντοδαπῆς,
803 3516 899 3569 καὶ
922 3513 1269 3587 πανωλεθρίᾳ
1295 3514 1689 3587 παραδοθῆναι,
1712 3514 1809 3567 καὶ
1836 3514 1977 3568 ἀνω-

386 3599 584 3671 νύμως
641 3599 957 3671 ἀπολέσθαι.
1014 3599 1126 3653 Kal
1166 3597 1355 3671 ῶσπερ
1409 3599 1510 3652 οὐκ
1554 3599 1832 3669 ἀρκούσης
1881 3599 1981 3668 τῆς

389 3685 681 3755 συμφορᾶς
702 3684 810 3738 τῶν
837 3683 1064 3747 παίδων,
1086 3683 1282 3752 ἐπαγει
1312 3682 1474 3737 πάλιν
1501 3699 1515 3714 ο
1551 3682 1979 3752 Ἀναμνησθείη

388 3769 434 3836 η
466 3767 687 3837 ἀνομία
711 3765 833 3821 τῶν
862 3765 1134 3835 πατέρων
1152 3766 1362 3829 αὐτοῦ,
1394 3764 1495 3819 καί
1528 3764 1568 3832 ἡ
1595 3765 1853 3834 ἁμαρτία
1871 3763 1981 3833 τῆς

382 3850 620 3921 μητρὸς
684 3850 870 3906 αὑτοῦ
931 3848 1019 3918 μὴ
1075 3848 1479 3918 ἐξαλειφθείη.
1538 3847 1982 3916 Γενηθήτωσαν

386 3935 676 3990 ἐναντίον
717 3932 942 4001 Κυρίου
994 3931 1343 3998 διαπαντὸς,
1390 3931 1491 3986 καὶ
1526 3931 1980 4000 ἐξολοθρευθείη

386 4019 466 4072 ἐκ
490 4015 602 4088 γῆς
622 4016 690 4071 τὸ
711 4016 1114 4088 μνημόσυνον
1139 4014 1357 4071 αὐτῶν.
1391 4013 1562 4088 Τοῦτο
1596 4013 1706 4085 γὰρ
1744 4013 1983 4085 μάλιστα

392 4099 599 4172 θυμοῦ,
628 4099 690 4153 τὸ
734 4096 1229 4171 κατακερματίζειν
1263 4096 1331 4161 ἃς
1360 4091 1482 4150 εἶπε
1514 4094 1745 4150 καθόλου
1778 4113 1985 4168 συμφο-

389 4184 526 4277 ρὰς,
559 4184 655 4237 καὶ
689 4180 925 4277 συνεχῶς
941 4180 1014 4277 τὰ
1042 4180 1183 4277 αύτὰ
1211 4178 1614 4277 περιστρέφειν.
1851 4180 1980 4277 γὰρ,

402 4262 838 4338 Ἆναμνησθείη
858 4266 897 4334 ἠ
923 4265 1144 4335 ἀνομία
1182 4262 1304 4318 τῶν
1340 4262 1612 4331 πατέρων
1634 4262 1840 4329 αὐτοῦ,
1884 4264 1984 4316 ἐπ-

393 4347 604 4418 ήγαγε·
639 4344 749 4400 Kal
764 4344 852 4414 μὴ
880 4342 1280 4411 ἐξαλειφθείη.
1306 4341 1501 4395 Καίτοι
1541 4340 1603 4394 τὸ
1634 4341 1768 4394 αύτό
1799 4341 1947 4395 ἐστιν
1966 4357 1981 4373 °

392 4424 517 4479 ἀλλ’
559 4424 711 4495 ὅμως
765 4423 795 4476 6
842 4421 1016 4491 θυμὸς
1080 4420 1177 4474 καὶ
1235 4418 1523 4490 ἀμφότερα
1575 4418 1985 4491 παρεσκεύασεν

395 4502 567 4558 αὑτὸν
589 4504 785 4556 εἰπεῖν·
815 4500 845 4555 ὸ
869 4500 929 4555 δὲ
959 4498 1207 4571 βούλεται
1230 4499 1404 4552 εἰπεῖν
1428 4496 1587 4551 τοῦτό
1605 4498 1775 4551 ἐστιν’
1824 4498 1981 4553 Ἀπό-

391 4598 612 4638 κτεινον
651 4579 815 4635 αὑτὸν
837 4620 854 4646 ,
899 4576 1138 4650 σφάξον,
1182 4576 1356 4632 ἄνελε.
1393 4572 1550 4641 Εἶδες
1581 4578 1720 4648 ἀρᾶς
1746 4576 1983 4647 πλῆθος;

406 4653 578 4727 1Ἀλλ’,
614 4663 664 4714 εί
692 4658 894 4730 βούλει,
930 4657 1107 4723 ,πάλιν
1146 4655 1354 4711 ἄνωθεν
1398 4655 1539 4710 αὐτὰ
1578 4655 1982 4728 συλλογίσομαι.

393 4736 698 4808 Περιπέσοι
722 4738 982 4808 πονηροῖς
1009 4732 1336 4805 ἀνθρώποις,
1371 4733 1525 4803 φησὶ,
1553 4734 1983 4806 κατηγορηθείη,

396 4816 701 4888 κρατηθείη
732 4817 862 4887 παρ’
899 4814 1100 4876 αὐτῶν,
1134 4811 1580 4883 καταδικασθείη,
1623 4813 1804 4883 ἄωρον
1855 4814 1987 4867 ὑπο-

398 4896 564 4967 σταίη
602 4895 852 4963 θάνατον,
902 4894 1195 4966 ἐκϐληθείη
1223 4894 1322 4965 τῆς
1361 4893 1550 4964 τιμῆς,
1592 4896 1687 4948 καὶ
1726 4894 1859 4965 μηδέ
1907 4897 1988 4960 εἰς

396 4976 679 5045 ἐκγόνους,
709 4975 828 5032 ἀλλ’
874 4975 956 5039 είς
995 4973 1214 5044 ἑτέρους
1249 4971 1403 5036 τινὰς
1436 4972 1640 5042 ταύτην
1677 4990 1987 5045 μεταφερο-

400 5053 576 5126 μένην
615 5055 713 5109 ῖδοι
732 5072 747 5087 ’
792 5056 827 5125 ἡ
858 5053 996 5124 γυνή
1030 5052 1198 5107 αὐτοῦ
1224 5050 1498 5117 ἀπόλοιτο,
1540 5052 1638 5105 καὶ
1681 5051 1752 5104 τὰ
1799 5052 1988 5107 παιδία

395 5134 617 5199 πενίαν,
640 5133 904 5205 ὀρφανίαν
920 5130 1096 5204 [2M],
1133 5130 1247 5201 βίον
1274 5130 1585 5201 προσαιτῶν
1612 5130 1986 5201 ὑπομείναιεν,

397 5212 883 5274 καταδικασθεῖεν,
934 5210 1174 5264 ἐλαθεῖεν
1217 5210 1481 5265 πάντοθεν
1501 5250 1516 5275 ,
1565 5209 1769 5281 μηδένα
1811 5212 1988 5281 σχοῖεν

401 5289 618 5365 βοηθὸν,
654 5292 941 5347 ἐκπέσοιεν
979 5289 1075 5344 καὶ⁹
1116 5289 1215 5360 τῆς
1246 5288 1461 5352 εὐνοίας
1494 5287 1588 5343 τοῦ
1618 5288 1775 5351 Θεοῦ,
1803 5289 1989 5360 μηδεὶς

396 5371 587 5434 αὐτοῖς
625 5371 836 5438 γένοιτο
881 5368 1070 5440 λιμὴν,
1118 5367 1254 5438 μηδέ
1279 5369 1572 5438 καταφυγή
1602 5383 1616 5398 ο
1643 5367 1988 5440 ἐξαλειφθείη

392 5453 462 5508 τὸ
498 5451 666 5520 ὀνομα
698 5448 867 5504 αὑτοῦ
900 5448 1009 5502 ἀπὸ
1040 5449 1140 5517 τῆς
1190 5445 1330 5517 γῆς,
1379 5445 1663 5520 ἀνώνυμος
1713 5447 1987 5512 ἀπόλοιτο,

391 5526 499 5583 καὶ
519 5531 548 5582 6
575 5519 756 5600 πατὴρ
786 5529 882 5581 καὶ
916 5529 950 5597 ἡ
995 5527 1174 5597 μήτηρ
1211 5526 1369 5595 δίκην
1406 5526 1568 5585 δοῖεν.
1602 5519 1677 5579 ὧν
1709 5526 1985 5598 ἥμαρτον·

278 5666 287 5673 η,
392 5608 495 5678 καῖ
523 5607 641 5678 μετ’
674 5607 804 5662 αὐτὸ
825 5618 852 5647 ι
884 5604 1103 5678 ἐξώλεις
1133 5604 1237 5678 καὶΔ
1256 5603 1527 5678 προώλεις
1546 5604 1849 5678 ἀπόλοιντο.

412 5678 425 5688 “
474 5673 543 5749 ﬁ".
569 5673 718 5749 'Apa
751 5679 854 5731 οὐκ
887 5674 1282 5746 ἐκπλήττειτὸν
1301 5673 1653 5746 ἆκροατὴντὰ
1682 5675 1950 5747 εἰρημένα
1972 5717 1987 5742 ,

465 5789 616 5869 ξᾼῐςαξ
636 5792 737 5869 μετ’
759 5789 879 5869 αὐτό
900 5788 1083 5869 οωξξιὶι
1110 5788 1263 5869 ξεῇι.
1299 5786 1384 5850 qui
1408 5789 1457 5838 in
1500 5799 1652 5849 marg.
1678 5799 1708 5837 ε
1735 5800 1837 5839 var.
1865 5790 1984 5840 lect.

398 5851 555 5904 habet
571 5850 744 5911 ἐξώλης
762 5852 845 5900 καὶ
867 5851 1087 5914 προώλης
1104 5850 1348 5898 ἀπόλοιτο.

693 5957 969 6019 Pyram.
1016 5954 1135 6017 Gn.
1185 5953 1314 6015 LV.

358 6047 401 6055 ι
416 6051 423 6055 .

1462 298 1835 358 ΕΧΡΟΞΙΤΙΟ
1876 296 1942 350 IN
1987 295 2319 352 PSAIAIUM
2361 295 2539 352 CVIII.

3533 296 3640 353 269

2061 417 2208 492 Ἆρα
2236 423 2337 476 ούκ
2380 425 2667 494 ἐπιθυμεῖς
2704 422 2933 477 ἀκοῦσαι
2977 423 3057 486 τίς
3094 414 3248 485 οὗτος
3285 425 3313 475 ὁ
3344 422 3641 479 καταδικα⁴

2061 510 2209 574 σθεὶς
2243 510 2451 578 οῦτως;
2499 512 2563 565 EE
2593 512 2703 584 γὰρ
2736 512 3023 582 ἄνθρωπον
3059 510 3348 575 ἀκούοντες
3372 508 3648 579 λοιδορού-

2062 614 2223 668 μενον
2280 598 2407 662 τοὺς
2462 599 2820 671 παρεστῶτας
2863 599 3191 671 ἐρωτῶμεν,
3234 598 3441 670 φράσαι
3489 598 3568 661 τίς
3614 598 3646 651 6

2058 683 2233 736 ταῦτα
2279 683 2525 739 ἁκούων·
2569 685 2749 757 πολλῷ
2789 686 2988 757 μᾶλλον
3029 686 3122 738 τοῦ
3154 686 3434 759 προφήτου
3473 685 3647 739 ταῦτα

2060 771 2460 843 καταρωμένου
2489 772 2800 840 ἀκούοντες,
2830 774 3126 842 ἀναγκαῖον
3151 772 3365 845 μαθεῖν,
3386 773 3481 826 καὶ
3507 772 3648 843 μετὰ
3716 772 3719 775 ’

2062 857 2228 927 φόϐου
2255 858 2473 930 μαθεῖν,
2498 861 2593 914 καὶ
2623 860 3060 931 συνεσταλμένης
3085 861 3184 930 τῆς
3210 859 3471 923 διανοίας,
3499 860 3585 924 τίς
3617 860 3646 911 6

2063 948 2142 1009 εἰς
2166 947 2337 1018 ὀργὴν
2368 947 2511 1001 οὕτω
2544 947 2785 1021 χαλεπὴν
2809 947 3086 1019 ἐμπεσὼν,
3109 948 3193 1011 τίς
3236 950 3265 1002 6
3300 948 3551 1018 λυπήσας
3587 947 3648 999 τὸ

2064 1033 2291 1105 Πνεῦμα
2325 1034 2387 1088 τὸ
2408 1034 2582 1104 ἆγιον,
2606 1036 2683 1100 ὡς
2705 1036 2941 1090 τοσαῦτα
2968 1036 3063 1089 καὶ
3091 1035 3391 1107 τηλικαῦτα
3418 1036 3648 1091 ἀκοῦσαι

2064 1120 2255 1174 παθῶν
2298 1122 2436 1194 εἴδη.
2467 1122 2696 1187 Οὐκοῦν,
2744 1125 2794 1177 εί
2831 1124 2999 1190 δοκεῖ,
3045 1122 3135 1177 τὸν
3187 1121 3400 1193 ψαλμὸν
3440 1123 3650 1178 ἀνωθεν

2065 1210 2308 1280 εἴπωμεν
2349 1210 2488 1282 μετὰ
2530 1211 2732 1283 πολλῆς
2784 1212 2888 1284 τῆς
2947 1213 3246 1283 προσοχῆς.
3298 1213 3409 1266 Καὶ
3463 1213 3651 1285 μηδεὶς

2067 1297 2421 1369 θορυϐείσθω.
2461 1300 2573 1352 Kal
2610 1300 2720 1372 7&9
2752 1300 2892 1371 μετὰ
2917 1299 3202 1371 ἀκριϐείας
3237 1301 3454 1368 ἀπάτης
3492 1303 3650 1372 ποιή-

2068 1403 2234 1457 σομαι
2272 1386 2372 1459 τὴν
2426 1387 2706 1459 ἐξήγησιν,
2764 1388 2838 1452 ὡς
2881 1388 2939 1444 ἂν
2993 1383 3104 1451 οἷός
3146 1407 3206 1443 τε
3242 1384 3308 1445 ὦ.
3357 1389 3494 1444 Οὐδέ
3544 1390 3653 1459 γὰρ

2070 1474 2265 1545 μικρόν
2293 1477 2411 1528 ἐστι
2436 1475 2497 1529 τὸ
2535 1474 2867 1547 ζητούμενον
2887 1494 2901 1507 ο
2931 1475 3046 1530 ἀλλ’
3069 1475 3128 1531 ἓν
3156 1477 3257 1547 μὲν
3285 1478 3382 1532 καὶ
3411 1476 3652 1549 πρῶτον,

2067 1561 2214 1626 τίνος
2244 1561 2433 1617 ἕνεκεν
2461 1563 2628 1617 αὐτοῦ
2664 1565 3029 1636 ἁμαρτόντος,
3053 1563 3248 1618 τούτου
3276 1565 3341 1635 δὴ
3369 1566 3463 1620 τοῦ
3491 1581 3658 1619 κατα·

2067 1648 2344 1720 ϐοωμένου
2363 1691 2379 1716 ,
2418 1652 2471 1704 οί
2500 1652 2690 1715 παῖδες
2714 1651 3033 1717 κολάζονται
3066 1654 3187 1727 μετ’
3214 1653 3381 1708 αὑτοῦ
3404 1692 3419 1717 ,
3473 1653 3569 1707 καὶ
3620 1653 3655 1722 ἡ

2067 1736 2228 1808 γυνὴ,
2260 1737 2357 1792 καὶ
2385 1739 2436 1792 οῖ
2460 1741 2659 1807 γονεῖς.
2687 1739 2950 1812 Δεύτερον
2974 1741 3053 1807 δὲ,
3081 1742 3166 1807 τίς
3187 1743 3217 1795 6
3240 1739 3653 1813 καταρώμενος.

2069 1825 2264 1896 Τρίτον
2290 1825 2369 1893 δὲ,
2402 1826 2521 1889 πῶς
2548 1828 2579 1879 6
2600 1825 2710 1880 τῶν
2731 1828 3048 1884 ἀποστόλων
3075 1832 3373 1901 κορυφαῖος
3396 1829 3525 1900 περὶ
3561 1825 3655 1880 τοῦ

2082 1911 2251 1967 Ἰούδα
2280 1912 2375 1967 τὸν
2402 1913 2617 1984 ψαλμὸν
2654 1915 2909 1987 εἰρῆσθαι
2945 1917 3184 1972 δείκνυσι
3210 1935 3225 1950 ·
3272 1916 3475 1984 μᾶλλον
3511 1914 3569 1969 δὲ
3594 1916 3655 1968 ού

2068 1999 2162 2053 τὸν
2201 2000 2414 2072 ψαλμὸν
2456 2000 2703 2067 ἅπαντα,
2758 2002 2896 2057 ἀλλὰ
2940 2003 3033 2058 τοῦ
3081 2004 3299 2075 ψαλμοῦ
3349 2006 3410 2058 τὸ
3471 2004 3656 2076 μέρος.

2070 2087 2408 2159 Γέγραπται
2439 2090 2550 2160 γὰρ
2572 2129 2587 2155 ,
2638 2091 2832 2161 φησὶν,
2877 2092 2949 2145 ἐν
2997 2091 3072 2160 τῇ
3107 2093 3303 2157 ,ϐίϐλῳ
3344 2093 3464 2146 τῶν
3497 2095 3645 2146 Ψαλ-

2065 2175 2198 2246 μῶν
2225 2191 2241 2206 ο
2286 2176 2610 2245 Γενηθήτω
2654 2179 2692 2247 η
2744 2177 2998 2245 ἔπαυλις
3036 2179 3223 2234 αὐτοῦ
3271 2179 3508 2249 ἕρημος,
3562 2179 3661 2233 καὶ

2071 2262 2143 2317 ἐν
2184 2262 2306 2330 τοῖς
2364 2264 2759 2336 σκηνώμασιν
2814 2266 3002 2321 αὐτοῦ
3050 2266 3134 2338 μὴ
3177 2269 3334 2322 ἔστω
3393 2270 3428 2322 ὁ
3473 2282 3662 2321 κατοι-

2073 2348 2197 2405 κῶν
2224 2351 2274 2408 δ.
2339 2351 2499 2405 Ἀλλὰ
2552 2351 2713 2407 πάλιν
2742 2354 2933 2415 ,τοῦτο
2986 2354 3171 2426 ἕτερον
3232 2356 3359 2426 ἡμῖν
3446 2352 3663 2425 ζήτημα

2074 2437 2304 2510 παρέχει
2347 2454 2363 2469 ο
2406 2440 2469 2493 οὐ
2516 2440 2626 2512 γὰρ
2679 2442 2736 2493 ἐν
2779 2440 2955 2513 τούτῳ
2997 2441 3303 2514 γέγραπται
3344 2442 3421 2514 τῷ
3463 2441 3664 2514 ψαλμῷ

2073 2527 2361 2601 ἀμφότερα
2381 2545 2398 2559 ·
2460 2529 2650 2601 διόπερ
2700 2531 2802 2585 οὐκ
2848 2527 2970 2586 εἶπε
3044 2532 3196 2587 τόνδε
3266 2532 3359 2586 τὸν
3424 2532 3662 2603 ψαλμὸν.

2075 2614 2212 2671 ἀλλὰ
2250 2616 2313 2670 τὸ
2368 2616 2572 2687 βιϐλίον
2615 2618 2781 2673 ἆπαν.
2825 2619 2938 2672 Καὶ
2984 2619 3095 2691 γὰρ
3140 2620 3221 2685 τὸ,
3258 2620 3579 2691 Γενηθήτω
3624 2623 3663 2689 ὴ

2075 2705 2336 2772 ἔπαυλις
2368 2706 2555 2761 αὑτοῦ
2614 2707 2856 2776 ἕρημος,
2889 2708 2949 2762 ἐν
2991 2708 3180 2780 ἑτέρῳ·
3221 2710 3317 2763 καὶ
3367 2710 3428 2771 ἐν
3466 2709 3660 2781 τούτῳ⁶

2081 2792 2205 2862 Τὴν
2240 2792 2589 2863 ἐπισκοπὴν
2608 2793 2797 2848 αὑτοῦ
2828 2793 3000 2850 λάϐοι
3020 2795 3242 2864 ἔτερος.
3273 2794 3418 2850 Ἀλλ’
3450 2796 3600 2867 ὅμως
3632 2798 3663 2848 6

2076 2880 2291 2951 Πέτρος
2321 2881 2609 2951 ἀμφότερα
2635 2881 2942 2953 συνήγαγεν
2969 2884 3049 2947 είς
3081 2883 3386 2955 μαρτυρίαν
3419 2882 3565 2954 μίαν.
3596 2884 3662 2937 Ὃ

2078 2969 2172 3022 καὶ
2205 2972 2233 3022 6
2255 2968 2469 3030 Παῦλος
2498 2967 2778 3039 πανταχοῦ
2816 2971 2980 3035 ποιεῖ,
3028 2970 3104 3034 ώς
3142 2971 3270 3024 ὅταν
3307 2971 3460 3044 λέγῃο
3492 2971 3662 3036 ’Ἥξει

2075 3053 2145 3111 ἐκ
2172 3055 2326 3110 Σιὼν
2348 3058 2382 3109 ό
2404 3056 2720 3125 ῥυόμενος,
2753 3056 2853 3110 καί
2886 3057 3253 3126 ἀποστρέψει
3295 3059 3571 3125 ἀσεϐείας
3591 3058 3663 3123 ἐξ

2089 3145 2305 3200 Ἰακώϐ.
2371 3143 2483 3198 Καὶ
2510 3144 2664 3214 αὕτη
2719 3144 2925 3211 αὐτοῖς
2951 3148 2990 3216 ἢ
3034 3149 3173 3216 παρ’
3206 3146 3353 3217 ἐμοῦ
3381 3132 3658 3217 διαθήκηέ

2077 3232 2224 3287 ὅταν
2243 3231 2553 3302 ἀφέλωμαι
2584 3232 2691 3300 τὰς
2720 3232 3010 3303 ἁμαρτίας
3041 3233 3262 3289 αὐτῶν.
3297 3233 3362 3287 Τί
3394 3233 3453 3289 δὲ
3480 3236 3544 3290 ἄν
3577 3253 3662 3302 τις

2078 3321 2222 3374 εῖποι
2244 3318 2306 3372 τὸ
2326 3320 2646 3391 είρημένον;
2676 3321 3033 3392 προφητείαν,
3057 3321 3090 3393 ἢ
3120 3322 3292 3394 ἀράν;
3315 3323 3662 3394 Προφητείαν

2079 3407 2138 3461 ἐν
2165 3407 2295 3461 εῖδει
2332 3406 2489 3477 ἀρᾶς.
2530 3407 2642 3461 Kal
2678 3406 2787 3479 7&9
2815 3408 2907 3461 καὶ
2939 3408 3173 3480 ἀλλαχοῦ
3219 3408 3458 3464 τοιοῦτόν
3484 3428 3538 3465 τι
3573 3413 3663 3465 εύ-

2082 3495 2341 3567 ρήσομεν·
2384 3495 2521 3567 ὅπερ
2548 3495 2642 3548 καὶ
2666 3497 2694 3549 6
2740 3494 2934 3550 Ἰακὼϐ
2982 3495 3261 3568 ἐποίησεν.
3299 3498 3517 3570 Ἐπειδὴ
3554 3500 3663 3570 γὰρ

2078 3583 2205 3646 τοὺς
2228 3580 2526 3646 ἀκούοντας
2574 3584 2639 3637 ἐκ
2683 3582 2792 3637 τῶν
2826 3584 3032 3656 ἑτέροις
3078 3585 3487 3655 συμϐαινόντων
3519 3587 3665 3657 ὠφε-

2079 3671 2286 3725 λεῖσθαι
2311 3671 2442 3743 χρὴ,
2466 3671 2666 3735 πολλάς
2688 3672 2798 3726 τῶν
2815 3672 3161 3747 προφητειῶν
3187 3684 3214 3712 ο
3249 3673 3425 3744 τούτῳ
3448 3693 3550 3746 σχη
3560 3694 3664 3745 μαι

2078 3759 2287 3824 τίζουσι
2315 3758 2395 3828 τῷ
2418 3758 2625 3830 τρόπῳ,
2655 3758 2796 3812 ὥστε
2828 3760 2924 3813 καὶ
2955 3760 3034 3831 τῷ
3068 3762 3198 3814 εῖδει
3231 3761 3332 3831 τῆς
3369 3765 3652 3834 προφορᾶς

2080 3846 2180 3918 τῆς
2218 3844 2363 3900 κατὰ
2385 3845 2483 3917 τὴν
2511 3846 2783 3900 πολιτείαν
2804 3846 3106 3917 αὐξηθῆναι
3130 3847 3222 3901 τὸν
3244 3847 3428 3917 φόϐον.
3457 3849 3531 3903 Ού
3558 3850 3668 3922 γάρ

2081 3932 2232 3984 ἐστιν
2259 3930 2374 3986 ῐσον
2402 3932 2598 3997 εἰπεῖν,
2632 3931 2715 3984 ὅτι
2744 3932 2773 3984 6
2801 3931 2950 3985 δεῖνα
2979 3931 3040 3984 τὸ
3063 3931 3159 3985 καὶ
3191 3931 3254 3985 τὸ
3282 3932 3549 3998 πείσεται,
3573 3933 3670 3988 καὶ

2083 4014 2144 4067 ἐν
2172 4012 2324 4079 τάξει
2357 4013 2624 4084 χολῶντος
2674 4013 2767 4067 καὶ
2813 4011 3171 4085 ὀργιζομένου
3213 4016 3276 4068 τὸ
3325 4016 3457 4071 αὐτὸ
3511 4016 3670 4072 τοῦτο

2083 4098 2495 4170 προσενεγκεῖν.
2545 4094 2657 4150 Kal
2688 4096 2771 4150 ὅτι
2805 4097 2904 4167 οὐχ
2949 4097 3138 4160 ἁπλῶς
3168 4096 3342 4153 ταῦτα
3373 4101 3670 4168 ἀποφαίνο-

2087 4198 2204 4252 μαι,
2241 4179 2350 4234 ἀπὸ
2369 4180 2480 4233 τῶν
2507 4179 2863 4252 προφητικῶν
2891 4181 3020 4251 ύμῖν
3051 4182 3312 4252 ῥημάτων
3336 4182 3494 4237 τοῦτο
3508 4185 3667 4254 ποιή-

2087 4279 2167 4316 σω
2188 4261 2367 4333 δῆλον.
2385 4262 2444 4316 '0
2477 4261 2586 4333 γὰρ
2600 4261 2816 4329 Ἰακὼϐ,
2834 4261 2924 4316 ὅτε
2948 4262 3140 4334 ἔμελλε
3164 4264 3440 4335 τελευτᾷν,
3465 4266 3664 4328 Δεῦτε.

2085 4348 2220 4418 φησὶ
2247 4349 2360 4410 τοῖς
2396 4348 2532 4410 υίοῖς
2592 4344 2784 4411 αὑτοῦ,
2834 4347 2935 4401 καί
2986 4345 3120 4416 ἐρῶ,
3151 4347 3211 4401 τί
3260 4347 3669 4413 ἀπαντήσεται

2083 4429 2229 4500 ὑμῖν
2244 4430 2338 4484 ἐπ’
2361 4427 2639 4498 ἐσχάτων
2656 4429 2775 4483 τῶν
2800 4428 3057 4498 ἡμερῶνο
3079 4429 3174 4482 καὶ
3208 4428 3418 4500 μέλλων
3448 4446 3669 4502 προφη-

2085 4513 2380 4579 τεύεινκέκ
2407 4513 2709 4586 προοιμίων
2746 4512 2949 4577 εὐθέως
2982 4511 3171 4584 ὥσπερ
3202 4512 3310 4565 τινὶ
3338 4511 3498 4583 θυμῷ
3527 4512 3667 4577 ζέων

2078 4598 2197 4652 ,ἀπὸ
2247 4599 2387 4669 ἀρᾶς
2441 4596 2670 4668 ἄρχεται
2709 4594 2810 4666 τῆς
2863 4595 3224 4666 προφητείας,
3275 4594 3418 4649 οὕτω
3468 4595 3665 4664 λέγων·

2099 4682 2338 4750 Ῥουϐίμ
2354 4679 2726 4748 πρωτότοκός
2747 4695 2888 4748 μου,
2907 4676 3060 4750 1245]
3076 4679 3347 4748 σκληρὸς
3361 4680 3664 4749 φέρεσθαι,

2087 4764 2191 4817 καί
2221 4762 2491 4831 σκληρὸς
2518 4760 2807 4830 αὐθάδης,
2833 4760 3174 4829 ἐξύϐρισας,
3196 4763 3277 4829 ὡς
3292 4761 3449 4830 ὕδωρ
3465 4761 3553 4831 μὴ
3568 4763 3667 4817 ἐκ·

2089 4847 2291 4917 ζέσῃς·
2322 4846 2423 4917 τὴν
2449 4846 2750 4917 μέλλουσαν
2778 4843 2946 4899 αύτοῦ
2974 4844 3251 4900 ἀπώλειαν
3275 4846 3335 4900 ἐν
3361 4846 3514 4914 τάξει
3527 4847 3670 4918 ἀρᾶς

2088 4929 2468 5003 προφητεύων.
2498 4929 2655 4985 Ούτω
2677 4929 2838 4985 πάλιν
2866 4929 2995 4983 ὅταν
3018 4930 3200 4999 ἀγαθὰ
3227 4930 3383 5005 λέγῃ,
3414 4931 3474 4985 ἐν
3516 4931 3670 4995 τάξει

2087 5015 2251 5085 εὐχῆς
2276 5014 2560 5082 διηγεῖται,
2615 5011 2741 5081 Δῴη
2789 5026 2891 5068 σοι
2946 5013 3182 5081 Κύριος,
3226 5012 3423 5083 λέγων,
3455 5014 3524 5067 ἐκ
3555 5012 3670 5081 τῆς

2087 5097 2311 5168 δρόσου
2348 5097 2456 5153 τοῦ
2513 5097 2795 5166 οὐρανοῦ,
2834 5096 2931 5150 καί
2965 5096 3035 5150 ἐκ
3071 5096 3183 5166 τῆς
3224 5097 3505 5163 πιότητος
3557 5092 3669 5163 τῆς

2087 5180 2222 5251 γῆς.
2255 5180 2446 5235 Καίτοι
2493 5178 2771 5235 καὶτοῦτο
2807 5178 3129 5250 προφητεία.
3175 5178 3314 5232 Ἀλλ’
3333 5172 3537 5248 ὅτιμὲν
3567 5179 3671 5233 οὐκ

2088 5263 2236 5319 ἔστιν
2272 5263 2614 5333 ἀνθρωπίνου
2665 5261 2892 5327 πάθους,
2940 5261 3121 5330 δῆλον.
3170 5263 3282 5315 Kal
3309 5261 3417 5332 7&9
3456 5260 3554 5315 καὶ
3576 5262 3672 5315 ἐπὶ
3741 5325 3748 5332 ,

2087 5346 2309 5401 Χαναὰν
2346 5349 2374 5400 ὁ
2422 5346 2604 5417 πατὴρ
2653 5344 2819 5400 αὐτοῦ
2871 5343 3030 5397 τοῦτο
3080 5344 3214 5398 αὐτὸ
3262 5345 3427 5411 ποιεῖ,
3471 5343 3668 5414 λέγων·

2086 5429 2295 5484 Ἔσται
2322 5430 2568 5484 Χαναὰν
2599 5428 2741 5495 παῖς
2770 5426 2978 5482 αὐτοῦ’
3008 5427 3094 5480 ἵνα
3121 5427 3321 5500 μάθῃς,
3355 5429 3439 5484 ὃτι
3469 5428 3667 5491 όΘεὸς,

2090 5512 2491 5584 προλαμϐάνων
2536 5511 2665 5575 τοὺς
2720 5509 3128 5581 ἀδικουμένους,
3155 5510 3509 5581 ἐπεξέρχεται
3557 5511 3670 5574 τοῖς

2150 5666 2179 5706 ιτ
2209 5664 2465 5715 Excidisse
2511 5664 2743 5715 videntur
2773 5662 3049 5714 haeret-ba
3076 5677 3088 5706 :
3132 5666 3233 5725 καὶ,
3260 5666 3359 5724 Τὴν
3406 5665 3670 5723 ἐπισκοπὴν

2090 5726 2238 5791 αὐτοῦ
2254 5727 2399 5791 λάϐοι
2421 5726 2593 5791 ἕτερος.

2149 5792 2181 5866 ’θ
2211 5789 2295 5839 Sic
2338 5801 2454 5838 mss.
2500 5785 2554 5840 ει
2600 5785 2779 5851 Savil.;
2801 5785 2981 5838 Morel.
3015 5799 3133 5837 vero
3163 5788 3339 5842 πολλὰς
3374 5788 3458 5844 τὰς
3486 5801 3668 5851 προφη-

2092 5864 2119 5899 ?
2123 5864 2234 5905 ειας.

3269 5954 3339 6010 16
