  <div class='ocr_page' id='page_1' title='image "/cluster/home/n/w/nwhite01/storage/ocr_20150623/55:no.5/coo.31924054869551/253.png"; bbox 0 0 4064 6412; ppageno 0'>
   <div class='ocr_carea' id='block_1_1' title="bbox 520 378 2092 455">
    <p class='ocr_par' dir='ltr' id='par_1_1' title="bbox 520 378 2092 455">
     <span class='ocr_line' id='line_1_1' title="bbox 520 378 2092 455; baseline -0.011 -11"><span class='ocrx_word' id='word_1_1' title='bbox 520 387 785 444; x_wconf 86' lang='grc' dir='ltr'>ἀδικοῦσι.</span> <span class='ocrx_word' id='word_1_2' title='bbox 814 388 927 442; x_wconf 89' lang='lat' dir='ltr'>Kal</span> <span class='ocrx_word' id='word_1_3' title='bbox 978 388 1007 441; x_wconf 88' lang='lat'>0</span> <span class='ocrx_word' id='word_1_4' title='bbox 1065 385 1295 455; x_wconf 77' lang='grc' dir='ltr'>Χριστὸς</span> <span class='ocrx_word' id='word_1_5' title='bbox 1323 384 1382 438; x_wconf 81' lang='grc' dir='ltr'>δὲ</span> <span class='ocrx_word' id='word_1_6' title='bbox 1424 381 1650 452; x_wconf 79' lang='grc' dir='ltr'>τοιούτῳ</span> <span class='ocrx_word' id='word_1_7' title='bbox 1692 380 1799 434; x_wconf 76' lang='grc' dir='ltr'>τινὶ</span> <span class='ocrx_word' id='word_1_8' title='bbox 1828 378 2092 448; x_wconf 82' lang='grc' dir='ltr'>κέχρηται</span> 
     </span>
    </p>
   </div>
   <div class='ocr_carea' id='block_1_2' title="bbox 520 460 2099 544">
    <p class='ocr_par' dir='ltr' id='par_1_2' title="bbox 520 460 2099 544">
     <span class='ocr_line' id='line_1_2' title="bbox 520 460 2099 544; baseline -0.013 -14"><span class='ocrx_word' id='word_1_9' title='bbox 520 473 727 544; x_wconf 81' lang='grc' dir='ltr'>τρόπῳ,</span> <span class='ocrx_word' id='word_1_10' title='bbox 758 471 1095 542; x_wconf 79' lang='grc' dir='ltr'>προφητείας</span> <span class='ocrx_word' id='word_1_11' title='bbox 1131 469 1260 522; x_wconf 87' lang='grc' dir='ltr'>εῖδει</span> <span class='ocrx_word' id='word_1_12' title='bbox 1287 468 1485 540; x_wconf 83' lang='grc' dir='ltr'>μᾶλλον</span> <span class='ocrx_word' id='word_1_13' title='bbox 1520 463 1808 520; x_wconf 78' lang='grc' dir='ltr'>ἀνακαλῶν</span> <span class='ocrx_word' id='word_1_14' title='bbox 1839 463 1934 515; x_wconf 72' lang='grc' dir='ltr'>καὶ</span> <span class='ocrx_word' id='word_1_15' title='bbox 1966 460 2099 544; x_wconf 76' lang='grc' dir='ltr'>θρη-</span> 
     </span>
    </p>
   </div>
   <div class='ocr_carea' id='block_1_3' title="bbox 523 540 2097 625">
    <p class='ocr_par' dir='ltr' id='par_1_3' title="bbox 523 540 2097 625">
     <span class='ocr_line' id='line_1_3' title="bbox 523 540 2097 625; baseline -0.009 -16"><span class='ocrx_word' id='word_1_16' title='bbox 523 540 717 609; x_wconf 78' lang='grc' dir='ltr'>νοῦντα</span> <span class='ocrx_word' id='word_1_17' title='bbox 747 540 1101 625; x_wconf 82' lang='grc' dir='ltr'>μιμούμενος,</span> <span class='ocrx_word' id='word_1_18' title='bbox 1128 552 1223 605; x_wconf 71' lang='grc' dir='ltr'>καὶ</span> <span class='ocrx_word' id='word_1_19' title='bbox 1254 551 1450 619; x_wconf 86' lang='grc' dir='ltr'>λέγων·</span> <span class='ocrx_word' id='word_1_20' title='bbox 1491 552 1639 603; x_wconf 82' lang='grc' dir='ltr'>Οὐαί</span> <span class='ocrx_word' id='word_1_21' title='bbox 1664 563 1787 611; x_wconf 88' lang='grc' dir='ltr'>σοι,</span> <span class='ocrx_word' id='word_1_22' title='bbox 1815 540 2097 613; x_wconf 77' lang='grc' dir='ltr'>Χωραζίν,</span> 
     </span>
    </p>
   </div>
   <div class='ocr_carea' id='block_1_4' title="bbox 520 628 2101 707">
    <p class='ocr_par' dir='ltr' id='par_1_4' title="bbox 520 628 2101 707">
     <span class='ocr_line' id='line_1_4' title="bbox 520 628 2101 707; baseline -0.009 -12"><span class='ocrx_word' id='word_1_23' title='bbox 520 640 661 695; x_wconf 85' lang='grc' dir='ltr'>οὐαί</span> <span class='ocrx_word' id='word_1_24' title='bbox 677 654 798 701; x_wconf 90' lang='grc' dir='ltr'>σοι,</span> <span class='ocrx_word' id='word_1_25' title='bbox 833 635 1162 707; x_wconf 74' lang='grc' dir='ltr'>Βηθσαϊδὰ.</span> <span class='ocrx_word' id='word_1_26' title='bbox 1189 636 1298 689; x_wconf 88' lang='lat' dir='ltr'>Kal</span> <span class='ocrx_word' id='word_1_27' title='bbox 1324 634 1508 700; x_wconf 89' lang='grc' dir='ltr'>πάλιν,</span> <span class='ocrx_word' id='word_1_28' title='bbox 1536 634 1612 697; x_wconf 83' lang='grc' dir='ltr'>ὡς</span> <span class='ocrx_word' id='word_1_29' title='bbox 1638 635 1766 687; x_wconf 85' lang='grc' dir='ltr'>ὅταν</span> <span class='ocrx_word' id='word_1_30' title='bbox 1803 631 1959 701; x_wconf 84' lang='grc' dir='ltr'>λέγῃ·</span> <span class='ocrx_word' id='word_1_31' title='bbox 1997 628 2101 681; x_wconf 85' lang='grc' dir='ltr'>Ἰε-</span> 
     </span>
    </p>
   </div>
   <div class='ocr_carea' id='block_1_5' title="bbox 518 714 2100 791">
    <p class='ocr_par' dir='ltr' id='par_1_5' title="bbox 518 714 2100 791">
     <span class='ocr_line' id='line_1_5' title="bbox 518 714 2100 791; baseline -0.009 -14"><span class='ocrx_word' id='word_1_32' title='bbox 518 725 752 788; x_wconf 81' lang='grc' dir='ltr'>ρουσαλ</span> <span class='ocrx_word' id='word_1_33' title='bbox 760 721 859 791; x_wconf 82' lang='grc' dir='ltr'>ὴμ,</span> <span class='ocrx_word' id='word_1_34' title='bbox 874 721 1175 788; x_wconf 85' lang='grc' dir='ltr'>Ἰερουσαλ</span> <span class='ocrx_word' id='word_1_35' title='bbox 1182 719 1282 790; x_wconf 78' lang='grc' dir='ltr'>ὴμ.</span> <span class='ocrx_word' id='word_1_36' title='bbox 1297 721 1335 789; x_wconf 77' lang='grc' dir='ltr'><strong>ἠ</strong></span> <span class='ocrx_word' id='word_1_37' title='bbox 1347 719 1789 773; x_wconf 81' lang='grc' dir='ltr'>ἀποκτείνουσα</span> <span class='ocrx_word' id='word_1_38' title='bbox 1804 714 1945 779; x_wconf 81' lang='grc' dir='ltr'>τοὺς</span> <span class='ocrx_word' id='word_1_39' title='bbox 1957 725 2100 780; x_wconf 80' lang='grc' dir='ltr'>προ-</span> 
     </span>
    </p>
   </div>
   <div class='ocr_carea' id='block_1_6' title="bbox 520 792 2100 876">
    <p class='ocr_par' dir='ltr' id='par_1_6' title="bbox 520 792 2100 876">
     <span class='ocr_line' id='line_1_6' title="bbox 520 792 2100 876; baseline -0.01 -14"><span class='ocrx_word' id='word_1_40' title='bbox 520 803 735 875; x_wconf 71' lang='grc' dir='ltr'>φήτας.</span> <span class='ocrx_word' id='word_1_41' title='bbox 760 804 895 876; x_wconf 77' lang='grc' dir='ltr'>Περὶ</span> <span class='ocrx_word' id='word_1_42' title='bbox 925 803 1073 866; x_wconf 87' lang='grc' dir='ltr'>τίνος</span> <span class='ocrx_word' id='word_1_43' title='bbox 1103 798 1195 857; x_wconf 86' lang='grc' dir='ltr'>οῦν</span> <span class='ocrx_word' id='word_1_44' title='bbox 1221 805 1249 858; x_wconf 90' lang='grc' dir='ltr'>ὁ</span> <span class='ocrx_word' id='word_1_45' title='bbox 1273 802 1487 873; x_wconf 78' lang='grc' dir='ltr'>ψαλμδς</span> <span class='ocrx_word' id='word_1_46' title='bbox 1520 802 1735 873; x_wconf 80' lang='grc' dir='ltr'>εἴρηται</span> <span class='ocrx_word' id='word_1_47' title='bbox 1757 799 1938 864; x_wconf 77' lang='grc' dir='ltr'>ςἜνια</span> <span class='ocrx_word' id='word_1_48' title='bbox 1971 792 2100 864; x_wconf 73' lang='grc' dir='ltr'>περὶ</span> 
     </span>
    </p>
   </div>
   <div class='ocr_carea' id='block_1_7' title="bbox 519 876 2098 958">
    <p class='ocr_par' dir='ltr' id='par_1_7' title="bbox 519 876 2098 958">
     <span class='ocr_line' id='line_1_7' title="bbox 519 876 2098 958; baseline -0.006 -18"><span class='ocrx_word' id='word_1_49' title='bbox 519 885 616 940; x_wconf 87' lang='grc' dir='ltr'>τοῦ</span> <span class='ocrx_word' id='word_1_50' title='bbox 658 887 846 953; x_wconf 88' lang='grc' dir='ltr'>Ἰούδα,</span> <span class='ocrx_word' id='word_1_51' title='bbox 892 886 990 939; x_wconf 90' lang='grc' dir='ltr'>τοῦ</span> <span class='ocrx_word' id='word_1_52' title='bbox 1038 888 1353 958; x_wconf 83' lang='grc' dir='ltr'>Πνεύματος</span> <span class='ocrx_word' id='word_1_53' title='bbox 1408 882 1844 957; x_wconf 81' lang='grc' dir='ltr'>προφητεύοντος</span> <span class='ocrx_word' id='word_1_54' title='bbox 1891 877 1979 932; x_wconf 86' lang='grc' dir='ltr'>διά</span> <span class='ocrx_word' id='word_1_55' title='bbox 2004 876 2098 933; x_wconf 87' lang='grc' dir='ltr'>τοῦ</span> 
     </span>
    </p>
   </div>
   <div class='ocr_carea' id='block_1_8' title="bbox 521 958 2101 1042">
    <p class='ocr_par' dir='ltr' id='par_1_8' title="bbox 521 958 2101 1042">
     <span class='ocr_line' id='line_1_8' title="bbox 521 958 2101 1042; baseline -0.005 -20"><span class='ocrx_word' id='word_1_56' title='bbox 521 969 706 1033; x_wconf 81' lang='grc' dir='ltr'>Δαυῒδ,</span> <span class='ocrx_word' id='word_1_57' title='bbox 736 971 805 1024; x_wconf 74' lang='grc' dir='ltr'>τὰ</span> <span class='ocrx_word' id='word_1_58' title='bbox 833 971 1077 1029; x_wconf 75' lang='grc' dir='ltr'>δὲ.λοιπά</span> <span class='ocrx_word' id='word_1_59' title='bbox 1115 972 1242 1042; x_wconf 72' lang='grc' dir='ltr'>περὶ</span> <span class='ocrx_word' id='word_1_60' title='bbox 1264 970 1486 1041; x_wconf 82' lang='grc' dir='ltr'>ἐτέρων.</span> <span class='ocrx_word' id='word_1_61' title='bbox 1508 968 1620 1020; x_wconf 89' lang='lat' dir='ltr'>Kal</span> <span class='ocrx_word' id='word_1_62' title='bbox 1644 966 1751 1037; x_wconf 78' lang='grc' dir='ltr'>γὰρ</span> <span class='ocrx_word' id='word_1_63' title='bbox 1787 958 1942 1025; x_wconf 67' lang='grc' dir='ltr'>οὗτος</span> <span class='ocrx_word' id='word_1_64' title='bbox 1968 979 2101 1034; x_wconf 89' lang='grc' dir='ltr'>προ-</span> 
     </span>
    </p>
   </div>
   <div class='ocr_carea' id='block_1_9' title="bbox 522 1046 2098 1126">
    <p class='ocr_par' dir='ltr' id='par_1_9' title="bbox 522 1046 2098 1126">
     <span class='ocr_line' id='line_1_9' title="bbox 522 1046 2098 1126; baseline -0.004 -21"><span class='ocrx_word' id='word_1_65' title='bbox 522 1054 750 1123; x_wconf 85' lang='grc' dir='ltr'>φητείας</span> <span class='ocrx_word' id='word_1_66' title='bbox 782 1055 944 1109; x_wconf 84' lang='grc' dir='ltr'>πάλιν</span> <span class='ocrx_word' id='word_1_67' title='bbox 970 1054 1173 1126; x_wconf 86' lang='grc' dir='ltr'>τρόπος</span> <span class='ocrx_word' id='word_1_68' title='bbox 1204 1054 1341 1107; x_wconf 84' lang='grc' dir='ltr'>ὲστί.</span> <span class='ocrx_word' id='word_1_69' title='bbox 1370 1052 1479 1105; x_wconf 89' lang='lat' dir='ltr'>Kal</span> <span class='ocrx_word' id='word_1_70' title='bbox 1524 1047 1791 1119; x_wconf 88' lang='grc' dir='ltr'>πολλαχοῦ</span> <span class='ocrx_word' id='word_1_71' title='bbox 1821 1046 1983 1102; x_wconf 78' lang='grc' dir='ltr'>αὐτὸν</span> <span class='ocrx_word' id='word_1_72' title='bbox 2009 1046 2098 1099; x_wconf 86' lang='grc' dir='ltr'>εύ-</span> 
     </span>
    </p>
   </div>
   <div class='ocr_carea' id='block_1_10' title="bbox 519 1132 2099 1209">
    <p class='ocr_par' dir='ltr' id='par_1_10' title="bbox 519 1132 2099 1209">
     <span class='ocr_line' id='line_1_10' title="bbox 519 1132 2099 1209; baseline 0.003 -20"><span class='ocrx_word' id='word_1_73' title='bbox 519 1139 759 1208; x_wconf 82' lang='grc' dir='ltr'>ρήσομεν</span> <span class='ocrx_word' id='word_1_74' title='bbox 780 1137 923 1192; x_wconf 77' lang='grc' dir='ltr'>οὕτω</span> <span class='ocrx_word' id='word_1_75' title='bbox 962 1137 1340 1209; x_wconf 83' lang='grc' dir='ltr'>συγκείμενον,</span> <span class='ocrx_word' id='word_1_76' title='bbox 1369 1134 1556 1191; x_wconf 77' lang='grc' dir='ltr'>καὶτὰ</span> <span class='ocrx_word' id='word_1_77' title='bbox 1595 1134 1694 1205; x_wconf 84' lang='grc' dir='ltr'>μὲν</span> <span class='ocrx_word' id='word_1_78' title='bbox 1724 1134 1984 1209; x_wconf 87' lang='grc' dir='ltr'>προοίμια</span> <span class='ocrx_word' id='word_1_79' title='bbox 2018 1132 2099 1194; x_wconf 81' lang='grc' dir='ltr'>εἱς</span> 
     </span>
    </p>
   </div>
   <div class='ocr_carea' id='block_1_11' title="bbox 516 1208 2099 1293">
    <p class='ocr_par' dir='ltr' id='par_1_11' title="bbox 516 1208 2099 1293">
     <span class='ocr_line' id='line_1_11' title="bbox 516 1208 2099 1293; baseline -0.004 -20"><span class='ocrx_word' id='word_1_80' title='bbox 516 1221 725 1293; x_wconf 71' lang='grc' dir='ltr'>ἕτερον,</span> <span class='ocrx_word' id='word_1_81' title='bbox 756 1220 823 1274; x_wconf 86' lang='grc' dir='ltr'>τὰ</span> <span class='ocrx_word' id='word_1_82' title='bbox 848 1221 906 1274; x_wconf 85' lang='grc' dir='ltr'>δὲ</span> <span class='ocrx_word' id='word_1_83' title='bbox 940 1208 1236 1292; x_wconf 85' lang='grc' dir='ltr'>λειπόμενα</span> <span class='ocrx_word' id='word_1_84' title='bbox 1272 1222 1352 1283; x_wconf 83' lang='grc' dir='ltr'>εἰς</span> <span class='ocrx_word' id='word_1_85' title='bbox 1384 1218 1540 1273; x_wconf 86' lang='grc' dir='ltr'>ἄλλον</span> <span class='ocrx_word' id='word_1_86' title='bbox 1584 1208 1871 1288; x_wconf 81' lang='grc' dir='ltr'>λεγόμενα.</span> <span class='ocrx_word' id='word_1_87' title='bbox 1906 1215 2020 1269; x_wconf 84' lang='grc' dir='ltr'>Ἵνα</span> <span class='ocrx_word' id='word_1_88' title='bbox 2042 1212 2099 1267; x_wconf 82' lang='grc' dir='ltr'>δὲ</span> 
     </span>
    </p>
   </div>
   <div class='ocr_carea' id='block_1_12' title="bbox 518 1299 2098 1377">
    <p class='ocr_par' dir='ltr' id='par_1_12' title="bbox 518 1299 2098 1377">
     <span class='ocr_line' id='line_1_12' title="bbox 518 1299 2098 1377; baseline 0.001 -18"><span class='ocrx_word' id='word_1_89' title='bbox 518 1305 612 1359; x_wconf 74' lang='grc' dir='ltr'>καὶ</span> <span class='ocrx_word' id='word_1_90' title='bbox 641 1305 906 1376; x_wconf 76' lang='grc' dir='ltr'>ἑτέρωθεν</span> <span class='ocrx_word' id='word_1_91' title='bbox 933 1306 1048 1377; x_wconf 88' lang='grc' dir='ltr'>ίδῃς</span> <span class='ocrx_word' id='word_1_92' title='bbox 1076 1305 1235 1358; x_wconf 88' lang='grc' dir='ltr'>τοῦτο</span> <span class='ocrx_word' id='word_1_93' title='bbox 1274 1304 1427 1366; x_wconf 81' lang='grc' dir='ltr'>αὐτὸ,</span> <span class='ocrx_word' id='word_1_94' title='bbox 1462 1302 1623 1374; x_wconf 81' lang='grc' dir='ltr'>ἡνίκα</span> <span class='ocrx_word' id='word_1_95' title='bbox 1646 1301 1726 1365; x_wconf 87' lang='grc' dir='ltr'>εἱς</span> <span class='ocrx_word' id='word_1_96' title='bbox 1754 1300 1852 1371; x_wconf 82' lang='grc' dir='ltr'>τὴν</span> <span class='ocrx_word' id='word_1_97' title='bbox 1869 1300 1974 1370; x_wconf 85' lang='grc' dir='ltr'>γῆν</span> <span class='ocrx_word' id='word_1_98' title='bbox 1996 1299 2098 1369; x_wconf 86' lang='grc' dir='ltr'>τῆς</span> 
     </span>
    </p>
   </div>
   <div class='ocr_carea' id='block_1_13' title="bbox 518 1380 2099 1460">
    <p class='ocr_par' dir='ltr' id='par_1_13' title="bbox 518 1380 2099 1460">
     <span class='ocr_line' id='line_1_13' title="bbox 518 1380 2099 1460; baseline -0.005 -20"><span class='ocrx_word' id='word_1_99' title='bbox 518 1387 850 1456; x_wconf 74' lang='grc' dir='ltr'>ἐπαγγελίας</span> <span class='ocrx_word' id='word_1_100' title='bbox 875 1389 1128 1460; x_wconf 79' lang='grc' dir='ltr'>εἰσῄεσαν</span> <span class='ocrx_word' id='word_1_101' title='bbox 1184 1386 1445 1448; x_wconf 86' lang='grc' dir='ltr'>Ἰουδαῖοι,</span> <span class='ocrx_word' id='word_1_102' title='bbox 1479 1384 1702 1456; x_wconf 84' lang='grc' dir='ltr'>διαιρῶν</span> <span class='ocrx_word' id='word_1_103' title='bbox 1742 1383 1842 1445; x_wconf 77' lang='grc' dir='ltr'>τὰς</span> <span class='ocrx_word' id='word_1_104' title='bbox 1892 1380 2099 1435; x_wconf 84' lang='grc' dir='ltr'>δώδεκα</span> 
     </span>
    </p>
   </div>
   <div class='ocr_carea' id='block_1_14' title="bbox 519 1463 2099 1541">
    <p class='ocr_par' dir='ltr' id='par_1_14' title="bbox 519 1463 2099 1541">
     <span class='ocr_line' id='line_1_14' title="bbox 519 1463 2099 1541; baseline -0.005 -18"><span class='ocrx_word' id='word_1_105' title='bbox 519 1470 694 1540; x_wconf 81' lang='grc' dir='ltr'>φυλὰς</span> <span class='ocrx_word' id='word_1_106' title='bbox 737 1473 817 1534; x_wconf 86' lang='grc' dir='ltr'>εἰς</span> <span class='ocrx_word' id='word_1_107' title='bbox 858 1469 1067 1524; x_wconf 79' lang='grc' dir='ltr'>δώδεκα</span> <span class='ocrx_word' id='word_1_108' title='bbox 1113 1469 1278 1541; x_wconf 87' lang='grc' dir='ltr'>μέρη,</span> <span class='ocrx_word' id='word_1_109' title='bbox 1311 1471 1410 1531; x_wconf 81' lang='grc' dir='ltr'>τὰς</span> <span class='ocrx_word' id='word_1_110' title='bbox 1460 1469 1560 1540; x_wconf 78' lang='grc' dir='ltr'>μὲν</span> <span class='ocrx_word' id='word_1_111' title='bbox 1615 1466 1884 1535; x_wconf 81' lang='grc' dir='ltr'>εὐλογεῖν,</span> <span class='ocrx_word' id='word_1_112' title='bbox 1913 1463 2013 1527; x_wconf 78' lang='grc' dir='ltr'>τάς</span> <span class='ocrx_word' id='word_1_113' title='bbox 2040 1463 2099 1516; x_wconf 75' lang='grc' dir='ltr'>δὲ</span> 
     </span>
    </p>
   </div>
   <div class='ocr_carea' id='block_1_15' title="bbox 514 1546 2098 1627">
    <p class='ocr_par' dir='ltr' id='par_1_15' title="bbox 514 1546 2098 1627">
     <span class='ocr_line' id='line_1_15' title="bbox 514 1546 2098 1627; baseline -0.006 -18"><span class='ocrx_word' id='word_1_114' title='bbox 514 1556 753 1627; x_wconf 80' lang='grc' dir='ltr'>ἀρᾶσθαι</span> <span class='ocrx_word' id='word_1_115' title='bbox 782 1555 1063 1609; x_wconf 87' lang='grc' dir='ltr'>κελεύεται</span> <span class='ocrx_word' id='word_1_116' title='bbox 1085 1554 1193 1607; x_wconf 73' lang='grc' dir='ltr'>ὑπὸ</span> <span class='ocrx_word' id='word_1_117' title='bbox 1218 1553 1354 1607; x_wconf 85' lang='grc' dir='ltr'>Θεοῦ</span> <span class='ocrx_word' id='word_1_118' title='bbox 1383 1553 1414 1606; x_wconf 85' lang='grc' dir='ltr'><strong>ὁ</strong></span> <span class='ocrx_word' id='word_1_119' title='bbox 1434 1552 1530 1606; x_wconf 90' lang='grc' dir='ltr'>τοῦ</span> <span class='ocrx_word' id='word_1_120' title='bbox 1572 1552 1751 1620; x_wconf 74' lang='grc' dir='ltr'>Ναυῆ.</span> <span class='ocrx_word' id='word_1_121' title='bbox 1795 1550 1905 1603; x_wconf 91' lang='lat' dir='ltr'>Kal</span> <span class='ocrx_word' id='word_1_122' title='bbox 1941 1551 1975 1618; x_wconf 81' lang='grc' dir='ltr'>ἠ</span> <span class='ocrx_word' id='word_1_123' title='bbox 2004 1546 2098 1600; x_wconf 82' lang='grc' dir='ltr'>εύ-</span> 
     </span>
    </p>
   </div>
   <div class='ocr_carea' id='block_1_16' title="bbox 516 1632 2098 1709">
    <p class='ocr_par' dir='ltr' id='par_1_16' title="bbox 516 1632 2098 1709">
     <span class='ocr_line' id='line_1_16' title="bbox 516 1632 2098 1709; baseline -0.004 -19"><span class='ocrx_word' id='word_1_124' title='bbox 516 1637 674 1707; x_wconf 90' lang='grc' dir='ltr'>λογία</span> <span class='ocrx_word' id='word_1_125' title='bbox 710 1638 767 1693; x_wconf 75' lang='grc' dir='ltr'>δὲ</span> <span class='ocrx_word' id='word_1_126' title='bbox 806 1639 902 1693; x_wconf 73' lang='grc' dir='ltr'>καὶ</span> <span class='ocrx_word' id='word_1_127' title='bbox 953 1640 986 1709; x_wconf 86' lang='grc' dir='ltr'><strong>ή</strong></span> <span class='ocrx_word' id='word_1_128' title='bbox 1030 1637 1141 1708; x_wconf 73' lang='grc' dir='ltr'>ἀρὰ</span> <span class='ocrx_word' id='word_1_129' title='bbox 1169 1640 1496 1708; x_wconf 83' lang='grc' dir='ltr'>προφητεῖαι</span> <span class='ocrx_word' id='word_1_130' title='bbox 1557 1635 1665 1690; x_wconf 82' lang='grc' dir='ltr'>τῶν</span> <span class='ocrx_word' id='word_1_131' title='bbox 1716 1632 2098 1704; x_wconf 76' lang='grc' dir='ltr'>γενησομένων</span> 
     </span>
    </p>
   </div>
   <div class='ocr_carea' id='block_1_17' title="bbox 515 1716 2097 1793">
    <p class='ocr_par' dir='ltr' id='par_1_17' title="bbox 515 1716 2097 1793">
     <span class='ocr_line' id='line_1_17' title="bbox 515 1716 2097 1793; baseline -0.005 -19"><span class='ocrx_word' id='word_1_132' title='bbox 515 1716 678 1793; x_wconf 81' lang='grc' dir='ltr'>ἦσαν.</span> <span class='ocrx_word' id='word_1_133' title='bbox 712 1723 821 1776; x_wconf 91' lang='lat' dir='ltr'>Kal</span> <span class='ocrx_word' id='word_1_134' title='bbox 848 1723 957 1791; x_wconf 83' lang='grc' dir='ltr'>γὰρ</span> <span class='ocrx_word' id='word_1_135' title='bbox 988 1722 1192 1790; x_wconf 78' lang='grc' dir='ltr'>ἔλεγεν·</span> <span class='ocrx_word' id='word_1_136' title='bbox 1211 1718 1665 1787; x_wconf 80' lang='grc' dir='ltr'>Ἐπικατάρατος</span> <span class='ocrx_word' id='word_1_137' title='bbox 1700 1716 1784 1772; x_wconf 82' lang='grc' dir='ltr'>σὺ</span> <span class='ocrx_word' id='word_1_138' title='bbox 1813 1717 1884 1770; x_wconf 75' lang='grc' dir='ltr'>ἐν</span> <span class='ocrx_word' id='word_1_139' title='bbox 1901 1716 2097 1781; x_wconf 80' lang='grc' dir='ltr'>πόλει,</span> 
     </span>
    </p>
   </div>
   <div class='ocr_carea' id='block_1_18' title="bbox 516 1796 2099 1875">
    <p class='ocr_par' dir='ltr' id='par_1_18' title="bbox 516 1796 2099 1875">
     <span class='ocr_line' id='line_1_18' title="bbox 516 1796 2099 1875; baseline -0.005 -16"><span class='ocrx_word' id='word_1_140' title='bbox 516 1806 946 1873; x_wconf 66' lang='grc' dir='ltr'>ἐπιωτὰρατος</span> <span class='ocrx_word' id='word_1_141' title='bbox 967 1806 1037 1860; x_wconf 81' lang='grc' dir='ltr'>ὲν</span> <span class='ocrx_word' id='word_1_142' title='bbox 1063 1804 1240 1875; x_wconf 83' lang='grc' dir='ltr'>ἀγρῷ·</span> <span class='ocrx_word' id='word_1_143' title='bbox 1287 1804 1381 1858; x_wconf 81' lang='grc' dir='ltr'>καὶ</span> <span class='ocrx_word' id='word_1_144' title='bbox 1426 1802 1624 1875; x_wconf 86' lang='grc' dir='ltr'>μυρίας</span> <span class='ocrx_word' id='word_1_145' title='bbox 1655 1800 1907 1863; x_wconf 80' lang='grc' dir='ltr'>τοιαύτας</span> <span class='ocrx_word' id='word_1_146' title='bbox 1957 1796 2099 1870; x_wconf 80' lang='grc' dir='ltr'>ἀρὰς</span> 
     </span>
    </p>
   </div>
   <div class='ocr_carea' id='block_1_19' title="bbox 519 1886 1919 1960">
    <p class='ocr_par' dir='ltr' id='par_1_19' title="bbox 519 1886 1919 1960">
     <span class='ocr_line' id='line_1_19' title="bbox 519 1886 1919 1960; baseline -0.004 -17"><span class='ocrx_word' id='word_1_147' title='bbox 519 1889 856 1945; x_wconf 88' lang='grc' dir='ltr'>συντιθεῖσαι</span> <span class='ocrx_word' id='word_1_148' title='bbox 885 1892 941 1943; x_wconf 91' lang='grc' dir='ltr'>αἱ</span> <span class='ocrx_word' id='word_1_149' title='bbox 978 1889 1141 1959; x_wconf 76' lang='grc' dir='ltr'>φυλαὶ</span> <span class='ocrx_word' id='word_1_150' title='bbox 1177 1888 1386 1960; x_wconf 82' lang='grc' dir='ltr'>μακρὸν</span> <span class='ocrx_word' id='word_1_151' title='bbox 1411 1888 1567 1956; x_wconf 90' lang='grc' dir='ltr'>λόγον</span> <span class='ocrx_word' id='word_1_152' title='bbox 1588 1886 1919 1957; x_wconf 81' lang='grc' dir='ltr'>ἀπήρτισαν.</span> 
     </span>
    </p>
   </div>
   <div class='ocr_carea' id='block_1_20' title="bbox 587 2006 2098 2087">
    <p class='ocr_par' dir='ltr' id='par_1_20' title="bbox 587 2006 2098 2087">
     <span class='ocr_line' id='line_1_20' title="bbox 587 2006 2098 2087; baseline -0.007 -17"><span class='ocrx_word' id='word_1_153' title='bbox 587 2015 758 2069; x_wconf 89' lang='grc' dir='ltr'>Τοῦτο</span> <span class='ocrx_word' id='word_1_154' title='bbox 790 2015 854 2087; x_wconf 84' lang='grc' dir='ltr'>δὴ</span> <span class='ocrx_word' id='word_1_155' title='bbox 902 2016 995 2069; x_wconf 74' lang='grc' dir='ltr'>καὶ</span> <span class='ocrx_word' id='word_1_156' title='bbox 1045 2013 1279 2068; x_wconf 69' lang='grc' dir='ltr'>ἐνταῦθα</span> <span class='ocrx_word' id='word_1_157' title='bbox 1323 2011 1472 2065; x_wconf 70' lang='grc' dir='ltr'>ἔστιν</span> <span class='ocrx_word' id='word_1_158' title='bbox 1500 2013 1695 2071; x_wconf 76' lang='grc' dir='ltr'>εἰπεῖν.</span> <span class='ocrx_word' id='word_1_159' title='bbox 1746 2009 1829 2062; x_wconf 83' lang='grc' dir='ltr'>ὅτι</span> <span class='ocrx_word' id='word_1_160' title='bbox 1856 2010 1914 2062; x_wconf 86' lang='grc' dir='ltr'>ἐν</span> <span class='ocrx_word' id='word_1_161' title='bbox 1946 2006 2098 2074; x_wconf 82' lang='grc' dir='ltr'>τάξει</span> 
     </span>
    </p>
   </div>
   <div class='ocr_carea' id='block_1_21' title="bbox 513 2090 2099 2171">
    <p class='ocr_par' dir='ltr' id='par_1_21' title="bbox 513 2090 2099 2171">
     <span class='ocr_line' id='line_1_21' title="bbox 513 2090 2099 2171; baseline -0.008 -17"><span class='ocrx_word' id='word_1_162' title='bbox 513 2101 656 2170; x_wconf 82' lang='grc' dir='ltr'>ἀρᾶς</span> <span class='ocrx_word' id='word_1_163' title='bbox 679 2099 983 2171; x_wconf 79' lang='grc' dir='ltr'>προφητεία</span> <span class='ocrx_word' id='word_1_164' title='bbox 1007 2097 1365 2163; x_wconf 81' lang='grc' dir='ltr'>συντέθειται,</span> <span class='ocrx_word' id='word_1_165' title='bbox 1387 2096 1457 2149; x_wconf 89' lang='grc' dir='ltr'>τά</span> <span class='ocrx_word' id='word_1_166' title='bbox 1480 2113 1539 2150; x_wconf 90' lang='grc' dir='ltr'>τε</span> <span class='ocrx_word' id='word_1_167' title='bbox 1566 2093 1645 2164; x_wconf 84' lang='grc' dir='ltr'>τῷ</span> <span class='ocrx_word' id='word_1_168' title='bbox 1677 2092 1848 2163; x_wconf 70' lang='grc' dir='ltr'>Ἰούδα</span> <span class='ocrx_word' id='word_1_169' title='bbox 1882 2090 2099 2171; x_wconf 82' lang='grc' dir='ltr'>συμϐη-</span> 
     </span>
    </p>
   </div>
   <div class='ocr_carea' id='block_1_22' title="bbox 515 2170 2099 2254">
    <p class='ocr_par' dir='ltr' id='par_1_22' title="bbox 515 2170 2099 2254">
     <span class='ocr_line' id='line_1_22' title="bbox 515 2170 2099 2254; baseline -0.007 -17"><span class='ocrx_word' id='word_1_170' title='bbox 515 2170 733 2254; x_wconf 84' lang='grc' dir='ltr'>σόμενα</span> <span class='ocrx_word' id='word_1_171' title='bbox 752 2182 1170 2252; x_wconf 83' lang='grc' dir='ltr'>ἀπαγγέλλουσα</span> <span class='ocrx_word' id='word_1_172' title='bbox 1218 2182 1310 2234; x_wconf 73' lang='grc' dir='ltr'>καὶ</span> <span class='ocrx_word' id='word_1_173' title='bbox 1344 2177 1833 2250; x_wconf 83' lang='grc' dir='ltr'>προαναφωνοῦσα,</span> <span class='ocrx_word' id='word_1_174' title='bbox 1860 2170 1978 2228; x_wconf 79' lang='grc' dir='ltr'>εἶτα</span> <span class='ocrx_word' id='word_1_175' title='bbox 2004 2174 2099 2227; x_wconf 75' lang='grc' dir='ltr'>καὶ</span> 
     </span>
    </p>
   </div>
   <div class='ocr_carea' id='block_1_23' title="bbox 515 2260 2099 2338">
    <p class='ocr_par' dir='ltr' id='par_1_23' title="bbox 515 2260 2099 2338">
     <span class='ocr_line' id='line_1_23' title="bbox 515 2260 2099 2338; baseline -0.005 -18"><span class='ocrx_word' id='word_1_176' title='bbox 515 2267 633 2338; x_wconf 77' lang='grc' dir='ltr'>μετ’</span> <span class='ocrx_word' id='word_1_177' title='bbox 663 2268 869 2320; x_wconf 87' lang='grc' dir='ltr'>ἐκεῖνον</span> <span class='ocrx_word' id='word_1_178' title='bbox 901 2265 1094 2337; x_wconf 77' lang='grc' dir='ltr'>ἑτέραν</span> <span class='ocrx_word' id='word_1_179' title='bbox 1114 2264 1239 2319; x_wconf 88' lang='grc' dir='ltr'>τινά</span> <span class='ocrx_word' id='word_1_180' title='bbox 1287 2262 1620 2318; x_wconf 87' lang='grc' dir='ltr'>ἀνακινοῦσα</span> <span class='ocrx_word' id='word_1_181' title='bbox 1666 2260 1945 2324; x_wconf 82' lang='grc' dir='ltr'>ὑπόθεσιν,</span> <span class='ocrx_word' id='word_1_182' title='bbox 2002 2260 2099 2313; x_wconf 79' lang='grc' dir='ltr'>καὶ</span> 
     </span>
    </p>
   </div>
   <div class='ocr_carea' id='block_1_24' title="bbox 513 2343 2098 2421">
    <p class='ocr_par' dir='ltr' id='par_1_24' title="bbox 513 2343 2098 2421">
     <span class='ocr_line' id='line_1_24' title="bbox 513 2343 2098 2421; baseline -0.005 -18"><span class='ocrx_word' id='word_1_183' title='bbox 513 2349 777 2421; x_wconf 83' lang='grc' dir='ltr'>ἱσταμένη</span> <span class='ocrx_word' id='word_1_184' title='bbox 819 2350 962 2403; x_wconf 85' lang='grc' dir='ltr'>κατά</span> <span class='ocrx_word' id='word_1_185' title='bbox 1004 2364 1169 2402; x_wconf 90' lang='grc' dir='ltr'>τινων</span> <span class='ocrx_word' id='word_1_186' title='bbox 1219 2346 1487 2418; x_wconf 81' lang='grc' dir='ltr'>ἱερωσύνῃ</span> <span class='ocrx_word' id='word_1_187' title='bbox 1539 2343 1977 2398; x_wconf 84' lang='grc' dir='ltr'>ἐπαναστάντων·</span> <span class='ocrx_word' id='word_1_188' title='bbox 2010 2343 2098 2395; x_wconf 79' lang='grc' dir='ltr'>ἵνα</span> 
     </span>
    </p>
   </div>
   <div class='ocr_carea' id='block_1_25' title="bbox 517 2424 2096 2502">
    <p class='ocr_par' dir='ltr' id='par_1_25' title="bbox 517 2424 2096 2502">
     <span class='ocr_line' id='line_1_25' title="bbox 517 2424 2096 2502; baseline -0.005 -16"><span class='ocrx_word' id='word_1_189' title='bbox 517 2430 779 2502; x_wconf 83' lang='grc' dir='ltr'>μάθωμεν</span> <span class='ocrx_word' id='word_1_190' title='bbox 811 2431 1000 2502; x_wconf 81' lang='grc' dir='ltr'>ἡλίκον</span> <span class='ocrx_word' id='word_1_191' title='bbox 1046 2430 1217 2485; x_wconf 87' lang='grc' dir='ltr'>κακόν</span> <span class='ocrx_word' id='word_1_192' title='bbox 1271 2431 1389 2483; x_wconf 85' lang='grc' dir='ltr'>ἐστι</span> <span class='ocrx_word' id='word_1_193' title='bbox 1441 2431 1555 2491; x_wconf 88' lang='grc' dir='ltr'>τοῖς</span> <span class='ocrx_word' id='word_1_194' title='bbox 1586 2426 1794 2500; x_wconf 87' lang='grc' dir='ltr'>ἱερεῦσι</span> <span class='ocrx_word' id='word_1_195' title='bbox 1838 2426 1935 2481; x_wconf 82' lang='grc' dir='ltr'>τοῦ</span> <span class='ocrx_word' id='word_1_196' title='bbox 1960 2424 2096 2480; x_wconf 83' lang='grc' dir='ltr'>Θεοῦ</span> 
     </span>
    </p>
   </div>
   <div class='ocr_carea' id='block_1_26' title="bbox 513 2509 2096 2583">
    <p class='ocr_par' dir='ltr' id='par_1_26' title="bbox 513 2509 2096 2583">
     <span class='ocr_line' id='line_1_26' title="bbox 513 2509 2096 2583; baseline -0.004 -16"><span class='ocrx_word' id='word_1_197' title='bbox 513 2513 926 2577; x_wconf 86' lang='grc' dir='ltr'>ἐπανίστασθαι,</span> <span class='ocrx_word' id='word_1_198' title='bbox 961 2514 1056 2567; x_wconf 77' lang='grc' dir='ltr'>καὶ</span> <span class='ocrx_word' id='word_1_199' title='bbox 1100 2512 1235 2583; x_wconf 85' lang='grc' dir='ltr'>δόλῳ</span> <span class='ocrx_word' id='word_1_200' title='bbox 1263 2512 1356 2567; x_wconf 79' lang='grc' dir='ltr'>καὶ</span> <span class='ocrx_word' id='word_1_201' title='bbox 1404 2511 1588 2583; x_wconf 80' lang='grc' dir='ltr'>ἀδικίᾳ</span> <span class='ocrx_word' id='word_1_202' title='bbox 1629 2512 1747 2565; x_wconf 84' lang='grc' dir='ltr'>κατ’</span> <span class='ocrx_word' id='word_1_203' title='bbox 1782 2509 1962 2563; x_wconf 80' lang='grc' dir='ltr'>αὐτῶν</span> <span class='ocrx_word' id='word_1_204' title='bbox 2003 2525 2096 2562; x_wconf 92' lang='grc' dir='ltr'>κε-</span> 
     </span>
    </p>
   </div>
   <div class='ocr_carea' id='block_1_27' title="bbox 513 2591 2097 2669">
    <p class='ocr_par' dir='ltr' id='par_1_27' title="bbox 513 2591 2097 2669">
     <span class='ocr_line' id='line_1_27' title="bbox 513 2591 2097 2669; baseline -0.005 -17"><span class='ocrx_word' id='word_1_205' title='bbox 513 2597 768 2669; x_wconf 81' lang='grc' dir='ltr'>χρῆσθαι.</span> <span class='ocrx_word' id='word_1_206' title='bbox 803 2596 884 2649; x_wconf 85' lang='grc' dir='ltr'>Τά</span> <span class='ocrx_word' id='word_1_207' title='bbox 916 2596 1025 2667; x_wconf 79' lang='grc' dir='ltr'>γάρ</span> <span class='ocrx_word' id='word_1_208' title='bbox 1048 2595 1317 2667; x_wconf 72' lang='grc' dir='ltr'>εἰρημένα</span> <span class='ocrx_word' id='word_1_209' title='bbox 1340 2594 1493 2648; x_wconf 78' lang='grc' dir='ltr'>οὐδὲν</span> <span class='ocrx_word' id='word_1_210' title='bbox 1525 2594 1713 2666; x_wconf 70' lang='grc' dir='ltr'>ἔτερόν</span> <span class='ocrx_word' id='word_1_211' title='bbox 1743 2594 1910 2659; x_wconf 84' lang='grc' dir='ltr'>ἐστιν,</span> <span class='ocrx_word' id='word_1_212' title='bbox 1950 2592 1983 2663; x_wconf 82' lang='grc' dir='ltr'><strong>ἢ</strong></span> <span class='ocrx_word' id='word_1_213' title='bbox 2018 2591 2097 2645; x_wconf 83' lang='grc' dir='ltr'>δι-</span> 
     </span>
    </p>
   </div>
   <div class='ocr_carea' id='block_1_28' title="bbox 512 2675 2098 2751">
    <p class='ocr_par' dir='ltr' id='par_1_28' title="bbox 512 2675 2098 2751">
     <span class='ocr_line' id='line_1_28' title="bbox 512 2675 2098 2751; baseline -0.003 -18"><span class='ocrx_word' id='word_1_214' title='bbox 512 2680 779 2735; x_wconf 86' lang='grc' dir='ltr'>δασκαλία</span> <span class='ocrx_word' id='word_1_215' title='bbox 806 2680 918 2735; x_wconf 85' lang='grc' dir='ltr'>τῶν</span> <span class='ocrx_word' id='word_1_216' title='bbox 941 2679 1379 2751; x_wconf 88' lang='grc' dir='ltr'>συμϐησομένων</span> <span class='ocrx_word' id='word_1_217' title='bbox 1404 2681 1517 2742; x_wconf 88' lang='grc' dir='ltr'>τοῖς</span> <span class='ocrx_word' id='word_1_218' title='bbox 1549 2678 1677 2741; x_wconf 80' lang='grc' dir='ltr'>τοὺς</span> <span class='ocrx_word' id='word_1_219' title='bbox 1716 2676 1945 2749; x_wconf 90' lang='grc' dir='ltr'>πλησίον</span> <span class='ocrx_word' id='word_1_220' title='bbox 1969 2675 2098 2729; x_wconf 86' lang='grc' dir='ltr'>ἀδι-</span> 
     </span>
    </p>
   </div>
   <div class='ocr_carea' id='block_1_29' title="bbox 514 2760 2099 2834">
    <p class='ocr_par' dir='ltr' id='par_1_29' title="bbox 514 2760 2099 2834">
     <span class='ocr_line' id='line_1_29' title="bbox 514 2760 2099 2834; baseline -0.003 -16"><span class='ocrx_word' id='word_1_221' title='bbox 514 2763 692 2825; x_wconf 87' lang='grc' dir='ltr'>κοῦσι,</span> <span class='ocrx_word' id='word_1_222' title='bbox 724 2767 837 2828; x_wconf 82' lang='grc' dir='ltr'>τοῖς</span> <span class='ocrx_word' id='word_1_223' title='bbox 875 2763 1426 2834; x_wconf 81' lang='grc' dir='ltr'>κατεξανισταμένοις</span> <span class='ocrx_word' id='word_1_224' title='bbox 1458 2763 1593 2834; x_wconf 87' lang='grc' dir='ltr'>μετά</span> <span class='ocrx_word' id='word_1_225' title='bbox 1635 2761 1786 2817; x_wconf 87' lang='grc' dir='ltr'>δόλου</span> <span class='ocrx_word' id='word_1_226' title='bbox 1830 2762 1924 2815; x_wconf 77' lang='grc' dir='ltr'>καὶ</span> <span class='ocrx_word' id='word_1_227' title='bbox 1959 2760 2099 2830; x_wconf 82' lang='grc' dir='ltr'>γνὼ-</span> 
     </span>
    </p>
   </div>
   <div class='ocr_carea' id='block_1_30' title="bbox 514 2845 2099 2918">
    <p class='ocr_par' dir='ltr' id='par_1_30' title="bbox 514 2845 2099 2918">
     <span class='ocr_line' id='line_1_30' title="bbox 514 2845 2099 2918; baseline -0.024 16"><span class='ocrx_word' id='word_1_228' title='bbox 514 2864 624 2918; x_wconf 67' lang='grc' dir='ltr'>μης</span> <span class='ocrx_word' id='word_1_229' title='bbox 650 2846 1050 2918; x_wconf 67' lang='grc' dir='ltr'>διεφθαρμένης</span> <span class='ocrx_word' id='word_1_230' title='bbox 1081 2847 1191 2901; x_wconf 83' lang='grc' dir='ltr'>τῶν</span> <span class='ocrx_word' id='word_1_231' title='bbox 1222 2847 1377 2901; x_wconf 80' lang='grc' dir='ltr'>οὐδὲν</span> <span class='ocrx_word' id='word_1_232' title='bbox 1404 2846 1765 2917; x_wconf 75' lang='grc' dir='ltr'>ἠδικηκότων.</span> <span class='ocrx_word' id='word_1_233' title='bbox 1796 2846 1859 2898; x_wconf 71' lang='lat' dir='ltr'><strong><em>El</em></strong></span> <span class='ocrx_word' id='word_1_234' title='bbox 1890 2846 1947 2899; x_wconf 83' lang='grc' dir='ltr'>δὲ</span> <span class='ocrx_word' id='word_1_235' title='bbox 1975 2845 2099 2908; x_wconf 82' lang='grc' dir='ltr'>τοὺς</span> 
     </span>
    </p>
   </div>
   <div class='ocr_carea' id='block_1_31' title="bbox 512 2929 2095 3003">
    <p class='ocr_par' dir='ltr' id='par_1_31' title="bbox 512 2929 2095 3003">
     <span class='ocr_line' id='line_1_31' title="bbox 512 2929 2095 3003; baseline -0.003 -18"><span class='ocrx_word' id='word_1_236' title='bbox 512 2932 707 2996; x_wconf 87' lang='grc' dir='ltr'>παῖδας</span> <span class='ocrx_word' id='word_1_237' title='bbox 738 2932 882 2997; x_wconf 77' lang='grc' dir='ltr'>ἀξιοῖ</span> <span class='ocrx_word' id='word_1_238' title='bbox 916 2932 1256 2997; x_wconf 74' lang='grc' dir='ltr'>κολάζεσθαι,</span> <span class='ocrx_word' id='word_1_239' title='bbox 1315 2931 1390 3003; x_wconf 84' lang='grc' dir='ltr'>μὴ</span> <span class='ocrx_word' id='word_1_240' title='bbox 1448 2929 1775 3002; x_wconf 81' lang='grc' dir='ltr'>θορυϐηθῇς,</span> <span class='ocrx_word' id='word_1_241' title='bbox 1820 2929 2095 3001; x_wconf 83' lang='grc' dir='ltr'>ἀγαπητέ·</span> 
     </span>
    </p>
   </div>
   <div class='ocr_carea' id='block_1_32' title="bbox 515 3012 2099 3088">
    <p class='ocr_par' dir='ltr' id='par_1_32' title="bbox 515 3012 2099 3088">
     <span class='ocr_line' id='line_1_32' title="bbox 515 3012 2099 3088; baseline -0.001 -20"><span class='ocrx_word' id='word_1_242' title='bbox 515 3015 714 3080; x_wconf 87' lang='grc' dir='ltr'>παῖδας</span> <span class='ocrx_word' id='word_1_243' title='bbox 746 3016 855 3088; x_wconf 82' lang='grc' dir='ltr'>γάρ</span> <span class='ocrx_word' id='word_1_244' title='bbox 877 3016 1114 3071; x_wconf 82' lang='grc' dir='ltr'>ἐνταῦθά</span> <span class='ocrx_word' id='word_1_245' title='bbox 1143 3033 1276 3087; x_wconf 87' lang='grc' dir='ltr'>φησι</span> <span class='ocrx_word' id='word_1_246' title='bbox 1302 3018 1430 3079; x_wconf 84' lang='grc' dir='ltr'>τοὺς</span> <span class='ocrx_word' id='word_1_247' title='bbox 1460 3018 1525 3086; x_wconf 81' lang='grc' dir='ltr'>τῇ</span> <span class='ocrx_word' id='word_1_248' title='bbox 1548 3015 1781 3087; x_wconf 78' lang='grc' dir='ltr'>πονηρία</span> <span class='ocrx_word' id='word_1_249' title='bbox 1799 3014 1906 3067; x_wconf 87' lang='grc' dir='ltr'>τῶν</span> <span class='ocrx_word' id='word_1_250' title='bbox 1923 3012 2099 3067; x_wconf 88' lang='grc' dir='ltr'>τοιού-</span> 
     </span>
    </p>
   </div>
   <div class='ocr_carea' id='block_1_33' title="bbox 508 3095 2099 3171">
    <p class='ocr_par' dir='ltr' id='par_1_33' title="bbox 508 3095 2099 3171">
     <span class='ocr_line' id='line_1_33' title="bbox 508 3095 2099 3171; baseline -0.001 -20"><span class='ocrx_word' id='word_1_251' title='bbox 508 3114 620 3152; x_wconf 89' lang='grc' dir='ltr'>των</span> <span class='ocrx_word' id='word_1_252' title='bbox 648 3101 1112 3171; x_wconf 79' lang='grc' dir='ltr'>κεκοινωνηκότας</span> <span class='ocrx_word' id='word_1_253' title='bbox 1131 3109 1172 3153; x_wconf 80' lang='grc'>⁸.</span> <span class='ocrx_word' id='word_1_254' title='bbox 1214 3095 1340 3153; x_wconf 73' lang='grc' dir='ltr'>Οἵδε</span> <span class='ocrx_word' id='word_1_255' title='bbox 1376 3099 1537 3170; x_wconf 87' lang='grc' dir='ltr'>γάρὴ</span> <span class='ocrx_word' id='word_1_256' title='bbox 1559 3098 1751 3169; x_wconf 82' lang='grc' dir='ltr'>Γραφὴ</span> <span class='ocrx_word' id='word_1_257' title='bbox 1786 3096 1980 3161; x_wconf 88' lang='grc' dir='ltr'>παῖδας</span> <span class='ocrx_word' id='word_1_258' title='bbox 2000 3114 2099 3150; x_wconf 87' lang='grc' dir='ltr'>κα-</span> 
     </span>
    </p>
   </div>
   <div class='ocr_carea' id='block_1_34' title="bbox 511 3179 2096 3252">
    <p class='ocr_par' dir='ltr' id='par_1_34' title="bbox 511 3179 2096 3252">
     <span class='ocr_line' id='line_1_34' title="bbox 511 3179 2096 3252; baseline -0.001 -19"><span class='ocrx_word' id='word_1_259' title='bbox 511 3179 625 3234; x_wconf 85' lang='grc' dir='ltr'>λεῖν</span> <span class='ocrx_word' id='word_1_260' title='bbox 674 3183 771 3235; x_wconf 73' lang='grc' dir='ltr'>καὶ</span> <span class='ocrx_word' id='word_1_261' title='bbox 821 3183 950 3247; x_wconf 82' lang='grc' dir='ltr'>τοὺς</span> <span class='ocrx_word' id='word_1_262' title='bbox 999 3183 1140 3236; x_wconf 82' lang='grc' dir='ltr'>κατά</span> <span class='ocrx_word' id='word_1_263' title='bbox 1197 3182 1536 3250; x_wconf 86' lang='grc' dir='ltr'>συγγένειαν,</span> <span class='ocrx_word' id='word_1_264' title='bbox 1578 3182 1825 3244; x_wconf 75' lang='grc' dir='ltr'>καὶτοὺς</span> <span class='ocrx_word' id='word_1_265' title='bbox 1860 3180 2096 3252; x_wconf 75' lang='grc' dir='ltr'>πονηρίᾳ</span> 
     </span>
    </p>
   </div>
   <div class='ocr_carea' id='block_1_35' title="bbox 515 3257 2097 3337">
    <p class='ocr_par' dir='ltr' id='par_1_35' title="bbox 515 3257 2097 3337">
     <span class='ocr_line' id='line_1_35' title="bbox 515 3257 2097 3337; baseline 0.001 -20"><span class='ocrx_word' id='word_1_266' title='bbox 515 3263 899 3336; x_wconf 78' lang='grc' dir='ltr'>συνεξηκότας,</span> <span class='ocrx_word' id='word_1_267' title='bbox 928 3266 1032 3320; x_wconf 76' lang='grc' dir='ltr'>κᾶν</span> <span class='ocrx_word' id='word_1_268' title='bbox 1074 3266 1148 3337; x_wconf 82' lang='grc' dir='ltr'>μὴ</span> <span class='ocrx_word' id='word_1_269' title='bbox 1177 3267 1242 3335; x_wconf 82' lang='grc' dir='ltr'>τῇ</span> <span class='ocrx_word' id='word_1_270' title='bbox 1269 3263 1427 3332; x_wconf 83' lang='grc' dir='ltr'>φύσει</span> <span class='ocrx_word' id='word_1_271' title='bbox 1458 3262 1643 3327; x_wconf 87' lang='grc' dir='ltr'>παῖδες</span> <span class='ocrx_word' id='word_1_272' title='bbox 1671 3257 1825 3328; x_wconf 83' lang='grc' dir='ltr'>ὦσιν,</span> <span class='ocrx_word' id='word_1_273' title='bbox 1864 3263 1940 3326; x_wconf 87' lang='grc' dir='ltr'>ὼς</span> <span class='ocrx_word' id='word_1_274' title='bbox 1967 3264 2097 3318; x_wconf 83' lang='grc' dir='ltr'>ὃταν</span> 
     </span>
    </p>
   </div>
   <div class='ocr_carea' id='block_1_36' title="bbox 512 3342 2094 3419">
    <p class='ocr_par' dir='ltr' id='par_1_36' title="bbox 512 3342 2094 3419">
     <span class='ocr_line' id='line_1_36' title="bbox 512 3342 2094 3419; baseline 0.001 -21"><span class='ocrx_word' id='word_1_275' title='bbox 512 3342 667 3419; x_wconf 82' lang='grc' dir='ltr'>λέγῃ·</span> <span class='ocrx_word' id='word_1_276' title='bbox 709 3347 906 3416; x_wconf 81' lang='grc' dir='ltr'>Ὑμεῖς</span> <span class='ocrx_word' id='word_1_277' title='bbox 954 3350 1071 3402; x_wconf 81' lang='grc' dir='ltr'>υἱοὶ</span> <span class='ocrx_word' id='word_1_278' title='bbox 1099 3347 1205 3401; x_wconf 87' lang='grc' dir='ltr'>τοῦ</span> <span class='ocrx_word' id='word_1_279' title='bbox 1252 3347 1533 3401; x_wconf 76' lang='grc' dir='ltr'>διαϐόλου</span> <span class='ocrx_word' id='word_1_280' title='bbox 1580 3346 1738 3400; x_wconf 84' lang='grc' dir='ltr'>ἐστέ.</span> <span class='ocrx_word' id='word_1_281' title='bbox 1792 3347 1984 3399; x_wconf 83' lang='grc' dir='ltr'>Καίτοι</span> <span class='ocrx_word' id='word_1_282' title='bbox 2029 3364 2094 3415; x_wconf 88' lang='grc' dir='ltr'>γε</span> 
     </span>
    </p>
   </div>
   <div class='ocr_carea' id='block_1_37' title="bbox 512 3425 2093 3500">
    <p class='ocr_par' dir='ltr' id='par_1_37' title="bbox 512 3425 2093 3500">
     <span class='ocr_line' id='line_1_37' title="bbox 512 3425 2093 3500; baseline 0.003 -20"><span class='ocrx_word' id='word_1_283' title='bbox 512 3429 656 3481; x_wconf 69' lang='grc' dir='ltr'>κατὰ</span> <span class='ocrx_word' id='word_1_284' title='bbox 704 3428 864 3499; x_wconf 86' lang='grc' dir='ltr'>φύσιν</span> <span class='ocrx_word' id='word_1_285' title='bbox 887 3431 992 3482; x_wconf 85' lang='grc' dir='ltr'>υἱοὶ</span> <span class='ocrx_word' id='word_1_286' title='bbox 1021 3430 1113 3483; x_wconf 89' lang='grc' dir='ltr'>τοῦ</span> <span class='ocrx_word' id='word_1_287' title='bbox 1146 3430 1392 3485; x_wconf 82' lang='grc' dir='ltr'>διαϐόλου</span> <span class='ocrx_word' id='word_1_288' title='bbox 1444 3433 1493 3484; x_wconf 86' lang='grc' dir='ltr'>οἱ</span> <span class='ocrx_word' id='word_1_289' title='bbox 1534 3430 1777 3484; x_wconf 81' lang='grc' dir='ltr'>Ἰουδαῖοι</span> <span class='ocrx_word' id='word_1_290' title='bbox 1803 3430 1902 3482; x_wconf 76' lang='grc' dir='ltr'>οὐκ</span> <span class='ocrx_word' id='word_1_291' title='bbox 1930 3425 2093 3500; x_wconf 80' lang='grc' dir='ltr'>ἦσαν.</span> 
     </span>
    </p>
   </div>
   <div class='ocr_carea' id='block_1_38' title="bbox 513 3511 2095 3587">
    <p class='ocr_par' dir='ltr' id='par_1_38' title="bbox 513 3511 2095 3587">
     <span class='ocr_line' id='line_1_38' title="bbox 513 3511 2095 3587; baseline 0.003 -24"><span class='ocrx_word' id='word_1_292' title='bbox 513 3511 638 3575; x_wconf 86' lang='grc' dir='ltr'>Πῶς</span> <span class='ocrx_word' id='word_1_293' title='bbox 664 3512 773 3584; x_wconf 80' lang='grc' dir='ltr'>γὰρ</span> <span class='ocrx_word' id='word_1_294' title='bbox 798 3513 892 3566; x_wconf 87' lang='grc' dir='ltr'>τοῦ</span> <span class='ocrx_word' id='word_1_295' title='bbox 923 3514 1217 3584; x_wconf 83' lang='grc' dir='ltr'>ἀσωμάτου</span> <span class='ocrx_word' id='word_1_296' title='bbox 1238 3517 1287 3567; x_wconf 91' lang='grc' dir='ltr'>οἱ</span> <span class='ocrx_word' id='word_1_297' title='bbox 1308 3516 1486 3587; x_wconf 80' lang='grc' dir='ltr'>σάρκα</span> <span class='ocrx_word' id='word_1_298' title='bbox 1512 3514 1915 3586; x_wconf 87' lang='grc' dir='ltr'>περικείμενοι;</span> <span class='ocrx_word' id='word_1_299' title='bbox 1935 3513 2095 3567; x_wconf 85' lang='grc' dir='ltr'>Ἀλλά</span> 
     </span>
    </p>
   </div>
   <div class='ocr_carea' id='block_1_39' title="bbox 511 3597 2095 3670">
    <p class='ocr_par' dir='ltr' id='par_1_39' title="bbox 511 3597 2095 3670">
     <span class='ocr_line' id='line_1_39' title="bbox 511 3597 2095 3670; baseline 0 -21"><span class='ocrx_word' id='word_1_300' title='bbox 511 3598 578 3667; x_wconf 78' lang='grc' dir='ltr'>τῇ</span> <span class='ocrx_word' id='word_1_301' title='bbox 607 3597 863 3668; x_wconf 74' lang='grc' dir='ltr'>κοινωνίᾳ</span> <span class='ocrx_word' id='word_1_302' title='bbox 903 3597 1002 3668; x_wconf 84' lang='grc' dir='ltr'>τῆς</span> <span class='ocrx_word' id='word_1_303' title='bbox 1051 3598 1318 3670; x_wconf 83' lang='grc' dir='ltr'>πονηρίας</span> <span class='ocrx_word' id='word_1_304' title='bbox 1367 3598 1465 3670; x_wconf 79' lang='grc' dir='ltr'>τὴν</span> <span class='ocrx_word' id='word_1_305' title='bbox 1491 3599 1809 3667; x_wconf 85' lang='grc' dir='ltr'>συγγένειαν</span> <span class='ocrx_word' id='word_1_306' title='bbox 1854 3597 2095 3650; x_wconf 84' lang='grc' dir='ltr'>ἐπεσπά-</span> 
     </span>
    </p>
   </div>
   <div class='ocr_carea' id='block_1_40' title="bbox 513 3678 2095 3753">
    <p class='ocr_par' dir='ltr' id='par_1_40' title="bbox 513 3678 2095 3753">
     <span class='ocr_line' id='line_1_40' title="bbox 513 3678 2095 3753; baseline -0.001 -20"><span class='ocrx_word' id='word_1_307' title='bbox 513 3695 696 3734; x_wconf 86' lang='grc' dir='ltr'>σαντο.</span> <span class='ocrx_word' id='word_1_308' title='bbox 729 3680 917 3744; x_wconf 73' lang='grc' dir='ltr'>Οὕτως</span> <span class='ocrx_word' id='word_1_309' title='bbox 949 3681 1146 3747; x_wconf 73' lang='grc' dir='ltr'>αὐτοὺς</span> <span class='ocrx_word' id='word_1_310' title='bbox 1179 3683 1273 3736; x_wconf 71' lang='grc' dir='ltr'>καὶ</span> <span class='ocrx_word' id='word_1_311' title='bbox 1299 3681 1395 3735; x_wconf 89' lang='grc' dir='ltr'>τοῦ</span> <span class='ocrx_word' id='word_1_312' title='bbox 1437 3681 1687 3753; x_wconf 79' lang='grc' dir='ltr'>Ἀϐραὰμ</span> <span class='ocrx_word' id='word_1_313' title='bbox 1712 3679 1984 3745; x_wconf 79' lang='grc' dir='ltr'>ἐκϐάλλει,</span> <span class='ocrx_word' id='word_1_314' title='bbox 2008 3678 2095 3732; x_wconf 84' lang='grc' dir='ltr'>λέ-</span> 
     </span>
    </p>
   </div>
   <div class='ocr_carea' id='block_1_41' title="bbox 509 3762 2094 3836">
    <p class='ocr_par' dir='ltr' id='par_1_41' title="bbox 509 3762 2094 3836">
     <span class='ocr_line' id='line_1_41' title="bbox 509 3762 2094 3836; baseline 0 -19"><span class='ocrx_word' id='word_1_315' title='bbox 509 3777 643 3832; x_wconf 87' lang='grc' dir='ltr'>γων·</span> <span class='ocrx_word' id='word_1_316' title='bbox 669 3764 743 3818; x_wconf 78' lang='lat' dir='ltr'><strong><em>El</em></strong></span> <span class='ocrx_word' id='word_1_317' title='bbox 790 3764 897 3818; x_wconf 88' lang='grc' dir='ltr'>τοῦ</span> <span class='ocrx_word' id='word_1_318' title='bbox 958 3766 1210 3836; x_wconf 76' lang='grc' dir='ltr'>Ἀϐραὰμ</span> <span class='ocrx_word' id='word_1_319' title='bbox 1236 3762 1361 3836; x_wconf 78' lang='grc' dir='ltr'>ἦτε,</span> <span class='ocrx_word' id='word_1_320' title='bbox 1419 3766 1493 3819; x_wconf 87' lang='grc' dir='ltr'>τὰ</span> <span class='ocrx_word' id='word_1_321' title='bbox 1518 3765 1661 3835; x_wconf 76' lang='grc' dir='ltr'>ἔργα</span> <span class='ocrx_word' id='word_1_322' title='bbox 1687 3765 1794 3819; x_wconf 88' lang='grc' dir='ltr'>τοῦ</span> <span class='ocrx_word' id='word_1_323' title='bbox 1839 3763 2094 3834; x_wconf 80' lang='grc' dir='ltr'>Ἀϐραὰμ</span> 
     </span>
    </p>
   </div>
   <div class='ocr_carea' id='block_1_42' title="bbox 509 3843 2091 3920">
    <p class='ocr_par' dir='ltr' id='par_1_42' title="bbox 509 3843 2091 3920">
     <span class='ocr_line' id='line_1_42' title="bbox 509 3843 2091 3920; baseline -0.001 -17"><span class='ocrx_word' id='word_1_324' title='bbox 509 3843 592 3903; x_wconf 76' lang='grc' dir='ltr'>ἂν</span> <span class='ocrx_word' id='word_1_325' title='bbox 619 3846 891 3901; x_wconf 81' lang='grc' dir='ltr'>ἐποιεῖτε.</span> <span class='ocrx_word' id='word_1_326' title='bbox 923 3847 1042 3902; x_wconf 81' lang='grc' dir='ltr'>Ὅτι</span> <span class='ocrx_word' id='word_1_327' title='bbox 1076 3848 1185 3920; x_wconf 84' lang='grc' dir='ltr'>γὰρ</span> <span class='ocrx_word' id='word_1_328' title='bbox 1219 3850 1331 3912; x_wconf 87' lang='grc' dir='ltr'>υἱὸς</span> <span class='ocrx_word' id='word_1_329' title='bbox 1355 3850 1418 3901; x_wconf 86' lang='grc' dir='ltr'>ού</span> <span class='ocrx_word' id='word_1_330' title='bbox 1443 3847 1728 3914; x_wconf 81' lang='grc' dir='ltr'>κολάζεται</span> <span class='ocrx_word' id='word_1_331' title='bbox 1760 3848 1847 3903; x_wconf 83' lang='grc' dir='ltr'>διὰ</span> <span class='ocrx_word' id='word_1_332' title='bbox 1869 3848 1961 3902; x_wconf 85' lang='grc' dir='ltr'>τὸν</span> <span class='ocrx_word' id='word_1_333' title='bbox 1989 3865 2091 3901; x_wconf 83' lang='grc' dir='ltr'>πα-</span> 
     </span>
    </p>
   </div>
   <div class='ocr_carea' id='block_1_43' title="bbox 510 3928 2090 4004">
    <p class='ocr_par' dir='ltr' id='par_1_43' title="bbox 510 3928 2090 4004">
     <span class='ocr_line' id='line_1_43' title="bbox 510 3928 2090 4004; baseline 0.003 -22"><span class='ocrx_word' id='word_1_334' title='bbox 510 3929 666 4000; x_wconf 82' lang='grc' dir='ltr'>τέρα,</span> <span class='ocrx_word' id='word_1_335' title='bbox 699 3928 824 3984; x_wconf 81' lang='grc' dir='ltr'>οῠτε</span> <span class='ocrx_word' id='word_1_336' title='bbox 854 3930 1036 4003; x_wconf 79' lang='grc' dir='ltr'>πατὴρ</span> <span class='ocrx_word' id='word_1_337' title='bbox 1092 3933 1232 4004; x_wconf 80' lang='grc' dir='ltr'>ὑπὲρ</span> <span class='ocrx_word' id='word_1_338' title='bbox 1283 3932 1379 3985; x_wconf 84' lang='grc' dir='ltr'>τοῦ</span> <span class='ocrx_word' id='word_1_339' title='bbox 1410 3930 1553 3993; x_wconf 89' lang='grc' dir='ltr'>υἱοῦ,</span> <span class='ocrx_word' id='word_1_340' title='bbox 1580 3932 1742 3986; x_wconf 86' lang='grc' dir='ltr'>παντί</span> <span class='ocrx_word' id='word_1_341' title='bbox 1766 3949 1870 3986; x_wconf 91' lang='grc' dir='ltr'>που</span> <span class='ocrx_word' id='word_1_342' title='bbox 1910 3932 2090 4003; x_wconf 85' lang='grc' dir='ltr'>δῆλον.</span> 
     </span>
    </p>
   </div>
   <div class='ocr_carea' id='block_1_44' title="bbox 509 4010 2092 4087">
    <p class='ocr_par' dir='ltr' id='par_1_44' title="bbox 509 4010 2092 4087">
     <span class='ocr_line' id='line_1_44' title="bbox 509 4010 2092 4087; baseline 0.003 -22"><span class='ocrx_word' id='word_1_343' title='bbox 509 4013 626 4066; x_wconf 82' lang='lat' dir='ltr'>Kal</span> <span class='ocrx_word' id='word_1_344' title='bbox 656 4014 716 4065; x_wconf 91' lang='grc' dir='ltr'>ἐν</span> <span class='ocrx_word' id='word_1_345' title='bbox 745 4012 826 4084; x_wconf 81' lang='grc' dir='ltr'>τῷ</span> <span class='ocrx_word' id='word_1_346' title='bbox 850 4014 1000 4085; x_wconf 84' lang='grc' dir='ltr'>νόμῳ</span> <span class='ocrx_word' id='word_1_347' title='bbox 1032 4013 1190 4068; x_wconf 90' lang='grc' dir='ltr'>τοῦτο</span> <span class='ocrx_word' id='word_1_348' title='bbox 1221 4014 1498 4070; x_wconf 86' lang='grc' dir='ltr'>δείκνυται</span> <span class='ocrx_word' id='word_1_349' title='bbox 1525 4010 1836 4087; x_wconf 87' lang='grc' dir='ltr'>είρημένον,</span> <span class='ocrx_word' id='word_1_350' title='bbox 1872 4016 2013 4086; x_wconf 86' lang='grc' dir='ltr'>πλὴν</span> <span class='ocrx_word' id='word_1_351' title='bbox 2041 4017 2092 4070; x_wconf 84' lang='grc' dir='ltr'>εἱ</span> 
     </span>
    </p>
   </div>
   <div class='ocr_carea' id='block_1_45' title="bbox 515 4094 2089 4175">
    <p class='ocr_par' dir='ltr' id='par_1_45' title="bbox 515 4094 2089 4175">
     <span class='ocr_line' id='line_1_45' title="bbox 515 4094 2089 4175; baseline 0.003 -27"><span class='ocrx_word' id='word_1_352' title='bbox 515 4094 593 4167; x_wconf 80' lang='grc' dir='ltr'>μὴ</span> <span class='ocrx_word' id='word_1_353' title='bbox 624 4095 810 4159; x_wconf 79' lang='grc' dir='ltr'>κακῶς</span> <span class='ocrx_word' id='word_1_354' title='bbox 829 4096 991 4150; x_wconf 78' lang='grc' dir='ltr'>αὐτὸν</span> <span class='ocrx_word' id='word_1_355' title='bbox 1011 4097 1406 4165; x_wconf 79' lang='grc' dir='ltr'>ἀναγάγοι’καὶ</span> <span class='ocrx_word' id='word_1_356' title='bbox 1432 4098 1571 4175; x_wconf 54' lang='grc' dir='ltr'>τότε.</span> <span class='ocrx_word' id='word_1_357' title='bbox 1581 4099 1637 4152; x_wconf 82' lang='grc' dir='ltr'>δὲ</span> <span class='ocrx_word' id='word_1_358' title='bbox 1664 4100 1762 4170; x_wconf 76' lang='grc' dir='ltr'>οὐχ</span> <span class='ocrx_word' id='word_1_359' title='bbox 1791 4100 1931 4169; x_wconf 81' lang='grc' dir='ltr'>ὑπὲρ</span> <span class='ocrx_word' id='word_1_360' title='bbox 1949 4097 2089 4167; x_wconf 77' lang='grc' dir='ltr'>υἱοῦ,</span> 
     </span>
    </p>
   </div>
   <div class='ocr_carea' id='block_1_46' title="bbox 512 4178 1949 4254">
    <p class='ocr_par' dir='ltr' id='par_1_46' title="bbox 512 4178 1949 4254">
     <span class='ocr_line' id='line_1_46' title="bbox 512 4178 1949 4254; baseline 0.004 -22"><span class='ocrx_word' id='word_1_361' title='bbox 512 4178 627 4232; x_wconf 79' lang='grc' dir='ltr'>ἀλλ’</span> <span class='ocrx_word' id='word_1_362' title='bbox 659 4179 798 4250; x_wconf 84' lang='grc' dir='ltr'>ὑπὲρ</span> <span class='ocrx_word' id='word_1_363' title='bbox 824 4180 920 4250; x_wconf 77' lang='grc' dir='ltr'>τῆς</span> <span class='ocrx_word' id='word_1_364' title='bbox 944 4179 1149 4245; x_wconf 85' lang='grc' dir='ltr'>οἰκείας</span> <span class='ocrx_word' id='word_1_365' title='bbox 1174 4181 1468 4252; x_wconf 65' lang='grc' dir='ltr'>ῥᾳθυμίας,</span> <span class='ocrx_word' id='word_1_366' title='bbox 1502 4181 1690 4254; x_wconf 81' lang='grc' dir='ltr'>ὥσπερ</span> <span class='ocrx_word' id='word_1_367' title='bbox 1718 4186 1747 4237; x_wconf 85' lang='grc' dir='ltr'>ὁ</span> <span class='ocrx_word' id='word_1_368' title='bbox 1782 4183 1949 4239; x_wconf 84' lang='grc' dir='ltr'>Ἠλεί.</span> 
     </span>
    </p>
   </div>
   <div class='ocr_carea' id='block_1_47' title="bbox 581 4326 2092 4401">
    <p class='ocr_par' dir='ltr' id='par_1_47' title="bbox 581 4326 2092 4401">
     <span class='ocr_line' id='line_1_47' title="bbox 581 4326 2092 4401; baseline 0.003 -20"><span class='ocrx_word' id='word_1_369' title='bbox 581 4328 628 4397; x_wconf 89' lang='grc' dir='ltr'>γ’</span> <span class='ocrx_word' id='word_1_370' title='bbox 638 4368 652 4382; x_wconf 91' lang='grc'>.</span> <span class='ocrx_word' id='word_1_371' title='bbox 673 4326 822 4400; x_wconf 64' lang='grc'>[⁸246]</span> <span class='ocrx_word' id='word_1_372' title='bbox 846 4329 908 4382; x_wconf 78' lang='lat' dir='ltr'><strong><em>El</em></strong></span> <span class='ocrx_word' id='word_1_373' title='bbox 929 4328 985 4383; x_wconf 84' lang='grc' dir='ltr'>δὲ</span> <span class='ocrx_word' id='word_1_374' title='bbox 1002 4328 1169 4394; x_wconf 85' lang='grc' dir='ltr'>δοκεῖ,</span> <span class='ocrx_word' id='word_1_375' title='bbox 1187 4330 1275 4383; x_wconf 56' lang='grc' dir='ltr'>καὶ</span> <span class='ocrx_word' id='word_1_376' title='bbox 1293 4329 1384 4384; x_wconf 81' lang='grc' dir='ltr'>τὸν</span> <span class='ocrx_word' id='word_1_377' title='bbox 1401 4328 1613 4401; x_wconf 76' lang='grc' dir='ltr'>ψαλμὸν</span> <span class='ocrx_word' id='word_1_378' title='bbox 1633 4330 1839 4385; x_wconf 81' lang='grc' dir='ltr'>ἀνωθεν</span> <span class='ocrx_word' id='word_1_379' title='bbox 1854 4331 2092 4386; x_wconf 78' lang='grc' dir='ltr'>ἐπέλθωο</span> 
     </span>
    </p>
   </div>
   <div class='ocr_carea' id='block_1_48' title="bbox 513 4412 2089 4486">
    <p class='ocr_par' dir='ltr' id='par_1_48' title="bbox 513 4412 2089 4486">
     <span class='ocr_line' id='line_1_48' title="bbox 513 4412 2089 4486; baseline 0.003 -21"><span class='ocrx_word' id='word_1_380' title='bbox 513 4429 634 4485; x_wconf 87' lang='grc' dir='ltr'>μεν.</span> <span class='ocrx_word' id='word_1_381' title='bbox 654 4412 715 4466; x_wconf 85' lang='lat'><strong>&#39;0</strong></span> <span class='ocrx_word' id='word_1_382' title='bbox 754 4412 919 4479; x_wconf 84' lang='grc' dir='ltr'>Θεὸς,</span> <span class='ocrx_word' id='word_1_383' title='bbox 936 4413 1052 4482; x_wconf 81' lang='grc' dir='ltr'>τὴν</span> <span class='ocrx_word' id='word_1_384' title='bbox 1077 4414 1318 4468; x_wconf 84' lang='grc' dir='ltr'>αῖνεσίν</span> <span class='ocrx_word' id='word_1_385' title='bbox 1340 4431 1458 4484; x_wconf 86' lang='grc' dir='ltr'>μου</span> <span class='ocrx_word' id='word_1_386' title='bbox 1474 4414 1558 4485; x_wconf 77' lang='grc' dir='ltr'>μὴ</span> <span class='ocrx_word' id='word_1_387' title='bbox 1589 4415 2089 4486; x_wconf 79' lang='grc' dir='ltr'>παρασιωπήσης.</span> 
     </span>
    </p>
   </div>
   <div class='ocr_carea' id='block_1_49' title="bbox 512 4496 2090 4570">
    <p class='ocr_par' dir='ltr' id='par_1_49' title="bbox 512 4496 2090 4570">
     <span class='ocr_line' id='line_1_49' title="bbox 512 4496 2090 4570; baseline 0.004 -23"><span class='ocrx_word' id='word_1_388' title='bbox 512 4497 740 4568; x_wconf 74' lang='grc' dir='ltr'>Ἕτερος</span> <span class='ocrx_word' id='word_1_389' title='bbox 775 4496 833 4550; x_wconf 83' lang='grc' dir='ltr'>δὲ</span> <span class='ocrx_word' id='word_1_390' title='bbox 880 4498 1224 4570; x_wconf 80' lang='grc' dir='ltr'>ἑρμηνευτής</span> <span class='ocrx_word' id='word_1_391' title='bbox 1253 4511 1405 4568; x_wconf 86' lang='grc' dir='ltr'>φησι·</span> <span class='ocrx_word' id='word_1_392' title='bbox 1443 4497 1569 4562; x_wconf 83' lang='grc' dir='ltr'>Θεὲ,</span> <span class='ocrx_word' id='word_1_393' title='bbox 1619 4498 1938 4568; x_wconf 81' lang='grc' dir='ltr'>ὐμνήσεώς</span> <span class='ocrx_word' id='word_1_394' title='bbox 1967 4517 2090 4570; x_wconf 86' lang='grc' dir='ltr'>μου</span> 
     </span>
    </p>
   </div>
   <div class='ocr_carea' id='block_1_50' title="bbox 505 4579 2089 4657">
    <p class='ocr_par' dir='ltr' id='par_1_50' title="bbox 505 4579 2089 4657">
     <span class='ocr_line' id='line_1_50' title="bbox 505 4579 2089 4657; baseline 0.001 -22"><span class='ocrx_word' id='word_1_395' title='bbox 505 4579 592 4650; x_wconf 81' lang='grc' dir='ltr'>μὴ</span> <span class='ocrx_word' id='word_1_396' title='bbox 626 4583 965 4651; x_wconf 71' lang='grc' dir='ltr'>κωφεύσῃς.</span> <span class='ocrx_word' id='word_1_397' title='bbox 1009 4581 1219 4646; x_wconf 79' lang='grc' dir='ltr'>ΙἈλλος,</span> <span class='ocrx_word' id='word_1_398' title='bbox 1267 4581 1364 4651; x_wconf 82' lang='grc' dir='ltr'>Μὴ</span> <span class='ocrx_word' id='word_1_399' title='bbox 1385 4582 1672 4653; x_wconf 78' lang='grc' dir='ltr'>σιτήσῃς·</span> <span class='ocrx_word' id='word_1_400' title='bbox 1710 4584 1979 4649; x_wconf 86' lang='grc' dir='ltr'>τουτέστι,</span> <span class='ocrx_word' id='word_1_401' title='bbox 2014 4585 2089 4657; x_wconf 84' lang='grc' dir='ltr'>μὴ</span> 
     </span>
    </p>
   </div>
   <div class='ocr_carea' id='block_1_51' title="bbox 510 4664 2090 4739">
    <p class='ocr_par' dir='ltr' id='par_1_51' title="bbox 510 4664 2090 4739">
     <span class='ocr_line' id='line_1_51' title="bbox 510 4664 2090 4739; baseline 0.002 -20"><span class='ocrx_word' id='word_1_402' title='bbox 510 4664 879 4736; x_wconf 83' lang='grc' dir='ltr'>παραδράμῃς</span> <span class='ocrx_word' id='word_1_403' title='bbox 901 4664 998 4736; x_wconf 80' lang='grc' dir='ltr'>τὴν</span> <span class='ocrx_word' id='word_1_404' title='bbox 1019 4667 1311 4739; x_wconf 90' lang='grc' dir='ltr'>τιμωρίαν,</span> <span class='ocrx_word' id='word_1_405' title='bbox 1351 4666 1466 4721; x_wconf 90' lang='grc' dir='ltr'>ἀλλ’</span> <span class='ocrx_word' id='word_1_406' title='bbox 1491 4666 1749 4738; x_wconf 76' lang='grc' dir='ltr'>ὲπέξελθε</span> <span class='ocrx_word' id='word_1_407' title='bbox 1790 4671 1903 4733; x_wconf 87' lang='grc' dir='ltr'>τοῖς</span> <span class='ocrx_word' id='word_1_408' title='bbox 1930 4685 2090 4738; x_wconf 85' lang='grc' dir='ltr'>γεγε-</span> 
     </span>
    </p>
   </div>
   <div class='ocr_carea' id='block_1_52' title="bbox 507 4745 2089 4823">
    <p class='ocr_par' dir='ltr' id='par_1_52' title="bbox 507 4745 2089 4823">
     <span class='ocr_line' id='line_1_52' title="bbox 507 4745 2089 4823; baseline 0.004 -24"><span class='ocrx_word' id='word_1_409' title='bbox 507 4747 783 4818; x_wconf 81' lang='grc' dir='ltr'>νημένοις.</span> <span class='ocrx_word' id='word_1_410' title='bbox 807 4750 880 4802; x_wconf 85' lang='grc' dir='ltr'><strong>Σὺ</strong></span> <span class='ocrx_word' id='word_1_411' title='bbox 909 4750 1020 4819; x_wconf 85' lang='grc' dir='ltr'>γὰρ</span> <span class='ocrx_word' id='word_1_412' title='bbox 1041 4745 1091 4802; x_wconf 77' lang='grc' dir='ltr'>εἰ</span> <span class='ocrx_word' id='word_1_413' title='bbox 1130 4752 1160 4803; x_wconf 85' lang='grc' dir='ltr'>ὁ</span> <span class='ocrx_word' id='word_1_414' title='bbox 1181 4749 1408 4816; x_wconf 72' lang='grc' dir='ltr'>ἔνδοξος,</span> <span class='ocrx_word' id='word_1_415' title='bbox 1444 4753 1475 4805; x_wconf 86' lang='grc' dir='ltr'><strong>ὀ</strong></span> <span class='ocrx_word' id='word_1_416' title='bbox 1504 4752 1695 4823; x_wconf 87' lang='grc' dir='ltr'>μέγας,</span> <span class='ocrx_word' id='word_1_417' title='bbox 1731 4753 1827 4806; x_wconf 73' lang='grc' dir='ltr'>καὶ</span> <span class='ocrx_word' id='word_1_418' title='bbox 1864 4753 2089 4817; x_wconf 83' lang='grc' dir='ltr'>δυνατὸς</span> 
     </span>
    </p>
   </div>
   <div class='ocr_carea' id='block_1_53' title="bbox 505 4828 2086 4904">
    <p class='ocr_par' dir='ltr' id='par_1_53' title="bbox 505 4828 2086 4904">
     <span class='ocr_line' id='line_1_53' title="bbox 505 4828 2086 4904; baseline 0.004 -20"><span class='ocrx_word' id='word_1_419' title='bbox 505 4828 824 4884; x_wconf 79' lang='grc' dir='ltr'>τὰτοιαῦτα</span> <span class='ocrx_word' id='word_1_420' title='bbox 847 4829 1112 4903; x_wconf 86' lang='grc' dir='ltr'>διορθοῦν.</span> <span class='ocrx_word' id='word_1_421' title='bbox 1158 4833 1287 4887; x_wconf 86' lang='grc' dir='ltr'>Ὅτι</span> <span class='ocrx_word' id='word_1_422' title='bbox 1329 4835 1526 4904; x_wconf 80' lang='grc' dir='ltr'>στόμα</span> <span class='ocrx_word' id='word_1_423' title='bbox 1561 4834 1931 4904; x_wconf 78' lang='grc' dir='ltr'>ἀμαρτωλοῦ,</span> <span class='ocrx_word' id='word_1_424' title='bbox 1986 4836 2086 4890; x_wconf 75' lang='grc' dir='ltr'>καὶ</span> 
     </span>
    </p>
   </div>
   <div class='ocr_carea' id='block_1_54' title="bbox 503 4912 2086 4989">
    <p class='ocr_par' dir='ltr' id='par_1_54' title="bbox 503 4912 2086 4989">
     <span class='ocr_line' id='line_1_54' title="bbox 503 4912 2086 4989; baseline 0.004 -21"><span class='ocrx_word' id='word_1_425' title='bbox 503 4913 702 4983; x_wconf 83' lang='grc' dir='ltr'>στόμα</span> <span class='ocrx_word' id='word_1_426' title='bbox 735 4912 945 4969; x_wconf 79' lang='grc' dir='ltr'>δολίου</span> <span class='ocrx_word' id='word_1_427' title='bbox 992 4915 1085 4969; x_wconf 83' lang='grc' dir='ltr'>ἐπ’</span> <span class='ocrx_word' id='word_1_428' title='bbox 1116 4915 1224 4986; x_wconf 79' lang='grc' dir='ltr'>ἐμὲ</span> <span class='ocrx_word' id='word_1_429' title='bbox 1258 4918 1534 4987; x_wconf 74' lang='grc' dir='ltr'>ἠνοίχθη.</span> <span class='ocrx_word' id='word_1_430' title='bbox 1569 4916 1919 4989; x_wconf 82' lang='grc' dir='ltr'>Ἐλάλησαν</span> <span class='ocrx_word' id='word_1_431' title='bbox 1958 4920 2086 4975; x_wconf 85' lang='grc' dir='ltr'>κατ’</span> 
     </span>
    </p>
   </div>
   <div class='ocr_carea' id='block_1_55' title="bbox 500 4995 2087 5071">
    <p class='ocr_par' dir='ltr' id='par_1_55' title="bbox 500 4995 2087 5071">
     <span class='ocr_line' id='line_1_55' title="bbox 500 4995 2087 5071; baseline 0.005 -22"><span class='ocrx_word' id='word_1_432' title='bbox 500 4995 651 5065; x_wconf 76' lang='grc' dir='ltr'>ἐμοῦ</span> <span class='ocrx_word' id='word_1_433' title='bbox 701 4996 955 5068; x_wconf 79' lang='grc' dir='ltr'>γλώσσῃ</span> <span class='ocrx_word' id='word_1_434' title='bbox 1026 4998 1203 5069; x_wconf 72' lang='grc' dir='ltr'>δολία</span> <span class='ocrx_word' id='word_1_435' title='bbox 1249 5000 1348 5055; x_wconf 75' lang='grc' dir='ltr'>καί</span> <span class='ocrx_word' id='word_1_436' title='bbox 1406 5002 1612 5071; x_wconf 75' lang='grc' dir='ltr'>λόγοις</span> <span class='ocrx_word' id='word_1_437' title='bbox 1669 5002 1893 5070; x_wconf 84' lang='grc' dir='ltr'>μίσους</span> <span class='ocrx_word' id='word_1_438' title='bbox 1944 5003 2087 5057; x_wconf 84' lang='grc' dir='ltr'>ἐκύ-</span> 
     </span>
    </p>
   </div>
   <div class='ocr_carea' id='block_1_56' title="bbox 501 5079 2086 5154">
    <p class='ocr_par' dir='ltr' id='par_1_56' title="bbox 501 5079 2086 5154">
     <span class='ocr_line' id='line_1_56' title="bbox 501 5079 2086 5154; baseline 0.003 -19"><span class='ocrx_word' id='word_1_439' title='bbox 501 5079 754 5135; x_wconf 72' lang='grc' dir='ltr'>κλωσαν</span> <span class='ocrx_word' id='word_1_440' title='bbox 801 5097 900 5150; x_wconf 75' lang='grc' dir='ltr'>με,</span> <span class='ocrx_word' id='word_1_441' title='bbox 944 5082 1042 5147; x_wconf 73' lang='grc' dir='ltr'>καί</span> <span class='ocrx_word' id='word_1_442' title='bbox 1069 5082 1461 5152; x_wconf 76' lang='grc' dir='ltr'>ἐπολέμησαν</span> <span class='ocrx_word' id='word_1_443' title='bbox 1502 5101 1581 5154; x_wconf 83' lang='grc' dir='ltr'>με</span> <span class='ocrx_word' id='word_1_444' title='bbox 1635 5084 1881 5153; x_wconf 82' lang='grc' dir='ltr'>δωρεάν.</span> <span class='ocrx_word' id='word_1_445' title='bbox 1933 5086 2086 5141; x_wconf 73' lang='grc' dir='ltr'>Ἀντί</span> 
     </span>
    </p>
   </div>
   <div class='ocr_carea' id='block_1_57' title="bbox 500 5162 2083 5239">
    <p class='ocr_par' dir='ltr' id='par_1_57' title="bbox 500 5162 2083 5239">
     <span class='ocr_line' id='line_1_57' title="bbox 500 5162 2083 5239; baseline 0.004 -23"><span class='ocrx_word' id='word_1_446' title='bbox 500 5162 608 5216; x_wconf 84' lang='grc' dir='ltr'>τοῦ</span> <span class='ocrx_word' id='word_1_447' title='bbox 641 5162 885 5234; x_wconf 77' lang='grc' dir='ltr'>ἀγαπᾷν</span> <span class='ocrx_word' id='word_1_448' title='bbox 931 5181 1030 5235; x_wconf 88' lang='grc' dir='ltr'>με,</span> <span class='ocrx_word' id='word_1_449' title='bbox 1068 5165 1461 5220; x_wconf 77' lang='grc' dir='ltr'>ένδιέϐαλλόν</span> <span class='ocrx_word' id='word_1_450' title='bbox 1503 5183 1601 5239; x_wconf 85' lang='grc' dir='ltr'>με·</span> <span class='ocrx_word' id='word_1_451' title='bbox 1629 5168 1747 5238; x_wconf 77' lang='grc' dir='ltr'>ἐγὼ</span> <span class='ocrx_word' id='word_1_452' title='bbox 1775 5168 1846 5223; x_wconf 81' lang='grc' dir='ltr'>δὲ</span> <span class='ocrx_word' id='word_1_453' title='bbox 1893 5185 2083 5238; x_wconf 76' lang='grc' dir='ltr'>προσ-</span> 
     </span>
    </p>
   </div>
   <div class='ocr_carea' id='block_1_58' title="bbox 500 5246 798 5316">
    <p class='ocr_par' dir='ltr' id='par_1_58' title="bbox 500 5246 798 5316">
     <span class='ocr_line' id='line_1_58' title="bbox 500 5246 798 5316; baseline 0.013 -4"><span class='ocrx_word' id='word_1_454' title='bbox 500 5246 798 5316; x_wconf 75' lang='grc' dir='ltr'>ηυχόμην-</span> 
     </span>
    </p>
   </div>
   <div class='ocr_carea' id='block_1_59' title="bbox 578 5383 2081 5461">
    <p class='ocr_par' dir='ltr' id='par_1_59' title="bbox 578 5383 2081 5461">
     <span class='ocr_line' id='line_1_59' title="bbox 578 5383 2081 5461; baseline 0.009 -25"><span class='ocrx_word' id='word_1_455' title='bbox 578 5383 730 5449; x_wconf 80' lang='grc' dir='ltr'>Εἶδες</span> <span class='ocrx_word' id='word_1_456' title='bbox 756 5389 1021 5461; x_wconf 86' lang='grc' dir='ltr'>πονηρίαν</span> <span class='ocrx_word' id='word_1_457' title='bbox 1053 5388 1450 5461; x_wconf 81' lang='grc' dir='ltr'>ἐκτεταμένην;</span> <span class='ocrx_word' id='word_1_458' title='bbox 1476 5386 1613 5456; x_wconf 76' lang='grc' dir='ltr'>εἶδες</span> <span class='ocrx_word' id='word_1_459' title='bbox 1654 5393 1936 5449; x_wconf 84' lang='grc' dir='ltr'>κοινωνίαν</span> <span class='ocrx_word' id='word_1_460' title='bbox 1958 5396 2081 5449; x_wconf 85' lang='grc' dir='ltr'>ἐπι-</span> 
     </span>
    </p>
   </div>
   <div class='ocr_carea' id='block_1_60' title="bbox 573 5650 1696 5724">
    <p class='ocr_par' dir='ltr' id='par_1_60' title="bbox 573 5650 1696 5724">
     <span class='ocr_line' id='line_1_60' title="bbox 573 5650 1696 5724; baseline 0.012 -24"><span class='ocrx_word' id='word_1_461' title='bbox 573 5653 601 5681; x_wconf 80' lang='grc'><strong>⁸</strong></span> <span class='ocrx_word' id='word_1_462' title='bbox 621 5650 768 5707; x_wconf 65' lang='lat' dir='ltr'>Sani.</span> <span class='ocrx_word' id='word_1_463' title='bbox 788 5658 899 5717; x_wconf 77' lang='grc' dir='ltr'>τοὺς</span> <span class='ocrx_word' id='word_1_464' title='bbox 915 5657 1143 5722; x_wconf 82' lang='grc' dir='ltr'>πονηρίας</span> <span class='ocrx_word' id='word_1_465' title='bbox 1162 5664 1260 5709; x_wconf 73' lang='grc' dir='ltr'>τισὶ</span> <span class='ocrx_word' id='word_1_466' title='bbox 1277 5672 1696 5724; x_wconf 73' lang='grc' dir='ltr'>κεκοινωνηκότας.</span> 
     </span>
    </p>
   </div>
   <div class='ocr_carea' id='block_1_61' title="bbox 1275 254 3134 328">
    <p class='ocr_par' dir='ltr' id='par_1_61' title="bbox 1275 254 3134 328">
     <span class='ocr_line' id='line_1_61' title="bbox 1275 254 3134 328; baseline 0.001 -3"><span class='ocrx_word' id='word_1_467' title='bbox 1275 271 1333 326; x_wconf 88' lang='lat' dir='ltr'>s.</span> <span class='ocrx_word' id='word_1_468' title='bbox 1370 267 1656 326; x_wconf 74' lang='lat' dir='ltr'>JOANNIS</span> <span class='ocrx_word' id='word_1_469' title='bbox 1690 255 2179 323; x_wconf 69' lang='lat' dir='ltr'>cumsosmm</span> <span class='ocrx_word' id='word_1_470' title='bbox 2218 256 2541 320; x_wconf 74' lang='lat' dir='ltr'>ARCHIEP.</span> <span class='ocrx_word' id='word_1_471' title='bbox 2581 254 3134 328; x_wconf 62' lang='lat' dir='ltr'>CONSTANTINOI‘.</span> 
     </span>
    </p>
   </div>
   <div class='ocr_carea' id='block_1_62' title="bbox 3659 270 3765 335">
    <p class='ocr_par' dir='ltr' id='par_1_62' title="bbox 3659 270 3765 335">
     <span class='ocr_line' id='line_1_62' title="bbox 3659 270 3765 335; baseline 0 0"><span class='ocrx_word' id='word_1_472' title='bbox 3659 270 3765 335; x_wconf 58' lang='grc' dir='ltr'>εει</span> 
     </span>
    </p>
   </div>
   <div class='ocr_carea' id='block_1_63' title="bbox 2205 371 3762 462">
    <p class='ocr_par' dir='ltr' id='par_1_63' title="bbox 2205 371 3762 462">
     <span class='ocr_line' id='line_1_63' title="bbox 2205 371 3762 462; baseline 0.018 -39"><span class='ocrx_word' id='word_1_473' title='bbox 2205 371 2430 445; x_wconf 75' lang='grc' dir='ltr'>ὄουλῆςς</span> <span class='ocrx_word' id='word_1_474' title='bbox 2459 372 2595 443; x_wconf 84' lang='grc' dir='ltr'>εἶδες</span> <span class='ocrx_word' id='word_1_475' title='bbox 2630 380 2899 454; x_wconf 54' lang='lat' dir='ltr'>aaut-qv;</span> <span class='ocrx_word' id='word_1_476' title='bbox 2933 386 3041 439; x_wconf 87' lang='lat' dir='ltr'><strong><em>Kal</em></strong></span> <span class='ocrx_word' id='word_1_477' title='bbox 3082 384 3191 458; x_wconf 81' lang='grc' dir='ltr'>γάρ</span> <span class='ocrx_word' id='word_1_478' title='bbox 3223 384 3504 445; x_wconf 70' lang='grc' dir='ltr'>καὶτοῦτο</span> <span class='ocrx_word' id='word_1_479' title='bbox 3541 392 3762 462; x_wconf 78' lang='grc' dir='ltr'>μάλιστα</span> 
     </span>
    </p>
   </div>
   <div class='ocr_carea' id='block_1_64' title="bbox 2201 467 3760 553">
    <p class='ocr_par' dir='ltr' id='par_1_64' title="bbox 2201 467 3760 553">
     <span class='ocr_line' id='line_1_64' title="bbox 2201 467 3760 553; baseline 0.017 -36"><span class='ocrx_word' id='word_1_480' title='bbox 2201 467 2491 538; x_wconf 81' lang='grc' dir='ltr'>παροξύνει</span> <span class='ocrx_word' id='word_1_481' title='bbox 2511 470 2602 524; x_wconf 81' lang='grc' dir='ltr'>τὸν</span> <span class='ocrx_word' id='word_1_482' title='bbox 2632 472 2788 539; x_wconf 81' lang='grc' dir='ltr'>Θεὸν,</span> <span class='ocrx_word' id='word_1_483' title='bbox 2815 475 2942 530; x_wconf 81' lang='grc' dir='ltr'>ὅταν</span> <span class='ocrx_word' id='word_1_484' title='bbox 2979 476 3047 531; x_wconf 83' lang='grc' dir='ltr'>τά</span> <span class='ocrx_word' id='word_1_485' title='bbox 3076 477 3259 546; x_wconf 81' lang='grc' dir='ltr'>φαῦλα</span> <span class='ocrx_word' id='word_1_486' title='bbox 3283 480 3391 534; x_wconf 79' lang='grc' dir='ltr'>ἀπὸ</span> <span class='ocrx_word' id='word_1_487' title='bbox 3420 481 3614 553; x_wconf 84' lang='grc' dir='ltr'>βουλῆς</span> <span class='ocrx_word' id='word_1_488' title='bbox 3632 525 3648 551; x_wconf 91' lang='grc'>,</span> <span class='ocrx_word' id='word_1_489' title='bbox 3672 489 3760 543; x_wconf 77' lang='grc' dir='ltr'>καὶ</span> 
     </span>
    </p>
   </div>
   <div class='ocr_carea' id='block_1_65' title="bbox 2202 558 3759 644">
    <p class='ocr_par' dir='ltr' id='par_1_65' title="bbox 2202 558 3759 644">
     <span class='ocr_line' id='line_1_65' title="bbox 2202 558 3759 644; baseline 0.014 -35"><span class='ocrx_word' id='word_1_490' title='bbox 2202 558 2478 629; x_wconf 80' lang='grc' dir='ltr'>σκέψεως,</span> <span class='ocrx_word' id='word_1_491' title='bbox 2508 563 2603 615; x_wconf 78' lang='grc' dir='ltr'>καὶ</span> <span class='ocrx_word' id='word_1_492' title='bbox 2625 564 2827 635; x_wconf 77' lang='grc' dir='ltr'>πολλῆς</span> <span class='ocrx_word' id='word_1_493' title='bbox 2867 566 2968 637; x_wconf 81' lang='grc' dir='ltr'>τῆς</span> <span class='ocrx_word' id='word_1_494' title='bbox 3008 569 3316 639; x_wconf 80' lang='grc' dir='ltr'>γυμνασίας</span> <span class='ocrx_word' id='word_1_495' title='bbox 3350 572 3685 644; x_wconf 74' lang='grc' dir='ltr'>ἐργάζωνται</span> <span class='ocrx_word' id='word_1_496' title='bbox 3710 577 3759 633; x_wconf 82' lang='grc' dir='ltr'>οἱ</span> 
     </span>
    </p>
   </div>
   <div class='ocr_carea' id='block_1_66' title="bbox 2203 644 3760 726">
    <p class='ocr_par' dir='ltr' id='par_1_66' title="bbox 2203 644 3760 726">
     <span class='ocr_line' id='line_1_66' title="bbox 2203 644 3760 726; baseline 0.013 -32"><span class='ocrx_word' id='word_1_497' title='bbox 2203 644 2497 712; x_wconf 89' lang='grc' dir='ltr'>μετιόντες.</span> <span class='ocrx_word' id='word_1_498' title='bbox 2522 646 2746 720; x_wconf 83' lang='grc' dir='ltr'>Ἕτερον</span> <span class='ocrx_word' id='word_1_499' title='bbox 2768 650 2877 720; x_wconf 88' lang='grc' dir='ltr'>γάρ</span> <span class='ocrx_word' id='word_1_500' title='bbox 2896 651 3035 717; x_wconf 91' lang='grc' dir='ltr'>ἐστι,</span> <span class='ocrx_word' id='word_1_501' title='bbox 3063 655 3480 726; x_wconf 87' lang='grc' dir='ltr'>συναρπαγέντα</span> <span class='ocrx_word' id='word_1_502' title='bbox 3505 659 3599 712; x_wconf 76' lang='grc' dir='ltr'>καὶ</span> <span class='ocrx_word' id='word_1_503' title='bbox 3624 661 3760 715; x_wconf 82' lang='grc' dir='ltr'>ἀπα-</span> 
     </span>
    </p>
   </div>
   <div class='ocr_carea' id='block_1_67' title="bbox 2198 735 3763 821">
    <p class='ocr_par' dir='ltr' id='par_1_67' title="bbox 2198 735 3763 821">
     <span class='ocr_line' id='line_1_67' title="bbox 2198 735 3763 821; baseline 0.012 -36"><span class='ocrx_word' id='word_1_504' title='bbox 2198 735 2431 821; x_wconf 82' lang='grc' dir='ltr'>τηθέντα</span> <span class='ocrx_word' id='word_1_505' title='bbox 2470 738 2962 813; x_wconf 85' lang='grc' dir='ltr'>ὑποσκελισθῆναι·</span> <span class='ocrx_word' id='word_1_506' title='bbox 2994 742 3181 816; x_wconf 67' lang='grc' dir='ltr'>ἕτερον</span> <span class='ocrx_word' id='word_1_507' title='bbox 3205 785 3221 810; x_wconf 97' lang='grc'>,</span> <span class='ocrx_word' id='word_1_508' title='bbox 3257 745 3418 818; x_wconf 75' lang='grc' dir='ltr'>ἔργον</span> <span class='ocrx_word' id='word_1_509' title='bbox 3455 747 3763 821; x_wconf 87' lang='grc' dir='ltr'>ποιούμενον</span> 
     </span>
    </p>
   </div>
   <div class='ocr_carea' id='block_1_68' title="bbox 2198 819 3765 902">
    <p class='ocr_par' dir='ltr' id='par_1_68' title="bbox 2198 819 3765 902">
     <span class='ocr_line' id='line_1_68' title="bbox 2198 819 3765 902; baseline 0.011 -31"><span class='ocrx_word' id='word_1_510' title='bbox 2198 819 2299 890; x_wconf 82' lang='grc' dir='ltr'>τὴν</span> <span class='ocrx_word' id='word_1_511' title='bbox 2322 822 2614 892; x_wconf 87' lang='grc' dir='ltr'>πονηρίαν·</span> <span class='ocrx_word' id='word_1_512' title='bbox 2648 825 2745 878; x_wconf 79' lang='grc' dir='ltr'>καὶ</span> <span class='ocrx_word' id='word_1_513' title='bbox 2767 826 2974 898; x_wconf 74' lang='grc' dir='ltr'>ἕτερον,</span> <span class='ocrx_word' id='word_1_514' title='bbox 3000 827 3254 901; x_wconf 73' lang='grc' dir='ltr'>ἔγκλημα</span> <span class='ocrx_word' id='word_1_515' title='bbox 3282 832 3536 902; x_wconf 85' lang='grc' dir='ltr'>μέγιστον</span> <span class='ocrx_word' id='word_1_516' title='bbox 3557 874 3572 898; x_wconf 91' lang='grc'>,</span> <span class='ocrx_word' id='word_1_517' title='bbox 3601 819 3719 890; x_wconf 69' lang='grc' dir='ltr'>ὅταν</span> <span class='ocrx_word' id='word_1_518' title='bbox 3736 836 3765 877; x_wconf 77' lang='grc' dir='ltr'>ι’</span> 
     </span>
    </p>
   </div>
   <div class='ocr_carea' id='block_1_69' title="bbox 2198 903 3765 986">
    <p class='ocr_par' dir='ltr' id='par_1_69' title="bbox 2198 903 3765 986">
     <span class='ocr_line' id='line_1_69' title="bbox 2198 903 3765 986; baseline 0.01 -31"><span class='ocrx_word' id='word_1_519' title='bbox 2198 903 2295 986; x_wconf 75' lang='grc' dir='ltr'>καὶ</span> <span class='ocrx_word' id='word_1_520' title='bbox 2332 906 2739 977; x_wconf 89' lang='grc' dir='ltr'>πονηρεύωνται</span> <span class='ocrx_word' id='word_1_521' title='bbox 2770 910 2914 963; x_wconf 89' lang='grc' dir='ltr'>κατά</span> <span class='ocrx_word' id='word_1_522' title='bbox 2956 910 3054 965; x_wconf 88' lang='grc' dir='ltr'>τοῦ</span> <span class='ocrx_word' id='word_1_523' title='bbox 3089 912 3165 984; x_wconf 81' lang='grc' dir='ltr'>μὴ</span> <span class='ocrx_word' id='word_1_524' title='bbox 3209 915 3662 986; x_wconf 80' lang='grc' dir='ltr'>πονηρευομένου.</span> <span class='ocrx_word' id='word_1_525' title='bbox 3696 918 3765 971; x_wconf 84' lang='lat'>1‘0</span> 
     </span>
    </p>
   </div>
   <div class='ocr_carea' id='block_1_70' title="bbox 2198 985 3762 1071">
    <p class='ocr_par' dir='ltr' id='par_1_70' title="bbox 2198 985 3762 1071">
     <span class='ocr_line' id='line_1_70' title="bbox 2198 985 3762 1071; baseline 0.012 -34"><span class='ocrx_word' id='word_1_526' title='bbox 2198 985 2309 1071; x_wconf 86' lang='grc' dir='ltr'>γὰρ</span> <span class='ocrx_word' id='word_1_527' title='bbox 2335 989 2531 1052; x_wconf 87' lang='grc' dir='ltr'>εἱπεῖν,</span> <span class='ocrx_word' id='word_1_528' title='bbox 2567 990 2726 1045; x_wconf 79' lang='grc' dir='ltr'>Ἀντὶ</span> <span class='ocrx_word' id='word_1_529' title='bbox 2754 993 2862 1048; x_wconf 85' lang='grc' dir='ltr'>τοῦ</span> <span class='ocrx_word' id='word_1_530' title='bbox 2890 993 3132 1063; x_wconf 76' lang='grc' dir='ltr'>ἀγαπᾷν</span> <span class='ocrx_word' id='word_1_531' title='bbox 3151 1013 3230 1066; x_wconf 83' lang='grc' dir='ltr'>με</span> <span class='ocrx_word' id='word_1_532' title='bbox 3259 985 3651 1055; x_wconf 52' lang='grc' dir='ltr'>ἐν’-διέϐαλλόν</span> <span class='ocrx_word' id='word_1_533' title='bbox 3673 1018 3762 1071; x_wconf 87' lang='grc' dir='ltr'>με,</span> 
     </span>
    </p>
   </div>
   <div class='ocr_carea' id='block_1_71' title="bbox 2198 1070 3769 1155">
    <p class='ocr_par' dir='ltr' id='par_1_71' title="bbox 2198 1070 3769 1155">
     <span class='ocr_line' id='line_1_71' title="bbox 2198 1070 3769 1155; baseline 0.01 -32"><span class='ocrx_word' id='word_1_534' title='bbox 2198 1070 2350 1125; x_wconf 80' lang='grc' dir='ltr'>οὐδὲν</span> <span class='ocrx_word' id='word_1_535' title='bbox 2381 1073 2567 1145; x_wconf 72' lang='grc' dir='ltr'>ἕτερον</span> <span class='ocrx_word' id='word_1_536' title='bbox 2593 1075 2885 1143; x_wconf 77' lang='grc' dir='ltr'>δείκνυσιν,</span> <span class='ocrx_word' id='word_1_537' title='bbox 2920 1079 2955 1149; x_wconf 81' lang='grc' dir='ltr'>ἢ</span> <span class='ocrx_word' id='word_1_538' title='bbox 2987 1080 3069 1135; x_wconf 84' lang='grc' dir='ltr'>ὅτι</span> <span class='ocrx_word' id='word_1_539' title='bbox 3091 1083 3173 1145; x_wconf 89' lang='grc' dir='ltr'>εἱς</span> <span class='ocrx_word' id='word_1_540' title='bbox 3198 1081 3498 1155; x_wconf 80' lang='grc' dir='ltr'>εὐεργέτην</span> <span class='ocrx_word' id='word_1_541' title='bbox 3524 1083 3660 1149; x_wconf 78' lang='grc' dir='ltr'>τινὰ,</span> <span class='ocrx_word' id='word_1_542' title='bbox 3677 1070 3769 1138; x_wconf 73' lang='grc' dir='ltr'>καὶ</span> 
     </span>
    </p>
   </div>
   <div class='ocr_carea' id='block_1_72' title="bbox 2198 1161 3763 1245">
    <p class='ocr_par' dir='ltr' id='par_1_72' title="bbox 2198 1161 3763 1245">
     <span class='ocr_line' id='line_1_72' title="bbox 2198 1161 3763 1245; baseline 0.009 -31"><span class='ocrx_word' id='word_1_543' title='bbox 2198 1161 2347 1226; x_wconf 78' lang='grc' dir='ltr'>ἀξιον</span> <span class='ocrx_word' id='word_1_544' title='bbox 2367 1163 2461 1216; x_wconf 90' lang='grc' dir='ltr'>τοῦ</span> <span class='ocrx_word' id='word_1_545' title='bbox 2486 1164 2778 1234; x_wconf 80' lang='grc' dir='ltr'>φιλεῖσθαι,</span> <span class='ocrx_word' id='word_1_546' title='bbox 2805 1171 2901 1224; x_wconf 78' lang='grc' dir='ltr'>καὶ</span> <span class='ocrx_word' id='word_1_547' title='bbox 2925 1171 3169 1243; x_wconf 80' lang='grc' dir='ltr'>χρηστάς</span> <span class='ocrx_word' id='word_1_548' title='bbox 3194 1172 3435 1244; x_wconf 81' lang='grc' dir='ltr'>ἀμοιϐάς</span> <span class='ocrx_word' id='word_1_549' title='bbox 3460 1173 3763 1245; x_wconf 86' lang='grc' dir='ltr'>λαμϐάνειν,</span> 
     </span>
    </p>
   </div>
   <div class='ocr_carea' id='block_1_73' title="bbox 2196 1253 3761 1338">
    <p class='ocr_par' dir='ltr' id='par_1_73' title="bbox 2196 1253 3761 1338">
     <span class='ocr_line' id='line_1_73' title="bbox 2196 1253 3761 1338; baseline 0.009 -31"><span class='ocrx_word' id='word_1_550' title='bbox 2196 1253 2266 1307; x_wconf 92' lang='grc' dir='ltr'>τά</span> <span class='ocrx_word' id='word_1_551' title='bbox 2310 1256 2528 1311; x_wconf 79' lang='grc' dir='ltr'>ἐναντία</span> <span class='ocrx_word' id='word_1_552' title='bbox 2573 1258 2971 1320; x_wconf 86' lang='grc' dir='ltr'>ἐπεδείκνυντο.</span> <span class='ocrx_word' id='word_1_553' title='bbox 3014 1263 3163 1334; x_wconf 72' lang='grc' dir='ltr'>Ἐγὼ</span> <span class='ocrx_word' id='word_1_554' title='bbox 3199 1263 3270 1318; x_wconf 75' lang='grc' dir='ltr'>δέ</span> <span class='ocrx_word' id='word_1_555' title='bbox 3314 1268 3761 1338; x_wconf 83' lang='grc' dir='ltr'>προσηυχόμην.</span> 
     </span>
    </p>
   </div>
   <div class='ocr_carea' id='block_1_74' title="bbox 2198 1342 3761 1429">
    <p class='ocr_par' dir='ltr' id='par_1_74' title="bbox 2198 1342 3761 1429">
     <span class='ocr_line' id='line_1_74' title="bbox 2198 1342 3761 1429; baseline 0.009 -31"><span class='ocrx_word' id='word_1_556' title='bbox 2198 1342 2350 1412; x_wconf 81' lang='grc' dir='ltr'>Εἶδες</span> <span class='ocrx_word' id='word_1_557' title='bbox 2374 1350 2726 1421; x_wconf 88' lang='grc' dir='ltr'>φιλοσοφίαν;</span> <span class='ocrx_word' id='word_1_558' title='bbox 2756 1347 2897 1419; x_wconf 81' lang='grc' dir='ltr'>εἶδες</span> <span class='ocrx_word' id='word_1_559' title='bbox 2917 1355 3256 1422; x_wconf 88' lang='grc' dir='ltr'>ἐπιείκειαν;</span> <span class='ocrx_word' id='word_1_560' title='bbox 3285 1355 3430 1421; x_wconf 78' lang='grc' dir='ltr'>εἶδες</span> <span class='ocrx_word' id='word_1_561' title='bbox 3458 1358 3761 1429; x_wconf 84' lang='grc' dir='ltr'>πραότητα;</span> 
     </span>
    </p>
   </div>
   <div class='ocr_carea' id='block_1_75' title="bbox 2198 1435 3763 1521">
    <p class='ocr_par' dir='ltr' id='par_1_75' title="bbox 2198 1435 3763 1521">
     <span class='ocr_line' id='line_1_75' title="bbox 2198 1435 3763 1521; baseline 0.006 -28"><span class='ocrx_word' id='word_1_562' title='bbox 2198 1435 2334 1506; x_wconf 75' lang='grc' dir='ltr'>εἶδες</span> <span class='ocrx_word' id='word_1_563' title='bbox 2361 1441 2539 1515; x_wconf 80' lang='grc' dir='ltr'>ψυχῆς</span> <span class='ocrx_word' id='word_1_564' title='bbox 2566 1446 2881 1514; x_wconf 82' lang='grc' dir='ltr'>εὐλάϐειαν;</span> <span class='ocrx_word' id='word_1_565' title='bbox 2922 1448 3035 1519; x_wconf 84' lang='grc' dir='ltr'>Οὐχ</span> <span class='ocrx_word' id='word_1_566' title='bbox 3059 1447 3396 1521; x_wconf 76' lang='grc' dir='ltr'>ὠπλιζόμην,</span> <span class='ocrx_word' id='word_1_567' title='bbox 3431 1450 3616 1521; x_wconf 77' lang='grc' dir='ltr'>φησὶν,</span> <span class='ocrx_word' id='word_1_568' title='bbox 3651 1451 3763 1505; x_wconf 73' lang='grc' dir='ltr'>οὐδὲ</span> 
     </span>
    </p>
   </div>
   <div class='ocr_carea' id='block_1_76' title="bbox 2197 1532 3762 1616">
    <p class='ocr_par' dir='ltr' id='par_1_76' title="bbox 2197 1532 3762 1616">
     <span class='ocr_line' id='line_1_76' title="bbox 2197 1532 3762 1616; baseline 0.008 -31"><span class='ocrx_word' id='word_1_569' title='bbox 2197 1532 2757 1611; x_wconf 88' lang='grc' dir='ltr'>ἀντιπαρεταττόμην,</span> <span class='ocrx_word' id='word_1_570' title='bbox 2793 1539 2909 1594; x_wconf 85' lang='grc' dir='ltr'>ἀλλ’</span> <span class='ocrx_word' id='word_1_571' title='bbox 2937 1541 3031 1594; x_wconf 79' lang='grc' dir='ltr'>ἐπὶ</span> <span class='ocrx_word' id='word_1_572' title='bbox 3060 1540 3121 1594; x_wconf 78' lang='grc' dir='ltr'>σέ</span> <span class='ocrx_word' id='word_1_573' title='bbox 3150 1540 3514 1612; x_wconf 84' lang='grc' dir='ltr'>κατέφευγον·</span> <span class='ocrx_word' id='word_1_574' title='bbox 3547 1542 3642 1616; x_wconf 81' lang='grc' dir='ltr'>τὴν</span> <span class='ocrx_word' id='word_1_575' title='bbox 3674 1543 3762 1614; x_wconf 78' lang='grc' dir='ltr'>σὴν</span> 
     </span>
    </p>
   </div>
   <div class='ocr_carea' id='block_1_77' title="bbox 2197 1623 3760 1705">
    <p class='ocr_par' dir='ltr' id='par_1_77' title="bbox 2197 1623 3760 1705">
     <span class='ocr_line' id='line_1_77' title="bbox 2197 1623 3760 1705; baseline 0.007 -29"><span class='ocrx_word' id='word_1_576' title='bbox 2197 1623 2424 1680; x_wconf 85' lang='grc' dir='ltr'>ἐκάλουν</span> <span class='ocrx_word' id='word_1_577' title='bbox 2458 1631 2795 1702; x_wconf 87' lang='grc' dir='ltr'>συμμαχίαν,</span> <span class='ocrx_word' id='word_1_578' title='bbox 2825 1631 2927 1704; x_wconf 75' lang='grc' dir='ltr'>τὴν</span> <span class='ocrx_word' id='word_1_579' title='bbox 2970 1632 3164 1703; x_wconf 77' lang='grc' dir='ltr'>ῥοπὴν,</span> <span class='ocrx_word' id='word_1_580' title='bbox 3190 1632 3254 1686; x_wconf 72' lang='grc' dir='ltr'>τὸ</span> <span class='ocrx_word' id='word_1_581' title='bbox 3294 1633 3551 1705; x_wconf 87' lang='grc' dir='ltr'>μέγιστον</span> <span class='ocrx_word' id='word_1_582' title='bbox 3590 1635 3760 1700; x_wconf 85' lang='grc' dir='ltr'>ὅπλον,</span> 
     </span>
    </p>
   </div>
   <div class='ocr_carea' id='block_1_78' title="bbox 2195 1714 3761 1795">
    <p class='ocr_par' dir='ltr' id='par_1_78' title="bbox 2195 1714 3761 1795">
     <span class='ocr_line' id='line_1_78' title="bbox 2195 1714 3761 1795; baseline 0.01 -29"><span class='ocrx_word' id='word_1_583' title='bbox 2195 1714 2295 1786; x_wconf 84' lang='grc' dir='ltr'>τὴν</span> <span class='ocrx_word' id='word_1_584' title='bbox 2327 1715 2582 1790; x_wconf 79' lang='grc' dir='ltr'>βοήθειαν</span> <span class='ocrx_word' id='word_1_585' title='bbox 2606 1721 2705 1793; x_wconf 84' lang='grc' dir='ltr'>τὴν</span> <span class='ocrx_word' id='word_1_586' title='bbox 2734 1724 3055 1795; x_wconf 80' lang='grc' dir='ltr'>ἀχείρωτον.</span> <span class='ocrx_word' id='word_1_587' title='bbox 3075 1719 3208 1779; x_wconf 80' lang='grc' dir='ltr'>Εἶτα</span> <span class='ocrx_word' id='word_1_588' title='bbox 3225 1723 3397 1779; x_wconf 82' lang='grc' dir='ltr'>εἱπὼν</span> <span class='ocrx_word' id='word_1_589' title='bbox 3424 1727 3496 1781; x_wconf 84' lang='grc' dir='ltr'>τά</span> <span class='ocrx_word' id='word_1_590' title='bbox 3518 1726 3656 1781; x_wconf 87' lang='grc' dir='ltr'>κατά</span> <span class='ocrx_word' id='word_1_591' title='bbox 3678 1727 3761 1782; x_wconf 79' lang='grc' dir='ltr'>τὸν</span> 
     </span>
    </p>
   </div>
   <div class='ocr_carea' id='block_1_79' title="bbox 2211 1806 3762 1889">
    <p class='ocr_par' dir='ltr' id='par_1_79' title="bbox 2211 1806 3762 1889">
     <span class='ocr_line' id='line_1_79' title="bbox 2211 1806 3762 1889; baseline 0.009 -30"><span class='ocrx_word' id='word_1_592' title='bbox 2211 1806 2430 1874; x_wconf 88' lang='grc' dir='ltr'>Ἰούδαν,</span> <span class='ocrx_word' id='word_1_593' title='bbox 2460 1808 2581 1876; x_wconf 87' lang='grc' dir='ltr'>πῶς</span> <span class='ocrx_word' id='word_1_594' title='bbox 2611 1812 2805 1867; x_wconf 80' lang='grc' dir='ltr'>ἐαυτὸν</span> <span class='ocrx_word' id='word_1_595' title='bbox 2829 1814 3173 1880; x_wconf 84' lang='grc' dir='ltr'>κατεδίκασε,</span> <span class='ocrx_word' id='word_1_596' title='bbox 3208 1816 3326 1881; x_wconf 80' lang='grc' dir='ltr'>πῶς</span> <span class='ocrx_word' id='word_1_597' title='bbox 3355 1818 3461 1889; x_wconf 77' lang='grc' dir='ltr'>τὴν</span> <span class='ocrx_word' id='word_1_598' title='bbox 3494 1818 3587 1871; x_wconf 79' lang='grc' dir='ltr'>ἐπὶ</span> <span class='ocrx_word' id='word_1_599' title='bbox 3612 1818 3762 1873; x_wconf 74' lang='grc' dir='ltr'>θανάρ</span> 
     </span>
    </p>
   </div>
   <div class='ocr_carea' id='block_1_80' title="bbox 2195 1899 3763 1979">
    <p class='ocr_par' dir='ltr' id='par_1_80' title="bbox 2195 1899 3763 1979">
     <span class='ocr_line' id='line_1_80' title="bbox 2195 1899 3763 1979; baseline 0.009 -29"><span class='ocrx_word' id='word_1_600' title='bbox 2195 1914 2291 1951; x_wconf 89' lang='grc' dir='ltr'>του</span> <span class='ocrx_word' id='word_1_601' title='bbox 2314 1899 2574 1973; x_wconf 83' lang='grc' dir='ltr'>ἐξήνεγκε</span> <span class='ocrx_word' id='word_1_602' title='bbox 2597 1902 2780 1976; x_wconf 84' lang='grc' dir='ltr'>ψῆφον</span> <span class='ocrx_word' id='word_1_603' title='bbox 2807 1905 2927 1960; x_wconf 88' lang='grc' dir='ltr'>καθ’</span> <span class='ocrx_word' id='word_1_604' title='bbox 2946 1906 3163 1970; x_wconf 74' lang='grc' dir='ltr'>ἑαυτοῦ,</span> <span class='ocrx_word' id='word_1_605' title='bbox 3190 1906 3311 1971; x_wconf 84' lang='grc' dir='ltr'>πῶς</span> <span class='ocrx_word' id='word_1_606' title='bbox 3329 1906 3633 1979; x_wconf 79' lang='grc' dir='ltr'>ἀπήγξατο,</span> <span class='ocrx_word' id='word_1_607' title='bbox 3654 1909 3763 1973; x_wconf 81' lang='grc' dir='ltr'>πῶς</span> 
     </span>
    </p>
   </div>
   <div class='ocr_carea' id='block_1_81' title="bbox 2197 1990 3761 2072">
    <p class='ocr_par' dir='ltr' id='par_1_81' title="bbox 2197 1990 3761 2072">
     <span class='ocr_line' id='line_1_81' title="bbox 2197 1990 3761 2072; baseline 0.007 -28"><span class='ocrx_word' id='word_1_608' title='bbox 2197 1991 2230 2061; x_wconf 83' lang='grc' dir='ltr'>ἠ</span> <span class='ocrx_word' id='word_1_609' title='bbox 2258 1990 2529 2066; x_wconf 77' lang='grc' dir='ltr'>ἀποστολὴ</span> <span class='ocrx_word' id='word_1_610' title='bbox 2554 1995 2719 2050; x_wconf 82' lang='grc' dir='ltr'>αὑτοῦ</span> <span class='ocrx_word' id='word_1_611' title='bbox 2745 1997 2883 2068; x_wconf 83' lang='grc' dir='ltr'>πρὸς</span> <span class='ocrx_word' id='word_1_612' title='bbox 2910 1997 3096 2070; x_wconf 69' lang='grc' dir='ltr'>ἕτερον</span> <span class='ocrx_word' id='word_1_613' title='bbox 3122 1999 3379 2070; x_wconf 80' lang='grc' dir='ltr'>μετέστη,</span> <span class='ocrx_word' id='word_1_614' title='bbox 3408 2000 3570 2056; x_wconf 84' lang='grc' dir='ltr'>πάλιν</span> <span class='ocrx_word' id='word_1_615' title='bbox 3594 2002 3761 2072; x_wconf 77' lang='grc' dir='ltr'>ἔχεται</span> 
     </span>
    </p>
   </div>
   <div class='ocr_carea' id='block_1_82' title="bbox 2195 2082 3764 2166">
    <p class='ocr_par' dir='ltr' id='par_1_82' title="bbox 2195 2082 3764 2166">
     <span class='ocr_line' id='line_1_82' title="bbox 2195 2082 3764 2166; baseline 0.002 -21"><span class='ocrx_word' id='word_1_616' title='bbox 2195 2082 2295 2153; x_wconf 78' lang='grc' dir='ltr'>τῆς</span> <span class='ocrx_word' id='word_1_617' title='bbox 2327 2085 2599 2161; x_wconf 86' lang='grc' dir='ltr'>προτέρας</span> <span class='ocrx_word' id='word_1_618' title='bbox 2631 2088 2962 2154; x_wconf 79' lang='grc' dir='ltr'>ὑποθέσεως.</span> <span class='ocrx_word' id='word_1_619' title='bbox 2988 2088 3094 2145; x_wconf 88' lang='lat' dir='ltr'>Kal</span> <span class='ocrx_word' id='word_1_620' title='bbox 3125 2091 3235 2163; x_wconf 84' lang='grc' dir='ltr'>γὰρ</span> <span class='ocrx_word' id='word_1_621' title='bbox 3261 2093 3360 2147; x_wconf 77' lang='grc' dir='ltr'>καὶ</span> <span class='ocrx_word' id='word_1_622' title='bbox 3388 2092 3548 2148; x_wconf 86' lang='grc' dir='ltr'>τοῦτο</span> <span class='ocrx_word' id='word_1_623' title='bbox 3566 2110 3764 2166; x_wconf 81' lang='grc' dir='ltr'>προφη-</span> 
     </span>
    </p>
   </div>
   <div class='ocr_carea' id='block_1_83' title="bbox 2194 2172 3760 2256">
    <p class='ocr_par' dir='ltr' id='par_1_83' title="bbox 2194 2172 3760 2256">
     <span class='ocr_line' id='line_1_83' title="bbox 2194 2172 3760 2256; baseline 0.008 -30"><span class='ocrx_word' id='word_1_624' title='bbox 2194 2173 2347 2239; x_wconf 88' lang='grc' dir='ltr'>τείας</span> <span class='ocrx_word' id='word_1_625' title='bbox 2374 2172 2513 2242; x_wconf 85' lang='grc' dir='ltr'>εἶδος</span> <span class='ocrx_word' id='word_1_626' title='bbox 2534 2219 2550 2247; x_wconf 94' lang='grc'>,</span> <span class='ocrx_word' id='word_1_627' title='bbox 2594 2178 2797 2250; x_wconf 80' lang='grc' dir='ltr'>μεταξὺ</span> <span class='ocrx_word' id='word_1_628' title='bbox 2848 2180 3157 2237; x_wconf 85' lang='grc' dir='ltr'>διακόπτειν</span> <span class='ocrx_word' id='word_1_629' title='bbox 3182 2224 3199 2248; x_wconf 94' lang='grc'>,</span> <span class='ocrx_word' id='word_1_630' title='bbox 3233 2185 3328 2239; x_wconf 74' lang='grc' dir='ltr'>καὶ</span> <span class='ocrx_word' id='word_1_631' title='bbox 3378 2185 3616 2256; x_wconf 76' lang='grc' dir='ltr'>ἱστορίαν</span> <span class='ocrx_word' id='word_1_632' title='bbox 3649 2187 3760 2238; x_wconf 71' lang='grc' dir='ltr'>τινὰ</span> 
     </span>
    </p>
   </div>
   <div class='ocr_carea' id='block_1_84' title="bbox 2196 2265 3760 2346">
    <p class='ocr_par' dir='ltr' id='par_1_84' title="bbox 2196 2265 3760 2346">
     <span class='ocr_line' id='line_1_84' title="bbox 2196 2265 3760 2346; baseline 0.009 -29"><span class='ocrx_word' id='word_1_633' title='bbox 2196 2265 2487 2337; x_wconf 89' lang='grc' dir='ltr'>ἐμϐάλλειν</span> <span class='ocrx_word' id='word_1_634' title='bbox 2505 2309 2522 2336; x_wconf 93' lang='grc'>,</span> <span class='ocrx_word' id='word_1_635' title='bbox 2562 2272 2655 2325; x_wconf 80' lang='grc' dir='ltr'>καὶ</span> <span class='ocrx_word' id='word_1_636' title='bbox 2687 2271 2826 2342; x_wconf 87' lang='grc' dir='ltr'>μετά</span> <span class='ocrx_word' id='word_1_637' title='bbox 2855 2273 2917 2327; x_wconf 82' lang='grc' dir='ltr'>τὸ</span> <span class='ocrx_word' id='word_1_638' title='bbox 2941 2273 3147 2346; x_wconf 89' lang='grc' dir='ltr'>ταύτην</span> <span class='ocrx_word' id='word_1_639' title='bbox 3173 2275 3465 2343; x_wconf 84' lang='grc' dir='ltr'>διεξελθεῖν</span> <span class='ocrx_word' id='word_1_640' title='bbox 3492 2277 3646 2332; x_wconf 89' lang='grc' dir='ltr'>πάλιν</span> <span class='ocrx_word' id='word_1_641' title='bbox 3676 2278 3760 2332; x_wconf 75' lang='grc' dir='ltr'>ἐπὶ</span> 
     </span>
    </p>
   </div>
   <div class='ocr_carea' id='block_1_85' title="bbox 2195 2357 3758 2443">
    <p class='ocr_par' dir='ltr' id='par_1_85' title="bbox 2195 2357 3758 2443">
     <span class='ocr_line' id='line_1_85' title="bbox 2195 2357 3758 2443; baseline 0.008 -33"><span class='ocrx_word' id='word_1_642' title='bbox 2195 2357 2265 2410; x_wconf 83' lang='grc' dir='ltr'>τὰ.</span> <span class='ocrx_word' id='word_1_643' title='bbox 2309 2361 2549 2433; x_wconf 85' lang='grc' dir='ltr'>πρότερα</span> <span class='ocrx_word' id='word_1_644' title='bbox 2592 2365 2893 2423; x_wconf 86' lang='grc' dir='ltr'>ἐπανιέναι.</span> <span class='ocrx_word' id='word_1_645' title='bbox 2930 2367 3322 2425; x_wconf 86' lang='grc' dir='ltr'>Συνεσκὶασται</span> <span class='ocrx_word' id='word_1_646' title='bbox 3374 2371 3485 2443; x_wconf 83' lang='grc' dir='ltr'>γὰρ</span> <span class='ocrx_word' id='word_1_647' title='bbox 3540 2370 3628 2426; x_wconf 86' lang='grc' dir='ltr'>διὰ</span> <span class='ocrx_word' id='word_1_648' title='bbox 3671 2370 3758 2441; x_wconf 82' lang='grc' dir='ltr'>τὴν</span> 
     </span>
    </p>
   </div>
   <div class='ocr_carea' id='block_1_86' title="bbox 2196 2450 3757 2535">
    <p class='ocr_par' dir='ltr' id='par_1_86' title="bbox 2196 2450 3757 2535">
     <span class='ocr_line' id='line_1_86' title="bbox 2196 2450 3757 2535; baseline 0.009 -31"><span class='ocrx_word' id='word_1_649' title='bbox 2196 2450 2588 2526; x_wconf 86' lang='grc' dir='ltr'>ἀγνωμοσύνην</span> <span class='ocrx_word' id='word_1_650' title='bbox 2611 2456 2720 2510; x_wconf 85' lang='grc' dir='ltr'>τῶν</span> <span class='ocrx_word' id='word_1_651' title='bbox 2757 2458 3025 2515; x_wconf 83' lang='grc' dir='ltr'>Ἰουδαίων</span> <span class='ocrx_word' id='word_1_652' title='bbox 3057 2463 3090 2534; x_wconf 77' lang='grc' dir='ltr'><strong>ἡ</strong></span> <span class='ocrx_word' id='word_1_653' title='bbox 3120 2463 3449 2535; x_wconf 80' lang='grc' dir='ltr'>προφητεία.</span> <span class='ocrx_word' id='word_1_654' title='bbox 3471 2464 3757 2519; x_wconf 75' lang='grc' dir='ltr'>Δίνίττεται</span> 
     </span>
    </p>
   </div>
   <div class='ocr_carea' id='block_1_87' title="bbox 2195 2543 3757 2628">
    <p class='ocr_par' dir='ltr' id='par_1_87' title="bbox 2195 2543 3757 2628">
     <span class='ocr_line' id='line_1_87' title="bbox 2195 2543 3757 2628; baseline 0.008 -33"><span class='ocrx_word' id='word_1_655' title='bbox 2195 2543 2325 2611; x_wconf 90' lang='grc' dir='ltr'>γοῦν</span> <span class='ocrx_word' id='word_1_656' title='bbox 2354 2556 2511 2599; x_wconf 79' lang='grc' dir='ltr'>τιναο</span> <span class='ocrx_word' id='word_1_657' title='bbox 2529 2587 2545 2612; x_wconf 95' lang='grc'>,</span> <span class='ocrx_word' id='word_1_658' title='bbox 2575 2548 2711 2621; x_wconf 83' lang='grc' dir='ltr'>ὅπερ</span> <span class='ocrx_word' id='word_1_659' title='bbox 2731 2548 2902 2622; x_wconf 79' lang='grc' dir='ltr'>ἔφθην</span> <span class='ocrx_word' id='word_1_660' title='bbox 2929 2551 3097 2607; x_wconf 82' lang='grc' dir='ltr'>εἱπὼν</span> <span class='ocrx_word' id='word_1_661' title='bbox 3115 2594 3131 2620; x_wconf 93' lang='grc'>,</span> <span class='ocrx_word' id='word_1_662' title='bbox 3164 2555 3434 2628; x_wconf 77' lang='grc' dir='ltr'>ἱερωσύνῃ</span> <span class='ocrx_word' id='word_1_663' title='bbox 3461 2554 3757 2610; x_wconf 84' lang='grc' dir='ltr'>ἐπιϐουλεύ-</span> 
     </span>
    </p>
   </div>
   <div class='ocr_carea' id='block_1_88' title="bbox 2198 2639 3755 2717">
    <p class='ocr_par' dir='ltr' id='par_1_88' title="bbox 2198 2639 3755 2717">
     <span class='ocr_line' id='line_1_88' title="bbox 2198 2639 3755 2717; baseline 0.01 -28"><span class='ocrx_word' id='word_1_664' title='bbox 2198 2653 2367 2691; x_wconf 89' lang='grc' dir='ltr'>σαντα</span> <span class='ocrx_word' id='word_1_665' title='bbox 2396 2639 2534 2708; x_wconf 87' lang='grc' dir='ltr'>μετά</span> <span class='ocrx_word' id='word_1_666' title='bbox 2558 2643 2684 2704; x_wconf 86' lang='grc' dir='ltr'>τοὺς</span> <span class='ocrx_word' id='word_1_667' title='bbox 2712 2642 2938 2712; x_wconf 91' lang='grc' dir='ltr'>χρόνους</span> <span class='ocrx_word' id='word_1_668' title='bbox 2968 2644 3093 2708; x_wconf 76' lang='grc' dir='ltr'>τοὺς</span> <span class='ocrx_word' id='word_1_669' title='bbox 3138 2647 3204 2699; x_wconf 85' lang='grc' dir='ltr'>ἐκ</span> <span class='ocrx_word' id='word_1_670' title='bbox 3241 2646 3346 2717; x_wconf 83' lang='grc' dir='ltr'>τῆς</span> <span class='ocrx_word' id='word_1_671' title='bbox 3388 2648 3642 2702; x_wconf 81' lang='grc' dir='ltr'>ἐπανόδου</span> <span class='ocrx_word' id='word_1_672' title='bbox 3667 2648 3755 2717; x_wconf 82' lang='grc' dir='ltr'>τῆς</span> 
     </span>
    </p>
   </div>
   <div class='ocr_carea' id='block_1_89' title="bbox 2197 2729 3756 2810">
    <p class='ocr_par' dir='ltr' id='par_1_89' title="bbox 2197 2729 3756 2810">
     <span class='ocr_line' id='line_1_89' title="bbox 2197 2729 3756 2810; baseline 0.007 -29"><span class='ocrx_word' id='word_1_673' title='bbox 2197 2729 2263 2782; x_wconf 82' lang='grc' dir='ltr'>ἐκ</span> <span class='ocrx_word' id='word_1_674' title='bbox 2281 2729 2617 2796; x_wconf 83' lang='grc' dir='ltr'>Βαϐυλῶνος.</span> <span class='ocrx_word' id='word_1_675' title='bbox 2640 2735 2751 2788; x_wconf 89' lang='lat' dir='ltr'>Kal</span> <span class='ocrx_word' id='word_1_676' title='bbox 2768 2736 2820 2788; x_wconf 90' lang='grc' dir='ltr'>οἱ</span> <span class='ocrx_word' id='word_1_677' title='bbox 2852 2736 3272 2809; x_wconf 81' lang='grc' dir='ltr'>φιλοπονώτεροι</span> <span class='ocrx_word' id='word_1_678' title='bbox 3302 2739 3454 2794; x_wconf 81' lang='grc' dir='ltr'>ίσασι</span> <span class='ocrx_word' id='word_1_679' title='bbox 3474 2739 3644 2803; x_wconf 90' lang='grc' dir='ltr'>τοῦτο,</span> <span class='ocrx_word' id='word_1_680' title='bbox 3666 2739 3756 2810; x_wconf 74' lang='grc' dir='ltr'>τὴν</span> 
     </span>
    </p>
   </div>
   <div class='ocr_carea' id='block_1_90' title="bbox 2199 2823 3755 2905">
    <p class='ocr_par' dir='ltr' id='par_1_90' title="bbox 2199 2823 3755 2905">
     <span class='ocr_line' id='line_1_90' title="bbox 2199 2823 3755 2905; baseline 0.009 -30"><span class='ocrx_word' id='word_1_681' title='bbox 2199 2823 2438 2894; x_wconf 86' lang='grc' dir='ltr'>ἱστορίαν</span> <span class='ocrx_word' id='word_1_682' title='bbox 2489 2824 2825 2892; x_wconf 88' lang='grc' dir='ltr'>ἐπελθόντες.</span> <span class='ocrx_word' id='word_1_683' title='bbox 2878 2830 2989 2883; x_wconf 87' lang='lat' dir='ltr'>Kal</span> <span class='ocrx_word' id='word_1_684' title='bbox 3045 2831 3380 2904; x_wconf 79' lang='grc' dir='ltr'>προφητεύει</span> <span class='ocrx_word' id='word_1_685' title='bbox 3433 2834 3641 2905; x_wconf 86' lang='grc' dir='ltr'>μεγάλα</span> <span class='ocrx_word' id='word_1_686' title='bbox 3683 2833 3755 2905; x_wconf 83' lang='grc' dir='ltr'>τῷ</span> 
     </span>
    </p>
   </div>
   <div class='ocr_carea' id='block_1_91' title="bbox 2195 2917 3756 2993">
    <p class='ocr_par' dir='ltr' id='par_1_91' title="bbox 2195 2917 3756 2993">
     <span class='ocr_line' id='line_1_91' title="bbox 2195 2917 3756 2993; baseline 0.007 -25"><span class='ocrx_word' id='word_1_687' title='bbox 2195 2917 2421 2988; x_wconf 84' lang='grc' dir='ltr'>τοιούτῳ</span> <span class='ocrx_word' id='word_1_688' title='bbox 2449 2919 2614 2984; x_wconf 89' lang='grc' dir='ltr'>κακά,</span> <span class='ocrx_word' id='word_1_689' title='bbox 2645 2920 2879 2991; x_wconf 79' lang='grc' dir='ltr'>ἐρημίαν</span> <span class='ocrx_word' id='word_1_690' title='bbox 2914 2922 3265 2993; x_wconf 82' lang='grc' dir='ltr'>προστατῶν·</span> <span class='ocrx_word' id='word_1_691' title='bbox 3309 2927 3409 2980; x_wconf 74' lang='grc' dir='ltr'>καὶ</span> <span class='ocrx_word' id='word_1_692' title='bbox 3436 2927 3609 2981; x_wconf 88' lang='grc' dir='ltr'>πάντα</span> <span class='ocrx_word' id='word_1_693' title='bbox 3631 2926 3756 2990; x_wconf 82' lang='grc' dir='ltr'>ἀξιοῖ</span> 
     </span>
    </p>
   </div>
   <div class='ocr_carea' id='block_1_92' title="bbox 2196 3009 3754 3091">
    <p class='ocr_par' dir='ltr' id='par_1_92' title="bbox 2196 3009 3754 3091">
     <span class='ocr_line' id='line_1_92' title="bbox 2196 3009 3754 3091; baseline 0.005 -29"><span class='ocrx_word' id='word_1_694' title='bbox 2196 3009 2641 3081; x_wconf 80' lang='grc' dir='ltr'>προσχὼννυσθαι</span> <span class='ocrx_word' id='word_1_695' title='bbox 2675 3012 2824 3083; x_wconf 83' lang='grc' dir='ltr'>αὐτῷ</span> <span class='ocrx_word' id='word_1_696' title='bbox 2868 3014 3064 3087; x_wconf 86' lang='grc' dir='ltr'>λιμένα</span> <span class='ocrx_word' id='word_1_697' title='bbox 3087 3057 3102 3081; x_wconf 93' lang='grc'>,</span> <span class='ocrx_word' id='word_1_698' title='bbox 3134 3017 3231 3071; x_wconf 77' lang='grc' dir='ltr'>καὶ</span> <span class='ocrx_word' id='word_1_699' title='bbox 3277 3019 3551 3091; x_wconf 79' lang='grc' dir='ltr'>μηδεμιᾶς</span> <span class='ocrx_word' id='word_1_700' title='bbox 3590 3021 3754 3091; x_wconf 85' lang='grc' dir='ltr'>τυχεῖν</span> 
     </span>
    </p>
   </div>
   <div class='ocr_carea' id='block_1_93' title="bbox 2199 3101 3750 3184">
    <p class='ocr_par' dir='ltr' id='par_1_93' title="bbox 2199 3101 3750 3184">
     <span class='ocr_line' id='line_1_93' title="bbox 2199 3101 3750 3184; baseline 0.009 -30"><span class='ocrx_word' id='word_1_701' title='bbox 2199 3101 2611 3173; x_wconf 88' lang='grc' dir='ltr'>μακροθυμίας,</span> <span class='ocrx_word' id='word_1_702' title='bbox 2639 3104 2773 3176; x_wconf 80' lang='grc' dir='ltr'>μηδὲ</span> <span class='ocrx_word' id='word_1_703' title='bbox 2797 3104 3206 3178; x_wconf 88' lang='grc' dir='ltr'>φιλανθρωπίας</span> <span class='ocrx_word' id='word_1_704' title='bbox 3224 3150 3239 3174; x_wconf 94' lang='grc'>,</span> <span class='ocrx_word' id='word_1_705' title='bbox 3261 3110 3398 3182; x_wconf 80' lang='grc' dir='ltr'>μηδὲ</span> <span class='ocrx_word' id='word_1_706' title='bbox 3423 3112 3750 3184; x_wconf 85' lang='grc' dir='ltr'>συγγνώμης.</span> 
     </span>
    </p>
   </div>
   <div class='ocr_carea' id='block_1_94' title="bbox 2195 3192 3755 3275">
    <p class='ocr_par' dir='ltr' id='par_1_94' title="bbox 2195 3192 3755 3275">
     <span class='ocr_line' id='line_1_94' title="bbox 2195 3192 3755 3275; baseline 0.007 -30"><span class='ocrx_word' id='word_1_707' title='bbox 2195 3192 2382 3247; x_wconf 88' lang='grc' dir='ltr'>Ταῦτα</span> <span class='ocrx_word' id='word_1_708' title='bbox 2411 3194 2488 3262; x_wconf 82' lang='grc' dir='ltr'>δὲ,</span> <span class='ocrx_word' id='word_1_709' title='bbox 2523 3196 2660 3268; x_wconf 84' lang='grc' dir='ltr'>ὅπερ</span> <span class='ocrx_word' id='word_1_710' title='bbox 2698 3196 2869 3269; x_wconf 79' lang='grc' dir='ltr'>ἔφθην</span> <span class='ocrx_word' id='word_1_711' title='bbox 2897 3198 3086 3264; x_wconf 88' lang='grc' dir='ltr'>εἱπὼν,</span> <span class='ocrx_word' id='word_1_712' title='bbox 3109 3201 3204 3254; x_wconf 80' lang='grc' dir='ltr'>καὶ</span> <span class='ocrx_word' id='word_1_713' title='bbox 3232 3203 3476 3273; x_wconf 84' lang='grc' dir='ltr'>συνεχῶς</span> <span class='ocrx_word' id='word_1_714' title='bbox 3512 3204 3673 3272; x_wconf 88' lang='grc' dir='ltr'>λέγων</span> <span class='ocrx_word' id='word_1_715' title='bbox 3697 3203 3755 3275; x_wconf 78' lang='grc' dir='ltr'>οὐ¹</span> 
     </span>
    </p>
   </div>
   <div class='ocr_carea' id='block_1_95' title="bbox 2197 3284 3750 3364">
    <p class='ocr_par' dir='ltr' id='par_1_95' title="bbox 2197 3284 3750 3364">
     <span class='ocr_line' id='line_1_95' title="bbox 2197 3284 3750 3364; baseline 0.007 -27"><span class='ocrx_word' id='word_1_716' title='bbox 2197 3286 2497 3357; x_wconf 87' lang='grc' dir='ltr'>παύσομαι,</span> <span class='ocrx_word' id='word_1_717' title='bbox 2523 3287 2671 3342; x_wconf 88' lang='grc' dir='ltr'>δοκεῖ</span> <span class='ocrx_word' id='word_1_718' title='bbox 2692 3289 2791 3360; x_wconf 82' lang='grc' dir='ltr'>μὲν</span> <span class='ocrx_word' id='word_1_719' title='bbox 2819 3284 2962 3343; x_wconf 81' lang='grc' dir='ltr'>εἶναι</span> <span class='ocrx_word' id='word_1_720' title='bbox 2989 3290 3130 3362; x_wconf 78' lang='grc' dir='ltr'>ἀρᾶς</span> <span class='ocrx_word' id='word_1_721' title='bbox 3147 3305 3161 3320; x_wconf 76' lang='grc' dir='ltr'><strong>ο</strong></span> <span class='ocrx_word' id='word_1_722' title='bbox 3200 3295 3508 3364; x_wconf 81' lang='grc' dir='ltr'>προφητεία</span> <span class='ocrx_word' id='word_1_723' title='bbox 3539 3295 3594 3348; x_wconf 85' lang='grc' dir='ltr'>δέ</span> <span class='ocrx_word' id='word_1_724' title='bbox 3627 3297 3750 3358; x_wconf 85' lang='grc' dir='ltr'>ἐστι,</span> 
     </span>
    </p>
   </div>
   <div class='ocr_carea' id='block_1_96' title="bbox 2193 3377 3750 3459">
    <p class='ocr_par' dir='ltr' id='par_1_96' title="bbox 2193 3377 3750 3459">
     <span class='ocr_line' id='line_1_96' title="bbox 2193 3377 3750 3459; baseline 0.007 -28"><span class='ocrx_word' id='word_1_725' title='bbox 2193 3377 2513 3434; x_wconf 86' lang='grc' dir='ltr'>δεικνύουσα</span> <span class='ocrx_word' id='word_1_726' title='bbox 2548 3382 2666 3446; x_wconf 83' lang='grc' dir='ltr'>πῶς</span> <span class='ocrx_word' id='word_1_727' title='bbox 2703 3383 3064 3454; x_wconf 78' lang='grc' dir='ltr'>παροξύνεται</span> <span class='ocrx_word' id='word_1_728' title='bbox 3090 3384 3120 3437; x_wconf 88' lang='grc' dir='ltr'><em>ὀ</em></span> <span class='ocrx_word' id='word_1_729' title='bbox 3159 3383 3322 3452; x_wconf 79' lang='grc' dir='ltr'>Θεὸς,</span> <span class='ocrx_word' id='word_1_730' title='bbox 3352 3387 3482 3441; x_wconf 85' lang='grc' dir='ltr'>ὅταν</span> <span class='ocrx_word' id='word_1_731' title='bbox 3510 3388 3750 3459; x_wconf 87' lang='grc' dir='ltr'>ἱερωσύνη</span> 
     </span>
    </p>
   </div>
   <div class='ocr_carea' id='block_1_97' title="bbox 2195 3470 3754 3551">
    <p class='ocr_par' dir='ltr' id='par_1_97' title="bbox 2195 3470 3754 3551">
     <span class='ocr_line' id='line_1_97' title="bbox 2195 3470 3754 3551; baseline 0.004 -26"><span class='ocrx_word' id='word_1_732' title='bbox 2195 3470 2635 3544; x_wconf 89' lang='grc' dir='ltr'>ἐπιϐουλεύηται.</span> <span class='ocrx_word' id='word_1_733' title='bbox 2660 3471 2792 3528; x_wconf 85' lang='grc' dir='ltr'>Εῐτα</span> <span class='ocrx_word' id='word_1_734' title='bbox 2826 3474 2967 3529; x_wconf 84' lang='grc' dir='ltr'>κατὰ</span> <span class='ocrx_word' id='word_1_735' title='bbox 2991 3474 3134 3541; x_wconf 81' lang='grc' dir='ltr'>λέξιν</span> <span class='ocrx_word' id='word_1_736' title='bbox 3165 3474 3265 3539; x_wconf 80' lang='grc' dir='ltr'>τὰς</span> <span class='ocrx_word' id='word_1_737' title='bbox 3299 3478 3586 3551; x_wconf 74' lang='grc' dir='ltr'>συμφοράς</span> <span class='ocrx_word' id='word_1_738' title='bbox 3612 3477 3754 3543; x_wconf 79' lang='grc' dir='ltr'>ἐπεξ-</span> 
     </span>
    </p>
   </div>
   <div class='ocr_carea' id='block_1_98' title="bbox 2194 3561 3753 3639">
    <p class='ocr_par' dir='ltr' id='par_1_98' title="bbox 2194 3561 3753 3639">
     <span class='ocr_line' id='line_1_98' title="bbox 2194 3561 3753 3639; baseline 0.004 -21"><span class='ocrx_word' id='word_1_739' title='bbox 2194 3565 2436 3637; x_wconf 86' lang='grc' dir='ltr'>έρχεται,</span> <span class='ocrx_word' id='word_1_740' title='bbox 2466 3566 2560 3621; x_wconf 88' lang='grc' dir='ltr'>καί</span> <span class='ocrx_word' id='word_1_741' title='bbox 2593 3583 2757 3638; x_wconf 85' lang='grc' dir='ltr'>φησιν</span> <span class='ocrx_word' id='word_1_742' title='bbox 2776 3583 2792 3599; x_wconf 92' lang='grc'>·</span> <span class='ocrx_word' id='word_1_743' title='bbox 2836 3568 2993 3622; x_wconf 80' lang='grc' dir='ltr'>Ἀνθ’</span> <span class='ocrx_word' id='word_1_744' title='bbox 3020 3561 3109 3621; x_wconf 84' lang='grc' dir='ltr'>ὧν</span> <span class='ocrx_word' id='word_1_745' title='bbox 3152 3570 3264 3622; x_wconf 82' lang='grc' dir='ltr'>οὐκ</span> <span class='ocrx_word' id='word_1_746' title='bbox 3293 3567 3570 3639; x_wconf 76' lang='grc' dir='ltr'>ἐμνήσθη</span> <span class='ocrx_word' id='word_1_747' title='bbox 3598 3568 3753 3638; x_wconf 77' lang='grc' dir='ltr'>ποιῆο</span> 
     </span>
    </p>
   </div>
   <div class='ocr_carea' id='block_1_99' title="bbox 2193 3658 3753 3730">
    <p class='ocr_par' dir='ltr' id='par_1_99' title="bbox 2193 3658 3753 3730">
     <span class='ocr_line' id='line_1_99' title="bbox 2193 3658 3753 3730; baseline 0.001 -18"><span class='ocrx_word' id='word_1_748' title='bbox 2193 3674 2297 3712; x_wconf 88' lang='grc' dir='ltr'>σαι</span> <span class='ocrx_word' id='word_1_749' title='bbox 2320 3658 2515 3714; x_wconf 76' lang='grc' dir='ltr'>ἔλεον.</span> <span class='ocrx_word' id='word_1_750' title='bbox 2546 3660 2655 3713; x_wconf 76' lang='grc' dir='ltr'>Καὶ</span> <span class='ocrx_word' id='word_1_751' title='bbox 2683 3660 3044 3724; x_wconf 79' lang='grc' dir='ltr'>κατεδίωξεν</span> <span class='ocrx_word' id='word_1_752' title='bbox 3075 3658 3393 3727; x_wconf 80' lang='grc' dir='ltr'>ἄνθρωπον</span> <span class='ocrx_word' id='word_1_753' title='bbox 3422 3660 3644 3730; x_wconf 77' lang='grc' dir='ltr'>πένητα</span> <span class='ocrx_word' id='word_1_754' title='bbox 3669 3660 3753 3715; x_wconf 72' lang='grc' dir='ltr'>καί</span> 
     </span>
    </p>
   </div>
   <div class='ocr_carea' id='block_1_100' title="bbox 2192 3747 3757 3820">
    <p class='ocr_par' dir='ltr' id='par_1_100' title="bbox 2192 3747 3757 3820">
     <span class='ocr_line' id='line_1_100' title="bbox 2192 3747 3757 3820; baseline -0.001 -13"><span class='ocrx_word' id='word_1_755' title='bbox 2192 3749 2455 3819; x_wconf 79' lang='grc' dir='ltr'>πτωχὸν,</span> <span class='ocrx_word' id='word_1_756' title='bbox 2472 3750 2570 3803; x_wconf 77' lang='grc' dir='ltr'>καὶ</span> <span class='ocrx_word' id='word_1_757' title='bbox 2586 3751 3110 3820; x_wconf 77' lang='grc' dir='ltr'>κατανενυγμένον</span> <span class='ocrx_word' id='word_1_758' title='bbox 3128 3747 3202 3820; x_wconf 83' lang='grc' dir='ltr'>τῆ</span> <span class='ocrx_word' id='word_1_759' title='bbox 3220 3750 3437 3820; x_wconf 81' lang='grc' dir='ltr'>καρδίᾳ</span> <span class='ocrx_word' id='word_1_760' title='bbox 3458 3752 3564 3807; x_wconf 84' lang='grc' dir='ltr'>τοῦ</span> <span class='ocrx_word' id='word_1_761' title='bbox 3588 3753 3757 3806; x_wconf 70' lang='lat' dir='ltr'><strong><em>Gara-</em></strong></span> 
     </span>
    </p>
   </div>
   <div class='ocr_carea' id='block_1_101' title="bbox 2192 3840 3751 3916">
    <p class='ocr_par' dir='ltr' id='par_1_101' title="bbox 2192 3840 3751 3916">
     <span class='ocr_line' id='line_1_101' title="bbox 2192 3840 3751 3916; baseline -0.003 -18"><span class='ocrx_word' id='word_1_762' title='bbox 2192 3840 2397 3899; x_wconf 88' lang='grc' dir='ltr'>τῶσαι.</span> <span class='ocrx_word' id='word_1_763' title='bbox 2434 3842 2604 3897; x_wconf 85' lang='grc' dir='ltr'>Τοῦτο</span> <span class='ocrx_word' id='word_1_764' title='bbox 2629 3841 2778 3916; x_wconf 67' lang='grc'>[247]</span> <span class='ocrx_word' id='word_1_765' title='bbox 2802 3844 3037 3914; x_wconf 88' lang='grc' dir='ltr'>ἐσχάτης</span> <span class='ocrx_word' id='word_1_766' title='bbox 3058 3841 3363 3913; x_wconf 82' lang='grc' dir='ltr'>ὠμότητος,</span> <span class='ocrx_word' id='word_1_767' title='bbox 3395 3843 3551 3897; x_wconf 85' lang='grc' dir='ltr'>τοῦτο</span> <span class='ocrx_word' id='word_1_768' title='bbox 3570 3841 3751 3912; x_wconf 79' lang='grc' dir='ltr'>πολλῆς</span> 
     </span>
    </p>
   </div>
   <div class='ocr_carea' id='block_1_102' title="bbox 2192 3931 3752 4010">
    <p class='ocr_par' dir='ltr' id='par_1_102' title="bbox 2192 3931 3752 4010">
     <span class='ocr_line' id='line_1_102' title="bbox 2192 3931 3752 4010; baseline 0 -21"><span class='ocrx_word' id='word_1_769' title='bbox 2192 3935 2621 4008; x_wconf 85' lang='grc' dir='ltr'>ἀπανθρωπίας,</span> <span class='ocrx_word' id='word_1_770' title='bbox 2643 3936 2772 3989; x_wconf 83' lang='grc' dir='ltr'>ὅταν</span> <span class='ocrx_word' id='word_1_771' title='bbox 2815 3934 2890 4006; x_wconf 81' lang='grc' dir='ltr'>μὴ</span> <span class='ocrx_word' id='word_1_772' title='bbox 2947 3935 3107 4006; x_wconf 88' lang='grc' dir='ltr'>μόνον</span> <span class='ocrx_word' id='word_1_773' title='bbox 3138 3951 3221 3998; x_wconf 88' lang='grc' dir='ltr'>τις</span> <span class='ocrx_word' id='word_1_774' title='bbox 3249 3935 3606 4010; x_wconf 83' lang='grc' dir='ltr'>ἐπιϐουλεύῃ,</span> <span class='ocrx_word' id='word_1_775' title='bbox 3630 3931 3752 3989; x_wconf 78' lang='grc' dir='ltr'>ἀλλὰ</span> 
     </span>
    </p>
   </div>
   <div class='ocr_carea' id='block_1_103' title="bbox 2192 4026 3751 4101">
    <p class='ocr_par' dir='ltr' id='par_1_103' title="bbox 2192 4026 3751 4101">
     <span class='ocr_line' id='line_1_103' title="bbox 2192 4026 3751 4101; baseline -0.003 -17"><span class='ocrx_word' id='word_1_776' title='bbox 2192 4031 2286 4085; x_wconf 77' lang='grc' dir='ltr'>καὶ</span> <span class='ocrx_word' id='word_1_777' title='bbox 2317 4029 2407 4083; x_wconf 81' lang='grc' dir='ltr'>τὸν</span> <span class='ocrx_word' id='word_1_778' title='bbox 2433 4029 2615 4083; x_wconf 81' lang='grc' dir='ltr'>ἱκανὸν</span> <span class='ocrx_word' id='word_1_779' title='bbox 2647 4028 2941 4083; x_wconf 84' lang='grc' dir='ltr'>ἐπικλάσαι</span> <span class='ocrx_word' id='word_1_780' title='bbox 2971 4027 3111 4099; x_wconf 82' lang='grc' dir='ltr'>πρὸς</span> <span class='ocrx_word' id='word_1_781' title='bbox 3138 4026 3286 4083; x_wconf 83' lang='grc' dir='ltr'>έλεον</span> <span class='ocrx_word' id='word_1_782' title='bbox 3323 4030 3421 4084; x_wconf 83' lang='grc' dir='ltr'>καὶ</span> <span class='ocrx_word' id='word_1_783' title='bbox 3462 4030 3597 4101; x_wconf 82' lang='grc' dir='ltr'>πρὸς</span> <span class='ocrx_word' id='word_1_784' title='bbox 3630 4043 3751 4096; x_wconf 85' lang='grc' dir='ltr'>συμ-</span> 
     </span>
    </p>
   </div>
   <div class='ocr_carea' id='block_1_104' title="bbox 2192 4116 3751 4194">
    <p class='ocr_par' dir='ltr' id='par_1_104' title="bbox 2192 4116 3751 4194">
     <span class='ocr_line' id='line_1_104' title="bbox 2192 4116 3751 4194; baseline -0.004 -19"><span class='ocrx_word' id='word_1_785' title='bbox 2192 4121 2424 4177; x_wconf 89' lang='grc' dir='ltr'>πάθειαν</span> <span class='ocrx_word' id='word_1_786' title='bbox 2453 4120 2783 4194; x_wconf 77' lang='grc' dir='ltr'>ἐπικάμψαι.</span> <span class='ocrx_word' id='word_1_787' title='bbox 2831 4121 2891 4174; x_wconf 80' lang='grc' dir='ltr'><strong>Ὀ</strong></span> <span class='ocrx_word' id='word_1_788' title='bbox 2931 4121 3041 4192; x_wconf 84' lang='grc' dir='ltr'>γάρ</span> <span class='ocrx_word' id='word_1_789' title='bbox 3072 4119 3308 4186; x_wconf 90' lang='grc' dir='ltr'>τοιοῦτος</span> <span class='ocrx_word' id='word_1_790' title='bbox 3356 4121 3495 4193; x_wconf 78' lang='grc' dir='ltr'>πρὸς</span> <span class='ocrx_word' id='word_1_791' title='bbox 3524 4120 3617 4192; x_wconf 80' lang='grc' dir='ltr'>τὴν</span> <span class='ocrx_word' id='word_1_792' title='bbox 3654 4116 3751 4170; x_wconf 84' lang='grc' dir='ltr'>τῶν</span> 
     </span>
    </p>
   </div>
   <div class='ocr_carea' id='block_1_105' title="bbox 2192 4209 3749 4286">
    <p class='ocr_par' dir='ltr' id='par_1_105' title="bbox 2192 4209 3749 4286">
     <span class='ocr_line' id='line_1_105' title="bbox 2192 4209 3749 4286; baseline -0.004 -18"><span class='ocrx_word' id='word_1_793' title='bbox 2192 4213 2397 4286; x_wconf 87' lang='grc' dir='ltr'>θηρίων</span> <span class='ocrx_word' id='word_1_794' title='bbox 2426 4214 2730 4286; x_wconf 88' lang='grc' dir='ltr'>ἀγριότητα</span> <span class='ocrx_word' id='word_1_795' title='bbox 2757 4209 3036 4280; x_wconf 80' lang='grc' dir='ltr'>ἐξώκειλε,</span> <span class='ocrx_word' id='word_1_796' title='bbox 3086 4210 3288 4284; x_wconf 74' lang='grc' dir='ltr'>μᾶλλον</span> <span class='ocrx_word' id='word_1_797' title='bbox 3313 4213 3374 4268; x_wconf 78' lang='grc' dir='ltr'>δὲ</span> <span class='ocrx_word' id='word_1_798' title='bbox 3416 4214 3510 4270; x_wconf 76' lang='grc' dir='ltr'>καὶ</span> <span class='ocrx_word' id='word_1_799' title='bbox 3546 4212 3749 4268; x_wconf 78' lang='grc' dir='ltr'>ἐκείνων</span> 
     </span>
    </p>
   </div>
   <div class='ocr_carea' id='block_1_106' title="bbox 2190 4300 3753 4379">
    <p class='ocr_par' dir='ltr' id='par_1_106' title="bbox 2190 4300 3753 4379">
     <span class='ocr_line' id='line_1_106' title="bbox 2190 4300 3753 4379; baseline 0 -19"><span class='ocrx_word' id='word_1_800' title='bbox 2190 4306 2569 4378; x_wconf 83' lang='grc' dir='ltr'>χαλεπώτερος</span> <span class='ocrx_word' id='word_1_801' title='bbox 2599 4307 2813 4375; x_wconf 86' lang='grc' dir='ltr'>γέγονε.</span> <span class='ocrx_word' id='word_1_802' title='bbox 2844 4303 2969 4370; x_wconf 83' lang='grc' dir='ltr'>Τοῖς</span> <span class='ocrx_word' id='word_1_803' title='bbox 3003 4305 3103 4377; x_wconf 68' lang='grc' dir='ltr'>μὲν</span> <span class='ocrx_word' id='word_1_804' title='bbox 3130 4305 3242 4379; x_wconf 90' lang='grc' dir='ltr'>γάρ</span> <span class='ocrx_word' id='word_1_805' title='bbox 3263 4305 3476 4379; x_wconf 86' lang='grc' dir='ltr'>θηρίοις</span> <span class='ocrx_word' id='word_1_806' title='bbox 3506 4305 3642 4362; x_wconf 86' lang='grc' dir='ltr'>κατά</span> <span class='ocrx_word' id='word_1_807' title='bbox 3667 4300 3753 4372; x_wconf 82' lang='grc' dir='ltr'>φύ-</span> 
     </span>
    </p>
   </div>
   <div class='ocr_carea' id='block_1_107' title="bbox 2192 4392 3747 4472">
    <p class='ocr_par' dir='ltr' id='par_1_107' title="bbox 2192 4392 3747 4472">
     <span class='ocr_line' id='line_1_107' title="bbox 2192 4392 3747 4472; baseline -0.001 -18"><span class='ocrx_word' id='word_1_808' title='bbox 2192 4416 2277 4454; x_wconf 91' lang='grc' dir='ltr'>σιν</span> <span class='ocrx_word' id='word_1_809' title='bbox 2304 4399 2367 4453; x_wconf 84' lang='grc' dir='ltr'>τὸ</span> <span class='ocrx_word' id='word_1_810' title='bbox 2393 4398 2657 4471; x_wconf 85' lang='grc' dir='ltr'>θηριῶδες</span> <span class='ocrx_word' id='word_1_811' title='bbox 2673 4414 2689 4430; x_wconf 88' lang='grc'>·</span> <span class='ocrx_word' id='word_1_812' title='bbox 2716 4392 2874 4462; x_wconf 75' lang='grc' dir='ltr'>οὗτος</span> <span class='ocrx_word' id='word_1_813' title='bbox 2897 4396 2957 4451; x_wconf 83' lang='grc' dir='ltr'>δέ</span> <span class='ocrx_word' id='word_1_814' title='bbox 2975 4397 3121 4469; x_wconf 85' lang='grc' dir='ltr'>λόγῳ</span> <span class='ocrx_word' id='word_1_815' title='bbox 3139 4398 3395 4471; x_wconf 78' lang='grc' dir='ltr'>τιμηθεὶς</span> <span class='ocrx_word' id='word_1_816' title='bbox 3409 4438 3424 4464; x_wconf 88' lang='grc'>,</span> <span class='ocrx_word' id='word_1_817' title='bbox 3446 4402 3511 4472; x_wconf 76' lang='grc' dir='ltr'>τῇ</span> <span class='ocrx_word' id='word_1_818' title='bbox 3535 4396 3747 4468; x_wconf 76' lang='grc' dir='ltr'>πονηρίᾳ</span> 
     </span>
    </p>
   </div>
   <div class='ocr_carea' id='block_1_108' title="bbox 2189 4487 3749 4564">
    <p class='ocr_par' dir='ltr' id='par_1_108' title="bbox 2189 4487 3749 4564">
     <span class='ocr_line' id='line_1_108' title="bbox 2189 4487 3749 4564; baseline -0.001 -19"><span class='ocrx_word' id='word_1_819' title='bbox 2189 4491 2287 4563; x_wconf 83' lang='grc' dir='ltr'>τὴν</span> <span class='ocrx_word' id='word_1_820' title='bbox 2315 4491 2593 4555; x_wconf 82' lang='grc' dir='ltr'>εὐγένειαν</span> <span class='ocrx_word' id='word_1_821' title='bbox 2635 4489 2933 4563; x_wconf 86' lang='grc' dir='ltr'>προέδωκε.</span> <span class='ocrx_word' id='word_1_822' title='bbox 2964 4490 3210 4545; x_wconf 82' lang='grc' dir='ltr'>Κάκεῖνα</span> <span class='ocrx_word' id='word_1_823' title='bbox 3241 4490 3342 4561; x_wconf 75' lang='grc' dir='ltr'>μὲν</span> <span class='ocrx_word' id='word_1_824' title='bbox 3378 4491 3515 4564; x_wconf 79' lang='grc' dir='ltr'>πρὸς</span> <span class='ocrx_word' id='word_1_825' title='bbox 3548 4491 3606 4545; x_wconf 84' lang='grc' dir='ltr'>τὸ</span> <span class='ocrx_word' id='word_1_826' title='bbox 3634 4487 3749 4560; x_wconf 76' lang='grc' dir='ltr'>ὁμό-</span> 
     </span>
    </p>
   </div>
   <div class='ocr_carea' id='block_1_109' title="bbox 2190 4581 3749 4657">
    <p class='ocr_par' dir='ltr' id='par_1_109' title="bbox 2190 4581 3749 4657">
     <span class='ocr_line' id='line_1_109' title="bbox 2190 4581 3749 4657; baseline -0.001 -21"><span class='ocrx_word' id='word_1_827' title='bbox 2190 4583 2354 4654; x_wconf 90' lang='grc' dir='ltr'>φυλον</span> <span class='ocrx_word' id='word_1_828' title='bbox 2381 4585 2478 4638; x_wconf 77' lang='lat' dir='ltr'><strong><em>xal</em></strong></span> <span class='ocrx_word' id='word_1_829' title='bbox 2509 4583 2768 4652; x_wconf 80' lang='grc' dir='ltr'>συγγενὲς</span> <span class='ocrx_word' id='word_1_830' title='bbox 2795 4582 2908 4653; x_wconf 73' lang='grc' dir='ltr'>ἔχει</span> <span class='ocrx_word' id='word_1_831' title='bbox 2939 4582 3061 4636; x_wconf 75' lang='grc' dir='ltr'>τινὰ</span> <span class='ocrx_word' id='word_1_832' title='bbox 3081 4581 3262 4653; x_wconf 85' lang='grc' dir='ltr'>φιλίαν</span> <span class='ocrx_word' id='word_1_833' title='bbox 3291 4585 3386 4639; x_wconf 81' lang='grc' dir='ltr'>καὶ</span> <span class='ocrx_word' id='word_1_834' title='bbox 3420 4584 3749 4657; x_wconf 66' lang='grc' dir='ltr'>ήμερότηταν</span> 
     </span>
    </p>
   </div>
   <div class='ocr_carea' id='block_1_110' title="bbox 2188 4670 3744 4750">
    <p class='ocr_par' dir='ltr' id='par_1_110' title="bbox 2188 4670 3744 4750">
     <span class='ocr_line' id='line_1_110' title="bbox 2188 4670 3744 4750; baseline -0.004 -19"><span class='ocrx_word' id='word_1_835' title='bbox 2188 4670 2332 4731; x_wconf 76' lang='grc' dir='ltr'>οὗτοι</span> <span class='ocrx_word' id='word_1_836' title='bbox 2358 4676 2416 4731; x_wconf 79' lang='grc' dir='ltr'>δέ</span> <span class='ocrx_word' id='word_1_837' title='bbox 2443 4677 2563 4731; x_wconf 83' lang='grc' dir='ltr'>οὐδὲ</span> <span class='ocrx_word' id='word_1_838' title='bbox 2594 4676 2655 4731; x_wconf 84' lang='grc' dir='ltr'>τὸ</span> <span class='ocrx_word' id='word_1_839' title='bbox 2689 4677 2866 4730; x_wconf 85' lang='grc' dir='ltr'>κοινὸν</span> <span class='ocrx_word' id='word_1_840' title='bbox 2903 4676 3002 4748; x_wconf 81' lang='grc' dir='ltr'>τῆς</span> <span class='ocrx_word' id='word_1_841' title='bbox 3038 4675 3253 4746; x_wconf 88' lang='grc' dir='ltr'>φύσεως</span> <span class='ocrx_word' id='word_1_842' title='bbox 3282 4676 3581 4750; x_wconf 70' lang='grc' dir='ltr'>ᾐδέσθησαν</span> <span class='ocrx_word' id='word_1_843' title='bbox 3599 4716 3613 4740; x_wconf 91' lang='grc'>,</span> <span class='ocrx_word' id='word_1_844' title='bbox 3641 4672 3744 4728; x_wconf 82' lang='grc' dir='ltr'>ἀλλ’</span> 
     </span>
    </p>
   </div>
   <div class='ocr_carea' id='block_1_111' title="bbox 2188 4767 3743 4841">
    <p class='ocr_par' dir='ltr' id='par_1_111' title="bbox 2188 4767 3743 4841">
     <span class='ocr_line' id='line_1_111' title="bbox 2188 4767 3743 4841; baseline -0.004 -19"><span class='ocrx_word' id='word_1_845' title='bbox 2188 4768 2247 4822; x_wconf 82' lang='grc' dir='ltr'>ὃν</span> <span class='ocrx_word' id='word_1_846' title='bbox 2275 4769 2381 4823; x_wconf 82' lang='grc' dir='ltr'>ἔδει</span> <span class='ocrx_word' id='word_1_847' title='bbox 2409 4769 2578 4823; x_wconf 85' lang='grc' dir='ltr'>ἐλεεῖν</span> <span class='ocrx_word' id='word_1_848' title='bbox 2606 4769 2700 4823; x_wconf 72' lang='grc' dir='ltr'>καὶ</span> <span class='ocrx_word' id='word_1_849' title='bbox 2719 4769 2930 4839; x_wconf 85' lang='grc' dir='ltr'>ἀνέχειν</span> <span class='ocrx_word' id='word_1_850' title='bbox 2955 4768 3049 4823; x_wconf 73' lang='grc' dir='ltr'>καὶ</span> <span class='ocrx_word' id='word_1_851' title='bbox 3075 4768 3357 4841; x_wconf 87' lang='grc' dir='ltr'>ἀνορθοῦν,</span> <span class='ocrx_word' id='word_1_852' title='bbox 3379 4768 3567 4825; x_wconf 87' lang='grc' dir='ltr'>τοῦτον</span> <span class='ocrx_word' id='word_1_853' title='bbox 3589 4767 3743 4821; x_wconf 82' lang='grc' dir='ltr'>ὤθουν</span> 
     </span>
    </p>
   </div>
   <div class='ocr_carea' id='block_1_112' title="bbox 2187 4858 3745 4937">
    <p class='ocr_par' dir='ltr' id='par_1_112' title="bbox 2187 4858 3745 4937">
     <span class='ocr_line' id='line_1_112' title="bbox 2187 4858 3745 4937; baseline -0.007 -15"><span class='ocrx_word' id='word_1_854' title='bbox 2187 4867 2283 4922; x_wconf 78' lang='grc' dir='ltr'>καὶ</span> <span class='ocrx_word' id='word_1_855' title='bbox 2329 4866 2647 4937; x_wconf 81' lang='grc' dir='ltr'>ἀνέτρεπον.</span> <span class='ocrx_word' id='word_1_856' title='bbox 2686 4865 2797 4920; x_wconf 78' lang='grc' dir='ltr'>Καὶ</span> <span class='ocrx_word' id='word_1_857' title='bbox 2834 4865 3116 4934; x_wconf 76' lang='grc' dir='ltr'>ἠγάπησε</span> <span class='ocrx_word' id='word_1_858' title='bbox 3154 4863 3456 4933; x_wconf 75' lang='grc' dir='ltr'>κατάραν,</span> <span class='ocrx_word' id='word_1_859' title='bbox 3487 4863 3583 4919; x_wconf 78' lang='grc' dir='ltr'>καί</span> <span class='ocrx_word' id='word_1_860' title='bbox 3621 4858 3745 4928; x_wconf 76' lang='grc' dir='ltr'>ἥξει</span> 
     </span>
    </p>
   </div>
   <div class='ocr_carea' id='block_1_113' title="bbox 2186 4957 3740 5028">
    <p class='ocr_par' dir='ltr' id='par_1_113' title="bbox 2186 4957 3740 5028">
     <span class='ocr_line' id='line_1_113' title="bbox 2186 4957 3740 5028; baseline -0.007 -12"><span class='ocrx_word' id='word_1_861' title='bbox 2186 4959 2348 5027; x_wconf 84' lang='grc' dir='ltr'>αὐτῷ</span> <span class='ocrx_word' id='word_1_862' title='bbox 2366 4979 2381 4995; x_wconf 90' lang='grc'>·</span> <span class='ocrx_word' id='word_1_863' title='bbox 2414 4961 2511 5014; x_wconf 79' lang='grc' dir='ltr'>καὶ</span> <span class='ocrx_word' id='word_1_864' title='bbox 2536 4962 2649 5015; x_wconf 83' lang='grc' dir='ltr'>οὐκ</span> <span class='ocrx_word' id='word_1_865' title='bbox 2675 4957 2982 5028; x_wconf 78' lang='grc' dir='ltr'>ἠθέλησεν</span> <span class='ocrx_word' id='word_1_866' title='bbox 3009 4959 3298 5028; x_wconf 74' lang='grc' dir='ltr'>εὐλογίαν</span> <span class='ocrx_word' id='word_1_867' title='bbox 3317 5000 3334 5027; x_wconf 92' lang='grc'>,</span> <span class='ocrx_word' id='word_1_868' title='bbox 3365 4958 3466 5013; x_wconf 76' lang='grc' dir='ltr'>καί</span> <span class='ocrx_word' id='word_1_869' title='bbox 3490 4968 3740 5027; x_wconf 77' lang='grc' dir='ltr'>μακρυν-</span> 
     </span>
    </p>
   </div>
   <div class='ocr_carea' id='block_1_114' title="bbox 2186 5043 3743 5122">
    <p class='ocr_par' dir='ltr' id='par_1_114' title="bbox 2186 5043 3743 5122">
     <span class='ocr_line' id='line_1_114' title="bbox 2186 5043 3743 5122; baseline -0.008 -14"><span class='ocrx_word' id='word_1_870' title='bbox 2186 5054 2436 5121; x_wconf 85' lang='grc' dir='ltr'>θήσεται</span> <span class='ocrx_word' id='word_1_871' title='bbox 2461 5052 2563 5107; x_wconf 80' lang='grc' dir='ltr'>ἀπ’</span> <span class='ocrx_word' id='word_1_872' title='bbox 2595 5050 2801 5106; x_wconf 83' lang='grc' dir='ltr'>αὐτοῦ.</span> <span class='ocrx_word' id='word_1_873' title='bbox 2841 5049 3057 5122; x_wconf 83' lang='grc' dir='ltr'>Ἐπειδὴ</span> <span class='ocrx_word' id='word_1_874' title='bbox 3096 5049 3299 5114; x_wconf 80' lang='grc' dir='ltr'>πολλὰς</span> <span class='ocrx_word' id='word_1_875' title='bbox 3330 5047 3629 5122; x_wconf 84' lang='grc' dir='ltr'>κατηύξατο</span> <span class='ocrx_word' id='word_1_876' title='bbox 3656 5043 3743 5098; x_wconf 69' lang='lat' dir='ltr'>af»</span> 
     </span>
    </p>
   </div>
   <div class='ocr_carea' id='block_1_115' title="bbox 2183 5134 3741 5217">
    <p class='ocr_par' dir='ltr' id='par_1_115' title="bbox 2183 5134 3741 5217">
     <span class='ocr_line' id='line_1_115' title="bbox 2183 5134 3741 5217; baseline -0.006 -17"><span class='ocrx_word' id='word_1_877' title='bbox 2183 5146 2281 5200; x_wconf 91' lang='grc' dir='ltr'>τοῦ</span> <span class='ocrx_word' id='word_1_878' title='bbox 2312 5144 2629 5217; x_wconf 79' lang='grc' dir='ltr'>συμφοράς,</span> <span class='ocrx_word' id='word_1_879' title='bbox 2664 5144 2938 5198; x_wconf 86' lang='grc' dir='ltr'>δείκνυσιν</span> <span class='ocrx_word' id='word_1_880' title='bbox 2966 5143 3028 5196; x_wconf 87' lang='grc' dir='ltr'>ού</span> <span class='ocrx_word' id='word_1_881' title='bbox 3059 5144 3191 5214; x_wconf 89' lang='grc' dir='ltr'>παρ’</span> <span class='ocrx_word' id='word_1_882' title='bbox 3226 5142 3390 5197; x_wconf 81' lang='grc' dir='ltr'>αὐτοῦ</span> <span class='ocrx_word' id='word_1_883' title='bbox 3415 5185 3428 5207; x_wconf 86' lang='grc'>,</span> <span class='ocrx_word' id='word_1_884' title='bbox 3466 5141 3596 5196; x_wconf 84' lang='grc' dir='ltr'>ἀλλά</span> <span class='ocrx_word' id='word_1_885' title='bbox 3622 5134 3741 5208; x_wconf 80' lang='grc' dir='ltr'>παρ’</span> 
     </span>
    </p>
   </div>
   <div class='ocr_carea' id='block_1_116' title="bbox 2185 5230 3741 5311">
    <p class='ocr_par' dir='ltr' id='par_1_116' title="bbox 2185 5230 3741 5311">
     <span class='ocr_line' id='line_1_116' title="bbox 2185 5230 3741 5311; baseline -0.01 -16"><span class='ocrx_word' id='word_1_886' title='bbox 2185 5238 2394 5295; x_wconf 83' lang='grc' dir='ltr'>ἐκείνου</span> <span class='ocrx_word' id='word_1_887' title='bbox 2427 5239 2524 5311; x_wconf 82' lang='grc' dir='ltr'>τὴν</span> <span class='ocrx_word' id='word_1_888' title='bbox 2556 5238 2731 5309; x_wconf 79' lang='grc' dir='ltr'>ἀρχὴν</span> <span class='ocrx_word' id='word_1_889' title='bbox 2756 5235 2963 5290; x_wconf 90' lang='grc' dir='ltr'>τούτων</span> <span class='ocrx_word' id='word_1_890' title='bbox 2981 5235 3281 5308; x_wconf 87' lang='grc' dir='ltr'>γενομένην</span> <span class='ocrx_word' id='word_1_891' title='bbox 3305 5236 3399 5291; x_wconf 75' lang='grc' dir='ltr'>καὶ</span> <span class='ocrx_word' id='word_1_892' title='bbox 3429 5236 3526 5306; x_wconf 84' lang='grc' dir='ltr'>τὴν</span> <span class='ocrx_word' id='word_1_893' title='bbox 3556 5230 3741 5292; x_wconf 77' lang='grc' dir='ltr'>αἰτίαν,</span> 
     </span>
    </p>
   </div>
   <div class='ocr_carea' id='block_1_117' title="bbox 2244 5367 3622 5432">
    <p class='ocr_par' dir='ltr' id='par_1_117' title="bbox 2244 5367 3622 5432">
     <span class='ocr_line' id='line_1_117' title="bbox 2244 5367 3622 5432; baseline -0.004 -13"><span class='ocrx_word' id='word_1_894' title='bbox 2244 5371 2274 5411; x_wconf 72' lang='grc'><strong>1)</strong></span> <span class='ocrx_word' id='word_1_895' title='bbox 2299 5370 2449 5420; x_wconf 81' lang='lat' dir='ltr'>Savil.</span> <span class='ocrx_word' id='word_1_896' title='bbox 2473 5370 2557 5432; x_wconf 68' lang='grc' dir='ltr'>καὶ</span> <span class='ocrx_word' id='word_1_897' title='bbox 2574 5370 2731 5432; x_wconf 83' lang='grc' dir='ltr'>ἕτερον</span> <span class='ocrx_word' id='word_1_898' title='bbox 2747 5368 2891 5432; x_wconf 83' lang='grc' dir='ltr'>πάλιν</span> <span class='ocrx_word' id='word_1_899' title='bbox 2916 5368 3060 5432; x_wconf 66' lang='grc' dir='ltr'>(ὅπερ</span> <span class='ocrx_word' id='word_1_900' title='bbox 3079 5369 3160 5417; x_wconf 77' lang='grc' dir='ltr'>καὶ</span> <span class='ocrx_word' id='word_1_901' title='bbox 3198 5368 3327 5431; x_wconf 80' lang='grc' dir='ltr'>ἔγκλ.</span> <span class='ocrx_word' id='word_1_902' title='bbox 3501 5367 3622 5432; x_wconf 76' lang='grc' dir='ltr'>ὅταν.</span> 
     </span>
    </p>
   </div>
   <div class='ocr_carea' id='block_1_118' title="bbox 2246 5420 3739 5498">
    <p class='ocr_par' dir='ltr' id='par_1_118' title="bbox 2246 5420 3739 5498">
     <span class='ocr_line' id='line_1_118' title="bbox 2246 5420 3739 5498; baseline 0.005 -34"><span class='ocrx_word' id='word_1_903' title='bbox 2246 5435 2270 5464; x_wconf 82' lang='lat' dir='ltr'><strong>c</strong></span> <span class='ocrx_word' id='word_1_904' title='bbox 2296 5433 2422 5494; x_wconf 80' lang='lat' dir='ltr'>Reg.</span> <span class='ocrx_word' id='word_1_905' title='bbox 2448 5420 2717 5498; x_wconf 27' lang='grc' dir='ltr'>ἀἰνίττεται</span> <span class='ocrx_word' id='word_1_906' title='bbox 2739 5431 2792 5478; x_wconf 84' lang='grc' dir='ltr'>δέ</span> <span class='ocrx_word' id='word_1_907' title='bbox 2809 5420 2931 5498; x_wconf 49' lang='lat' dir='ltr'>Eva:</span> <span class='ocrx_word' id='word_1_908' title='bbox 2954 5420 3039 5498; x_wconf 51' lang='lat' dir='ltr'>In_&#39;</span> <span class='ocrx_word' id='word_1_909' title='bbox 3050 5431 3161 5498; x_wconf 64' lang='lat' dir='ltr'>haq</span> <span class='ocrx_word' id='word_1_910' title='bbox 3184 5420 3655 5498; x_wconf 43' lang='lat' dir='ltr'>adleyn&#39;véfba._haec</span> 
     </span>
    </p>
   </div>
   <div class='ocr_carea' id='block_1_119' title="bbox 2182 5487 3736 5554">
    <p class='ocr_par' dir='ltr' id='par_1_119' title="bbox 2182 5487 3736 5554">
     <span class='ocr_line' id='line_1_119' title="bbox 2182 5487 3736 5554; baseline -0.005 -11"><span class='ocrx_word' id='word_1_911' title='bbox 2182 5487 2416 5543; x_wconf 59' lang='lat' dir='ltr'>notantu&#39;r</span> <span class='ocrx_word' id='word_1_912' title='bbox 2443 5494 2495 5541; x_wconf 74' lang='lat' dir='ltr'><strong>in</strong></span> <span class='ocrx_word' id='word_1_913' title='bbox 2529 5493 2750 5554; x_wconf 79' lang='lat' dir='ltr'>margine</span> <span class='ocrx_word' id='word_1_914' title='bbox 2779 5511 2791 5540; x_wconf 91' lang='lat'><strong>:</strong></span> <span class='ocrx_word' id='word_1_915' title='bbox 2819 5490 2963 5554; x_wconf 82' lang='grc' dir='ltr'>Ἴσως</span> <span class='ocrx_word' id='word_1_916' title='bbox 2987 5492 3241 5552; x_wconf 74' lang='grc' dir='ltr'>Πομπήϊον</span> <span class='ocrx_word' id='word_1_917' title='bbox 3260 5492 3382 5554; x_wconf 80' lang='grc' dir='ltr'>λέγει</span> <span class='ocrx_word' id='word_1_918' title='bbox 3409 5492 3490 5554; x_wconf 73' lang='grc' dir='ltr'>τρν</span> <span class='ocrx_word' id='word_1_919' title='bbox 3520 5487 3736 5554; x_wconf 58' lang='grc' dir='ltr'>Ῥωμαῖον</span> 
     </span>
    </p>
   </div>
   <div class='ocr_carea' id='block_1_120' title="bbox 2182 5544 3731 5618">
    <p class='ocr_par' dir='ltr' id='par_1_120' title="bbox 2182 5544 3731 5618">
     <span class='ocr_line' id='line_1_120' title="bbox 2182 5544 3731 5618; baseline -0.005 -15"><span class='ocrx_word' id='word_1_920' title='bbox 2182 5544 2663 5618; x_wconf 76' lang='grc' dir='ltr'>μεταστήσαντα</span> <span class='ocrx_word' id='word_1_921' title='bbox 2673 5553 2928 5618; x_wconf 74' lang='grc' dir='ltr'>ἱερωσύνης</span> <span class='ocrx_word' id='word_1_922' title='bbox 2947 5544 3331 5618; x_wconf 67' lang='grc' dir='ltr'>ἱΑριὰ-τῤϐουλον,</span> <span class='ocrx_word' id='word_1_923' title='bbox 3343 5554 3422 5618; x_wconf 80' lang='grc' dir='ltr'>καὶ</span> <span class='ocrx_word' id='word_1_924' title='bbox 3440 5544 3647 5618; x_wconf 65' lang='grc' dir='ltr'>Ὑρκανόν</span> <span class='ocrx_word' id='word_1_925' title='bbox 3662 5544 3731 5615; x_wconf 61' lang='grc' dir='ltr'>τόχ</span> 
     </span>
    </p>
   </div>
   <div class='ocr_carea' id='block_1_121' title="bbox 2178 5606 3733 5726">
    <p class='ocr_par' dir='ltr' id='par_1_121' title="bbox 2178 5606 3733 5726">
     <span class='ocr_line' id='line_1_121' title="bbox 2178 5606 3733 5678; baseline -0.003 -14"><span class='ocrx_word' id='word_1_926' title='bbox 2178 5606 2392 5678; x_wconf 64' lang='grc' dir='ltr'>ἀδελφὸν</span> <span class='ocrx_word' id='word_1_927' title='bbox 2436 5613 2584 5662; x_wconf 78' lang='grc' dir='ltr'>αὐτοῦ</span> <span class='ocrx_word' id='word_1_928' title='bbox 2609 5606 2992 5671; x_wconf 69' lang='grc' dir='ltr'>⁷ὀίντίῖισάξαντιιι.</span> <span class='ocrx_word' id='word_1_929' title='bbox 3011 5606 3021 5618; x_wconf 82' lang='grc'><em>’</em></span> <span class='ocrx_word' id='word_1_930' title='bbox 3047 5612 3205 5665; x_wconf 83' lang='grc' dir='ltr'>Τοῦτο</span> <span class='ocrx_word' id='word_1_931' title='bbox 3259 5606 3328 5665; x_wconf 71' lang='grc' dir='ltr'>δὲ⁷</span> <span class='ocrx_word' id='word_1_932' title='bbox 3348 5606 3507 5678; x_wconf 76' lang='grc' dir='ltr'>γέγονε</span> <span class='ocrx_word' id='word_1_933' title='bbox 3535 5606 3623 5674; x_wconf 72' lang='grc' dir='ltr'>πρὸ</span> <span class='ocrx_word' id='word_1_934' title='bbox 3655 5606 3733 5660; x_wconf 68' lang='grc' dir='ltr'>τοῦ</span> 
     </span>
     <span class='ocr_line' id='line_1_122' title="bbox 2180 5675 2597 5726; baseline -0.019 0"><span class='ocrx_word' id='word_1_935' title='bbox 2180 5675 2391 5726; x_wconf 78' lang='grc' dir='ltr'>Χριστοῦ</span> <span class='ocrx_word' id='word_1_936' title='bbox 2415 5676 2597 5726; x_wconf 79' lang='grc' dir='ltr'>μικρόν.</span> 
     </span>
    </p>
   </div>
   <div class='ocr_carea' id='block_1_122' title="bbox 2227 5691 2597 5739">
    <p class='ocr_par' dir='ltr' id='par_1_122' title="bbox 2227 5691 2597 5739">
     <span class='ocr_line' id='line_1_123' title="bbox 2227 5691 2597 5739; baseline -0.019 -13"><span class='ocrx_word' id='word_1_937' title='bbox 2227 5691 2391 5739; x_wconf 80' lang='grc' dir='ltr'>ριστου</span> <span class='ocrx_word' id='word_1_938' title='bbox 2415 5691 2597 5739; x_wconf 84' lang='grc' dir='ltr'>μικρον.</span> 
     </span>
    </p>
   </div>
  </div>
