4064 6436
550 337 652 396 Μ

550 449 785 508 ostendit
813 450 1066 520 deinceps
1096 464 1200 502 non
1226 449 1419 516 ipsum,
1451 447 1542 502 sed
1577 447 1726 501 illum
1752 446 1942 502 horum
1971 447 2135 502 fuisse

550 545 868 616 principium
901 552 955 597 et
980 556 1216 605 causam,
1247 551 1303 594 ut
1332 541 1420 610 qui
1445 541 1598 596 factis
1627 542 1738 595 suis
1769 541 1860 595 Dei
1883 541 2138 595 auxilium

545 637 826 706 repulerit,
857 635 1199 703 divinatnqne
1224 633 1512 687 vindictam
1546 636 1844 687 attraxerit.
1878 632 1944 686 Et
1973 635 2138 686 induit

546 728 946 782 maiedictionem
975 726 1104 780 sicut
1130 726 1475 778 uestimentum
1494 767 1507 789 ,
1540 734 1586 777 et
1617 724 1819 777 intravit
1848 727 1974 777 sicut
2005 741 2140 794 aqua

545 827 596 876 in
625 822 862 875 interiora
890 822 1023 891 ejus,
1057 831 1100 874 et
1131 822 1261 873 sicut
1299 820 1466 874 oleum
1496 821 1547 872 in
1574 819 1766 873 ossibus
1791 821 1919 891 ejus.
1964 821 2058 874 llic
2083 829 2140 874 et

543 915 714 986 plaga:
742 914 1174 976 vehementiam,
1224 923 1279 967 et
1304 914 1550 982 supplicii
1581 914 1920 968 stabilitatem
1951 926 2136 970 osten-

538 1003 654 1073 dit,
699 1005 1006 1076 signiﬁcans
1047 1005 1184 1059 mala
1230 1006 1479 1060 omnibus
1524 1004 1830 1059 hominibus
1873 1021 1938 1059 ex
1985 1020 2044 1060 se
2083 1015 2138 1060 et

541 1100 704 1153 animi
743 1099 824 1154 sui
867 1099 1129 1154 sententia
1173 1099 1458 1168 proficisci,
1491 1099 1579 1168 qui
1632 1099 1782 1154 laetis
1830 1100 2043 1166 quidem
2083 1110 2137 1155 et

539 1190 849 1247 actionibus
895 1190 1033 1245 bona
1062 1191 1348 1260 repellunt,
1382 1191 1433 1244 in
1457 1191 1714 1260 supplicia
1738 1199 1914 1245 autem
1933 1193 2137 1261 seipsos

539 1281 808 1352 injicinut.
843 1279 931 1338 19.
965 1279 1120 1336 Fiant
1147 1282 1190 1335 ei
1215 1282 1343 1335 sicut
1364 1281 1733 1346 uestimentum,
1765 1298 1863 1352 quo
1889 1283 2133 1352 operitur,

538 1383 585 1427 et
608 1374 736 1428 sicut
763 1389 914 1440 zona,
933 1389 1033 1439 qua
1057 1389 1254 1443 semper
1277 1373 1622 1444 prtecingitur.
1644 1372 1758 1428 Hoc
1784 1384 1962 1428 autem
1983 1373 2132 1445 dicit,

535 1466 834 1520 ostendens
874 1467 1006 1520 iram
1038 1465 1128 1520 Dei
1172 1465 1529 1528 ineﬁ‘abilcm,
1572 1480 1694 1535 quas
1721 1465 1852 1519 tales
1889 1465 2136 1520 homines

531 1567 916 1628 persequetur.
948 1557 1102 1626 Quod
1133 1567 1310 1611 autem
1352 1554 1502 1621 dicit,
1533 1565 1614 1610 est
1659 1557 1924 1626 ejusmodi
1957 1575 1970 1610 :
1999 1557 2131 1611 Mala

535 1667 632 1708 cos
672 1653 742 1708 ita
787 1652 1076 1714 tenebunt,
1105 1658 1161 1706 ut
1199 1667 1268 1706 ne
1312 1651 1475 1706 ullam
1522 1649 1736 1720 quidem
1784 1651 2131 1705 mutationem

540 1743 772 1798 habeant
818 1761 832 1799 :
888 1743 981 1798 sed
1040 1743 1092 1797 in
1145 1744 1224 1797 eis
1274 1744 1422 1797 ﬁrma
1469 1743 1759 1796 manebunt
1795 1751 1849 1796 et
1899 1743 2129 1797 stabilia.

539 1834 741 1892 Deinde
767 1835 1057 1891 ostendens
1079 1849 1200 1889 eum
1233 1835 1494 1904 castigare
1516 1834 1930 1903 improbitatem,
1961 1847 2013 1889 et
2034 1851 2132 1890 ne-

531 1927 756 1998 quitiam
780 1927 1050 1998 corrigere
1070 1968 1086 1994 ,
1118 1936 1174 1982 et
1206 1941 1311 1981 non
1341 1927 1393 1981 in
1436 1926 1584 1980 illum
1610 1927 1813 1992 solum,
1848 1925 1941 1981 sed
1969 1928 2130 1982 etiam

534 2019 588 2072 in
615 2031 805 2074 omnes
829 2017 920 2086 qui
959 2025 1083 2072 sunt
1125 2016 1190 2072 iis
1227 2032 1346 2086 quae
1394 2015 1648 2070 dicuntur
1692 2016 1942 2080 obnoxii,
1995 2015 2132 2072 hanc

530 2110 872 2166 statuendam
899 2124 1020 2166 esse
1045 2111 1389 2175 sententiam,
1415 2109 1687 2177 subjunxit
1712 2108 1840 2164 :20.
1868 2109 1982 2163 Hoc
2005 2126 2132 2180 Opus

527 2219 702 2258 eorum
731 2203 818 2274 qui
840 2201 1114 2258 detrahunt
1143 2201 1270 2255 mihi
1293 2199 1435 2270 apud
1467 2198 1760 2255 Dominum.
1794 2199 1846 2254 Id
1871 2210 1974 2266 est,
2007 2201 2131 2258 lltcc

526 2306 610 2350 est
638 2310 797 2366 pmna
820 2335 836 2362 ,
865 2295 968 2350 hoc
1011 2304 1097 2352 est
1124 2294 1441 2364 supplicium
1489 2308 1673 2347 eorum
1695 2335 1710 2359 ,
1743 2295 1833 2363 qui
1873 2295 1999 2347 mihi
2036 2295 2132 2350 ad-

526 2396 831 2453 versantur,
862 2385 953 2456 qui
982 2384 1322 2449 insidiantur,
1349 2383 1438 2454 qui
1469 2384 1665 2439 bellum
1691 2393 1906 2453 gerunt,
1942 2382 2011 2437 Et
2044 2387 2131 2456 qui

524 2480 803 2548 loquuntur
849 2476 990 2532 mala
1014 2476 1257 2531 adversus
1297 2475 1522 2528 animam
1562 2491 1744 2530 meam.
1799 2475 1941 2546 Ergo
1967 2478 2131 2535 etiam

526 2587 626 2643 pro
652 2569 831 2626 verbis
859 2570 1146 2640 exiguntur
1176 2583 1370 2638 poenae,
1401 2575 1453 2622 et
1483 2581 1653 2637 paena:
1673 2568 2054 2623 acerbissimae.

594 2665 651 2722 4.
680 2662 940 2720 Absoluta
969 2662 1147 2733 itaque
1167 2659 1338 2716 dehis
1363 2661 1627 2723 oratione,
1657 2660 1722 2713 ad
1749 2659 1910 2714 Deum
1939 2675 2126 2716 rursus

527 2756 768 2827 confugit
807 2769 907 2826 pro
948 2753 1064 2825 ejus
1093 2750 1429 2823 impetrando
1480 2751 1700 2805 auxilio.
1750 2750 1935 2820 Neque
1983 2751 2124 2806 enim

522 2848 666 2905 sistit
693 2848 745 2903 in
773 2861 931 2916 paena
960 2860 1146 2901 eorum
1189 2844 1278 2914 qui
1307 2851 1498 2912 parant
1533 2842 1752 2896 insidias
1773 2883 1788 2906 ,
1821 2853 1913 2895 seu
1941 2858 2125 2897 oStcn—

521 2938 658 2994 dens
680 2953 775 2994 eos
796 2938 886 3008 qui
914 2935 1072 2992 malis
1099 2934 1407 2990 afﬁciuntur
1433 2932 1634 2988 habere
1657 2933 1816 2987 etiam
1849 2933 2014 2987 Deum
2041 2942 2123 2988 ut-

523 3041 694 3086 torem
719 3044 816 3102 pro
840 3030 926 3092 iis,
959 3042 1094 3100 quas
1123 3026 1414 3098 accipiunt.
1443 3025 1673 3095 injuriis,
1705 3040 1768 3078 ac
1793 3024 1999 3078 ﬁrmam
2032 3039 2124 3078 va-

520 3107 796 3194 lidamque
837 3120 1050 3192 assequi
1094 3119 1484 3183 defensionem,
1535 3117 1839 3187 subjungit,
1882 3117 2116 3173 dicens:

517 3216 612 3271 2|.
649 3213 720 3270 Et
751 3225 825 3279 tu,
867 3213 1108 3280 Domine,
1137 3213 1220 3283 fac
1261 3227 1458 3266 mecum
1493 3222 1697 3282 propter
1735 3228 1914 3266 nomen
1955 3221 2119 3266 tuum.

528 3309 662 3364 Vide
698 3317 906 3379 gratum
955 3315 1010 3362 et
1055 3305 1202 3375 pium
1253 3304 1526 3369 animum,
1575 3303 1698 3358 vide
1743 3304 2119 3358 humilitatem.

521 3399 780 3468 Quamvis
809 3399 952 3453 enim
980 3397 1112 3452 satis
1143 3395 1340 3467 justam
1383 3410 1597 3449 causam
1643 3394 1866 3449 haberet
1907 3396 2120 3464 petendi

522 3490 727 3552 auxilii,
755 3488 897 3559 quod
928 3487 1068 3542 mala
1107 3496 1379 3555 pateretur
1407 3485 1535 3558 (hoc
1561 3487 1702 3539 enim
1735 3494 1908 3553 potest
1945 3485 2114 3540 videri

519 3581 577 3638 in
606 3581 786 3637 multis
817 3580 949 3636 locis
975 3578 1267 3648 Scriptura:
1286 3618 1302 3642 ,
1331 3592 1427 3632 eos
1467 3579 1556 3645 qui
1594 3576 1662 3630 ab
1705 3574 2010 3631 hominibus
2035 3578 2119 3631 in-

515 3676 662 3748 juste
691 3673 848 3729 malis
869 3671 1176 3727 afﬁciuntur
1201 3672 1369 3726 libere
1398 3670 1713 3740 impetrandi
1745 3685 1774 3724 a
1798 3670 1909 3724 Deo
1936 3671 2118 3726 auxilii

513 3770 713 3840 justam
739 3773 794 3821 et
825 3765 1106 3820 honestam
1147 3762 1346 3818 habere
1370 3761 1734 3832 occasionem)
1764 3780 1777 3816 :
1805 3762 1893 3816 ille
1939 3771 2116 3818 tamen

515 3857 939 3931 prmtcrmittens
968 3855 1071 3910 hoc
1099 3854 1300 3921 dicere,
1331 3854 1570 3924 confugit
1599 3853 1666 3907 ad
1689 3853 1859 3907 solam
1889 3853 1984 3907 Dei
2010 3853 2119 3907 cle.

517 3950 792 4012 mentiam,
824 3959 880 4003 et
911 3947 1077 4002 dicit:
1109 3945 1218 4000 Fac
1247 3963 1442 4000 ntecum
1480 3954 1685 4014 propter
1714 3961 1897 3999 nomen
1939 3954 2118 4000 tuum:

517 4038 904 4114 propemodum
931 4038 1036 4092 hoc
1061 4038 1248 4091 dicens
1279 4053 1292 4089 :
1324 4036 1438 4090 Non
1470 4037 1719 4105 quoniam
1751 4050 1866 4090 sum
1899 4035 2112 4106 dignus,

517 4131 614 4188 sed
658 4137 878 4200 propter
926 4129 1188 4197 teipsum,
1241 4127 1492 4196 quoniam
1545 4139 1604 4180 es
1641 4126 1878 4181 clemens
1921 4135 1976 4181 et
2017 4127 2116 4181 mi-

518 4224 773 4281 sericors.
823 4221 892 4276 Et
936 4220 1058 4274 ideo
1101 4218 1406 4288 subjungit,
1463 4217 1596 4282 Quia
1641 4215 1915 4273 suavis’est
1962 4219 2116 4272 mise-

517 4314 743 4370 ricordia
759 4321 864 4366 tua.
887 4312 955 4367 Et
972 4320 1122 4366 recte
1143 4311 1297 4373 dixit,
1328 4309 1462 4374 Quia
1481 4309 1653 4362 suavis
1678 4319 1750 4362 est
1771 4310 2116 4366 misericordia

520 4419 630 4463 tua.
663 4406 924 4463 Homines
949 4403 1094 4460 enim
1123 4417 1265 4472 sarpe
1289 4417 1394 4456 non
1421 4409 1546 4454 sunt
1573 4399 1834 4469 ejusmodi
1861 4419 1874 4454 :
1903 4417 2025 4456 nam
2052 4417 2116 4456 ea

517 4513 666 4571 stepe
704 4506 927 4553 utuntur
949 4495 1017 4550 ad
1059 4495 1436 4550 detrimentum
1483 4503 1536 4546 et
1559 4491 1778 4546 exitium
1809 4509 1825 4546 :
1851 4491 1945 4546 sed
1974 4492 2115 4550 Deus

519 4603 736 4660 semper
757 4587 829 4643 ad
866 4586 1171 4642 utilitatem.
1201 4584 1292 4638 22.
1339 4583 1522 4637 Libera
1550 4599 1661 4648 me,
1705 4582 1822 4651 quia
1848 4599 2032 4654 egenus
2069 4592 2115 4639 et

521 4698 720 4754 pauper
742 4697 855 4736 sum
875 4695 987 4752 ego.
1011 4677 1078 4732 Et
1103 4694 1190 4732 eor
1209 4693 1374 4730 meum
1403 4675 1754 4729 conturbatum
1764 4685 1836 4730 est
1860 4675 1992 4728 intra
2014 4690 2111 4730 me.

522 4774 692 4830 Vides
716 4787 840 4829 eum
883 4783 1069 4826 rursus
1101 4782 1256 4824 orare
1283 4777 1340 4822 ut
1382 4774 1654 4833 servetur,
1687 4781 1790 4820 non
1824 4775 1882 4820 ut
1917 4767 2006 4837 qui
2045 4767 2116 4821 sit

522 4865 740 4939 dignus,
771 4877 874 4919 nec
895 4861 1091 4932 justus,
1121 4860 1214 4916 sed
1262 4859 1430 4928 utqui
1460 4859 1528 4913 sit
1567 4859 1786 4912 omnino
1814 4873 2031 4914 eversus
2059 4868 2115 4914 et

519 4958 799 5021 confectus
820 4998 837 5026 ,
865 4966 924 5011 ut
957 4954 1049 5025 qui
1077 4953 1217 5008 mala
1251 4967 1438 5021 passus
1477 4951 1548 5006 sit
1574 4951 2015 5005 innumerabilia?
2046 4950 2112 5005 Et

519 5070 611 5110 cor
638 5067 808 5107 meum
827 5045 1184 5104 conturbatum
1202 5054 1276 5099 est
1299 5044 1434 5096 intra
1463 5059 1560 5096 me.
1591 5041 1733 5096 Talis
1757 5042 1897 5096 enim
1927 5051 2008 5098 est
2031 5043 2112 5097 vis

524 5144 890 5200 calamitatum
922 5156 937 5194 :
967 5153 1074 5194 non
1104 5147 1300 5206 corpus
1329 5134 1500 5188 solum
1523 5143 1717 5201 vexat,
1743 5148 1927 5187 verum
1951 5132 2112 5188 etiam

521 5235 814 5292 conturbat
853 5231 1111 5287 animum.
1161 5229 1252 5283 25.
1301 5225 1444 5282 Sicut
1483 5225 1662 5278 umbra
1704 5241 1818 5278 cum
1857 5224 2111 5293 declinat,

516 5327 727 5387 ablatus
750 5343 896 5390 sunt,
924 5339 1165 5379 mussat:
1196 5337 1310 5376 sunt
1350 5320 1480 5374 sicut
1514 5320 1735 5373 locustae.
1782 5318 1917 5372 Dicit
1954 5318 2115 5372 vehe-

525 5425 735 5472 mentes
778 5416 994 5470 insidias
1037 5429 1222 5469 eorum
1250 5409 1341 5481 qui
1372 5411 1518 5464 illum
1566 5408 1756 5478 injuria
1796 5408 2110 5474 affecerunt,

525 5520 738 5563 necnon
777 5507 1159 5578 malignitatem
1205 5503 1526 5560 ineli‘abilem
1549 5543 1561 5567 ,
1589 5509 1646 5556 et
1673 5515 1857 5555 rursus
1885 5499 2113 5569 diligen-

514 5593 657 5659 tiam
683 5610 848 5668 quam
893 5599 1008 5669 ipse
1047 5598 1103 5652 in
1131 5597 1210 5652 eis
1255 5594 1513 5650 adhibuit.
1553 5595 1642 5648 24.
1681 5591 1859 5648 Genua
1899 5605 2008 5644 mea
2034 5591 2114 5644 iur

520 5685 869 5740 ﬁrmatasunt
894 5706 924 5743 a
939 5691 1161 5762 jejunio,
1186 5697 1233 5743 et
1254 5705 1374 5743 caro
1399 5705 1508 5743 mea
1528 5689 1793 5742 immutata
1813 5695 1884 5740 est
1911 5695 2116 5755 propter

523 5772 714 5829 oleum.
744 5773 908 5834 Vides
941 5797 1188 5852 quamam
1215 5797 1361 5836 arma
1383 5788 1657 5854 comparat
1702 5779 1958 5834 adversus
1988 5779 2115 5832 insi-

1292 334 1344 389 S.
1388 334 1663 390 .lOAl‘NlS
1702 331 2176 388 CIIRYSOSTOMI
2209 333 2526 391 ARCUIEP.
2558 335 3096 396 CONSTANTINOP.
3717 350 3806 408 ραι

2259 448 2372 504 dias
2393 492 2405 506 .
2430 461 2484 505 et
2510 467 2628 507 eam
2648 495 2663 519 ,
2691 469 2794 523 qua
2820 464 2874 510 et
2909 456 3080 526 ipsum
3121 457 3413 528 vexabant,
3458 461 3808 525 afﬁictionemt

2247 541 2336 594 25.
2375 539 2441 592 Et
2468 558 2556 611 ego
2586 545 2748 615 factus
2776 563 2888 598 sum
2928 550 3255 618 opprobrium
3295 553 3438 607 illis:
3467 556 3687 611 viderunt
3722 577 3807 623 me,

2248 643 2506 686 moverunt
2541 637 2710 706 capita
2741 654 2851 691 sua.
2893 639 3051 694 Tales
3077 650 3201 696 sunt
3227 643 3582 714 improborum
3619 650 3764 706 animi
3793 670 3804 707 :

2247 741 2352 780 non
2377 727 2536 783 modo
2565 744 2670 784 non
2691 731 2888 786 cedunt
2916 734 3127 801 quando
3149 736 3375 792 viderint
3401 739 3600 808 justum
3627 743 3701 798 eis
3721 760 3806 814 op-

2248 829 2532 886 ponentem
2563 823 2815 892 pietatem
2843 841 2906 879 ac
2935 827 3270 896 religionem,
3299 830 3392 884 sed
3422 831 3499 886 eis
3520 833 3671 888 etiam
3699 851 3806 904 pro-

2245 912 2340 966 bra
2370 913 2638 982 ingerunt,
2669 931 2868 987 eosque
2899 918 3123 974 irrident
3151 930 3204 974 et
3231 922 3558 992 impugnant.
3587 924 3713 990 Quid
3734 926 3809 981 hic

2243 1005 2463 1060 autem?
2491 1005 2570 1060 Ad
2617 1007 2875 1063 auxilium
2919 1011 3362 1081 inexpugnabile,
3390 1014 3459 1068 ad
3501 1031 3650 1084 opem
3691 1033 3806 1071 con-

2245 1093 2377 1164 fugit
2407 1095 2841 1166 insupcrabilem,
2872 1100 3058 1156 dicens
3087 1121 3100 1157 :
3128 1103 3218 1159 26.
3251 1103 3451 1175 Adjuva
3469 1123 3566 1175 nte,
3596 1107 3806 1175 Domine,

2244 1185 2384 1241 Deus
2414 1205 2554 1242 meus
2572 1231 2588 1254 ,
2615 1201 2662 1244 et
2687 1192 2880 1245 salvum
2912 1210 2994 1247 me
3017 1194 3102 1264 {ac
3127 1199 3404 1250 secundum
3438 1198 3808 1254 misericordiam

2243 1290 2405 1335 tuam.
2437 1281 2529 1336 27.
2565 1281 2629 1335 Et
2659 1285 2854 1345 sciant,
2889 1286 3012 1354 quia
3043 1300 3224 1339 manus
3250 1297 3336 1340 tua
3375 1291 3512 1355 lucc,
3542 1300 3586 1343 et
3612 1301 3681 1357 tu,
3711 1290 3804 1344 Do-

2241 1373 2410 1436 mine,
2454 1374 2616 1443 fecisti
2643 1391 2774 1430 eam.
2815 1375 2950 1443 Quid
2978 1387 3094 1441 est,
3127 1377 3316 1432 Manus
3355 1389 3446 1434 tua
3473 1383 3614 1436 lucc?
3649 1381 3804 1436 Tuum

2239 1463 2517 1521 auxilium.
2543 1464 2736 1530 Tuum,
2765 1467 2954 1537 inquit,
2981 1469 3304 1537 praesidium.
3335 1470 3471 1526 Nolo
3497 1474 3634 1527 enim
3653 1474 3804 1528 solum

2241 1557 2440 1610 servari
2473 1575 2486 1609 :
2516 1557 2609 1611 sed
2651 1558 2769 1612 illos
2798 1560 2957 1612 etiam
3002 1561 3142 1615 scire
3189 1577 3220 1615 a
3259 1579 3366 1632 quo
3405 1574 3643 1619 servatus
3681 1579 3803 1629 sum,

2242 1657 2300 1702 ut
2327 1651 2397 1703 sit
2435 1651 2562 1704 mihi
2593 1650 2788 1721 duplex
2835 1661 3092 1721 tropmum
3114 1694 3130 1719 ,
3158 1654 3356 1724 duplex
3385 1671 3612 1721 corona,
3643 1657 3804 1726 ingens

2239 1739 2428 1806 gloria.
2457 1739 2549 1796 28.
2580 1741 2890 1797 Maledicent
2919 1743 3019 1808 illi,
3052 1754 3099 1798 et
3122 1753 3175 1797 tu
3210 1745 3489 1799 benedices.
3523 1745 3621 1811 Qui
3649 1747 3801 1800 insuto

2237 1843 2362 1903 gttnt
2391 1833 2443 1886 in
2469 1850 2568 1900 me,
2597 1835 2999 1906 confundantur,
3026 1853 3197 1891 servus
3225 1845 3396 1890 autent
3419 1847 3534 1891 tuus
3554 1837 3800 1891 (elabitur.

2241 1924 2406 1979 Docet
2432 1923 2520 1979 hic
2548 1924 2846 1980 auditorem
2873 1927 3156 1996 quamdam
3186 1926 3598 1997 philosophiam.
3629 1927 3800 1982 Osten-

2237 2015 2315 2071 dit
2345 2017 2486 2071 cnim
2514 2017 2657 2087 quod
2687 2017 2894 2072 etiamsi
2925 2017 3058 2072 diris
3096 2019 3396 2074 innumeris
3422 2018 3737 2085 devoveant,
3761 2020 3799 2072 si

2238 2110 2378 2164 Deus
2408 2109 2709 2176 benedicat,
2740 2111 2873 2165 nihil
2902 2111 3209 2166 detrimenti
3238 2126 3306 2166 ex
3337 2112 3418 2166 eis
3446 2111 3690 2182 accipiet,
3719 2109 3799 2166 sed

2236 2203 2288 2259 in
2313 2205 2458 2274 ipsos
2485 2212 2761 2260 vertentur
2788 2202 2981 2273 probra
3006 2213 3062 2259 et
3087 2203 3413 2273 ignominiae.
3446 2204 3629 2260 Servus
3655 2213 3800 2256 autem

2236 2306 2353 2352 tuus
2375 2298 2629 2352 (relabitur
2658 2298 2708 2352 in
2733 2307 2798 2351 te.
2825 2297 2991 2351 Recte
3009 2296 3162 2362 dixit,
3179 2295 3248 2350 In
3269 2307 3337 2364 te,
3357 2297 3656 2368 signiﬁcans
3675 2295 3800 2350 illinc

2237 2389 2500 2460 proﬁcisci
2533 2390 2800 2455 lwtitiam,
2833 2389 2976 2444 unde
3015 2389 3154 2444 bona
3183 2389 3608 2460 suppeditantur.
3638 2390 3798 2444 Restat

2235 2490 2294 2535 ut
2324 2480 2467 2534 nulla
2494 2496 2581 2536 me
2610 2481 2772 2550 possit
2805 2479 3114 2549 perturbare
3141 2480 3412 2546 molestia,
3439 2496 3557 2536 eum
3580 2490 3661 2535 tua
3686 2479 3796 2534 mihi

2235 2583 2448 2627 tnaucat
2483 2575 2687 2643 integra
2731 2572 2932 2626 laetitia.
2979 2571 3070 2627 29.
3105 2570 3405 2626 Induantur
3429 2574 3512 2642 qui
3554 2573 3794 2626 detrahunt

2232 2665 2358 2718 mihi
2383 2664 2595 2734 pudore,
2622 2673 2669 2717 et
2689 2665 2984 2733 aperiuntur
3003 2663 3130 2717 sicut
3151 2662 3382 2734 diploide
3401 2664 3684 2734 confusione
3696 2679 3791 2715 sua.

2233 2755 2368 2811 Vide
2393 2756 2662 2826 quomodo
2693 2770 2876 2810 rursus
2908 2764 3093 2825 rogat,
3121 2766 3178 2808 ut
3210 2770 3318 2809 non
3350 2755 3521 2810 solum
3554 2754 3794 2809 tradantur

2230 2848 2514 2918 supplicio,
2539 2847 2631 2902 sed
2659 2848 2819 2901 etiam
2845 2845 3032 2917 pudori
3064 2856 3116 2901 et
3141 2847 3471 2915 ignominiae,
3495 2857 3552 2902 ut
3578 2847 3624 2900 id
3645 2847 3706 2900 sit
3729 2845 3794 2898 cis

2225 2938 2483 2994 doctrina
2517 2939 2903 3005 correctionis,
2930 2947 2988 2993 ct
3023 2942 3236 2993 occasio
3279 2939 3592 2993 mutationis
3616 2938 3662 2992 iu
3703 2951 3795 2990 iue-

2231 3032 2385 3086 liora.
2415 3033 2505 3086 50.
2547 3030 2835 3100 Con/itebor
2857 3028 3079 3084 Domino
3119 3029 3270 3084 nimis
3311 3031 3368 3083 in
3397 3047 3484 3084 ore
3524 3046 3654 3094 meo,
3677 3036 3716 3080 rt
3747 3026 3791 3078 in

2229 3123 2393 3176 medio
2421 3122 2696 3176 multorum
2727 3121 2949 3175 laudabo
2977 3137 3112 3174 eum.
3143 3120 3233 3174 51.
3271 3119 3410 3185 Quia
3431 3121 3617 3175 adstitit
3643 3135 3670 3170 a
3690 3118 3792 3169 der-

2228 3215 2319 3266 tris
2349 3212 2621 3282 pauperis,
2655 3221 2712 3264 ut
2752 3212 2946 3266 salvam
2974 3214 3160 3283 faceret
3194 3227 3225 3264 α
3259 3211 3659 3281 persequentibus
3695 3207 3793 3260 ani-

2228 3322 2362 3357 mam
2407 3320 2590 3358 meam.
2639 3303 2744 3357 Pro
2793 3305 2877 3357 his
2929 3300 3179 3358 omnibus
3227 3302 3401 3357 Deum
3459 3309 3793 3359 remuneratur

2229 3395 2477 3465 hymnis,
2529 3393 2719 3460 laude,
2769 3393 3060 3463 gratiarum
3112 3394 3370 3458 actione;
3419 3394 3660 3463 praeclara
3693 3390 3791 3459 ejus

2225 3486 2360 3542 facta
2384 3487 2523 3557 apud
2547 3500 2734 3541 omnes
2755 3485 3138 3549 annuntiando,
3166 3485 3218 3538 in
3251 3485 3434 3541 medio
3457 3485 3653 3539 theatro
3676 3496 3790 3551 pra:-

2224 3580 2454 3635 dicando
2493 3595 2557 3635 ea
2602 3595 2721 3650 quae
2750 3578 2817 3632 ab
2862 3579 2951 3633 illo
2994 3578 3186 3634 collata
3217 3590 3366 3634 sunt.
3413 3580 3521 3634 [loc
3552 3577 3681 3633 enim
3719 3583 3788 3632 cst

2223 3673 2566 3738 sacriﬁcium,
2613 3673 2714 3727 hoc
2739 3671 2974 3739 oblatio,
3023 3671 3113 3726 Dei
3158 3670 3418 3727 beneﬁcia
3467 3671 3654 3726 habere
3680 3682 3786 3737 per-

2225 3773 2384 3836 petuo
2415 3765 2465 3818 in
2496 3763 2776 3828 memoria,
2812 3777 2982 3832 caque
3013 3762 3175 3816 menti
3208 3778 3322 3816 suae
3352 3762 3678 3832 imprimere,
3707 3769 3786 3810 ore

2226 3855 2552 3925 pnedicarc.
2592 3861 2647 3908 ct
2689 3851 2866 3907 facere
2898 3861 2956 3906 ut
2983 3853 3099 3920 ejus
3147 3851 3406 3907 beneﬁcia
3447 3868 3476 3906 a
3507 3849 3674 3905 multis
3707 3861 3784 3899 au-

2221 3950 2457 4004 diantur.
2501 3946 2634 4001 Nam
2681 3947 2760 4000 sic
2798 3954 2854 4000 et
2890 3945 2980 4014 qui
3023 3943 3343 3998 beneﬁcium
3384 3943 3666 4012 acceperit,
3702 3950 3784 4007 pro

2219 4051 2374 4112 grato
2401 4039 2582 4092 animo
2624 4036 2924 4092 mercedem
2953 4037 3206 4107 accipiet,
3239 4045 3296 4091 et
3337 4037 3510 4106 majus
3549 4035 3636 4088 Dei
3659 4033 3706 4085 in
3735 4043 3784 4082 se

2219 4131 2478 4185 auxilium
2519 4128 2752 4183 attrahet
2779 4145 2793 4180 :
2823 4136 2877 4182 et
2897 4127 2985 4196 qui
3037 4126 3288 4193 audiunt,
3320 4143 3385 4182 ex
3428 4127 3492 4182 iis
3533 4139 3645 4195 qua:
3683 4119 3783 4174 aliis

2221 4224 2358 4280 facta
2388 4231 2534 4288 sunt,
2581 4219 2814 4276 evadent
2841 4220 3122 4286 meliores,
3155 4230 3208 4273 et
3232 4219 3301 4273 ad
3339 4219 3584 4273 virtutem
3623 4226 3783 4284 persev

2220 4316 2488 4388 quendam
2516 4313 2776 4383 accipient
2807 4313 3094 4366 maximum
3125 4309 3526 4366 incitamentum
3555 4324 3618 4364 ex
3640 4307 3781 4360 bene-
3807 4385 3813 4392 ἡ

2224 4412 2360 4465 ﬁciis
2385 4425 2504 4480 qua:
2534 4407 2602 4461 ab
2629 4405 2751 4461 aliis
2777 4415 2997 4474 accepta
3024 4415 3166 4459 sunt.

2649 4564 2714 4620 IN
2755 4562 3080 4619 PSALMUM
3119 4561 3232 4618 Ctx
3281 4562 3383 4634 (α).

2218 4713 2274 4766 4.
2317 4708 2460 4763 Dixit
2487 4705 2738 4761 Dominus
2765 4703 2982 4758 Domino
3017 4719 3128 4756 meo
3151 4717 3170 4757 :
3196 4701 3334 4756 Sede
3366 4717 3397 4755 a
3438 4697 3622 4754 dextris
3655 4691 3777 4747 meis.

2292 4867 2346 4920 l.
2375 4865 2736 4933 Exsurgamus
2767 4899 2782 4924 ,
2825 4872 3028 4929 qumso,
3077 4865 3131 4911 et
3172 4856 3408 4909 animant
3449 4849 3778 4909 intendamus-

2223 4957 2464 5013 Psalmus
2502 4953 2644 5008 enim
2679 4951 2747 5006 de
2793 4949 3111 5005 sublimibus
3139 4946 3426 5000 admodum
3462 4943 3614 4999 rebus
3647 4936 3780 5006 agili

2217 5065 2328 5104 non
2361 5048 2452 5102 uni
2484 5046 2582 5100 soli
2613 5041 2804 5098 Incresi
2835 5083 2848 5106 ,
2882 5039 2976 5096 sed
3004 5040 3166 5093 variis
3187 5047 3240 5094 et
3261 5037 3490 5092 diversis
3513 5032 3777 5089 obsistens.

2221 5145 2354 5200 Nam
2383 5141 2640 5195 adversus
2663 5135 2882 5192 Judmos
2913 5175 2927 5199 ,
2963 5134 3219 5187 adversus
3251 5131 3472 5185 Paulum
3497 5126 3780 5182 Samosate-

2221 5251 2350 5292 num
2383 5275 2398 5298 ,
2433 5233 2690 5288 adversus
2716 5227 2964 5290 Arianos,
2995 5225 3251 5280 adversus
3278 5219 3639 5276 Marcionistas
3661 5255 3676 5281 ,
3697 5207 3779 5265 ad-

2283 5414 2355 5477 (a)
2389 5412 2472 5462 Hie
2509 5408 2723 5477 Psalmus
2754 5411 2928 5477 contra.
2955 5403 3146 5477 Judzcos
3182 5389 3780 5477 proferturh,‘quia

2220 5462 2460 5527 Christum
2500 5485 2613 5521 esse
2646 5470 2812 5518 Filium
2845 5468 2930 5516 Dei
2957 5481 2968 5514 :
2997 5472 3163 5514 contra
3184 5462 3392 5527 'Paulum
3427 5462 3776 5527 Samosatenuttl,

2221 5520 2479 5608 ᾇὶἱίίῖἀῖέίι
2498 5520 2661 5608 Filia")
2687 5540 2804 5608 ante
2827 5527 3269 5608 ¹;ν,ςὶ¹“(ῖεἯῑ¹.ιεΞί.ΥΞ
3282 5520 3774 5608 δηιίηεὲίε¹ζί3ξέ..βξ⁰ίξξ³ηῗ

2215 5581 2606 5649 iiiiééé'febhus
2624 5596 2810 5649 Arium,
2833 5593 2948 5654 quia
2969 5591 3085 5638 dicit
3106 5587 3272 5655 Filium
3297 5599 3410 5635 esse
3433 5584 3641 5655 geni-illm
3653 5581 3776 5655 3339

2425 5635 2948 5708 "uiii‘éibxiéui
2968 5635 3368 5705 et‘atanicbaeum,
3392 5635 3501 5710 quia
3523 5643 3602 5714 illo
3624 5635 3774 5714 [uelit

2221 5697 3130 5774 piunt
3156 5724 3170 5760 :
3196 5697 3367 5774 contra
3394 5697 3480 5757 eos
3507 5704 3586 5770 qui
3615 5697 3777 5762 negaui

2223 5731 2301 5773 tur
2323 5735 2472 5770 unum
2497 5729 2652 5769 solum
2689 5730 2802 5766 esse
2874 5729 3130 5774 l‘mClplllill
3156 5729 3170 5760 :
3196 5729 3360 5761 contra
3394 5729 3480 5757 eos

2223 5785 2634 5840 resurrectionem
2653 5816 2666 5842 ,
2692 5781 2805 5844 quia
2828 5729 2910 5828 die
2933 5773 3497 5859 resurreqtioprobatur.
