4064 6420
291 435 417 492 ’ἳὸὕ

291 567 499 607 versus
516 547 839 604 Manichacus
859 551 911 601 et
928 543 1182 600 adversus
1203 554 1390 596 omnes
1411 537 1503 610 qui
1521 533 1900 593 rcsurrectioni

302 661 418 700 non
447 642 677 698 credunt
703 682 719 709 ,
756 639 913 695 struit
938 637 1129 692 aciem.
1160 633 1424 702 Quoniam
1455 645 1584 700 ergo
1608 637 1794 684 contra
1819 635 1898 680 tot

303 735 649 793 adversarios
681 737 932 789 instructa
958 739 1040 785 est
1061 727 1205 782 acies
1236 767 1252 791 ,
1295 723 1449 780 nobis
1475 736 1689 792 quoque
1717 717 1902 773 multis

302 829 484 884 oculis
507 843 642 897 opus
669 833 770 889 est,
800 833 856 877 ut
876 837 992 893 qua:
1009 821 1080 876 sit
1105 817 1341 874 luctandi
1367 816 1524 880 ratio,
1554 821 1740 868 exacte
1767 824 1900 863 con-

303 923 551 976 siderare
596 917 882 990 possimus.
927 915 982 970 ln
1013 911 1250 969 externis
1294 909 1437 965 enim
1482 903 1898 964 certaminibus,

303 1014 411 1069 etsi
465 1013 640 1081 aliqua
697 1006 934 1063 luctandi
975 1005 1113 1060 ratio
1143 1018 1250 1058 non
1301 999 1671 1055 animadversa
1703 993 1895 1056 fuerit,

302 1103 441 1156 nihil
472 1101 698 1155 hedetur
725 1106 1033 1168 spectator:
1066 1111 1170 1149 non
1203 1093 1346 1149 enim
1369 1089 1650 1153 doctrinas,
1679 1084 1772 1140 sed
1804 1083 1900 1138 de-

303 1193 610 1247 lectationis
631 1191 796 1258 gratia
827 1188 956 1242 illud
988 1187 1253 1241 theatrum
1277 1191 1522 1238 coactum
1542 1187 1644 1234 est.
1676 1177 1775 1232 llic
1803 1191 1899 1229 an-

303 1296 418 1339 tem
444 1285 740 1337 nisiexacte
755 1279 1069 1350 Cognoveris
1087 1277 1351 1331 undenam
1371 1270 1710 1328 adversarius
1731 1267 1899 1322 aciem

303 1392 461 1430 suam
495 1377 740 1440 instruat,
770 1383 823 1428 et
850 1371 991 1427 unde
1029 1385 1127 1425 nos
1167 1385 1288 1424 eum
1321 1367 1572 1422 feriamus
1599 1405 1614 1430 ,
1647 1377 1753 1417 non
1786 1363 1900 1415 leve

301 1468 691 1524 detrimentum
720 1465 972 1534 accipies.
995 1463 1071 1517 Ne
1095 1462 1199 1517 hoc
1221 1475 1349 1531 ergo
1375 1457 1469 1513 tibi
1491 1456 1722 1519 eveniat,
1757 1469 1901 1507 men-

303 1569 416 1614 tem
450 1569 591 1611 tuam
621 1558 794 1612 excita
826 1597 841 1622 ,
895 1564 1117 1610 arrectze
1163 1553 1259 1607 tibi
1301 1553 1410 1605 sint
1454 1562 1634 1603 aures.
1683 1545 1898 1601 .ludanos

302 1653 542 1722 primum
578 1649 898 1714 invadimus,
927 1648 1185 1702 adversus
1213 1644 1330 1698 illos
1359 1643 1526 1697 aciem
1561 1638 1896 1703 instruimus,

302 1743 564 1813 propheta
594 1759 657 1798 ex
682 1741 761 1796 his
783 1741 962 1796 verbis
982 1739 1347 1794 commilitone
1375 1743 1603 1790 utentes.
1636 1732 1770 1788 Cum
1801 1744 1900 1784 nos

301 1839 450 1892 enim
482 1838 725 1892 dicamus
747 1836 861 1890 hinc
890 1836 1046 1905 plane
1075 1833 1141 1887 de
1167 1831 1381 1887 Christo
1402 1829 1543 1882 dicta
1573 1841 1695 1881 esse
1728 1868 1742 1890 ,
1785 1824 1901 1878 [nec

302 1933 382 1987 illi
412 1949 516 1985 non
543 1930 851 1995 admittunt,
879 1927 973 1982 sed
997 1924 1238 1996 qnzedam
1265 1922 1368 1976 alia
1391 1919 1892 1976 comminiscuntur.

301 2029 436 2092 Quin
465 2039 594 2094 ergo
622 2022 808 2076 dicunt
847 2019 1078 2089 primum
1117 2015 1411 2071 rcfutemus
1438 2054 1454 2078 ,
1483 2026 1547 2065 ac
1569 2010 1823 2078 deinceps
1847 2006 1900 2062 id

303 2117 448 2190 quod
478 2117 708 2170 dicimus
735 2112 1135 2168 conﬁrmemus.
1191 2109 1364 2177 Atque
1394 2120 1536 2160 nunc
1560 2118 1654 2158 eos
1679 2102 1896 2158 interim

302 2225 577 2281 rogemus,
607 2209 724 2278 quis
749 2217 832 2262 est
859 2206 1016 2275 hujus
1034 2203 1161 2273 justi
1192 2201 1490 2257 dominus?
1542 2197 1682 2252 Dixit
1717 2196 1858 2251 enim
1882 2236 1897 2261 ,

303 2304 502 2372 inquit,
537 2302 782 2355 Dominus
815 2299 1034 2353 Domino
1061 2313 1190 2350 meo.
1223 2294 1339 2349 Non
1373 2291 1619 2348 meminit
1642 2290 1788 2345 enim
1813 2287 1899 2343 hic

302 2399 462 2452 unius
485 2412 748 2466 personas,
764 2393 858 2450 setl
879 2394 1038 2448 unius
1069 2391 1156 2462 qui
1182 2406 1302 2445 cum
1321 2404 1428 2443 uno
1453 2388 1621 2440 altero
1643 2383 1896 2455 loquitur.

301 2477 603 2556 Quemnam
635 2502 764 2558 ergo
782 2486 966 2540 dicunt
986 2499 1105 2539 esse
1126 2498 1248 2538 eum
1272 2481 1360 2552 qui
1393 2479 1559 2534 dicit?
1588 2479 1775 2532 Deum.
1799 2475 1899 2541 Qui

299 2591 486 2636 autem
510 2579 700 2634 audit?
737 2577 1025 2633 Abraham.
1060 2576 1162 2629 Alii
1190 2589 1319 2630 vero
1341 2570 1639 2627 Zorobabel
1668 2611 1682 2635 ,
1711 2579 1765 2624 et
1809 2569 1897 2622 alii

302 2675 504 2727 alium:
535 2672 744 2727 ntebrii
795 2683 849 2726 et
888 2669 1019 2724 nihil
1059 2667 1200 2739 quod
1243 2666 1525 2722 conveniat
1573 2665 1849 2734 loquentes
1877 2704 1891 2728 ,

301 2767 414 2820 imo
442 2780 574 2820 vero
606 2765 740 2818 sicut
761 2763 849 2834 qui
894 2762 944 2816 in
977 2761 1212 2816 tenebris
1247 2758 1566 2823 ambulant,
1599 2765 1654 2811 et
1685 2756 1899 2826 pulsant

300 2853 440 2907 alter
465 2853 711 2905 alterum.
741 2847 877 2914 Quid
910 2862 1058 2916 ergo,
1085 2846 1172 2900 dic
1203 2844 1352 2908 mihi,
1381 2858 1582 2914 quaeso,
1614 2850 1766 2897 estne
1793 2839 1892 2894 Ζο-

300 2942 524 2997 robabcl
568 2940 780 2995 Davidis
830 2936 1138 2993 Dominus?
1173 2937 1241 2992 Et
1281 2935 1552 3006 quomodo
1596 2933 1754 2987 fuerit
1797 2930 1899 2985 hoc

300 3042 723 3090 consentaneum
753 3073 768 3096 ,
799 3045 918 3085 eum
948 3029 1062 3098 ipse
1097 3043 1196 3098 pro
1241 3041 1436 3098 magno
1479 3026 1682 3081 honore
1728 3024 1892 3079 David

300 3126 602 3196 appellatus
629 3123 740 3177 sit?
773 3123 941 3176 Porro
982 3135 1044 3175 ea
1086 3134 1206 3190 quae
1235 3126 1638 3188 consequuntur
1669 3159 1684 3183 ,
1715 3126 1897 3171 osten-

304 3219 446 3273 dunt
471 3217 592 3271 nihil
618 3217 706 3271 hic
729 3215 930 3270 dictum
963 3227 1084 3268 esse
1111 3213 1178 3268 de
1204 3211 1501 3266 Zorobabel
1520 3252 1535 3276 ,
1571 3226 1672 3266 nec
1697 3209 1766 3265 de
1798 3211 1898 3263 Da-

308 3308 470 3363 vide:
504 3307 669 3362 nullus
700 3307 842 3362 enim
885 3320 1072 3360 eorum
1103 3303 1308 3360 honore
1338 3301 1653 3358 sacerdotali
1685 3299 1897 3356 functus

302 3408 422 3455 est:
451 3398 536 3452 hic
555 3409 731 3452 autem
765 3397 965 3452 dictum
996 3403 1080 3451 est
1105 3395 1173 3451 de
1200 3394 1382 3465 aliquo
1407 3436 1422 3461 ,
1449 3393 1539 3463 qui
1569 3408 1763 3447 novum
1792 3393 1894 3448 ali-

300 3490 447 3560 quod
497 3500 551 3544 et
588 3487 903 3543 admirabile
947 3485 1303 3542 sacerdotium
1335 3485 1466 3540 obit.
1517 3483 1594 3538 Tu
1619 3502 1670 3539 es
1700 3483 1841 3538 enim
1875 3524 1891 3550 ,

301 3583 498 3649 inquit,
526 3581 758 3637 sacerdos
784 3581 836 3633 in
865 3590 1108 3635 retentum
1125 3579 1403 3634 secundum
1428 3579 1655 3632 ordinem
1679 3577 1897 3630 Melchi-

298 3679 449 3732 sedet:
493 3677 562 3750 (υ.
593 3679 671 3748 4).
717 3677 822 3732 Sed
864 3691 978 3733 rem
1021 3676 1348 3746 propositam
1379 3675 1726 3745 explicemus.
1761 3673 1894 3728 Pro-

300 3771 481 3826 fcrunt
505 3772 644 3827 enim
675 3770 849 3826 adhuc
877 3771 976 3825 alia
1009 3770 1251 3841 qttzedam
1275 3770 1357 3824 bis
1379 3769 1634 3835 futiliora,
1658 3769 1898 3822 dicentes

301 3867 423 3921 haec
447 3866 582 3920 dicta
613 3881 734 3920 esse
760 3865 827 3920 de
855 3865 1090 3936 populo:
1117 3863 1210 3919 sed
1240 3879 1412 3934 neque
1437 3861 1665 3932 populus
1685 3861 1780 3914 fuit
1803 3876 1892 3914 sa-

300 3958 516 4020 cerdos,
546 3974 720 4026 neque
761 3957 863 4012 alia
899 3973 1017 4028 quae
1044 3956 1184 4011 dicta
1209 3963 1336 4011 sunt
1369 3955 1417 4009 ei
1448 3962 1672 4025 possunt
1699 3968 1897 4008 conve-

305 4050 447 4106 nire.
478 4050 555 4104 Eo
597 4051 776 4122 itaque
814 4060 1082 4119 tamquam
1125 4049 1266 4103 inani
1312 4048 1675 4119 praetermisso
1705 4088 1721 4112 ,
1753 4046 1893 4116 quod

307 4161 419 4200 non
449 4160 581 4214 opus
607 4145 800 4199 habeat
826 4144 1142 4214 probatione
1169 4152 1225 4197 ut
1252 4149 1543 4208 evertatur,
1577 4140 1721 4195 aliud
1749 4137 1892 4210 quod

302 4238 491 4293 dicunt
516 4238 564 4289 in
589 4236 821 4291 medium
843 4236 1190 4291 adducamus.
1217 4234 1352 4302 Quid
1370 4249 1497 4304 ergo
1513 4249 1698 4288 rursus
1717 4232 1900 4287 dicunt

304 4328 439 4386 alii?
469 4327 634 4383 Filius
663 4327 892 4383 Abraha:
912 4327 1028 4382 hmo
1047 4327 1175 4381 dicit
1198 4326 1264 4381 de
1293 4325 1512 4380 domino
1541 4340 1658 4380 suo.
1683 4324 1752 4380 Et
1771 4323 1897 4394 quid

305 4422 477 4492 possit
497 4436 560 4476 eo
581 4435 701 4476 esse
732 4420 978 4474 inanins?
997 4418 1135 4487 Quid
1151 4419 1292 4473 enim
1316 4418 1401 4473 hic
1423 4417 1537 4472 vult
1563 4418 1698 4472 filius
1724 4415 1898 4471 Abra-

306 4513 428 4568 haz?
453 4513 548 4569 Ubi
577 4523 754 4568 autem
778 4512 1029 4568 sacerdos
1058 4510 1156 4566 fuit
1181 4511 1298 4581 ejus
1323 4510 1592 4574 dominus,
1625 4509 1712 4580 qui
1735 4507 1898 4563 etiam

304 4607 424 4676 ipse
449 4604 726 4661 sacerdote
756 4603 1108 4658 Melchisedec
1151 4617 1277 4658 usus
1310 4611 1426 4669 est,
1457 4611 1511 4657 et
1545 4602 1696 4672 petiit
1731 4600 1797 4655 ab
1831 4615 1897 4655 eo

303 4697 735 4753 benedictionem
755 4697 780 4750 ?
799 4695 1076 4764 Quomodo
1096 4704 1272 4750 autem
1296 4694 1452 4750 fuerit
1477 4701 1897 4750 consentaneum

303 4791 508 4843 dictum
535 4804 652 4844 esse
682 4789 750 4844 de
779 4788 1066 4855 Abraham,
1101 4787 1182 4841 Ea:
1206 4797 1347 4842 utero
1376 4797 1494 4841 ante
1519 4787 1785 4859 luciferum
1803 4803 1893 4858 ge—

304 4885 398 4938 nui
425 4893 470 4938 te
499 4882 567 4952 (υ.
600 4881 655 4955 3)
681 4882 704 4935 ?
731 4882 1012 4950 Quomodo
1037 4890 1218 4937 autem
1255 4881 1341 4937 vel
1371 4881 1553 4936 Davidi
1579 4924 1594 4948 ,
1623 4881 1704 4935 vel
1734 4879 1902 4934 Zoro-

304 4976 485 5032 babeli
515 5019 528 5041 ,
557 4977 642 5031 vel
679 4976 873 5046 ponulo
903 4976 1017 5032 haec
1043 4976 1391 5031 convenerint
1427 4974 1715 5029 ?Naturam
1755 4974 1898 5030 enim

305 5069 598 5126 humanam
639 5077 858 5138 superat
887 5111 901 5136 ,
931 5069 1075 5141 quod
1117 5069 1316 5124 dictum
1361 5077 1461 5124 est.
1510 5067 1642 5122 Illud
1672 5076 1848 5122 autem
1878 5109 1894 5133 ,

307 5162 449 5216 Sede
473 5179 504 5214 a
524 5162 715 5216 dextris
735 5162 878 5227 meis,
903 5178 1188 5233 quamnam
1221 5162 1465 5217 habuerit
1490 5161 1895 5232 interpretatio-

307 5267 435 5306 nem
465 5292 480 5319 ,
509 5253 550 5306 si
580 5269 827 5322 personae
862 5254 966 5308 illa:
1007 5254 1194 5324 posita:
1223 5254 1418 5310 fuerint
1444 5255 1468 5308 ?
1499 5255 1727 5309 Nullam.
1757 5255 1901 5322 Quo-

309 5343 474 5398 modo
503 5355 678 5400 autem
718 5345 851 5400 dixit
875 5346 1104 5402 Abrahae
1122 5389 1137 5412 ,
1171 5346 1305 5403 Sede
1333 5364 1365 5400 a
1402 5348 1591 5402 dextris
1615 5349 1738 5403 meis
1766 5391 1781 5413 ,
1810 5351 1900 5420 qui

307 5435 398 5488 vel
427 5436 626 5505 angelis
651 5437 902 5492 assistere
923 5479 938 5502 ,
966 5438 1110 5494 ducit
1150 5454 1268 5493 esse
1297 5437 1514 5511 dignum
1545 5440 1749 5497 honore
1780 5459 1898 5498 ma-

310 5527 496 5581 ximo?
521 5527 624 5582 Sed
652 5527 901 5598 quidnam
932 5541 1034 5597 est,
1065 5545 1267 5601 quzeso,
1297 5531 1437 5602 quod
1469 5547 1565 5601 pro
1592 5549 1686 5588 sua
1719 5534 1903 5591 dicunt

311 5618 616 5686 sapientia?
648 5618 716 5673 Et
743 5619 1010 5689 quomodo
1035 5662 1050 5687 ,
1094 5621 1337 5690 inquiunt
1371 5663 1386 5690 ,
1416 5623 1580 5678 alium
1608 5625 1904 5684 introducis

313 5709 619 5772 Dominum,
650 5725 770 5764 cum
791 5718 972 5780 aperte
993 5710 1136 5766 dicat
1160 5711 1433 5782 Scriptura
1453 5731 1467 5769 :
1498 5713 1748 5771 Dominus
1766 5714 1906 5770 Deus

311 5812 428 5856 tuus
463 5800 713 5857 Dominus
739 5818 869 5858 unus
902 5810 1011 5873 est,
1037 5813 1084 5859 et
1111 5821 1224 5858 eum
1251 5805 1417 5863 solum
1444 5806 1578 5862 coles
1600 5848 1616 5873 ,
1647 5819 1693 5862 et
1716 5812 1909 5874 prtcter

308 5897 480 5968 ipsum
506 5911 606 5951 non
633 5903 707 5951 est
736 5894 874 5953 Deus
912 5894 933 5972 (
960 5895 1110 5954 Deut.
1141 5897 1193 5956 6.
1226 5899 1277 5956 4.
1309 5899 1393 5956 15.
1420 5908 1529 5956 etc.
1562 5899 1614 5957 4.
1648 5915 1693 5956 υ.
1720 5900 1788 5956 55
1821 5896 1842 5971 )
1875 5901 1898 5954 ?

1437 413 1802 475 EXPOSITID
1841 411 1906 467 IN
1947 411 2272 469 PSALMUM
2311 417 2448 475 CIX.

3506 427 3610 484 266

2013 533 2111 590 Cui
2139 536 2338 606 itaque,
2361 537 2466 602 dic,
2495 554 2695 609 quaeso,
2725 541 2823 598 hoc
2845 543 3042 598 dictum
3067 554 3147 600 cst
3175 543 3199 598 ‘l
3226 544 3527 601 lnnnetnori
3556 558 3610 602 et

2013 628 2220 697 ingrato
2251 639 2340 682 tuo
2364 631 2544 684 animo
2576 631 2692 687 hare
2721 635 2956 690 maxime
2982 636 3122 691 dicta
3151 646 3315 700 sunt,
3341 653 3373 690 ο
3397 636 3604 694 Jud:ec.

2010 716 2120 771 Cur
2162 720 2305 774 enitn
2335 721 2570 777 Abrahae
2611 723 2740 778 nihil
2793 726 3054 795 ejusmodi
3095 729 3295 784 dictum
3343 740 3422 784 est
3453 771 3468 797 ,
3500 747 3605 783 non

2012 807 2157 864 Isaac
2177 853 2191 875 ,
2225 827 2330 864 non
2361 811 2548 878 Jacob,
2579 832 2683 868 non
2707 815 2835 869 Mosi
2859 835 2872 882 ;
2898 818 2990 871 sed
3022 819 3115 872 tibi
3139 819 3236 872 soli
3269 861 3282 881 ,
3317 829 3602 890 postquam

2008 916 2074 955 ex
2106 902 2341 974 .‘Egypto
2371 921 2619 975 egressus
2646 908 2945 962 conflavisti
2976 910 3200 966 vitulum
3223 910 3420 981 (Exod.
3460 910 3554 978 3:!)
3584 910 3611 965 τ

2008 1010 2239 1064 quanam
2267 1013 2394 1068 ergo
2422 997 2491 1053 de
2515 999 2717 1055 causa?
2737 999 2826 1054 dic
2849 1002 3006 1056 mihi.

2084 1085 2229 1142 Unus
2258 1105 2350 1142 cur
2374 1089 2575 1143 dicatur
2603 1089 2760 1144 Deus.
2791 1119 2862 1132 ——
2891 1092 3042 1160 Quod
3069 1094 3115 1149 si
3146 1094 3259 1164 ipse
3285 1095 3501 1152 haesitas
3529 1138 3545 1162 ,
3577 1112 3606 1150 a

2009 1192 2095 1232 me
2123 1194 2342 1232 causam
2370 1179 2569 1235 edisce.
2613 1180 2873 1248 Quoniam
2917 1185 3058 1238 enim
3103 1200 3352 1256 egressus
3380 1188 3602 1243 vitulum

2008 1267 2358 1350 conflaveras,
2381 1280 2436 1324 et
2459 1271 2791 1343 Beclphegor
2822 1273 2998 1331 fueras
3021 1276 3258 1333 initiatus
3281 1277 3468 1349 (Num.
3485 1280 3600 1351 25),

2008 1370 2061 1415 et
2090 1361 2311 1416 deorum
2360 1363 2566 1418 turbam
2611 1365 2981 1436 admirabaris,
3007 1367 3262 1425 nefariam
3305 1372 3447 1427 illam
3472 1372 3600 1429 dco-

2006 1469 2124 1509 rum
2169 1456 2561 1512 multitudinem
2615 1458 2874 1516 inducens
2921 1478 2936 1514 :
2980 1463 3224 1518 morbum
3256 1472 3401 1520 tuum
3429 1467 3601 1536 repri-

2009 1561 2162 1602 mens
2191 1589 2204 1611 ,
2236 1547 2302 1602 ad
2335 1548 2464 1604 deos
2506 1550 2595 1620 qui
2634 1567 2740 1605 non
2780 1562 2906 1608 sunt
2942 1553 3349 1626 distinguendos
3379 1598 3394 1621 ,
3425 1560 3602 1628 posuit

2008 1638 2156 1706 illud,
2189 1639 2352 1709 Unus,
2373 1658 2475 1697 non
2491 1652 2547 1697 ut
2567 1645 2778 1700 tolleret
2805 1646 3166 1718 Uuigenitum.
3191 1651 3428 1721 Quanam
3456 1652 3600 1708 enim

2007 1729 2075 1784 de
2110 1745 2268 1784 causa
2311 1733 2488 1786 statim
2530 1735 2581 1788 in
2629 1737 2903 1804 prommiis
2937 1739 3136 1794 dictum
3171 1750 3295 1797 est:
3326 1743 3601 1802 Faciamus

2005 1820 2258 1874 hominem
2288 1825 2357 1875 ad
2385 1824 2655 1896 imaginem
2676 1835 2723 1879 et
2743 1828 3129 1884 similitudinem
3155 1843 3383 1888 nostram
3413 1834 3432 1905 (
3462 1833 3594 1889 Gen.

2008 1913 2060 1968 1.
2090 1913 2183 1984 26)
2205 1916 2228 1968 ?
2254 1916 2319 1969 Et
2339 1933 2525 1971 rursus
2556 1935 2568 1971 :
2609 1917 2801 1985 Venite,
2821 1920 3204 1992 descendemus,
3231 1937 3281 1980 et
3307 1929 3598 2000 confunda-

2005 2022 2116 2060 ntus
2139 2007 2342 2078 linguas
2372 2027 2547 2064 eorum
2592 2009 2612 2082 (
2645 2010 2772 2067 Gen.
2808 2015 2894 2068 ll.
2925 2016 2956 2069 7
2989 2016 3006 2086 )
3077 2017 3144 2072 Et
3173 2035 3356 2075 rursus
3391 2023 3553 2078 David
3582 2042 3595 2079 :

2005 2095 2290 2168 Propterea
2331 2103 2475 2155 unxit
2504 2113 2552 2155 te
2575 2101 2715 2158 Deus
2744 2147 2760 2173 ,
2795 2105 2932 2160 Deus
2968 2117 3084 2162 tuus
3120 2112 3230 2165 oleo
3274 2112 3464 2168 ltetitia:
3491 2133 3600 2184 pne

2005 2191 2318 2245 consortibus
2347 2193 2445 2246 tuis
2477 2193 2651 2262 (Psal.
2680 2197 2768 2252 44.
2800 2195 2878 2269 8).
2911 2198 2968 2254 Si
3005 2210 3181 2256 autem
3214 2203 3390 2259 Moses
3416 2206 3547 2261 dicit
3580 2225 3594 2260 :

2005 2281 2260 2339 Dominus
2302 2283 2442 2340 Deus
2484 2297 2598 2342 tuus
2640 2287 2895 2346 Dominus
2937 2309 3067 2347 unus
3112 2305 3182 2347 est
3207 2311 3226 2348 :
3257 2296 3601 2354 imbecillitas

2003 2381 2178 2427 vestra
2208 2373 2303 2428 fuit
2331 2375 2381 2429 in
2409 2391 2587 2432 causa.
2619 2379 2686 2432 Et
2714 2380 2838 2449 quid
2868 2382 3059 2436 mirum
3091 2384 3134 2436 si
3173 2385 3275 2441 hoc
3297 2387 3349 2440 in
3379 2388 3599 2458 dogma.-

2005 2465 2143 2520 tibus
2174 2467 2368 2520 factum
2392 2479 2494 2534 est,
2526 2471 2740 2539 quando
2763 2472 2922 2526 etiam
2953 2473 3004 2527 in
3027 2475 3186 2531 rebus
3210 2493 3240 2532 a
3264 2478 3598 2546 perfectiori-

2003 2558 2102 2613 bus
2139 2560 2204 2613 ad
2236 2560 2412 2615 minus
2452 2563 2684 2632 perfecta
2725 2564 2945 2620 deduxit
2991 2568 3129 2622 Deus
3167 2571 3463 2627 orationem
3495 2616 3511 2641 ,
3539 2593 3600 2629 se

2001 2649 2292 2706 demittens
2339 2653 2407 2707 ad
2451 2666 2689 2710 nostram
2729 2657 3198 2716 imbecillitatem?
3242 2663 3500 2730 Quocirca
3545 2677 3600 2721 ct
3657 2665 3664 2672 ’

2003 2760 2223 2799 uxorem
2254 2746 2390 2802 hanc
2416 2748 2634 2818 quidem
2663 2750 2877 2821 ejicere,
2912 2753 3056 2808 illam
3090 2770 3214 2811 vero
3237 2757 3480 2826 permisit
3508 2760 3593 2813 in-

2003 2837 2284 2894 troducere
2315 2880 2330 2905 ,
2375 2855 2497 2895 cum
2543 2857 2646 2896 non
2698 2844 2835 2898 hanc
2877 2843 3048 2914 legem
3093 2846 3295 2902 tulisset
3334 2848 3403 2904 ab
3445 2849 3597 2904 initio

2001 2929 2179 2999 (Deut.
2204 2929 2319 3001 Ἡ).
2351 2933 2599 2988 Ciborum
2625 2951 2837 3006 quoque
2857 2953 3105 3007 magnum
3135 2939 3260 2994 fecit
3285 2941 3594 3008 discrimen,

2002 3022 2125 3077 licet
2166 3026 2489 3079 contrarium
2527 3028 2752 3084 dixisset
2789 3030 2856 3084 ab
2894 3030 3046 3086 initio
3077 3049 3090 3086 :
3131 3032 3414 3104 Tamquam
3455 3037 3596 3090 olera

2000 3118 2113 3188 agri
2132 3117 2246 3171 dedi
2268 3119 2402 3172 vobis
2432 3121 2604 3174 Omnia
2641 3119 2661 3193 (
2691 3118 2872 3176 Cenes.
2915 3122 2968 3178 9.
2993 3124 3027 3177 5
3055 3123 3094 3194 ).
3143 3125 3216 3180 De
3243 3125 3363 3181 loco
3383 3144 3599 3198 quoque

2001 3209 2198 3263 multas
2220 3209 2366 3280 leges
2395 3212 2591 3276 sanxit,
2621 3227 2725 3267 non
2751 3213 3070 3284 permittens
3094 3215 3289 3285 ubique
3311 3233 3498 3286 preces
3526 3220 3594 3273 atl

2001 3301 2165 3384 Deum
2197 3303 2489 3373 porrigere,
2512 3306 2756 3373 quamvis
2777 3321 2845 3361 ne
2873 3307 2976 3362 hoc
2992 3309 3210 3378 quidem
3232 3313 3600 3370 constituisset

2000 3392 2069 3448 ab
2097 3394 2262 3449 initio.
2288 3395 2424 3464 Quin
2452 3396 2611 3451 etiam
2644 3398 2694 3452 in
2724 3398 3007 3454 Persarum
3036 3401 3254 3470 regione
3270 3406 3346 3474 (α)
3367 3404 3596 3460 Abrahae

2000 3483 2148 3538 visus
2176 3493 2293 3551 est,
2324 3495 2378 3540 et
2407 3486 2460 3541 in
2503 3487 2787 3544 Palaestina
2821 3530 2838 3558 ,
2880 3499 2935 3544 et
2972 3490 3204 3561 ubique;
3235 3501 3290 3548 et
3316 3492 3446 3550 Mosi
3477 3507 3598 3566 post

2001 3573 2118 3631 huic
2147 3576 2200 3630 in
2223 3577 2530 3634 solitudine.

2071 3667 2126 3722 2.
2155 3668 2291 3736 Quid
2314 3670 2480 3740 ergo?
2507 3671 2736 3741 inquies,
2768 3683 3098 3745 repugnatne
3123 3677 3327 3747 sibiipsi
3357 3679 3596 3750 Scriptu-

1999 3776 2061 3814 ra
2092 3761 2294 3816 ?Absit
2323 3779 2337 3818 :
2365 3763 2460 3817 sed
2501 3765 2678 3818 omnia
2729 3781 2827 3836 pro
2877 3776 3120 3837 tempore
3164 3769 3501 3826 administrat
3541 3783 3599 3828 et

2000 3851 2276 3921 dispensat
2307 3852 2372 3908 ad
2403 3855 2685 3909 utilitatem
2712 3897 2727 3921 ,
2777 3857 3195 3930 uniuscujusque
3235 3864 3597 3931 generationis

2001 3944 2417 4002 imbecillitatem
2445 3948 2741 4018 corrigens.
2784 3951 2851 4004 Et
2876 3950 2996 4006 ideo
3028 3953 3118 4008 tibi
3145 3954 3359 4023 quidem
3385 3956 3588 4013 dictum

2001 4045 2100 4102 est,
2137 4036 2386 4092 Dominus
2416 4037 2551 4093 Deus
2572 4047 2686 4094 tuus
2704 4039 2954 4097 Dominus
2979 4060 3110 4098 unus
3136 4057 3226 4099 est.
3245 4046 3398 4113 Quod
3414 4057 3594 4104 autem

2001 4128 2197 4184 habeat
2223 4129 2386 4185 etiam
2417 4129 2610 4186 Filium
2638 4173 2653 4191 .
2686 4133 2963 4204 pmphetaa
2990 4135 3041 4189 in
3070 4136 3223 4193 libris
3247 4139 3361 4194 suis
3383 4137 3598 4210 praimi-

2001 4233 2216 4276 serunt:
2243 4237 2414 4293 neque
2439 4223 2593 4280 valde
2622 4235 2806 4295 aperte
2834 4226 3084 4283 dixerunt
3113 4270 3129 4295 ,
3159 4245 3226 4284 ne
3257 4241 3398 4286 tuam
3421 4232 3596 4288 offen-

2002 4314 2191 4371 derent
2217 4316 2670 4385 imbecillitatem;
2699 4335 2799 4374 nec
2823 4321 3103 4386 celarunt,
3127 4334 3182 4377 ut
3205 4333 3326 4394 post
3356 4323 3470 4380 haec
3493 4325 3594 4380 da-

2001 4415 2124 4463 rent
2161 4407 2252 4463 tibi
2299 4408 2476 4466 locum
2517 4411 2908 4480 resipiscendi,
2954 4423 3008 4468 et
3060 4430 3127 4470 ex
3180 4416 3407 4486 propriis
3444 4417 3600 4474 libris

2002 4499 2285 4570 colligendi
2316 4500 2567 4571 dogmata
2597 4502 2856 4558 veritatis.
2885 4503 2958 4558 lta
2995 4505 3155 4559 etiam
3197 4506 3428 4563 maxime
3471 4524 3598 4580 pro-

2003 4589 2194 4658 phetas
2223 4591 2518 4659 poterimus
2541 4592 2829 4661 prophetas
2850 4608 2971 4649 esse
2995 4593 3303 4664 ostendere,
3328 4607 3383 4652 et
3406 4607 3462 4653 ut
3491 4598 3598 4656 ﬁde

2003 4679 2221 4751 dignum
2249 4681 2320 4735 sit
2340 4681 2506 4736 Vetus
2537 4682 2944 4740 Testamentum
2967 4684 3201 4751 efficere,
3235 4689 3450 4760 quando
3472 4707 3597 4747 cum

2001 4773 2251 4842 gentibus
2278 4771 2614 4828 disserimus.
2642 4773 2773 4829 Nam
2796 4776 2838 4831 si
2868 4775 2970 4832 hoc
2993 4777 3295 4846 sustuleris,
3325 4782 3597 4852 quomodo

2003 4878 2066 4918 os
2090 4863 2334 4935 gentibus
2364 4865 2650 4920 obstrues?
2693 4866 2833 4935 Quid
2873 4868 3016 4923 enim
3061 4869 3248 4925 dices?
3287 4873 3488 4928 exitum
3530 4890 3599 4930 ex

2003 4954 2235 5027 Egypto
2253 4996 2268 5021 ,
2304 4963 2359 5010 et
2382 4971 2500 5025 quae
2527 4956 2593 5012 de
2621 4965 2672 5012 te
2697 4958 2951 5028 praedicta
2976 4963 3134 5016 sunt?
3160 4961 3266 5017 Sed
3292 4980 3354 5018 ea
3377 4981 3483 5021 non
3507 4965 3599 5021 ille

2003 5048 2270 5103 admittet.
2297 5048 2353 5104 Si
2379 5058 2557 5104 autem
2587 5053 2894 5106 narraveris
2939 5069 3058 5122 qua:
3099 5054 3167 5110 de
3213 5054 3426 5111 Christo
3455 5057 3616 5113 dicta.

2005 5150 2132 5196 sunt
2157 5141 2211 5195 in
2246 5141 2458 5206 Veteri,
2489 5150 2544 5196 et
2568 5141 2872 5198 ostenderis
2896 5159 3075 5200 rerum
3106 5147 3383 5200 veritatem
3409 5150 3596 5203 testari

2005 5240 2257 5288 eventum
2286 5232 2585 5303 prophetim
2617 5274 2633 5299 ,
2678 5249 2746 5287 ne
2775 5235 2969 5304 poterit
3004 5235 3215 5305 quidem
3245 5237 3518 5295 resistere.
3542 5240 3618 5298 Si.

2006 5332 2186 5378 autem
2209 5335 2392 5378 nostra
2421 5323 2804 5394 reprehendas,
2833 5342 2866 5380 ο
2887 5323 3095 5391 Judtee,
3123 5329 3394 5396 quomodo
3436 5329 3600 5385 \‘etus

2007 5417 2413 5474 Testamentum
2453 5417 2747 5475 defendes?
2771 5418 2828 5482 Si
2854 5417 2980 5487 quis
3014 5417 3157 5472 enim
3205 5420 3300 5476 tibi
3343 5421 3538 5479 dixerit
3575 5443 3591 5482 :

2006 5509 2291 5578 Quomodo
2321 5518 2445 5564 sunt
2465 5524 2593 5563 vera
2623 5524 2741 5578 qure
2763 5499 2986 5580 scripsit
3001 5509 3176 5566 Moses
3199 5553 3215 5580 ,
3246 5513 3371 5584 quid
3402 5515 3600 5572 dices?

2001 5629 2036 5735 ζ
2071 5661 2146 5727 (a)
2179 5661 2429 5735 Familiare
2452 5661 2795 5735 Chrysostomo
2824 5661 3206 5735 est_Cltaklteam
3232 5670 3600 5735 et_Babylonem

1999 5725 2261 5778 Persarum
2283 5727 2541 5788 regionem
2555 5725 2760 5788 vocare.
2775 5725 2895 5788 Inde
2911 5725 3092 5778 inferas
3105 5727 3257 5782 libros
3272 5733 3337 5782 de
3360 5725 3602 5786 Precatio-

2001 5803 2090 5864 ne,
2114 5784 2471 5864 quoslseclﬁndo
2488 5793 2656 5864 :l‘omo',
2671 5784 2764 5864 col.
2779 5787 3079 5864 etsqq.
3095 5791 3354 5864 edidimus,
3368 5809 3464 5846 non
3489 5784 3600 5849 idco

2010 5847 2147 5900 inter
2163 5847 2312 5930 dubia
2335 5848 2693 5930 locandjaj'sse,
2711 5850 2928 5930 quod‘ilzi
2953 5847 3456 5930 Selii—liacheribusrex
3491 5847 3602 5908 l’erl

2011 5925 2172 5963 sarum
2188 5911 2401 5970 dicatur;
2426 5912 2514 5965 sed
2533 5910 2640 5962 alia:
2663 5910 2867 5965 subsunt
2887 5913 2951 5966 de
2975 5912 3072 5966 illis
3091 5915 3340 5970 dubitandi
3363 5920 3603 5972 rationes.
