4064 6418
540 354 638 407 25'!

537 472 668 536 Quia
700 471 781 523 eis
808 467 1157 522 credidimus.
1203 466 1366 520 Multo
1410 467 1578 534 magis
1620 480 1750 534 ergo
1780 475 1961 518 nostra
2007 478 2131 517 vera

535 572 657 616 sunt
693 578 706 614 :
767 577 886 615 nam
937 576 1033 614 nos
1072 575 1283 629 quoque
1332 559 1658 613 credidimus
1697 575 1711 623 ;

537 656 656 709 dem
681 655 810 709 estis
836 669 934 707 una
959 667 1109 723 gens,
1141 668 1236 707 nes
1264 661 1440 705 autem
1474 651 1753 703 universus
1780 647 1928 702 orbis
1959 657 2130 702 terra-

541 764 655 802 rum
690 789 704 812 ,
739 747 995 816 vobisque
1038 762 1145 800 non
1193 745 1272 799 sic
1316 745 1580 814 persuasit
1625 742 1838 806 Moses,
1885 748 1942 794 ut
1979 737 2133 794 nobis

531 837 776 893 Christus
807 855 819 890 :
850 851 914 891 ac
961 845 1136 889 vestra
1169 834 1381 904 quidem
1411 841 1688 887 cessarunt
1713 874 1729 896 ,
1772 842 1952 886 nostra
2000 845 2129 884 vero

533 936 694 982 stant.
739 929 820 981 An
861 943 924 982 ex
956 924 1438 997 prardietionibus?
1467 923 1571 979 Sed
1609 924 1793 992 plures
1829 931 1953 977 sunt
1988 922 2128 990 apud

530 1035 649 1075 nos.
679 1018 868 1073 Nostra
889 1034 1017 1089 ergo
1046 1018 1091 1072 si
1116 1017 1400 1072 sustuleris
1425 1057 1440 1082 ,
1469 1017 1572 1070 tuis
1604 1015 1846 1069 umbram
1874 1013 2126 1068 otl'undis.

534 1117 614 1166 An
643 1129 710 1167 ex
742 1113 908 1182 signis
933 1111 956 1164 ?
978 1111 1081 1165 Sed
1105 1126 1201 1164 vos
1229 1110 1441 1180 quidem
1472 1109 1632 1163 Musis
1679 1109 1879 1162 nullum
1909 1108 2130 1178 potestis

529 1205 742 1274 signum
775 1203 1092 1256 ostendere:
1127 1200 1224 1255 fuit
1245 1201 1385 1256 enim
1411 1243 1424 1264 ,
1453 1209 1507 1254 et
1540 1200 1785 1265 transiit;
1821 1215 1918 1253 nus
1947 1210 2126 1253 autem

531 1295 733 1349 Christi
771 1295 934 1348 multa
975 1304 1027 1346 ct
1065 1294 1277 1347 diversa
1320 1308 1438 1362 qua:
1475 1291 1650 1346 adhuc
1677 1307 1819 1345 nunc
1860 1293 1994 1344 tiunt
2019 1333 2034 1356 ,
2066 1307 2128 1345 ac

526 1386 904 1455 praedictiones
933 1386 1013 1439 Vri
1057 1386 1171 1439 sole
1209 1385 1488 1438 clariores.
1522 1385 1602 1437 An
1630 1399 1693 1437 ex
1725 1383 1930 1452 legibus
1957 1383 1978 1436 ?
2021 1383 2126 1437 Sed

529 1487 727 1532 nostra:
749 1476 866 1545 plus
898 1476 950 1529 in
977 1490 1033 1529 se
1056 1476 1333 1529 continent
1354 1475 1643 1538 sapientiae.
1669 1473 1775 1529 Sed
1803 1473 1926 1542 quid
1955 1473 1978 1526 ?
2009 1489 2128 1542 pro-

535 1564 1142 1634 bibentibuszﬁgyptiis
1176 1569 1378 1635 egressi
1422 1564 1600 1619 estis?
1631 1563 1744 1620 Sed.
1764 1580 1867 1618 non
1899 1563 2121 1634 perinde

530 1666 616 1710 est
645 1655 831 1711 orbem
862 1665 1128 1709 terrarum
1159 1654 1446 1709 bellantem
1475 1671 1778 1725 superasse,
1797 1666 1956 1724 atque
1982 1656 2127 1710 solos

527 1747 811 1818 Egyptios
849 1747 1066 1801 vicisse.
1118 1747 1186 1800 Et
1235 1747 1349 1808 lucc
1395 1747 1515 1802 dico
1541 1790 1556 1812 ,
1592 1764 1698 1801 nun
1725 1747 1968 1802 utVetus
1996 1764 2116 1802 cum

529 1839 682 1893 Novo
726 1839 1054 1893 committam
1079 1857 1092 1892 :
1116 1837 1290 1892 absit:
1323 1837 1420 1894 sed
1458 1838 1787 1908 ingratorum
1813 1837 2124 1894 Judmorum

527 1932 713 1986 Volens
739 1941 800 1986 us
819 1930 1118 1986 obstruere.
1141 1929 1272 1984 Nam
1295 1940 1351 1985 et
1379 1930 1492 1986 haec
1513 1939 1567 1984 et
1597 1931 1681 1985 illa
1705 1931 1772 1985 ab
1793 1930 1982 1985 eodem
2014 1931 2123 1986 Deo

525 2023 645 2076 data
675 2032 729 2077 et
755 2021 891 2076 facta
923 2031 1069 2076 sunt.
1098 2021 1203 2076 Sed
1225 2021 1357 2076 illud
1386 2021 1506 2075 volo
1535 2022 1795 2092 probare,
1828 2020 2076 2076 Judmum
2103 2064 2118 2088 ,

524 2114 749 2168 sublatis
792 2113 860 2168 de
908 2113 1123 2168 Christo
1161 2111 1454 2183 prophetiis
1483 2153 1498 2178 ,
1547 2120 1796 2168 evertere
1838 2113 2124 2166 maximam

526 2217 732 2275 partem
791 2204 1191 2276 prophetiarum
1216 2247 1231 2272 ,
1265 2221 1365 2260 nec
1407 2220 1567 2275 posse
1615 2215 1800 2276 aperte
1841 2205 2127 2262 ostendere

525 2297 856 2351 nobilitatem
878 2296 1094 2352 Veteris
1113 2338 1130 2364 ,
1154 2297 1259 2350 nisi
1288 2295 1494 2352 Novum
1528 2295 1827 2354 admiserit.
1847 2297 1998 2366 Quod
2025 2313 2125 2352 au-

529 2401 636 2443 tem
666 2389 781 2443 lucc
809 2404 914 2442 non
934 2387 1002 2443 de
1025 2389 1243 2443 homine
1269 2389 1410 2444 dicta
1444 2389 1574 2455 sint,
1600 2399 1654 2444 et
1679 2405 1745 2444 ex
1776 2405 1842 2445 eo
1873 2390 2014 2460 quod
2046 2391 2127 2446 di~

526 2489 698 2545 eatur,
728 2479 864 2534 Sede
891 2496 924 2532 a
952 2480 1146 2533 dextris
1165 2481 1288 2535 meis
1307 2521 1321 2546 ,
1345 2491 1400 2535 et
1423 2481 1565 2550 quod
1597 2481 1904 2536 nominetur
1931 2482 2119 2538 Domi-

529 2587 632 2625 nus
657 2586 810 2640 :eque
840 2584 902 2624 ac
924 2570 1182 2625 Dominus
1211 2570 1301 2625 ille
1322 2571 1411 2640 qui
1437 2570 1600 2638 dicit,
1623 2581 1677 2626 et
1706 2571 1848 2642 quod
1871 2588 1937 2626 ex
1965 2582 2118 2629 utero

524 2672 650 2716 ante
676 2661 954 2715 luciferum
974 2662 1042 2716 sit
1061 2665 1297 2730 genitus,
1331 2671 1385 2716 et
1415 2677 1481 2716 ex
1507 2677 1572 2716 eo
1593 2662 1736 2732 quod
1761 2664 1831 2717 sit
1860 2663 2113 2720 sacerdos

526 2753 819 2807 secundum
871 2752 1116 2830 ordinem
1172 2752 1528 2808 Melehisedec
1552 2795 1568 2820 ,
1599 2762 1655 2809 et
1695 2769 1759 2809 ex
1792 2769 1857 2810 eo
1881 2755 2023 2825 quod
2045 2755 2127 2810 di-

525 2848 664 2901 eitur
687 2886 703 2912 ,
731 2845 925 2900 Tecum
962 2844 1272 2916 principium
1311 2854 1484 2914 tuum,
1526 2845 1592 2901 iis
1631 2845 1722 2916 qui
1772 2847 1984 2916 sapiunt
2016 2846 2126 2902 cla-

525 2955 644 2994 rum
667 2947 769 2993 εει.
1281 2947 1290 2956 ’

594 3031 850 3086 Adversus
881 3029 1112 3085 Paulum
1154 3031 1547 3086 Samosatenum
1586 3042 1633 3086 et
1658 3041 1838 3086 contra
1876 3032 2119 3088 Arianos.

530 3153 604 3164 —
635 3123 788 3190 Quod
816 3124 861 3179 si
885 3123 1022 3180 alius
1041 3123 1196 3179 nobis
1221 3137 1408 3178 rursus
1427 3133 1664 3195 emergat
1691 3123 1931 3193 Iudaeus,
1969 3123 2126 3180 Chri-

528 3215 688 3271 stiani
712 3229 998 3284 personam
1023 3213 1344 3284 suscipiens,
1376 3213 1578 3270 Paulus
1603 3255 1618 3281 ,
1651 3215 1867 3285 inquam
1885 3257 1901 3283 ,
1925 3216 2122 3271 Samo-

524 3315 744 3365 satenus
763 3347 780 3373 ,
813 3314 994 3376 potest
1021 3304 1237 3376 quidem
1276 3305 1441 3361 etiam
1478 3305 1740 3362 adversus
1767 3322 1894 3362 eum
1922 3307 2029 3363 dici
2055 3323 2122 3363 ex

523 3397 692 3452 Novo.
718 3396 828 3452 Sed
853 3411 922 3452 ne
936 3395 1216 3452 videamur
1243 3395 1446 3451 relictis
1473 3398 1832 3466 praesentibus
1859 3398 1928 3453 ad
1951 3399 2113 3454 aliam

527 3490 665 3545 aciei
695 3497 900 3560 partem
932 3489 1161 3543 transire
1182 3529 1199 3555 ,
1242 3503 1365 3543 eum
1397 3489 1520 3544 hinc
1545 3504 1759 3560 quoque
1781 3490 2120 3560 impetamus.

524 3579 663 3647 Quid
706 3583 751 3635 is
782 3595 909 3650 ergo
936 3578 1064 3635 dicit
1092 3580 1116 3633 ?
1161 3579 1334 3635 Homo
1359 3588 1472 3646 est,
1499 3580 1702 3650 inquit,
1735 3580 2075 3638 solummodo
2107 3599 2123 3638 :

523 3686 578 3730 et
603 3690 671 3730 ex
698 3689 806 3746 quo
829 3688 896 3729 ex
923 3673 1087 3728 Maria
1115 3681 1270 3728 natus
1300 3682 1403 3740 est,
1434 3687 1502 3729 ex
1530 3672 1622 3728 illo
1647 3682 1892 3744 tempore
1921 3683 2124 3731 tantum

524 3768 760 3824 exsistit.
777 3765 915 3835 Quid
945 3782 1094 3837 ergo,
1114 3765 1221 3835 die,
1252 3780 1455 3836 quaeso,
1479 3765 1626 3821 dices
1647 3765 1716 3820 ad
1745 3765 1876 3822 illud
1900 3765 2118 3832 dictum,

523 3860 662 3931 quod
695 3860 884 3915 habet:
914 3859 1000 3914 Ea:
1025 3870 1167 3914 utero
1194 3868 1314 3913 ante
1339 3857 1611 3928 luciferum
1639 3860 1790 3930 genui
1817 3869 1864 3913 te
1884 3860 1910 3914 .9
1956 3859 2126 3930 Opor-

525 3960 602 4007 tet
628 3959 806 4005 autem
832 3951 955 4016 alia,
989 3967 1108 4021 qua:
1133 3959 1320 4005 contra
1345 3948 1564 4006 Iudaeos
1588 3949 1731 4005 dicta
1763 3959 1922 4018 sunt,
1957 3952 2121 4006 etiam

525 4053 710 4099 contra
738 4058 832 4098 eos
858 4041 1060 4107 dicere,
1089 4044 1176 4112 qui
1202 4043 1271 4097 ab
1299 4057 1365 4096 eo
1385 4051 1784 4113 processerunt.
1816 4043 1927 4099 Nec
1954 4059 2051 4100 nos
2069 4045 2124 4098 in

523 4151 685 4190 causa
709 4148 915 4200 sumus,
944 4132 1038 4187 sed
1067 4133 1120 4186 bi
1149 4133 1247 4202 ipsi
1273 4133 1362 4203 qui
1389 4132 1590 4187 habent
1616 4149 1738 4188 cum
1767 4134 1844 4190 eis
1873 4149 2120 4205 magnam

525 4224 834 4294 dogmatum
881 4223 1252 4293 cognationem
1283 4239 1298 4276 :
1329 4221 1474 4276 unde
1516 4223 1679 4277 etiam
1727 4221 1929 4278 eisdem
1960 4225 2125 4280 armis

523 4317 578 4369 in
598 4330 691 4371 eos
724 4323 954 4370 utemur.
972 4313 1082 4368 Eos
1104 4313 1270 4379 enim,
1293 4313 1383 4383 qui
1409 4313 1654 4368 similiter
1682 4313 1878 4368 bellum
1905 4325 2121 4385 gerunt,

523 4419 737 4480 oportet
761 4409 960 4465 eisdem
986 4408 1178 4479 jaculis
1204 4406 1511 4463 confodere.
1536 4407 1673 4476 Quid
1701 4407 1859 4475 igitur
1886 4409 1988 4463 sibi
2014 4409 2123 4463 vult

525 4503 702 4558 throni
734 4501 1002 4557 societas?
1033 4501 1131 4556 Hic
1157 4501 1298 4556 enim
1329 4499 1629 4556 ostenditur
1658 4500 1876 4555 honoris
1903 4501 2124 4570 :equali-

524 4608 606 4650 tas
629 4636 646 4661 ,
694 4594 838 4664 quod
887 4595 1020 4649 satis
1059 4604 1142 4648 cst
1181 4593 1248 4648 ad
1277 4593 1658 4649 obstruendum
1687 4609 1748 4649 os
1778 4595 2117 4649 Arianorum.

523 4687 592 4740 Et
630 4685 751 4740 ideo
793 4686 1037 4740 Christus
1079 4695 1263 4740 contra
1304 4684 1522 4742 Iudaeos
1562 4685 1802 4740 dicentes
1842 4687 2112 4741 Christum

523 4794 644 4834 esse
681 4779 846 4832 tilium
887 4778 1049 4832 David
1080 4778 1389 4848 subjunxit:
1421 4780 1689 4847 Quomodo
1715 4797 1833 4851 ergo
1878 4782 2044 4835 David
2069 4783 2122 4836 in

524 4870 728 4940 Spiritu
765 4879 909 4922 vocat
953 4885 1065 4922 eum
1105 4869 1420 4935 Dominum,
1453 4871 1662 4925 dicens:
1687 4871 1829 4924 Dixit
1873 4871 2122 4928 Dominus

532 4966 749 5019 Domino
773 4980 905 5028 meo,
939 4963 1117 5018 Sedea
1134 4963 1323 5016 dextris
1349 4956 1472 5016 meis
1501 4964 1714 5035 (Matt/1.
1744 4965 1833 5018 2:2.
1865 4967 1952 5021 4'5.
1985 4966 2122 5032 44)?

524 5058 723 5112 Paulus
751 5067 927 5110 autem
945 5055 1012 5109 de
1035 5055 1331 5108 oeconomia
1363 5064 1544 5123 postea
1572 5060 1802 5110 tractans
1823 5054 2006 5129 (Hebr.
2037 5058 2117 5128 7),

523 5161 579 5205 et
608 5166 725 5205 eam
756 5149 992 5217 apertius
1024 5148 1380 5215 interpretans
1412 5188 1427 5213 ,
1459 5156 1514 5202 et
1553 5147 1804 5204 Marciani
1850 5161 1903 5204 et
1952 5151 2121 5206 Mani-

524 5245 700 5309 chmo,
730 5252 784 5298 et
809 5244 873 5298 iis
896 5243 1145 5296 omnibus
1165 5241 1252 5310 qui
1281 5239 1440 5294 simili
1467 5240 1656 5293 morbo
1679 5241 1940 5306 laborant,
1963 5237 2121 5298 letale

525 5335 717 5389 vulnus
745 5334 936 5404 inﬂigit
959 5353 970 5387 :
997 5331 1380 5401 interpretatur
1403 5331 1546 5386 enim
1563 5347 1686 5386 cum
1708 5348 1771 5386 ea
1796 5348 1899 5403 qua
1922 5350 2015 5404 par
2037 5346 2121 5389 est

528 5425 829 5492 prudentia,
858 5425 1125 5495 quomodo
1150 5423 1247 5478 fuit
1268 5422 1519 5479 sacerdos
1549 5423 1843 5478 secundum
1874 5426 2116 5481 ordinem

539 5519 918 5574 Molehisedec.
958 5515 1066 5569 Nos
1106 5525 1284 5569 autem
1338 5529 1525 5569 rursus
1561 5514 1627 5569 ad
1671 5517 2000 5585 propositum
2035 5535 2120 5573 re-

531 5613 814 5656 vertamur.
843 5603 983 5657 Dixit
1007 5603 1260 5658 Dominus
1281 5603 1500 5659 Domino
1528 5623 1636 5661 meo
1656 5648 1669 5669 ,
1703 5607 1837 5662 Sede
1865 5626 1898 5661 a
1927 5609 2119 5665 dextris

536 5690 675 5741 meis.
727 5691 909 5746 Vidisti
961 5695 1317 5763 mqualitatem
1371 5695 1645 5751 honoris?
1685 5697 1786 5752 Ubi
1837 5700 1979 5754 enim
2039 5712 2122 5756 est

539 5779 801 5845 thronus,
830 5781 936 5838 illic
980 5795 1059 5842 est
1084 5785 1308 5859 _signutn
1335 5788 1522 5857 regni:
1557 5788 1643 5843 ubi
1689 5800 1865 5845 autem
1897 5791 2118 5851 thronus

1285 353 1337 408 S.
1376 352 1654 407 J0.\NNIS
1692 351 2164 408 CllliYSUS'l‘OMl
2203 353 2518 410 AliClilEP.
2560 359 3096 419 CONSTANTINOP.

2188 5690 2213 5709 Ι

3729 377 3820 435 26⁸

2246 484 2384 522 unus
2410 512 2423 533 ,
2449 481 2531 525 est
2562 471 2800 541 ejusdem
2831 479 2978 547 regni
3008 479 3226 534 honoris
3252 483 3555 553 aequalitas.
3579 486 3822 554 Quocirca

1767 565 1821 612 et
1864 572 1957 648 vos
2013 557 2133 628 qni-
2156 585 2193 636 ε
2242 559 2437 616 Paulus
2459 578 2669 634 quoque
2695 566 2934 622 dicebat:
2963 570 3064 637 Qui
3089 572 3212 641 facit
3240 576 3449 645 angelos
3465 594 3584 631 suos
3608 581 3818 648 spiritus,

2239 661 2284 704 et
2315 652 2568 708 ministros
2609 673 2727 709 suos
2766 659 3027 726 ﬂammam
3067 663 3216 734 ignis.
3254 665 3334 718 Ad
3390 664 3588 722 Filium
3635 682 3822 727 autem:

2242 741 2474 834 T/ironus
2503 756 2640 812 tuus,
2668 747 2822 813 Deus,
2848 752 2900 804 in
2916 755 3348 810 swezdumsaacuti
3373 757 3566 827 (Hebr.
3593 762 3640 814 1.
3671 762 3719 816 7.
3749 763 3818 834 8).

2240 833 2314 888 Ita
2343 836 2502 890 etiam
2536 837 2720 894 Daniel
2766 840 2910 896 videt
2954 845 3255 900 universam
3284 849 3507 918 quidem
3537 833 3818 908 creaturam

2236 929 2612 998 assistentem,
2672 943 2726 987 et
2795 936 3015 1005 angelos
3078 948 3132 993 et
3192 939 3589 1012 archangelos,
3642 943 3819 1000 Filium

2235 1031 2412 1075 autem
2438 1023 2668 1078 hominis
2685 1027 2984 1082 venientem
3009 1029 3059 1083 in
3082 1029 3332 1100 nubibus,
3352 1043 3410 1088 et
3436 1037 3820 1102 pervenientem

2237 1128 2403 1182 usque
2423 1114 2488 1167 ad
2516 1117 3013 1185 autiqnumdiernm
3045 1119 3203 1188 (Dan.
3235 1124 3309 1192 7).
3330 1124 3492 1189 Quod
3525 1127 3568 1179 si
3599 1130 3820 1184 nonnulli

2235 1207 2575 1262 oti'endantur
2602 1226 2664 1263 ex
2698 1228 2762 1265 eo
2785 1214 2925 1282 quod
2945 1215 3023 1269 sic
3052 1215 3310 1282 dicamus,
3336 1220 3567 1274 audiant
3595 1238 3713 1275 eum
3741 1237 3820 1278 se-

2233 1299 2362 1356 dere
2398 1317 2428 1355 a
2455 1301 2659 1358 dextris
2684 1348 2698 1370 ,
2728 1316 2781 1359 et
2809 1305 3058 1360 desinant
3100 1307 3319 1364 oiTendi.
3369 1312 3818 1376 Quemadmodum

2235 1394 2376 1447 enim
2407 1410 2503 1449 nos
2531 1412 2635 1450 non
2667 1397 2894 1453 dicimus
2925 1415 3046 1453 eum
3088 1416 3208 1456 esse
3243 1402 3405 1457 Patre
3433 1406 3692 1473 majorem
3721 1447 3734 1470 ,
3761 1421 3821 1458 eo

2233 1486 2374 1555 quod
2404 1503 2433 1542 a
2461 1487 2663 1542 dextris
2684 1489 2901 1556 sedeat,
2930 1507 3048 1560 quae
3091 1493 3318 1547 maxime
3348 1493 3646 1550 honoriﬁca
3675 1496 3816 1551 sedes

2233 1589 2350 1636 est:
2375 1582 2443 1635 ita
2475 1597 2574 1637 nec
2602 1592 2656 1670 tu
2694 1599 2817 1638 eum
2856 1583 3118 1639 minorem
3150 1596 3204 1640 et
3233 1585 3548 1641 inferiorem
3590 1587 3776 1642 dixeris
3799 1628 3814 1654 ,

2233 1674 2329 1728 sed
2356 1673 2559 1730 honore
2595 1693 2774 1746 parem
2797 1686 2852 1732 et
2878 1679 3157 1747 aequalem.
3185 1678 3239 1733 Id
3263 1679 3408 1732 enim
3443 1680 3706 1751 signiﬁcat
3729 1695 3812 1735 so-

2232 1767 2397 1822 cietas
2424 1769 2700 1823 sessionis.
2734 1767 2909 1824 Donec
2935 1788 3122 1840 ponam
3151 1770 3384 1826 inimicos
3410 1782 3531 1842 tuos
3559 1772 3817 1827 scabellunt
3857 1787 3860 1790 '

2233 1861 2418 1929 pedum
2443 1872 2662 1916 tuorum.
2688 1862 2756 1916 Et
2783 1863 2998 1932 quinam
3020 1871 3145 1917 sunt
3170 1863 3372 1918 inimici
3395 1863 3421 1916 ?
3442 1863 3580 1918 Audi
3613 1862 3812 1917 Paulum

2231 1955 2533 2010 dicentem:
2566 1953 2818 2008 Primitiae
2845 1952 3075 2008 Christus
3101 1969 3120 2008 :
3147 1954 3331 2008 deinde
3369 1955 3460 2024 qui
3503 1953 3688 2010 Christi
3711 1960 3814 2007 sunt

2231 2047 2285 2102 in
2311 2049 2526 2101 adventu
2547 2049 2676 2119 ejus,
2696 2041 2877 2100 deinde
2905 2047 3041 2114 ﬁnis.
3062 2044 3272 2116 Oportet
3301 2047 3440 2100 enim
3467 2063 3581 2100 eunt
3601 2061 3810 2118 regnare,

2232 2155 2497 2208 quousque
2522 2138 2744 2207 posuerit
2771 2154 2942 2192 omnes
2965 2138 3196 2191 inimicos
3215 2154 3335 2192 suos
3360 2139 3458 2192 sub
3494 2138 3697 2210 pedibus
3721 2138 3814 2191 suis

2238 2230 2315 2301 (1.
2344 2230 2570 2286 Cor-.15.
2600 2229 2820 2300 23-25).

2301 2324 2355 2377 5.
2409 2320 2600 2377 Vidisti
2631 2321 3057 2391 propheticorum
3089 2330 3143 2376 et
3169 2321 3590 2391 apostolicorum
3628 2321 3802 2376 verbo-

2233 2432 2350 2472 rum
2376 2427 2695 2472 concentum
2725 2426 2779 2470 et
2798 2415 3141 2470 concordiam
3162 2414 3186 2467 Ὺ
3212 2414 3326 2470 Illic
3346 2415 3494 2470 enim
3520 2414 3647 2470 dicit
3675 2435 3686 2468 :
3712 2412 3808 2466 Do-

2230 2524 2321 2562 nec
2346 2524 2531 2578 ponam
2553 2506 2784 2560 inimicos
2809 2515 2920 2560 tuos
2959 2505 3233 2560 scabellum
3261 2508 3448 2573 pedum
3480 2515 3673 2558 tuorum
3690 2521 3708 2568 ;
3737 2501 3808 2556 hic

2232 2615 2395 2656 vero:
2429 2599 2702 2668 Quousque
2729 2599 2952 2668 posuerit
2979 2613 3153 2651 omnes
3176 2597 3416 2652 inimicos
3439 2588 3571 2651 tuos.
3598 2595 3697 2651 Sed
3724 2608 3807 2648 nev

2230 2707 2335 2762 que
2376 2691 2484 2745 illic
2527 2691 2654 2745 illud
2701 2689 2892 2756 Donec,
2937 2705 3110 2760 neque
3136 2688 3224 2745 hic
3254 2689 3362 2745 hoc
3389 2691 3676 2760 Quousque,
3699 2693 3806 2741 sunt

2233 2784 2444 2840 termini
2470 2793 2789 2854 temporum.
2819 2782 3097 2849 Quomodo
3123 2781 3268 2837 enim
3307 2781 3520 2836 steterit
3545 2778 3666 2834 illud
3695 2789 3803 2847 pro-

2232 2880 2501 2950 pheticum
2529 2875 2672 2947 quod
2697 2876 2857 2930 dicit:
2878 2874 3118 2930 Potestas
3143 2875 3275 2944 ejus,
3301 2883 3528 2946 potestas
3549 2883 3745 2934 (eterna,
3764 2877 3804 2922 et

2229 2987 2440 3043 regnum
2485 2971 2617 3042 ejus,
2658 2985 2867 3039 regnum
2909 2967 3045 3038 quod
3081 2983 3185 3022 non
3223 2967 3426 3037 peribit,
3456 2978 3504 3019 et
3543 2963 3680 3035 regni
3713 2961 3804 3030 ejus

2235 3079 2336 3118 non
2366 3063 2459 3118 erit
2499 3062 2618 3130 ﬁnis
2649 3059 2823 3133 (Dan.
2849 3061 2903 3115 Ἰ.
2937 3061 2999 3115 11
3027 3077 3042 3127 ;
3067 3058 3196 3113 Luc.
3229 3060 3282 3114 1.
3313 3059 3427 3131 54)
3452 3076 3467 3113 :
3494 3057 3539 3112 si
3563 3056 3626 3110 ad
3651 3069 3710 3108 ea
3731 3067 3802 3105 us-

2229 3172 2334 3227 que
2376 3164 2616 3225 tempora
2643 3154 2714 3208 sit
2750 3152 3106 3223 regnaturus?
3139 3151 3300 3208 Vides
3331 3166 3442 3207 non
3469 3163 3589 3205 esse
3627 3146 3802 3201 solum-

2234 3247 2396 3303 modo
2430 3245 2781 3302 attendendas
2821 3245 3106 3314 dictiones,
3137 3244 3230 3300 sed
3269 3259 3396 3300 esse
3435 3235 3800 3298 ascendentium

2234 3339 2303 3394 ad
2343 3337 2796 3409 intelligentiam?
2838 3337 2920 3392 Tu
2962 3345 3140 3392 autem
3169 3351 3291 3392 cum
3327 3336 3482 3391 audis
3517 3329 3800 3403 prophetam

2230 3431 2517 3496 dicentem,
2556 3430 2768 3485 Patrem
2810 3444 3010 3500 ponere
3055 3429 3155 3483 sub
3206 3427 3434 3498 pedibus
3473 3427 3607 3498 ejus,
3641 3437 3703 3476 ne
3741 3431 3797 3472 ex

2230 3539 2297 3580 eo
2326 3521 2678 3580 conturberis.
2711 3521 2899 3592 Neque
2937 3523 3079 3577 enim
3121 3521 3236 3576 haec
3266 3520 3410 3576 dicta
3440 3529 3563 3574 sunt
3590 3511 3718 3586 quod
3739 3511 3799 3565 sit

2231 3614 2525 3670 imbecillus
2551 3612 2738 3667 Filius.
2763 3612 2957 3668 Paulus
2983 3613 3126 3668 enim
3156 3611 3393 3668 ostendit
3414 3610 3602 3667 Filium
3623 3613 3797 3676 ponere

2229 3707 2478 3762 inimicos
2529 3706 2628 3760 sub
2683 3704 2906 3775 pedibus
2962 3703 3099 3772 suis,
3157 3703 3380 3759 dicens:
3432 3701 3638 3771 Oportet
3682 3691 3796 3748 enim

2229 3817 2344 3856 eum
2383 3815 2596 3871 regnare
2621 3815 2879 3870 quousque
2918 3808 3072 3868 Ponat
3107 3797 3340 3852 inimicos
3367 3796 3458 3851 sub
3484 3792 3682 3863 pedibus
3703 3783 3793 3840 suis

2231 3892 2252 3967 (
2284 3895 2334 3948 1.
2363 3892 2480 3947 Cor.
2514 3892 2600 3946 14.
2643 3892 2713 3946 23
2745 3892 2788 3959 ).
2831 3890 2900 3945 Et
2945 3903 3131 3944 rursus
3167 3891 3217 3944 ei
3259 3902 3476 3959 quoque
3518 3883 3792 3967 universum

2232 3965 2413 4041 tribuit
2438 3985 2656 4040 dicens:
2693 3982 2912 4051 Quando
2949 3981 3214 4035 tradiderit
3250 3995 3468 4051 regnum
3508 3975 3610 4030 Deo
3634 3981 3678 4024 et
3702 3965 3794 4020 Pa-

2229 4079 2314 4146 tri,
2360 4077 2564 4148 quando
2611 4075 2850 4130 deleverit
2899 4091 3098 4129 onmem
3153 4083 3453 4144 potestatem
3501 4077 3547 4123 et
3587 4065 3792 4148 virtutem

2231 4145 2394 4243 (Ibid.
2430 4187 2479 4223 υ.
2509 4169 2580 4224 21
2605 4168 2648 4240 ).
2680 4168 2794 4224 Hoc
2820 4177 2904 4223 est
2929 4209 2944 4230 ,
2972 4167 3196 4236 Quando
3221 4180 3446 4235 regnum
3478 4167 3617 4216 recte
3642 4145 3791 4243 adipi:

2231 4239 2557 4329 nistraverit,
2600 4239 2814 4316 cessare
2853 4259 3063 4313 curabit
3087 4272 3302 4312 omnem
3338 4259 3667 4338 potestatem.
3695 4239 3789 4338 Π(ξο

2229 4356 2371 4410 enim
2400 4353 2502 4408 sibi
2532 4355 2646 4408 vult
2669 4352 2821 4418 illud,
2841 4362 3147 4423 καταργήσει.
3164 4348 3316 4417 Quod
3340 4357 3518 4402 autem
3547 4337 3667 4396 dicit
3692 4343 3789 4434 uul-

2229 4464 2439 4503 versuin
2470 4447 2585 4517 ejus
2606 4462 2747 4513 esse,
2767 4447 2977 4501 Patrem
3006 4446 3072 4500 ab
3094 4445 3208 4514 ipso
3233 4457 3341 4496 non
3373 4444 3579 4510 separat
3599 4431 3692 4503 (ιι),
3709 4431 3788 4479 δίο·

2229 4542 2304 4594 uti
2339 4555 2438 4594 nec
2462 4540 2653 4594 Filium
2689 4555 2716 4591 a
2763 4538 2922 4594 Patre
2956 4537 3161 4592 dividit.
3190 4535 3321 4603 Qua:
3348 4533 3491 4590 enim
3512 4519 3785 4583 suntilliUS,

2229 4643 2354 4687 sunt
2385 4633 2539 4702 hujus
2567 4651 2580 4685 :
2617 4643 2674 4686 et
2711 4647 2829 4700 qua:
2867 4639 2992 4685 sunt.
3019 4629 3178 4700 hujus
3201 4671 3216 4694 ,
3245 4637 3372 4684 sunt
3400 4625 3557 4681 illius.
3584 4618 3648 4673 Et
3685 4610 3786 4666 ideo

2229 4726 2386 4780 dicit:
2410 4725 2595 4778 Omnia
2631 4742 2740 4777 utea
2771 4735 2855 4776 tua
2881 4735 3031 4789 sunt,
3055 4733 3102 4776 et
3131 4733 3216 4776 tua
3242 4738 3354 4776 mea
3392 4717 3567 4790 (Joan.
3590 4710 3667 4765 17.

2234 4818 2458 4887 Quando
2489 4833 2617 4887 ergo
2656 4817 2887 4870 audieris
2931 4817 3144 4870 Patrem
3187 4812 3502 4884 subjecisse.
3533 4818 3598 4859 ne
3623 4797 3784 4854 existi-

2229 4924 2344 4964 mes
2369 4909 2667 4979 sejunctuni
2696 4924 2814 4962 esse
2842 4905 3032 4961 Filium
3073 4908 3139 4961 ab
3162 4921 3226 4960 eo
3260 4903 3515 4976 praeclaro
3544 4892 3783 4950 facinore:

2227 5012 2281 5056 et
2318 5002 2362 5054 si
2403 5001 2666 5070 intelligas
2711 4998 2902 5052 Filium
2947 4998 3258 5068 subjecisse,
3309 5011 3376 5050 ne
3419 4992 3561 5046 dicas
3599 4983 3781 5070 i’altem

2227 5108 2348 5147 esse
2387 5093 2454 5147 ab
2496 5094 2576 5146 his
2612 5093 2866 5146 alienum.
2895 5091 3025 5158 Quae
3053 5091 3196 5145 enim
3229 5089 3441 5158 pulchre
3471 5097 3531 5137 ac
3560 5069 3783 5165 prmclare

2228 5185 2404 5248 tiunt,
2459 5193 2584 5237 sunt
2649 5183 2985 5247 couununia,
3035 5178 3480 5253 quemadmodum
3528 5179 3579 5227 et
3627 5168 3779 5219 ounua

2228 5292 2388 5349 opera
2413 5277 2736 5332 communia.

2304 5369 2403 5423 llic
2433 5385 2623 5434 versus,
2657 5369 2868 5438 Virgam
2901 5369 3108 5422 virtutis
3139 5377 3264 5432 tum,
3303 5378 3421 5429 etc.,
3449 5351 3700 5427 01109095“
3725 5339 3778 5443 ξίθ

2229 5464 2427 5519 Christo
2458 5464 2761 5533 explicatur.
2796 5463 2934 5516 Crux
2954 5461 3140 5516 Christi
3170 5463 3401 5533 virga.—-
3422 5457 3472 5511 2.
3492 5451 3676 5517 Virgam
3695 5449 3776 5489 mr-

2230 5558 2347 5612 tutis
2375 5569 2474 5611 tuae
2501 5557 2685 5610 entittet
2710 5556 2958 5610 Dominus
2987 5572 3049 5610 ea:
3078 5555 3225 5610 Sion.
3255 5554 3458 5624 Virgam
3473 5541 3674 5605 virtutis
3691 5545 3770 5588 SC"

2291 5738 2364 5799 (α)
2396 5744 2534 5796 Reg,
2566 5749 2657 5784 non
2681 5735 2953 5793 adumbrat,
2973 5735 3072 5795 vel,
3098 5747 3189 5799 non
3213 5733 3426 5799 obscurat
3440 5763 3452 5785 ι
3476 5732 3576 5788 ηυδε
3599 5717 3686 5778 ipsa
3706 5703 3768 5752 ’θ’

2230 5796 2325 5852 ctiu
2347 5796 2553 5851 inultum
2579 5801 2777 5848 ati'ert‘et
2802 5799 2912 5850 huic
2937 5799 3042 5849 lucu
3063 5796 3393 5849 obscuritatis.
