4064 6426
313 341 418 401 τίὶτ

321 455 418 508 καὶ
438 453 600 523 ἡμεῖς
631 451 1055 522 ἐπιστεύσαμεν·
1079 452 1172 505 καὶ
1201 451 1356 520 ὑμεῖς
1378 451 1475 522 μὲν
1498 451 1555 504 ἓν
1583 451 1734 514 ἔθνος
1755 451 1902 513 ὲστὲ,

326 539 485 609 ἡμεῖς
501 535 559 588 δὲ
580 536 734 587 πᾶσα
762 537 796 604 ή
824 534 1132 604 οίκουμένη,
1152 532 1246 586 καὶ
1276 534 1306 585 ὑ
1314 536 1418 603 μᾶς
1442 535 1538 604 οὑχ
1559 533 1731 597 οὕτως
1753 533 1905 585 ἒπει-

327 639 389 674 σε
419 619 683 689 Μωῦσῆς,
707 618 782 682 ώς
813 619 960 688 ἡμᾶς
983 620 1012 670 6
1041 619 1296 689 Χριστός·
1323 619 1416 671 καὶ
1439 619 1508 672 τά
1545 620 1643 688 μὲν
1668 619 1906 688 ὑμέτερα

325 709 627 771 πέπανται,
662 705 731 760 τὰ
781 707 837 760 δὲ
885 707 1124 782 ἡμέτερα
1169 706 1416 777 ἕστηκεν.
1461 705 1598 759 Ἀλλ’
1637 705 1746 759 ἀπὸ
1803 706 1906 758 τῶν

328 795 725 867 προρρήσεων;
776 793 937 845 Ἀλλά
964 792 1130 845 πλείω
1170 793 1237 846 τὰ
1263 796 1392 864 παρ’
1416 795 1566 863 ἡμῖν.
1602 791 1811 846 Οὑκοῦν
1837 792 1906 846 τά

329 883 576 952 ἡμέτερα
608 880 702 932 ἐὰν
732 878 948 950 ἀνέλῃς,
979 880 1072 931 καὶ
1096 879 1163 931 τὰ
1186 879 1255 932 σά
1282 879 1612 942 συσκιάζεις.
1641 879 1780 931 Ἀλλ’
1800 876 1908 931 ἀπὸ

327 969 441 1023 τῶν
475 968 744 1039 σημείων;
790 967 930 1019 Ἀλλ’
960 967 1115 1036 ὑμεῖς
1162 967 1314 1020 οὐδὲν
1347 966 1500 1037 ἔχετε
1529 965 1700 1031 δεῖξαι
1736 968 1906 1020 Μωΰ-

332 1058 472 1121 σέως
500 1059 743 1127 σημεῖονο
769 1055 960 1123 γέγονε
983 1053 1093 1125 γὰρ
1123 1055 1218 1107 καὶ
1240 1054 1536 1125 παρῆλθενο
1562 1057 1720 1126 ἡμεῖς
1739 1053 1795 1106 δὲ
1811 1051 1906 1107 τοῦ

326 1144 569 1214 Χριστοῦ
601 1142 768 1196 πολλὰ
801 1142 894 1195 καὶ
926 1141 1157 1213 διάφορα
1189 1141 1269 1194 ἔτι
1320 1143 1420 1194 ’καὶ
1468 1143 1564 1196 νῦν
1608 1141 1904 1213 γινόμενα,

327 1231 426 1286 καὶ
457 1230 557 1294 τὰς
589 1231 918 1302 προρρήσεις
941 1230 1082 1300 ὑπὲρ
1114 1229 1205 1281 τὸν
1226 1229 1378 1299 ἥλιον
1401 1228 1740 1300 λαμπούσας.
1768 1227 1908 1282 Ἀλλ’

327 1319 442 1373 ἀπὸ
470 1319 581 1372 τῶν
613 1319 824 1388 νόμων;
863 1316 1023 1369 ’Λλλά
1054 1316 1227 1370 ταῦτα
1274 1316 1702 1389 φιλοσοφώτερα.
1747 1315 1909 1370 Ἀλλά

326 1407 420 1472 τίς
460 1406 569 1459 τῶν
597 1405 910 1474 Αἰγυπτίων
939 1404 1254 1456 κωλυόντων
1300 1402 1588 1472 ὲξήλθετες
1636 1404 1772 1458 Ἀλλ’
1808 1405 1909 1458 οὑκ

327 1496 476 1550 ἔστιν
510 1495 622 1548 ἴσον
652 1496 746 1566 τῆς
777 1493 1101 1564 οἰκουμένης
1137 1493 1479 1565 πολεμούσης
1503 1493 1906 1565 περιγενέσθαι,

326 1585 428 1638 καὶ
459 1584 770 1652 Αἰγυπτίων
797 1583 974 1653 μόνων
1007 1582 1301 1652 κρατῆσαι.
1333 1583 1442 1636 Καὶ
1465 1581 1634 1635 ταῦτα
1657 1581 1817 1649 λέγω,
1846 1582 1908 1634 οὑ

331 1671 515 1742 μάχην
544 1673 778 1739 εἰσάγων
804 1673 870 1740 τῇ
906 1669 1121 1740 Παλαιᾷ
1145 1669 1284 1739 πρὸς
1319 1668 1418 1738 τὴν
1452 1671 1680 1739 Καινήνο
1703 1670 1908 1737 ἄπαγε’

267 1787 270 1789 -
327 1758 466 1811 ἀλλά
492 1759 593 1828 τὴν
632 1756 898 1810 Ἰουδαίων
925 1755 1316 1826 ἀγνωμοσύνην
1349 1755 1699 1826 ἐπιστομίσαι
1733 1755 1911 1826 βουλό-

330 1861 513 1915 μενος.
540 1845 647 1897 Καὶ
665 1844 772 1914 γάρ
793 1845 977 1896 ἐκεῖνα
1001 1844 1092 1895 καὶ
1113 1841 1286 1895 ταῦτα
1310 1842 1416 1896 ὑπὸ
1436 1841 1528 1896 τοῦ
1548 1843 1682 1896 Θεοῦ
1704 1842 1797 1895 τοῦ
1813 1843 1912 1896 αὑ-

325 1931 424 1985 τοῦ
453 1931 660 1985 δέδοται
690 1931 783 1983 καὶ
809 1930 1120 1999 γεγένηται·
1141 1928 1255 1981 ἀλλ’
1291 1931 1466 1982 έκεῖνο
1502 1929 1909 1984 κατασκευάσαι

327 2020 488 2078 θέλω.
511 2020 592 2071 ὅτι
627 2020 654 2070 6
685 2017 936 2080 Ἰουδαῖος
958 2015 1161 2070 ἀνελὼν
1183 2016 1282 2080 τὰς
1302 2017 1641 2088 προφητείας
1660 2018 1758 2080 τὰς
1782 2017 1911 2090 περὶ

326 2104 588 2178 Χριστοῦ,
618 2103 677 2157 16
727 2103 887 2157 πλέον
926 2103 1035 2157 τῶν
1067 2104 1412 2176 προφητειῶν
1442 2103 1764 2176 λυμαίνεται
1813 2105 1911 2174 μέ-

329 2215 445 2271 ρος,
476 2198 572 2250 καὶ
597 2199 696 2251 οὑκ
723 2197 787 2251 ἂν
815 2197 926 2267 ἔχοι
955 2195 1123 2263 δεῖξαι
1152 2196 1338 2267 σαφῶς
1362 2195 1460 2266 τὴν
1493 2195 1772 2265 εὐγένειαν
1813 2195 1912 2265 τῆς

326 2287 596 2352 Παλαιᾶς,
632 2289 680 2340 εἰ
721 2287 795 2358 μὴ
824 2287 922 2358 τὴν
955 2285 1164 2348 Καινὴν
1206 2284 1592 2356 παραδέξαιτο.
1625 2284 1748 2337 Ὅτι
1769 2283 1826 2336 δὲ
1849 2283 1909 2336 o6

325 2375 460 2445 περὶ
489 2373 778 2446 ἀνθρώπου
809 2373 876 2427 τά
911 2373 1174 2444 εἰρημένα
1195 2411 1211 2436 ,
1259 2373 1351 2425 καὶ
1389 2374 1454 2426 ὲκ
1499 2371 1592 2424 τοῦ
1618 2370 1910 2440 λέγεσθαι,

326 2461 530 2517 Κάθου
545 2462 612 2514 ἑκ
628 2459 842 2525 δεξιῶν
853 2479 995 2530 μου,
1025 2461 1119 2514 καὶ
1139 2462 1204 2512 ἐκ
1219 2459 1312 2512 τοῦ
1333 2459 1536 2531 Κύριον
1552 2459 1912 2529 ὀνομάζεσθαι

323 2551 530 2622 ὁμοίως
551 2550 628 2621 τῷ
647 2549 856 2618 λέγοντι
883 2549 1090 2620 Κυρίῳ,
1119 2550 1214 2602 καὶ
1242 2550 1306 2602 ἐκ
1336 2549 1431 2601 τοῦ
1463 2550 1526 2601 ἐκ
1547 2548 1778 2618 γαστρὸς
1808 2547 1912 2618 πρὸ

326 2639 612 2709 ὲωσφόρου
643 2636 972 2708 γεγενῆσθαι
998 2636 1181 2700 αὑτὸν,
1211 2638 1306 2689 καὶ
1337 2638 1401 2690 ἐκ
1433 2636 1526 2689 τοῦ
1563 2636 1716 2706 ἱερέα
1751 2636 1913 2688 αὑτὸν

327 2727 483 2800 [9.52]
516 2723 655 2780 εἶναι
687 2725 828 2779 κατὰ
866 2727 966 2796 τὴν
1016 2725 1171 2789 τάξιν
1204 2724 1558 2794 Μελχισεδὲκ,
1593 2725 1687 2777 καὶ
1720 2725 1784 2776 ἐκ
1818 2722 1912 2777 τοῦ

323 2815 600 2884 λέγεσθαι.
629 2815 788 2869 Μετὰ
815 2815 930 2868 σοῦ
965 2816 1002 2882 ἡ
1035 2812 1193 2883 ἀρχή
1237 2827 1386 2878 σου,
1431 2815 1545 2876 τοῖς
1576 2811 1701 2866 νοῦν
1731 2811 1913 2882 έχουσι

327 2905 631 2977 κατάδηλόν
669 2905 805 2957 ἐστι.

400 2996 467 3048 Εἰ
483 2995 540 3048 δὲ
559 2993 748 3066 ἕτερος
769 2995 902 3064 ἡμῖν
933 2992 1184 3056 Ἰουδαῖος
1204 2991 1512 3046 ἀνακύπτει
1551 2990 1714 3045 πάλιν
1754 2991 1917 3065 πρόσ-

329 3100 482 3136 ωπον
525 3081 852 3154 Χριστιανοῦ
892 3083 1230 3154 περιφέρων,
1261 3080 1471 3143 Παῦλος
1495 3082 1523 3134 6
1546 3081 1912 3153 Σαμοσατεὺς,

332 3169 503 3238 λέγω,
540 3170 762 3223 δυνατὸν
813 3169 913 3241 μὲν
948 3171 1042 3224 καὶ
1092 3170 1227 3241 πρὸς
1281 3169 1470 3222 τοῦτον
1513 3169 1608 3222 καὶ
1659 3169 1767 3222 ἀπὸ
1815 3169 1916 3239 τῆς

339 3257 549 3328 Καινῆς
573 3258 769 3326 λέγειν.
815 3258 963 3329 Πλὴν
997 3256 1109 3310 ἀλλ’
1159 3258 1245 3310 ἵνα
1289 3256 1362 3328 μὴ
1393 3255 1634 3327 δόξωμεν
1665 3256 1734 3309 τά
1772 3274 1917 3326 παρ-

336 3345 470 3398 όντα
519 3345 742 3413 ἀφέντες
790 3346 874 3414 ἐφ’
909 3345 1096 3416 ἕτερον
1139 3345 1302 3416 μέρος
1354 3345 1710 3416 παρατάξεως
1749 3345 1913 3407 ἰέναι,

334 3433 434 3487 καὶ
461 3433 646 3486 τοῦτον
676 3432 924 3486 ἐντεῦθεν
959 3431 1261 3503 βάλλωμεν.
1285 3431 1349 3485 Τί
1380 3428 1474 3485 οὖν
1507 3432 1602 3485 καὶ
1629 3426 1784 3495 0610;
1826 3431 1918 3483 λέ-

328 3538 457 3590 γει;
489 3527 517 3552 ⁸
537 3521 657 3574 Ὅτι
685 3520 970 3591 ἄνθρωπος
995 3515 1083 3590 ἦν,
1119 3519 1274 3589 φησὶ,
1302 3519 1474 3589 ψιλὸς,
1515 3519 1610 3572 καὶ
1633 3519 1692 3583 ἐξ
1727 3513 1787 3572 o6
1821 3518 1916 3587 γέ-

331 3624 495 3677 γονεν
530 3610 595 3662 ὲκ
618 3609 854 3679 Μαρίας,
883 3605 1182 3671 ἐξέκείνου
1207 3607 1308 3678 τὴν
1337 3605 1570 3677 ὕπαρξιν
1595 3606 1755 3676 μόνον
1781 3605 1915 3676 ἔχει.

334 3697 406 3749 Τί
437 3690 554 3761 οῦν,
580 3696 700 3750 εἰπέ
737 3714 847 3767 μοι,
892 3696 1028 3766 πρὸς
1062 3694 1278 3764 ἐκείνην
1314 3693 1413 3765 τὴν
1455 3695 1611 3765 ρἧιν
1646 3697 1788 3764 ἐρεῖς
1819 3695 1918 3765 τὴν

333 3784 625 3852 λέγουσαν
756 3785 1011 3853 γαστρὸς
1037 3782 1148 3850 πρὸ
1169 3781 1478 3850 ἑωσφόρου
1495 3781 1794 3850 ἐγέννησά
1809 3797 1921 3852 σε,;

335 3874 436 3925 Δεῖ
465 3871 523 3924 δὲ
551 3873 618 3924 τά
650 3870 804 3935 ἄλλα,
840 3870 984 3940 άπερ
1034 3869 1171 3939 πρὸς
1227 3868 1514 3930 Ἰουδαίους
1557 3869 1791 3938 εἴρηται,
1824 3869 1920 3921 καὶ

334 3959 480 4030 πρὸς
516 3959 642 4022 τοὺς
679 3958 786 4012 ἀπὸ
813 3958 1004 4010 τούτου
1043 3957 1237 4010 εἰπεῖν.
1273 3955 1385 4008 Καὶ
1416 3955 1609 4008 τούτου
1635 3957 1733 4026 οὑχ
1757 3957 1940 4026 ἡμεῖς-

334 4048 527 4111 αἴτιοι,
581 4045 694 4100 ἀλλ’
739 4046 894 4100 αὑτοὶ
936 4041 1082 4100 οῦτοι
1115 4046 1165 4099 οἰ
1214 4043 1417 4115 πολλὴν
1455 4043 1555 4114 τὴν
1602 4043 1920 4111 συγγένειαν

336 4134 452 4189 τῶν
509 4133 790 4205 δογμάτων
824 4132 962 4204 πρὸς
991 4132 1192 4196 αὐτοὺς
1224 4131 1468 4204 ἔχοντεςο
1525 4131 1646 4185 ὅθεν
1684 4131 1778 4184 καὶ
1808 4133 1920 4195 τοῖς

339 4222 528 4286 αὑτοῖς
568 4221 751 4286 ὅπλοις
803 4221 946 4276 κατά
972 4221 1176 4274 τούτων
1229 4219 1563 4292 χρησόμεθα.
1628 4219 1768 4282 Τοὺς
1812 4219 1921 4291 γὰρ

339 4293 544 4379 ὁμοίως
573 4309 943 4380 πολεμοῦντας
982 4310 1096 4372 τοῖς
1133 4308 1318 4370 αὑτοῖς
1353 4306 1533 4377 βέλεσι
1575 4305 1790 4376 βάλλειν
1818 4306 1919 4358 δεῖ.

338 4397 414 4451 Τί
448 4393 540 4451 οὖν
574 4396 820 4468 βούλεται
858 4399 893 4468 ἡ
937 4394 1192 4451 κοινωνία
1232 4392 1326 4447 τοῦ
1382 4393 1612 4465 θρόνου;
1659 4393 1946 4447 Ἐνταῦθα

342 4485 456 4556 γάρ
501 4485 561 4538 16
597 4485 858 4556 ὁμότιμον
902 4483 1196 4546 δείκνυται,
1246 4482 1275 4534 ὃ
1307 4481 1556 4544 καὶτοὺς
1599 4482 1668 4535 τά
1710 4481 1922 4552 Ἀρείου

341 4573 676 4644 φρονοῦντας
699 4565 1048 4642 ἐπιστομίσαι
1080 4570 1283 4624 ἰκανὸν.
1309 4569 1409 4622 Διά
1432 4567 1593 4622 τοῦτο
1613 4567 1706 4621 καὶ
1734 4569 1764 4620 6
1789 4570 1925 4641 Χρι-

342 4662 472 4726 στὸς
493 4661 628 4732 πρὸς
646 4661 772 4724 τοὺς
788 4659 1070 4720 Ἰουδαίους
1093 4658 1368 4726 λέγοντας,
1395 4658 1478 4712 ὅτι
1501 4657 1616 4721 υίὸς
1643 4656 1738 4710 τοῦ
1764 4658 1926 4711 Δαυῖδ

341 4755 517 4818 ἔστιν,
578 4752 827 4821 ἐπήγαγε
883 4747 1076 4816 λέγων·
1110 4745 1245 4811 Πῶς
1283 4742 1398 4800 οὖν
1442 4745 1626 4799 Δαυῒδ
1648 4746 1718 4799 ἐν
1744 4747 1928 4799 Πνεύ-

336 4857 483 4911 ματι
514 4840 735 4907 Κύριον
765 4836 954 4890 αὑτὸν
977 4835 1167 4899 καλεῖ,
1181 4827 1398 4898 λέγων·
1421 4829 1610 4887 Εἶπεν
1642 4835 1676 4886 ὁ
1710 4833 1928 4900 Κύριος

342 4924 430 4990 τῷ
455 4925 652 4992 Κυρίῳ
681 4935 834 4992 μου·
866 4920 1064 4975 Κάθου
1091 4919 1160 4973 ἐκ
1206 4917 1421 4982 δεξιῶν
1437 4932 1594 4987 μους
1627 4917 1837 4988 Προϊὼν
1869 4917 1928 4970 δὲ

343 5010 444 5064 καὶ
469 5009 560 5061 τὸν
585 5007 714 5077 περὶ
744 5006 844 5074 τῆς
879 5004 1189 5074 οἰκονομίας
1227 5004 1369 5055 κινεῖ
1398 5001 1555 5069 λόγον
1597 5001 1930 5073 σαφέστερον

345 5091 669 5165 ἑρμηνεύων
699 5095 729 5146 6
774 5090 1008 5154 Παῦλος,
1038 5089 1134 5142 καὶ
1162 5087 1451 5158 Μαρκίωνι
1475 5087 1570 5139 καὶ
1603 5087 1892 5158 Μανιχαίῳ
1911 5125 1926 5152 ,

345 5179 442 5232 καὶ
462 5178 599 5230 πᾶσι
622 5179 734 5239 τοῖς
762 5174 832 5227 τὰ
850 5172 1075 5226 τοιαῦτα
1094 5171 1310 5226 νοσοῦσι
1336 5169 1557 5239 καιρίαν
1583 5169 1766 5223 δίδωσι
1792 5171 1930 5240 πληο

346 5261 474 5332 γὴν,
491 5261 683 5328 λέγων·
714 5257 1005 5329 έρμηνεύει
1034 5257 1140 5329 γὰρ
1170 5255 1309 5327 μετά
1334 5255 1432 5326 τῆς
1455 5254 1603 5325 αὑτῷ
1625 5257 1932 5326 προσηκού-

347 5363 452 5417 σης
481 5345 770 5408 συνέσεως,
807 5343 924 5406 πῶς
967 5343 1189 5412 γέγονεν
1237 5342 1416 5413 ἱερεὺς
1460 5340 1601 5394 κατὰ
1640 5342 1740 5411 τὴν
1776 5341 1932 5408 τάξιν

346 5429 916 5500 Μελχισεδέκ.Ἠμεῖς
944 5427 1002 5480 δὲ
1027 5425 1189 5480 πάλιν
1235 5427 1328 5479 ὲπὶ
1353 5425 1413 5479 16
1439 5424 1800 5496 προκείμενον
1833 5427 1933 5480 ὲπ-

347 5514 614 5583 ανίωμεν.
641 5507 828 5567 Εἶπεν
851 5513 883 5564 ό
907 5511 1122 5578 Κύριος
1147 5509 1226 5574 τῷ
1252 5509 1445 5577 Κυρίῳ
1463 5523 1610 5579 μου·
1642 5508 1840 5564 Κάθου
1864 5511 1933 5564 ἐκ

349 5597 568 5663 δεξιῶν
594 5615 736 5666 μου.
770 5592 921 5660 Εἶδες
957 5596 1019 5650 τὸ
1041 5594 1527 5666 ὁμότιμον;”οπου
1567 5593 1676 5666 γὰρ
1720 5593 1930 5666 θρόνος,

414 5744 432 5768 ⁸
457 5745 591 5795 Circa
615 5745 883 5794 doctrinam
924 5747 1062 5798 Pauli
1103 5746 1408 5797 Samosatan
1463 5749 1636 5808 agetur
1660 5744 1718 5794 ad
1748 5745 1934 5794 calcem

351 5821 564 5874 operum
584 5809 936 5869 Llhrysoslumi.
1131 5845 1135 5852 ,
1171 5842 1179 5850 ,
1337 5829 1348 5837 .
1379 5839 1382 5842 ς
1482 5841 1488 5846 ,

1428 337 1798 395 EXPOSITlO
1837 337 1904 393 IN
1947 327 2280 393 ιδεΑωιυιι
2324 338 2460 394 mx.
2502 325 2508 332 ’

3477 327 3585 386 268

2015 449 2294 520 βασιλείας
2331 451 2597 522 σύμϐολον
2621 468 2635 482 ·
2695 453 2831 506 ὅπου
2875 451 3062 521 θρόνος
3100 443 3204 515 εἷς,
3258 448 3360 518 τῆς
3416 447 3588 517 αὑτῆς

2007 539 2291 609 βασιλείας
2327 541 2355 580 b
2406 539 2664 610 ἰσοτιμία.
2720 539 2812 592 Διὸ
2873 541 2969 592 καὶ
3027 538 3055 592 6
3101 535 3312 600 Παῦλος
3361 535 3586 604 έλεγενο

2026 628 2079 679 '0
2109 627 2294 682 ποιῶν
2324 629 2466 695 τοὺς
2520 628 2815 698 ἀγγέλους
2860 626 3049 681 αὐτοῦ
3095 625 3433 695 πνεύματα,
3488 621 3587 677 καί

2012 713 2154 778 τοὺς
2177 715 2562 784 λειτουργοὺς
2607 713 2793 768 αὑτοῦ
2829 712 3019 781 πιφύς
3065 713 3280 782 φλόγα.
3329 711 3485 779 Πρὸς
3519 707 3590 763 δὲ

2012 801 2118 853 τὸν
2159 804 2314 855 ΥΙόν’
2357 805 2419 856 '0
2451 804 2662 870 θρόνος
2706 817 2844 866 σου,
2880 803 2913 853 ό
2948 799 3112 865 Θεὸς,
3149 803 3236 866 εἰς
3269 800 3375 853 τὸν
3404 795 3592 852 αἰῶνα

2010 890 2120 944 ’τοῦ
2169 891 2400 958 αἰῶνος.
2435 892 2590 946 Οῦτω
2632 891 2723 944 καὶ
2762 889 2960 961 Δανιὴλ
2996 889 3100 960 ὁρᾷ
3144 888 3240 959 τὴν
3271 889 3371 957 μὲν
3411 885 3589 940 κτίσιν

2011 977 2231 1032 ἃπασαν
2262 980 2643 1050 παρεστῶσαν,
2671 977 2936 1047 ἀγγέλους
2973 993 3031 1029 τε
3063 975 3155 1028 καὶ
3194 974 3588 1046 ἀρχαγγέλους,

2010 1065 2104 1118 16v
2132 1065 2190 1117 δὲ
2223 1066 2350 1119 Υίὸν
2376 1066 2468 1120 τοῦ
2504 1065 2792 1132 ἀνθρώπου
2831 1064 3124 1136 ἐρχόμενον
3157 1063 3248 1115 ἐπὶ
3278 1061 3385 1114 τῶν
3430 1077 3591 1129 νεφε-

2012 1152 2159 1219 λῶν,
2222 1155 2318 1208 καὶ
2361 1154 2632 1222 φθάνοντα
2687 1152 2792 1217 ἓως
2848 1150 2939 1206 τοῦ
2986 1149 3222 1205 Παλαιοῦ
3286 1149 3394 1203 τῶν
3447 1149 3589 1219 ἡμεο

2017 1241 2269 1313 ρῶνέγΕἰ
2321 1241 2379 1295 δὲ
2426 1242 2488 1295 τὸ
2539 1241 2713 1306 οὑτως
2771 1243 2945 1294 εἰπεῖν
3004 1237 3342 1302 σκανδαλίζει
3403 1235 3590 1300 τινὰς,

2013 1328 2358 1383 ἆκουέτωσαν
2391 1331 2470 1384 ὅτι
2510 1333 2575 1384 ὲκ
2601 1329 2791 1397 δεξιῶν
2831 1327 3088 1397 κάθηται,
3136 1324 3230 1378 καί⁵
3259 1322 3596 1377 ἀπαλλαττέγ

2017 1415 2232 1490 σθωσαν
2263 1416 2358 1470 τοῦ
2391 1417 2708 1470 σκανδάλου.
2768 1415 2980 1486 ’Ὠσπερ
3022 1414 3131 1484 γὰρ
3178 1414 3336 1484 ἡμεῖς
3373 1410 3595 1481 μείζονα

2015 1503 2178 1557 αὑτὸν
2203 1504 2296 1558 τοῦ
2326 1505 2539 1576 Πατρὸς
2562 1506 2622 1558 οὑ
2653 1504 2884 1574 λέγομεν
2907 1544 2922 1569 ,
2948 1500 3136 1572 ἐπειδὴ
3174 1500 3275 1569 τὴν
3308 1501 3372 1552 ὲκ
3403 1496 3595 1562 δεξιῶν

2014 1591 2127 1660 ἔχει
2150 1591 2417 1664 καθέδραν
2442 1594 2540 1664 τὴν
2569 1591 2923 1663 ἐντιμοτάτην
2938 1606 2951 1619 ·
2975 1588 3119 1642 οὑτω
3145 1587 3278 1658 μηδὲ
3299 1587 3365 1640 σὺ
3387 1584 3598 1640 ἐλάττω

2014 1681 2139 1749 λέγε
2165 1681 2258 1735 καὶ⁵
2283 1682 2722 1752 καταδεέστερον,
2744 1681 2858 1733 ἀλλ’
2881 1679 3137 1749 ὁμότιμον
3159 1678 3253 1730 καὶ
3275 1675 3407 1728 ἴσον.
3423 1671 3598 1727 Τοῦτο

2014 1769 2122 1841 γάρ
2147 1772 2180 1841 ἡ
2213 1759 2463 1823 κοινωνία
2483 1769 2584 1840 τῆς
2612 1768 2875 1839 καθέδρας
2899 1767 3228 1837 δηλοῖ.”Εως
3254 1764 3331 1818 ἂν
3349 1761 3430 1816 θῶ
3450 1759 3598 1826 τοὺς

2014 1857 2268 1925 ἐχθρούς
2291 1874 2408 1912 σου
2431 1857 2766 1911 ὑποπόδιον
2786 1855 2905 1908 τῶν
2929 1852 3132 1907 ποδῶν
3155 1867 3293 1905 σου.
3313 1849 3424 1902 Καὶ
3451 1846 3599 1910 τίνες

2014 1947 2063 1998 οἰ
2115 1945 2349 2016 ὲχθροί;
2401 1946 2666 1998 Ἀκουσον
2715 1943 2926 1996 Παύλου
2986 1941 3233 2009 λέγοντος
3267 1954 3283 1968 ο
3335 1933 3596 2016 Ἄπαρχὴ

2015 2013 2300 2102 Χριστός·
2331 2034 2534 2088 ἔπειτα
2565 2035 2620 2086 ol
2656 2031 2761 2086 τοῦ
2800 2027 3050 2099 Χριστοῦ
3079 2028 3151 2081 ὲν
3178 2024 3253 2095 τῇ
3291 2013 3599 2092 παρουσίᾳ

2015 2120 2202 2175 αὐτοῦ
2223 2161 2238 2186 ,
2265 2117 2394 2174 εἷτα
2426 2121 2490 2174 τὸ
2520 2119 2714 2184 τέλος.
2754 2117 2852 2172 Δεῖ
2875 2118 2984 2186 γὰρ
3019 2111 3597 2178 αὑτὸνβασιλεύειν,

2015 2208 2189 2277 ἄχρις
2213 2203 2286 2264 οὗ
2320 2207 2399 2262 ἂν
2428 2209 2504 2277 θῇ
2537 2207 2768 2274 πάντας
2803 2205 2946 2272 τοὺς
2971 2202 3224 2275 ἐχθροὺς
3261 2199 3448 2256 αὐτοῦ
3475 2195 3602 2254 ὑπὸ

2015 2297 2159 2363 τοὺς
2183 2297 2373 2364 πόδας
2397 2298 2606 2352 αὐτοῦ.
3599 2309 3602 2312 '

2078 2386 2146 2455 γ’.
2200 2382 2354 2450 Εἶδες
2395 2385 2748 2457 προφητικῶν
2790 2383 2885 2438 καὶ
2923 2378 3295 2436 ἀποστολικῶν
3338 2375 3603 2450 ῥημάτων

2019 2470 2337 2540 συμφωνίαν
2354 2471 2490 2536 ;Καὶ
2505 2471 2613 2540 γάρ
2636 2470 2752 2522 ἐκεῖ
2767 2469 2866 2538 μέν
2887 2466 3234 2538 φησιν,Ἐως
3253 2461 3330 2516 ἂν
3353 2459 3434 2514 θῶ
3458 2457 3604 2524 τοὺς

2019 2556 2171 2632 [⁸255]
2199 2557 2452 2626 ἐχθρούς
2474 2572 2590 2611 σου
2619 2555 2953 2610 ὑποπόδιον
2978 2550 3099 2606 τῶν
3125 2547 3328 2604 ποδῶν
3345 2561 3484 2601 σου·
3514 2547 3605 2598 έν-

2016 2648 2190 2702 ταῦθα
2205 2647 2358 2711 δὲ,¹Ἀ
2367 2664 2498 2716 χρις
2527 2641 2598 2702 οὗ
2620 2644 2696 2700 ἂν
2711 2643 2787 2712 θῇ
2799 2642 3031 2707 πάντας
3054 2637 3197 2703 τοὺς
3219 2635 3473 2706 ἐχθροὺς
3489 2635 3602 2690 αὑ-

2017 2731 2144 2785 τοῦ.
2175 2727 2307 2783 Ἀλλ’
2325 2729 2448 2782 οὔτε
2479 2731 2596 2782 ἐκεῖ
2613 2729 2674 2782 τὸ
2695 2729 2872 2794 ⁸Ἐως,
2893 2725 3017 2780 οὔτε
3035 2721 3267 2777 ἐνταῦθα
3281 2720 3341 2772 τὸ
3355 2718 3604 2788 Μέχρις,

2019 2817 2230 2890 χρόνων
2260 2817 2375 2888 ὅροι
2409 2816 2568 2872 εἰσίν.
2616 2817 2769 2869 Ἐπεὶ
2796 2816 2913 2879 πῶς
2946 2814 3144 2886 ἕστηκε
3177 2809 3238 2862 16
3265 2808 3604 2881 προφητικὸν

2019 2907 2215 2972 έκεῖνο,
2250 2905 2311 2958 16
2340 2905 2527 2974 λέγον·
2565 2903 2637 2958 Ἦ
2659 2903 2914 2968 ἐξουσία
2940 2900 3128 2955 αὑτοῦ
3146 2940 3162 2965 ,
3191 2898 3443 2964 ἐξουσία
3464 2895 3602 2948 ald»-

2019 2998 2184 3062 νιος,
2214 2993 2314 3048 καὶ
2354 2993 2393 3061 ἡ
2439 2992 2731 3058 ,ϐασιλεία
2773 2989 2997 3055 αὑτοῦ,
3021 2987 3315 3052 ,ϐασιλεία
3359 2985 3492 3054 ἥτις
3527 2983 3603 3038 οὐ

2020 3085 2493 3155 διαφθαρήσεται
2522 3123 2537 3146 .
2584 3081 2683 3136 καὶ
2726 3081 2839 3150 τῆς
2881 3079 3206 3146 βασιλείας
3255 3075 3443 3130 αὑτοῦ
3491 3075 3614 3129 οὐκ,

2021 3175 2197 3229 ἔσται
2223 3175 2419 3240 τέλος,
2464 3174 2514 3226 εἰ
2541 3188 2605 3240 γε
2638 3171 2800 3242 μέχρι
2827 3168 3034 3222 τούτων
3056 3166 3238 3238 μέλλει
3265 3161 3604 3236 βασιλεύειν;

2035 3264 2199 3335 Ὁρᾷς
2215 3304 2228 3326 ,
2261 3265 2342 3316 ὅτι
2367 3263 2430 3316 o6
2455 3263 2572 3324 ταῖς
2599 3259 2775 3324 λέξεσι
2795 3258 2876 3312 δεῖ
2905 3256 3192 3326 προσέχειν
3219 3253 3406 3316 ἁπλῶς
3426 3295 3442 3319 ,
3467 3249 3615 3305 ἀλλά-

2024 3353 2160 3423 πρὸς
2192 3352 2262 3406 τὰ
2289 3353 2537 3422 νοήματα
2557 3349 2764 3404 ἀνιέναι
2789 3363 2804 3413 ;
2834 3347 2908 3400 Σὺ
2933 3345 2990 3398 δὲ
3023 3342 3237 3396 ἁκούων
3268 3341 3363 3395 τοῦ
3386 3341 3610 3413 Προφή-

2022 3459 2116 3495 του
2149 3441 2430 3509 λέγοντος,
2469 3439 2551 3492 ὅτι
2597 3439 2627 3490 6
2658 3435 2848 3506 Πατὴρ
2880 3435 3092 3504 τίθησιν
3122 3429 3226 3486 ὑπὸ
3253 3430 3380 3494 τοὺς
3413 3428 3621 3494 πόδας,.

2027 3529 2192 3600 μηδὲν
2228 3527 2462 3581 ἐνταῦθα
2491 3523 2820 3595 θορυϐηθῇς.
2863 3521 2997 3575 Οὐδὲ
3024 3522 3133 3593 γάρ
3168 3519 3244 3581 ὡς
3284 3515 3620 3579 ἀτονοῦντος

2022 3618 2118 3672 τοῦ
2147 3617 2342 3678 Παιδὸς
2384 3614 2560 3667 ταῦτα
2589 3614 2826 3683 εἴρηται.
2868 3610 2926 3663 '0
2961 3609 3072 3679 γάρ
3099 3607 3310 3669 Παῦλος
3334 3604 3496 3660 αὑτὸν
3522 3621 3622 3657 τι-.

2025 3706 2177 3760 θέναι
2199 3704 2324 3766 τοὺς
2355 3703 2582 3772 ἐχθροὺς
2621 3699 2728 3752 ὑπὸ
2754 3699 2879 3760 τοὺς
2903 3697 3070 3759 πόδας
3094 3693 3259 3747 αὑτοῦ
3291 3692 3469 3758 λέγει·
3510 3691 3621 3746 Δεῖι

2023 3794 2136 3864 γὰρ
2185 3791 2372 3846 αὑτὸν
2412 3788 2770 3853 ,βασιλεύειν
2797 3825 2814 3849 ,
2860 3783 3034 3851 ἄχρις
3087 3777 3160 3836 οὗ
3207 3778 3284 3836 ἂν
3325 3779 3401 3848 θῇ
3463 3779 3621 3846 τοὺς

2023 3881 2276 3950 ἐχθροὺς
2304 3879 2421 3933 ὑπὸ
2456 3876 2597 3940 τοὺς
2629 3877 2818 3939 πόδας
2847 3872 3054 3926 αὑτοῦ.
3080 3871 3190 3924 Καὶ
3219 3869 3380 3922 πάλιν
3408 3867 3470 3920 16
3497 3868 3621 3920 πᾶν·

2025 3969 2175 4038 αὑτῷ
2197 3966 2484 4036 ἀνατίθησι
2524 3963 2729 4030 λέγων·
2762 3963 2948 4014 Ὅταν
2995 3956 3240 4028 παραδῷ
3267 3957 3383 4024 τὴν
3417 3956 3625 4020 βασι-“

2024 4057 2200 4112 λείαν
2224 4054 2305 4120 τῷ
2331 4052 2452 4118 Θεῷ
2471 4051 2569 4106 καί
2596 4048 2798 4116 Πατρί,
2840 4048 2986 4101 ὅταν
3012 4046 3361 4114 καταργήσῃ
3394 4041 3606 4096 πᾶσαν

2024 4144 2318 4211 ἐξουσίαν
2353 4141 2451 4195 καί
2482 4139 2762 4209 δύναμιν.
2797 4137 3107 4200 Τουτέστιν,
3135 4135 3263 4188 ὃταν
3286 4129 3624 4204 κατορθώσῃ

2026 4234 2128 4306 τὴν
2177 4229 2452 4302 βασιλείαν
2478 4269 2494 4294 ,
2522 4226 2722 4281 παύσει
2752 4226 2933 4279 πᾶσαν
2981 4223 3251 4289 ἐξουσίαν.
3285 4219 3456 4273 Τοῦτο
3499 4219 3629 4290 γάρ’

2029 4302 2144 4376 ἐστι
2166 4319 2227 4372 16
2255 4315 2650 4387 Καταργήσει.
2699 4311 2774 4366 T6
2808 4313 2916 4366 πᾶν
2941 4309 2998 4364 δὲ
3029 4309 3194 4387 αὑτοῦ
3217 4309 3394 4377 λέγων
3439 4302 3612 4370 εἰναι,

2027 4411 2129 4465 οὑκ
2158 4407 2491 4479 ἀποχωρίζει
2513 4416 2536 4444 ο
2566 4402 2734 4457 αὑτοῦ
2766 4402 2857 4454 τὸν
2879 4399 3119 4470 Πατέρα,
3151 4397 3340 4469 ὥσπερ
3363 4396 3484 4448 οὑδὲ
3513 4392 3613 4447 τοῦ

2029 4497 2242 4569 Πατρδς
2271 4497 2469 4565 διαιρεῖ
2494 4492 2588 4547 τὸν
2609 4490 2759 4546 Υίόν.
2782 4488 2892 4542 Καὶ
2911 4489 3021 4558 γάρ
3044 4485 3112 4539 τά
3139 4485 3370 4544 ἐκείνου,
3393 4482 3632 4569 τούτους

2031 4587 2124 4640 καὶ
2154 4568 2222 4638 τά
2256 4583 2448 4636 τούτου
2478 4620 2494 4645 ,
2540 4579 2771 4633 ἐκείνου.
2813 4576 2903 4628 Διὸ
2950 4574 3044 4627 καί
3077 4589 3210 4644 φησι
3232 4588 3248 4604 ·
3285 4569 3488 4626 Πάντα
3537 4568 3616 4624 τὰ

2029 4674 2143 4743 ἐμὰ
2169 4671 2252 4726 σά
2276 4672 2428 4736 ἐστι,
2458 4667 2558 4722 καί
2587 4665 2659 4718 τὰ
2689 4665 2772 4717 σὰ
2802 4661 2932 4732 ἐμά.
2948 4661 3117 4714 Ὅταν
3142 4659 3320 4712 τοίνυν
3348 4656 3610 4730 ἀκούσῃς.

2031 4739 2116 4818 ὅτι
2144 4765 2172 4815 6
2201 4759 2390 4830 Πατὴρ
2418 4754 2653 4820 ὑπέταξε
2677 4793 2693 4819 ,
2723 4752 2798 4824 μὴ
2849 4749 3048 4816 ἔξωθεν
3093 4747 3232 4802 εἶναι
3261 4748 3488 4820 νομίσῃς
3519 4739 3635 4801 τδνί

2033 4851 2160 4906 Υἰὺν
2182 4849 2273 4904 τοῦ
2300 4843 2722 4918 κατορθώματος
2739 4859 2752 4872 ·
2794 4841 2858 4895 ἄν
2881 4857 2939 4893 τε
2962 4838 3239 4911 μανθάνῃς
3257 4879 3271 4899 ,
3309 4839 3390 4891 ὃτι
3424 4838 3454 4889 6
3485 4837 3637 4908 Υἱὸς

2032 4937 2287 5002 ὑπέταξε,
2313 4935 2388 5007 μὴ
2415 4934 2690 5004 ἀλλότριον
2712 4925 2850 4983 εἶναι
2874 4929 2998 4997 λέγε
3024 4927 3115 4980 16v
3143 4927 3360 4996 Πατέρα
3386 4923 3614 4978 τούτων.

2035 5027 2209 5082 Κοινὰ
2252 5026 2360 5095 γάρ
2406 5023 2475 5076 τὰ
2505 5018 2933 5090 κατορθώματα,
2977 5015 3167 5086 ῶσπερ
3195 5015 3289 5068 καὶ
3322 5013 3497 5066 πάντα
3543 5011 3619 5064 τά

2037 5120 2173 5192 ἔργα
2205 5116 2378 5171 κοινά.
2429 5112 2675 5168 Ῥάόδον
2715 5107 3024 5180 δυνάμεώς
3056 5121 3174 5160 σου
3218 5098 3623 5168 ἐξαποστελεῖ

2037 5209 2253 5277 Κύριος
2283 5205 2352 5258 ἐκ
2378 5201 2550 5257 Σιών.

2116 5275 2337 5349 Ῥάϐδον
2375 5290 2654 5358 δυνάμεως
2697 5285 2795 5356 τὴν
2842 5282 3070 5352 δύναμιν
3124 5279 3292 5347 αὑτήν
3319 5294 3471 5347 φησι.
3498 5275 3624 5347 Ἰῆς

2037 5387 2093 5439 δὲ
2131 5383 2270 5436 Σιὼν
2322 5379 2627 5450 μέμνηται.
2678 5371 2865 5440 ἐπειδὴ
2906 5371 3112 5421 ἐκεῖθεν
3149 5365 3324 5437 ἀρχὴν
3354 5363 3514 5417 ἔλαϐε
3542 5362 3623 5418 τὰ,

2039 5470 2455 5543 κατορθώματα.
2505 5464 2649 5516 Ἐκεῖ
2679 5462 2787 5532 γάρ
2826 5463 2917 5510 καὶ
2943 5456 3036 5509 τὸν
3059 5454 3221 5526 νόμον
3248 5453 3467 5518 ἔδωκεν,
3497 5453 3618 5506 ἐκεῖ
3718 5516 3725 5521 _

2099 5680 2128 5720 ι»
2151 5675 2306 5724 Verba
2333 5672 2630 5741 06660206....
2657 5667 2915 5741 βασιλείας,
2952 5667 3000 5741 in
3218 5664 3391 5741 p‘n‘rissa
3413 5663 3619 5726 propch

2041 5728 2445 5802 ὁμοιοιέλευτονέξ
2468 5732 2599 5781 SaVil
2649 5728 2702 5778 ἐι
2729 5730 2896 5779 Morel.
2927 5728 3154 5790 suppleta
3177 5731 3308 5775 sum.

2103 5806 2126 5834 ε
2150 5805 2271 5866 Reg.
2309 5798 2396 5846 οὑκ
2419 5793 2695 5850 ἐπισκιάζει.
