4064 6422
321 357 433 415 269

322 469 610 544 potestatis
661 476 816 523 vocat
842 466 1010 536 ipsam
1063 465 1402 534 potestatem.
1445 451 1684 509 Meminit
1733 455 1914 503 autem

320 566 479 630 Sion,
509 559 764 633 quoniam
801 573 920 629 qua:
947 555 1206 627 praeclare
1237 559 1384 622 gesta
1416 556 1560 612 sunt,
1602 544 1749 600 illinc
1775 555 1923 595 sum-

326 631 552 726 pscrttnt
575 653 808 708 initium.
837 649 948 704 Illic
971 647 1111 703 enim
1141 646 1312 715 legem
1339 639 1504 704 dedit,
1529 637 1636 691 illie
1661 634 1790 690 fecit
1817 631 1922 687 mi-

327 724 546 811 racula;
587 744 699 798 illic
725 750 897 811 coepta
928 736 1237 808 pr:edicatio
1268 749 1363 804 per
1389 731 1698 785 universum
1736 724 1922 779 orbem

329 851 490 894 terra:
510 835 706 891 dill'usa
735 843 836 890 est.
879 830 1030 900 Quod
1059 829 1103 883 si
1133 827 1265 882 velis
1291 824 1431 895 quod
1469 822 1666 876 dictum
1710 826 1792 872 est
1836 829 1927 870 su-

328 944 482 983 mere
524 925 840 996 anagogice,
867 921 990 976 audi
1017 920 1239 974 Paulum
1267 916 1565 970 dicentem:
1587 910 1690 966 Sed
1714 904 1927 961 accessi-

326 1023 423 1074 stis
445 1019 512 1072 ad
534 1026 752 1072 montem
773 1013 923 1078 Sion,
946 1022 994 1066 et
1013 1011 1262 1065 civitatem
1277 1006 1376 1060 Dei
1392 1003 1619 1067 viventis,
1642 997 1928 1053 Jerusalem

330 1113 605 1174 cwlcslem,
633 1118 680 1163 et
721 1105 1004 1161 Ecclesium
1031 1101 1500 1173 primogenilorum.
1538 1093 1746 1162 Virgam
1773 1090 1928 1144 uirtu-

332 1207 402 1259 tis
451 1215 550 1257 tua:
589 1201 776 1255 emittet
819 1198 1069 1252 Dominus
1125 1210 1187 1248 ea:
1239 1192 1368 1247 Sion
1418 1186 1608 1260 (Hebr.
1662 1182 1750 1238 12.
1805 1179 1926 1250 22).

332 1298 499 1367 Virga
529 1292 812 1363 aliquando
847 1291 1058 1361 quidem
1095 1285 1316 1356 castigat
1355 1289 1410 1337 et
1451 1277 1711 1334 beneﬁcio
1740 1272 1925 1367 afﬁci—t,

335 1362 628 1455 aliquando
656 1395 836 1438 autem
878 1379 1202 1441 consolatur,
1231 1383 1285 1429 et
1313 1381 1397 1428 est
1423 1372 1630 1442 signum
1658 1364 1828 1436 regni.
1864 1362 1932 1417 Et

335 1453 485 1549 quod
514 1477 581 1530 sit
609 1485 914 1542 utrumque,
957 1470 1079 1524 audi
1121 1465 1435 1536 prophetam
1457 1462 1723 1515 dicentem
1747 1474 1759 1509 :
1779 1453 1935 1524 Virga

337 1547 450 1634 tua,
480 1579 526 1621 et
563 1567 770 1620 baculus
796 1575 933 1628 tuus,
961 1563 1074 1633 ipsa
1103 1576 1180 1612 me
1203 1556 1463 1611 consolata
1491 1561 1608 1607 sunt
1636 1547 1809 1620 (Psal.
1838 1547 1931 1600 2'2.

336 1665 422 1732 ὁ).
453 1661 518 1714 Et
544 1674 726 1714 rursus
757 1674 770 1708 :
796 1657 956 1724 Reges
987 1670 1068 1708 eos
1091 1654 1143 1705 in
1165 1651 1304 1720 virga
1324 1648 1506 1718 ferrea,
1535 1653 1790 1710 tamquam
1818 1654 1938 1691 vasa

339 1729 492 1822 figuli
541 1751 827 1820 confringes
877 1763 958 1801 eos
1005 1743 1176 1816 (Paul.
1219 1741 1276 1796 2.
1318 1739 1398 1810 9).
1437 1737 1501 1790 Ει
1542 1733 1769 1789 Paulus:
1799 1729 1938 1796 Quid

338 1847 496 1900 uultis
519 1845 542 1897 ?
566 1845 618 1898 in
642 1843 784 1912 virga
814 1840 1010 1894 veniant
1040 1838 1107 1891 ad
1137 1851 1242 1900 vos,
1275 1850 1342 1886 an
1368 1832 1422 1884 in
1450 1829 1654 1883 caritate
1679 1836 1724 1879 et
1756 1824 1939 1892 spiritu

342 1937 564 1992 lenitatis
606 1936 626 2006 (
654 1937 704 1988 l.
738 1932 856 1987 Cor.
885 1931 938 1986 4.
963 1930 1029 1984 21
1067 1928 1130 1999 )?
1158 1924 1343 1981 Vidisti
1373 1923 1642 1994 quomodo
1682 1919 1752 1974 sit
1793 1916 1937 1985 virga

343 2026 756 2098 castigationis:
807 2023 934 2078 vide
982 2019 1254 2092 quomodo
1295 2017 1364 2070 sit
1407 2017 1566 2068 etiam
1606 2011 1774 2081 regni.
1808 2008 1943 2062 Dicit

347 2123 495 2178 enim
528 2120 689 2175 lsaias
710 2137 724 2173 :
749 2116 1049 2188 Egredietur
1068 2114 1208 2182 virga
1238 2114 1300 2164 de
1324 2109 1494 2161 radice
1514 2105 1544 2159 J
1553 2121 1678 2169 esse,
1697 2114 1742 2156 et
1771 2104 1866 2172 ﬂos
1881 2101 1945 2153 de

346 2217 522 2270 radice
541 2215 648 2285 ejus
675 2209 904 2266 ascendet
957 2207 976 2279 (
1005 2206 1132 2260 Isai.
1167 2205 1255 2258 Η.
1287 2202 1364 2273 1).
1395 2202 1461 2255 Et
1489 2197 1682 2253 David:
1711 2195 1944 2248 Tltronus

349 2321 489 2371 tuus,
544 2305 702 2368 Deus,
743 2303 811 2370 in:
832 2301 1073 2356 saeculum
1101 2296 1310 2359 saeculi;
1336 2295 1478 2362 virga
1505 2287 1776 2360 wquitatis,
1807 2286 1947 2355 virga

350 2399 497 2471 regni
527 2398 598 2451 tui
630 2393 817 2469 (Psal.
858 2393 991 2447 ΗΠ
1014 2388 1054 2462 ).
1091 2388 1306 2456 Virgam
1335 2384 1476 2440 enim
1505 2381 1592 2436 hic
1618 2378 1824 2434 vocavit
1843 2377 1949 2429 vir-

354 2470 545 2554 tutem,
586 2503 707 2542 cum
746 2501 848 2556 qua
875 2481 1121 2551 discipuli
1147 2479 1333 2533 orbem
1361 2486 1515 2529 terra:
1547 2470 1946 2533 circumierunt,

351 2597 536 2642 mores
557 2582 906 2651 corrigentes,
936 2586 990 2632 et
1015 2591 1045 2630 a
1073 2572 1302 2645 quodam
1325 2570 1500 2624 alieno
1526 2583 1555 2619 a
1582 2564 1788 2619 ratione
1817 2561 1946 2616 vitio

354 2678 683 2734 deducentes
711 2673 778 2728 ad
803 2671 1079 2726 hominum
1112 2674 1356 2721 naturam
1385 2660 1604 2716 rationis
1626 2665 1948 2726 compotem.

357 2769 556 2825 Euntes
582 2767 722 2821 enirn
745 2807 760 2832 ,
793 2762 998 2833 inquit,
1024 2759 1198 2813 docete
1235 2771 1404 2810 omnes
1434 2763 1605 2822 gentes
1636 2750 1655 2822 (
1687 2749 1836 2802 Matt.
1858 2746 1952 2801 28.

357 2862 479 2933 i9).
507 2858 700 2915 llabuit
721 2856 883 2912 etiam
909 2853 1082 2907 Moses
1102 2850 1326 2919 virgam,
1355 2845 1450 2900 sed
1481 2859 1601 2899 cum
1629 2857 1690 2896 ea
1718 2838 1956 2933 suscepit

365 2929 460 3010 Dei
491 2949 889 3024 operationem,
922 2959 1016 3013 per
1053 2955 1211 3010 quam
1251 2937 1568 3006 operabatur
1592 2933 1644 2986 in
1685 2929 1954 2986 omnibus.

357 3049 435 3108 Et
462 3021 550 3101 illa
584 3041 796 3114 quidem
836 3035 1018 3093 divisit
1044 3032 1269 3096 fluvios,
1297 3031 1411 3083 hinc
1438 3035 1616 3080 autem
1653 3023 1812 3093 fregit
1854 3021 1959 3074 im-

364 3143 620 3212 pietatem
649 3137 793 3192 orbis
820 3143 996 3190 terrae.
1025 3131 1208 3201 Neque
1233 3142 1362 3182 vero
1388 3121 1741 3184 aberraveris,
1761 3119 1804 3173 si
1833 3133 1958 3174 eru-

374 3210 498 3302 cem
525 3244 729 3302 quoque
757 3226 968 3282 Domini
998 3237 1158 3278 voces
1179 3221 1378 3289 virgam
1403 3216 1632 3293 virtutis.
1667 3213 1792 3266 lle
1818 3210 1961 3264 enim

370 3299 699 3392 :virga'mare
731 3329 785 3374 et
824 3326 1020 3372 terram
1065 3313 1362 3378 convertit,
1393 3319 1448 3364 et
1482 3321 1670 3378 magna
1701 3312 1966 3374 potestate

371 3412 618 3490 replevit.
659 3411 792 3466 Cum
821 3409 922 3464 hac
947 3409 1094 3477 virga
1123 3403 1325 3474 egressi
1356 3400 1578 3470 apostoli
1619 3413 1712 3468 per
1755 3395 1964 3448 univero

371 3520 496 3560 sum
525 3503 707 3560 orbem
739 3510 895 3557 terra:
915 3545 929 3567 ,
961 3497 1142 3552 omnia
1172 3495 1260 3549 illa
1295 3493 1491 3547 fecere.
1521 3490 1667 3544 lianc
1696 3494 1969 3558 gestantes

371 3590 560 3652 Omnia
603 3592 980 3665 perﬁciebant,
1026 3596 1240 3656 sumpto
1273 3583 1539 3654 principio
1563 3581 1629 3634 ab
1651 3577 1969 3634 Jerusalem.

374 3689 449 3744 Et
492 3688 751 3742 dominare
778 3687 831 3739 in
860 3684 1024 3738 medio
1052 3681 1370 3736 inimicorum
1409 3686 1630 3729 tuorum.
1671 3671 1804 3725 Vide
1852 3683 1976 3739 pro-

378 3783 615 3856 phetiam
643 3783 756 3852 ipso
781 3778 897 3834 sole
918 3775 1221 3831 clariorem.
1255 3770 1394 3838 Quid
1425 3779 1508 3824 est
1541 3775 1742 3827 autem,
1791 3759 1972 3814 Domi-

379 3891 510 3930 nare
532 3876 582 3927 in
611 3850 779 3944 medio
798 3869 1114 3925 inimicorum
1134 3862 1376 3918 tuorum?
1404 3861 1506 3916 Pro
1532 3873 1598 3913 eo
1621 3855 1762 3928 quod
1789 3861 1892 3920 est,
1919 3850 1974 3905 In

383 3969 578 4033 mediis
603 3965 909 4038 gentilibus,
928 3963 980 4017 in
1008 3959 1196 4017 mediis
1216 3955 1432 4012 Judaeis.
1461 3953 1540 4008 lta
1563 3950 1706 4007 enim
1727 3948 1979 4018 plantata:

384 4069 520 4132 sunt
557 4058 814 4114 Ecclesia:
861 4055 915 4109 in
959 4051 1149 4108 mediis
1195 4048 1452 4112 urbibus;
1497 4045 1568 4098 ita
1611 4042 1877 4104 vicerunt,
1925 4045 1980 4093 et

385 4153 695 4226 superiores
721 4155 1025 4205 evaserunt.
1057 4144 1168 4198 Hoc
1193 4151 1276 4197 est
1319 4138 1593 4210 praeclara:
1621 4132 1858 4188 victoria:
1891 4145 1983 4184 ar-

388 4221 727 4326 gumentum,
750 4238 892 4311 quod
918 4239 970 4292 in
997 4235 1187 4290 mediis
1211 4230 1452 4287 hostibus
1475 4226 1664 4282 altaria
1694 4221 1982 4285 erexerint,

390 4312 536 4406 quod
566 4345 834 4402 tamquam
873 4345 1003 4384 oves
1031 4335 1212 4381 essent
1239 4323 1291 4378 in
1324 4321 1501 4376 medio
1527 4318 1758 4373 ferarum
1787 4322 1843 4370 et
1865 4312 1986 4384 agni

392 4431 452 4484 in
479 4427 653 4482 medio
685 4425 948 4494 luporum.
976 4420 1090 4475 Hoc
1113 4417 1255 4472 enim
1281 4430 1401 4470 cum
1429 4413 1550 4467 illos
1577 4410 1814 4465 mitteret
1837 4406 1986 4462 dice-

393 4521 526 4576 bat:
572 4516 706 4570 Ecce
738 4517 879 4568 mitto
914 4529 999 4566 vos
1037 4522 1293 4578 tamquam
1327 4522 1439 4560 oves
1473 4505 1527 4557 in
1557 4501 1722 4556 medio
1750 4501 1988 4569 luporum

399 4609 613 4678 (Matth.
639 4607 720 4663 l0.
738 4606 828 4675 l6)
860 4622 874 4672 ;
902 4604 1042 4674 quod
1071 4616 1174 4655 non
1196 4608 1278 4655 est
1298 4599 1476 4652 minus
1505 4595 1683 4666 priore
1707 4589 1987 4646 miraculo.

396 4695 521 4759 Non
564 4711 646 4756 est
681 4699 822 4755 enim
865 4695 1060 4761 minus,
1093 4707 1186 4748 eos
1211 4691 1302 4760 qui
1337 4689 1516 4744 ovium
1547 4687 1723 4742 locum
1751 4684 1994 4738 obtinent

399 4798 562 4867 lupos
582 4795 814 4857 vincere,
833 4804 990 4860 quam
1014 4803 1106 4843 eos
1131 4788 1220 4855 qui
1247 4791 1367 4839 sunt
1391 4782 1441 4835 in
1471 4777 1662 4835 mediis
1688 4774 1991 4844 intercepti,

403 4864 528 4945 esse
553 4886 854 4956 superiores
882 4900 894 4935 :
933 4879 1222 4950 quinetiam
1262 4875 1427 4928 multo
1463 4879 1548 4926 est
1586 4869 1758 4936 majus
1786 4881 1881 4921 eos
1904 4864 1997 4935 qui

401 4991 564 5041 erant
613 4991 836 5034 numero
884 4971 1187 5035 duodecim,
1244 4966 1312 5023 ad
1359 4980 1420 5020 se
1465 4962 1773 5018 universum
1809 4959 1998 5014 orbem

408 5089 568 5134 terra:
620 5070 925 5126 attraxisse.
978 5065 1044 5118 Et
1092 5063 1356 5116 dominare
1391 5061 1447 5112 in
1475 5057 1640 5112 medio
1676 5054 2000 5108 inimicorum

407 5181 631 5224 tuorum.
661 5161 778 5218 Non
820 5158 971 5223 dixit,
1003 5155 1167 5209 Vince
1211 5153 1266 5206 in
1302 5149 1482 5205 medio
1519 5147 1854 5202 inimicorum
1884 5153 2002 5198 tuo-

407 5275 552 5323 rum,
579 5255 672 5312 sed
698 5251 996 5312 Dominare,
1028 5255 1086 5301 ut
1110 5242 1420 5300 ostenderet
1444 5255 1553 5295 non
1581 5239 1712 5309 erigi
1742 5249 2000 5308 tr0pzeum

409 5350 542 5405 fusis
581 5347 633 5401 in
670 5343 786 5399 acie
815 5338 1080 5404 hostibus,
1119 5333 1215 5390 sed
1252 5348 1319 5389 ex
1345 5331 1500 5402 jussu
1525 5329 1812 5400 signiﬁcari
1839 5327 2008 5382 domi-

407 5445 578 5502 nium.
631 5440 704 5494 Ita
741 5437 883 5492 enim
928 5431 1214 5488 vincebant
1239 5427 1487 5498 apostoli,
1531 5425 1804 5481 Christum
1848 5422 1902 5476 in
1947 5437 2007 5476 se

409 5535 693 5597 habentes,
720 5527 898 5582 omnia
928 5524 1181 5578 facientes
1207 5531 1477 5589 tamquam
1502 5532 1566 5573 ex
1601 5512 2007 5586 imperio.Unde

417 5625 585 5682 etiam
605 5630 719 5676 erat
747 5620 826 5675 eis
849 5615 1026 5671 omnis
1049 5613 1243 5668 domus
1269 5619 1476 5680 aperta,
1502 5619 1560 5664 et
1577 5607 1666 5678 qui
1692 5606 2003 5667 credebant,

420 5724 578 5782 erant.
603 5712 792 5783 quovis
835 5724 991 5763 servo
1033 5703 1515 5773 obsequentiores,
1565 5699 1848 5755 facultates
1881 5713 2007 5752 suas

423 5805 748 5875 vcndcntes,
775 5816 828 5860 et
855 5815 1037 5860 earum
1087 5798 1255 5870 pretia
1297 5805 1561 5868 ponentes
1588 5791 1655 5849 ad
1683 5791 1846 5864 pedes
1872 5806 2006 5864 apo-

1409 332 1770 395 Exrosmo
1809 327 1876 385 ιδ
1913 325 2242 384 ιδεΑωιωι
2280 325 2418 382 cut.
2696 347 2701 353 -
2743 334 2781 392 ξ.

3481 321 3619 379 .270

2028 445 2292 502 stolorum
2317 463 2331 501 :
2354 460 2420 501 ac
2443 460 2512 501 ne
2536 445 2603 502 ad
2631 459 2786 502 usum
2810 443 3026 516 quidem
3057 457 3211 500 suum
3240 442 3498 500 audentes
3520 442 3622 499 ali-

2026 537 2156 608 quid
2186 537 2452 606 accipere,
2482 551 2684 606 eosque
2710 535 2846 592 adeo
2871 535 3339 608 magnifaciebant,
3369 544 3428 592 ut
3465 549 3534 592 ne
3558 549 3620 591 se

2027 627 2243 699 quidem
2266 629 2344 683 eis
2367 627 2625 684 auderent
2647 628 2960 698 adjungere.

2099 719 2155 773 4.
2193 717 2311 773 Νοη
2338 719 2512 774 solum
2537 726 2713 774 autem
2744 728 2945 773 tantum
2972 717 3239 774 habebant
3268 718 3458 773 virium
3493 732 3622 789 erga

2031 809 2238 877 ﬁdeles,
2270 810 2366 866 sed
2395 810 2555 866 etiam
2581 825 2703 881 erga
2733 809 2996 865 inﬁdeles.
3038 809 3320 878 Quodnam
3345 810 3489 864 enim
3516 819 3624 876 est,

2031 902 2139 969 die,
2189 919 2393 972 qumso,
2440 903 2582 958 servi
2625 902 2922 958 indicium?
2963 918 3142 957 annon
3178 901 3232 958 id
3275 902 3454 958 facere
3480 901 3627 972 quod

2028 995 2179 1065 jubet
2218 997 2424 1052 herus?
2448 997 2600 1065 Quod
2630 1004 2810 1052 autem
2851 996 3060 1067 signum
3083 996 3241 1052 beri?
3268 1011 3445 1053 annon
3475 1011 3539 1053 ea
3570 996 3626 1053 in

2032 1091 2204 1145 servis
2231 1089 2489 1160 perﬁcere
2513 1106 2634 1160 qua:
2659 1090 2789 1146 velit
2813 1089 2837 1144 ἲ
2873 1090 3104 1158 Quinam
3128 1104 3260 1160 ergo
3285 1087 3628 1159 perfecerunt

2034 1198 2097 1238 ea
2123 1199 2242 1254 qua:
2276 1183 2558 1238 voluerunt
2603 1182 2654 1236 in
2700 1182 2914 1253 regibus
2953 1189 3010 1236 ct
3051 1180 3424 1251 principibus?
3448 1195 3628 1236 annon

2035 1276 2305 1345 apostoli?
2333 1275 2669 1331 Manifestum
2697 1275 2749 1330 id
2773 1283 2874 1330 est.
2902 1274 3079 1344 Reges
3106 1274 3248 1329 enim
3277 1283 3332 1328 et
3359 1273 3629 1344 principes

2036 1368 2288 1422 volebant
2313 1377 2494 1423 tenere
2519 1369 2704 1423 orbem
2733 1377 2888 1422 teme
2923 1368 2977 1421 in
3008 1367 3281 1438 impietate
3303 1407 3319 1433 ,
3346 1365 3632 1437 jubebant-

2038 1477 2145 1531 que
2171 1462 2350 1518 colere
2379 1461 2653 1516 daemones
2676 1478 2692 1527 ;
2714 1469 2900 1516 contra
2929 1469 3106 1517 autem
3134 1461 3384 1531 apostoli,
3415 1477 3634 1516 eorum-

2040 1568 2144 1622 que
2169 1553 2414 1608 voluntas
2445 1553 2782 1622 implebatur.
2819 1552 2972 1619 Quod
3009 1553 3054 1607 si
3093 1552 3222 1607 mihi
3264 1551 3413 1608 dicas
3451 1568 3634 1608 carce-

2041 1659 2177 1708 rem,
2201 1642 2407 1712 ﬂagella
2435 1653 2490 1698 et
2518 1652 2803 1709 tormenta,
2825 1643 2960 1698 dicis
2987 1643 3188 1713 majora
3217 1642 3634 1710 dominia.Quo-

2043 1737 2224 1802 modo,
2256 1745 2311 1791 et
2341 1751 2569 1806 quanam
2597 1735 2844 1789 ratione?
2863 1735 2998 1802 Quia
3025 1735 3267 1804 quamvis
3283 1734 3399 1788 baac
3423 1735 3631 1800 ﬁerent,

2045 1828 2206 1884 ﬁebat
2229 1837 2404 1884 tamen
2423 1828 2588 1882 nihilo
2603 1827 2778 1882 secius
2797 1827 2936 1897 quod
2974 1826 3051 1880 illi
3077 1826 3346 1882 volebant.
3359 1825 3476 1882 Non
3494 1827 3636 1882 enim

2045 1920 2161 1990 lege
2177 1919 2529 1988 complurium
2550 1917 2912 1982 dominorum,
2929 1916 3024 1972 sed
3049 1917 3249 1972 virtute
3274 1917 3378 1972 hoc
3402 1918 3502 1972 sibi
3539 1917 3638 1973 ad-

2044 2013 2319 2067 sciverunt
2348 2010 2662 2074 dominium,
2693 2009 2837 2080 quod
2867 2008 3015 2062 nullo
3040 2018 3264 2064 externo
3291 2008 3509 2080 indiget,
3541 2009 3638 2064 sed

2047 2103 2214 2174 quod,
2246 2103 2370 2158 dum
2399 2103 2636 2156 omnium
2665 2103 2863 2172 petitur
2890 2101 3097 2156 insidiis
3117 2141 3130 2165 ,
3159 2101 3482 2172 resplendet.
3518 2099 3642 2153 Illos

2049 2196 2192 2252 enim
2241 2195 2487 2250 dominos
2527 2195 2668 2248 servi
2711 2194 2908 2262 paratis
2954 2191 3163 2246 insidiis
3200 2207 3344 2264 saepe
3372 2192 3440 2246 de
3464 2193 3645 2246 medio

2049 2286 2656 2356 sustulerunt,qnoniam
2669 2294 2778 2340 erat
2797 2281 3166 2354 imperfectum
3179 2293 3233 2338 et
3245 2283 3643 2338 imbecillimnm

2051 2380 2381 2435 dominium:
2432 2379 2534 2433 hoc
2571 2389 2752 2432 autem
2793 2391 2900 2431 non
2950 2385 3238 2446 potuerunt
3277 2375 3643 2445 exstinguere,

2054 2471 2148 2528 sed
2197 2471 2416 2526 insidias
2457 2470 2762 2536 molientes,
2806 2468 2857 2523 id
2901 2469 3060 2539 longe
3103 2467 3304 2522 clarius
3333 2465 3640 2521 reddidere.

2055 2566 2186 2634 Quis
2213 2563 2372 2617 fuerit
2399 2563 2558 2633 igitur
2597 2561 2846 2616 dominus
2877 2560 3203 2630 przeelarior,
3233 2560 3349 2614 isne
3373 2557 3463 2627 qui
3490 2559 3649 2611 inmt-

2053 2657 2408 2722 mcrahilibus
2451 2670 2586 2725 Opus
2626 2654 2787 2708 habet
2827 2653 3059 2718 auxiliis,
3088 2660 3146 2706 ut
3171 2666 3358 2706 servos
3389 2650 3440 2703 in
3470 2647 3650 2704 oflicio

2059 2751 2364 2812 eontincat;
2415 2763 2482 2800 an
2529 2747 2618 2816 qui
2661 2754 2742 2800 est
2786 2745 2922 2799 liber
2963 2743 3026 2798 iis
3063 2743 3333 2806 omnibus,
3366 2751 3418 2795 et
3445 2739 3654 2808 eosqni

2059 2853 2184 2898 sunt
2207 2841 2308 2896 sub
2335 2856 2433 2894 suo
2458 2839 2715 2900 dominio,
2749 2853 2844 2905 pro
2885 2851 2980 2890 sua
3009 2843 3271 2906 potestate
3297 2833 3397 2888 fert
3434 2843 3488 2886 et
3515 2831 3656 2900 agit?

2061 2931 2396 2988 Manifestum
2418 2938 2502 2984 est
2528 2928 2672 2982 lnntc
2695 2941 2813 2982 esse
2841 2925 3259 2996 prmclariorem.
3279 2923 3486 2978 Domini
3513 2922 3656 2976 enint

2063 3023 2154 3094 qui
2200 3022 2302 3076 hoc
2329 3021 2572 3077 obtinent
2603 3018 2888 3072 multorum
2909 3015 3228 3081 dominium,
3258 3015 3360 3069 nisi
3389 3014 3534 3083 leges
3560 3011 3658 3066 ha-

2064 3115 2229 3170 beant
2275 3112 2619 3183 opitulantes,
2669 3119 2725 3163 et
2772 3121 2868 3163 eos
2908 3107 3059 3176 jnvet
3097 3105 3241 3176 quod
3279 3105 3332 3159 in
3358 3102 3662 3159 civitatibus

2069 3210 2329 3275 habitant,
2354 3221 2498 3278 smpe
2516 3221 2636 3261 cum
2657 3202 2896 3258 dominio
2919 3204 3080 3256 vitam
3111 3215 3322 3270 quoque
3345 3199 3661 3253 amiserunt:

2071 3303 2263 3358 Paulus
2310 3309 2487 3356 autem
2531 3309 2585 3355 et
2634 3299 2684 3352 in
2733 3296 3109 3353 solitudinibus
3165 3303 3221 3349 et
3263 3293 3461 3363 ubique
3506 3307 3662 3346 suum

2071 3393 2387 3451 ostendebat
2413 3391 2725 3446 dominium.
2761 3389 2851 3443 Vis
2885 3389 3045 3444 etiam
3068 3386 3248 3441 videre
3273 3385 3447 3455 ipsum
3475 3384 3668 3438 clario-

2074 3503 2187 3554 rem
2231 3481 2489 3555 'regibus?
2538 3482 2748 3537 induxit
2790 3482 2936 3551 leges
2990 3496 3084 3550 per
3128 3479 3433 3533 universam
3483 3477 3666 3530 orbem

2075 3587 2254 3646 terrae,
2283 3587 2338 3632 et
2361 3591 2542 3646 regum
2577 3574 2774 3629 relictis
2806 3572 3010 3642 legibus
3035 3613 3050 3635 ,
3082 3570 3326 3624 homines
3354 3569 3496 3622 illius
3532 3568 3668 3622 scri-

2078 3671 2180 3740 ptis
2202 3666 2665 3737 obtemperabant.
2690 3665 2752 3718 Et
2772 3662 2970 3733 alioqui
2997 3661 3070 3715 illi
3097 3661 3309 3731 quidem
3340 3659 3394 3714 in
3421 3671 3670 3727 corpora,

2081 3762 2134 3816 hi
2168 3775 2297 3816 vero
2324 3760 2375 3814 in
2414 3759 2648 3812 animum
2693 3754 2986 3810 dominium
3037 3752 3366 3806 obtinebant.
3387 3749 3515 3816 Quis
3555 3763 3673 3802 ser-

2080 3869 2178 3907 vus
2224 3851 2378 3918 hero,
2426 3849 2511 3904 vel
2544 3851 2663 3918 quis
2706 3845 2950 3901 subditus
2995 3844 3106 3914 regi
3153 3857 3274 3898 cum
3322 3850 3466 3897 tanta
3511 3841 3678 3896 bene-

2085 3943 2314 3999 volentia
2369 3940 2578 4011 paruit,
2635 3948 2696 3994 ut
2743 3938 2928 3993 ﬁdeles
2975 3937 3142 3991 Paulo
3190 3934 3430 4005 epistolis
3473 3941 3678 3988 tantum

2085 4035 2300 4108 agenti?
2325 4035 2454 4103 Quis
2483 4033 2812 4088 cnarraverit
2835 4046 3020 4086 eorum
3057 4044 3297 4084 amorem
3340 4037 3396 4084 et
3443 4027 3678 4083 studium

2087 4143 2211 4200 erga
2241 4129 2412 4194 illum,
2430 4141 2550 4180 cum
2583 4125 2671 4180 vel
2696 4127 2842 4194 ipsos
2864 4124 3050 4178 oculos
3077 4130 3258 4177 essent
3283 4120 3450 4191 parati
3476 4119 3679 4174 eﬂ'ode-

2087 4238 2149 4278 re
2182 4220 2329 4293 (Gal.
2356 4221 2413 4276 4.
2445 4218 2577 4289 15)?
2617 4217 2737 4289 quis
2783 4218 2916 4272 tales
2957 4231 3209 4286 umquam
3238 4228 3422 4270 servos
3452 4213 3684 4268 habuit!

2092 4315 2223 4384 Quae
2252 4313 2430 4368 omnia
2462 4310 2720 4381 propheta
2747 4319 2926 4365 mente
2951 4310 3177 4379 agitans,
3201 4305 3469 4376 quomodo
3499 4304 3688 4361 ﬁdeles

2092 4406 2308 4477 quidem
2340 4405 2705 4473 subjecerunt,
2729 4399 3000 4470 quomodo
3032 4398 3301 4454 terribiles
3323 4404 3478 4451 erant
3506 4393 3689 4450 inﬁde-

2095 4498 2254 4564 libus,
2283 4511 2377 4552 eos
2407 4510 2504 4565 per
2534 4494 2638 4547 vim
2670 4493 3000 4562 expellentes
3023 4531 3040 4556 ,
3071 4499 3126 4544 et
3148 4487 3415 4558 quomodo
3445 4486 3688 4542 Christus

2096 4607 2194 4662 per
2220 4591 2364 4660 ipsos
2383 4586 2661 4643 obtinebat
2689 4584 2993 4655 imperium,
3024 4598 3130 4636 non
3159 4581 3292 4636 dixit
3327 4579 3687 4646 solummodo,

2099 4682 2377 4737 Dominare
2405 4679 2457 4732 in
2486 4675 2653 4731 medio
2687 4675 3009 4729 inimicorum
3048 4683 3270 4739 tuorum,
3299 4671 3391 4727 sed
3439 4670 3691 4726 Domina-

2101 4784 2208 4828 tum
2234 4771 2419 4835 obtine,
2449 4768 2743 4824 vehemens
2771 4765 3068 4821 dominium
3099 4766 3426 4836 signilieans.
3471 4763 3538 4819 Et
3577 4763 3694 4819 lucc

2101 4883 2221 4923 cum
2252 4863 2495 4919 viderent
2523 4862 2728 4929 hostes,
2756 4860 2886 4914 nihil
2919 4859 3092 4914 facere
3122 4866 3386 4928 poterant,
3417 4857 3515 4912 etsi
3548 4856 3695 4926 leges

2104 4973 2286 5014 secum
2325 4956 2618 5018 haberent,
2649 4953 2867 5007 lictores
2893 4963 2946 5005 ct
2975 4967 3187 5004 omnem
3215 4959 3529 5020 potestatem
3555 4964 3570 5010 ;
3599 4946 3693 5002 sed

2105 5061 2257 5106 erant
2289 5049 2340 5102 hi
2372 5046 2701 5118 potentiores
2729 5054 2946 5114 propter
2972 5058 3094 5097 enm
3122 5044 3209 5109 qui
3238 5041 3288 5093 in
3325 5039 3452 5110 ipsis
3541 5036 3701 5093 habi-

2108 5143 2271 5198 tabat.
2302 5141 2400 5194 liic
2427 5155 2521 5209 per
2551 5138 2695 5206 ipsos
2723 5135 3052 5190 dominatum
3097 5131 3362 5194 obtinuit;
3395 5143 3493 5182 nec
3519 5128 3695 5182 Solum

2108 5235 2410 5291 dominatus
2436 5239 2550 5295 est,
2584 5227 2677 5282 sed
2707 5229 2867 5282 etiam
2899 5223 3143 5278 fortiter:
3174 5236 3296 5274 nam
3321 5219 3700 5274 vehementem

2110 5329 2162 5384 in
2191 5342 2286 5381 eos
2315 5323 2645 5379 dominatum
2677 5318 2926 5372 obtinuit.
2953 5315 3175 5383 Propter
3204 5327 3324 5367 eum
3356 5311 3500 5366 enim
3527 5311 3619 5382 qui
3644 5311 3698 5366 in

2109 5424 2187 5477 eis
2213 5418 2504 5480 habitabat,
2537 5423 2592 5469 et
2612 5414 2787 5483 ignem
2826 5419 2880 5465 et
2907 5409 3105 5464 ferrum
3139 5415 3194 5462 ct
3218 5406 3415 5462 bestias
3441 5415 3496 5461 et
3518 5405 3701 5461 omnia

2111 5512 2212 5567 alia
2239 5506 2573 5564 conﬁdenter
2597 5503 2834 5557 adibant.
2851 5499 2930 5554 Ad
2957 5498 3135 5556 omnia
3162 5499 3303 5552 enim
3334 5512 3454 5552 cum
3481 5497 3559 5553 eis
3585 5505 3704 5552 erat

2113 5603 2375 5664 Christus,
2406 5589 2496 5669 qui
2545 5599 2704 5652 etiam
2747 5605 3017 5663 utinquam
3057 5593 3110 5645 in
3152 5591 3342 5660 alienis
3385 5589 3704 5660 corporibus

2114 5700 2450 5753 decertantes
2476 5733 2491 5758 ,
2519 5699 2575 5746 et
2603 5688 2755 5744 liberi
2786 5688 2853 5742 ab
2879 5685 3026 5739 ontni
3053 5669 3295 5740 molestia
3323 5701 3499 5740 rerum
3527 5682 3593 5738 ad
3619 5683 3701 5738 vi-

2117 5801 2224 5846 tam
2264 5785 2666 5862 pertinentium,
2697 5782 2768 5836 ita
2798 5776 3117 5852 gaudebant,
3143 5788 3196 5837 et
3225 5776 3293 5840 ita
3308 5773 3653 5839 exsilicbant,
3674 5784 3706 5825 a
