4064 6422
295 321 397 381 επ

1406 326 1772 388 EXPOSITIO
1815 331 1880 389 IN
1920 333 2247 397 PSALMUM
2288 341 2421 399 CIX.

3459 346 3565 404 27?.

294 433 812 529 οὖτος-ἐσκίρτων,
854 437 993 529 61:6-
1009 438 1110 511 τῆς
1156 439 1539 529 τοῦΔΧριστοῦ-
1563 442 1882 509 δεσποτείας
1992 448 2262 523 λελυμένα
2289 454 2523 511 ἅπαντα.
2541 457 2709 511 Ὅταν
2744 456 2802 512 δέ
2824 456 2961 529 μηδέ
2995 454 3139 511 οὕτω
3161 453 3427 526 γένωνται
3450 458 3569 529 βελ-

296 518 682 591 κατεχόμενοι,
713 521 788 592 μὴ
811 524 1106 594 χρημάτων
1134 524 1462 595 φειδόμενοι,
1484 527 1559 598 μὴ
1590 529 1881 599 σωμάτων,

301 602 384 674 μὴ
409 601 508 672 τῆς
548 603 833 676 παρούσης
871 605 1034 675 ζωῆς.
1069 607 1178 660 Kal
1217 607 1389 662 ταῦτα
1436 610 1534 680 μὲν
1576 611 1793 664 ἐποίουν
1833 611 1888 665 οῐ

299 702 438 741 ποτε
471 684 660 757 ἐχθροὶ
691 689 789 741 καὶ
835 684 1117 759 πολέμιοιλ
1150 690 1264 744 ἀλλ’
1306 693 1342 762 ἡ
1379 693 1592 764 ἄμαχος
1620 693 1713 747 τοῦ
1748 695 1884 766 Χρι-

302 766 435 822 στοῦ
454 767 682 839 δύναμις
701 769 764 822 οὐ
793 770 955 842 μόνον
980 772 1081 843 τῆς
1111 772 1311 845 ἔχθρας
1335 775 1533 839 αὐτοὺς
1556 775 1882 848 ἀπήλλαξεν,

297 850 443 906 ἀλλά
460 851 554 905 καὶ
582 854 664 917 είς
681 853 925 910 δουλείαν
950 856 1044 909 καὶ
1064 858 1143 921 είς
1160 857 1432 931 τοσαύτην
1454 859 1728 914 οίκείωσιν
1749 861 1885 932 ῆγα-

299 950 420 1004 γεν.
446 936 609 990 Ὥστε
630 936 735 991 κᾶν
764 937 990 1011 λέγηται
1018 940 1047 993 ὁ
1067 942 1257 1014 Πατὴρ
1277 943 1404 1007 τοὺς
1430 943 1657 1015 ἐχθροὺς
1675 944 1884 999 τιθέναι

298 1018 412 1100 ὑπὸ
438 1020 565 1085 τοὺς
601 1020 770 1085 πόδας
811 1022 998 1087 αὑτοῦ,
1027 1025 1127 1095 οὐχ
1165 1025 1311 1080 οῦτω
1346 1026 1587 1096 λέγεται,
1631 1027 1885 1100 καθάπερ

296 1097 478 1185 είπον,
527 1103 604 1169 ὡς
634 1103 804 1176 μηδὲν
849 1107 1196 1179 ἐνεργοῦντος
1228 1108 1324 1164 τοῦ
1367 1110 1594 1175 Παιδός·
1636 1110 1733 1165 τοῦ
1776 1097 1885 1185 γὰρ

297 1183 640 1255 Πονογενοῦς
685 1188 749 1242 τὸ
790 1190 1124 1261 κατόρθωμα
1151 1192 1375 1261 γέγονεν
1410 1193 1558 1249 ἅπαν
1576 1210 1594 1227 ο
1627 1194 1742 1249 ἀλλ’
1774 1183 1882 1259 ἵνα,

296 1269 440 1351 δπερ
475 1270 644 1343 ἔφθην
673 1271 845 1327 εἰπὼν
866 1312 882 1337 ,
911 1274 1009 1328 τὸν
1046 1276 1266 1347 Πατέρα
1307 1276 1460 1351 [256]
1494 1278 1712 1333 καὶτὸν
1755 1279 1884 1333 Υίδν

295 1350 437 1407 Θεὸν
457 1352 556 1408 ἕνα
580 1357 729 1426 νοῇς,
764 1355 1175 1430 φυλαττομένης
1213 1350 1563 1434 έκάστῳίτῆς
1600 1364 1881 1433 ἰδιότητος,

298 1437 400 1492 καὶ
430 1437 518 1492 ἴνα
548 1438 622 1511 μὴ
658 1439 754 1494 δύο
784 1440 989 1515 νοήσῃς
1034 1443 1385 1515 ἀγεννήτους.
1424 1447 1549 1500 Ὅτι
1578 1446 1690 1517 γὰρ
1716 1442 1883 1500 αὑτοῦ

297 1524 413 1578 πᾶν
440 1525 560 1577 ἐστι
580 1525 644 1579 τὸ
668 1524 1023 1598 κατόρθωμα,
1047 1528 1155 1582 ἀπὸ
1175 1529 1282 1584 τῶν
1304 1526 1405 1602 ήδη
1429 1530 1883 1603 κατωρθωμένων

296 1608 475 1661 ἐννόει
494 1625 509 1640 ·
539 1608 635 1663 καὶ
666 1610 742 1682 μὴ
770 1609 957 1674 ἁπλῶς
984 1610 1340 1684 ἀνθρωπίνως
1372 1615 1679 1686 ἐκλάμόανε
1708 1618 1781 1669 τά
1806 1616 1885 1668 εί-

302 1692 553 1765 ρημέναο
586 1694 720 1749 πολὺ
750 1695 862 1767 γὰρ
888 1694 949 1755 τὺ
983 1697 1187 1752 ἄτοπον
1218 1698 1429 1769 ἕψεται.
1463 1699 1578 1754 Ἵνα
1602 1700 1659 1754 δὲ
1690 1700 1787 1754 xal
1815 1701 1881 1754 σὺ

299 1775 504 1848 μάθῃς,
531 1776 697 1832 ἄκουε
726 1779 756 1832 6
782 1779 961 1850 μέλλω
988 1780 1187 1850 λέγειν·
1212 1782 1275 1836 οι
1307 1782 1406 1854 μέν
1429 1784 1681 1852 ἐγένοντο
1715 1784 1880 1853 φίλοι,

296 1861 489 1933 ἐχθροὶ
529 1862 796 1935 πρότερον
837 1863 1027 1932 ὅντες,
1063 1867 1114 1920 οί
1169 1866 1228 1920 δέ
1282 1867 1534 1937 μένουσιν
1561 1867 1641 1922 ἔτι
1674 1866 1879 1940 ἐχθροί.

309 1943 454 1998 Ἀλλ’
478 1945 561 1998 ὃτι
588 1946 687 2017 μὲν
711 1947 835 2010 τοὺς
870 1947 1101 2018 ἐχθροὺς
1123 1948 1312 2020 φίλους
1336 1950 1498 2016 αὐτὸς
1519 1951 1764 2022 ἐποίησε,
1787 1950 1882 2005 καὶ

299 2027 516 2093 Παῦλος
547 2029 699 2100 δηλοί
738 2030 818 2101 τῷ
847 2032 1040 2086 εἰπεῖν·
1066 2032 1254 2088 Ὅταν
1288 2034 1536 2102 παραδῷ
1562 2033 1679 2103 τὴν
1698 2035 1882 2098 ,ϐασι-

294 2111 477 2167 λείαν
518 2111 600 2178 τῷ
634 2111 757 2179 Θεῷ
795 2114 915 2169 καὶ·
934 2116 1119 2184 Πατρί
1138 2132 1152 2146 ’
1206 2115 1356 2187 δηλοῖ
1389 2117 1448 2171 δέ
1487 2117 1578 2171 καὶ
1610 2120 1639 2170 6
1665 2118 1891 2187 Σωτὴρ,⁴

295 2197 439 2268 πρὸς
467 2197 632 2252 αὐτὸν
689 2198 783 2253 τὸν
821 2200 1039 2270 Πατέρα
1080 2200 1255 2265 λέγων
1274 2217 1290 2229 °
1337 2200 1478 2270 Ἐγώ
1505 2216 1581 2255 σε
1616 2199 1883 2265 ἐδόξασα

292 2280 368 2334 ἐν
406 2278 486 2346 τῷ
507 2281 733 2351 κόσμῳ,
773 2283 837 2337 τὸ
864 2282 1043 2353 ἔργον
1063 2284 1411 2348 ἐτελείωσα,
1436 2283 1469 2338 ὃ
1488 2282 1752 2350 δέδωκάς
1778 2302 1881 2353 μοι

294 2362 402 2418 ἵνα
426 2363 682 2431 ποιήσω.
711 2365 786 2419 Τὸ
813 2365 871 2420 δέ
902 2366 1027 2431 τοὺς
1065 2366 1293 2439 ἐχθροὺς
1325 2366 1615 2431 ὑποτάξαι,
1645 2366 1739 2420 τοῦ
1767 2369 1879 2421 Πα-

292 2446 427 2515 τρὸς
455 2448 668 2516 γέγονε.
696 2449 893 2503 Καίτοι
918 2465 982 2518 γε
1007 2448 1166 2503 τοῦτο
1195 2449 1406 2504 ἐκείνου
1440 2451 1646 2522 μεῖζον.
1668 2450 1744 2503 Οὐ
1772 2450 1881 2520 γὰρ

297 2529 417 2584 [σον
442 2532 668 2587 κολάσαι
696 2531 925 2604 ἐχθροὺς
958 2533 1235 2603 μένοντας,
1272 2533 1367 2588 καὶ
1412 2534 1636 2603 ποιῆσαι
1667 2534 1877 2604 φίλους,

294 2612 531 2685 ἐχθροὺς
552 2614 731 2681 ὄντας.
780 2616 919 2670 Ἀλλ’
945 2615 1069 2669 οὔτε
1105 2617 1134 2670 6
1160 2615 1289 2680 Υἱὸς
1329 2613 1419 2669 διὰ
1445 2615 1604 2670 τοῦτο
1643 2616 1882 2672 ἐλάττων

291 2695 395 2749 τοῦ
437 2697 669 2770 Πατρός,
706 2696 832 2752 οὔτε
874 2701 905 2752 6
954 2699 1145 2770 Πατὴρ
1178 2698 1416 2753 ἐλάττων
1451 2698 1540 2752 διὰ
1580 2698 1739 2753 τοῦτο
1782 2698 1877 2753 τοῦ

292 2777 454 2835 Υίοῦ.
486 2780 603 2834 Ἵνα
630 2781 688 2834 δὲ
720 2780 917 2854 μάθῃς,
939 2781 1025 2834 ὅτι
1054 2782 1149 2834 καὶ
1180 2785 1365 2837 ἐκεῖνα
1388 2781 1484 2836 τοῦ
1514 2781 1667 2847 Υἱοῦ,
1692 2782 1883 2853 ὥσπερ

290 2864 395 2917 καὶ
424 2861 600 2917 ταῦτα
646 2862 742 2917 τοῦ
788 2863 1004 2935 Πατρδς
1025 2902 1042 2927 ,
1087 2863 1351 2918 ἄκουσον
1411 2864 1721 2920 Ἆπέλθετε
1779 2866 1881 2919 ἀπ’

292 2945 464 3015 ἐμοῦ,
495 2950 549 3001 οι
576 2948 989 3016 κατηραμένοι,
1021 2949 1109 3013 είς
1130 2947 1198 3000 τὸ
1230 2948 1352 3016 πῦρ
1374 2948 1439 3001 τὸ
1470 2948 1733 3013 αἰώνιον,
1765 2947 1878 3001 τόι

293 3029 738 3100 ἡτοιμασμένον
766 3029 846 3096 τῷ
882 3030 1138 3096 διαϐόλῳ
1162 3031 1261 3084 καὶ
1305 3030 1431 3097 τοῖς
1463 3031 1742 3102 ἀγγέλοις
1772 3033 1881 3086 af)-

292 3113 430 3169 τοῦ.
481 3114 593 3169 Καὶ
628 3115 657 3168 6
688 3114 817 3178 τοὺς
867 3114 1134 3184 ἀγγέλους
1167 3115 1421 3187 πέμπων,
1458 3114 1598 3168 ὥστε
1627 3116 1878 3184 συλλέξαι

293 3196 374 3250 τὰ
398 3195 629 3262 ζιζάνια,
660 3200 690 3251 6
720 3199 1032 3269 Μονογενής
1069 3200 1206 3263 ἐστι,
1237 3199 1331 3252 καὶ
1357 3201 1633 3270 πανταχοῦ
1661 3201 1878 3273 ὁρῶμεν

301 3278 471 3334 αὐτὸν
500 3279 790 3345 κολάζοντα
821 3280 914 3335 τὸν
937 3282 1201 3336 διάϐολον.
1228 3282 1336 3335 Kal
1359 3282 1517 3336 τοῦτο
1548 3286 1595 3337 οἱ
1625 3283 1876 3355 δαίμονες

296 3367 458 3420 αὐτοὶ
484 3365 802 3437 ὁμολογοῦσι
833 3365 1084 3435 λέγοντες
1102 3382 1117 3397 ⁸
1144 3362 1361 3433 Ἦλθες
1384 3360 1502 3420 ὦδε
1524 3366 1638 3436 πρὸ
1668 3370 1876 3437 καιροῦ

286 3449 633 3515 βασανίσαι
671 3448 868 3518 Mc;
904 3451 1067 3502 Ὠστε
1105 3451 1268 3513 αὐτός
1297 3450 1445 3505 ἐστιν
1473 3452 1503 3503 6
1536 3450 1746 3521 μέλλων
1778 3453 1877 3506 αὐ·-

289 3536 426 3597 τοὺς
453 3533 784 3605 βασανίζειν.
824 3534 986 3605 Ὁρᾷς
1023 3535 1107 3588 ὅτι
1136 3532 1242 3587 κάν
1270 3534 1376 3587 ὑπὸ
1411 3533 1505 3587 τοῦ
1547 3535 1758 3607 Πατρὸς
1791 3535 1878 3589 λέ-

291 3634 463 3689 γηται
490 3617 737 3687 γίνεσθαι
762 3617 831 3671 τὰ
860 3618 1142 3688 γινόμενα,
1171 3617 1265 3671 τοῦ
1298 3616 1498 3683 Παιδός
1530 3619 1647 3672 ἐστι
1678 3637 1877 3691 κατορ-

293 3700 568 3773 θώματας
602 3702 722 3755 Ὄτι
768 3701 827 3755 δὲ
873 3702 970 3755 καὶ
1009 3700 1079 3754 τὰ
1122 3699 1218 3753 τοῦ
1249 3701 1479 3768 Παιδὸς,
1512 3700 1608 3755 τοῦ
1640 3704 1874 3776 Πατρὺς,

291 3788 530 3841 ἄκουσον
550 3784 713 3839 πάλιν
737 3784 903 3839 αὐτοῦ
929 3784 1176 3853 λέγοντος
1194 3799 1207 3815 ο
1235 3784 1446 3850 οὐδεὶς
1461 3784 1696 3852 ἔρχεται
1725 3789 1877 3855 πρός

288 3885 393 3940 με,
430 3866 543 3921 ἐὰν
567 3866 655 3937 μὴ
706 3870 740 3922 ό
766 3866 972 3935 Πατὴρ
1001 3867 1237 3935 ἐλκύσῃ
1278 3868 1486 3921 αὐτόν.
1531 3868 1641 3921 Kal
1679 3869 1873 3924 πάλινο

296 3953 516 4020 Οὐδεὶς
543 3952 790 4008 δύναται
825 3950 1027 4007 ἐλθεῖν
1056 3950 1207 4018 πρὸς
1253 3950 1363 4005 τόν
1404 3950 1659 4019 Πατέρα,
1702 3954 1756 4007 εὶ
1786 3955 1875 4026 μὴ

292 4038 377 4094 δι’
405 4037 573 4108 ἐμοῦ.
629 4038 703 4092 Οὐ
752 4036 933 4090 τοίνυν
983 4034 1343 4106 ἀνθρωπίνως
1396 4034 1760 4106 ἐκλαμϐάνειν
1808 4040 1880 4093 τὰ

290 4122 525 4181 τοιαῦτα
554 4121 654 4176 δεῖ.
681 4118 836 4174 Ἐπεὶ
862 4118 957 4172 καὶ
988 4118 1117 4183 τοὺς
1144 4117 1373 4189 ἐχθρούς
1399 4135 1493 4172 σου
1524 4118 1698 4185 οὕτως
1721 4122 1876 4177 ἐκδε-

292 4204 479 4272 κτέον,
506 4205 604 4276 οὐχ
635 4202 711 4266 ὼς
742 4200 907 4258 αὐτοῦ
957 4201 1119 4273 μόνου
1150 4200 1398 4275 ἐχθρούς.
1439 4201 1505 4256 '0
1537 4202 1647 4275 γὰρ
1670 4204 1759 4275 μὴ
1794 4224 1879 4262 τι-

286 4289 425 4361 μῶν
443 4288 552 4345 τόν
587 4287 747 4353 Υίόν,
771 4285 957 4360 φησὶν,
989 4287 1062 4340 οὐ
1089 4283 1227 4356 τιμᾷ
1253 4285 1361 4340 τὸν
1378 4288 1632 4356 Πατέρα.

367 4455 606 4511 ε’.Ὦστε
632 4453 876 4508 Ἰουδαῖοι
901 4440 1003 4505 οὐκ
1018 4448 1185 4505 αὐτοῦ
1210 4446 1370 4521 μόνον
1395 4448 1602 4523 ἐχθροὶ,
1625 4453 1762 4511 ἀλλὰ
1781 4458 1877 4513 καὶ

290 4539 394 4597 τοῦ
445 4534 678 4608 Πατρός.
722 4535 813 4589 Διὸ
856 4534 953 4589 xal
995 4532 1094 4605 τὴν
1138 4532 1515 4605 πανωλεθρίαν
1557 4537 1739 4602 αὐτοῖς
1779 4539 1878 4592 ἐπ-

290 4625 499 4696 ήγαγε,
529 4620 621 4675 καὶ
662 4619 762 4690 τὴν
789 4618 943 4672 πόλιν
975 4616 1157 4672 αὐτῶν
1188 4616 1352 4690 ῥίψας
1395 4619 1592 4689 χαμαὶ,
1635 4622 1877 4691 ἐρείπιον

292 4708 572 4778 ἐποίησεν,
621 4706 671 4758 εἰ
702 4704 807 4757 καὶ
834 4704 909 4776 μὴ
954 4700 1157 4765 εὐθέως
1203 4701 1341 4772 μετά
1370 4702 1462 4756 τὸν
1498 4705 1752 4774 σταυρὸν,
1784 4711 1877 4763 καὶ

291 4791 489 4863 χρόνον
516 4790 699 4853 αὐτοῖς
719 4787 887 4841 πολὺν
908 4788 987 4850 εἰς
1013 4784 1302 4857 μετάνοιαν
1319 4784 1539 4851 ἔδωκεν,
1564 4786 1617 4839 εἰ
1643 4804 1707 4856 γε
1729 4788 1878 4845 ἐϐού-

289 4874 471 4939 λοντο,
498 4873 594 4926 καί
624 4872 751 4935 τοὺς
797 4868 1130 4932 ἀποστόλους
1174 4866 1421 4938 ἀφῆκεν,
1455 4867 1543 4922 ἵνα
1592 4868 1661 4923 δι’
1692 4873 1875 4929 αὐτῶν

298 4954 566 5027 μαθόντες
598 4952 762 5009 αὐτοῦ
799 4952 898 5027 τὴν
930 4952 1115 5022 ἰσχὺν,
1147 4951 1244 5022 ὀψὲ
1282 4950 1417 5021 γοῦν
1454 4969 1586 5005 ποτε
1626 4956 1876 5028 ἐπιστρέ-

288 5042 493 5111 ψωσιν.
521 5035 741 5108 Ἐπειδὴ
768 5035 831 5089 δὲ
852 5036 1046 5089 ἀνίατα
1078 5035 1316 5101 ἐνόσουν,
1342 5034 1435 5088 τὸν
1465 5034 1749 5104 κολοφῶνα
1779 5042 1877 5094 ἐπ-

291 5125 475 5194 ήγαγε
512 5119 625 5174 τῶν
672 5118 889 5185 κακῶν,
919 5120 1015 5171 καὶ
1050 5118 1224 5188 ταύτῃ
1266 5117 1435 5171 πάλιν
1464 5118 1648 5173 καλῶν
1678 5120 1878 5187 αὐτοὺς

290 5210 378 5271 είς
407 5206 713 5278 μετάπιαν,
740 5204 829 5257 ἴνα
860 5203 961 5271 τῆς
984 5202 1259 5264 πολιτείας
1288 5202 1614 5266 ἐκπεσόντες
1640 5207 1737 5275 τῆς
1774 5223 1881 5260 πα..

292 5292 477 5355 λαιᾶς,
508 5289 600 5344 ὑπ’
620 5288 792 5357 αὐτῆς
816 5287 946 5356 γοῦν
972 5287 1081 5341 τῶν
1117 5286 1457 5358 πραγμάτων
1500 5287 1598 5358 τῆς
1631 5289 1879 5362 ἀνάγκης

293 5374 437 5447 πρὸς
462 5373 561 5447 τὴν
592 5372 852 5445 ἀλήθειαν
879 5370 1350 5444 χειραγωγηθῶσι,
1390 5371 1484 5425 τόν
1523 5389 1584 5425 τε
1609 5372 1876 5443 ὑϐρισμέ.

290 5476 388 5514 νον
405 5458 641 5530 ὁρῶντες
672 5456 948 5528 πανταχοῦ
976 5454 1475 5526 προσκυνούμενον,
1488 5456 1584 5510 καὶ⁵
1608 5455 1678 5509 τά
1697 5454 1879 5511 αὐτῶν

359 5736 390 5767 ⁸
416 5735 540 5786 Illud
565 5734 756 5783 αἰώνιον
789 5733 846 5781 τό
881 5733 1061 5784 deerat
1079 5733 1131 5783 in
1156 5732 1358 5793 Morel.,
1384 5734 1475 5784 sed
1497 5735 1550 5783 in
1570 5734 1683 5786 aliis
1702 5745 1875 5788 exem-

293 5797 523 5863 plaribus
540 5796 771 5859 habetur,
793 5801 848 5846 el
868 5793 927 5845 ab
945 5796 1227 5858 interprete
1251 5796 1438 5847 lectum
1460 5795 1638 5847 fuerat.

1990 541 2160 610 τίους,
2203 544 2324 599 τότε
2366 547 2581 612 λοιπὸν,
2618 549 2714 602 ἀτε
2747 550 2928 619 πάσης
2974 546 3387 619 ἀπηλλαγμένοι
3439 567 3570 621 συγι

1979 637 2236 711 «γνώμης.
2254 642 2336 706 εἰς
2360 644 2460 715 τὴν
2482 644 2747 699 ἀθάνατον
2768 645 3135 717 ἐμπεσοῦνται
3155 646 3395 702 κόλασιν.
3413 646 3570 703 Ὑπο-

1986 734 2173 789 πόδιον
2198 737 2255 791 δὲ
2269 738 2503 807 ἀκούων,
2525 741 2689 812 μηδὲν
2706 742 2959 813 αἰσθητὸν
2983 741 3170 814 νόμιζε
3194 742 3397 812 λέγειν,
3414 741 3568 817 [25⁸7]

1991 829 2130 884 ἀλλά
2172 831 2275 905 τὴν
2309 834 2610 908 ὕποταγήν.
2636 837 2761 890 Ὅτι
2801 836 2857 890 δὲ
2882 836 3032 907 αὐτῷ
3064 838 3379 905 ὑποτάσσει,
3412 837 3570 909 δῆλον

1990 927 2055 980 ἐκ
2080 927 2179 999 τῆς
2208 929 2528 1004 ἐπαγωγῆς·
2552 932 2675 988 ἐπεὶ
2697 933 2807 1007 γὰρ
2834 935 2862 988 ό
2893 934 3080 1007 θρόνος
3100 930 3202 1001 εἷς,
3231 933 3410 989 καὶτὸ
3436 935 3571 990 ὑπο-

1978 1021 2174 1111 ιπόδιον
2194 1022 2273 1079 έν.

1986 1206 1993 1214 ‘
2061 1193 2225 1250 Μετὰ
2248 1196 2365 1251 σοῦ
2393 1197 2432 1265 ἡ
2458 1195 2616 1267 ἀρχὴ
2638 1197 2709 1251 ἐν
2739 1196 2931 1269 ἡμέρᾳ
2957 1196 3069 1269 τῆς
3090 1197 3396 1269 δυνάμεώς
3426 1212 3563 1256 σου.

2002 1287 2223 1364 Ἐπειδὴ
2249 1287 2402 1347 εἶπεν
2426 1293 2566 1349 ἀνω’
2602 1294 2757 1362 Ἕως
2781 1294 2860 1349 ἂν
2880 1294 2963 1349 θῶ
2999 1294 3140 1362 τοὺς
3169 1295 3421 1365 ἐχθρούς
3452 1308 3570 1347 σου

1989 1382 2324 1438 ὑποπόδιον
2369 1383 2489 1439 τῶν
2526 1384 2730 1441 ποδῶν
2782 1403 2934 1451 σου,
2967 1387 3053 1439 ἵνα
3108 1387 3183 1458 μὴ
3232 1386 3432 1457 νομίσῃ
3484 1401 3571 1448 τις

1982 1470 2190 1551 ’ἀσθενῆ
2220 1481 2312 1534 τὸν
2341 1480 2468 1537 Υίὸν
2495 1478 2654 1550 εἶναι,
2692 1484 2787 1537 καὶ
2823 1484 3099 1554 ἐνεργείας
3132 1482 3358 1550 δεῖσθαι,
3394 1481 3568 1535 καθά-

1980 1590 2097 1646 περ
2125 1575 2250 1630 τινὰ
2274 1577 2383 1631 τῶν
2411 1578 2747 1645 ἀποστόλων,
2778 1580 3009 1634 ἄκουσον
3032 1578 3150 1642 II).
3180 1579 3275 1633 καὶ
3303 1578 3401 1648 τῆς
3435 1577 3567 1629 ὐπο-

1984 1669 2139 1735 ,νοίας
2167 1671 2338 1742 αὐτῆς
2363 1672 2560 1743 ἐπάγει
2580 1674 2678 1746 τὴν
2706 1674 2991 1746 διόρθωσιν
3022 1674 3196 1743 λέγων
3214 1690 3228 1703 ·
3256 1671 3420 1729 Μετὰ
3452 1669 3572 1726 σοῦ

1989 1766 2030 1835 ἢ
2051 1766 2207 1837 ἀρχὴ
2228 1768 2299 1823 έν
2316 1770 2507 1840 ἡμέρᾳ
2524 1771 2636 1841 τῆς
2660 1771 2969 1842 δυνάμεώς
2990 1788 3129 1827 σου.
3151 1771 3216 1825 Τί
3246 1772 3388 1833 ἐστι,
3408 1766 3574 1829 Μετὰ

1986 1865 2106 1919 σοῦ
2150 1867 2189 1936 ἡ
2213 1866 2414 1938 ἀρχή;
2453 1868 2542 1923 Ἐν
2579 1870 2685 1935 σοὶ,
2730 1870 2915 1941 φησὶν,
2947 1870 2981 1941 ἡ
3020 1869 3185 1940 ἀρχὴ,
3219 1869 3317 1938 οὐχ
3346 1865 3572 1935 ὕστερον

1984 1960 2375 2036 ἐπιγενομένη,
2412 1964 2529 2019 ἀλλ’
2557 1966 2616 2019 ἐν
2659 1968 2742 2020 σοὶ
2782 1962 2917 2021 οὖσα
2948 1965 3240 2027 διαπαντός
3258 1978 3273 1992 ‘
3301 1962 3439 2031 ὅπερ
3468 1957 3565 2014 καὶ

1987 2057 2019 2109 6
2055 2057 2282 2124 Ἡσαΐας
2307 2061 2484 2133 δηλῶν
2521 2062 2719 2133 ὁμοίως
2747 2061 2963 2130 ελεγενο
2988 2057 3071 2117 οὗ
3105 2060 3145 2128 ἠ
3189 2055 3345 2128 ἀρχὴ
3376 2051 3563 2133 arma.

1987 2155 2083 2209 ἐπὶ
2133 2158 2238 2212 τοῦ
2289 2157 2451 2228 ὤμου
2486 2159 2707 2214 αὐτοῦ’
2744 2160 3053 2226 τουτέστιν,
3089 2159 3147 2212 ἐν
3190 2146 3359 2226 αὐτῷ,
3394 2154 3451 2207 ἐν
3491 2151 3561 2221 τῇ

1987 2252 2145 2325 οὐσίᾳ
2174 2254 2363 2322 αὑτοῦ,
2397 2257 2454 2309 ἐν
2482 2258 2550 2327 τῇ
2583 2255 2743 2326 φύσει
2771 2255 2959 2318 αὑτοῦ,
2986 2256 3119 2326 ὅπερ
3153 2254 3247 2306 ἐπὶ
3271 2253 3380 2305 τῶν
3410 2248 3565 2329 βασις

1986 2345 2124 2402 λέων
2150 2349 2251 2404 οὐκ
2284 2350 2385 2405 ενι.
2414 2351 2477 2405 Ἠ
2505 2351 2615 2423 γὰρ
2643 2351 2787 2423 ἁρχὴ
2817 2351 2995 2405 αὐτῶν
3034 2352 3091 2403 ἐν
3124 2349 3200 2420 τῷ
3228 2346 3421 2418 πλήθει
3457 2342 3567 2413 τῶν

1992 2446 2401 2515 στρατοπέδων·
2437 2448 2575 2518 ὅπερ
2612 2448 2835 2501 ἐπὶτῶν
2861 2446 3173 2501 ἀποστόλων
3202 2446 3303 2498 οὐκ
3337 2438 3425 2513 ἦν.
3457 2439 3570 2501 Καὶ¹

1986 2541 2097 2612 γὰρ
2118 2542 2214 2596 καὶ
2238 2542 2417 2598 αὐτῶν
2437 2545 2472 2615 ἠ
2511 2545 2656 2616 ἀρχὴ
2687 2545 2969 2617 ἐνεργείας
2985 2543 3184 2609 ἔξωθεν
3207 2538 3570 2609 εἰσαγομένης

1986 2639 2171 2703 αὐτοῖς
2193 2639 2401 2708 ἐγίνετο
2425 2657 2436 2668 ·
2467 2639 2631 2704 αὐτὸς
2651 2639 2710 2693 δὲ
2737 2642 2794 2695 ἐν
2815 2643 2880 2713 τῇ
2895 2639 3058 2710 φύσει
3082 2640 3183 2709 τὴν
3203 2637 3377 2709 ἀρχὴν
3398 2629 3566 2704 εἶχεν.

1986 2735 2046 2789 ἐν
2075 2738 2143 2807 τῇ
2171 2736 2350 2806 οὐσία,
2377 2735 2439 2790 οὐ
2467 2733 2606 2806 μετὰ
2630 2733 2693 2789 τὺ
2717 2735 3043 2806 γεννηθῆναι
3068 2731 3392 2805 προσλαϐὼν
3414 2728 3574 2782 ῦστι-

1987 2847 2103 2902 ρον,
2130 2830 2253 2884 οὐδὲ
2285 2832 2611 2884 ἐπείσακτον
2650 2831 3021 2904 κτησάμενος,
3064 2829 3181 2884 ἀλλ’
3208 2827 3351 2882 οὕτω
3374 2840 3569 2895 γεννη..

1986 2927 2121 2991 θείς.
2144 2927 2236 2987 Διὸ
2256 2927 2502 3000 καὶπερὶ
2523 2927 2798 2999 βασιλείας
2818 2927 3169 2999 ἐρωτώμενος
3192 2926 3396 2992 ἔλεγεν·
3427 2917 3572 2989 Ἐγὼ

1984 3026 2071 3091 είς
2094 3025 2272 3078 τοῦτο
2292 3024 2668 3095 γεγέντηυιαι,
2686 3025 2783 3079 καὶ
2801 3023 3083 3089 είςοτοῦτο
3099 3021 3391 3089 ἐλήλυθα.
3407 3015 3569 3070 Μετὰ

1984 3122 2103 3187 σοῦ
2120 3123 2159 3191 ἠ
2183 3121 2340 3191 ἀρχὴ
2358 3123 2428 3177 ἐν
2455 3122 2647 3192 ἡμέρᾳ
2675 3121 2786 3191 τῆς
2805 3119 3113 3190 δυνάμεώς
3130 3126 3268 3177 σου.
3294 3115 3369 3169 Οὐ
3396 3113 3570 3167 ταῦτα

1984 3218 2043 3272 δὲ
2076 3218 2235 3290 μόνον
2262 3218 2330 3272 τά
2366 3218 2634 3291 εἰρημένα
2666 3218 2818 3290 δηλοῖ
2843 3216 2926 3283 τὸ,
2958 3215 3123 3271 Μετὰ
3154 3213 3271 3269 σοῦ
3313 3213 3351 3280 ὴ
3385 3211 3567 3283 ἁρχὴ,

1985 3310 2121 3389 ἀλλά
2151 3315 2246 3369 καὶ
2277 3314 2461 3385 ἔτερα,
2496 3309 2607 3368 οἷον
2633 3315 2694 3367 τδ
2726 3315 2800 3385 μὴ
2833 3316 2892 3368 ἐν
2924 3312 3069 3384 ἄλλῳ
3106 3308 3271 3366 αὐτοῦ
3301 3304 3438 3362 εἶναι
3470 3306 3570 3376 τὴν

1984 3413 2181 3487 ἀρχὴν,
2206 3411 2343 3466 ἀλλά
2377 3411 2471 3466 καὶ
2488 3411 2713 3484 διηνεκῆ
2749 3412 2843 3465 καὶ
2882 3410 3169 3466 ἀθάνατον.
3222 3403 3568 3476 Ἀνθρὼπους

1986 3510 2088 3582 μέν
2120 3509 2230 3579 γὰρ
2256 3508 2353 3562 καὶ
2386 3507 2595 3574 ζῶντας
2626 3508 2980 3581 ἐπιλιμπάνει
3008 3508 3294 3570 πολλάκις·
3326 3507 3377 3558 εί
3403 3503 3461 3557 δέ
3493 3500 3571 3572 μὴ

1984 3605 2212 3672 ζῶντας,
2254 3605 2370 3659 ἀλλ’
2405 3605 2779 3669 ἀποθανόντας
2813 3606 3062 3669 πάντως
3100 3603 3300 3676 μᾶλλον
3319 3601 3376 3654 δέ
3405 3598 3570 3671 ἡνίκα

1984 3702 2172 3768 ζῶσιν,
2194 3702 2316 3757 οὐδὲ
2357 3703 2474 3773 μετ’
2500 3702 2682 3756 αὐτῶν
2706 3701 2737 3742 ιι
2774 3704 2924 3756 ἐστιν
2941 3718 2957 3732 ο
2987 3700 3101 3754 ἀλλ’
3123 3700 3262 3769 ὅπερ
3291 3695 3462 3766 ἔφθην
3490 3694 3569 3746 εἰς

1984 3800 2126 3869 πὼν,
2161 3802 2220 3856 ἐν
2268 3800 2658 3872 στρατοπέδοις
2697 3801 2793 3854 καὶ
2841 3795 3282 3871 σωματοφύλαξιν
3313 3793 3409 3848 καὶ
3434 3808 3569 3863 χρηα

1986 3898 2177 3970 μάτων
2213 3897 2525 3971 περιουσίᾳ,
2557 3898 2653 3952 καὶ
2694 3897 2892 3968 τειχῶν
2945 3895 3279 3967 περιϐολαῖς,
3310 3892 3403 3945 καὶ
3453 3892 3567 3969 τοῖς

1984 3993 2165 4059 ἄλλοις
2191 3992 2428 4047 ἅπασιν·
2464 3994 2556 4047 ἐπὶ
2578 3992 2635 4047 δὲ
2673 3992 2768 4047 τοῦ
2796 3990 2932 4046 Θεοῦ
2968 3992 3030 4046 οὐ
3072 3991 3232 4061 μόνον
3276 3984 3568 4056 τοῦτο-οὑκ

1984 4091 2155 4159 ἐστιν,
2189 4090 2305 4146 ἀλλ’
2350 4092 2409 4144 ἐν
2459 4089 2607 4161 αὐτῷ
2636 4092 2753 4144 ἐστι
2785 4089 2881 4171 καὶ
2912 4089 3209 4161 διηνεκῶς’
3248 4087 3342 4141 καὶ
3379 4084 3568 4163 ὥσπερ

1984 4187 2084 4263 τὴν
2112 4189 2302 4244 οὐσίαν
2331 4185 2498 4242 αὐτοῦ
2533 4186 2795 4241 ἀδύνατον
2838 4185 2913 4258 μὴ
2945 4182 3107 4251 εἶναι,
3149 4183 3292 4240 οὕτω
3342 4183 3436 4238 καὶ
3466 4180 3569 4253 τὴν

1986 4284 2287 4358 βασιλείαν.
2308 4283 2418 4362 ⁸Ἑν
2436 4283 2629 4353 ἡμέρᾳ
2654 4281 2763 4352 τῆς
2798 4281 3108 4352 δυνάμεώς
3141 4299 3279 4336 σου.
3325 4272 3568 4362 Ἡμέραις

1983 4381 2267 4454 δυνάμεως
2290 4360 2433 4433 έίποι
2467 4395 2552 4443 τις
2590 4378 2656 4433 ἀν
2680 4380 2780 4451 τήν
2803 4396 2864 4432 τε
2891 4379 2992 4451 ἤδη
3013 4378 3335 4448 γενομένην,
3368 4375 3470 4444 τήν
3505 4360 3567 4431 τέ

1985 4476 2252 4548 ἐσομένην
2282 4474 2519 4547 ἡμέραν.
2559 4473 2828 4546 Ἑκατέρα
2856 4474 2965 4551 γὰρ
2996 4470 3566 4544 μεγίστηςδυνάμεως

1984 4572 2281 4637 ἀπόδειξις.
2314 4571 2388 4625 Ἦ
2412 4571 2474 4625 οὐ
2506 4570 2655 4626 δοκεῖ
2696 4588 2780 4625 σοι
2811 4571 3095 4642 δυνάμεως
3139 4570 3395 4641 μέγιστον
3425 4563 3567 4645 εἶναι

1983 4670 2317 4741 τεκμήριον,
2355 4666 2485 4721 ὅταν
2530 4666 2621 4720 διὰ
2661 4665 2894 4722 θανάτου
2930 4667 3159 4730 θάνατος
3197 4664 3564 4737 καταργῆται,

1983 4768 2113 4822 ὅταν
2137 4764 2338 4836 χαλκαῖ
2367 4762 2529 4819 πύλαι
2559 4762 2971 4835 συντρίὸωνται,
2994 4764 3122 4816 ὅταν
3152 4762 3397 4834 ἁμαρτία
3419 4762 3564 4830 cupa:

1984 4864 2223 4932 νίζηται,
2247 4861 2377 4914 ὅταν
2404 4861 2621 4932 κατάρα
2644 4859 2861 4932 λύηται,
2884 4860 3013 4914 ὅταν
3044 4852 3113 4914 τὰ
3148 4846 3355 4915 παλαιά
3372 4858 3565 4913 πάντα

1984 4957 2361 5029 ἀνατρέπηται
2381 4955 2549 5021 κακὰ,
2573 4956 2669 5010 καὶ
2691 4956 2853 5026 ἕτερα
2882 4958 3241 5028 ἐπεισάγηται
3266 4956 3362 5011 νέα
3385 4955 3562 5025 καλάς

1984 5054 2051 5110 Τί
2082 5055 2192 5127 γὰρ
2218 5054 2317 5126 τῆς
2344 5054 2625 5124 δυνάμεως
2648 5051 2853 5124 ταύτης
2883 5051 3018 5118 ἴσον,
3039 5054 3104 5107 ἀν
3130 5071 3190 5107 τε
3211 5054 3281 5107 τὰ
3308 5050 3564 5131 θαύματα

1985 5152 2269 5223 ἐξετάσῃς,
2294 5152 2358 5206 ἀν
2378 5142 2437 5203 τε
2460 5150 2528 5203 τὰ
2549 5146 2951 5222 κατορθώματα
2973 5168 2988 5219 ;
3023 5147 3229 5221 Νεκρώ⁸
3256 5145 3564 5220 ἠγείροντο,

1984 5252 2177 5324 λεπροὶ
2233 5249 2626 5319 ἐκαθαίροντο,
2672 5249 2921 5320 δαίμονες
2965 5248 3290 5327 ἠλαύνοντο,
3323 5249 3564 5327 θάλαττα

1984 5348 2315 5421 ὲχαλινοῦτο,
2345 5348 2717 5418 ἁμαρτήματα
2740 5346 2946 5411 ἐλύετο,
2970 5324 3331 5417 παραλυτικοὶ
3368 5324 3562 5418 ἐσφιγέ

1985 5463 2165 5516 γοντο,
2190 5445 2517 5517 παράδεισος
2546 5442 3042 5525 ῆνοίγετο,θπέτραι
3073 5444 3429 5515 ἐῤῥήννυντο,
3457 5459 3563 5503 κα..

1987 5792 2028 5842 R
2046 5732 2077 5771 ι)
2098 5729 2249 5781 Savil.
2272 5728 2380 5778 οὖδέ
2400 5726 2541 5785 ἡνίκα
2559 5727 2695 5788 ζῶσι,
2721 5728 2822 5791 μετ’
2845 5727 2950 5786 εὖτ.
2974 5727 3096 5782 Cum
3120 5727 3291 5779 Μυηιΐ.
3318 5725 3565 5791 conspirat

2031 5806 2097 5842 CR

2031 5806 2097 5856 98
