4064 6408
500 325 612 384 ειτσ

502 442 832 516 ταπέτασμα
865 443 1128 514 ἐσχίζετο,
1153 444 1370 508 ἀκτῖνες
1410 444 1560 515 ήλίου
1600 445 2006 514 ἀπεστρέφοντο
2029 455 2080 507 ³,

508 529 604 583 καλ⁵
630 527 821 590 σκότος
842 526 939 597 τὴν
960 527 1282 598 οἰκουμένην
1305 528 1705 598 κατελάμϐανε,
1729 527 1954 597 σώματα
1977 525 2084 578 τῶν

507 615 922 687 κεκοιμημένων
943 615 1114 684 άγίων
1126 614 1402 686 ἠγείρετο,
1421 614 1623 686 λῃστὴς
1641 617 1721 678 εἰς
1737 617 1836 680 τὴν
1854 613 2085 686 ἀρχαίαν

507 704 734 774 ἐπανῄει
750 701 998 774 πατρίδα,
1019 703 1079 755 οὐ
1089 702 1249 774 ρανοῦ
1271 701 1455 771 ἀψῖδες
1471 701 1623 774 [258]
1640 701 2081 763 ἀνεπετάννυντο,

509 793 541 861 ἡ
566 791 724 858 φύσις
744 792 777 859 ή
803 790 1312 860 καταπεπατημένη
1338 790 1477 860 ὐπέρ
1504 789 1594 842 τδν
1621 789 1848 860 οὐρανὸν
1875 788 1968 840 τοῦ
1996 788 2088 840 οὐο

511 878 670 948 ρανοῦ
707 878 844 948 πρὸς
874 879 944 932 τὰ
982 877 1254 948 ὑψώματα
1286 877 1540 947 ἀνήγετο,
1572 877 1667 929 καὶ
1707 876 1768 929 τὸ
1801 875 1865 946 δὴ
1894 875 2084 929 τούτου

509 961 712 1033 μεῖζον,
734 966 827 1018 ἐπὶ
855 965 1046 1035 θρόνου
1077 963 1363 1028 ἐκαθέζετο
1387 961 1688 1034 βασιλικοῦ,
1719 962 2086 1035 παρεστώτων

506 1051 754 1120 ἀγγέλων
787 1053 925 1124 αὐτῇ
965 1053 1060 1106 καὶ
1088 1052 1197 1106 τῶν
1224 1052 1501 1122 δυνάμεων
1520 1068 1533 1081 ·
1557 1051 1726 1105 κακία
1746 1053 1894 1104 πᾶσα
1919 1050 2088 1118 ἠλαύ-

507 1157 646 1200 νετο.
699 1141 869 1212 ἀρετὴ
912 1141 1244 1212 ἐπανήγετο,
1291 1140 1606 1212 Πνεύματος
1652 1141 1810 1212 χάρις
1861 1139 2081 1205 ἐδίδοτο,

507 1228 698 1292 ἁλιεῖς,
733 1229 824 1281 καὶ
854 1228 1102 1293 τελῶναι,
1128 1229 1220 1282 καὶ
1252 1229 1568 1299 σκηνοποιοὶ
1591 1227 1894 1298 φιλοσόφων
1916 1227 2088 1300 ἀπέρ-

510 1319 716 1388 ραπτον
758 1317 1023 1387 στόματα,
1057 1317 1303 1389 ρητόρων
1324 1316 1667 1389 ἀπέστρεφον
1688 1315 1954 1385 γλῶτταν,
1979 1316 2088 1370 δαι-

512 1402 689 1471 μόνων
736 1404 996 1457 κατέλυον
1023 1404 1315 1474 τυραννίδα
1341 1421 1356 1435 ·
1412 1403 1623 1474 βωμοὶ,
1675 1405 1768 1458 καὶ
1801 1403 1949 1468 ναοὶ,
1992 1403 2087 1457 καὶ

508 1489 712 1559 ἑορταὶ.
745 1490 840 1543 καὶ
869 1492 1209 1562 πανηγύρεις
1253 1489 1561 1558 Ἑλληνικαὶ
1587 1489 1856 1545 διελύοντο
1877 1506 1890 1518 ⁶
1928 1493 2086 1544 κνῖσα

507 1577 603 1630 καὶ
625 1577 847 1643 καπνὸς,
874 1580 968 1632 καὶ
987 1579 1063 1632 τὰ
1086 1579 1253 1649 ἐναγῆ
1280 1577 1498 1649 θύματα
1523 1578 1701 1631 πάντα
1722 1578 1861 1632 κατά
1887 1579 2085 1649 κράτος

505 1661 791 1731 ἠλαύνετο,
817 1665 1038 1735 μάντεις
1076 1667 1171 1721 καὶ
1211 1665 1628 1739 μητραγύρται,
1675 1666 1767 1720 καὶ
1797 1667 2084 1720 οἰωνοσκό-

505 1766 620 1815 ποι,
653 1752 747 1806 καὶ¹
788 1750 934 1805 άπαν
964 1750 1059 1805 τοῦ
1085 1753 1331 1806 διαϐόλου
1357 1753 1418 1806 τὸ
1456 1755 1815 1824 ἐργαστήριον
1852 1753 2080 1824 ἐδραπέ-

502 1853 684 1903 ⁴ιευον,
723 1838 1040 1910 Ἐκκλησίαι
1085 1840 1363 1910 πανταχοῦ
1407 1841 1506 1909 τῆς
1551 1841 1879 1912 οἰκουμένης
1923 1841 2083 1895 ἐϐλά-

507 1943 736 1993 στανον,
791 1929 1076 2000 παρθένων
1128 1931 1278 2001 χοροὶ
1335 1929 1650 1983 συνίσταντο
1672 1969 1688 1994 ,
1743 1928 2084 2000 μοναζόντων

503 2015 780 2085 τάγματα,
803 2016 962 2088 ’μετά
989 2017 1099 2071 τῶν
1131 2017 1339 2070 πόλεων
1370 2017 1466 2070 καὶ
1499 2018 1532 2088 ή
1567 2016 1772 2088 ἔρημος
1801 2017 2082 2082 εὐσεϐείας

505 2100 829 2174 ἐπληροῦτο,
859 2104 949 2158 καὶ
972 2104 1123 2176 χοροὶ
1143 2104 1367 2159 δικαίων
1392 2107 1486 2159 καὶ
1507 2104 1678 2172 ἁγίων
1705 2104 1913 2176 ἀνδρῶν
1936 2106 2085 2159 ἱστά-

506 2205 659 2259 μενοι
700 2193 819 2254 ταῖς
843 2190 955 2246 ἄνω
997 2191 1258 2262 δυνάμεσι
1287 2192 1397 2245 τῶν
1445 2192 1694 2261 ἀγγέλων
1718 2191 1983 2262 ἀντήχουν
2025 2195 2084 2248 ἐν

503 2277 572 2347 τῇ
611 2276 872 2349 μελῳδία,
917 2279 1013 2331 καὶ
1048 2278 1344 2351 μαρτύρων
1392 2279 1573 2350 δῆμοι,
1616 2281 1710 2333 καὶ
1735 2280 2083 2352 ὁμολογητῶν

505 2362 686 2435 πλήθη
734 2363 1008 2434 πανταχοῦ
1043 2365 1145 2435 τῆς
1186 2365 1506 2436 οἰκουμένης
1560 2367 1869 2435 ἐφυτεύετο,
1915 2369 2082 2442 ἀρετὴ

509 2449 649 2520 μετὰ
685 2450 887 2522 πολλῆς
934 2451 1282 2523 κατωρθοῦτο
1333 2453 1434 2522 τῆς
1475 2453 1758 2518 εὐκολίας,
1793 2455 2083 2526 βαρϐάρων

506 2537 636 2608 ἔθνη
669 2537 977 2608 φιλοσοφεῖν
1001 2539 1336 2604 ἐπαιδεύετο,
1366 2539 1462 2593 καὶ
1493 2541 1540 2594 οἰ
1572 2541 1774 2612 θηρίων
1814 2541 2083 2614 ἀγριώτε-

509 2642 594 2698 ροι
644 2626 783 2697 πρὸς
823 2627 922 2698 τὴν
953 2626 1060 2681 τῶν
1105 2627 1352 2696 ἀγγέλων
1403 2628 1675 2682 πολιτείαν
1705 2629 1803 2700 τὴν
1852 2631 2084 2700 ἅμιλλαν

506 2712 908 2779 ἐπεδείκνυντο,
943 2715 1038 2768 καὶ
1063 2715 1196 2784 ὅσην
1230 2713 1384 2785 ἥλιος
1413 2717 1585 2787 ἐφορᾷ
1608 2717 1732 2787 γῆν.
1759 2719 2029 2788 τοσαύτην
2055 2717 2084 2771 ό

504 2798 664 2869 λόγος
689 2801 951 2873 ἐπέτρεχε
983 2801 1120 2873 μετά
1145 2802 1234 2858 τὸν
1260 2803 1493 2874 σταυρὸν
1514 2805 1608 2858 καὶ¹
1633 2806 1734 2876 τὴν
1765 2806 2082 2863 ἀνάστασιν.

505 2885 649 2941 ’Δπε
658 2905 688 2960 ρ
716 2887 933 2944 ἅπαντα
963 2889 1160 2943 ἐννοῶν
1189 2891 1219 2943 ό
1246 2891 1533 2962 Προφήτης
1560 2890 1712 2959 έλεγε
1731 2906 1747 2922 ⁸
1781 2892 1939 2947 Μετὰ
1965 2893 2084 2947 σοῦ

504 2976 546 3045 ἠ
577 2975 734 3047 ἀρχὴ
762 2977 834 3032 ἐν
855 2977 1043 3049 ἡμέρᾳ
1075 2977 1184 3048 τῆς
1214 2978 1522 3050 δυνάμεώς
1546 2995 1688 3034 σου.

577 3148 658 3214 ς’.
681 3149 819 3202 Εἰδέ
843 3148 1020 3218 βούλει
1046 3149 1142 3204 καὶ
1156 3149 1256 3222 τὴν
1275 3149 1573 3220 μέλλουσαν
1591 3149 1802 3222 ἡμέραν
1828 3151 1974 3217 ἰδεῖν,
1989 3153 2085 3207 καὶ

508 3235 700 3306 μαθεῖν
732 3236 850 3300 πῶς
880 3239 972 3289 καὶ
999 3237 1183 3306 ἐκείνη
1206 3237 1387 3308 ἡμέρα
1412 3237 1696 3308 δυνάμεως
1725 3239 1889 3292 αὐτοῦ
1913 3240 2082 3303 ἐστιν,

506 3322 759 3392 ἐννόησον
785 3322 972 3394 ἡλίκον
1007 3323 1154 3378 ἐστὶν
1187 3324 1314 3377 ἰδεῖν
1346 3324 1438 3376 τὸν
1468 3325 1696 3396 οὐρανὸν
1729 3325 2085 3398 συστελλόμε-

504 3427 621 3476 νον,
668 3411 763 3464 καὶ
793 3411 1013 3466 ἃπασαν
1049 3411 1148 3482 τὴν
1177 3411 1338 3481 φύσιν
1371 3411 1468 3482 τὴν
1500 3413 1948 3484 καταφθαρεῖσαν
1988 3415 2086 3467 άν-

505 3500 826 3573 ισταμένην,
859 3502 954 3556 καὶ
991 3502 1068 3572 τῷ
1096 3501 1325 3570 νεύματι
1356 3503 1794 3574 παρισταμένους
1818 3504 2083 3571 ἅπαντας,

505 3586 752 3642 διάϐολον
777 3590 1290 3661 καταισχυνόμενον,
1310 3589 1570 3660 δαίμονας
1589 3590 1738 3643 κάτω
1758 3590 2082 3658 κύπτοντας,

503 3675 747 3740 δικαίους
797 3679 1300 3749 στεφανουμένους,
1352 3679 1582 3731 ἕκαστον
1619 3677 1849 3742 εὐθύνας
1879 3678 2088 3732 διδόντα

502 3763 614 3817 τῶν
638 3764 817 3836 πεπλη
826 3768 1007 3836 μμελη
1015 3766 1214 3836 μένων,
1241 3766 1311 3819 τὰ
1343 3765 1573 3837 βραϐεῖα
1607 3765 1953 3837 λαμϐάνοντα
1977 3767 2086 3821 τῶν

503 3853 968 3925 κατορθωμάτων,
1009 3855 1202 3927 ἐτέρας
1239 3853 1387 3924 ζωῆς
1418 3857 1750 3909 κατάστασιν
1771 3855 2084 3928 γινομένην.

505 3941 702 3994 Οὐκέτι
729 3941 838 4011 γὰρ
863 3941 1121 4008 θάνατος,
1161 3941 1256 3995 καὶ
1283 3943 1466 4006 νόσος,
1510 3943 1606 3995 καὶ
1640 3943 1816 4013 γῆρας
1838 3984 1853 4010 ,
1901 3943 2085 3997 οὐκέτι

505 4025 684 4092 πενία,
710 4029 805 4081 καὶ
825 4029 1102 4099 ἐπήρειαι,
1124 4029 1216 4082 καὶ
1244 4028 1549 4094 ἐπιϐουλαὶ,
1572 4031 1754 4084 οὐκέτι
1785 4031 2082 4103 οἰκήματα,

505 4114 599 4166 καὶ
624 4113 825 4180 πόλεις,
855 4115 951 4168 καὶ
978 4116 1185 4187 τέχναι.
1210 4115 1304 4168 καὶ
1326 4115 1612 4183 ναυτιλίαι,
1641 4117 1822 4171 οὐκέτι
1855 4118 2084 4188 ἱματίων

505 4199 790 4273 περιϐολὴ,
819 4203 912 4255 καὶ
939 4205 1084 4268 σῖτα,
1112 4203 1206 4256 καὶ
1229 4202 1388 4267 ποτὰ,
1416 4203 1509 4256 καὶ
1529 4203 1736 4275 δροφοι,
1762 4206 1856 4259 καὶ
1883 4205 2080 4271 κλῖναι,

505 4289 601 4342 καὶ
631 4289 940 4360 τράπεζαι,
970 4290 1065 4342 καὶ
1117 4289 1366 4360 λυχνίαι,
1413 4290 1597 4343 οὐκέτι
1642 4291 1956 4356 ἐπιϐουλαὶ,
1990 4293 2086 4346 καὶ

507 4377 709 4449 μάχαι,
744 4379 840 4432 καὶ
889 4379 1250 4450 δικαστήρια,
1285 4378 1468 4431 οὐκέτι
1495 4378 1699 4449 γάμοι,
1733 4380 1826 4433 καὶ
1876 4380 2083 4446 ὠδῖνες,

505 4467 603 4520 καὶ
619 4467 770 4521 τόκοι
790 4485 805 4499 ο
833 4467 970 4522 ἀλλά
995 4468 1169 4522 ταῦτα
1193 4467 1371 4522 πάντα
1397 4467 1587 4539 ὥσπερ
1616 4468 1761 4532 κόνις,
1795 4469 2087 4523 ἀποσοϐου-

507 4555 644 4625 μένη
678 4555 1032 4622 καταλύεται,
1063 4555 1160 4609 καὶ
1187 4555 1350 4627 ἑτέρα
1372 4573 1456 4619 τις
1479 4556 1718 4625 ἀμείνων
1743 4554 1887 4626 ζωῆς
1911 4555 2087 4610 κατά-

507 4657 697 4705 στασις
744 4641 985 4709 δίδοται,
1042 4641 1392 4712 ἀφθαρσίας,
1438 4641 1758 4706 ἀθανασίας,
1803 4641 2086 4714 δυνάμεως

505 4725 710 4797 πολλῆς
737 4728 816 4800 τῷ
841 4729 1053 4800 σώματι
1080 4728 1463 4800 χαριζομένης.
1493 4729 1669 4799 Ἀπερ
1697 4729 1791 4782 καί
1815 4729 1844 4782 ὁ
1871 4729 2083 4794 Παῦλος

503 4813 704 4887 δηλῶν,
735 4815 890 4884 ἔλεγε
911 4832 926 4846 ο
961 4815 1217 4886 Παρὰγει
1245 4815 1354 4887 γάρ
1384 4815 1451 4869 τὸ
1483 4815 1694 4885 σχῆμα
1718 4816 1826 4871 τοῦ
1851 4819 2082 4888 κόσμου

504 4903 745 4958 τούτου.
786 4904 852 4956 Εἰ
890 4902 947 4956 δέ
975 4903 1223 4966 ἀπιστεῖς
1247 4905 1359 4965 τοῖς
1394 4902 1704 4974 εἰρημένοις
1725 4942 1742 4968 ,
1789 4904 1974 4975 ἐπειδὴ
2007 4904 2084 4977 μὴ

503 4991 639 5062 ὁρᾷς
675 4989 816 5045 αὐτά
848 4989 1112 5062 παρόντα,
1149 4988 1258 5044 ἀπὸ
1287 4988 1395 5043 τῶν
1424 4989 1709 5060 παρόντων
1741 4991 1821 5054 εἰς
1857 4990 1929 5045 τὰ
1953 4992 2084 5064 περὶ

505 5078 615 5134 τῶν
648 5077 952 5150 μελλόντων
987 5076 1232 5148 λάμϐανε
1269 5077 1369 5147 τὴν
1401 5075 1695 5142 ἀπόδειξιν.
1735 5076 1969 5131 Ἐπελθε
2003 5078 2084 5151 τῷ

504 5167 650 5240 λόγῳ
681 5168 781 5242 τὴν
827 5168 1150 5238 οἰκουμένην
1175 5166 1416 5231 ἅπασαν,
1459 5165 1560 5236 τὴν
1599 5168 1724 5238 γῆν,
1753 5166 1853 5236 τὴν
1877 5166 2080 5221 θάλασ-

507 5273 639 5320 σαν,
679 5257 777 5328 τὴν
815 5256 1073 5323 Ἐλλάδα,
1114 5255 1214 5327 τὴν
1253 5254 1550 5326 βάρϐαρον,
1594 5253 1692 5326 τὴν
1731 5256 2080 5326 οἰκουμένην,

507 5343 606 5414 τὴν
632 5346 906 5416 ἀοίκητον,
946 5344 1048 5408 τὰς
1086 5345 1145 5398 ἐν
1174 5347 1242 5416 τῇ
1273 5347 1344 5417 γῇ
1371 5344 1574 5410 πόλεις,
1605 5343 1706 5408 τὰς
1737 5345 1796 5397 ἐν
1828 5347 1893 5416 τῇ
1928 5343 2080 5420 [259]

508 5431 753 5505 θαλάσσῃ
794 5434 1011 5503 νήσους,
1049 5431 1119 5487 τὰ
1151 5433 1274 5504 ὅρη,
1327 5433 1421 5486 καὶ
1455 5433 1556 5496 τὰς
1595 5431 1793 5506 νάπας,
1821 5434 1917 5487 καὶ⁵
1960 5435 2084 5490 ἰδὼν

509 5518 784 5588 πανταχοῦ
816 5519 918 5590 τὴν
958 5519 1191 5589 δύναμιν
1235 5518 1331 5576 τοῦ
1375 5519 1613 5591 Χριστοῦ
1646 5519 2079 5594 διαλάμπουσαν,

575 5707 600 5734 ⁸
621 5705 746 5769 Reg.
770 5709 906 5767 ἡλίου
925 5709 1243 5765 ἐσκοτίζοντο.

1159 327 1220 383 S.
1256 325 1540 382 JOANNIS
1575 324 2064 384 CHRYSOSTOMI
2103 327 2427 384 ARCHIEP.
2467 325 3016 384 CONSTANTINOP.

3655 323 3768 381 274

2191 445 2281 495 καὶ
2309 444 2518 506 πάντας
2545 445 2608 496 τὸ
2632 442 2809 512 τίμιον
2840 441 3012 512 ὄνομα
3057 435 3546 509 ἀνακηρύττοντας,
3571 437 3767 492 ἀναλο-

2188 533 2339 600 γίζου
2362 532 2498 604 πρὸς
2527 531 2738 595 ἐαυτὸν,
2772 532 2855 585 ὅτι
2882 533 2909 584 ό
2937 528 3173 584 τοσαῦτα
3192 527 3458 598 δυνηθεὶς,
3483 519 3635 591 οὗτος
3666 528 3774 581 καὶ

2187 622 2256 674 τὰ
2295 620 2555 690 μέλλοντα
2583 619 2965 691 ἐπηγγείλατο.

2258 800 2322 854 Εἰ
2353 798 2410 851 δὲ
2441 798 2531 852 καὶ
2557 797 2665 852 ἀπὸ
2690 795 2889 869 μέρους
2913 794 3118 858 ἐθέλοις
3142 792 3442 863 λαμϐάνειν
3465 790 3774 857 ἀπόδειξιν,

2187 886 2438 958 ἐννόησον
2468 885 2614 948 τίνος
2655 885 2839 938 ἐνεκεν
2860 884 2894 954 ή
2927 882 3221 951 οἰκουμένη
3261 880 3538 950 συντρέχει
3573 880 3780 934 ἅπασα

2187 973 2355 1042 τάφον
2384 973 2510 1025 ἰδεῖν
2535 971 2691 1042 σῶμα
2705 971 2806 1024 οὐκ
2825 970 3018 1040 ἔχοντα
3038 985 3050 998 ·
3075 968 3205 1021 ποία
3223 966 3453 1038 δύναμις
3474 967 3619 1020 ἐλκει
3632 969 3782 1030 τοὺς

2187 1060 2295 1114 ἀπὸ
2313 1058 2427 1112 τῶν
2449 1059 2700 1129 περάτων
2713 1057 2812 1127 τῆς
2835 1056 2959 1126 γῆς,
2979 1055 3120 1108 ὥστε
3146 1055 3275 1108 ἰδεῖν
3301 1053 3404 1108 ποῦ
3426 1055 3523 1126 μὲν
3541 1054 3778 1124 ἐτέχθη,

2189 1147 2292 1202 ποῦ
2315 1148 2372 1201 δέ
2397 1147 2594 1217 ἐτάφη,
2616 1144 2720 1198 ποῦ
2741 1145 2798 1198 δέ
2823 1143 3144 1216 ἐσταυρώθη
3165 1159 3179 1173 °
3203 1143 3455 1214 ἐννόησον
3480 1143 3638 1197 αὐτὸν
3665 1143 3783 1198 τδν

2191 1235 2446 1306 σταυρὸν,
2476 1235 2608 1305 ὅσης
2633 1232 2916 1303 δυνάμεώς
2948 1234 3067 1286 ἐστι
3097 1234 3342 1303 σημεῖον.
3374 1232 3434 1284 '0
3461 1231 3569 1302 γὰρ
3596 1249 3783 1285 σταυ-

2194 1323 2287 1395 ρὸς
2311 1315 2467 1386 οὗτος
2499 1321 2607 1393 πρὸ
2634 1320 2823 1374 τούτου
2857 1319 3087 1384 θάνατος
3115 1315 3184 1391 ἦν
3208 1318 3497 1390 ἐπάρατος,
3530 1319 3784 1384 θάνατος

2188 1409 2575 1472 ἐπονείδιστος,
2607 1407 2835 1470 θάνατος
2866 1409 2894 1461 ό
2917 1407 3134 1460 πάντων
3154 1407 3452 1476 αἴσχιστος.
3484 1405 3619 1459 Ἀλλ’
3643 1405 3781 1460 ἰδοὺ

2187 1497 2282 1552 νῦν
2314 1496 2414 1567 τῆς
2440 1496 2586 1566 ζωῆς
2607 1495 2779 1566 αὐτῆς
2799 1493 3124 1565 τιμιώτερος
3149 1492 3360 1562 γέγονε,
3388 1493 3483 1546 καὶ
3498 1491 3782 1564 διαδημά-

2187 1601 2298 1638 των
2345 1583 2724 1654 λαμπρότερος
2741 1623 2759 1650 ,
2795 1582 2890 1635 καὶ
2935 1581 3139 1643 πάντες
3176 1579 3270 1632 ἐπὶ
3309 1578 3560 1646 μετώπου
3592 1579 3784 1634 αὐτὸν

2187 1671 2578 1743 περιφέρομεν,
2621 1669 2684 1724 οὐ
2717 1668 2878 1739 μόνον
2903 1667 3007 1722 οὐκ
3053 1665 3468 1737 αἰσχυνόμενοι,
3501 1666 3633 1720 ἀλλὰ
3659 1669 3780 1722 καὶ

2190 1756 2723 1828 ἐγκαλλωπιζόμενοι
2743 1753 2939 1825 τούτῳ.
2961 1754 3035 1808 Οὐ
3060 1753 3160 1824 μὲν
3185 1752 3391 1807 ἰδιῶται
3422 1754 3600 1823 μόνον,
3622 1753 3780 1810 ἀλλὰ

2187 1847 2284 1899 καὶ
2313 1845 2468 1898 αὐτοὶ
2488 1845 2538 1898 οἱ
2564 1843 2635 1897 τά
2660 1841 2968 1913 διαδήματα
2993 1839 3370 1913 περικείμενοι
3389 1839 3483 1892 ἐπὶ
3510 1839 3603 1893 τοῦ
3633 1856 3780 1910 μετ-

2186 1931 2339 1986 ώπου
2393 1932 2534 2003 ὐπέρ
2589 1930 2661 1984 τά
2712 1929 3021 2000 διαδήματα
3052 1926 3214 1981 αὐτὸν
3261 1925 3618 1996 βαστάζουσι,
3660 1927 3780 1980 καὶ

2190 2019 2336 2092 μάλα
2369 2019 2596 2082 εἰκότως
2617 2032 2632 2047 ⁶
2668 2017 2878 2089 μυρίων
2901 2013 3011 2086 γὰρ
3035 2013 3382 2085 διαδημάτων
3403 2013 3659 2084 ἀμείνων.
3682 2014 3739 2066 Τ
3741 2013 3782 2067 δ

2190 2106 2290 2178 μὲν
2315 2107 2423 2179 γάρ
2458 2105 2699 2175 διάδημα
2730 2102 3062 2168 καλλωπίζει
3101 2100 3364 2171 κεφαλὴν,
3392 2101 3422 2154 ό
3443 2100 3500 2154 δέ
3528 2099 3779 2171 σταυρὸς

2186 2193 2542 2263 ἀσφαλίζεται
2583 2193 2843 2247 διάνοιαν.
2888 2189 3061 2244 Τοῦτο
3093 2188 3363 2260 δαιμόνων
3403 2188 3774 2258 ἀμυντήριον,

2182 2282 2338 2336 τοῦτο
2379 2282 2440 2336 τὺ
2484 2281 2721 2353 διάδημα
2777 2278 3100 2350 νοσημάτων
3148 2276 3326 2348 ψυχῆς
3379 2275 3724 2347 ἀναιρετικὸν
3752 2293 3778 2308 σ

2181 2370 2339 2424 τοῦτο
2367 2370 2530 2424 ὅπλον
2558 2369 2875 2440 άχείρωτον,
2917 2365 3074 2420 τοῦτο
3112 2368 3288 2434 τεῖχος
3321 2363 3530 2434 ἄμαχον
3551 2381 3566 2394 ο
3601 2362 3778 2417 τοῦτο

2183 2459 2452 2528 ἀσφάλεια
2480 2455 2920 2524 ἀκαταγώνιστος
2941 2470 2956 2483 ·
2998 2453 3060 2506 οὐ
3097 2450 3386 2522 βαρϐάρων
3426 2451 3664 2520 ἐφόδους,
3695 2452 3776 2503 οὐ

2183 2543 2456 2615 πολεμίων
2517 2545 2677 2614 μόνον
2716 2540 3088 2613 καταδρομάς,
3133 2539 3269 2593 ἀλλά
3299 2538 3396 2592 καὶ
3435 2537 3609 2592 αὐτῶν
3651 2538 3778 2594 τῶν

2177 2629 2388 2698 ἀγρίων
2431 2626 2702 2698 δαιμόνων
2743 2624 2958 2678 διαλύον
2996 2624 3094 2687 τὰς
3138 2623 3442 2692 φάλαγγας.
3495 2623 3592 2675 Ἔν
3633 2625 3777 2691 ταῖς

2176 2720 2561 2790 λαμπρότησι
2582 2715 2702 2770 τῶν
2723 2715 2930 2785 ἁγίων.
2949 2716 3192 2788 Ἕτερος,
3229 2715 3326 2768 Ἑν
3349 2716 3522 2786 ἁγίου
3547 2718 3776 2784 εὐπρε-

2181 2809 2336 2875 πείᾳ.
2361 2806 2574 2879 Ἄλλος,
2609 2805 2711 2859 Ἐν
2730 2802 2880 2871 δόξῃ
2909 2801 3112 2871 ἁγίων.
3134 2799 3255 2852 Ἔτι
3276 2797 3523 2868 περὶτῆς
3549 2796 3775 2868 ἡμέρας

2180 2893 2488 2963 διαλέγεται
2514 2876 2612 2963 ⁸ἶῆς
2637 2908 2696 2944 τε
2732 2887 3013 2958 παρούσης
3037 2887 3135 2956 τῆς
3163 2902 3222 2938 τε
3253 2883 3572 2954 μελλούσης.
3602 2886 3780 2967 Δαμ-Δ

2184 2982 2427 3052 πρότητα
2461 2981 2519 3033 δέ
2560 2976 2798 3032 ἐνταῦθα
2833 2975 2896 3028 τὸ
2933 2974 3127 3036 κάλλος
3168 2973 3303 3041 φησὶ
3341 2971 3447 3022 τῶν
3474 2971 3666 3036 ἁγίων.
3697 2973 3774 3024 Τί

2185 3068 2282 3140 μὲν
2305 3066 2681 3138 λαμπρότερον
2710 3063 2923 3118 Παύλου
2945 3079 2961 3129 ;
3009 3061 3062 3114 τί
3088 3061 3146 3114 δὲ
3175 3059 3637 3130 περιφανέστερον
3661 3058 3740 3110 Πέ
3759 3087 3774 3095 -

2182 3172 2312 3227 τρου
2334 3172 2349 3221 ;
2381 3155 2430 3208 οἳ
2455 3155 2554 3226 τὴν
2580 3151 2907 3222 οἰκουμένην
2934 3149 3306 3220 περιέτρεχον,
3335 3147 3474 3217 ὐπέρ
3494 3146 3585 3197 τὸν
3608 3145 3772 3214 ἥλιον

2182 3243 2513 3314 λάμποντες,
2541 3241 2612 3294 τὰ
2647 3241 2938 3311 σπέρματα
2957 3237 3058 3306 τῆς
3090 3234 3372 3295 εὐσεϐείας
3405 3233 3772 3287 καταϐάλλον-

2183 3347 2310 3395 τες;
2352 3330 2439 3394 Ὠς
2461 3327 2573 3400 γὰρ
2603 3328 2662 3394 ἐξ
2691 3324 2934 3397 οὐρανῶν
2955 3321 3175 3392 ἄγγελοι
3200 3319 3556 3382 καταϐάντες,
3589 3318 3772 3382 οὕτως

2181 3413 2318 3489 ἦσαν
2353 3419 2519 3470 πᾶσιν
2550 3414 2834 3485 ἀπρόσιτοι
2856 3412 2907 3467 ι).
2937 3410 3106 3465 Τοῦτο
3142 3408 3355 3469 δεικνὺς
3394 3409 3422 3458 ό
3463 3406 3524 3459 τὸ
3560 3405 3769 3476 βιϐλίον

2182 3506 2290 3558 τῶν
2333 3502 2590 3575 Πράξεων
2636 3498 2883 3565 συνθεὶς,
2913 3498 3116 3565 ἐλεγεν,
3154 3496 3235 3548 ὅτι
3288 3492 3498 3560 Οὐδεὶς
3537 3492 3774 3561 ἐτόλμα

2185 3590 2523 3646 κολλᾶσθαι
2550 3586 2774 3653 αὐτοῖς.
2802 3585 2909 3640 Καὶ
2923 3585 3031 3656 γὰρ
3052 3582 3120 3636 τὰ
3142 3581 3335 3652 ἱμάτια
3355 3581 3532 3633 αὐτῶν
3561 3578 3766 3649 πολλῆς

2184 3681 2349 3752 ἔγεμε
2394 3681 2634 3751 χάριτος,
2672 3678 2767 3731 καὶ
2816 3676 2874 3729 αἰ
2923 3674 3073 3728 σκιαὶ
3108 3672 3216 3725 τῶν
3257 3671 3525 3741 σωμάτων
3563 3668 3773 3739 πολλὴν

2185 3769 2558 3824 ἐπεδείκνυντο
2588 3765 2838 3836 δύναμιν.
2861 3763 2923 3816 Εἰ
2955 3763 3013 3816 δὲ
3041 3758 3275 3814 ἐνταῦθα
3295 3757 3543 3818 τοιοῦτοι,
3577 3756 3772 3826 ἐννόη-

2187 3859 2278 3911 σόν
2326 3875 2415 3928 μοι
2463 3854 2604 3909 κατὰ
2642 3853 2740 3924 τὴν
2794 3849 3012 3922 ἡμέραν
3050 3845 3300 3917 ἐκείνην,
3345 3845 3472 3898 ὃταν
3509 3843 3771 3913 ἄφθαρτα

2187 3945 2414 4016 σώματα
2455 3942 2691 3996 λάϐωσιν
2713 3979 2729 3999 .
2758 3939 2888 3992 ὅταν
2926 3935 3202 3997 ἀθάνατα,
3235 3933 3364 3986 ὅταν
3400 3931 3537 4002 ὑπὲρ
3580 3931 3766 3983 πᾶσαν

2183 4031 2468 4102 ὁρωμένην
2508 4027 2870 4099 λαμπρότητα
2911 4020 3304 4078 ἀποστίλϐοντα
3324 4058 3340 4084 ,
3368 4018 3514 4082 τίνες
3542 4017 3760 4072 ἔσονται

2182 4114 2326 4174 οὗτοί
2353 4135 2413 4171 τε
2433 4116 2528 4170 καὶ
2550 4116 2599 4170 οἰ
2625 4113 2834 4177 τούτοις
2861 4110 3096 4173 ἐοικότες
3117 4108 3392 4181 προφῆται
3418 4107 3514 4160 καὶ
3535 4105 3765 4160 άπόστο⁴

2182 4207 2287 4270 λοι,
2320 4206 2416 4258 καὶ
2451 4204 2780 4268 δίκαιοι,καὶ
2805 4200 3101 4270 μάρτυρες,
3135 4195 3231 4248 καὶ
3253 4193 3621 4266 ὁμολογηταὶ,
3661 4193 3763 4246 καὶ

2184 4294 2387 4355 πάντες
2409 4293 2458 4344 οἰ
2495 4289 2636 4344 κατὰ
2665 4291 2766 4359 τὴν
2795 4285 3024 4358 ἀρίστην
3062 4281 3335 4335 πολιτείαν
3365 4278 3768 4350 διαπρέψαντες

2183 4384 2240 4436 ἐν
2271 4385 2338 4453 τῇ
2363 4381 2544 4436 πίστει
2576 4381 2640 4451 τῇ
2671 4379 2752 4441 εἰς
2773 4375 2867 4430 τὸν
2894 4373 3149 4446 Χριστόν.
3197 4370 3478 4439 Ἐννόησόν
3509 4385 3599 4440 μοι
3626 4369 3764 4431 τοὺς

2182 4471 2392 4542 δήμους
2429 4468 2702 4530 ἐκείνους,
2731 4463 2831 4528 τὰς
2857 4461 3181 4534 λαμπάδας,
3225 4457 3325 4521 τὰς
3357 4457 3582 4518 ἀκτῖνας
3605 4498 3622 4522 ,
3649 4455 3757 4526 τὴν

2181 4561 2358 4626 δόξαν,
2397 4559 2496 4630 τὴν
2537 4556 2898 4626 εὐπρέπειαν,
2937 4551 3038 4622 τὴν
3073 4548 3442 4621 φαιδρότητα,
3486 4545 3584 4616 τὴν
3622 4563 3764 4598 παν-

2183 4650 2402 4721 ήγυριν.
2431 4647 2529 4710 Τίς
2558 4643 2734 4699 ταῦτα
2766 4641 3107 4714 παραστήσει
3129 4654 3144 4703 ;
3168 4638 3340 4706 Λόγος
3361 4636 3460 4708 μὲν
3482 4634 3657 4698 οὐδείς
3676 4651 3690 4665 ·
3727 4634 3768 4705 ἡ

2181 4737 2241 4792 δὲ
2281 4739 2446 4808 πεῖρα
2494 4733 2629 4805 μόνη
2689 4731 2878 4800 σαφῶς
2914 4727 3116 4794 διδάξει
3176 4726 3302 4789 τοὺς
3332 4725 3515 4792 ἀξίους
3556 4722 3766 4793 ταύτης

2183 4823 2436 4894 γενέσθαι
2456 4821 2557 4892 τῆς
2584 4818 2838 4891 θεωρίας,
2857 4815 2955 4888 τὴν
2973 4814 3334 4886 λαμπρότητα
3360 4813 3594 4880 ἐκείνην.
3618 4811 3766 4862 Ταυ-

2182 4912 2275 4967 τὸν
2301 4910 2410 4982 γὰρ
2442 4905 2600 4980 οἴμαι
2629 4905 2966 4977 συμϐαίνειν,
2998 4897 3109 4956 οἷον
3149 4903 3199 4954 εἰ
3229 4899 3415 4953 πολλοὶ
3450 4899 3589 4969 ἣλιοι
3622 4896 3764 4968 ὑπὲρ

2182 4999 2276 5054 τὸν
2303 4997 2529 5070 οὐρανὸν
2562 4994 2831 5065 ἔλαμψαν,
2863 4993 2898 5064 ἢ
2929 4992 2979 5044 εἰ
3011 4991 3254 5059 συνεχεῖς
3278 4985 3555 5058 ἀστραπαί
3573 5001 3587 5014 °
3621 4985 3762 5056 μᾶλ-

2182 5085 2274 5140 λον
2294 5086 2352 5139 δὲ
2372 5086 2508 5155 ὅπερ
2533 5082 2600 5138 ἂν
2629 5080 2792 5148 εἴπω,
2821 5076 3136 5148 φιλονεικῶν
3161 5075 3512 5147 παραστῆσαι
3538 5073 3601 5126 τὸ
3632 5073 3764 5127 κάλ-

2183 5175 2274 5240 λος
2307 5172 2459 5247 [260]
2489 5173 2686 5236 ἐκεῖνο,
2707 5169 2770 5223 οὐ
2797 5168 3096 5238 δυνήσομαι
3125 5164 3246 5218 κατ’
3273 5163 3432 5229 ἀξίαν
3458 5163 3656 5216 εἰπεῖν.
3679 5161 3764 5213 Τὰ

2184 5263 2296 5333 γὰρ
2337 5259 2757 5332 παραδείγματα
2790 5254 3008 5308 ἅπαντα
3051 5251 3226 5306 ταῦτα
3269 5249 3558 5322 σωματικά
3581 5267 3594 5280 ·
3630 5251 3665 5318 ὴ
3705 5248 3766 5302 δὲ

2183 5349 2523 5421 λαμπρότης,
2554 5345 2650 5398 καί⁵
2674 5346 2708 5414 ή
2742 5343 2899 5408 δόξα,
2937 5343 2972 5412 ἡ
3009 5340 3131 5394 τότε
3160 5338 3427 5410 μέλλουσα
3458 5335 3764 5406 ἐκλάμπειν

2185 5439 2321 5504 ἐκεῖ,
2353 5435 2495 5506 ὐπέρ
2525 5433 2671 5487 ἅπαν
2699 5428 2940 5484 τοιοῦτον
2973 5427 3168 5490 κάλλος
3199 5424 3513 5496 διαλάμψει.
3546 5423 3622 5477 Οὐ
3651 5421 3766 5492 γὰρ

2184 5523 2434 5595 ἄφθαρτα
2463 5521 2615 5575 ἐσται
2636 5517 2708 5572 τὰ
2735 5517 2963 5588 σώματα
2995 5515 3180 5586 μόνον,
3201 5515 3322 5570 οὐδὲ
3339 5513 3603 5578 ἀθάνατα,
3626 5510 3763 5566 ἀλλὰ

2245 5716 2277 5758 δ
2304 5713 2560 5779 Regiam
2577 5711 2728 5761 ἅπασι
2750 5707 3081 5773 περιμάχητα.
