4064 6422
196 308 318 364 ⁸1τό

205 417 602 477 refreuabatur
624 463 641 490 ,
671 429 882 492 peccata
913 419 1272 487 solvebantur,
1297 418 1572 490 paralytiei
1599 417 1822 472 robora-

211 513 438 578 bantur,
485 514 766 584 paradisus
807 515 1182 584 aperiebatur,
1213 523 1378 583 petrae
1417 511 1820 582 rumpebantur,

219 608 404 662 velum
431 605 858 674 discindebatur,
883 606 1012 661 radii
1043 607 1171 661 solis
1195 605 1570 662 avertebantur
1599 604 1639 668 ⁸,
1659 613 1708 658 et
1741 611 1822 657 te-

213 701 406 756 nebrae
431 701 738 756 universum
784 701 967 756 orbem
1007 710 1163 755 terra:
1200 700 1562 770 occupabant,
1593 712 1818 767 corpora

211 802 556 859 sanctorum,
578 794 666 864 qui
688 792 1035 858 dormierunt,
1062 793 1428 848 excitabantur
1445 833 1460 858 ,
1491 792 1626 845 latro
1657 792 1706 843 in
1731 805 1821 844 ve-

214 897 394 940 terem
421 886 648 956 patriam
677 885 1066 951 revertebatur,
1098 885 1212 938 czeli
1245 883 1473 939 fornices
1499 881 1818 952 aperieban-

213 985 308 1032 tur
328 1019 347 1044 ,
375 993 496 1048 qua:
524 978 834 1034 conculcata
861 977 1033 1032 fuerat
1072 985 1264 1032 natura
1296 992 1455 1047 supra
1483 977 1671 1031 (uelum
1702 974 1817 1030 (εει)ιί

211 1070 642 1138 sustollebatur,
671 1079 727 1126 et
749 1070 888 1141 quod
917 1078 999 1125 est
1023 1070 1106 1125 his
1134 1070 1325 1140 majus,
1357 1071 1407 1124 in
1438 1070 1630 1124 throno
1660 1068 1816 1122 sede-

210 1163 309 1218 bat
332 1165 482 1234 regio
506 1165 876 1220 assistentibus
895 1165 942 1220 ei
968 1165 1171 1234 angelis
1198 1173 1251 1218 et
1278 1164 1396 1218 aliis
1425 1161 1814 1233 potestatibus;

210 1269 382 1308 omne
409 1255 593 1309 vitium
625 1253 938 1326 fugabarur,
969 1256 1138 1310 virtus
1165 1255 1554 1322 reducebatur,
1585 1255 1814 1326 Spiritus

206 1347 389 1417 gratia
415 1347 661 1415 dabatur,
707 1348 1020 1418 piscatores,
1045 1349 1342 1420 publicani,
1368 1357 1425 1404 et
1467 1349 1686 1418 Opilices
1733 1357 1815 1402 ta-

210 1440 635 1495 bernaculorum
660 1455 753 1494 ora
784 1440 1114 1510 pltilOSOphis
1141 1440 1512 1506 obstruebant,
1538 1449 1812 1495 oratorum

206 1529 455 1600 linguam
485 1529 848 1597 confutabant,
882 1532 1184 1586 daemonum
1220 1532 1530 1586 evertebant
1572 1533 1810 1602 tyranni-

208 1621 378 1686 dem;
405 1623 680 1692 gentilium
704 1623 912 1689 altaria,
941 1624 1154 1694 templa,
1189 1623 1341 1690 festa,
1375 1632 1430 1682 ct
1459 1623 1652 1694 publici
1682 1639 1811 1679 con-

207 1723 410 1768 ventus
463 1713 869 1780 abolebantur;
928 1715 1121 1782 nidor,
1169 1725 1222 1770 et
1269 1713 1484 1780 fumus,
1540 1724 1595 1770 et
1647 1716 1811 1786 impia

206 1804 478 1861 sacriﬁcia
522 1806 698 1860 omnia
727 1821 824 1876 per
858 1806 966 1861 vim
1002 1806 1378 1878 exigebantur;
1403 1816 1584 1873 vates,
1613 1817 1808 1863 metra-

206 1906 386 1968 εει-ιω
417 1897 516 1968 (a),
543 1911 772 1968 augures
800 1907 856 1953 et
897 1898 1143 1953 universa
1174 1897 1368 1953 diaboli
1398 1897 1611 1954 ofﬁcina
1638 1899 1807 1968 fngie-

208 1990 343 2047 bant
370 2033 386 2058 ,
418 1990 673 2046 Ecclesiae
702 1992 896 2064 ubique
921 2001 1183 2047 terrarum
1223 1991 1592 2062 germinabant
1610 2035 1626 2058 ,
1653 1993 1808 2047 chori

204 2082 478 2152 virginum
503 2083 892 2150 consistebant,
924 2090 981 2139 et
1001 2083 1382 2139 monachorum
1407 2084 1652 2152 ordines,
1683 2100 1804 2139 eum

199 2173 518 2230 civitatibus
544 2173 814 2230 desertum
857 2191 1070 2246 quoque
1117 2175 1434 2246 implebatur
1461 2177 1690 2244 pietate,
1718 2176 1806 2246 ju-

201 2276 527 2338 storumque
554 2278 608 2324 et
623 2277 928 2323 sanctorum
956 2270 1192 2325 virorum
1218 2279 1421 2324 stantes
1447 2269 1594 2326 chori
1616 2285 1810 2340 super-

201 2360 294 2414 nis
337 2359 651 2429 angelorum
709 2361 1056 2431 potestatibus
1111 2361 1165 2416 in
1217 2361 1491 2418 modulato
1537 2372 1802 2418 concentu

195 2451 642 2522 respondebant,
672 2462 726 2508 et
769 2453 936 2508 turbae
966 2465 1256 2526 martyrum
1277 2495 1292 2521 ,
1325 2465 1379 2510 et
1405 2464 1638 2510 caterva:
1673 2470 1806 2509 cou-

205 2543 472 2599 fessarum
503 2545 698 2614 ubique
729 2554 986 2600 terrarum
1019 2546 1408 2615 plantabantur,
1443 2548 1650 2602 virtutis
1687 2556 1803 2602 erat

203 2633 412 2690 faustus
449 2650 572 2691 cum
603 2635 852 2692 facilitate
893 2653 1208 2704 successus,
1238 2639 1582 2694 barbarorum
1612 2649 1800 2709 gentes

201 2725 540 2782 docebantur
571 2728 994 2799 philosophiam,
1023 2739 1077 2784 et
1104 2731 1192 2799 qui
1241 2742 1393 2786 erant
1424 2731 1504 2785 vel
1550 2733 1673 2786 feris
1701 2733 1800 2786 im-

196 2819 510 2885 maniores,
542 2821 625 2875 vel
669 2837 790 2875 cum
823 2822 949 2891 ipsis
986 2821 1188 2892 angelis
1239 2822 1480 2877 instituto
1527 2823 1646 2879 vita:
1687 2839 1798 2879 sua:

191 2910 622 2978 contendebant,
649 2922 701 2966 et
729 2922 984 2983 quantum
1013 2921 1168 2968 terra:
1206 2915 1287 2969 sol
1328 2916 1563 2984 respicit,
1591 2927 1795 2973 tantum

193 3003 423 3056 verbum
455 3005 685 3071 pervasit
714 3013 832 3073 post
855 3016 1066 3060 crucem
1088 3014 1142 3060 et
1170 3007 1632 3063 resurrecﬁonem.
1663 3008 1796 3076 Qua:

195 3095 380 3148 omnia
428 3093 568 3162 apud
611 3107 671 3148 se
719 3095 955 3166 cogitans
1003 3097 1256 3167 propheta
1280 3140 1296 3166 ,
1326 3098 1539 3155 dicebat
1568 3118 1581 3154 :
1612 3099 1796 3155 Tecum

188 3183 527 3252 principatus
541 3183 592 3238 in
613 3185 695 3239 die
722 3189 956 3256 polentia:
983 3200 1100 3244 tum.

273 3274 332 3330 6.
373 3275 526 3344 Quod
552 3279 594 3332 si
625 3279 756 3332 velis
789 3281 1022 3335 futurum
1054 3297 1265 3352 quoque
1299 3282 1440 3338 diem
1479 3284 1664 3340 videre
1686 3326 1702 3352 ,
1741 3293 1796 3342 ct

190 3367 338 3422 scire
364 3369 632 3438 quomodo
660 3371 749 3426 ille
777 3373 937 3427 etiam
967 3373 1080 3428 dies
1109 3384 1191 3428 est
1227 3375 1343 3445 ejus
1373 3377 1622 3445 potentia:
1648 3419 1664 3443 ,
1696 3393 1796 3432 co-

189 3462 298 3530 gita
327 3461 476 3531 apud
506 3472 556 3518 te
580 3506 596 3529 ,
621 3474 874 3534 quantmn
911 3467 980 3520 sit
1003 3467 1186 3521 videre
1210 3468 1399 3522 cadum
1427 3469 1666 3524 contrahi
1693 3511 1710 3536 ,
1739 3478 1794 3525 et

193 3553 506 3607 universam
558 3565 796 3609 naturam
846 3566 1150 3627 corruptam
1198 3573 1514 3630 resurgere,
1563 3570 1618 3614 et
1659 3569 1792 3616 nutu

189 3659 383 3699 omnes
411 3645 605 3701 adesse
628 3687 643 3711 ,
675 3647 943 3703 diabolum
986 3649 1191 3718 pudore
1217 3649 1448 3706 suﬁ'undi
1473 3692 1488 3716 ,
1519 3652 1790 3708 daemones

187 3736 426 3791 demisso
453 3740 634 3806 capite
660 3754 778 3794 esse
799 3782 814 3808 ,
842 3740 1017 3810 justos
1045 3742 1326 3808 coronari,
1360 3757 1791 3813 unumquemque

187 3829 321 3886 dare
345 3831 612 3886 rationem
638 3848 856 3888 suorum
883 3834 1232 3902 delictorum,
1261 3846 1316 3891 et
1345 3851 1439 3904 pro
1465 3846 1610 3891 recte
1637 3837 1790 3892 factis

178 3925 444 3992 accipere
465 3926 764 3994 pra:mium,
787 3941 908 3983 esse
927 3929 1146 3984 alterius
1170 3929 1289 3984 vita:
1313 3930 1744 3985 constitutionem
1771 3950 1785 3985 :

181 4031 295 4071 nou
322 4017 471 4075 enim
499 4019 726 4088 amplius
756 4035 900 4075 mors
919 4061 934 4088 ,
969 4023 1186 4077 morbus
1213 4032 1268 4078 et
1291 4025 1519 4088 senium,
1547 4043 1651 4080 non
1675 4041 1789 4080 am-

185 4107 329 4179 plius
351 4120 660 4180 paupertas,
684 4111 878 4167 damna
901 4125 956 4168 et
982 4114 1216 4182 insidiae,
1247 4130 1352 4170 non
1373 4117 1599 4186 amplius
1618 4117 1792 4171 domi-

184 4201 310 4255 cilia
337 4210 395 4256 et
418 4202 666 4258 civitates
688 4246 702 4267 ,
729 4215 872 4260 artes
908 4215 961 4260 et
993 4207 1355 4276 navigationes
1373 4249 1390 4274 ,
1422 4224 1527 4263 non
1557 4209 1789 4279 amplius

186 4291 419 4346 vestium
445 4294 694 4361 amictus,
725 4296 828 4350 cibi
857 4305 912 4352 et
939 4308 1114 4366 potus,
1150 4308 1285 4354 tecta
1315 4307 1371 4354 et
1396 4300 1610 4367 cubilia,
1638 4317 1793 4357 men-

184 4398 266 4440 sae
289 4393 344 4438 et
371 4385 638 4453 lucernaz;
668 4403 772 4442 nou
795 4389 1021 4458 amplius
1042 4389 1267 4462 insidiae,
1292 4406 1480 4461 pugna:
1501 4401 1554 4446 et
1567 4391 1787 4462 judicia,

188 4487 297 4530 non
341 4475 578 4546 amplius
624 4479 999 4548 matrimonia,
1047 4461 1369 4551 doloresque
1413 4461 1691 4551 pariendi,
1735 4491 1792 4538 et

188 4577 408 4637 partus;
441 4569 538 4623 sed
567 4568 680 4624 hazc
704 4571 880 4625 omnia
907 4583 1172 4642 tamquam
1201 4572 1371 4642 pulvis
1399 4573 1636 4643 jactatus
1667 4589 1794 4629 eva-

189 4669 422 4714 nescunt
445 4701 461 4725 ,
489 4670 544 4715 et
578 4661 713 4716 alius
757 4663 1093 4731 przestantior
1137 4663 1261 4718 vitae
1298 4673 1469 4719 status
1507 4665 1748 4720 redditur
1771 4705 1790 4733 ,

186 4764 311 4805 cum
352 4751 684 4807 concedatur
708 4754 958 4824 corpori,
991 4763 1049 4809 ut
1079 4756 1149 4810 sit
1173 4755 1241 4810 ab
1271 4756 1484 4811 interitu
1513 4757 1745 4811 alienum
1770 4798 1788 4824 ,

185 4845 516 4911 immortale,
564 4857 620 4900 et
659 4861 848 4918 magna
895 4849 966 4903 sit
1007 4857 1274 4918 potestate
1311 4849 1616 4918 praeditum.
1660 4849 1792 4918 Quae

186 4937 396 4993 Paulus
436 4938 740 5009 signiﬁcans
762 4982 779 5007 ,
826 4940 1037 4997 dicebat
1077 4959 1092 4998 :
1138 4941 1373 4997 Praeterit
1412 4942 1578 5012 ﬁgura
1614 4942 1792 4996 mundi

185 5031 342 5102 hujus
359 5029 442 5100 (l.
465 5031 586 5089 Cor.
610 5035 662 5088 7.
686 5035 801 5106 51).
831 5035 984 5100 Quod
1008 5036 1052 5090 si
1079 5050 1184 5090 non
1211 5034 1377 5091 babes
1401 5035 1560 5090 ﬁdem
1583 5035 1647 5090 iis
1670 5051 1792 5107 quae

186 5124 327 5180 dicta
361 5132 508 5193 sunt,
539 5129 791 5197 quoniam
819 5144 879 5184 ea
911 5143 1017 5183 non
1045 5128 1197 5185 vides
1221 5130 1526 5200 praesentia,
1553 5145 1620 5186 ex
1649 5145 1788 5200 prte-

188 5217 440 5273 cenlibus
465 5235 616 5276 sume
638 5232 1011 5292 argumentum
1037 5222 1104 5276 de
1132 5221 1344 5278 futuris.
1372 5223 1611 5279 Pervade
1636 5224 1792 5278 ratio-

188 5325 258 5366 ne
285 5312 594 5367 universum
621 5312 826 5380 orbem,
856 5321 1074 5381 terram,
1098 5329 1266 5380 mare,
1291 5313 1573 5384 Grrcciam,
1603 5316 1792 5371 barba-

189 5417 378 5460 rorum
416 5405 576 5462 sedes
598 5447 614 5474 ,
655 5416 852 5462 terram
896 5407 1238 5464 habitabilem
1267 5415 1322 5464 et
1348 5408 1746 5466 iuhabitabilem
1771 5450 1787 5476 ,

256 5541 277 5603 ε
312 5547 430 5603 neg.
450 5576 466 5599 ,
491 5539 889 5592 obscurabuntur.

253 5601 327 5663 (α)
359 5601 666 5671 lietragyrtte
690 5617 702 5652 :
726 5605 768 5671 ii
787 5610 928 5654 erant
963 5605 1048 5668 qui
1088 5618 1175 5671 pro
1207 5619 1383 5669 magna
1415 5615 1572 5658 matre
1604 5607 1792 5671 Cybele

199 5668 371 5725 stipem
407 5669 692 5728 cogebant:
723 5666 935 5734 ideoque
971 5666 1272 5734 vocabantur
1291 5666 1617 5734 'metragyrtze
1643 5666 1658 5720 Ξ
1684 5685 1793 5734 me:-

201 5734 409 5794 πρίω-ιε
442 5727 644 5790 quoque
678 5727 1073 5793 appellabantur,
1097 5730 1212 5794 quia
1235 5730 1442 5794 singulis
1463 5727 1714 5784 mensibus
1746 5733 1791 5785 id

199 5791 330 5848 dicit
355 5795 696 5862 premebam,

1351 303 1716 363 EXPOSITIO
1753 301 1820 360 ΙΝ
1857 301 2181 360 PSALMUM
2215 302 2352 362 CIX.

3414 308 3519 364 274

1934 415 2094 471 urbes
2119 432 2238 487 qua:
2261 427 2386 474 sunt
2415 419 2466 474 in
2494 429 2655 488 terra,
2685 422 2885 480 insulas
2905 439 3025 497 qua:
3051 426 3103 482 in
3132 427 3287 493 mari,
3313 437 3524 488 montes

1875 529 1880 534 -
1929 505 2160 578 denique
2199 518 2255 564 et
2291 511 2457 565 saltus
2487 530 2500 566 :
2532 523 2584 568 et
2614 529 2733 569 cum
2764 515 2959 572 videris
2988 517 3182 590 ubique
3205 519 3404 576 Christi
3432 538 3522 576 re-

1928 596 2108 655 lucere
2151 602 2439 670 potentiam
2464 645 2480 670 ,
2525 619 2818 676 omnesque
2865 610 3363 676 prtestantissimum
3407 612 3523 681 ejus

1928 705 2122 746 nomen
2147 692 2459 762 prmdicare,
2487 705 2672 765 reputa
2697 698 2836 766 apud
2869 706 2941 765 te,
2970 715 3092 755 eum
3113 701 3203 771 qui
3226 710 3305 756 tot
3331 711 3386 757 et
3407 713 3492 758 lar.
3511 730 3525 744 -

1929 791 1979 838 ta
2008 787 2197 853 potuit,
2230 787 2390 841 etiam
2423 786 2596 842 futura
2628 789 2917 859 pollicitum
2949 808 3089 847 esse.

1997 875 2436 948 Peregrinationes
2461 880 2529 932 ad
2555 881 2667 933 loca
2691 891 2888 934 sancta.
2907 882 3043 937 Laus
3069 886 3252 939 crucis.
3275 916 3346 926 —
3365 885 3518 954 Quod

1923 968 1968 1023 si
1999 983 2064 1022 ex
2094 976 2242 1038 parte
2271 985 2484 1040 quoque
2513 971 2645 1025 velis
2671 983 3040 1041 argumentum
3069 991 3283 1032 sumere
3303 1019 3317 1041 ,
3344 978 3516 1047 cogita

1922 1076 2150 1132 quanam
2179 1062 2246 1118 de
2271 1078 2430 1117 causa
2465 1064 2748 1119 universus
2777 1064 2921 1122 orbis
2961 1075 3118 1120 terra:
3153 1070 3424 1123 concurrit
3448 1069 3516 1122 ad

1922 1155 2206 1210 videndqu
2245 1157 2546 1225 sepulcrum
2585 1157 2726 1227 quod
2769 1169 2912 1213 caret
2958 1173 3183 1229 corpore
3222 1176 3510 1230 :quarnam

1920 1256 2160 1317 potestas
2199 1246 2360 1302 trahit
2391 1264 2485 1303 cos
2526 1249 2614 1318 qui
2651 1248 2891 1304 habitant
2932 1251 2983 1304 iu
3025 1251 3281 1306 extremis
3319 1253 3513 1307 ﬁnibus

1920 1348 2098 1405 terrae,
2129 1349 2186 1395 ut
2214 1340 2428 1396 videant
2458 1342 2546 1397 ubi
2573 1351 2726 1396 natus
2753 1353 2833 1398 est
2852 1384 2868 1410 ,
2900 1343 2990 1398 ubi
3017 1345 3256 1415 sepultus
3279 1354 3393 1412 est,
3424 1347 3514 1400 ubi

1918 1433 2223 1487 cruciﬁxus.
2246 1432 2540 1490 Considera
2565 1445 2778 1505 quantm
2803 1437 2872 1490 sit
2894 1439 3141 1506 potentiae
3164 1438 3372 1509 signum
3401 1439 3515 1507 ipsa

1916 1537 2068 1578 crux.
2120 1524 2246 1579 Haec
2272 1526 2415 1580 enim
2446 1542 2574 1582 crux
2607 1539 2763 1582 antea
2801 1537 2917 1584 erat
2961 1544 3106 1584 mors
3146 1531 3469 1587 exsecranda
3491 1573 3510 1596 ,

1917 1629 2063 1668 mors
2102 1616 2374 1684 opprobrii
2412 1627 2467 1672 et
2505 1617 2808 1687 ignominia:
2847 1619 3006 1688 plena
3032 1661 3049 1685 ,
3091 1636 3234 1674 mors
3273 1621 3516 1696 omnium

1917 1706 2241 1776 turpissima.
2271 1706 2376 1761 Sed
2403 1722 2529 1762 ecce
2555 1724 2697 1763 nunc
2736 1710 2849 1780 ipsa
2878 1710 2985 1764 vita
3021 1710 3189 1766 evasit
3218 1710 3509 1766 honorabi-

1914 1795 2014 1849 lior
2033 1839 2048 1864 ,
2076 1807 2131 1852 et
2157 1798 2516 1868 splendidior,
2543 1807 2597 1855 et
2628 1815 2815 1855 omnes
2843 1817 2960 1855 eam
2992 1801 3043 1856 iu
3073 1801 3246 1857 fronte
3275 1803 3510 1857 circum-

1912 1887 2167 1956 ferimus,
2197 1907 2304 1945 non
2333 1891 2508 1946 solum
2540 1907 2644 1946 non
2687 1893 3065 1948 erubescentes
3088 1935 3102 1959 ,
3133 1894 3227 1949 sed
3255 1909 3316 1949 ea
3347 1895 3508 1950 etiam

1911 1979 2218 2050 gloriantes.
2245 1981 2362 2036 Non
2389 1983 2530 2037 enim
2558 1984 2730 2038 solum
2761 1985 2970 2052 privati,
3003 1986 3096 2040 sed
3127 1995 3182 2040 et
3208 1987 3240 2039 ii
3268 1988 3355 2056 qui
3383 1996 3508 2041 sunt

1911 2068 2208 2126 diademate
2240 2071 2470 2127 redimiti
2494 2115 2507 2137 ,
2535 2088 2652 2128 eam
2683 2074 2857 2144 potius
2885 2075 2936 2128 in
2967 2073 3139 2130 fronte
3165 2085 3370 2145 gestant
3405 2076 3504 2148 (α),

1909 2177 2069 2233 quam
2116 2163 2395 2228 diadema;
2439 2174 2494 2219 et
2522 2164 2713 2219 merito
2756 2164 2968 2235 quidem
3006 2184 3020 2220 :
3051 2174 3136 2220 est
3162 2167 3304 2221 enim
3344 2167 3504 2221 innu-

1910 2257 2072 2312 meris
2102 2255 2488 2312 diadematibus
2523 2258 2730 2313 melior.
2771 2257 3018 2312 Diadema
3053 2259 3196 2313 enim
3233 2270 3387 2314 ornat
3409 2275 3504 2314 ca-

1908 2357 1998 2418 put
2032 2365 2046 2402 :
2077 2362 2209 2402 crux
2237 2357 2415 2403 autem
2457 2350 2630 2403 munit
2660 2360 2916 2404 mentem.
2965 2349 3042 2404 Ea
3072 2349 3342 2404 daemones
3367 2351 3503 2405 ulci-

1907 2441 2090 2506 scitur,
2120 2455 2182 2496 ea
2207 2440 2452 2496 diadema
2478 2449 2580 2508 est,
2605 2441 2746 2513 quod
2778 2441 2913 2498 tollit
2940 2443 3155 2496 morbos
3180 2444 3408 2509 animre;
3437 2459 3502 2499 ea

1905 2543 1988 2587 est
2013 2541 2281 2588 armatura
2309 2533 2523 2601 invicta,
2547 2549 2610 2590 ea
2636 2549 2822 2590 murus
2851 2535 3304 2604 inexpugnabilis;
3328 2551 3390 2590 ea
3417 2547 3502 2592 est

1905 2625 2293 2680 munimentum
2325 2626 2678 2697 insuperabile
2708 2645 2720 2682 :
2753 2642 2871 2697 qua:
2902 2642 3006 2682 non
3038 2626 3210 2682 solum
3241 2627 3499 2682 barbaro-

1903 2732 2021 2771 rum
2047 2717 2369 2787 irruptiones
2396 2731 2450 2774 et
2476 2719 2807 2774 incursiones
2837 2718 3070 2774 hostium
3091 2761 3108 2786 ,
3141 2719 3233 2775 sed
3260 2720 3497 2792 ipsorum

1903 2807 2063 2862 etiam
2093 2807 2401 2864 immanium
2432 2808 2732 2864 daemonum
2764 2809 3056 2880 phalanges
3083 2810 3397 2881 perrumpit.
3428 2809 3497 2865 1η

1901 2901 2251 2971 εριρηιιοήὸαε
2275 2912 2584 2957 sanctorum.
2619 2903 2788 2968 Alius,
2817 2901 2884 2955 In
2911 2903 3089 2957 decore
3115 2903 3298 2958 sancti.
3321 2903 3495 2968 Alius,

1901 2989 1968 3046 In
1998 2994 2163 3064 glon'a
2191 3004 2500 3050 sanctorum.
2530 2994 2718 3048 Adhuc
2741 2994 2971 3064 loquitur
2995 2994 3061 3048 de
3087 2993 3173 3049 die
3197 2995 3493 3064 praesenti,

1900 3094 1954 3140 et
1982 3085 2047 3140 de
2074 3085 2271 3139 futuro.
2319 3085 2673 3155 Splendorem
2700 3095 2876 3140 autem
2909 3085 2995 3139 hic
3022 3084 3153 3140 dicit
3179 3093 3488 3139 sanctorum

1899 3176 2370 3249 pulchritudinem.
2420 3176 2556 3244 Quid
2605 3185 2688 3231 est
2732 3176 2874 3231 enim
2916 3175 3083 3230 Paulo
3121 3175 3495 3246 splendidius?

1899 3269 2025 3340 quid
2056 3269 2213 3324 Petro
2241 3267 2542 3338 insignius?
2567 3268 2654 3338 qui
2687 3268 2990 3323 universum
3015 3267 3198 3322 orbem
3229 3277 3492 3322 terrarum

1896 3371 2268 3434 pervaserunt,
2300 3363 2380 3416 vel
2411 3363 2523 3418 sole
2551 3362 2806 3417 clariores
2830 3404 2844 3426 ,
2878 3362 3089 3432 pictatis
3118 3363 3319 3417 semina
3348 3361 3489 3432 deji-

1898 3455 2143 3510 cientes?
2171 3455 2400 3511 Perinde
2426 3455 2567 3509 enim
2593 3469 2655 3509 ac
2685 3455 2728 3508 si
2760 3453 2982 3510 fuissent
3004 3454 3176 3526 angeli
3197 3456 3286 3525 qui
3309 3472 3339 3510 e
3359 3454 3494 3509 cmlo

1895 3548 2319 3616 descendisseut,
2345 3549 2412 3603 ita
2436 3559 2588 3604 erant
2606 3551 2852 3604 omnibus
2875 3550 3152 3603 inacccssi.
3179 3549 3287 3603 lloc
3309 3559 3492 3604 osten-

1895 3642 2025 3697 deus
2042 3645 2130 3713 qui
2151 3643 2341 3697 librum
2358 3643 2580 3697 Actuum
2603 3643 2924 3711 composuit,
2944 3643 3152 3696 dicebat
3171 3661 3185 3696 :
3206 3640 3368 3696 Nemo
3386 3658 3486 3694 au-

1895 3733 2043 3789 debat
2068 3752 2120 3789 se
2145 3736 2452 3805 conjungere
2471 3734 2541 3788 eis
2563 3734 2701 3804 (Act.
2725 3734 2778 3788 5.
2804 3735 2912 3803 15).
2932 3733 3386 3802 Etenimipsorum
3401 3749 3495 3788 ve-

1895 3816 2007 3884 stes
2021 3837 2173 3894 erapt
2189 3827 2362 3898 plenae
2377 3842 2563 3897 magna
2580 3826 2744 3897 gratia
2756 3869 2768 3892 ,
2783 3835 2836 3880 et
2852 3826 3052 3880 umbra:
3076 3841 3359 3895 corporum
3388 3841 3495 3879 ma-

1893 3935 2051 3991 gnam
2065 3920 2418 3975 ostendebant
2435 3919 2720 3990 potentiam
2739 3917 3106 3990 (Ib.v.15,etc.
3126 3918 3208 3973 19.
3226 3917 3493 3986 l2).Quod

1893 4013 1939 4067 si
1968 4012 2054 4066 hic
2078 4012 2210 4067 tales
2236 4019 2408 4076 erant,
2426 4010 2595 4080 cogita
2609 4010 2736 4065 mihi
2757 4025 2822 4065 eo
2837 4009 2944 4077 die,
2963 4009 3175 4080 quando
3191 4010 3258 4065 ab
3277 4010 3490 4065 interitu

1894 4106 2066 4160 aliena
2087 4119 2311 4175 corpora
2333 4104 2666 4174 acceperint,
2685 4103 2897 4174 quando
2918 4103 3258 4170 immortalia,
3280 4102 3494 4174 quando

1893 4212 2108 4253 omnem
2137 4197 2226 4268 qui
2265 4196 2476 4252 videtur
2513 4195 2854 4265 splendorem
2890 4195 3228 4267 superantia,
3271 4195 3488 4266 quinam

1895 4298 2050 4345 erunt
2067 4290 2099 4344 ii
2121 4331 2136 4355 ,
2155 4298 2208 4344 et
2224 4289 2313 4358 qui
2333 4287 2529 4344 fuerint
2542 4289 2621 4344 eis
2634 4288 2856 4353 similes,
2878 4287 3152 4358 prepheta:
3167 4297 3218 4343 et
3235 4287 3488 4358 apostoli,
3513 4283 3516 4286 ’

1894 4391 1947 4436 et
1971 4380 2102 4450 justi
2131 4388 2186 4436 et
2209 4388 2491 4452 martyres,
2520 4388 2572 4434 et
2599 4379 2952 4443 confessores,
2985 4388 3038 4432 et
3063 4392 3250 4431 omnes
3275 4378 3362 4447 qui
3396 4392 3494 4446 per

1895 4471 2150 4541 Optimam
2181 4470 2304 4525 vitae
2330 4469 2718 4524 institutionem
2752 4469 2802 4522 in
2832 4467 2934 4522 ﬁde
2959 4467 3156 4521 Christi
3187 4465 3383 4521 fuerint
3409 4466 3494 4521 in-

1894 4565 2093 4635 signes.
2123 4561 2306 4632 Cogita
2339 4562 2469 4617 mihi
2499 4562 2617 4616 illos
2649 4561 2873 4631 populos
2893 4602 2907 4625 ,
2940 4559 3246 4630 lampades,
3277 4559 3490 4628 radios,

1895 4654 2118 4725 gloriam
2145 4694 2160 4718 ,
2192 4653 2443 4708 decorem
2469 4693 2485 4718 ,
2520 4651 2758 4706 laetitiam
2783 4693 2800 4716 ,
2838 4649 3030 4706 festum
3060 4649 3491 4706 celeberrimum.

1894 4743 2151 4811 Quisnam
2191 4741 2309 4797 lucc
2345 4740 2669 4811 eXplicabit?
2709 4739 2864 4794 Nulla
2903 4739 3117 4811 quidem
3147 4741 3352 4808 oratio;
3395 4741 3520 4796 sed

1894 4835 2007 4890 sola
2029 4833 2356 4904 experientia
2374 4839 2557 4903 aperte
2577 4831 2790 4888 docebit
2813 4847 2925 4898 eos,
2945 4834 3032 4903 qui
3061 4833 3163 4888 hoc
3183 4834 3492 4904 spectaculo

1895 4925 2041 4998 digni
2062 4925 2278 4990 fuerint,
2303 4933 2506 4980 tantum
2529 4925 2890 4996 splendorem.
2915 4925 3141 4982 Perinde
3166 4927 3310 4982 enim
3332 4942 3494 4982 even-

1897 5028 2072 5074 turum
2114 5017 2364 5072 existimo
2387 5059 2402 5082 ,
2442 5032 2506 5072 ac
2534 5017 2578 5073 si
2608 5017 2760 5072 multi
2788 5019 2932 5074 soles
2957 5019 3008 5073 in
3039 5017 3172 5074 cazlo
3201 5017 3445 5074 fulserint
3470 5060 3488 5086 ,

1896 5110 1983 5165 vel
2015 5111 2058 5164 si
2087 5109 2385 5180 frequentia
2417 5107 2620 5181 fulgura
2653 5128 2667 5165 :
2693 5109 2778 5165 vel
2809 5110 2984 5180 potius
3007 5108 3378 5180 quodcumque
3403 5109 3489 5164 di-

1895 5217 2050 5268 xero,
2071 5201 2400 5257 contendens
2416 5201 2700 5258 ostendere
2718 5201 2862 5256 illam
2891 5200 3361 5270 pulchritudinem,
3389 5201 3494 5255 mi-

1896 5294 2040 5351 nime
2067 5304 2252 5364 potero
2279 5293 2459 5349 dicere
2501 5307 2599 5363 pro
2628 5293 2707 5348 rei
2734 5293 3008 5362 dignitate.
3041 5290 3177 5346 Sunt
3203 5293 3345 5348 enim
3374 5293 3490 5348 haec

1895 5385 2074 5441 omnia
2105 5385 2348 5454 exempla
2377 5384 2677 5454 corporalia
2707 5401 2720 5438 :
2755 5383 3005 5453 Splendor
3032 5391 3208 5437 autem
3235 5427 3250 5449 ,
3280 5393 3334 5439 et
3371 5399 3493 5454 quae

1897 5485 2023 5533 tunc
2046 5476 2154 5531 illic
2179 5474 2353 5530 futura
2379 5482 2463 5529 est
2486 5474 2652 5544 gloria
2674 5513 2688 5538 ,
2721 5487 2933 5527 omnem
2961 5472 3220 5542 ejusmodi
3249 5473 3488 5544 pulchri-
3523 5465 3525 5468 ’

1959 5608 2035 5672 (τι)
2079 5604 2332 5676 singulare
2377 5610 2456 5655 est
2493 5603 2626 5676 quod
2670 5603 2749 5676 hic
2785 5605 2854 5676 ait
2895 5601 3289 5676 Chrysostomus,
3319 5619 3496 5658 omnes

1897 5665 2094 5722 crucem
2117 5665 2354 5732 iti'l'ronte
2377 5681 2466 5717 suo
2484 5665 2713 5732 tempore
2736 5665 2928 5726 tulisse,
2946 5665 3193 5729 etiamque
3214 5665 3495 5732 imperato-

1899 5747 2014 5794 res;
2037 5739 2177 5782 certe
2201 5729 2434 5779 Helenam
2468 5728 2735 5790 Augustam
2768 5740 2961 5778 crucem
2995 5740 3142 5840 supra
3176 5728 3376 5794 globum
3405 5746 3498 5795 ge-

1902 5804 2112 5840 stantem
2133 5793 2356 5840 videmus
2379 5792 2428 5840 in
2453 5791 2689 5840 Autiouit.
2716 5797 2881 5840 nostra
2897 5798 3028 5840 Tom.
3083 5825 3097 5840 .

1824 5820 1829 5824 -
1902 5791 2112 5848 stantem
2133 5793 2356 5845 videmus
2379 5792 2428 5844 in
2453 5791 2689 5856 Autiquit.
2716 5797 2881 5844 nostra
2897 5798 3028 5840 Tom.
