4064 6438
625 313 715 388 ιτδ

608 450 849 506 tudinem
877 447 1041 520 longo
1065 445 1346 502 intervallo
1372 445 1662 516 superabit.
1708 444 1824 498 Non
1860 445 2030 499 solum
2061 444 2204 498 enim

607 550 768 595 erunt
795 539 863 594 ab
894 539 1112 594 interitu
1137 538 1306 592 aliena
1327 579 1342 602 ,
1374 546 1428 591 et
1465 536 1786 590 immortalia
1815 550 2038 606 corpora
2065 578 2080 602 ,
2111 534 2204 589 sed
2240 522 2254 541 ⁵

609 640 739 686 tunc
763 631 922 686 etiam
953 630 1238 685 induentur
1263 629 1430 700 gloria
1457 629 1731 683 ineffabili.
1762 627 1827 682 In
1853 628 2206 699 splendoribus

608 731 919 776 sanctorum.
949 721 1021 777 Ut
1057 721 1307 776 ostendat
1343 735 1464 774 eum
1502 735 1605 775 non
1637 721 1930 775 terribilem
1958 735 2079 775 esse
2111 735 2202 773 so-

608 814 716 870 lum
739 856 756 882 ,
781 814 1017 869 ostendit
1042 814 1160 883 ejus
1188 811 1648 868 mansuetudinem
1678 821 1732 867 et
1759 809 2160 866 beneﬁcentiam
2185 852 2200 877 ,

604 913 833 968 dicens:
864 910 930 966 In
965 909 1318 982 splendoribus
1356 919 1664 962 sanctorum.
1699 907 1768 962 Et
1805 907 1907 962 hoc
1944 915 2028 961 est
2062 906 2204 961 illius

606 1006 882 1078 potentiae,
905 1021 999 1060 eos
1028 1005 1165 1061 adeo
1190 1006 1364 1060 claros
1387 1004 1611 1059 reddere
1635 1020 1649 1057 :
1675 1003 1814 1073 quod
1842 1001 2040 1058 Paulus
2065 1019 2199 1073 quo-

601 1113 708 1168 que
750 1097 1097 1168 signiﬁcans,
1137 1095 1350 1151 dicebat
1387 1112 1402 1149 :
1450 1096 1550 1163 Qui
1591 1093 1968 1166 transformabit
2010 1107 2202 1162 corpus

603 1187 906 1242 humilitatis
939 1197 1124 1242 nostrae
1147 1229 1164 1256 ,
1195 1196 1250 1241 ut
1278 1187 1462 1256 ﬁamus
1487 1189 1772 1258 conformes
1795 1185 1997 1254 corpori
2023 1184 2201 1256 gloria:

601 1275 966 1354 ejuslP/rilip.
995 1282 1048 1336 3.
1071 1281 1188 1350 21).

674 1375 730 1428 7.
772 1373 979 1430 Deinde
1005 1373 1257 1444 quoniam
1284 1387 1396 1427 rem
1424 1369 1632 1425 dixerat
1657 1383 1904 1440 magnam
1928 1377 1982 1425 et
2009 1367 2200 1424 inell‘a-

605 1465 766 1521 bilem
787 1507 803 1532 ,
832 1464 1112 1535 subjunxit
1150 1481 1165 1519 :
1212 1463 1506 1519 Secundum
1545 1463 1885 1532 Operationem
1909 1477 2010 1531 qua
2038 1467 2201 1531 potest

604 1557 777 1611 omnia
799 1556 894 1610 sibi
922 1556 1186 1626 subjicere.
1229 1555 1306 1611 Ne
1331 1569 1543 1626 quaeras
1565 1594 1582 1620 ,
1615 1555 1819 1625 inquit,
1851 1553 2122 1624 quomodo
2146 1560 2202 1606 et

603 1661 832 1717 quanam
871 1649 1100 1702 ratione.
1151 1647 1336 1702 Potest
1369 1646 1509 1701 enim
1540 1659 1888 1715 quaecumque
1914 1643 2043 1698 vult.
2092 1642 2200 1698 Sed

605 1752 773 1806 quare
816 1753 924 1792 non
963 1738 1134 1804 dixit,
1169 1737 1224 1792 In
1262 1737 1547 1807 splendore
1581 1745 1889 1791 sanctorum
1914 1776 1929 1800 ,
1963 1735 2055 1790 sed
2079 1775 2092 1801 ,
2133 1733 2200 1789 In

603 1830 957 1900 splendoribus
972 1829 1132 1904 (Ibid.
1143 1833 1160 1901 )
1172 1831 1196 1884 ?
1209 1831 1338 1898 Quia
1355 1831 1516 1885 multa
1531 1838 1715 1884 suntet
1729 1829 1937 1884 diversa
1958 1828 2196 1898 praemia.

603 1923 722 1976 Alia
748 1933 821 1978 est
862 1925 993 1977 enim
1034 1925 1197 1995 gloria
1222 1924 1342 1978 solis
1367 1965 1384 1990 ,
1415 1933 1462 1976 et
1492 1922 1595 1975 alia
1623 1922 1786 1993 gloria
1815 1921 1952 1975 luna:
1977 1937 1996 1975 :
2021 1930 2067 1974 et
2096 1920 2202 1975 alia

605 2014 768 2082 gloria
792 2015 1069 2069 stellarum.
1097 2013 1164 2069 Ut
1187 2014 1322 2068 enim
1346 2013 1494 2067 stella
1514 2029 1546 2067 a
1568 2012 1715 2067 stella
1740 2011 1912 2078 di/Tert
1936 2012 1988 2064 in
2010 2010 2196 2082 gloria,

603 2106 676 2158 ita
701 2106 795 2158 erit
820 2145 834 2170 ,
869 2105 1036 2176 inquit
1059 2148 1075 2172 ,
1103 2107 1254 2160 etiam
1282 2107 1578 2160 resurrectio
1606 2115 1920 2160 mortuorum
1946 2105 1965 2176 (
1990 2105 2042 2160 1.
2074 2103 2194 2159 Cor.

605 2197 694 2252 15.
725 2198 786 2253 εΗ
903 2199 968 2253 Et
997 2197 1241 2254 Christus
1271 2215 1283 2251 :
1311 2197 1380 2252 In
1405 2198 1556 2252 domo
1588 2197 1758 2252 Patris
1785 2199 1881 2251 ntei
1911 2198 2198 2252 mansiones

599 2290 773 2343 multae
814 2301 930 2342 sunt
956 2291 973 2359 (
1004 2287 1164 2345 Joan.
1197 2291 1284 2345 14.
1315 2289 1351 2343 2
1377 2289 1420 2360 ).
1465 2289 1588 2344 Ideo
1627 2291 1881 2362 splendor
1914 2290 2006 2346 ille
2035 2293 2197 2346 linem

601 2377 708 2436 non
757 2383 951 2449 habet;
995 2399 1166 2454 neque
1207 2385 1349 2439 enim
1377 2384 1519 2439 cedit
1557 2384 1739 2452 nocti,
1769 2399 1868 2440 nec
1904 2386 2079 2440 locum
2107 2383 2200 2439 dat

601 2476 839 2529 tenebris
860 2516 876 2541 ,
909 2475 1002 2530 sed
1033 2492 1152 2532 cum
1183 2476 1254 2531 sit
1294 2491 1518 2547 magnus
1541 2517 1557 2542 ,
1604 2475 1885 2532 ineﬂ‘abilis
1909 2519 1924 2545 ,
1956 2486 2012 2532 et
2054 2476 2198 2533 hunc

599 2565 688 2635 qui
705 2565 912 2619 videtur
933 2566 1090 2637 longe
1109 2582 1388 2636 superans,
1407 2567 1567 2622 habet
1583 2567 1742 2625 etiam
1761 2569 1861 2622 hoc
1877 2569 2192 2638 maximum,

598 2655 741 2726 quod
774 2657 930 2711 linem
961 2672 1064 2711 non
1106 2658 1366 2728 suscipit:
1393 2658 1534 2728 quod
1561 2657 1776 2729 quidem
1804 2668 1886 2714 est
1912 2659 2198 2716 ineﬁ'abilis

602 2747 762 2818 Regis
811 2749 1090 2819 potestatis
1113 2793 1128 2814 ,
1167 2750 1310 2821 quod
1353 2765 1579 2820 corpora
1617 2766 1736 2820 quae
1769 2760 1922 2806 erant
1960 2752 2195 2806 interitui

597 2829 826 2896 obitoxia
856 2852 909 2896 et
944 2843 1141 2897 caduca
1169 2885 1184 2910 ,
1216 2843 1268 2897 in
1301 2852 1498 2898 tantam
1539 2844 1829 2914 potentiam
1859 2851 1914 2898 et
1940 2845 2189 2900 virtutem

595 2932 898 2987 deduxerit.
934 2934 1134 2990 Deinde
1169 2934 1420 3004 quoniam
1452 2950 1640 3006 magna
1665 2936 1908 3006 quaedam
1936 2937 2110 3002 dixit,
2142 2947 2195 2992 et

595 3033 693 3096 spe
717 3027 1014 3083 auditorem
1039 3030 1242 3094 erexit,
1267 3029 1500 3085 ostendit
1522 3029 1637 3084 haec
1663 3045 1872 3100 quoque
1895 3029 2016 3100 jure
2037 3029 2150 3085 ﬁeri
2177 3047 2190 3084 :

593 3121 843 3192 quoniam
889 3121 978 3190 qui
1026 3122 1139 3175 ha‘c
1180 3119 1336 3185 facit,
1368 3121 1488 3176 talis
1516 3130 1600 3177 est
1629 3131 1684 3177 et
1715 3131 1910 3175 tantus.
1945 3121 2077 3189 Quis
2105 3122 2195 3177 ille

595 3227 794 3281 porro,
839 3215 928 3283 qui
971 3213 1086 3269 hate
1125 3214 1290 3270 facit?
1334 3215 1432 3281 Qui
1477 3225 1562 3270 est
1597 3215 1840 3284 ejusdem
1883 3231 2004 3270 cum
2037 3215 2194 3272 Patre

593 3289 924 3359 sitbstantim.
955 3305 1085 3360 lllud
1112 3305 1254 3361 enim
1286 3306 1611 3377 significans,
1637 3307 1910 3378 subjunxit
1936 3326 1953 3363 :
1977 3307 2062 3363 Ex
2086 3317 2194 3363 ute-

593 3411 653 3449 ro
681 3403 797 3449 ante
829 3397 1095 3466 luciferum
1117 3398 1266 3467 genui
1297 3408 1363 3451 te.

627 3472 632 3484 ’
673 3489 819 3555 Ηιεσ,
853 3494 992 3546 Ante
1017 3490 1298 3546 luciferum
1320 3493 1479 3562 genui
1504 3499 1576 3558 te,
1611 3493 1675 3548 de
1701 3493 2023 3564 generatione
2045 3502 2193 3550 αἰεν-

592 3597 661 3635 na
703 3581 889 3637 Christi
929 3582 1185 3638 dicuntur.
1231 3582 1554 3655 Operationis
1592 3593 1639 3636 et
1680 3592 1877 3638 natura:
1904 3585 2186 3639 diversitas.

593 3665 664 3715 —'
689 3674 794 3730 Sed
847 3676 942 3745 qui
972 3675 1085 3730 hate
1127 3675 1290 3732 verba
1340 3676 1408 3731 ad
1457 3691 1611 3731 suum
1662 3692 1881 3732 sensum
1933 3685 2188 3747 vertunt,

589 3759 924 3825 contendunt
967 3769 1084 3824 lucc
1126 3770 1268 3826 dicta
1310 3785 1433 3826 esse
1478 3769 1547 3826 de
1593 3771 1939 3841 generatione
1985 3772 2186 3828 carnis.

591 3853 874 3931 Quomodo
899 3877 1050 3934 ergo,
1081 3862 1187 3930 die,
1218 3877 1425 3934 quaeso,
1458 3863 1587 3917 Ante
1617 3862 1928 3933 luciferum?
1952 3862 2027 3918 Ita
2053 3864 2190 3920 dixit

590 3964 800 4010 noctem
826 3970 930 4026 qua
957 3963 1112 4010 natus
1137 3963 1258 4010 est:
1282 3964 1438 4010 natus
1463 3964 1546 4010 est
1563 3955 1706 4010 enim
1727 3963 1850 4010 ante
1871 3955 2184 4010 diluculum.

592 4047 701 4102 Sed
728 4045 831 4101 hoc
856 4063 963 4101 non
988 4055 1075 4102 est
1099 4047 1278 4102 dicere
1304 4045 1445 4116 quod
1474 4047 1752 4116 qmeritur,
1780 4061 1954 4116 neque
1980 4044 2083 4100 hoc
2107 4043 2188 4100 di-

590 4123 666 4192 xit
690 4137 860 4208 gratia
886 4137 1122 4194 historia
1146 4155 1163 4193 :
1189 4149 1246 4194 et
1271 4137 1469 4207 alioqui
1494 4153 1600 4193 non
1628 4146 1853 4208 possunt
1876 4136 2183 4203 ostendere,

588 4227 646 4286 id
672 4229 817 4300 quod
840 4229 1136 4285 docuerunt
1155 4230 1514 4301 evangelistze,
1537 4229 1735 4285 dictum
1762 4244 1882 4285 esse
1902 4245 1930 4284 a
1955 4229 2186 4300 prophe-

585 4323 674 4394 tis,
699 4321 789 4392 qui
816 4321 1047 4399 maxima
1071 4337 1136 4378 ex
1162 4331 1314 4392 parte
1338 4321 1566 4378 obscure
1602 4321 1910 4390 loquuntur.
1938 4321 2036 4377 Hic
2055 4336 2184 4392 ergo

585 4415 713 4472 illud
737 4459 752 4485 ,
781 4417 913 4472 Ante
944 4417 1212 4491 luciferum
1234 4457 1252 4483 ,
1285 4431 1393 4472 non
1423 4416 1553 4471 dicit
1576 4424 1698 4470 ante
1727 4423 1902 4470 ortum
1933 4415 2138 4471 luciferi
2163 4457 2180 4482 ,

581 4509 677 4565 sed
705 4521 829 4566 ante
853 4517 1128 4578 naturam,
1161 4518 1447 4581 antequam
1477 4509 1647 4564 lactus
1673 4516 1819 4564 esset
1841 4507 2049 4564 lucifer.
2076 4507 2182 4564 So-

581 4596 657 4658 le't
675 4601 817 4658 enim
839 4602 1111 4673 Scriptura
1134 4601 1252 4658 haec
1270 4601 1620 4672 distinguere,
1640 4598 1856 4670 quando
1874 4599 2022 4664 dicit,
2042 4601 2182 4654 Ante

583 4687 851 4766 naturam,
873 4709 931 4757 et
953 4700 1188 4772 quando,
1211 4699 1352 4756 Ante
1370 4698 1769 4769 operationem;
1797 4703 1855 4752 ut
1872 4711 1992 4751 cum
2014 4695 2177 4751 dicit:

586 4789 800 4868 Oportet
829 4792 1105 4862 praevenire
1128 4792 1434 4846 matutinum
1456 4789 1524 4844 ad
1552 4789 1742 4861 gratias
1765 4788 1987 4860 agendas
2011 4787 2100 4841 tibi
2122 4788 2174 4855 ¹;

580 4893 630 4956 et
656 4893 772 4939 ante
795 4893 962 4940 ortum
989 4886 1115 4941 lucis
1143 4894 1192 4939 te
1217 4885 1408 4956 alloqui
1429 4883 1448 4956 (
1474 4884 1605 4956 Sap.
1632 4884 1718 4939 16.
1748 4883 1820 4940 28
1841 4885 1880 4955 ).
1910 4883 2007 4938 llic
2031 4882 2175 4939 enim

578 4976 711 5031 dicit
747 4976 1086 5032 matutinum.
1129 4975 1244 5031 Non
1277 4975 1412 5031 dixit
1438 4976 1580 5030 enim
1601 5018 1617 5041 ,
1645 4977 1783 5030 Ante
1811 4977 1978 5030 solem
1997 5015 2014 5042 ,
2041 4974 2134 5029 sed
2155 5015 2173 5039 ,

559 5058 709 5130 .Ante
733 5078 932 5134 ortum;
960 5085 1089 5136 non,
1107 5069 1245 5124 Ante
1273 5079 1520 5132 naturam
1553 5086 1567 5122 :
1600 5078 1724 5124 ante
1752 5077 1998 5123 naturam
2027 5067 2172 5122 enim

578 5163 710 5219 solis
737 5163 865 5218 nihil
887 5161 1089 5218 'l'actum
1115 5171 1231 5228 est;
1261 5162 1376 5228 sed,
1396 5162 1533 5216 Ante
1559 5173 1733 5215 ortum
1756 5159 1904 5222 solis.
1928 5169 1987 5214 ut
2012 5159 2174 5230 signi-

578 5255 764 5312 ﬁcarct
799 5255 1114 5311 diluculum.
1151 5254 1357 5310 Alicubi
1391 5264 1569 5309 autem
1595 5251 1810 5323 quando
1837 5253 2002 5316 dicit,
2032 5253 2172 5307 Ante

576 5347 692 5416 ejus
717 5357 980 5414 naturam,
1008 5363 1115 5402 non
1139 5347 1286 5414 dicit,
1315 5347 1455 5402 Ante
1477 5354 1676 5413 ortum,
1699 5343 1816 5408 sed,
1831 5344 1960 5398 Ante
1981 5344 2172 5410 solem;

577 5447 638 5494 ut
664 5439 879 5510 quando
904 5440 1032 5495 dicit
1065 5459 1078 5495 :
1103 5439 1234 5494 Ante
1255 5441 1414 5496 solem
1445 5446 1703 5511 permanet
1733 5453 1913 5492 nomen
1939 5439 2068 5507 ejus.
2100 5435 2170 5490 Et

579 5539 696 5583 ante
715 5530 889 5582 lauant
908 5531 1252 5601 generationes
1271 5531 1651 5602 generationum
1671 5527 1844 5602 (Psal.
1866 5529 1955 5586 71.
1981 5529 2068 5584 17.
2087 5525 2166 5600 5).

645 5738 663 5768 ι
689 5735 1131 5809 [ρειιῃὶῃιηθηεὶο
1157 5741 1344 5809 habent
1372 5743 1538 5809 Greca
1573 5743 1751 5804 Biblia,
1786 5744 2060 5809 Sapientlte
2083 5743 2160 5807 16,

577 5794 639 5845 28
711 5794 794 5841 Δεῖ
813 5799 994 5857 φθάνειν
1016 5803 1152 5859 ἥλιον
1175 5803 1247 5852 ἐπ’
1269 5803 1570 5868 εὐχαριστίαν
1602 5822 1711 5860 σου.

1324 328 1381 385 s.
1419 327 1699 385 JOANNIS
1721 324 2204 383 CHRYSOSTOMI
2247 327 2564 384 artantur.
2607 308 3156 390 CONSTANTINOP.
3765 345 3844 402 τετε

2314 444 2775 512 Quemadmodum
2802 463 2932 519 ergo
2957 449 3098 504 aliud
3124 458 3207 505 est
3227 493 3244 518 ,
3272 450 3400 505 Ante
3423 456 3602 520 solem,
3632 467 3679 511 et
3701 459 3845 525 aliud.

2312 537 2441 591 Ante
2460 550 2624 592 ortum
2645 541 2799 603 solis;
2826 539 2926 596 hoc
2949 542 3089 595 enim
3117 542 3478 610 operationem
3509 546 3633 601 solis
3655 559 3704 601 et
3726 566 3851 606 mane

2310 631 2610 699 signiﬁcat,
2646 632 2771 686 illttd
2799 648 2927 688 γι·το
2965 645 3242 700 naturam;
3275 636 3346 689 ita
3375 638 3530 691 etiam
3563 640 3644 693 hic
3666 683 3679 702 ,
3708 643 3746 695 si
3775 661 3850 695 vo-

2312 719 2497 776 luisset
2514 723 2812 793 significare
2833 736 3066 789 noctem,
3082 743 3186 780 non
3209 727 3448 794 dixisset,
3469 729 3590 782 Ante
3606 731 3845 802 luciferum,

2310 813 2403 868 sed
2427 859 2440 877 ,
2472 816 2610 870 Ante
2646 831 2822 872 ortum
2849 819 3078 873 lucileri.
3111 819 3176 874 Et
3205 821 3396 892 alioqui
3419 823 3654 880 Christus
3679 843 3851 897 quoque

2310 904 2452 961 hunc
2480 908 2747 963 Psalmum
2777 912 2981 980 accepit
3023 929 3128 966 non
3168 912 3236 967 de
3275 914 3517 970 humana:
3555 919 3718 972 carnis
3738 935 3855 975 teco-

2307 999 2483 1052 nomia
2508 1040 2522 1063 ,
2560 999 2656 1054 sed
2697 1001 2763 1056 de
2797 1003 3141 1071 generatione
3169 1019 3265 1074 per
3291 1006 3566 1075 Spiritum.
3597 1007 3718 1062 Cum
3739 1013 3854 1065 enim

2306 1087 2531 1144 dixisset
2556 1089 2752 1146 Judmis
2787 1112 2799 1146 :
2835 1095 2972 1161 Quid
3002 1098 3138 1150 vobis
3175 1098 3368 1152 videtur
3401 1098 3462 1152 de
3485 1100 3856 1172 Christo?cnjas

2305 1191 2378 1235 est
2397 1182 2575 1250 ﬁlius?
2603 1194 2878 1255 postquam
2906 1187 3156 1243 dixerunt
3180 1205 3193 1242 :
3224 1189 3392 1244 David
3412 1233 3426 1256 ,
3455 1191 3715 1261 subjunxit
3739 1194 3855 1248 Psal-

2304 1289 2473 1336 mum,
2491 1273 2676 1329 dicens
2692 1295 2702 1328 :
2721 1278 2986 1342 Quomodo
3001 1296 3119 1350 ergo
3139 1280 3262 1334 dicit
3275 1279 3443 1335 Dauid
3460 1297 3478 1336 :
3494 1281 3633 1336 Dixit
3649 1284 3855 1339 Dominus

2305 1365 2527 1421 Domino
2552 1385 2684 1436 meo,
2714 1369 2850 1424 Sede
2892 1387 2924 1424 a
2968 1373 3160 1426 dextris
3198 1373 3364 1428 meis?
3398 1373 3457 1429 Si
3493 1393 3607 1446 ergo
3643 1374 3854 1431 Dominus

2305 1460 2416 1529 ejus
2455 1469 2569 1526 est,
2613 1462 2864 1530 quomodo
2910 1477 2998 1517 vos
3046 1464 3246 1530 dicitis,
3293 1465 3428 1534 quod
3479 1477 3549 1519 est
3601 1468 3704 1536 ejus
3747 1468 3855 1536 [ilius

2305 1549 2516 1622 (Matth.
2538 1551 2630 1606 22.
2659 1553 2914 1623 42—45)?
2938 1555 3074 1622 Quid
3105 1565 3335 1626 estergo
3364 1558 3504 1626 quod
3535 1557 3753 1613 dicitur?
3778 1559 3854 1613 Vc-

2305 1656 2421 1696 ram
2459 1651 2514 1696 et
2550 1658 2858 1712 germanam
2903 1646 2990 1700 hic
3026 1647 3260 1701 ostendit
3297 1651 3707 1717 generationem.
3745 1649 3853 1715 Quid

2304 1734 2474 1802 ergo?
2513 1743 2596 1788 est
2625 1735 2798 1788 solum
2837 1744 2961 1791 ante
3001 1736 3320 1792 luciferum?
3362 1737 3712 1809 Nequaquam.
3749 1739 3853 1793 Nam

2303 1825 2431 1878 dicit
2456 1825 2614 1879 etiam
2639 1826 2763 1882 alibi
2794 1845 2807 1882 :
2838 1828 2968 1883 Ante
2993 1829 3167 1882 lunam
3189 1831 3400 1884 thronus
3426 1833 3556 1900 ejus.
3589 1832 3653 1886 Et
3675 1849 3766 1886 non
3787 1847 3854 1886 so-

2305 1915 2414 1970 lutn
2452 1926 2575 1972 ante
2613 1917 2826 1984 lunam;
2862 1935 2982 1974 nam
3011 1920 3080 1975 de
3104 1920 3262 1976 Patre
3301 1937 3513 1992 quoque
3539 1922 3659 1977 dicit
3688 1938 3701 1976 :
3727 1923 3854 1977 Ante-

2301 2025 2454 2079 quam
2481 2022 2672 2065 montes
2698 2013 2893 2080 ﬁerent,
2920 2021 2966 2066 et
2992 2016 3298 2084 [armaretur
3323 2023 3478 2079 terra,
3510 2026 3556 2069 et
3581 2016 3705 2069 orbis
3723 2026 3854 2069 terra-

2300 2117 2414 2154 rum
2435 2144 2450 2167 ,
2481 2119 2512 2154 a
2539 2105 2723 2156 sarculo
2752 2113 2798 2157 et
2827 2105 2879 2157 in
2905 2103 3147 2158 saxulum
3174 2112 3228 2158 tu
3253 2121 3303 2159 es
3339 2104 3511 2176 (Psal.
3543 2106 3628 2162 89.
3655 2105 3728 2176 2).
3755 2105 3847 2160 Non

2301 2208 2331 2248 a
2361 2195 2556 2249 s.'eculo
2576 2196 2770 2262 solum,
2795 2196 2889 2252 sed
2913 2198 3072 2252 etiam
3093 2210 3215 2253 ante
3237 2199 3492 2253 smculum
3517 2218 3531 2253 :
3557 2215 3716 2269 neque
3735 2201 3848 2253 enim

2301 2294 2386 2341 est
2409 2301 2577 2355 usque
2601 2286 2667 2342 ad
2694 2288 2970 2353 sarculum,
2999 2288 3092 2344 sed
3121 2290 3173 2343 in
3200 2289 3486 2345 inﬁnitum.
3512 2291 3586 2346 Ne
3611 2291 3852 2347 nll'cudaris

2301 2386 2479 2432 autem
2512 2379 2564 2433 in
2593 2379 2920 2435 dictionibus
2939 2422 2952 2445 ,
2982 2381 3076 2436 sed
3106 2383 3317 2453 suscipe
3351 2384 3739 2454 intelligentiam
3761 2401 3852 2453 qua:

2304 2471 2413 2526 Deo
2459 2475 2759 2529 conveniat.
2828 2473 2964 2530 Vide
3007 2487 3186 2530 autem
3234 2477 3512 2547 propheta:
3551 2477 3849 2547 sapientiam.

2301 2562 2571 2618 Psahnum
2624 2567 2882 2636 incipiens
2925 2581 3033 2621 non
3077 2567 3144 2622 ab
3189 2568 3270 2621 his
3305 2585 3463 2623 orsus
3493 2579 3573 2624 est
3602 2586 3614 2622 :
3641 2567 3719 2623 Er
3743 2579 3852 2621 utero

2299 2669 2420 2709 ante
2442 2656 2712 2727 luciferum
2738 2659 2894 2728 genui
2920 2669 2968 2713 te
2995 2676 3014 2714 :
3038 2659 3132 2714 sed
3170 2675 3290 2714 cum
3321 2662 3472 2730 prius
3504 2660 3738 2730 przcclam
3763 2659 3852 2727 ejus

2301 2746 2441 2803 facta
2478 2749 2843 2818 ostendisset,
2883 2758 2940 2806 et
2966 2752 3140 2820 ipsum
3183 2768 3277 2821 per
3306 2768 3471 2822 opera
3512 2753 3849 2823 pncdicasset.

2301 2851 2483 2912 postea
2506 2843 2723 2914 proprio
2744 2843 2862 2898 loco
2881 2845 2999 2914 ejus
3019 2845 3331 2915 dignitatem
3357 2847 3612 2901 ostendit.
3636 2845 3704 2900 lta
3723 2845 3848 2900 etiam

2298 2932 2512 2988 dicebat
2542 2934 2655 3003 ipse
2680 2952 2693 2988 :
2721 2934 2783 2990 Si
2804 2953 2904 2989 non
2925 2937 3060 3006 facio
3080 2954 3233 3006 opera
3258 2935 3435 2992 Patris
3463 2939 3580 3006 mei,
3601 2939 3741 2992 nolite
3757 2935 3850 2988 ntilti

2299 3027 2521 3081 credere.
2554 3027 2652 3083 Sin
2676 3037 2845 3082 autem
2873 3030 3007 3100 facio
3025 3071 3040 3095 ,
3069 3039 3115 3082 et
3139 3030 3182 3082 si
3211 3030 3335 3083 mihi
3360 3047 3464 3084 non
3495 3031 3724 3096 credatis,
3754 3044 3849 3097 ope-

2297 3119 2438 3172 ribus
2468 3119 2655 3173 credite
2679 3119 2860 3192 (Joan.
2888 3122 2974 3175 10.
3005 3121 3096 3190 57)
3130 3139 3144 3176 :
3168 3131 3225 3175 ttt
3253 3136 3373 3175 cum
3401 3121 3651 3177 didiceris
3674 3119 3793 3191 quod
3817 3117 3848 3170 is

2297 3220 2384 3266 est
2409 3211 2498 3282 qui
2524 3210 2674 3266 sedet
2697 3211 2762 3264 ad
2793 3211 3068 3268 dexteram
3095 3211 3286 3278 Patris,
3318 3213 3409 3282 qui
3438 3213 3683 3267 Dominus
3701 3209 3848 3280 appel-

2298 3304 2442 3359 latur
2470 3313 2530 3359 ut
2557 3305 2717 3360 Pater
2744 3306 2833 3375 qui
2863 3321 3044 3360 secum
3077 3305 3236 3360 habet
3265 3305 3617 3376 principatum
3643 3347 3656 3372 ,
3687 3304 3763 3374 qui
3788 3311 3847 3353 ta-

2296 3395 2402 3452 lem
2444 3397 2610 3452 eﬂicit
2649 3397 3014 3464 splendorem,
3044 3397 3133 3468 qui
3167 3398 3308 3453 inter
3351 3409 3542 3468 gentes
3567 3398 3847 3452 dominatum

2295 3487 2536 3554 obtinet,
2568 3503 2634 3543 ne
2662 3488 2998 3544 conturberis
3017 3529 3032 3555 ,
3064 3489 3107 3544 si
3137 3488 3370 3543 audieris
3399 3505 3525 3544 eum
3553 3505 3666 3544 esse
3691 3487 3846 3541 Filium

2294 3582 2456 3635 etiam
2483 3590 2609 3636 ante
2640 3582 2943 3636 universam
2969 3589 3290 3635 creaturam.
3331 3580 3464 3636 Jure
3502 3589 3673 3634 autem
3707 3575 3846 3632 admi-

2293 3671 2496 3727 randus
2537 3679 2620 3727 est
2668 3671 2924 3742 prepheta
2953 3713 2969 3738 ,
3013 3670 3285 3742 quomodo
3323 3670 3418 3726 illa
3458 3671 3666 3742 quidem
3693 3684 3749 3723 cx
3777 3663 3847 3722 Dei

2293 3778 2520 3834 persona
2547 3804 2563 3828 ,
2614 3762 2730 3818 hate
2755 3778 2884 3818 vero
2921 3777 2988 3818 ex
3036 3778 3132 3817 sua
3182 3776 3408 3832 persona
3459 3764 3702 3833 loquitur.
3744 3754 3845 3813 Illud

2293 3859 2455 3924 enim,
2487 3856 2620 3912 Sede
2643 3873 2675 3910 a
2695 3856 2884 3910 dextris
2904 3856 3026 3909 meis
3050 3871 3069 3910 :
3089 3863 3144 3910 et
3173 3853 3324 3921 illud,
3350 3853 3439 3909 Ea:
3463 3863 3604 3909 utero
3624 3863 3729 3906 ante
3747 3848 3846 3902 ltui-

2291 3949 2456 4020 ferum
2474 3949 2626 4020 genui
2645 3958 2711 4011 te.
2736 3962 2855 4017 quae
2877 3946 3026 4001 illum
3049 3945 3372 4016 superabant
3392 3945 3685 4010 altitudine,
3707 3942 3845 4010 ipsum

2293 4039 2460 4095 Deum
2489 4040 2796 4097 introducit
2820 4041 3094 4098 dicentem
3135 4054 3149 4092 :
3180 4036 3281 4090 alia
3321 4045 3506 4092 autem
3549 4037 3658 4106 ipse
3693 4029 3843 4087 refert.

2292 4131 2429 4187 Vide
2455 4140 2636 4186 autem
2667 4140 2864 4201 quanta
2895 4138 3075 4184 utatur
3099 4128 3429 4198 proprietate
3453 4127 3710 4183 dictionis.
3733 4118 3844 4176 Satis

2289 4223 2478 4278 fuisset
2507 4224 2649 4278 enim
2679 4223 2861 4278 dicere
2882 4262 2899 4287 ,
2945 4220 3110 4276 Genui
3153 4229 3202 4275 te
3239 4237 3260 4275 :
3302 4220 3394 4276 sed
3433 4229 3650 4292 propter
3671 4230 3753 4271 eos
3773 4209 3842 4282 qui

2288 4313 2438 4370 humi
2480 4323 2702 4384 serpunt
2726 4355 2742 4381 ,
2785 4321 2844 4368 ut
2882 4328 3064 4368 veram
3095 4312 3402 4366 ostenderet
3447 4311 3838 4382 generationem.

2287 4408 2446 4478 hujus
2483 4423 2698 4479 quoque
2731 4406 2983 4462 dictionis
3025 4404 3288 4459 meminit.
3342 4403 3412 4458 Et
3443 4404 3580 4459 sicut
3605 4415 3716 4456 cum
3740 4391 3839 4450 dicit

2285 4516 2525 4565 manum,
2557 4516 2663 4555 non
2693 4499 2742 4554 id
2767 4498 2897 4554 dicit
2920 4505 2979 4552 ut
3007 4511 3221 4551 manum
3248 4510 3370 4550 esse
3397 4495 3741 4564 SIISpicemur,
3765 4479 3838 4538 sed

2285 4605 2346 4649 ut
2375 4594 2733 4664 intelligamus
2762 4590 2979 4646 creandi
3016 4596 3334 4660 potestatem
3361 4629 3377 4656 ,
3425 4588 3499 4642 ita
3539 4585 3691 4641 etiam
3730 4572 3837 4632 uteri

2283 4688 2546 4754 meminit,
2576 4696 2632 4741 ut
2655 4700 2838 4741 veram
2863 4699 2983 4740 esse
3004 4681 3406 4752 generationem
3432 4677 3691 4734 ostendat.

2357 4781 2409 4835 8.
2462 4778 2666 4835 Deinde
2707 4776 2893 4831 volens
2944 4772 3277 4844 prophetiam
3321 4769 3376 4825 in
3419 4769 3637 4840 ﬁguram
3678 4757 3838 4834 judicis

2279 4881 2466 4943 aptare
2489 4912 2506 4939 ,
2547 4869 2614 4925 ad
2640 4884 2763 4924 eum
2792 4868 2955 4922 verba
2985 4865 3142 4931 facit,
3173 4862 3316 4932 quod
3343 4861 3559 4932 quidem
3587 4855 3836 4912 vehemen-

2283 4964 2475 5021 tissimi
2503 4963 2704 5018 amoris
2731 4969 2784 5016 et
2813 4959 3036 5030 insignis
3057 4956 3233 5029 gaudii
3257 4963 3374 5010 erat
3401 4964 3457 5010 et
3481 4954 3669 5007 anima:
3692 4957 3793 5015 qua:
3812 4951 3836 4991 3

2279 5059 2462 5115 divino
2500 5057 2705 5126 Spiritu
2747 5053 3129 5123 occupabatur.
3167 5049 3222 5104 4.
3262 5046 3465 5102 Jnravit
3508 5045 3760 5101 Dentatus,
3800 5041 3837 5085 ει

2279 5168 2381 5206 non
2411 5150 2666 5223 paenitebit
2693 5164 2826 5202 eum.
2861 5145 2940 5200 Tu
2967 5161 3020 5200 es
3055 5141 3288 5197 sacerdos
3312 5143 3365 5194 in
3388 5148 3654 5197 teternum,
3683 5143 3832 5223 seven:

2277 5213 2650 5299 dum'ordinem
2681 5239 3036 5294 Melchisedec.
3070 5235 3231 5290 Vides
3259 5231 3528 5303 quomodo
3551 5226 3616 5281 ad
3645 5223 3692 5278 id
3717 5213 3832 5290 ψιοά

2277 5345 2360 5391 est
2385 5334 2641 5390 humilius
2671 5331 2895 5386 deduxit
2921 5328 3219 5383 orationem
3242 5365 3255 5390 ,
3285 5323 3443 5378 modo
3471 5321 3538 5374 de
3560 5314 3830 5372 divinitate,

2279 5429 2440 5484 modo
2476 5426 2547 5482 de
2575 5423 2906 5480 humanitate
2947 5419 3252 5475 disserens?
3298 5413 3440 5486 quod
3468 5412 3626 5468 etiam
3665 5402 3834 5458 faciunt

2274 5520 2637 5590 evangelistse,
2671 5525 2727 5572 ut
2755 5516 3003 5585 utrinque
3033 5519 3380 5568 conservetur
3409 5506 3704 5576 dogmatum

2273 5579 2456 5666 factio.
2479 5609 2550 5665 Et
2571 5579 2738 5681 quare
2757 5579 3230 5672 dixin-Secundum
3249 5601 3479 5656 ordinem
3497 5579 3830 5681 Melcltisedwi

2273 5705 2343 5762 Et
2371 5678 2977 5774 propter—sacramenta,
3019 5694 3162 5767 quod
3206 5693 3296 5749 ille
3337 5702 3546 5763 quoque
3586 5691 3760 5774 partem

2267 5765 2458 5873 sinum
2471 5765 2708 5855 Abrahae
2727 5791 3016 5861 obtulerit;
3037 5765 3104 5848 et
3125 5787 3269 5861 quod
3294 5787 3394 5845 hoc
3421 5773 3755 5844 sacerdotium
3775 5765 3830 5818 sil
