  <div class='ocr_page' id='page_1' title='image "/cluster/home/n/w/nwhite01/storage/ocr_20150623/55:no.5/coo.31924054869551/269.png"; bbox 0 0 4064 6478; ppageno 0'>
   <div class='ocr_carea' id='block_1_1' title="bbox 516 501 619 554">
    <p class='ocr_par' dir='ltr' id='par_1_1' title="bbox 516 501 619 554">
     <span class='ocr_line' id='line_1_1' title="bbox 516 501 619 554; baseline -0.029 -1"><span class='ocrx_word' id='word_1_1' title='bbox 516 501 619 554; x_wconf 75' lang='grc' dir='ltr'>νπ</span> 
     </span>
    </p>
   </div>
   <div class='ocr_carea' id='block_1_2' title="bbox 515 614 2091 694">
    <p class='ocr_par' dir='ltr' id='par_1_2' title="bbox 515 614 2091 694">
     <span class='ocr_line' id='line_1_2' title="bbox 515 614 2091 694; baseline 0.009 -28"><span class='ocrx_word' id='word_1_2' title='bbox 515 630 632 684; x_wconf 88' lang='grc' dir='ltr'>νην,</span> <span class='ocrx_word' id='word_1_3' title='bbox 665 616 759 669; x_wconf 68' lang='grc' dir='ltr'>καὶ</span> <span class='ocrx_word' id='word_1_4' title='bbox 787 614 873 669; x_wconf 68' lang='grc' dir='ltr'>διὰ</span> <span class='ocrx_word' id='word_1_5' title='bbox 898 614 964 668; x_wconf 71' lang='grc' dir='ltr'>τὸ</span> <span class='ocrx_word' id='word_1_6' title='bbox 1006 615 1387 688; x_wconf 78' lang='grc' dir='ltr'>ἀτελεύτητον,</span> <span class='ocrx_word' id='word_1_7' title='bbox 1437 619 1691 694; x_wconf 87' lang='grc' dir='ltr'>καθάπερ</span> <span class='ocrx_word' id='word_1_8' title='bbox 1733 623 1829 676; x_wconf 73' lang='grc' dir='ltr'>καὶ</span> <span class='ocrx_word' id='word_1_9' title='bbox 1882 625 2091 691; x_wconf 80' lang='grc' dir='ltr'>Παῦλός</span> 
     </span>
    </p>
   </div>
   <div class='ocr_carea' id='block_1_3' title="bbox 516 702 2092 782">
    <p class='ocr_par' dir='ltr' id='par_1_3' title="bbox 516 702 2092 782">
     <span class='ocr_line' id='line_1_3' title="bbox 516 702 2092 782; baseline 0.009 -29"><span class='ocrx_word' id='word_1_10' title='bbox 516 718 674 773; x_wconf 86' lang='grc' dir='ltr'>φησι,</span> <span class='ocrx_word' id='word_1_11' title='bbox 703 702 798 755; x_wconf 78' lang='grc' dir='ltr'>καὶ</span> <span class='ocrx_word' id='word_1_12' title='bbox 830 703 1082 775; x_wconf 78' lang='grc' dir='ltr'>ἄναρχον.</span> <span class='ocrx_word' id='word_1_13' title='bbox 1108 703 1289 778; x_wconf 79' lang='grc' dir='ltr'>Ὅπερ</span> <span class='ocrx_word' id='word_1_14' title='bbox 1332 707 1444 779; x_wconf 83' lang='grc' dir='ltr'>γὰρ</span> <span class='ocrx_word' id='word_1_15' title='bbox 1470 709 1675 776; x_wconf 83' lang='grc' dir='ltr'>ἐκεῖνος</span> <span class='ocrx_word' id='word_1_16' title='bbox 1702 706 1846 782; x_wconf 76' lang='grc' dir='ltr'>εἶχεν</span> <span class='ocrx_word' id='word_1_17' title='bbox 1879 714 1935 766; x_wconf 85' lang='grc' dir='ltr'>ἐν</span> <span class='ocrx_word' id='word_1_18' title='bbox 1972 717 2092 779; x_wconf 87' lang='grc' dir='ltr'>ταῖς</span> 
     </span>
    </p>
   </div>
   <div class='ocr_carea' id='block_1_4' title="bbox 518 786 2087 866">
    <p class='ocr_par' dir='ltr' id='par_1_4' title="bbox 518 786 2087 866">
     <span class='ocr_line' id='line_1_4' title="bbox 518 786 2087 866; baseline 0.009 -29"><span class='ocrx_word' id='word_1_19' title='bbox 518 788 719 849; x_wconf 77' lang='grc' dir='ltr'>σκιαῖς,</span> <span class='ocrx_word' id='word_1_20' title='bbox 750 786 910 840; x_wconf 86' lang='grc' dir='ltr'>τοῦτο</span> <span class='ocrx_word' id='word_1_21' title='bbox 943 788 1002 841; x_wconf 90' lang='grc' dir='ltr'>ἐν</span> <span class='ocrx_word' id='word_1_22' title='bbox 1020 791 1088 860; x_wconf 74' lang='grc' dir='ltr'>τῇ</span> <span class='ocrx_word' id='word_1_23' title='bbox 1115 788 1346 865; x_wconf 78' lang='grc' dir='ltr'>ἀληθείᾳ</span> <span class='ocrx_word' id='word_1_24' title='bbox 1374 792 1598 863; x_wconf 88' lang='grc' dir='ltr'>γέγονεν</span> <span class='ocrx_word' id='word_1_25' title='bbox 1626 796 1719 849; x_wconf 77' lang='grc' dir='ltr'>ἐπὶ</span> <span class='ocrx_word' id='word_1_26' title='bbox 1739 795 1833 849; x_wconf 89' lang='grc' dir='ltr'>τοῦ</span> <span class='ocrx_word' id='word_1_27' title='bbox 1877 797 2052 866; x_wconf 81' lang='grc' dir='ltr'>Ἰησοῦ</span> <span class='ocrx_word' id='word_1_28' title='bbox 2075 816 2087 828; x_wconf 91' lang='grc'><strong>·</strong></span> 
     </span>
    </p>
   </div>
   <div class='ocr_carea' id='block_1_5' title="bbox 514 873 2093 957">
    <p class='ocr_par' dir='ltr' id='par_1_5' title="bbox 514 873 2093 957">
     <span class='ocr_line' id='line_1_5' title="bbox 514 873 2093 957; baseline 0.009 -32"><span class='ocrx_word' id='word_1_29' title='bbox 514 874 609 926; x_wconf 78' lang='grc' dir='ltr'>καὶ</span> <span class='ocrx_word' id='word_1_30' title='bbox 634 873 885 947; x_wconf 84' lang='grc' dir='ltr'>καθάπερ</span> <span class='ocrx_word' id='word_1_31' title='bbox 910 876 979 931; x_wconf 80' lang='grc' dir='ltr'><strong>τὰ</strong></span> <span class='ocrx_word' id='word_1_32' title='bbox 1008 878 1250 950; x_wconf 84' lang='grc' dir='ltr'>ὀνόματα</span> <span class='ocrx_word' id='word_1_33' title='bbox 1272 881 1624 954; x_wconf 81' lang='grc' dir='ltr'>προέτρεχεν,</span> <span class='ocrx_word' id='word_1_34' title='bbox 1656 884 1732 948; x_wconf 87' lang='grc' dir='ltr'>ὡς</span> <span class='ocrx_word' id='word_1_35' title='bbox 1769 885 1995 957; x_wconf 78' lang='grc' dir='ltr'>Ἰησοῦς,</span> <span class='ocrx_word' id='word_1_36' title='bbox 2017 886 2093 950; x_wconf 82' lang='grc' dir='ltr'>ὡς</span> 
     </span>
    </p>
   </div>
   <div class='ocr_carea' id='block_1_6' title="bbox 513 959 2093 1043">
    <p class='ocr_par' dir='ltr' id='par_1_6' title="bbox 513 959 2093 1043">
     <span class='ocr_line' id='line_1_6' title="bbox 513 959 2093 1043; baseline 0.009 -31"><span class='ocrx_word' id='word_1_37' title='bbox 513 959 768 1031; x_wconf 74' lang='grc' dir='ltr'>Χριστὸς,</span> <span class='ocrx_word' id='word_1_38' title='bbox 802 960 945 1016; x_wconf 77' lang='grc' dir='ltr'>οὕτω</span> <span class='ocrx_word' id='word_1_39' title='bbox 990 965 1083 1028; x_wconf 57' lang='grc' dir='ltr'>καὶ</span> <span class='ocrx_word' id='word_1_40' title='bbox 1114 965 1293 1022; x_wconf 87' lang='grc' dir='ltr'>τοῦτο.</span> <span class='ocrx_word' id='word_1_41' title='bbox 1341 967 1479 1022; x_wconf 80' lang='grc' dir='ltr'>Οὔτε</span> <span class='ocrx_word' id='word_1_42' title='bbox 1505 970 1681 1042; x_wconf 78' lang='grc' dir='ltr'>ἀρχὴν</span> <span class='ocrx_word' id='word_1_43' title='bbox 1733 966 1826 1025; x_wconf 78' lang='grc' dir='ltr'>οὖν</span> <span class='ocrx_word' id='word_1_44' title='bbox 1868 973 2093 1043; x_wconf 84' lang='grc' dir='ltr'>ήμερῶν</span> 
     </span>
    </p>
   </div>
   <div class='ocr_carea' id='block_1_7' title="bbox 514 1049 2093 1135">
    <p class='ocr_par' dir='ltr' id='par_1_7' title="bbox 514 1049 2093 1135">
     <span class='ocr_line' id='line_1_7' title="bbox 514 1049 2093 1135; baseline 0.01 -34"><span class='ocrx_word' id='word_1_45' title='bbox 514 1049 764 1119; x_wconf 79' lang='grc' dir='ltr'>φαίνεται</span> <span class='ocrx_word' id='word_1_46' title='bbox 782 1050 944 1123; x_wconf 73' lang='grc' dir='ltr'>ἔχων,</span> <span class='ocrx_word' id='word_1_47' title='bbox 975 1052 1099 1107; x_wconf 77' lang='grc' dir='ltr'>οὔτε</span> <span class='ocrx_word' id='word_1_48' title='bbox 1125 1054 1272 1128; x_wconf 76' lang='grc' dir='ltr'>ζωῆς</span> <span class='ocrx_word' id='word_1_49' title='bbox 1292 1057 1445 1122; x_wconf 80' lang='grc' dir='ltr'><strong>τέλος</strong></span> <span class='ocrx_word' id='word_1_50' title='bbox 1472 1059 1501 1112; x_wconf 98' lang='lat'>6</span> <span class='ocrx_word' id='word_1_51' title='bbox 1531 1059 1885 1132; x_wconf 75' lang='grc' dir='ltr'>Μελχισεδὲκ,</span> <span class='ocrx_word' id='word_1_52' title='bbox 1916 1064 1979 1117; x_wconf 83' lang='grc' dir='ltr'>ού</span> <span class='ocrx_word' id='word_1_53' title='bbox 2015 1063 2093 1135; x_wconf 78' lang='grc' dir='ltr'>τῷ</span> 
     </span>
    </p>
   </div>
   <div class='ocr_carea' id='block_1_8' title="bbox 518 1135 2090 1222">
    <p class='ocr_par' dir='ltr' id='par_1_8' title="bbox 518 1135 2090 1222">
     <span class='ocr_line' id='line_1_8' title="bbox 518 1135 2090 1222; baseline 0.011 -33"><span class='ocrx_word' id='word_1_54' title='bbox 518 1135 593 1208; x_wconf 84' lang='grc' dir='ltr'>μὴ</span> <span class='ocrx_word' id='word_1_55' title='bbox 616 1137 780 1209; x_wconf 73' lang='grc' dir='ltr'>ἔχειν,</span> <span class='ocrx_word' id='word_1_56' title='bbox 816 1140 952 1195; x_wconf 85' lang='grc' dir='ltr'>ἀλλά</span> <span class='ocrx_word' id='word_1_57' title='bbox 979 1141 1058 1213; x_wconf 81' lang='grc' dir='ltr'><strong>τῷ</strong></span> <span class='ocrx_word' id='word_1_58' title='bbox 1084 1142 1159 1215; x_wconf 83' lang='grc' dir='ltr'>μὴ</span> <span class='ocrx_word' id='word_1_59' title='bbox 1186 1144 1670 1220; x_wconf 84' lang='grc' dir='ltr'>γενεαλογηθῆναι.</span> <span class='ocrx_word' id='word_1_60' title='bbox 1705 1148 1768 1203; x_wconf 82' lang='lat'>&#39;0</span> <span class='ocrx_word' id='word_1_61' title='bbox 1792 1149 1848 1203; x_wconf 89' lang='grc' dir='ltr'>δὲ</span> <span class='ocrx_word' id='word_1_62' title='bbox 1885 1150 2090 1222; x_wconf 76' lang='grc' dir='ltr'>Ἰησοῦς</span> 
     </span>
    </p>
   </div>
   <div class='ocr_carea' id='block_1_9' title="bbox 514 1224 2093 1306">
    <p class='ocr_par' dir='ltr' id='par_1_9' title="bbox 514 1224 2093 1306">
     <span class='ocr_line' id='line_1_9' title="bbox 514 1224 2093 1306; baseline 0.01 -29"><span class='ocrx_word' id='word_1_63' title='bbox 514 1224 634 1280; x_wconf 82' lang='grc' dir='ltr'>οὐδὲ</span> <span class='ocrx_word' id='word_1_64' title='bbox 654 1227 829 1297; x_wconf 82' lang='grc' dir='ltr'>ἀρχὴν</span> <span class='ocrx_word' id='word_1_65' title='bbox 856 1228 1081 1300; x_wconf 80' lang='grc' dir='ltr'>ήμερῶν</span> <span class='ocrx_word' id='word_1_66' title='bbox 1122 1229 1299 1303; x_wconf 75' lang='grc' dir='ltr'>ἔσχεν,</span> <span class='ocrx_word' id='word_1_67' title='bbox 1322 1230 1449 1286; x_wconf 75' lang='grc' dir='ltr'>οὕτε</span> <span class='ocrx_word' id='word_1_68' title='bbox 1480 1232 1626 1306; x_wconf 75' lang='grc' dir='ltr'>ξωῆς</span> <span class='ocrx_word' id='word_1_69' title='bbox 1655 1236 1825 1300; x_wconf 80' lang='grc' dir='ltr'>τέλος,</span> <span class='ocrx_word' id='word_1_70' title='bbox 1861 1238 1923 1291; x_wconf 86' lang='grc' dir='ltr'>ού</span> <span class='ocrx_word' id='word_1_71' title='bbox 1954 1239 2093 1292; x_wconf 90' lang='grc' dir='ltr'>κατά</span> 
     </span>
    </p>
   </div>
   <div class='ocr_carea' id='block_1_10' title="bbox 515 1312 2090 1395">
    <p class='ocr_par' dir='ltr' id='par_1_10' title="bbox 515 1312 2090 1395">
     <span class='ocr_line' id='line_1_10' title="bbox 515 1312 2090 1395; baseline 0.01 -30"><span class='ocrx_word' id='word_1_72' title='bbox 515 1312 701 1367; x_wconf 87' lang='grc' dir='ltr'>τοῦτον</span> <span class='ocrx_word' id='word_1_73' title='bbox 747 1315 840 1368; x_wconf 87' lang='grc' dir='ltr'>τδν</span> <span class='ocrx_word' id='word_1_74' title='bbox 868 1316 1087 1389; x_wconf 82' lang='grc' dir='ltr'>τρόπον,</span> <span class='ocrx_word' id='word_1_75' title='bbox 1132 1318 1268 1372; x_wconf 84' lang='grc' dir='ltr'>ἀλλά</span> <span class='ocrx_word' id='word_1_76' title='bbox 1299 1319 1377 1389; x_wconf 83' lang='grc' dir='ltr'>τῷ</span> <span class='ocrx_word' id='word_1_77' title='bbox 1409 1321 1533 1375; x_wconf 81' lang='grc' dir='ltr'>καθ’</span> <span class='ocrx_word' id='word_1_78' title='bbox 1561 1322 1684 1377; x_wconf 81' lang='grc' dir='ltr'>ὅλου</span> <span class='ocrx_word' id='word_1_79' title='bbox 1725 1324 1799 1395; x_wconf 79' lang='grc' dir='ltr'>μὴ</span> <span class='ocrx_word' id='word_1_80' title='bbox 1829 1320 1970 1379; x_wconf 78' lang='grc' dir='ltr'>εἶναι</span> <span class='ocrx_word' id='word_1_81' title='bbox 2001 1326 2090 1380; x_wconf 81' lang='grc' dir='ltr'>ἐπ’</span> 
     </span>
    </p>
   </div>
   <div class='ocr_carea' id='block_1_11' title="bbox 515 1398 2093 1484">
    <p class='ocr_par' dir='ltr' id='par_1_11' title="bbox 515 1398 2093 1484">
     <span class='ocr_line' id='line_1_11' title="bbox 515 1398 2093 1484; baseline 0.01 -32"><span class='ocrx_word' id='word_1_82' title='bbox 515 1398 682 1454; x_wconf 78' lang='grc' dir='ltr'>αὑτοῦ</span> <span class='ocrx_word' id='word_1_83' title='bbox 714 1401 891 1474; x_wconf 87' lang='grc' dir='ltr'>ἀρχὴν</span> <span class='ocrx_word' id='word_1_84' title='bbox 931 1405 1207 1477; x_wconf 85' lang='grc' dir='ltr'>χρονικὴν,</span> <span class='ocrx_word' id='word_1_85' title='bbox 1241 1406 1375 1478; x_wconf 81' lang='grc' dir='ltr'>μηδὲ</span> <span class='ocrx_word' id='word_1_86' title='bbox 1418 1408 1591 1471; x_wconf 88' lang='grc' dir='ltr'>τέλος.</span> <span class='ocrx_word' id='word_1_87' title='bbox 1635 1409 1708 1463; x_wconf 88' lang='grc' dir='ltr'>Τδ</span> <span class='ocrx_word' id='word_1_88' title='bbox 1756 1412 1853 1482; x_wconf 80' lang='grc' dir='ltr'>μὲν</span> <span class='ocrx_word' id='word_1_89' title='bbox 1879 1412 1986 1484; x_wconf 87' lang='lat'>7&amp;9</span> <span class='ocrx_word' id='word_1_90' title='bbox 2023 1407 2093 1484; x_wconf 75' lang='grc' dir='ltr'><strong>ἦν</strong></span> 
     </span>
    </p>
   </div>
   <div class='ocr_carea' id='block_1_12' title="bbox 518 1485 2091 1566">
    <p class='ocr_par' dir='ltr' id='par_1_12' title="bbox 518 1485 2091 1566">
     <span class='ocr_line' id='line_1_12' title="bbox 518 1485 2091 1566; baseline 0.01 -28"><span class='ocrx_word' id='word_1_91' title='bbox 518 1485 667 1552; x_wconf 82' lang='grc' dir='ltr'>σκιά,</span> <span class='ocrx_word' id='word_1_92' title='bbox 693 1486 753 1541; x_wconf 74' lang='grc' dir='ltr'>τὸ</span> <span class='ocrx_word' id='word_1_93' title='bbox 779 1487 836 1543; x_wconf 82' lang='grc' dir='ltr'>δέ</span> <span class='ocrx_word' id='word_1_94' title='bbox 861 1489 1103 1563; x_wconf 80' lang='grc' dir='ltr'>ἀλήθεια.</span> <span class='ocrx_word' id='word_1_95' title='bbox 1131 1486 1341 1563; x_wconf 76' lang='grc' dir='ltr'>’Ὠσπερ</span> <span class='ocrx_word' id='word_1_96' title='bbox 1359 1489 1472 1559; x_wconf 79' lang='grc' dir='ltr'>οὖν,</span> <span class='ocrx_word' id='word_1_97' title='bbox 1506 1497 1755 1566; x_wconf 80' lang='grc' dir='ltr'>Ἰησοῦς,</span> <span class='ocrx_word' id='word_1_98' title='bbox 1775 1499 2008 1564; x_wconf 84' lang='grc' dir='ltr'>ἀκούων,</span> <span class='ocrx_word' id='word_1_99' title='bbox 2030 1501 2091 1554; x_wconf 84' lang='grc' dir='ltr'>ού</span> 
     </span>
    </p>
   </div>
   <div class='ocr_carea' id='block_1_13' title="bbox 517 1572 2093 1658">
    <p class='ocr_par' dir='ltr' id='par_1_13' title="bbox 517 1572 2093 1658">
     <span class='ocr_line' id='line_1_13' title="bbox 517 1572 2093 1658; baseline 0.01 -33"><span class='ocrx_word' id='word_1_100' title='bbox 517 1572 608 1627; x_wconf 80' lang='grc' dir='ltr'><strong>τὸν</strong></span> <span class='ocrx_word' id='word_1_101' title='bbox 645 1572 861 1644; x_wconf 87' lang='grc' dir='ltr'>ἀληθῶς</span> <span class='ocrx_word' id='word_1_102' title='bbox 910 1574 1117 1648; x_wconf 81' lang='grc' dir='ltr'>Ἰησοῦν</span> <span class='ocrx_word' id='word_1_103' title='bbox 1160 1577 1511 1645; x_wconf 81' lang='grc' dir='ltr'>ὑποπτεύεις,</span> <span class='ocrx_word' id='word_1_104' title='bbox 1542 1582 1683 1637; x_wconf 86' lang='grc' dir='ltr'>ἀλλά</span> <span class='ocrx_word' id='word_1_105' title='bbox 1705 1582 1797 1638; x_wconf 89' lang='grc' dir='ltr'>τοῦ</span> <span class='ocrx_word' id='word_1_106' title='bbox 1827 1584 2093 1658; x_wconf 81' lang='grc' dir='ltr'>ὀνόματος</span> 
     </span>
    </p>
   </div>
   <div class='ocr_carea' id='block_1_14' title="bbox 517 1660 2093 1744">
    <p class='ocr_par' dir='ltr' id='par_1_14' title="bbox 517 1660 2093 1744">
     <span class='ocr_line' id='line_1_14' title="bbox 517 1660 2093 1744; baseline 0.011 -30"><span class='ocrx_word' id='word_1_107' title='bbox 517 1660 605 1714; x_wconf 84' lang='grc' dir='ltr'>τὸν</span> <span class='ocrx_word' id='word_1_108' title='bbox 625 1661 792 1716; x_wconf 81' lang='grc' dir='ltr'>τύπον</span> <span class='ocrx_word' id='word_1_109' title='bbox 813 1663 945 1738; x_wconf 80' lang='grc' dir='ltr'>δέχῃ</span> <span class='ocrx_word' id='word_1_110' title='bbox 963 1664 1143 1735; x_wconf 89' lang='grc' dir='ltr'>μόνον,</span> <span class='ocrx_word' id='word_1_111' title='bbox 1156 1668 1250 1721; x_wconf 73' lang='lat' dir='ltr'><strong><em>xal</em></strong></span> <span class='ocrx_word' id='word_1_112' title='bbox 1271 1669 1421 1724; x_wconf 82' lang='grc' dir='ltr'>οὐδὲν</span> <span class='ocrx_word' id='word_1_113' title='bbox 1446 1670 1606 1724; x_wconf 84' lang='grc' dir='ltr'>πλέον</span> <span class='ocrx_word' id='word_1_114' title='bbox 1630 1672 1907 1744; x_wconf 74' lang='grc' dir='ltr'>ἐπιζητεῖς</span> <span class='ocrx_word' id='word_1_115' title='bbox 1921 1691 1933 1705; x_wconf 91' lang='grc'><strong>·</strong></span> <span class='ocrx_word' id='word_1_116' title='bbox 1951 1674 2093 1732; x_wconf 79' lang='grc' dir='ltr'>οὓτω</span> 
     </span>
    </p>
   </div>
   <div class='ocr_carea' id='block_1_15' title="bbox 518 1748 2090 1833">
    <p class='ocr_par' dir='ltr' id='par_1_15' title="bbox 518 1748 2090 1833">
     <span class='ocr_line' id='line_1_15' title="bbox 518 1748 2090 1833; baseline 0.01 -32"><span class='ocrx_word' id='word_1_117' title='bbox 518 1748 613 1807; x_wconf 54' lang='grc' dir='ltr'>καὶ⁸</span> <span class='ocrx_word' id='word_1_118' title='bbox 635 1748 848 1807; x_wconf 86' lang='grc' dir='ltr'>ἀκούων</span> <span class='ocrx_word' id='word_1_119' title='bbox 874 1751 966 1804; x_wconf 81' lang='grc' dir='ltr'>τὸν</span> <span class='ocrx_word' id='word_1_120' title='bbox 988 1752 1322 1824; x_wconf 83' lang='grc' dir='ltr'>Μελχισεδὲκ</span> <span class='ocrx_word' id='word_1_121' title='bbox 1341 1755 1573 1828; x_wconf 76' lang='grc' dir='ltr'>ἄναρχον</span> <span class='ocrx_word' id='word_1_122' title='bbox 1593 1760 1689 1814; x_wconf 75' lang='grc' dir='ltr'>καὶ</span> <span class='ocrx_word' id='word_1_123' title='bbox 1716 1760 2090 1833; x_wconf 84' lang='grc' dir='ltr'>ἀτελεύτητον,</span> 
     </span>
    </p>
   </div>
   <div class='ocr_carea' id='block_1_16' title="bbox 520 1834 2093 1919">
    <p class='ocr_par' dir='ltr' id='par_1_16' title="bbox 520 1834 2093 1919">
     <span class='ocr_line' id='line_1_16' title="bbox 520 1834 2093 1919; baseline 0.01 -30"><span class='ocrx_word' id='word_1_124' title='bbox 520 1834 597 1907; x_wconf 79' lang='grc' dir='ltr'>μὴ</span> <span class='ocrx_word' id='word_1_125' title='bbox 619 1836 677 1891; x_wconf 87' lang='grc' dir='ltr'>ἐν</span> <span class='ocrx_word' id='word_1_126' title='bbox 713 1838 781 1908; x_wconf 74' lang='grc' dir='ltr'>τῇ</span> <span class='ocrx_word' id='word_1_127' title='bbox 808 1835 915 1891; x_wconf 88' lang='grc' dir='ltr'>τῶν</span> <span class='ocrx_word' id='word_1_128' title='bbox 948 1840 1289 1911; x_wconf 78' lang='grc' dir='ltr'>πραγμάτων</span> <span class='ocrx_word' id='word_1_129' title='bbox 1314 1843 1545 1917; x_wconf 78' lang='grc' dir='ltr'>ἀληθεία</span> <span class='ocrx_word' id='word_1_130' title='bbox 1569 1846 1737 1900; x_wconf 77' lang='grc' dir='ltr'>αὐτὸν</span> <span class='ocrx_word' id='word_1_131' title='bbox 1774 1846 1945 1919; x_wconf 82' lang='grc' dir='ltr'>ζήτει,</span> <span class='ocrx_word' id='word_1_132' title='bbox 1977 1849 2093 1903; x_wconf 83' lang='grc' dir='ltr'>ἀλλ’</span> 
     </span>
    </p>
   </div>
   <div class='ocr_carea' id='block_1_17' title="bbox 515 1920 2090 2005">
    <p class='ocr_par' dir='ltr' id='par_1_17' title="bbox 515 1920 2090 2005">
     <span class='ocr_line' id='line_1_17' title="bbox 515 1920 2090 2005; baseline 0.01 -30"><span class='ocrx_word' id='word_1_133' title='bbox 515 1920 689 1993; x_wconf 82' lang='grc' dir='ltr'>ἀρκοῦ</span> <span class='ocrx_word' id='word_1_134' title='bbox 717 1925 781 1995; x_wconf 83' lang='grc' dir='ltr'><strong>τῇ</strong></span> <span class='ocrx_word' id='word_1_135' title='bbox 802 1928 1146 2000; x_wconf 80' lang='grc' dir='ltr'>προσηγορίᾳ</span> <span class='ocrx_word' id='word_1_136' title='bbox 1179 1929 1339 2003; x_wconf 79' lang='grc' dir='ltr'>μόνῃ,</span> <span class='ocrx_word' id='word_1_137' title='bbox 1373 1929 1473 2001; x_wconf 83' lang='grc' dir='ltr'>τὴν</span> <span class='ocrx_word' id='word_1_138' title='bbox 1500 1930 1558 1985; x_wconf 85' lang='grc' dir='ltr'>δέ</span> <span class='ocrx_word' id='word_1_139' title='bbox 1586 1932 1845 2005; x_wconf 81' lang='grc' dir='ltr'>ἀλήθειαν</span> <span class='ocrx_word' id='word_1_140' title='bbox 1882 1936 1975 1989; x_wconf 72' lang='grc' dir='ltr'>ἐπὶ</span> <span class='ocrx_word' id='word_1_141' title='bbox 1994 1936 2090 1990; x_wconf 87' lang='grc' dir='ltr'>τοῦ</span> 
     </span>
    </p>
   </div>
   <div class='ocr_carea' id='block_1_18' title="bbox 515 2011 2144 2098">
    <p class='ocr_par' dir='ltr' id='par_1_18' title="bbox 515 2011 2144 2098">
     <span class='ocr_line' id='line_1_18' title="bbox 515 2011 2144 2098; baseline 0.01 -34"><span class='ocrx_word' id='word_1_142' title='bbox 515 2011 751 2083; x_wconf 80' lang='grc' dir='ltr'>Χριστοῦ</span> <span class='ocrx_word' id='word_1_143' title='bbox 800 2016 1201 2087; x_wconf 78' lang='grc' dir='ltr'>καταμάνθανε.</span> <span class='ocrx_word' id='word_1_144' title='bbox 1226 2019 1439 2092; x_wconf 79' lang='grc' dir='ltr'>Ὅρκον</span> <span class='ocrx_word' id='word_1_145' title='bbox 1468 2021 1527 2075; x_wconf 79' lang='grc' dir='ltr'>δὲ</span> <span class='ocrx_word' id='word_1_146' title='bbox 1554 2022 1684 2078; x_wconf 84' lang='grc' dir='ltr'>ὅταν</span> <span class='ocrx_word' id='word_1_147' title='bbox 1712 2024 1973 2097; x_wconf 82' lang='grc' dir='ltr'>ἀκούσῃς,</span> <span class='ocrx_word' id='word_1_148' title='bbox 2014 2026 2092 2098; x_wconf 77' lang='grc' dir='ltr'>μὴ</span> <span class='ocrx_word' id='word_1_149' title='bbox 2136 2048 2144 2057; x_wconf 94' lang='grc'><strong>·</strong></span> 
     </span>
    </p>
   </div>
   <div class='ocr_carea' id='block_1_19' title="bbox 513 2099 2087 2181">
    <p class='ocr_par' dir='ltr' id='par_1_19' title="bbox 513 2099 2087 2181">
     <span class='ocr_line' id='line_1_19' title="bbox 513 2099 2087 2181; baseline 0.01 -28"><span class='ocrx_word' id='word_1_150' title='bbox 513 2099 675 2170; x_wconf 85' lang='grc' dir='ltr'>ὅρκον</span> <span class='ocrx_word' id='word_1_151' title='bbox 705 2101 913 2173; x_wconf 79' lang='grc' dir='ltr'>νόμιζε.</span> <span class='ocrx_word' id='word_1_152' title='bbox 936 2105 1146 2179; x_wconf 82' lang='grc' dir='ltr'>Ὠσπερ</span> <span class='ocrx_word' id='word_1_153' title='bbox 1168 2107 1277 2181; x_wconf 83' lang='lat'>7&amp;9</span> <span class='ocrx_word' id='word_1_154' title='bbox 1309 2108 1503 2180; x_wconf 86' lang='grc' dir='ltr'>θυμὸς,</span> <span class='ocrx_word' id='word_1_155' title='bbox 1532 2111 1593 2165; x_wconf 86' lang='grc' dir='ltr'>ού</span> <span class='ocrx_word' id='word_1_156' title='bbox 1615 2110 1785 2180; x_wconf 77' lang='grc' dir='ltr'>θυμὸς</span> <span class='ocrx_word' id='word_1_157' title='bbox 1808 2112 1902 2167; x_wconf 80' lang='grc' dir='ltr'>ἐπὶ</span> <span class='ocrx_word' id='word_1_158' title='bbox 1928 2113 2087 2176; x_wconf 86' lang='grc' dir='ltr'>Θεοῦ.</span> 
     </span>
    </p>
   </div>
   <div class='ocr_carea' id='block_1_20' title="bbox 512 2189 2089 2268">
    <p class='ocr_par' dir='ltr' id='par_1_20' title="bbox 512 2189 2089 2268">
     <span class='ocr_line' id='line_1_20' title="bbox 512 2189 2089 2268; baseline 0.01 -26"><span class='ocrx_word' id='word_1_159' title='bbox 512 2189 648 2244; x_wconf 86' lang='grc' dir='ltr'>ἀλλὰ</span> <span class='ocrx_word' id='word_1_160' title='bbox 670 2191 733 2246; x_wconf 81' lang='grc' dir='ltr'>τὸ</span> <span class='ocrx_word' id='word_1_161' title='bbox 748 2195 1134 2267; x_wconf 65' lang='grc' dir='ltr'>τιμωρητικὸν,</span> <span class='ocrx_word' id='word_1_162' title='bbox 1167 2198 1260 2252; x_wconf 75' lang='grc' dir='ltr'>καὶ</span> <span class='ocrx_word' id='word_1_163' title='bbox 1279 2199 1341 2252; x_wconf 87' lang='grc' dir='ltr'>ού</span> <span class='ocrx_word' id='word_1_164' title='bbox 1364 2199 1536 2264; x_wconf 79' lang='grc' dir='ltr'>πάθος</span> <span class='ocrx_word' id='word_1_165' title='bbox 1561 2202 1711 2256; x_wconf 83' lang='grc' dir='ltr'>ἐστίν</span> <span class='ocrx_word' id='word_1_166' title='bbox 1734 2219 1745 2233; x_wconf 81' lang='grc'><em>’</em></span> <span class='ocrx_word' id='word_1_167' title='bbox 1773 2201 1946 2268; x_wconf 78' lang='grc' dir='ltr'>οὕτως</span> <span class='ocrx_word' id='word_1_168' title='bbox 1965 2203 2089 2258; x_wconf 72' lang='grc' dir='ltr'>οὐδὲ</span> 
     </span>
    </p>
   </div>
   <div class='ocr_carea' id='block_1_21' title="bbox 511 2277 2091 2363">
    <p class='ocr_par' dir='ltr' id='par_1_21' title="bbox 511 2277 2091 2363">
     <span class='ocr_line' id='line_1_21' title="bbox 511 2277 2091 2363; baseline 0.009 -33"><span class='ocrx_word' id='word_1_169' title='bbox 511 2277 695 2348; x_wconf 83' lang='grc' dir='ltr'>ὅρκος.</span> <span class='ocrx_word' id='word_1_170' title='bbox 722 2280 796 2334; x_wconf 86' lang='grc' dir='ltr'>Ού</span> <span class='ocrx_word' id='word_1_171' title='bbox 817 2281 926 2354; x_wconf 96' lang='lat'>7&amp;9</span> <span class='ocrx_word' id='word_1_172' title='bbox 944 2282 1143 2354; x_wconf 78' lang='grc' dir='ltr'>ϐμνυσι</span> <span class='ocrx_word' id='word_1_173' title='bbox 1170 2284 1324 2350; x_wconf 82' lang='grc' dir='ltr'>Θεὸς,</span> <span class='ocrx_word' id='word_1_174' title='bbox 1358 2286 1495 2342; x_wconf 87' lang='grc' dir='ltr'>άλλά</span> <span class='ocrx_word' id='word_1_175' title='bbox 1516 2288 1579 2342; x_wconf 83' lang='grc' dir='ltr'>τδ</span> <span class='ocrx_word' id='word_1_176' title='bbox 1598 2289 1816 2354; x_wconf 83' lang='grc' dir='ltr'>πάντως</span> <span class='ocrx_word' id='word_1_177' title='bbox 1835 2290 2091 2363; x_wconf 80' lang='grc' dir='ltr'>ἐσόμενον</span> 
     </span>
    </p>
   </div>
   <div class='ocr_carea' id='block_1_22' title="bbox 513 2363 2154 2446">
    <p class='ocr_par' dir='ltr' id='par_1_22' title="bbox 513 2363 2154 2446">
     <span class='ocr_line' id='line_1_22' title="bbox 513 2363 2154 2446; baseline 0.008 -28"><span class='ocrx_word' id='word_1_178' title='bbox 513 2363 684 2435; x_wconf 81' lang='grc' dir='ltr'>λέγει.</span> <span class='ocrx_word' id='word_1_179' title='bbox 716 2367 903 2423; x_wconf 86' lang='grc' dir='ltr'>Εἰπὼν</span> <span class='ocrx_word' id='word_1_180' title='bbox 939 2370 1115 2425; x_wconf 88' lang='grc' dir='ltr'>τοίνυν</span> <span class='ocrx_word' id='word_1_181' title='bbox 1141 2369 1244 2443; x_wconf 84' lang='grc' dir='ltr'>τὴν</span> <span class='ocrx_word' id='word_1_182' title='bbox 1268 2373 1631 2446; x_wconf 82' lang='grc' dir='ltr'>λαμπρότητα</span> <span class='ocrx_word' id='word_1_183' title='bbox 1656 2375 1766 2429; x_wconf 88' lang='grc' dir='ltr'>τῶν</span> <span class='ocrx_word' id='word_1_184' title='bbox 1793 2375 1983 2446; x_wconf 82' lang='grc' dir='ltr'>ἁγίων,</span> <span class='ocrx_word' id='word_1_185' title='bbox 2029 2377 2091 2431; x_wconf 74' lang='grc' dir='ltr'>τὸ</span> <span class='ocrx_word' id='word_1_186' title='bbox 2138 2397 2154 2401; x_wconf 89' lang='grc'><strong>·</strong></span> 
     </span>
    </p>
   </div>
   <div class='ocr_carea' id='block_1_23' title="bbox 513 2452 2091 2536">
    <p class='ocr_par' dir='ltr' id='par_1_23' title="bbox 513 2452 2091 2536">
     <span class='ocr_line' id='line_1_23' title="bbox 513 2452 2091 2536; baseline 0.009 -31"><span class='ocrx_word' id='word_1_187' title='bbox 513 2452 740 2525; x_wconf 81' lang='grc' dir='ltr'>τεθῆναι</span> <span class='ocrx_word' id='word_1_188' title='bbox 757 2456 884 2521; x_wconf 83' lang='grc' dir='ltr'>τοὺς</span> <span class='ocrx_word' id='word_1_189' title='bbox 909 2456 1138 2529; x_wconf 77' lang='grc' dir='ltr'>ἐχθροὺς</span> <span class='ocrx_word' id='word_1_190' title='bbox 1168 2459 1273 2514; x_wconf 63' lang='grc' dir='ltr'>ὑπὸ</span> <span class='ocrx_word' id='word_1_191' title='bbox 1289 2463 1415 2525; x_wconf 82' lang='grc' dir='ltr'>τοὺς</span> <span class='ocrx_word' id='word_1_192' title='bbox 1439 2462 1606 2527; x_wconf 84' lang='grc' dir='ltr'>πόδας</span> <span class='ocrx_word' id='word_1_193' title='bbox 1622 2463 1809 2528; x_wconf 84' lang='grc' dir='ltr'>αὐτοῦ,</span> <span class='ocrx_word' id='word_1_194' title='bbox 1827 2463 1927 2535; x_wconf 82' lang='grc' dir='ltr'>τὴν</span> <span class='ocrx_word' id='word_1_195' title='bbox 1953 2464 2091 2536; x_wconf 79' lang='grc' dir='ltr'>ἠμέ-</span> 
     </span>
    </p>
   </div>
   <div class='ocr_carea' id='block_1_24' title="bbox 518 2543 2091 2622">
    <p class='ocr_par' dir='ltr' id='par_1_24' title="bbox 518 2543 2091 2622">
     <span class='ocr_line' id='line_1_24' title="bbox 518 2543 2091 2622; baseline 0.008 -27"><span class='ocrx_word' id='word_1_196' title='bbox 518 2559 621 2614; x_wconf 89' lang='grc' dir='ltr'><strong>ραν</strong></span> <span class='ocrx_word' id='word_1_197' title='bbox 640 2543 741 2613; x_wconf 85' lang='grc' dir='ltr'>τῆς</span> <span class='ocrx_word' id='word_1_198' title='bbox 768 2544 1070 2617; x_wconf 88' lang='grc' dir='ltr'>δυνάμεως,</span> <span class='ocrx_word' id='word_1_199' title='bbox 1091 2547 1241 2618; x_wconf 80' lang='grc' dir='ltr'>λέγει</span> <span class='ocrx_word' id='word_1_200' title='bbox 1269 2550 1363 2603; x_wconf 79' lang='grc' dir='ltr'>καὶ</span> <span class='ocrx_word' id='word_1_201' title='bbox 1391 2549 1462 2604; x_wconf 76' lang='grc' dir='ltr'>τά</span> <span class='ocrx_word' id='word_1_202' title='bbox 1488 2552 1731 2622; x_wconf 86' lang='grc' dir='ltr'>παρόντα</span> <span class='ocrx_word' id='word_1_203' title='bbox 1760 2552 2091 2608; x_wconf 70' lang='grc' dir='ltr'>λοιπόν.Κα⁴ι</span> 
     </span>
    </p>
   </div>
   <div class='ocr_carea' id='block_1_25' title="bbox 515 2629 2090 2713">
    <p class='ocr_par' dir='ltr' id='par_1_25' title="bbox 515 2629 2090 2713">
     <span class='ocr_line' id='line_1_25' title="bbox 515 2629 2090 2713; baseline 0.008 -31"><span class='ocrx_word' id='word_1_204' title='bbox 515 2629 619 2701; x_wconf 81' lang='grc' dir='ltr'>ὅρα</span> <span class='ocrx_word' id='word_1_205' title='bbox 649 2632 768 2685; x_wconf 79' lang='grc' dir='ltr'>οἵαν</span> <span class='ocrx_word' id='word_1_206' title='bbox 793 2635 1025 2688; x_wconf 81' lang='grc' dir='ltr'>ποιεῖται</span> <span class='ocrx_word' id='word_1_207' title='bbox 1050 2634 1203 2700; x_wconf 80' lang='grc' dir='ltr'><strong>τάξιν</strong></span> <span class='ocrx_word' id='word_1_208' title='bbox 1226 2635 1301 2708; x_wconf 83' lang='grc' dir='ltr'>τῷ</span> <span class='ocrx_word' id='word_1_209' title='bbox 1323 2636 1484 2710; x_wconf 85' lang='grc' dir='ltr'>λόγῳ,</span> <span class='ocrx_word' id='word_1_210' title='bbox 1519 2638 1609 2692; x_wconf 77' lang='grc' dir='ltr'><strong>τὸν</strong></span> <span class='ocrx_word' id='word_1_211' title='bbox 1628 2640 1862 2712; x_wconf 80' lang='grc' dir='ltr'>σκληρὸν</span> <span class='ocrx_word' id='word_1_212' title='bbox 1884 2641 2090 2713; x_wconf 87' lang='grc' dir='ltr'>ἀκροα-</span> 
     </span>
    </p>
   </div>
   <div class='ocr_carea' id='block_1_26' title="bbox 513 2719 2090 2801">
    <p class='ocr_par' dir='ltr' id='par_1_26' title="bbox 513 2719 2090 2801">
     <span class='ocr_line' id='line_1_26' title="bbox 513 2719 2090 2801; baseline 0.006 -30"><span class='ocrx_word' id='word_1_213' title='bbox 513 2719 615 2789; x_wconf 84' lang='grc' dir='ltr'><strong>τὴν</strong></span> <span class='ocrx_word' id='word_1_214' title='bbox 651 2720 1108 2792; x_wconf 86' lang='grc' dir='ltr'>καταμαλάσσων.</span> <span class='ocrx_word' id='word_1_215' title='bbox 1138 2724 1407 2797; x_wconf 76' lang='grc' dir='ltr'><strong>Πρότερον</strong></span> <span class='ocrx_word' id='word_1_216' title='bbox 1435 2727 1541 2798; x_wconf 80' lang='grc' dir='ltr'>γάρ</span> <span class='ocrx_word' id='word_1_217' title='bbox 1569 2727 1814 2799; x_wconf 84' lang='grc' dir='ltr'>φοϐήσας</span> <span class='ocrx_word' id='word_1_218' title='bbox 1840 2728 1916 2801; x_wconf 82' lang='grc' dir='ltr'>τῷ</span> <span class='ocrx_word' id='word_1_219' title='bbox 1948 2729 2090 2801; x_wconf 83' lang='grc' dir='ltr'>λόγῳ</span> 
     </span>
    </p>
   </div>
   <div class='ocr_carea' id='block_1_27' title="bbox 513 2806 2091 2884">
    <p class='ocr_par' dir='ltr' id='par_1_27' title="bbox 513 2806 2091 2884">
     <span class='ocr_line' id='line_1_27' title="bbox 513 2806 2091 2884; baseline 0.006 -25"><span class='ocrx_word' id='word_1_220' title='bbox 513 2806 614 2877; x_wconf 80' lang='grc' dir='ltr'>τῆς</span> <span class='ocrx_word' id='word_1_221' title='bbox 635 2806 890 2879; x_wconf 87' lang='grc' dir='ltr'>κρίσεως,</span> <span class='ocrx_word' id='word_1_222' title='bbox 919 2811 1015 2865; x_wconf 66' lang='grc' dir='ltr'>καί</span> <span class='ocrx_word' id='word_1_223' title='bbox 1037 2810 1098 2864; x_wconf 83' lang='grc' dir='ltr'>τὸ</span> <span class='ocrx_word' id='word_1_224' title='bbox 1119 2810 1429 2867; x_wconf 88' lang='grc' dir='ltr'>δυσένδοτον</span> <span class='ocrx_word' id='word_1_225' title='bbox 1456 2811 1623 2867; x_wconf 86' lang='grc' dir='ltr'>αὐτοῦ</span> <span class='ocrx_word' id='word_1_226' title='bbox 1660 2813 1929 2884; x_wconf 75' lang='grc' dir='ltr'>μαλάξας,</span> <span class='ocrx_word' id='word_1_227' title='bbox 1947 2814 2091 2870; x_wconf 73' lang='grc' dir='ltr'>οὕτω</span> 
     </span>
    </p>
   </div>
   <div class='ocr_carea' id='block_1_28' title="bbox 508 2888 2096 2969">
    <p class='ocr_par' dir='ltr' id='par_1_28' title="bbox 508 2888 2096 2969">
     <span class='ocr_line' id='line_1_28' title="bbox 508 2888 2096 2969; baseline 0.009 -29"><span class='ocrx_word' id='word_1_228' title='bbox 508 2888 606 2967; x_wconf 73' lang='grc' dir='ltr'>καὶ</span> <span class='ocrx_word' id='word_1_229' title='bbox 623 2888 716 2942; x_wconf 82' lang='grc' dir='ltr'>τὸν</span> <span class='ocrx_word' id='word_1_230' title='bbox 732 2906 798 2942; x_wconf 90' lang='grc' dir='ltr'>πε</span> <span class='ocrx_word' id='word_1_231' title='bbox 808 2891 861 2960; x_wconf 72' lang='grc' dir='ltr'>ρ¹ι</span> <span class='ocrx_word' id='word_1_232' title='bbox 875 2890 983 2943; x_wconf 87' lang='grc' dir='ltr'><strong>τῶν</strong></span> <span class='ocrx_word' id='word_1_233' title='bbox 1000 2892 1286 2962; x_wconf 77' lang='grc' dir='ltr'><strong>παρόντων</strong></span> <span class='ocrx_word' id='word_1_234' title='bbox 1296 2895 1506 2963; x_wconf 80' lang='grc' dir='ltr'>εἰσάγει</span> <span class='ocrx_word' id='word_1_235' title='bbox 1522 2894 1699 2969; x_wconf 86' lang='grc' dir='ltr'>λόγον.</span> <span class='ocrx_word' id='word_1_236' title='bbox 1720 2897 1819 2952; x_wconf 85' lang='grc' dir='ltr'>Διὰ</span> <span class='ocrx_word' id='word_1_237' title='bbox 1835 2898 1991 2952; x_wconf 87' lang='grc' dir='ltr'>τοῦτο</span> <span class='ocrx_word' id='word_1_238' title='bbox 2002 2901 2096 2954; x_wconf 79' lang='grc' dir='ltr'>καὶ</span> 
     </span>
    </p>
   </div>
   <div class='ocr_carea' id='block_1_29' title="bbox 506 2980 2096 3057">
    <p class='ocr_par' dir='ltr' id='par_1_29' title="bbox 506 2980 2096 3057">
     <span class='ocr_line' id='line_1_29' title="bbox 506 2980 2096 3057; baseline 0.009 -25"><span class='ocrx_word' id='word_1_239' title='bbox 506 2980 766 3053; x_wconf 83' lang='grc' dir='ltr'><strong>τοιαύτην</strong></span> <span class='ocrx_word' id='word_1_240' title='bbox 796 2983 1031 3036; x_wconf 82' lang='grc' dir='ltr'>ποιεῖται</span> <span class='ocrx_word' id='word_1_241' title='bbox 1056 2982 1154 3055; x_wconf 81' lang='grc' dir='ltr'>τὴν</span> <span class='ocrx_word' id='word_1_242' title='bbox 1191 2986 1358 3057; x_wconf 80' lang='grc' dir='ltr'>μίξιν.</span> <span class='ocrx_word' id='word_1_243' title='bbox 1383 2986 1583 3041; x_wconf 84' lang='grc' dir='ltr'><strong>Σκόπει</strong></span> <span class='ocrx_word' id='word_1_244' title='bbox 1613 2988 1700 3042; x_wconf 81' lang='grc' dir='ltr'>δέ’</span> <span class='ocrx_word' id='word_1_245' title='bbox 1727 2989 1884 3054; x_wconf 86' lang='grc' dir='ltr'>Ἕως</span> <span class='ocrx_word' id='word_1_246' title='bbox 1908 2989 1988 3046; x_wconf 84' lang='grc' dir='ltr'>ἂν</span> <span class='ocrx_word' id='word_1_247' title='bbox 2013 2991 2096 3047; x_wconf 88' lang='grc' dir='ltr'>θῶ</span> 
     </span>
    </p>
   </div>
   <div class='ocr_carea' id='block_1_30' title="bbox 507 3070 2095 3140">
    <p class='ocr_par' dir='ltr' id='par_1_30' title="bbox 507 3070 2095 3140">
     <span class='ocr_line' id='line_1_30' title="bbox 507 3070 2095 3140; baseline 0.006 -18"><span class='ocrx_word' id='word_1_248' title='bbox 507 3070 652 3137; x_wconf 75' lang='grc' dir='ltr'>τοὺς</span> <span class='ocrx_word' id='word_1_249' title='bbox 665 3071 917 3140; x_wconf 83' lang='grc' dir='ltr'>ἐχθρούς</span> <span class='ocrx_word' id='word_1_250' title='bbox 932 3087 1049 3126; x_wconf 88' lang='grc' dir='ltr'>σου</span> <span class='ocrx_word' id='word_1_251' title='bbox 1071 3073 1404 3128; x_wconf 81' lang='grc' dir='ltr'>ὑποπόδιον</span> <span class='ocrx_word' id='word_1_252' title='bbox 1418 3072 1537 3129; x_wconf 85' lang='grc' dir='ltr'>τῶν</span> <span class='ocrx_word' id='word_1_253' title='bbox 1547 3072 1749 3129; x_wconf 77' lang='grc' dir='ltr'>ποδῶν</span> <span class='ocrx_word' id='word_1_254' title='bbox 1764 3091 1902 3133; x_wconf 88' lang='grc' dir='ltr'>σου.</span> <span class='ocrx_word' id='word_1_255' title='bbox 1925 3076 2095 3131; x_wconf 87' lang='grc' dir='ltr'>Τοῦτο</span> 
     </span>
    </p>
   </div>
   <div class='ocr_carea' id='block_1_31' title="bbox 512 3152 2092 3233">
    <p class='ocr_par' dir='ltr' id='par_1_31' title="bbox 512 3152 2092 3233">
     <span class='ocr_line' id='line_1_31' title="bbox 512 3152 2092 3233; baseline 0.004 -24"><span class='ocrx_word' id='word_1_256' title='bbox 512 3154 621 3210; x_wconf 82' lang='grc' dir='ltr'><strong>τῶν</strong></span> <span class='ocrx_word' id='word_1_257' title='bbox 642 3156 966 3227; x_wconf 76' lang='grc' dir='ltr'>μελλόντων·</span> <span class='ocrx_word' id='word_1_258' title='bbox 985 3152 1105 3212; x_wconf 77' lang='grc' dir='ltr'>εἶτα</span> <span class='ocrx_word' id='word_1_259' title='bbox 1120 3158 1189 3212; x_wconf 83' lang='grc' dir='ltr'><strong>τὰ</strong></span> <span class='ocrx_word' id='word_1_260' title='bbox 1209 3160 1451 3229; x_wconf 85' lang='grc' dir='ltr'>παρόντα</span> <span class='ocrx_word' id='word_1_261' title='bbox 1466 3177 1478 3189; x_wconf 88' lang='grc'><strong>·</strong></span> <span class='ocrx_word' id='word_1_262' title='bbox 1509 3160 1759 3215; x_wconf 78' lang='grc' dir='ltr'>Ῥάόδον</span> <span class='ocrx_word' id='word_1_263' title='bbox 1781 3161 2092 3233; x_wconf 80' lang='grc' dir='ltr'>δυνάμεώς</span> 
     </span>
    </p>
   </div>
   <div class='ocr_carea' id='block_1_32' title="bbox 514 3244 2092 3319">
    <p class='ocr_par' dir='ltr' id='par_1_32' title="bbox 514 3244 2092 3319">
     <span class='ocr_line' id='line_1_32' title="bbox 514 3244 2092 3319; baseline 0.005 -21"><span class='ocrx_word' id='word_1_264' title='bbox 514 3258 633 3299; x_wconf 90' lang='grc' dir='ltr'>σου</span> <span class='ocrx_word' id='word_1_265' title='bbox 650 3244 1047 3310; x_wconf 80' lang='grc' dir='ltr'>ἑξαποστελεῖ</span> <span class='ocrx_word' id='word_1_266' title='bbox 1063 3248 1280 3315; x_wconf 84' lang='grc' dir='ltr'>Κύριος</span> <span class='ocrx_word' id='word_1_267' title='bbox 1297 3247 1364 3302; x_wconf 76' lang='grc' dir='ltr'>ἐκ</span> <span class='ocrx_word' id='word_1_268' title='bbox 1383 3247 1534 3302; x_wconf 85' lang='grc' dir='ltr'>Σιών</span> <span class='ocrx_word' id='word_1_269' title='bbox 1547 3265 1563 3280; x_wconf 89' lang='grc'><strong>·</strong></span> <span class='ocrx_word' id='word_1_270' title='bbox 1581 3249 1678 3303; x_wconf 78' lang='grc' dir='ltr'>καὶ</span> <span class='ocrx_word' id='word_1_271' title='bbox 1702 3252 2092 3319; x_wconf 79' lang='grc' dir='ltr'>κατακυρίευε</span> 
     </span>
    </p>
   </div>
   <div class='ocr_carea' id='block_1_33' title="bbox 515 3329 2092 3406">
    <p class='ocr_par' dir='ltr' id='par_1_33' title="bbox 515 3329 2092 3406">
     <span class='ocr_line' id='line_1_33' title="bbox 515 3329 2092 3406; baseline 0.006 -22"><span class='ocrx_word' id='word_1_272' title='bbox 515 3332 587 3384; x_wconf 79' lang='grc' dir='ltr'>ἐν</span> <span class='ocrx_word' id='word_1_273' title='bbox 605 3329 777 3401; x_wconf 82' lang='grc' dir='ltr'>μέσῳ</span> <span class='ocrx_word' id='word_1_274' title='bbox 808 3330 929 3386; x_wconf 83' lang='grc' dir='ltr'>τῶν</span> <span class='ocrx_word' id='word_1_275' title='bbox 948 3332 1182 3403; x_wconf 81' lang='grc' dir='ltr'>ἐχθρῶν</span> <span class='ocrx_word' id='word_1_276' title='bbox 1210 3348 1326 3387; x_wconf 90' lang='grc' dir='ltr'>σου</span> <span class='ocrx_word' id='word_1_277' title='bbox 1347 3349 1363 3366; x_wconf 88' lang='grc'><strong>·</strong></span> <span class='ocrx_word' id='word_1_278' title='bbox 1396 3329 1517 3388; x_wconf 77' lang='grc' dir='ltr'>εἶτα</span> <span class='ocrx_word' id='word_1_279' title='bbox 1536 3334 1604 3388; x_wconf 87' lang='grc' dir='ltr'>τά</span> <span class='ocrx_word' id='word_1_280' title='bbox 1627 3335 1913 3406; x_wconf 77' lang='grc' dir='ltr'>μέλλονταο</span> <span class='ocrx_word' id='word_1_281' title='bbox 1930 3339 2092 3394; x_wconf 87' lang='grc' dir='ltr'>Μετὰ</span> 
     </span>
    </p>
   </div>
   <div class='ocr_carea' id='block_1_34' title="bbox 515 3416 2093 3493">
    <p class='ocr_par' dir='ltr' id='par_1_34' title="bbox 515 3416 2093 3493">
     <span class='ocr_line' id='line_1_34' title="bbox 515 3416 2093 3493; baseline 0.001 -20"><span class='ocrx_word' id='word_1_282' title='bbox 515 3416 634 3473; x_wconf 85' lang='grc' dir='ltr'>σοῦ</span> <span class='ocrx_word' id='word_1_283' title='bbox 658 3419 698 3487; x_wconf 80' lang='grc' dir='ltr'>ἡ</span> <span class='ocrx_word' id='word_1_284' title='bbox 719 3418 896 3488; x_wconf 73' lang='grc' dir='ltr'>ἀρχὴ,</span> <span class='ocrx_word' id='word_1_285' title='bbox 928 3418 1001 3473; x_wconf 77' lang='grc' dir='ltr'>ἐν</span> <span class='ocrx_word' id='word_1_286' title='bbox 1033 3420 1220 3490; x_wconf 73' lang='grc' dir='ltr'>ἡμέρᾳ</span> <span class='ocrx_word' id='word_1_287' title='bbox 1238 3418 1350 3488; x_wconf 82' lang='grc' dir='ltr'>τῆς</span> <span class='ocrx_word' id='word_1_288' title='bbox 1372 3419 1680 3490; x_wconf 80' lang='grc' dir='ltr'>δυνάμεώς</span> <span class='ocrx_word' id='word_1_289' title='bbox 1701 3437 1818 3478; x_wconf 90' lang='grc' dir='ltr'>σου</span> <span class='ocrx_word' id='word_1_290' title='bbox 1852 3425 1923 3478; x_wconf 80' lang='grc' dir='ltr'>ἐν</span> <span class='ocrx_word' id='word_1_291' title='bbox 1964 3425 2093 3493; x_wconf 79' lang='grc' dir='ltr'>ταῖς</span> 
     </span>
    </p>
   </div>
   <div class='ocr_carea' id='block_1_35' title="bbox 514 3503 2088 3585">
    <p class='ocr_par' dir='ltr' id='par_1_35' title="bbox 514 3503 2088 3585">
     <span class='ocr_line' id='line_1_35' title="bbox 514 3503 2088 3585; baseline 0.004 -26"><span class='ocrx_word' id='word_1_292' title='bbox 514 3506 895 3576; x_wconf 71' lang='grc' dir='ltr'>λαμπρότησι</span> <span class='ocrx_word' id='word_1_293' title='bbox 924 3504 1044 3561; x_wconf 86' lang='grc' dir='ltr'>τῶν</span> <span class='ocrx_word' id='word_1_294' title='bbox 1074 3507 1273 3576; x_wconf 77' lang='grc' dir='ltr'>ἁγίων,</span> <span class='ocrx_word' id='word_1_295' title='bbox 1331 3503 1467 3563; x_wconf 83' lang='grc' dir='ltr'>Εἶτα</span> <span class='ocrx_word' id='word_1_296' title='bbox 1500 3507 1662 3563; x_wconf 83' lang='grc' dir='ltr'>πάλιν</span> <span class='ocrx_word' id='word_1_297' title='bbox 1690 3508 1762 3565; x_wconf 81' lang='grc' dir='ltr'>τὰ</span> <span class='ocrx_word' id='word_1_298' title='bbox 1814 3512 2088 3585; x_wconf 88' lang='grc' dir='ltr'>παρόντα,</span> 
     </span>
    </p>
   </div>
   <div class='ocr_carea' id='block_1_36' title="bbox 516 3592 2093 3669">
    <p class='ocr_par' dir='ltr' id='par_1_36' title="bbox 516 3592 2093 3669">
     <span class='ocr_line' id='line_1_36' title="bbox 516 3592 2093 3669; baseline 0.005 -22"><span class='ocrx_word' id='word_1_299' title='bbox 516 3593 702 3649; x_wconf 80' lang='grc' dir='ltr'>οὐκέτι</span> <span class='ocrx_word' id='word_1_300' title='bbox 723 3593 990 3665; x_wconf 79' lang='grc' dir='ltr'>τιμωρίαν</span> <span class='ocrx_word' id='word_1_301' title='bbox 1012 3592 1222 3665; x_wconf 78' lang='grc' dir='ltr'>ἔχοντα,</span> <span class='ocrx_word' id='word_1_302' title='bbox 1247 3592 1365 3648; x_wconf 79' lang='grc' dir='ltr'>ἀλλ’</span> <span class='ocrx_word' id='word_1_303' title='bbox 1392 3595 1714 3667; x_wconf 85' lang='grc' dir='ltr'>εὐεργεσίαν</span> <span class='ocrx_word' id='word_1_304' title='bbox 1738 3614 1752 3628; x_wconf 85' lang='grc'><em>’</em></span> <span class='ocrx_word' id='word_1_305' title='bbox 1788 3598 1872 3653; x_wconf 86' lang='grc' dir='ltr'>Σὺ</span> <span class='ocrx_word' id='word_1_306' title='bbox 1901 3601 2093 3669; x_wconf 73' lang='grc' dir='ltr'>ἱερεὺς</span> 
     </span>
    </p>
   </div>
   <div class='ocr_carea' id='block_1_37' title="bbox 514 3674 2094 3754">
    <p class='ocr_par' dir='ltr' id='par_1_37' title="bbox 514 3674 2094 3754">
     <span class='ocr_line' id='line_1_37' title="bbox 514 3674 2094 3754; baseline 0.006 -19"><span class='ocrx_word' id='word_1_307' title='bbox 514 3684 603 3749; x_wconf 76' lang='grc' dir='ltr'>είς</span> <span class='ocrx_word' id='word_1_308' title='bbox 633 3682 740 3736; x_wconf 83' lang='grc' dir='ltr'>τὸν</span> <span class='ocrx_word' id='word_1_309' title='bbox 759 3679 947 3736; x_wconf 86' lang='grc' dir='ltr'>αἰῶνα</span> <span class='ocrx_word' id='word_1_310' title='bbox 972 3680 1122 3736; x_wconf 81' lang='grc' dir='ltr'>κατὰ</span> <span class='ocrx_word' id='word_1_311' title='bbox 1150 3681 1264 3751; x_wconf 77' lang='grc' dir='ltr'>τὴν</span> <span class='ocrx_word' id='word_1_312' title='bbox 1288 3682 1468 3749; x_wconf 76' lang='grc' dir='ltr'>τάξιν</span> <span class='ocrx_word' id='word_1_313' title='bbox 1494 3685 1888 3754; x_wconf 79' lang='grc' dir='ltr'>Μελχισεδέκ.</span> <span class='ocrx_word' id='word_1_314' title='bbox 1922 3674 2094 3744; x_wconf 80' lang='grc' dir='ltr'>Τοῦτο</span> 
     </span>
    </p>
   </div>
   <div class='ocr_carea' id='block_1_38' title="bbox 472 3758 2090 3846">
    <p class='ocr_par' dir='ltr' id='par_1_38' title="bbox 472 3758 2090 3846">
     <span class='ocr_line' id='line_1_38' title="bbox 472 3758 2090 3846; baseline 0.005 -22"><span class='ocrx_word' id='word_1_315' title='bbox 472 3758 475 3761; x_wconf 53' lang='grc'><em>’</em></span> <span class='ocrx_word' id='word_1_316' title='bbox 513 3768 624 3841; x_wconf 78' lang='grc' dir='ltr'>γὰρ</span> <span class='ocrx_word' id='word_1_317' title='bbox 652 3768 922 3843; x_wconf 82' lang='grc' dir='ltr'>ἁμαρτίας</span> <span class='ocrx_word' id='word_1_318' title='bbox 942 3769 1250 3841; x_wconf 83' lang='grc' dir='ltr'>ἀναίρεσις,</span> <span class='ocrx_word' id='word_1_319' title='bbox 1287 3772 1380 3825; x_wconf 79' lang='grc' dir='ltr'>καὶ</span> <span class='ocrx_word' id='word_1_320' title='bbox 1412 3772 1727 3842; x_wconf 82' lang='grc' dir='ltr'>καταλλαγὴ</span> <span class='ocrx_word' id='word_1_321' title='bbox 1772 3776 1908 3846; x_wconf 78' lang='grc' dir='ltr'>πρὸς</span> <span class='ocrx_word' id='word_1_322' title='bbox 1935 3776 2090 3834; x_wconf 73' lang='grc' dir='ltr'>Θεόν.</span> 
     </span>
    </p>
   </div>
   <div class='ocr_carea' id='block_1_39' title="bbox 512 3852 2092 3936">
    <p class='ocr_par' dir='ltr' id='par_1_39' title="bbox 512 3852 2092 3936">
     <span class='ocr_line' id='line_1_39' title="bbox 512 3852 2092 3936; baseline 0.006 -25"><span class='ocrx_word' id='word_1_323' title='bbox 512 3852 650 3912; x_wconf 78' lang='grc' dir='ltr'>Εἶτα</span> <span class='ocrx_word' id='word_1_324' title='bbox 701 3856 986 3928; x_wconf 77' lang='grc' dir='ltr'>ἐπιμείνας</span> <span class='ocrx_word' id='word_1_325' title='bbox 1034 3858 1216 3922; x_wconf 82' lang='grc' dir='ltr'>αὐτοῖς</span> <span class='ocrx_word' id='word_1_326' title='bbox 1271 3859 1396 3913; x_wconf 84' lang='grc' dir='ltr'>ὅσον</span> <span class='ocrx_word' id='word_1_327' title='bbox 1453 3859 1737 3930; x_wconf 75' lang='grc' dir='ltr'>ἠϐούλετο,</span> <span class='ocrx_word' id='word_1_328' title='bbox 1795 3862 1958 3919; x_wconf 83' lang='grc' dir='ltr'>πάλιν</span> <span class='ocrx_word' id='word_1_329' title='bbox 1994 3866 2092 3936; x_wconf 82' lang='grc' dir='ltr'>τῆς</span> 
     </span>
    </p>
   </div>
   <div class='ocr_carea' id='block_1_40' title="bbox 512 3946 2095 4022">
    <p class='ocr_par' dir='ltr' id='par_1_40' title="bbox 512 3946 2095 4022">
     <span class='ocr_line' id='line_1_40' title="bbox 512 3946 2095 4022; baseline 0.004 -22"><span class='ocrx_word' id='word_1_330' title='bbox 512 3946 825 4016; x_wconf 76' lang='grc' dir='ltr'>οἰκονομίας</span> <span class='ocrx_word' id='word_1_331' title='bbox 848 3946 1102 4009; x_wconf 65' lang='grc' dir='ltr'>ἅπτεται,</span> <span class='ocrx_word' id='word_1_332' title='bbox 1147 3949 1242 4001; x_wconf 72' lang='grc' dir='ltr'>ἐπὶ</span> <span class='ocrx_word' id='word_1_333' title='bbox 1276 3948 1338 4002; x_wconf 83' lang='grc' dir='ltr'>τὸ</span> <span class='ocrx_word' id='word_1_334' title='bbox 1367 3950 1749 4022; x_wconf 77' lang='grc' dir='ltr'><strong>ταπεινότερον</strong></span> <span class='ocrx_word' id='word_1_335' title='bbox 1797 3951 1888 4006; x_wconf 81' lang='grc' dir='ltr'>τὸν</span> <span class='ocrx_word' id='word_1_336' title='bbox 1937 3951 2095 4022; x_wconf 88' lang='grc' dir='ltr'>λόγον</span> 
     </span>
    </p>
   </div>
   <div class='ocr_carea' id='block_1_41' title="bbox 518 4033 2091 4107">
    <p class='ocr_par' dir='ltr' id='par_1_41' title="bbox 518 4033 2091 4107">
     <span class='ocr_line' id='line_1_41' title="bbox 518 4033 2091 4107; baseline 0.008 -20"><span class='ocrx_word' id='word_1_337' title='bbox 518 4033 1026 4106; x_wconf 81' lang='grc' dir='ltr'>μετασχηματίζων,</span> <span class='ocrx_word' id='word_1_338' title='bbox 1047 4036 1143 4089; x_wconf 78' lang='grc' dir='ltr'>καὶ</span> <span class='ocrx_word' id='word_1_339' title='bbox 1162 4035 1337 4104; x_wconf 87' lang='grc' dir='ltr'>λέγων</span> <span class='ocrx_word' id='word_1_340' title='bbox 1357 4054 1370 4067; x_wconf 80' lang='grc'><em>’</em></span> <span class='ocrx_word' id='word_1_341' title='bbox 1397 4038 1612 4107; x_wconf 84' lang='grc' dir='ltr'>Κύριος</span> <span class='ocrx_word' id='word_1_342' title='bbox 1627 4039 1698 4093; x_wconf 82' lang='grc' dir='ltr'>ἐκ</span> <span class='ocrx_word' id='word_1_343' title='bbox 1720 4039 1934 4105; x_wconf 81' lang='grc' dir='ltr'>δεξιῶν</span> <span class='ocrx_word' id='word_1_344' title='bbox 1950 4056 2091 4098; x_wconf 88' lang='grc' dir='ltr'>σου.</span> 
     </span>
    </p>
   </div>
   <div class='ocr_carea' id='block_1_42' title="bbox 514 4121 2091 4200">
    <p class='ocr_par' dir='ltr' id='par_1_42' title="bbox 514 4121 2091 4200">
     <span class='ocr_line' id='line_1_42' title="bbox 514 4121 2091 4200; baseline 0.005 -25"><span class='ocrx_word' id='word_1_345' title='bbox 514 4121 709 4175; x_wconf 84' lang='grc' dir='ltr'>Καίτοι</span> <span class='ocrx_word' id='word_1_346' title='bbox 740 4121 852 4174; x_wconf 84' lang='grc' dir='ltr'>ἀνω</span> <span class='ocrx_word' id='word_1_347' title='bbox 876 4121 1079 4191; x_wconf 74' lang='grc' dir='ltr'>ἔλεγεν,</span> <span class='ocrx_word' id='word_1_348' title='bbox 1126 4125 1208 4178; x_wconf 84' lang='grc' dir='ltr'>ὅτι</span> <span class='ocrx_word' id='word_1_349' title='bbox 1247 4124 1415 4187; x_wconf 76' lang='grc' dir='ltr'>αὐτὸς</span> <span class='ocrx_word' id='word_1_350' title='bbox 1461 4124 1697 4196; x_wconf 86' lang='grc' dir='ltr'>κάθηται</span> <span class='ocrx_word' id='word_1_351' title='bbox 1723 4129 1783 4180; x_wconf 88' lang='grc' dir='ltr'>ἐν</span> <span class='ocrx_word' id='word_1_352' title='bbox 1808 4125 1965 4200; x_wconf 73' lang='grc' dir='ltr'>δεξιᾷ</span> <span class='ocrx_word' id='word_1_353' title='bbox 1996 4129 2091 4184; x_wconf 92' lang='grc' dir='ltr'>τοῦ</span> 
     </span>
    </p>
   </div>
   <div class='ocr_carea' id='block_1_43' title="bbox 516 4208 2093 4286">
    <p class='ocr_par' dir='ltr' id='par_1_43' title="bbox 516 4208 2093 4286">
     <span class='ocr_line' id='line_1_43' title="bbox 516 4208 2093 4286; baseline 0.004 -23"><span class='ocrx_word' id='word_1_354' title='bbox 516 4208 746 4280; x_wconf 62' lang='grc' dir='ltr'>Πατᾳᾶς.</span> <span class='ocrx_word' id='word_1_355' title='bbox 785 4209 948 4281; x_wconf 69' lang='grc' dir='ltr'>Ὁρᾷς</span> <span class='ocrx_word' id='word_1_356' title='bbox 976 4210 1094 4275; x_wconf 86' lang='grc' dir='ltr'>πῶς</span> <span class='ocrx_word' id='word_1_357' title='bbox 1116 4211 1214 4281; x_wconf 76' lang='grc' dir='ltr'>οὐχ</span> <span class='ocrx_word' id='word_1_358' title='bbox 1240 4209 1394 4286; x_wconf 71' lang='lat'>[263]</span> <span class='ocrx_word' id='word_1_359' title='bbox 1414 4212 1601 4278; x_wconf 84' lang='grc' dir='ltr'>ἁπλῶς</span> <span class='ocrx_word' id='word_1_360' title='bbox 1631 4215 1738 4286; x_wconf 81' lang='grc' dir='ltr'>χρὴ</span> <span class='ocrx_word' id='word_1_361' title='bbox 1770 4217 1891 4280; x_wconf 75' lang='grc' dir='ltr'>ταῖς</span> <span class='ocrx_word' id='word_1_362' title='bbox 1915 4216 2093 4281; x_wconf 82' lang='grc' dir='ltr'>λέξεσι</span> 
     </span>
    </p>
   </div>
   <div class='ocr_carea' id='block_1_44' title="bbox 517 4292 2091 4369">
    <p class='ocr_par' dir='ltr' id='par_1_44' title="bbox 517 4292 2091 4369">
     <span class='ocr_line' id='line_1_44' title="bbox 517 4292 2091 4369; baseline 0.006 -19"><span class='ocrx_word' id='word_1_363' title='bbox 517 4295 976 4368; x_wconf 76' lang='grc' dir='ltr'>παρακαθῆσθαι;</span> <span class='ocrx_word' id='word_1_364' title='bbox 1020 4296 1086 4351; x_wconf 88' lang='grc' dir='ltr'>Τί</span> <span class='ocrx_word' id='word_1_365' title='bbox 1123 4298 1263 4361; x_wconf 82' lang='grc' dir='ltr'>ἐστι,</span> <span class='ocrx_word' id='word_1_366' title='bbox 1297 4292 1512 4369; x_wconf 72' lang='grc' dir='ltr'>Κύριος</span> <span class='ocrx_word' id='word_1_367' title='bbox 1552 4302 1622 4355; x_wconf 79' lang='grc' dir='ltr'>ἐκ</span> <span class='ocrx_word' id='word_1_368' title='bbox 1675 4301 1893 4367; x_wconf 75' lang='grc' dir='ltr'>δεξιῶν</span> <span class='ocrx_word' id='word_1_369' title='bbox 1929 4320 2091 4367; x_wconf 68' lang='lat' dir='ltr'>dav;</span> 
     </span>
    </p>
   </div>
   <div class='ocr_carea' id='block_1_45' title="bbox 528 4383 2094 4462">
    <p class='ocr_par' dir='ltr' id='par_1_45' title="bbox 528 4383 2094 4462">
     <span class='ocr_line' id='line_1_45' title="bbox 528 4383 2094 4462; baseline 0.005 -24"><span class='ocrx_word' id='word_1_370' title='bbox 528 4383 745 4456; x_wconf 78' lang='grc' dir='ltr'>Ἐπειδὴ</span> <span class='ocrx_word' id='word_1_371' title='bbox 777 4385 877 4457; x_wconf 80' lang='grc' dir='ltr'>τῆς</span> <span class='ocrx_word' id='word_1_372' title='bbox 924 4384 1234 4456; x_wconf 88' lang='grc' dir='ltr'>οἰκονομίας</span> <span class='ocrx_word' id='word_1_373' title='bbox 1275 4385 1469 4458; x_wconf 72' lang='grc' dir='ltr'>ἥψατο,</span> <span class='ocrx_word' id='word_1_374' title='bbox 1504 4389 1597 4443; x_wconf 74' lang='grc' dir='ltr'>ἐπὶ</span> <span class='ocrx_word' id='word_1_375' title='bbox 1648 4389 1746 4461; x_wconf 72' lang='grc' dir='ltr'>τήν</span> <span class='ocrx_word' id='word_1_376' title='bbox 1775 4391 1953 4462; x_wconf 82' lang='grc' dir='ltr'>σάρκα</span> <span class='ocrx_word' id='word_1_377' title='bbox 2001 4393 2094 4447; x_wconf 83' lang='grc' dir='ltr'>τὸν</span> 
     </span>
    </p>
   </div>
   <div class='ocr_carea' id='block_1_46' title="bbox 514 4471 2095 4551">
    <p class='ocr_par' dir='ltr' id='par_1_46' title="bbox 514 4471 2095 4551">
     <span class='ocr_line' id='line_1_46' title="bbox 514 4471 2095 4551; baseline 0.006 -27"><span class='ocrx_word' id='word_1_378' title='bbox 514 4471 672 4542; x_wconf 92' lang='grc' dir='ltr'>λόγον</span> <span class='ocrx_word' id='word_1_379' title='bbox 700 4471 887 4544; x_wconf 79' lang='grc' dir='ltr'>τρέπει</span> <span class='ocrx_word' id='word_1_380' title='bbox 914 4471 1013 4544; x_wconf 82' lang='grc' dir='ltr'><strong>τὴν</strong></span> <span class='ocrx_word' id='word_1_381' title='bbox 1057 4471 1308 4545; x_wconf 83' lang='grc' dir='ltr'>βοήθειαν</span> <span class='ocrx_word' id='word_1_382' title='bbox 1343 4473 1668 4547; x_wconf 80' lang='grc' dir='ltr'>δεχομένην.</span> <span class='ocrx_word' id='word_1_383' title='bbox 1715 4478 1941 4551; x_wconf 73' lang='grc' dir='ltr'><strong>Ὀρὶται</strong></span> <span class='ocrx_word' id='word_1_384' title='bbox 1985 4479 2095 4551; x_wconf 83' lang='grc' dir='ltr'>γάρ</span> 
     </span>
    </p>
   </div>
   <div class='ocr_carea' id='block_1_47' title="bbox 515 4558 2097 4637">
    <p class='ocr_par' dir='ltr' id='par_1_47' title="bbox 515 4558 2097 4637">
     <span class='ocr_line' id='line_1_47' title="bbox 515 4558 2097 4637; baseline 0.004 -25"><span class='ocrx_word' id='word_1_385' title='bbox 515 4558 785 4628; x_wconf 81' lang='grc' dir='ltr'>ἀγωνιῶν,</span> <span class='ocrx_word' id='word_1_386' title='bbox 827 4560 923 4613; x_wconf 69' lang='grc' dir='ltr'>καὶ</span> <span class='ocrx_word' id='word_1_387' title='bbox 958 4559 1140 4631; x_wconf 87' lang='grc' dir='ltr'>ίδρῶν,</span> <span class='ocrx_word' id='word_1_388' title='bbox 1171 4561 1265 4614; x_wconf 78' lang='grc' dir='ltr'>καὶ</span> <span class='ocrx_word' id='word_1_389' title='bbox 1289 4558 1463 4625; x_wconf 75' lang='grc' dir='ltr'>οὔτως</span> <span class='ocrx_word' id='word_1_390' title='bbox 1492 4560 1672 4634; x_wconf 86' lang='grc' dir='ltr'>ἰδρῶν,</span> <span class='ocrx_word' id='word_1_391' title='bbox 1702 4562 1775 4627; x_wconf 85' lang='grc' dir='ltr'>ὡς</span> <span class='ocrx_word' id='word_1_392' title='bbox 1806 4565 1899 4618; x_wconf 78' lang='grc' dir='ltr'>καὶ</span> <span class='ocrx_word' id='word_1_393' title='bbox 1933 4565 2097 4637; x_wconf 84' lang='grc' dir='ltr'>θρόμ-</span> 
     </span>
    </p>
   </div>
   <div class='ocr_carea' id='block_1_48' title="bbox 516 4645 2095 4724">
    <p class='ocr_par' dir='ltr' id='par_1_48' title="bbox 516 4645 2095 4724">
     <span class='ocr_line' id='line_1_48' title="bbox 516 4645 2095 4724; baseline 0.011 -25"><span class='ocrx_word' id='word_1_394' title='bbox 516 4645 645 4711; x_wconf 87' lang='grc' dir='ltr'>ϐους</span> <span class='ocrx_word' id='word_1_395' title='bbox 668 4649 980 4718; x_wconf 71' lang='grc' dir='ltr'><strong>καταρρεῖν,</strong></span> <span class='ocrx_word' id='word_1_396' title='bbox 1012 4649 1106 4702; x_wconf 72' lang='grc' dir='ltr'>καὶ</span> <span class='ocrx_word' id='word_1_397' title='bbox 1133 4648 1531 4719; x_wconf 78' lang='grc' dir='ltr'>ἐνισχυόμενος.</span> <span class='ocrx_word' id='word_1_398' title='bbox 1579 4649 1815 4721; x_wconf 79' lang='grc' dir='ltr'>Τοιαύτη</span> <span class='ocrx_word' id='word_1_399' title='bbox 1849 4651 1958 4723; x_wconf 77' lang='grc' dir='ltr'>γὰρ</span> <span class='ocrx_word' id='word_1_400' title='bbox 1994 4653 2095 4724; x_wconf 79' lang='grc' dir='ltr'>τῆς</span> 
     </span>
    </p>
   </div>
   <div class='ocr_carea' id='block_1_49' title="bbox 518 4733 2094 4808">
    <p class='ocr_par' dir='ltr' id='par_1_49' title="bbox 518 4733 2094 4808">
     <span class='ocr_line' id='line_1_49' title="bbox 518 4733 2094 4808; baseline 0.005 -21"><span class='ocrx_word' id='word_1_401' title='bbox 518 4733 717 4804; x_wconf 69' lang='grc' dir='ltr'>σαρκὸς</span> <span class='ocrx_word' id='word_1_402' title='bbox 742 4735 777 4804; x_wconf 79' lang='grc' dir='ltr'>ἡ</span> <span class='ocrx_word' id='word_1_403' title='bbox 804 4733 984 4803; x_wconf 83' lang='grc' dir='ltr'>φύσις.</span> <span class='ocrx_word' id='word_1_404' title='bbox 1015 4736 1354 4789; x_wconf 77' lang='grc' dir='ltr'>Συνθλάσει</span> <span class='ocrx_word' id='word_1_405' title='bbox 1378 4734 1449 4789; x_wconf 70' lang='grc' dir='ltr'>ἐν</span> <span class='ocrx_word' id='word_1_406' title='bbox 1474 4735 1666 4807; x_wconf 75' lang='grc' dir='ltr'>ἡμέρᾳ</span> <span class='ocrx_word' id='word_1_407' title='bbox 1698 4737 1882 4808; x_wconf 66' lang='grc' dir='ltr'>ὀργῆς</span> <span class='ocrx_word' id='word_1_408' title='bbox 1906 4740 2094 4795; x_wconf 78' lang='grc' dir='ltr'>αὐτοῦ</span> 
     </span>
    </p>
   </div>
   <div class='ocr_carea' id='block_1_50' title="bbox 515 4819 2094 4898">
    <p class='ocr_par' dir='ltr' id='par_1_50' title="bbox 515 4819 2094 4898">
     <span class='ocr_line' id='line_1_50' title="bbox 515 4819 2094 4898; baseline 0.004 -24"><span class='ocrx_word' id='word_1_409' title='bbox 515 4819 815 4887; x_wconf 82' lang='grc' dir='ltr'>βασιλεῖς.</span> <span class='ocrx_word' id='word_1_410' title='bbox 850 4820 965 4874; x_wconf 84' lang='grc' dir='ltr'>Ούκ</span> <span class='ocrx_word' id='word_1_411' title='bbox 993 4822 1057 4876; x_wconf 77' lang='grc' dir='ltr'>ἄν</span> <span class='ocrx_word' id='word_1_412' title='bbox 1080 4837 1165 4885; x_wconf 89' lang='grc' dir='ltr'>τις</span> <span class='ocrx_word' id='word_1_413' title='bbox 1207 4823 1446 4894; x_wconf 72' lang='grc' dir='ltr'>ἁμάρτοι</span> <span class='ocrx_word' id='word_1_414' title='bbox 1485 4822 1648 4878; x_wconf 88' lang='grc' dir='ltr'>τοῦτο</span> <span class='ocrx_word' id='word_1_415' title='bbox 1700 4826 1796 4879; x_wconf 79' lang='grc' dir='ltr'>καὶ</span> <span class='ocrx_word' id='word_1_416' title='bbox 1831 4827 2094 4898; x_wconf 76' lang='grc' dir='ltr'>περὶτῶν</span> 
     </span>
    </p>
   </div>
   <div class='ocr_carea' id='block_1_51' title="bbox 516 4906 2091 4987">
    <p class='ocr_par' dir='ltr' id='par_1_51' title="bbox 516 4906 2091 4987">
     <span class='ocr_line' id='line_1_51' title="bbox 516 4906 2091 4987; baseline 0.004 -23"><span class='ocrx_word' id='word_1_417' title='bbox 516 4909 798 4980; x_wconf 75' lang='grc' dir='ltr'>παρόντων</span> <span class='ocrx_word' id='word_1_418' title='bbox 819 4908 994 4977; x_wconf 89' lang='grc' dir='ltr'>λέγων</span> <span class='ocrx_word' id='word_1_419' title='bbox 1022 4906 1131 4964; x_wconf 85' lang='grc' dir='ltr'>τῶν</span> <span class='ocrx_word' id='word_1_420' title='bbox 1176 4910 1620 4983; x_wconf 73' lang='grc' dir='ltr'>ἐπανισταμένων</span> <span class='ocrx_word' id='word_1_421' title='bbox 1658 4915 1725 4985; x_wconf 71' lang='grc' dir='ltr'>τῇ</span> <span class='ocrx_word' id='word_1_422' title='bbox 1772 4913 2091 4987; x_wconf 69' lang='grc' dir='ltr'>Ἐκκλησία,</span> 
     </span>
    </p>
   </div>
   <div class='ocr_carea' id='block_1_52' title="bbox 514 4996 2095 5076">
    <p class='ocr_par' dir='ltr' id='par_1_52' title="bbox 514 4996 2095 5076">
     <span class='ocr_line' id='line_1_52' title="bbox 514 4996 2095 5076; baseline 0.004 -25"><span class='ocrx_word' id='word_1_423' title='bbox 514 4997 611 5052; x_wconf 77' lang='grc' dir='ltr'>καὶ</span> <span class='ocrx_word' id='word_1_424' title='bbox 654 4997 783 5069; x_wconf 83' lang='grc' dir='ltr'>περί</span> <span class='ocrx_word' id='word_1_425' title='bbox 817 4996 927 5051; x_wconf 82' lang='grc' dir='ltr'>τῶν</span> <span class='ocrx_word' id='word_1_426' title='bbox 963 4996 1264 5067; x_wconf 84' lang='grc' dir='ltr'>μελλόντων</span> <span class='ocrx_word' id='word_1_427' title='bbox 1302 4997 1497 5054; x_wconf 84' lang='grc' dir='ltr'>δώσειν</span> <span class='ocrx_word' id='word_1_428' title='bbox 1540 4997 1794 5067; x_wconf 83' lang='grc' dir='ltr'>εὐθύνας,</span> <span class='ocrx_word' id='word_1_429' title='bbox 1835 5001 1977 5076; x_wconf 78' lang='grc' dir='ltr'>ὑπὲρ</span> <span class='ocrx_word' id='word_1_430' title='bbox 2018 4996 2095 5057; x_wconf 83' lang='grc' dir='ltr'><strong>ὧν</strong></span> 
     </span>
    </p>
   </div>
   <div class='ocr_carea' id='block_1_53' title="bbox 514 5084 2090 5158">
    <p class='ocr_par' dir='ltr' id='par_1_53' title="bbox 514 5084 2090 5158">
     <span class='ocr_line' id='line_1_53' title="bbox 514 5084 2090 5158; baseline 0.003 -16"><span class='ocrx_word' id='word_1_431' title='bbox 514 5089 761 5158; x_wconf 75' lang='grc' dir='ltr'>ἥμαρτον</span> <span class='ocrx_word' id='word_1_432' title='bbox 812 5087 907 5140; x_wconf 79' lang='grc' dir='ltr'>καὶ</span> <span class='ocrx_word' id='word_1_433' title='bbox 951 5084 1248 5157; x_wconf 67' lang='grc' dir='ltr'>ἠσέϐησαν.</span> <span class='ocrx_word' id='word_1_434' title='bbox 1296 5086 1507 5156; x_wconf 81' lang='grc' dir='ltr'>Κρινεῖ</span> <span class='ocrx_word' id='word_1_435' title='bbox 1549 5087 1620 5143; x_wconf 82' lang='grc' dir='ltr'>ὲν</span> <span class='ocrx_word' id='word_1_436' title='bbox 1665 5088 1793 5157; x_wconf 84' lang='grc' dir='ltr'>τοῖς</span> <span class='ocrx_word' id='word_1_437' title='bbox 1845 5090 2050 5146; x_wconf 74' lang='grc' dir='ltr'>ἔθνεσι</span> <span class='ocrx_word' id='word_1_438' title='bbox 2075 5132 2090 5157; x_wconf 93' lang='grc'>,</span> 
     </span>
    </p>
   </div>
   <div class='ocr_carea' id='block_1_54' title="bbox 514 5172 2094 5247">
    <p class='ocr_par' dir='ltr' id='par_1_54' title="bbox 514 5172 2094 5247">
     <span class='ocr_line' id='line_1_54' title="bbox 514 5172 2094 5247; baseline 0.003 -18"><span class='ocrx_word' id='word_1_439' title='bbox 514 5174 819 5246; x_wconf 75' lang='grc' dir='ltr'>πληρώσει</span> <span class='ocrx_word' id='word_1_440' title='bbox 871 5172 1172 5244; x_wconf 74' lang='grc' dir='ltr'>πτώματα.</span> <span class='ocrx_word' id='word_1_441' title='bbox 1236 5174 1301 5227; x_wconf 87' lang='grc' dir='ltr'>Τί</span> <span class='ocrx_word' id='word_1_442' title='bbox 1353 5178 1471 5229; x_wconf 84' lang='grc' dir='ltr'>ἐστι</span> <span class='ocrx_word' id='word_1_443' title='bbox 1498 5218 1513 5241; x_wconf 90' lang='grc'><strong>,</strong></span> <span class='ocrx_word' id='word_1_444' title='bbox 1590 5174 1803 5245; x_wconf 71' lang='grc' dir='ltr'>Κρινεῖ</span> <span class='ocrx_word' id='word_1_445' title='bbox 1850 5178 1922 5233; x_wconf 79' lang='grc' dir='ltr'>ἐν</span> <span class='ocrx_word' id='word_1_446' title='bbox 1970 5178 2094 5247; x_wconf 88' lang='grc' dir='ltr'>τοῖς</span> 
     </span>
    </p>
   </div>
   <div class='ocr_carea' id='block_1_55' title="bbox 512 5261 2090 5336">
    <p class='ocr_par' dir='ltr' id='par_1_55' title="bbox 512 5261 2090 5336">
     <span class='ocr_line' id='line_1_55' title="bbox 512 5261 2090 5336; baseline 0.003 -20"><span class='ocrx_word' id='word_1_447' title='bbox 512 5262 753 5327; x_wconf 63' lang='lat' dir='ltr'>Mrem;</span> <span class='ocrx_word' id='word_1_448' title='bbox 782 5262 1024 5327; x_wconf 84' lang='grc' dir='ltr'>Δικάσει,</span> <span class='ocrx_word' id='word_1_449' title='bbox 1066 5261 1221 5332; x_wconf 72' lang='grc' dir='ltr'>φησί,</span> <span class='ocrx_word' id='word_1_450' title='bbox 1255 5265 1575 5335; x_wconf 88' lang='grc' dir='ltr'>κατακρινεῖ</span> <span class='ocrx_word' id='word_1_451' title='bbox 1596 5275 1620 5304; x_wconf 75' lang='grc' dir='ltr'>ι</span> <span class='ocrx_word' id='word_1_452' title='bbox 1651 5265 1778 5328; x_wconf 76' lang='grc' dir='ltr'>τοὺς</span> <span class='ocrx_word' id='word_1_453' title='bbox 1809 5264 2090 5336; x_wconf 89' lang='grc' dir='ltr'>δαίμονας.</span> 
     </span>
    </p>
   </div>
   <div class='ocr_carea' id='block_1_56' title="bbox 515 5348 2097 5421">
    <p class='ocr_par' dir='ltr' id='par_1_56' title="bbox 515 5348 2097 5421">
     <span class='ocr_line' id='line_1_56' title="bbox 515 5348 2097 5421; baseline 0.002 -16"><span class='ocrx_word' id='word_1_454' title='bbox 515 5351 624 5412; x_wconf 77' lang='grc' dir='ltr'>Καὶ</span> <span class='ocrx_word' id='word_1_455' title='bbox 649 5352 732 5404; x_wconf 79' lang='grc' dir='ltr'>ὅτι</span> <span class='ocrx_word' id='word_1_456' title='bbox 758 5350 993 5421; x_wconf 75' lang='grc' dir='ltr'>ἔκρινεν,</span> <span class='ocrx_word' id='word_1_457' title='bbox 1014 5349 1246 5405; x_wconf 81' lang='grc' dir='ltr'>ἄκουσον</span> <span class='ocrx_word' id='word_1_458' title='bbox 1271 5348 1367 5402; x_wconf 90' lang='grc' dir='ltr'>τοῦ</span> <span class='ocrx_word' id='word_1_459' title='bbox 1395 5348 1631 5421; x_wconf 79' lang='grc' dir='ltr'>Χριστοῦ</span> <span class='ocrx_word' id='word_1_460' title='bbox 1662 5349 1942 5419; x_wconf 87' lang='grc' dir='ltr'>λέγοντος·</span> <span class='ocrx_word' id='word_1_461' title='bbox 1963 5353 2097 5408; x_wconf 87' lang='grc' dir='ltr'>Νῦν</span> 
     </span>
    </p>
   </div>
   <div class='ocr_carea' id='block_1_57' title="bbox 515 5436 2094 5519">
    <p class='ocr_par' dir='ltr' id='par_1_57' title="bbox 515 5436 2094 5519">
     <span class='ocr_line' id='line_1_57' title="bbox 515 5436 2094 5519; baseline 0.004 -29"><span class='ocrx_word' id='word_1_462' title='bbox 515 5438 711 5506; x_wconf 80' lang='grc' dir='ltr'>κρίσις</span> <span class='ocrx_word' id='word_1_463' title='bbox 740 5436 871 5492; x_wconf 80' lang='grc' dir='ltr'>ἐστί</span> <span class='ocrx_word' id='word_1_464' title='bbox 895 5436 1001 5492; x_wconf 86' lang='grc' dir='ltr'>τοῦ</span> <span class='ocrx_word' id='word_1_465' title='bbox 1023 5438 1253 5506; x_wconf 79' lang='grc' dir='ltr'>κόσμου</span> <span class='ocrx_word' id='word_1_466' title='bbox 1274 5437 1488 5519; x_wconf 61' lang='grc' dir='ltr'>τούτου</span> <span class='ocrx_word' id='word_1_467' title='bbox 1513 5452 1526 5466; x_wconf 93' lang='grc'><strong>·</strong></span> <span class='ocrx_word' id='word_1_468' title='bbox 1558 5436 1674 5490; x_wconf 83' lang='grc' dir='ltr'>νῦν</span> <span class='ocrx_word' id='word_1_469' title='bbox 1697 5440 1730 5491; x_wconf 89' lang='grc' dir='ltr'>ό</span> <span class='ocrx_word' id='word_1_470' title='bbox 1752 5437 1952 5509; x_wconf 79' lang='grc' dir='ltr'>ἅρχων</span> <span class='ocrx_word' id='word_1_471' title='bbox 1987 5440 2094 5496; x_wconf 85' lang='grc' dir='ltr'>τοῦ</span> 
     </span>
    </p>
   </div>
   <div class='ocr_carea' id='block_1_58' title="bbox 516 5524 2096 5598">
    <p class='ocr_par' dir='ltr' id='par_1_58' title="bbox 516 5524 2096 5598">
     <span class='ocr_line' id='line_1_58' title="bbox 516 5524 2096 5598; baseline 0.003 -19"><span class='ocrx_word' id='word_1_472' title='bbox 516 5526 746 5595; x_wconf 80' lang='grc' dir='ltr'>κόσμου</span> <span class='ocrx_word' id='word_1_473' title='bbox 776 5524 1214 5594; x_wconf 66' lang='grc' dir='ltr'>ἐκϐληθήσεται</span> <span class='ocrx_word' id='word_1_474' title='bbox 1256 5524 1393 5590; x_wconf 78' lang='grc' dir='ltr'>ἔξω.</span> <span class='ocrx_word' id='word_1_475' title='bbox 1447 5525 1559 5579; x_wconf 83' lang='lat' dir='ltr'>Kal</span> <span class='ocrx_word' id='word_1_476' title='bbox 1603 5524 1841 5596; x_wconf 86' lang='grc' dir='ltr'>ἀλλαχοῦ</span> <span class='ocrx_word' id='word_1_477' title='bbox 1864 5544 1879 5558; x_wconf 79' lang='grc' dir='ltr'><strong>ο</strong></span> <span class='ocrx_word' id='word_1_478' title='bbox 1920 5529 2096 5598; x_wconf 80' lang='grc' dir='ltr'>Κάγὼ</span> 
     </span>
    </p>
   </div>
   <div class='ocr_carea' id='block_1_59' title="bbox 517 5610 2094 5683">
    <p class='ocr_par' dir='ltr' id='par_1_59' title="bbox 517 5610 2094 5683">
     <span class='ocr_line' id='line_1_59' title="bbox 517 5610 2094 5683; baseline 0.005 -22"><span class='ocrx_word' id='word_1_479' title='bbox 517 5610 621 5670; x_wconf 72' lang='grc' dir='ltr'>ἐὰν</span> <span class='ocrx_word' id='word_1_480' title='bbox 645 5612 885 5682; x_wconf 70' lang='grc' dir='ltr'>ὑψωθῶ,</span> <span class='ocrx_word' id='word_1_481' title='bbox 911 5611 1142 5678; x_wconf 80' lang='grc' dir='ltr'>πάντας</span> <span class='ocrx_word' id='word_1_482' title='bbox 1166 5613 1409 5667; x_wconf 78' lang='grc' dir='ltr'>ἑλκύσω</span> <span class='ocrx_word' id='word_1_483' title='bbox 1437 5613 1587 5682; x_wconf 78' lang='grc' dir='ltr'>πρὸς</span> <span class='ocrx_word' id='word_1_484' title='bbox 1627 5614 1909 5683; x_wconf 78' lang='grc' dir='ltr'>ἐμαυτόν.</span> <span class='ocrx_word' id='word_1_485' title='bbox 1934 5616 1997 5668; x_wconf 83' lang='grc' dir='ltr'>Εἰ</span> <span class='ocrx_word' id='word_1_486' title='bbox 2034 5616 2094 5670; x_wconf 83' lang='grc' dir='ltr'>δὲ</span> 
     </span>
    </p>
   </div>
   <div class='ocr_carea' id='block_1_60' title="bbox 518 5699 2085 5778">
    <p class='ocr_par' dir='ltr' id='par_1_60' title="bbox 518 5699 2085 5778">
     <span class='ocr_line' id='line_1_60' title="bbox 518 5699 2085 5778; baseline 0.006 -27"><span class='ocrx_word' id='word_1_487' title='bbox 518 5699 954 5772; x_wconf 69' lang='grc' dir='ltr'>αἰσθητικωτέρᾳ</span> <span class='ocrx_word' id='word_1_488' title='bbox 976 5703 1042 5772; x_wconf 79' lang='grc' dir='ltr'>τῇ</span> <span class='ocrx_word' id='word_1_489' title='bbox 1064 5701 1208 5767; x_wconf 78' lang='grc' dir='ltr'>λέξει</span> <span class='ocrx_word' id='word_1_490' title='bbox 1239 5700 1526 5773; x_wconf 85' lang='grc' dir='ltr'>κέχρηται,</span> <span class='ocrx_word' id='word_1_491' title='bbox 1564 5701 1640 5773; x_wconf 83' lang='grc' dir='ltr'>μὴ</span> <span class='ocrx_word' id='word_1_492' title='bbox 1684 5702 2085 5778; x_wconf 74' lang='grc' dir='ltr'>προσπταίσῃς.</span> 
     </span>
    </p>
   </div>
   <div class='ocr_carea' id='block_1_61' title="bbox 523 5783 2091 5861">
    <p class='ocr_par' dir='ltr' id='par_1_61' title="bbox 523 5783 2091 5861">
     <span class='ocr_line' id='line_1_61' title="bbox 523 5783 2091 5861; baseline 0.004 -22"><span class='ocrx_word' id='word_1_493' title='bbox 523 5783 682 5850; x_wconf 71' lang='grc' dir='ltr'>Ἕθος</span> <span class='ocrx_word' id='word_1_494' title='bbox 698 5787 807 5859; x_wconf 79' lang='grc' dir='ltr'>γάρ</span> <span class='ocrx_word' id='word_1_495' title='bbox 822 5790 888 5860; x_wconf 72' lang='grc' dir='ltr'>τῇ</span> <span class='ocrx_word' id='word_1_496' title='bbox 910 5788 1102 5861; x_wconf 77' lang='grc' dir='ltr'>Γραφῇ</span> <span class='ocrx_word' id='word_1_497' title='bbox 1125 5785 1305 5843; x_wconf 89' lang='grc' dir='ltr'>τοῦτο.</span> <span class='ocrx_word' id='word_1_498' title='bbox 1332 5789 1672 5844; x_wconf 83' lang='grc' dir='ltr'>Συνθλάσει</span> <span class='ocrx_word' id='word_1_499' title='bbox 1694 5790 1964 5859; x_wconf 67' lang='grc' dir='ltr'>κεφαλὰς</span> <span class='ocrx_word' id='word_1_500' title='bbox 1991 5793 2091 5847; x_wconf 74' lang='grc' dir='ltr'>ἐπὶ</span> 
     </span>
    </p>
   </div>
   <div class='ocr_carea' id='block_1_62' title="bbox 582 5959 1875 6031">
    <p class='ocr_par' dir='ltr' id='par_1_62' title="bbox 582 5959 1875 6031">
     <span class='ocr_line' id='line_1_62' title="bbox 582 5959 1875 6031; baseline 0.005 -23"><span class='ocrx_word' id='word_1_501' title='bbox 582 5960 605 5987; x_wconf 83' lang='grc'><strong><em>⁸</em></strong></span> <span class='ocrx_word' id='word_1_502' title='bbox 635 5961 717 6009; x_wconf 86' lang='lat' dir='ltr'>Sic</span> <span class='ocrx_word' id='word_1_503' title='bbox 741 5973 854 6008; x_wconf 86' lang='lat' dir='ltr'>mss.</span> <span class='ocrx_word' id='word_1_504' title='bbox 875 5961 1073 6012; x_wconf 77' lang='lat' dir='ltr'>melius.</span> <span class='ocrx_word' id='word_1_505' title='bbox 1099 5962 1229 6012; x_wconf 74' lang='lat' dir='ltr'>Edil.</span> <span class='ocrx_word' id='word_1_506' title='bbox 1258 5959 1431 6013; x_wconf 71' lang='lat' dir='ltr'>Morel.</span> <span class='ocrx_word' id='word_1_507' title='bbox 1455 5966 1509 6013; x_wconf 72' lang='lat' dir='ltr'>et</span> <span class='ocrx_word' id='word_1_508' title='bbox 1527 5960 1680 6014; x_wconf 69' lang='lat' dir='ltr'>Sam.</span> <span class='ocrx_word' id='word_1_509' title='bbox 1707 5964 1875 6031; x_wconf 82' lang='grc' dir='ltr'>κρινεῖ.</span> 
     </span>
    </p>
   </div>
   <div class='ocr_carea' id='block_1_63' title="bbox 1206 494 2094 570">
    <p class='ocr_par' dir='ltr' id='par_1_63' title="bbox 1206 498 2091 563">
     <span class='ocr_line' id='line_1_63' title="bbox 1206 498 2091 563; baseline 0.011 -11"><span class='ocrx_word' id='word_1_510' title='bbox 1206 501 1277 553; x_wconf 76' lang='lat' dir='ltr'>‘S.</span> <span class='ocrx_word' id='word_1_511' title='bbox 1304 498 1597 557; x_wconf 76' lang='lat' dir='ltr'>’JOANMS</span> <span class='ocrx_word' id='word_1_512' title='bbox 1619 503 2091 563; x_wconf 67' lang='lat' dir='ltr'>&#39;CllRYSOSTOM</span> 
     </span>
    </p>
   </div>
   <div class='ocr_carea' id='block_1_64' title="bbox 2198 494 3061 570">
    <p class='ocr_par' dir='ltr' id='par_1_64' title="bbox 2206 507 3061 570">
     <span class='ocr_line' id='line_1_64' title="bbox 2206 507 3061 570; baseline 0.009 -8"><span class='ocrx_word' id='word_1_513' title='bbox 2206 507 2474 566; x_wconf 73' lang='lat' dir='ltr'>RCHIEP.</span> <span class='ocrx_word' id='word_1_514' title='bbox 2515 511 3061 570; x_wconf 71' lang='lat' dir='ltr'>CONSTANTINOP.</span> 
     </span>
    </p>
   </div>
   <div class='ocr_carea' id='block_1_65' title="bbox 3664 526 3770 578">
    <p class='ocr_par' dir='ltr' id='par_1_65' title="bbox 3664 526 3770 578">
     <span class='ocr_line' id='line_1_65' title="bbox 3664 526 3770 578; baseline 0 0"><span class='ocrx_word' id='word_1_515' title='bbox 3664 526 3770 578; x_wconf 68' lang='lat'>278</span> 
     </span>
    </p>
   </div>
   <div class='ocr_carea' id='block_1_66' title="bbox 2196 629 3773 705">
    <p class='ocr_par' dir='ltr' id='par_1_66' title="bbox 2196 629 3773 705">
     <span class='ocr_line' id='line_1_66' title="bbox 2196 629 3773 705; baseline 0.008 -23"><span class='ocrx_word' id='word_1_516' title='bbox 2196 630 2310 699; x_wconf 78' lang='grc' dir='ltr'>γῆς</span> <span class='ocrx_word' id='word_1_517' title='bbox 2341 629 2605 684; x_wconf 80' lang='grc' dir='ltr'>πολλῶν.</span> <span class='ocrx_word' id='word_1_518' title='bbox 2640 630 2703 683; x_wconf 85' lang='grc' dir='ltr'>Εἰ</span> <span class='ocrx_word' id='word_1_519' title='bbox 2743 630 2844 698; x_wconf 78' lang='grc' dir='ltr'>μὲν</span> <span class='ocrx_word' id='word_1_520' title='bbox 2876 632 3019 686; x_wconf 86' lang='grc' dir='ltr'>κατά</span> <span class='ocrx_word' id='word_1_521' title='bbox 3049 632 3339 705; x_wconf 82' lang='grc' dir='ltr'>ἀναγωγὴν</span> <span class='ocrx_word' id='word_1_522' title='bbox 3373 632 3580 703; x_wconf 83' lang='grc' dir='ltr'>βούλοιο</span> <span class='ocrx_word' id='word_1_523' title='bbox 3614 639 3773 696; x_wconf 73' lang='grc' dir='ltr'>τοῦτο</span> 
     </span>
    </p>
   </div>
   <div class='ocr_carea' id='block_1_67' title="bbox 2196 716 3775 788">
    <p class='ocr_par' dir='ltr' id='par_1_67' title="bbox 2196 716 3775 788">
     <span class='ocr_line' id='line_1_67' title="bbox 2196 716 3775 788; baseline 0.008 -20"><span class='ocrx_word' id='word_1_524' title='bbox 2196 716 2464 786; x_wconf 83' lang='grc' dir='ltr'>δέχεσθαι,</span> <span class='ocrx_word' id='word_1_525' title='bbox 2496 716 2594 788; x_wconf 84' lang='grc' dir='ltr'>τὴν</span> <span class='ocrx_word' id='word_1_526' title='bbox 2621 717 2878 771; x_wconf 80' lang='grc' dir='ltr'>ἀπόνοιαν</span> <span class='ocrx_word' id='word_1_527' title='bbox 2902 719 3045 773; x_wconf 74' lang='grc' dir='ltr'>ετποι</span> <span class='ocrx_word' id='word_1_528' title='bbox 3066 737 3151 785; x_wconf 90' lang='grc' dir='ltr'>τις</span> <span class='ocrx_word' id='word_1_529' title='bbox 3171 720 3238 776; x_wconf 79' lang='grc' dir='ltr'>ἂν</span> <span class='ocrx_word' id='word_1_530' title='bbox 3258 721 3342 775; x_wconf 81' lang='grc' dir='ltr'>ὅτι</span> <span class='ocrx_word' id='word_1_531' title='bbox 3364 721 3607 777; x_wconf 78' lang='grc' dir='ltr'>καθελεῖ·</span> <span class='ocrx_word' id='word_1_532' title='bbox 3637 728 3687 779; x_wconf 78' lang='grc' dir='ltr'>εί</span> <span class='ocrx_word' id='word_1_533' title='bbox 3715 727 3775 779; x_wconf 76' lang='grc' dir='ltr'>δι</span> 
     </span>
    </p>
   </div>
   <div class='ocr_carea' id='block_1_68' title="bbox 2197 803 3776 883">
    <p class='ocr_par' dir='ltr' id='par_1_68' title="bbox 2197 803 3776 883">
     <span class='ocr_line' id='line_1_68' title="bbox 2197 803 3776 883; baseline 0.007 -27"><span class='ocrx_word' id='word_1_534' title='bbox 2197 804 2295 857; x_wconf 76' lang='grc' dir='ltr'>καὶ</span> <span class='ocrx_word' id='word_1_535' title='bbox 2343 803 2638 875; x_wconf 83' lang='grc' dir='ltr'>αἰσθητῶς,</span> <span class='ocrx_word' id='word_1_536' title='bbox 2684 804 2782 876; x_wconf 85' lang='grc' dir='ltr'>τὴν</span> <span class='ocrx_word' id='word_1_537' title='bbox 2824 805 3110 877; x_wconf 74' lang='grc' dir='ltr'>συμφορὰν</span> <span class='ocrx_word' id='word_1_538' title='bbox 3152 807 3253 878; x_wconf 80' lang='grc' dir='ltr'><strong>τὴν</strong></span> <span class='ocrx_word' id='word_1_539' title='bbox 3296 808 3593 883; x_wconf 82' lang='grc' dir='ltr'>Ἰουδαῖκὴν</span> <span class='ocrx_word' id='word_1_540' title='bbox 3618 850 3637 877; x_wconf 94' lang='grc'><strong>,</strong></span> <span class='ocrx_word' id='word_1_541' title='bbox 3678 811 3776 876; x_wconf 81' lang='grc' dir='ltr'>οὓς</span> 
     </span>
    </p>
   </div>
   <div class='ocr_carea' id='block_1_69' title="bbox 2197 892 3622 969">
    <p class='ocr_par' dir='ltr' id='par_1_69' title="bbox 2197 892 3622 969">
     <span class='ocr_line' id='line_1_69' title="bbox 2197 892 3622 969; baseline 0.007 -25"><span class='ocrx_word' id='word_1_542' title='bbox 2197 892 2478 946; x_wconf 79' lang='grc' dir='ltr'>ἀπώλεσεν</span> <span class='ocrx_word' id='word_1_543' title='bbox 2498 892 2669 963; x_wconf 85' lang='grc' dir='ltr'>ἀρδην</span> <span class='ocrx_word' id='word_1_544' title='bbox 2701 893 2838 963; x_wconf 71' lang='grc' dir='ltr'>μετὰ</span> <span class='ocrx_word' id='word_1_545' title='bbox 2869 893 3071 966; x_wconf 83' lang='grc' dir='ltr'>πολλῆς</span> <span class='ocrx_word' id='word_1_546' title='bbox 3110 898 3210 968; x_wconf 76' lang='grc' dir='ltr'>τῆς</span> <span class='ocrx_word' id='word_1_547' title='bbox 3239 897 3622 969; x_wconf 87' lang='grc' dir='ltr'>σφοδρότητος.</span> 
     </span>
    </p>
   </div>
   <div class='ocr_carea' id='block_1_70' title="bbox 2282 979 3777 1049">
    <p class='ocr_par' dir='ltr' id='par_1_70' title="bbox 2282 979 3777 1049">
     <span class='ocr_line' id='line_1_70' title="bbox 2282 979 3777 1049; baseline 0.007 -16"><span class='ocrx_word' id='word_1_548' title='bbox 2282 979 2381 1033; x_wconf 83' lang='grc' dir='ltr'>Ἕκ</span> <span class='ocrx_word' id='word_1_549' title='bbox 2406 979 2814 1049; x_wconf 70' lang='grc' dir='ltr'>χεψάρρουέν</span> <span class='ocrx_word' id='word_1_550' title='bbox 2843 981 2960 1047; x_wconf 82' lang='grc' dir='ltr'>όδῷ</span> <span class='ocrx_word' id='word_1_551' title='bbox 2979 982 3193 1037; x_wconf 77' lang='grc' dir='ltr'>πίεται.</span> <span class='ocrx_word' id='word_1_552' title='bbox 3241 984 3502 1039; x_wconf 86' lang='grc' dir='ltr'>Ἐνταῦθα</span> <span class='ocrx_word' id='word_1_553' title='bbox 3530 986 3777 1042; x_wconf 71' lang='grc' dir='ltr'>δείκνυσι</span> 
     </span>
    </p>
   </div>
   <div class='ocr_carea' id='block_1_71' title="bbox 2195 1054 3775 1148">
    <p class='ocr_par' dir='ltr' id='par_1_71' title="bbox 2195 1054 3775 1148">
     <span class='ocr_line' id='line_1_71' title="bbox 2195 1054 3775 1148; baseline 0.005 -27"><span class='ocrx_word' id='word_1_554' title='bbox 2195 1068 2259 1121; x_wconf 78' lang='grc' dir='ltr'>τὸ</span> <span class='ocrx_word' id='word_1_555' title='bbox 2275 1069 2527 1123; x_wconf 82' lang='grc' dir='ltr'>ταπεινὸν</span> <span class='ocrx_word' id='word_1_556' title='bbox 2555 1070 2655 1141; x_wconf 80' lang='grc' dir='ltr'>τῆς</span> <span class='ocrx_word' id='word_1_557' title='bbox 2677 1069 2906 1142; x_wconf 86' lang='grc' dir='ltr'>διαίτης,</span> <span class='ocrx_word' id='word_1_558' title='bbox 2934 1070 2994 1125; x_wconf 78' lang='grc' dir='ltr'>τὸ</span> <span class='ocrx_word' id='word_1_559' title='bbox 3010 1054 3344 1143; x_wconf 67' lang='grc' dir='ltr'>εὐτελέςτῆς</span> <span class='ocrx_word' id='word_1_560' title='bbox 3369 1074 3663 1148; x_wconf 85' lang='grc' dir='ltr'>διαγωγῆς,</span> <span class='ocrx_word' id='word_1_561' title='bbox 3683 1076 3775 1129; x_wconf 85' lang='grc' dir='ltr'>ὅτι</span> 
     </span>
    </p>
   </div>
   <div class='ocr_carea' id='block_1_72' title="bbox 2197 1157 3776 1233">
    <p class='ocr_par' dir='ltr' id='par_1_72' title="bbox 2197 1157 3776 1233">
     <span class='ocr_line' id='line_1_72' title="bbox 2197 1157 3776 1233; baseline 0.005 -23"><span class='ocrx_word' id='word_1_562' title='bbox 2197 1157 2262 1229; x_wconf 81' lang='grc' dir='ltr'>δὴ</span> <span class='ocrx_word' id='word_1_563' title='bbox 2290 1158 2351 1210; x_wconf 84' lang='grc' dir='ltr'>ού</span> <span class='ocrx_word' id='word_1_564' title='bbox 2382 1157 2576 1223; x_wconf 89' lang='grc' dir='ltr'>σοϐῶν,</span> <span class='ocrx_word' id='word_1_565' title='bbox 2602 1159 2723 1213; x_wconf 88' lang='grc' dir='ltr'>ούδέ</span> <span class='ocrx_word' id='word_1_566' title='bbox 2747 1158 3080 1231; x_wconf 71' lang='grc' dir='ltr'>δορυφόρους</span> <span class='ocrx_word' id='word_1_567' title='bbox 3119 1159 3280 1231; x_wconf 76' lang='grc' dir='ltr'>ἔχων,</span> <span class='ocrx_word' id='word_1_568' title='bbox 3314 1163 3436 1216; x_wconf 82' lang='grc' dir='ltr'>οὐδὲ</span> <span class='ocrx_word' id='word_1_569' title='bbox 3462 1164 3776 1233; x_wconf 77' lang='grc' dir='ltr'>φαντασίαν</span> 
     </span>
    </p>
   </div>
   <div class='ocr_carea' id='block_1_73' title="bbox 2197 1244 3772 1321">
    <p class='ocr_par' dir='ltr' id='par_1_73' title="bbox 2197 1244 3772 1321">
     <span class='ocr_line' id='line_1_73' title="bbox 2197 1244 3772 1321; baseline 0.005 -23"><span class='ocrx_word' id='word_1_570' title='bbox 2197 1244 2320 1298; x_wconf 86' lang='grc' dir='ltr'>τινά</span> <span class='ocrx_word' id='word_1_571' title='bbox 2350 1247 2729 1317; x_wconf 88' lang='grc' dir='ltr'>περικείμενος</span> <span class='ocrx_word' id='word_1_572' title='bbox 2782 1246 3044 1320; x_wconf 79' lang='grc' dir='ltr'>αἰσθητὴν</span> <span class='ocrx_word' id='word_1_573' title='bbox 3072 1248 3243 1302; x_wconf 88' lang='grc' dir='ltr'>ταῦτα</span> <span class='ocrx_word' id='word_1_574' title='bbox 3280 1248 3569 1321; x_wconf 77' lang='grc' dir='ltr'>ἔπραττεν,</span> <span class='ocrx_word' id='word_1_575' title='bbox 3622 1251 3772 1307; x_wconf 74' lang='grc' dir='ltr'>ἀλλὰ</span> 
     </span>
    </p>
   </div>
   <div class='ocr_carea' id='block_1_74' title="bbox 2198 1331 3775 1411">
    <p class='ocr_par' dir='ltr' id='par_1_74' title="bbox 2198 1331 3775 1411">
     <span class='ocr_line' id='line_1_74' title="bbox 2198 1331 3775 1411; baseline 0.005 -26"><span class='ocrx_word' id='word_1_576' title='bbox 2198 1331 2341 1386; x_wconf 81' lang='grc' dir='ltr'>λιτὸν</span> <span class='ocrx_word' id='word_1_577' title='bbox 2378 1332 2489 1404; x_wconf 79' lang='grc' dir='ltr'>βίον</span> <span class='ocrx_word' id='word_1_578' title='bbox 2529 1332 2760 1405; x_wconf 89' lang='grc' dir='ltr'>μετιὼν,</span> <span class='ocrx_word' id='word_1_579' title='bbox 2804 1334 2898 1388; x_wconf 70' lang='grc' dir='ltr'>καὶ</span> <span class='ocrx_word' id='word_1_580' title='bbox 2941 1334 3203 1400; x_wconf 89' lang='grc' dir='ltr'>τοιοῦτον,</span> <span class='ocrx_word' id='word_1_581' title='bbox 3246 1336 3323 1402; x_wconf 79' lang='grc' dir='ltr'>ὥς</span> <span class='ocrx_word' id='word_1_582' title='bbox 3364 1340 3427 1391; x_wconf 87' lang='grc' dir='ltr'>ἐκ</span> <span class='ocrx_word' id='word_1_583' title='bbox 3463 1338 3775 1411; x_wconf 72' lang='grc' dir='ltr'>χειμάρρου</span> 
     </span>
    </p>
   </div>
   <div class='ocr_carea' id='block_1_75' title="bbox 2199 1414 3777 1493">
    <p class='ocr_par' dir='ltr' id='par_1_75' title="bbox 2199 1414 3777 1493">
     <span class='ocr_line' id='line_1_75' title="bbox 2199 1414 3777 1493; baseline 0.006 -24"><span class='ocrx_word' id='word_1_584' title='bbox 2199 1419 2394 1472; x_wconf 83' lang='grc' dir='ltr'>πίνειν.</span> <span class='ocrx_word' id='word_1_585' title='bbox 2415 1418 2514 1472; x_wconf 80' lang='grc' dir='ltr'>Οἴα</span> <span class='ocrx_word' id='word_1_586' title='bbox 2546 1419 2655 1491; x_wconf 79' lang='grc' dir='ltr'>γὰρ</span> <span class='ocrx_word' id='word_1_587' title='bbox 2678 1414 2746 1490; x_wconf 79' lang='grc' dir='ltr'>ἦν</span> <span class='ocrx_word' id='word_1_588' title='bbox 2774 1419 2923 1491; x_wconf 83' lang='grc' dir='ltr'>αύτῷ</span> <span class='ocrx_word' id='word_1_589' title='bbox 2952 1421 2985 1491; x_wconf 88' lang='grc' dir='ltr'>ή</span> <span class='ocrx_word' id='word_1_590' title='bbox 3016 1420 3285 1493; x_wconf 79' lang='grc' dir='ltr'>τράπεζα,</span> <span class='ocrx_word' id='word_1_591' title='bbox 3319 1424 3557 1479; x_wconf 82' lang='grc' dir='ltr'>τοιοῦτον</span> <span class='ocrx_word' id='word_1_592' title='bbox 3586 1425 3679 1478; x_wconf 79' lang='grc' dir='ltr'>καὶ</span> <span class='ocrx_word' id='word_1_593' title='bbox 3702 1424 3777 1478; x_wconf 75' lang='grc' dir='ltr'>τδ</span> 
     </span>
    </p>
   </div>
   <div class='ocr_carea' id='block_1_76' title="bbox 2198 1504 3778 1579">
    <p class='ocr_par' dir='ltr' id='par_1_76' title="bbox 2198 1504 3778 1579">
     <span class='ocr_line' id='line_1_76' title="bbox 2198 1504 3778 1579; baseline 0.004 -22"><span class='ocrx_word' id='word_1_594' title='bbox 2198 1505 2380 1560; x_wconf 88' lang='grc' dir='ltr'>ποτόν.</span> <span class='ocrx_word' id='word_1_595' title='bbox 2412 1506 2477 1559; x_wconf 87' lang='grc' dir='ltr'><strong>Ἡ</strong></span> <span class='ocrx_word' id='word_1_596' title='bbox 2495 1504 2743 1576; x_wconf 74' lang='grc' dir='ltr'>τράπεζα</span> <span class='ocrx_word' id='word_1_597' title='bbox 2772 1505 2926 1575; x_wconf 85' lang='grc' dir='ltr'>ἄρτοι</span> <span class='ocrx_word' id='word_1_598' title='bbox 2949 1506 3206 1578; x_wconf 91' lang='grc' dir='ltr'>κρίθινοι,</span> <span class='ocrx_word' id='word_1_599' title='bbox 3230 1508 3293 1562; x_wconf 78' lang='grc' dir='ltr'><strong>τὸ</strong></span> <span class='ocrx_word' id='word_1_600' title='bbox 3316 1510 3477 1565; x_wconf 75' lang='grc' dir='ltr'>ποτὸν</span> <span class='ocrx_word' id='word_1_601' title='bbox 3499 1509 3640 1579; x_wconf 76' lang='grc' dir='ltr'>ὕδωρ</span> <span class='ocrx_word' id='word_1_602' title='bbox 3655 1510 3778 1564; x_wconf 72' lang='grc' dir='ltr'>ἀει-εδ</span> 
     </span>
    </p>
   </div>
   <div class='ocr_carea' id='block_1_77' title="bbox 2196 1590 3776 1669">
    <p class='ocr_par' dir='ltr' id='par_1_77' title="bbox 2196 1590 3776 1669">
     <span class='ocr_line' id='line_1_77' title="bbox 2196 1590 3776 1669; baseline 0.006 -25"><span class='ocrx_word' id='word_1_603' title='bbox 2196 1590 2291 1644; x_wconf 86' lang='grc' dir='ltr'>τοῦ</span> <span class='ocrx_word' id='word_1_604' title='bbox 2335 1593 2657 1665; x_wconf 75' lang='grc' dir='ltr'>χειμάρρου.</span> <span class='ocrx_word' id='word_1_605' title='bbox 2690 1592 2802 1665; x_wconf 80' lang='grc' dir='ltr'>Τήν</span> <span class='ocrx_word' id='word_1_606' title='bbox 2841 1592 2953 1664; x_wconf 85' lang='lat'>7&amp;9</span> <span class='ocrx_word' id='word_1_607' title='bbox 2986 1594 3278 1665; x_wconf 84' lang='grc' dir='ltr'>φιλόσοφον</span> <span class='ocrx_word' id='word_1_608' title='bbox 3312 1596 3518 1669; x_wconf 88' lang='grc' dir='ltr'>ταύτην</span> <span class='ocrx_word' id='word_1_609' title='bbox 3550 1597 3776 1653; x_wconf 82' lang='grc' dir='ltr'>δίαιταν</span> 
     </span>
    </p>
   </div>
   <div class='ocr_carea' id='block_1_78' title="bbox 2195 1671 3774 1752">
    <p class='ocr_par' dir='ltr' id='par_1_78' title="bbox 2195 1671 3774 1752">
     <span class='ocr_line' id='line_1_78' title="bbox 2195 1671 3774 1752; baseline 0.005 -22"><span class='ocrx_word' id='word_1_610' title='bbox 2195 1671 2327 1747; x_wconf 77' lang='grc' dir='ltr'>ἦλθε</span> <span class='ocrx_word' id='word_1_611' title='bbox 2356 1676 2602 1746; x_wconf 73' lang='grc' dir='ltr'>διδάξων,</span> <span class='ocrx_word' id='word_1_612' title='bbox 2642 1679 2880 1752; x_wconf 80' lang='grc' dir='ltr'>γαστρὸς</span> <span class='ocrx_word' id='word_1_613' title='bbox 2908 1684 3155 1751; x_wconf 82' lang='grc' dir='ltr'>κρατεῖν,</span> <span class='ocrx_word' id='word_1_614' title='bbox 3208 1683 3514 1752; x_wconf 83' lang='grc' dir='ltr'>φαντασίαν</span> <span class='ocrx_word' id='word_1_615' title='bbox 3544 1688 3774 1749; x_wconf 82' lang='grc' dir='ltr'><strong>πατεῖν,</strong></span> 
     </span>
    </p>
   </div>
   <div class='ocr_carea' id='block_1_79' title="bbox 2197 1760 3779 1842">
    <p class='ocr_par' dir='ltr' id='par_1_79' title="bbox 2197 1760 3779 1842">
     <span class='ocr_line' id='line_1_79' title="bbox 2197 1760 3779 1842; baseline 0.004 -23"><span class='ocrx_word' id='word_1_616' title='bbox 2197 1763 2363 1834; x_wconf 82' lang='grc' dir='ltr'>τῦφον</span> <span class='ocrx_word' id='word_1_617' title='bbox 2406 1765 2862 1835; x_wconf 85' lang='grc' dir='ltr'>ἀποστρέφεσθαι.</span> <span class='ocrx_word' id='word_1_618' title='bbox 2920 1760 3054 1822; x_wconf 80' lang='grc' dir='ltr'>Εἶτα</span> <span class='ocrx_word' id='word_1_619' title='bbox 3104 1769 3322 1834; x_wconf 80' lang='grc' dir='ltr'>δεικνὺς</span> <span class='ocrx_word' id='word_1_620' title='bbox 3369 1771 3469 1841; x_wconf 76' lang='grc' dir='ltr'>τῆς</span> <span class='ocrx_word' id='word_1_621' title='bbox 3518 1769 3659 1842; x_wconf 79' lang='grc' dir='ltr'>ζωῆς</span> <span class='ocrx_word' id='word_1_622' title='bbox 3700 1772 3779 1827; x_wconf 67' lang='grc' dir='ltr'>τὶ</span> 
     </span>
    </p>
   </div>
   <div class='ocr_carea' id='block_1_80' title="bbox 2197 1853 3773 1928">
    <p class='ocr_par' dir='ltr' id='par_1_80' title="bbox 2197 1853 3773 1928">
     <span class='ocr_line' id='line_1_80' title="bbox 2197 1853 3773 1928; baseline 0.005 -22"><span class='ocrx_word' id='word_1_623' title='bbox 2197 1853 2408 1925; x_wconf 82' lang='grc' dir='ltr'>κέρδος,</span> <span class='ocrx_word' id='word_1_624' title='bbox 2430 1853 2587 1907; x_wconf 87' lang='grc' dir='ltr'>τοῦτο</span> <span class='ocrx_word' id='word_1_625' title='bbox 2604 1855 2849 1925; x_wconf 84' lang='grc' dir='ltr'>ἐπήγαγε</span> <span class='ocrx_word' id='word_1_626' title='bbox 2870 1871 2883 1884; x_wconf 87' lang='grc'><strong>·</strong></span> <span class='ocrx_word' id='word_1_627' title='bbox 2904 1853 3006 1909; x_wconf 88' lang='grc' dir='ltr'>Διά</span> <span class='ocrx_word' id='word_1_628' title='bbox 3020 1855 3198 1911; x_wconf 83' lang='grc' dir='ltr'>τοῦτο</span> <span class='ocrx_word' id='word_1_629' title='bbox 3212 1857 3443 1926; x_wconf 62' lang='grc' dir='ltr'>ὐψόνει</span> <span class='ocrx_word' id='word_1_630' title='bbox 3469 1858 3773 1928; x_wconf 67' lang='grc' dir='ltr'>κεφαλήν.</span> 
     </span>
    </p>
   </div>
   <div class='ocr_carea' id='block_1_81' title="bbox 2197 1940 3780 2017">
    <p class='ocr_par' dir='ltr' id='par_1_81' title="bbox 2197 1940 3780 2017">
     <span class='ocr_line' id='line_1_81' title="bbox 2197 1940 3780 2017; baseline 0.002 -20"><span class='ocrx_word' id='word_1_631' title='bbox 2197 1941 2310 2012; x_wconf 82' lang='grc' dir='ltr'>Τῆς</span> <span class='ocrx_word' id='word_1_632' title='bbox 2332 1942 2437 2013; x_wconf 83' lang='grc' dir='ltr'>γὰρ</span> <span class='ocrx_word' id='word_1_633' title='bbox 2456 1940 2954 2014; x_wconf 85' lang='grc' dir='ltr'>ταπεινοφροσύνης</span> <span class='ocrx_word' id='word_1_634' title='bbox 2971 1944 3063 1996; x_wconf 81' lang='grc' dir='ltr'>καὶ</span> <span class='ocrx_word' id='word_1_635' title='bbox 3089 1944 3184 1999; x_wconf 90' lang='grc' dir='ltr'>τοῦ</span> <span class='ocrx_word' id='word_1_636' title='bbox 3212 1944 3451 2017; x_wconf 81' lang='grc' dir='ltr'>σκληροῦ</span> <span class='ocrx_word' id='word_1_637' title='bbox 3472 1945 3587 2016; x_wconf 85' lang='grc' dir='ltr'>βίον</span> <span class='ocrx_word' id='word_1_638' title='bbox 3608 1940 3780 2010; x_wconf 74' lang='grc' dir='ltr'>οὗτος</span> 
     </span>
    </p>
   </div>
   <div class='ocr_carea' id='block_1_82' title="bbox 2195 2029 2488 2101">
    <p class='ocr_par' dir='ltr' id='par_1_82' title="bbox 2195 2029 2488 2101">
     <span class='ocr_line' id='line_1_82' title="bbox 2195 2029 2488 2101; baseline -0.01 -16"><span class='ocrx_word' id='word_1_639' title='bbox 2195 2030 2224 2085; x_wconf 87' lang='lat'>6</span> <span class='ocrx_word' id='word_1_640' title='bbox 2252 2029 2488 2101; x_wconf 89' lang='grc' dir='ltr'>καρπός.</span> 
     </span>
    </p>
   </div>
   <div class='ocr_carea' id='block_1_83' title="bbox 2268 2195 3783 2272">
    <p class='ocr_par' dir='ltr' id='par_1_83' title="bbox 2268 2195 3783 2272">
     <span class='ocr_line' id='line_1_83' title="bbox 2268 2195 3783 2272; baseline 0.003 -22"><span class='ocrx_word' id='word_1_641' title='bbox 2268 2195 2335 2251; x_wconf 85' lang='grc' dir='ltr'>θ’.</span> <span class='ocrx_word' id='word_1_642' title='bbox 2353 2195 2540 2252; x_wconf 85' lang='grc' dir='ltr'>Ταῦτα</span> <span class='ocrx_word' id='word_1_643' title='bbox 2554 2197 2611 2253; x_wconf 73' lang='grc' dir='ltr'>δέ</span> <span class='ocrx_word' id='word_1_644' title='bbox 2626 2199 2691 2253; x_wconf 81' lang='grc' dir='ltr'>οὐ</span> <span class='ocrx_word' id='word_1_645' title='bbox 2708 2198 2838 2271; x_wconf 78' lang='grc' dir='ltr'>περὶ</span> <span class='ocrx_word' id='word_1_646' title='bbox 2856 2201 2955 2271; x_wconf 77' lang='grc' dir='ltr'>τῆς</span> <span class='ocrx_word' id='word_1_647' title='bbox 2968 2197 3220 2267; x_wconf 87' lang='grc' dir='ltr'>θεότητος</span> <span class='ocrx_word' id='word_1_648' title='bbox 3234 2199 3467 2271; x_wconf 72' lang='grc' dir='ltr'>εἴρηται,</span> <span class='ocrx_word' id='word_1_649' title='bbox 3482 2198 3615 2254; x_wconf 76' lang='grc' dir='ltr'>ἀλλὰ</span> <span class='ocrx_word' id='word_1_650' title='bbox 3632 2202 3783 2272; x_wconf 75' lang='grc' dir='ltr'>περὶ</span> 
     </span>
    </p>
   </div>
   <div class='ocr_carea' id='block_1_84' title="bbox 2195 2283 3784 2359">
    <p class='ocr_par' dir='ltr' id='par_1_84' title="bbox 2195 2283 3784 2359">
     <span class='ocr_line' id='line_1_84' title="bbox 2195 2283 3784 2359; baseline 0 -19"><span class='ocrx_word' id='word_1_651' title='bbox 2195 2283 2295 2354; x_wconf 82' lang='grc' dir='ltr'>τῆς</span> <span class='ocrx_word' id='word_1_652' title='bbox 2327 2284 2529 2355; x_wconf 77' lang='grc' dir='ltr'>σαρκὸς</span> <span class='ocrx_word' id='word_1_653' title='bbox 2558 2285 2658 2356; x_wconf 82' lang='grc' dir='ltr'>τῆς</span> <span class='ocrx_word' id='word_1_654' title='bbox 2686 2285 2948 2356; x_wconf 85' lang='grc' dir='ltr'>πινούσης</span> <span class='ocrx_word' id='word_1_655' title='bbox 2978 2287 3045 2340; x_wconf 89' lang='grc' dir='ltr'>ἐκ</span> <span class='ocrx_word' id='word_1_656' title='bbox 3071 2286 3394 2359; x_wconf 69' lang='grc' dir='ltr'>χειμάρρου,</span> <span class='ocrx_word' id='word_1_657' title='bbox 3409 2288 3507 2357; x_wconf 81' lang='grc' dir='ltr'>τῆς</span> <span class='ocrx_word' id='word_1_658' title='bbox 3534 2286 3784 2356; x_wconf 72' lang='grc' dir='ltr'>ύψωθείο</span> 
     </span>
    </p>
   </div>
   <div class='ocr_carea' id='block_1_85' title="bbox 2198 2370 3781 2445">
    <p class='ocr_par' dir='ltr' id='par_1_85' title="bbox 2198 2370 3781 2445">
     <span class='ocr_line' id='line_1_85' title="bbox 2198 2370 3781 2445; baseline 0.001 -21"><span class='ocrx_word' id='word_1_659' title='bbox 2198 2387 2317 2442; x_wconf 85' lang='grc' dir='ltr'>σης.</span> <span class='ocrx_word' id='word_1_660' title='bbox 2343 2371 2417 2425; x_wconf 89' lang='grc' dir='ltr'>Ού</span> <span class='ocrx_word' id='word_1_661' title='bbox 2454 2370 2617 2442; x_wconf 88' lang='grc' dir='ltr'>μόνον</span> <span class='ocrx_word' id='word_1_662' title='bbox 2644 2372 2755 2443; x_wconf 82' lang='grc' dir='ltr'>γὰρ</span> <span class='ocrx_word' id='word_1_663' title='bbox 2780 2372 2932 2428; x_wconf 82' lang='grc' dir='ltr'>οὐδὲν</span> <span class='ocrx_word' id='word_1_664' title='bbox 2970 2373 3139 2444; x_wconf 77' lang='grc' dir='ltr'>αὐτὴν</span> <span class='ocrx_word' id='word_1_665' title='bbox 3183 2371 3533 2444; x_wconf 80' lang='grc' dir='ltr'>παρέϐλαψεν</span> <span class='ocrx_word' id='word_1_666' title='bbox 3555 2371 3694 2443; x_wconf 67' lang='grc' dir='ltr'>αὕτη</span> <span class='ocrx_word' id='word_1_667' title='bbox 3735 2375 3781 2445; x_wconf 79' lang='grc' dir='ltr'>ἠ</span> 
     </span>
    </p>
   </div>
   <div class='ocr_carea' id='block_1_86' title="bbox 2195 2450 3784 2533">
    <p class='ocr_par' dir='ltr' id='par_1_86' title="bbox 2195 2450 3784 2533">
     <span class='ocr_line' id='line_1_86' title="bbox 2195 2450 3784 2533; baseline 0.002 -22"><span class='ocrx_word' id='word_1_668' title='bbox 2195 2456 2462 2522; x_wconf 72' lang='grc' dir='ltr'>εὐτέλεια,</span> <span class='ocrx_word' id='word_1_669' title='bbox 2493 2457 2629 2513; x_wconf 80' lang='grc' dir='ltr'>ἀλλὰ</span> <span class='ocrx_word' id='word_1_670' title='bbox 2653 2459 2749 2513; x_wconf 80' lang='grc' dir='ltr'>καὶ</span> <span class='ocrx_word' id='word_1_671' title='bbox 2781 2458 2917 2533; x_wconf 76' lang='grc' dir='ltr'>πρὸς</span> <span class='ocrx_word' id='word_1_672' title='bbox 2939 2458 3073 2529; x_wconf 74' lang='grc' dir='ltr'>ὕψος</span> <span class='ocrx_word' id='word_1_673' title='bbox 3105 2460 3381 2530; x_wconf 79' lang='grc' dir='ltr'>ἀνήγαγεν</span> <span class='ocrx_word' id='word_1_674' title='bbox 3407 2450 3634 2529; x_wconf 66' lang='grc' dir='ltr'>ἀφατονζ</span> <span class='ocrx_word' id='word_1_675' title='bbox 3654 2460 3784 2514; x_wconf 72' lang='grc' dir='ltr'>Καὶ</span> 
     </span>
    </p>
   </div>
   <div class='ocr_carea' id='block_1_87' title="bbox 2198 2538 3785 2617">
    <p class='ocr_par' dir='ltr' id='par_1_87' title="bbox 2198 2538 3785 2617">
     <span class='ocr_line' id='line_1_87' title="bbox 2198 2538 3785 2617; baseline 0.002 -19"><span class='ocrx_word' id='word_1_676' title='bbox 2198 2545 2262 2599; x_wconf 84' lang='grc' dir='ltr'>σὺ</span> <span class='ocrx_word' id='word_1_677' title='bbox 2290 2543 2491 2611; x_wconf 80' lang='grc' dir='ltr'>τοίνυν,</span> <span class='ocrx_word' id='word_1_678' title='bbox 2516 2538 2563 2599; x_wconf 79' lang='grc' dir='ltr'><strong>ὣ</strong></span> <span class='ocrx_word' id='word_1_679' title='bbox 2582 2546 2859 2615; x_wconf 50' lang='grc' dir='ltr'>ἀγαπητὴ</span> <span class='ocrx_word' id='word_1_680' title='bbox 2879 2545 3114 2617; x_wconf 77' lang='grc' dir='ltr'>ἐχων’τά</span> <span class='ocrx_word' id='word_1_681' title='bbox 3142 2545 3640 2617; x_wconf 81' lang='grc' dir='ltr'>ύποδείγματα,τδν</span> <span class='ocrx_word' id='word_1_682' title='bbox 3668 2547 3785 2617; x_wconf 64' lang='grc' dir='ltr'>μὲν</span> 
     </span>
    </p>
   </div>
   <div class='ocr_carea' id='block_1_88' title="bbox 2197 2630 3780 2704">
    <p class='ocr_par' dir='ltr' id='par_1_88' title="bbox 2197 2630 3780 2704">
     <span class='ocr_line' id='line_1_88' title="bbox 2197 2630 3780 2704; baseline 0.001 -20"><span class='ocrx_word' id='word_1_683' title='bbox 2197 2630 2596 2702; x_wconf 68' lang='grc' dir='ltr'>φλεγμαίνοντα</span> <span class='ocrx_word' id='word_1_684' title='bbox 2634 2633 2731 2689; x_wconf 77' lang='grc' dir='ltr'>καὶ</span> <span class='ocrx_word' id='word_1_685' title='bbox 2758 2633 3061 2703; x_wconf 80' lang='grc' dir='ltr'>φαντασίας</span> <span class='ocrx_word' id='word_1_686' title='bbox 3088 2633 3329 2703; x_wconf 75' lang='grc' dir='ltr'>γέμοντα</span> <span class='ocrx_word' id='word_1_687' title='bbox 3353 2632 3469 2704; x_wconf 83' lang='grc' dir='ltr'>βίον</span> <span class='ocrx_word' id='word_1_688' title='bbox 3496 2631 3737 2704; x_wconf 75' lang='grc' dir='ltr'>ἀτίμαζε</span> <span class='ocrx_word' id='word_1_689' title='bbox 3760 2652 3780 2667; x_wconf 76' lang='grc' dir='ltr'><strong><em>ο</em></strong></span> 
     </span>
    </p>
   </div>
   <div class='ocr_carea' id='block_1_89' title="bbox 2194 2718 3781 2791">
    <p class='ocr_par' dir='ltr' id='par_1_89' title="bbox 2194 2718 3781 2791">
     <span class='ocr_line' id='line_1_89' title="bbox 2194 2718 3781 2791; baseline 0.002 -20"><span class='ocrx_word' id='word_1_690' title='bbox 2194 2718 2286 2772; x_wconf 83' lang='grc' dir='ltr'>τὸν</span> <span class='ocrx_word' id='word_1_691' title='bbox 2311 2718 2369 2772; x_wconf 78' lang='grc' dir='ltr'>δὲ</span> <span class='ocrx_word' id='word_1_692' title='bbox 2407 2718 2596 2791; x_wconf 84' lang='grc' dir='ltr'>εὐτελῆ</span> <span class='ocrx_word' id='word_1_693' title='bbox 2624 2720 2721 2774; x_wconf 78' lang='grc' dir='ltr'>καὶ</span> <span class='ocrx_word' id='word_1_694' title='bbox 2746 2719 3163 2791; x_wconf 79' lang='grc' dir='ltr'>ἐσχεδιασμένον</span> <span class='ocrx_word' id='word_1_695' title='bbox 3188 2719 3349 2773; x_wconf 86' lang='grc' dir='ltr'>δίωκε</span> <span class='ocrx_word' id='word_1_696' title='bbox 3370 2757 3387 2784; x_wconf 95' lang='grc'><strong>,</strong></span> <span class='ocrx_word' id='word_1_697' title='bbox 3413 2718 3469 2773; x_wconf 83' lang='grc' dir='ltr'>εί</span> <span class='ocrx_word' id='word_1_698' title='bbox 3490 2736 3553 2786; x_wconf 85' lang='grc' dir='ltr'>γε</span> <span class='ocrx_word' id='word_1_699' title='bbox 3588 2719 3781 2789; x_wconf 83' lang='grc' dir='ltr'>βούλει</span> 
     </span>
    </p>
   </div>
   <div class='ocr_carea' id='block_1_90' title="bbox 2195 2803 3783 2880">
    <p class='ocr_par' dir='ltr' id='par_1_90' title="bbox 2195 2803 3783 2880">
     <span class='ocr_line' id='line_1_90' title="bbox 2195 2803 3783 2880; baseline 0.001 -20"><span class='ocrx_word' id='word_1_700' title='bbox 2195 2806 2447 2880; x_wconf 88' lang='grc' dir='ltr'>λαμπρός</span> <span class='ocrx_word' id='word_1_701' title='bbox 2473 2824 2559 2873; x_wconf 88' lang='grc' dir='ltr'>τις</span> <span class='ocrx_word' id='word_1_702' title='bbox 2585 2803 2725 2863; x_wconf 79' lang='grc' dir='ltr'>εἶναι</span> <span class='ocrx_word' id='word_1_703' title='bbox 2767 2810 2862 2863; x_wconf 73' lang='grc' dir='ltr'>καὶ</span> <span class='ocrx_word' id='word_1_704' title='bbox 2890 2808 3084 2879; x_wconf 86' lang='grc' dir='ltr'>μέγας.</span> <span class='ocrx_word' id='word_1_705' title='bbox 3125 2808 3238 2863; x_wconf 84' lang='lat' dir='ltr'><strong><em>Kal</em></strong></span> <span class='ocrx_word' id='word_1_706' title='bbox 3270 2807 3382 2880; x_wconf 82' lang='lat'>7&amp;9</span> <span class='ocrx_word' id='word_1_707' title='bbox 3420 2809 3450 2862; x_wconf 90' lang='lat'>6</span> <span class='ocrx_word' id='word_1_708' title='bbox 3493 2807 3783 2879; x_wconf 84' lang='grc' dir='ltr'>Δεσπότης</span> 
     </span>
    </p>
   </div>
   <div class='ocr_carea' id='block_1_91' title="bbox 2197 2891 3776 2968">
    <p class='ocr_par' dir='ltr' id='par_1_91' title="bbox 2197 2891 3776 2968">
     <span class='ocr_line' id='line_1_91' title="bbox 2197 2891 3776 2968; baseline 0.001 -20"><span class='ocrx_word' id='word_1_709' title='bbox 2197 2910 2294 2948; x_wconf 86' lang='grc' dir='ltr'>σου</span> <span class='ocrx_word' id='word_1_710' title='bbox 2325 2894 2411 2949; x_wconf 76' lang='grc' dir='ltr'>διὰ</span> <span class='ocrx_word' id='word_1_711' title='bbox 2445 2894 2606 2949; x_wconf 91' lang='grc' dir='ltr'>τοῦτο</span> <span class='ocrx_word' id='word_1_712' title='bbox 2634 2891 2818 2968; x_wconf 75' lang='grc' dir='ltr'>ἦλθεν,</span> <span class='ocrx_word' id='word_1_713' title='bbox 2857 2896 2943 2950; x_wconf 75' lang='grc' dir='ltr'>ἵνα</span> <span class='ocrx_word' id='word_1_714' title='bbox 2972 2893 3176 2966; x_wconf 88' lang='grc' dir='ltr'>ταύτην</span> <span class='ocrx_word' id='word_1_715' title='bbox 3210 2912 3269 2948; x_wconf 92' lang='grc' dir='ltr'>σε</span> <span class='ocrx_word' id='word_1_716' title='bbox 3296 2895 3482 2968; x_wconf 80' lang='grc' dir='ltr'>διδάξῃ</span> <span class='ocrx_word' id='word_1_717' title='bbox 3508 2896 3606 2966; x_wconf 79' lang='grc' dir='ltr'>τὴν</span> <span class='ocrx_word' id='word_1_718' title='bbox 3623 2894 3776 2949; x_wconf 82' lang='grc' dir='ltr'>ὁδόν.</span> 
     </span>
    </p>
   </div>
   <div class='ocr_carea' id='block_1_92' title="bbox 2196 2980 3780 3057">
    <p class='ocr_par' dir='ltr' id='par_1_92' title="bbox 2196 2980 3780 3057">
     <span class='ocr_line' id='line_1_92' title="bbox 2196 2980 3780 3057; baseline -0.001 -21"><span class='ocrx_word' id='word_1_719' title='bbox 2196 2982 2298 3037; x_wconf 89' lang='grc' dir='ltr'>Διά</span> <span class='ocrx_word' id='word_1_720' title='bbox 2323 3000 2407 3037; x_wconf 88' lang='grc' dir='ltr'>τοι</span> <span class='ocrx_word' id='word_1_721' title='bbox 2434 2983 2593 3038; x_wconf 87' lang='grc' dir='ltr'>τοῦτο</span> <span class='ocrx_word' id='word_1_722' title='bbox 2640 2984 2737 3037; x_wconf 54' lang='grc' dir='ltr'>καὶ¹</span> <span class='ocrx_word' id='word_1_723' title='bbox 2763 2986 2791 3038; x_wconf 87' lang='lat'>6</span> <span class='ocrx_word' id='word_1_724' title='bbox 2825 2984 3111 3056; x_wconf 77' lang='grc' dir='ltr'>προφήτης</span> <span class='ocrx_word' id='word_1_725' title='bbox 3153 2982 3325 3036; x_wconf 86' lang='grc' dir='ltr'>εἰπὼν</span> <span class='ocrx_word' id='word_1_726' title='bbox 3378 2983 3448 3037; x_wconf 91' lang='grc' dir='ltr'>τά</span> <span class='ocrx_word' id='word_1_727' title='bbox 3486 2980 3780 3057; x_wconf 75' lang='grc' dir='ltr'>κατορθῶ-</span> 
     </span>
    </p>
   </div>
   <div class='ocr_carea' id='block_1_93' title="bbox 2200 3066 3783 3142">
    <p class='ocr_par' dir='ltr' id='par_1_93' title="bbox 2200 3066 3783 3142">
     <span class='ocr_line' id='line_1_93' title="bbox 2200 3066 3783 3142; baseline -0.001 -19"><span class='ocrx_word' id='word_1_728' title='bbox 2200 3086 2365 3141; x_wconf 84' lang='grc' dir='ltr'>ματα.</span> <span class='ocrx_word' id='word_1_729' title='bbox 2399 3071 2647 3142; x_wconf 86' lang='grc' dir='ltr'>ἐπήγαγε</span> <span class='ocrx_word' id='word_1_730' title='bbox 2673 3069 2832 3124; x_wconf 89' lang='grc' dir='ltr'>τοῦτο</span> <span class='ocrx_word' id='word_1_731' title='bbox 2854 3069 3005 3134; x_wconf 84' lang='grc' dir='ltr'>αὐτὸ,</span> <span class='ocrx_word' id='word_1_732' title='bbox 3042 3069 3323 3140; x_wconf 75' lang='grc' dir='ltr'>μονονουχὶ</span> <span class='ocrx_word' id='word_1_733' title='bbox 3351 3069 3547 3138; x_wconf 88' lang='grc' dir='ltr'>λέγων·</span> <span class='ocrx_word' id='word_1_734' title='bbox 3579 3066 3783 3122; x_wconf 79' lang='grc' dir='ltr'>Ἀκού-</span> 
     </span>
    </p>
   </div>
   <div class='ocr_carea' id='block_1_94' title="bbox 2199 3154 3785 3230">
    <p class='ocr_par' dir='ltr' id='par_1_94' title="bbox 2199 3154 3785 3230">
     <span class='ocr_line' id='line_1_94' title="bbox 2199 3154 3785 3230; baseline -0.002 -19"><span class='ocrx_word' id='word_1_735' title='bbox 2199 3174 2298 3221; x_wconf 87' lang='grc' dir='ltr'>σας</span> <span class='ocrx_word' id='word_1_736' title='bbox 2324 3155 2480 3228; x_wconf 85' lang='grc' dir='ltr'>νίκην</span> <span class='ocrx_word' id='word_1_737' title='bbox 2501 3156 2595 3211; x_wconf 69' lang='grc' dir='ltr'>καὶ</span> <span class='ocrx_word' id='word_1_738' title='bbox 2621 3155 2880 3230; x_wconf 86' lang='grc' dir='ltr'>τρόπαια,</span> <span class='ocrx_word' id='word_1_739' title='bbox 2919 3158 2993 3229; x_wconf 79' lang='grc' dir='ltr'>μὴ</span> <span class='ocrx_word' id='word_1_740' title='bbox 3020 3154 3206 3221; x_wconf 75' lang='grc' dir='ltr'>ἔλπιζε</span> <span class='ocrx_word' id='word_1_741' title='bbox 3231 3156 3369 3211; x_wconf 79' lang='grc' dir='ltr'>ὅπλα</span> <span class='ocrx_word' id='word_1_742' title='bbox 3391 3158 3486 3211; x_wconf 77' lang='grc' dir='ltr'>καὶ</span> <span class='ocrx_word' id='word_1_743' title='bbox 3507 3154 3785 3228; x_wconf 75' lang='grc' dir='ltr'>στρατιώο</span> 
     </span>
    </p>
   </div>
   <div class='ocr_carea' id='block_1_95' title="bbox 2197 3242 3785 3315">
    <p class='ocr_par' dir='ltr' id='par_1_95' title="bbox 2197 3242 3785 3315">
     <span class='ocr_line' id='line_1_95' title="bbox 2197 3242 3785 3315; baseline -0.001 -18"><span class='ocrx_word' id='word_1_744' title='bbox 2197 3259 2316 3306; x_wconf 86' lang='grc' dir='ltr'>τας,</span> <span class='ocrx_word' id='word_1_745' title='bbox 2353 3244 2448 3296; x_wconf 74' lang='grc' dir='ltr'>καὶ</span> <span class='ocrx_word' id='word_1_746' title='bbox 2477 3242 2719 3315; x_wconf 76' lang='grc' dir='ltr'>ἅρματα,</span> <span class='ocrx_word' id='word_1_747' title='bbox 2754 3246 2849 3298; x_wconf 77' lang='grc' dir='ltr'>καὶ</span> <span class='ocrx_word' id='word_1_748' title='bbox 2881 3245 3101 3310; x_wconf 76' lang='grc' dir='ltr'>ἵππους,</span> <span class='ocrx_word' id='word_1_749' title='bbox 3122 3245 3215 3299; x_wconf 82' lang='grc' dir='ltr'>καὶ</span> <span class='ocrx_word' id='word_1_750' title='bbox 3244 3244 3470 3308; x_wconf 78' lang='grc' dir='ltr'>ἱππέας,</span> <span class='ocrx_word' id='word_1_751' title='bbox 3503 3243 3597 3297; x_wconf 78' lang='grc' dir='ltr'>καὶ</span> <span class='ocrx_word' id='word_1_752' title='bbox 3620 3243 3785 3297; x_wconf 82' lang='grc' dir='ltr'>ὁπλί-</span> 
     </span>
    </p>
   </div>
   <div class='ocr_carea' id='block_1_96' title="bbox 2196 3329 3781 3404">
    <p class='ocr_par' dir='ltr' id='par_1_96' title="bbox 2196 3329 3781 3404">
     <span class='ocr_line' id='line_1_96' title="bbox 2196 3329 3781 3404; baseline -0.001 -19"><span class='ocrx_word' id='word_1_753' title='bbox 2196 3349 2319 3396; x_wconf 87' lang='grc' dir='ltr'>τας,</span> <span class='ocrx_word' id='word_1_754' title='bbox 2355 3333 2447 3385; x_wconf 81' lang='grc' dir='ltr'>καὶ</span> <span class='ocrx_word' id='word_1_755' title='bbox 2494 3330 2757 3403; x_wconf 88' lang='grc' dir='ltr'>θορύϐους</span> <span class='ocrx_word' id='word_1_756' title='bbox 2781 3370 2797 3397; x_wconf 89' lang='grc'><strong>,</strong></span> <span class='ocrx_word' id='word_1_757' title='bbox 2855 3333 2951 3386; x_wconf 80' lang='grc' dir='ltr'>καὶ</span> <span class='ocrx_word' id='word_1_758' title='bbox 2982 3332 3230 3404; x_wconf 85' lang='grc' dir='ltr'>ταραχὰς</span> <span class='ocrx_word' id='word_1_759' title='bbox 3269 3331 3418 3386; x_wconf 81' lang='grc' dir='ltr'>ἰδεῖν.</span> <span class='ocrx_word' id='word_1_760' title='bbox 3472 3329 3631 3385; x_wconf 71' lang='grc' dir='ltr'>Οὕτω</span> <span class='ocrx_word' id='word_1_761' title='bbox 3673 3347 3781 3384; x_wconf 82' lang='grc' dir='ltr'>τα·</span> 
     </span>
    </p>
   </div>
   <div class='ocr_carea' id='block_1_97' title="bbox 2199 3417 3782 3491">
    <p class='ocr_par' dir='ltr' id='par_1_97' title="bbox 2199 3417 3782 3491">
     <span class='ocr_line' id='line_1_97' title="bbox 2199 3417 3782 3491; baseline -0.001 -21"><span class='ocrx_word' id='word_1_762' title='bbox 2199 3418 2379 3481; x_wconf 86' lang='grc' dir='ltr'>πεινός</span> <span class='ocrx_word' id='word_1_763' title='bbox 2398 3420 2544 3471; x_wconf 83' lang='grc' dir='ltr'>ἐστιν</span> <span class='ocrx_word' id='word_1_764' title='bbox 2568 3419 2597 3471; x_wconf 88' lang='lat'>6</span> <span class='ocrx_word' id='word_1_765' title='bbox 2619 3417 2792 3472; x_wconf 87' lang='grc' dir='ltr'>ταῦτα</span> <span class='ocrx_word' id='word_1_766' title='bbox 2818 3419 3119 3491; x_wconf 82' lang='grc' dir='ltr'>κατορθῶν,</span> <span class='ocrx_word' id='word_1_767' title='bbox 3147 3417 3292 3472; x_wconf 68' lang='grc' dir='ltr'>οὕτω</span> <span class='ocrx_word' id='word_1_768' title='bbox 3324 3417 3782 3490; x_wconf 82' lang='grc' dir='ltr'>συνεσταλμένος,</span> 
     </span>
    </p>
   </div>
   <div class='ocr_carea' id='block_1_98' title="bbox 2198 3497 3784 3580">
    <p class='ocr_par' dir='ltr' id='par_1_98' title="bbox 2198 3497 3784 3580">
     <span class='ocr_line' id='line_1_98' title="bbox 2198 3497 3784 3580; baseline -0.002 -21"><span class='ocrx_word' id='word_1_769' title='bbox 2198 3507 2275 3569; x_wconf 75' lang='grc' dir='ltr'>ὡς</span> <span class='ocrx_word' id='word_1_770' title='bbox 2322 3507 2383 3560; x_wconf 81' lang='grc' dir='ltr'>ἐκ</span> <span class='ocrx_word' id='word_1_771' title='bbox 2420 3506 2722 3580; x_wconf 76' lang='grc' dir='ltr'>χειμάρρου</span> <span class='ocrx_word' id='word_1_772' title='bbox 2775 3505 2953 3560; x_wconf 86' lang='grc' dir='ltr'>πίνειν</span> <span class='ocrx_word' id='word_1_773' title='bbox 2991 3506 3164 3579; x_wconf 67' lang='grc' dir='ltr'>ὕδωρ⁴</span> <span class='ocrx_word' id='word_1_774' title='bbox 3215 3505 3328 3560; x_wconf 81' lang='grc' dir='ltr'>ἀλλ’</span> <span class='ocrx_word' id='word_1_775' title='bbox 3360 3506 3513 3577; x_wconf 82' lang='grc' dir='ltr'>ὅμως</span> <span class='ocrx_word' id='word_1_776' title='bbox 3552 3497 3707 3567; x_wconf 75' lang='grc' dir='ltr'>οὗτος</span> <span class='ocrx_word' id='word_1_777' title='bbox 3747 3505 3784 3557; x_wconf 82' lang='grc' dir='ltr'>ό</span> 
     </span>
    </p>
   </div>
   <div class='ocr_carea' id='block_1_99' title="bbox 2197 3590 3785 3659">
    <p class='ocr_par' dir='ltr' id='par_1_99' title="bbox 2197 3590 3785 3659">
     <span class='ocr_line' id='line_1_99' title="bbox 2197 3590 3785 3659; baseline 0 -12"><span class='ocrx_word' id='word_1_778' title='bbox 2197 3593 2436 3659; x_wconf 85' lang='grc' dir='ltr'>τοιοῦτος</span> <span class='ocrx_word' id='word_1_779' title='bbox 2462 3594 2635 3648; x_wconf 74' lang='grc' dir='ltr'>ταῦτα</span> <span class='ocrx_word' id='word_1_780' title='bbox 2676 3594 2892 3649; x_wconf 74' lang='grc' dir='ltr'><strong>ἅπαντα</strong></span> <span class='ocrx_word' id='word_1_781' title='bbox 2931 3593 3140 3652; x_wconf 89' lang='grc' dir='ltr'>άνύσει.</span> <span class='ocrx_word' id='word_1_782' title='bbox 3188 3592 3561 3649; x_wconf 83' lang='grc' dir='ltr'>Ἀκουέτωσαν</span> <span class='ocrx_word' id='word_1_783' title='bbox 3586 3593 3638 3646; x_wconf 87' lang='grc' dir='ltr'>οἰ</span> <span class='ocrx_word' id='word_1_784' title='bbox 3673 3590 3785 3657; x_wconf 75' lang='grc' dir='ltr'>τὰς</span> 
     </span>
    </p>
   </div>
   <div class='ocr_carea' id='block_1_100' title="bbox 2198 3680 3781 3754">
    <p class='ocr_par' dir='ltr' id='par_1_100' title="bbox 2198 3680 3781 3754">
     <span class='ocr_line' id='line_1_100' title="bbox 2198 3680 3781 3754; baseline -0.001 -21"><span class='ocrx_word' id='word_1_785' title='bbox 2198 3680 2561 3753; x_wconf 79' lang='grc' dir='ltr'>Συϐαριτικὰς</span> <span class='ocrx_word' id='word_1_786' title='bbox 2600 3680 2814 3751; x_wconf 78' lang='grc' dir='ltr'>ἔχοντες</span> <span class='ocrx_word' id='word_1_787' title='bbox 2841 3682 2870 3722; x_wconf 71' lang='grc' dir='ltr'>ι)</span> <span class='ocrx_word' id='word_1_788' title='bbox 2896 3682 3193 3754; x_wconf 73' lang='grc' dir='ltr'>τραπέζας,</span> <span class='ocrx_word' id='word_1_789' title='bbox 3230 3682 3323 3736; x_wconf 74' lang='grc' dir='ltr'>καὶ</span> <span class='ocrx_word' id='word_1_790' title='bbox 3364 3680 3437 3735; x_wconf 82' lang='grc' dir='ltr'>τὰ</span> <span class='ocrx_word' id='word_1_791' title='bbox 3478 3680 3781 3751; x_wconf 84' lang='grc' dir='ltr'>ἐδέσματα,</span> 
     </span>
    </p>
   </div>
   <div class='ocr_carea' id='block_1_101' title="bbox 2198 3763 3786 3840">
    <p class='ocr_par' dir='ltr' id='par_1_101' title="bbox 2198 3763 3786 3840">
     <span class='ocr_line' id='line_1_101' title="bbox 2198 3763 3786 3840; baseline -0.001 -18"><span class='ocrx_word' id='word_1_792' title='bbox 2198 3769 2294 3822; x_wconf 68' lang='lat' dir='ltr'>xal</span> <span class='ocrx_word' id='word_1_793' title='bbox 2350 3770 2456 3822; x_wconf 81' lang='grc' dir='ltr'>πᾶν</span> <span class='ocrx_word' id='word_1_794' title='bbox 2505 3763 2646 3830; x_wconf 82' lang='grc' dir='ltr'>εἶδος</span> <span class='ocrx_word' id='word_1_795' title='bbox 2683 3768 2984 3840; x_wconf 85' lang='grc' dir='ltr'>καρυκείας</span> <span class='ocrx_word' id='word_1_796' title='bbox 3008 3766 3388 3832; x_wconf 84' lang='grc' dir='ltr'>ἐπινοοῦντες,</span> <span class='ocrx_word' id='word_1_797' title='bbox 3425 3767 3522 3823; x_wconf 77' lang='grc' dir='ltr'>καὶ</span> <span class='ocrx_word' id='word_1_798' title='bbox 3553 3766 3786 3821; x_wconf 85' lang='grc' dir='ltr'>ποικίλα</span> 
     </span>
    </p>
   </div>
   <div class='ocr_carea' id='block_1_102' title="bbox 2202 3846 3785 3936">
    <p class='ocr_par' dir='ltr' id='par_1_102' title="bbox 2202 3846 3785 3936">
     <span class='ocr_line' id='line_1_102' title="bbox 2202 3846 3785 3936; baseline 0 -29"><span class='ocrx_word' id='word_1_799' title='bbox 2202 3855 2482 3926; x_wconf 87' lang='grc' dir='ltr'>μαγείρων</span> <span class='ocrx_word' id='word_1_800' title='bbox 2506 3855 2638 3925; x_wconf 88' lang='grc' dir='ltr'>γένη</span> <span class='ocrx_word' id='word_1_801' title='bbox 2671 3846 3009 3928; x_wconf 75' lang='grc' dir='ltr'>πανταχόθεν</span> <span class='ocrx_word' id='word_1_802' title='bbox 3052 3855 3420 3925; x_wconf 89' lang='grc' dir='ltr'>συλλέγοντες,</span> <span class='ocrx_word' id='word_1_803' title='bbox 3453 3854 3547 3909; x_wconf 74' lang='grc' dir='ltr'>καὶ</span> <span class='ocrx_word' id='word_1_804' title='bbox 3574 3853 3785 3936; x_wconf 81' lang='grc' dir='ltr'>ναύτας</span> 
     </span>
    </p>
   </div>
   <div class='ocr_carea' id='block_1_103' title="bbox 2201 3940 3783 4017">
    <p class='ocr_par' dir='ltr' id='par_1_103' title="bbox 2201 3940 3783 4017">
     <span class='ocr_line' id='line_1_103' title="bbox 2201 3940 3783 4017; baseline -0.001 -21"><span class='ocrx_word' id='word_1_805' title='bbox 2201 3942 2357 4017; x_wconf 67' lang='grc'>[264]</span> <span class='ocrx_word' id='word_1_806' title='bbox 2389 3940 2489 3997; x_wconf 82' lang='grc' dir='ltr'>καὶ</span> <span class='ocrx_word' id='word_1_807' title='bbox 2510 3941 2848 4015; x_wconf 86' lang='grc' dir='ltr'>κυϐερνήτας</span> <span class='ocrx_word' id='word_1_808' title='bbox 2877 3943 2973 3998; x_wconf 73' lang='grc' dir='ltr'>καὶ</span> <span class='ocrx_word' id='word_1_809' title='bbox 2996 3960 3078 3997; x_wconf 89' lang='grc' dir='ltr'>κω</span> <span class='ocrx_word' id='word_1_810' title='bbox 3090 3943 3333 4015; x_wconf 85' lang='grc' dir='ltr'>πηλάτας</span> <span class='ocrx_word' id='word_1_811' title='bbox 3361 3940 3783 4009; x_wconf 80' lang='grc' dir='ltr'>καταλέγοντες,</span> 
     </span>
    </p>
   </div>
   <div class='ocr_carea' id='block_1_104' title="bbox 2200 4030 3786 4105">
    <p class='ocr_par' dir='ltr' id='par_1_104' title="bbox 2200 4030 3786 4105">
     <span class='ocr_line' id='line_1_104' title="bbox 2200 4030 3786 4105; baseline 0 -19"><span class='ocrx_word' id='word_1_812' title='bbox 2200 4034 2287 4086; x_wconf 78' lang='grc' dir='ltr'>ἵνα</span> <span class='ocrx_word' id='word_1_813' title='bbox 2308 4032 2438 4099; x_wconf 72' lang='grc' dir='ltr'>ξένα</span> <span class='ocrx_word' id='word_1_814' title='bbox 2465 4032 2588 4086; x_wconf 77' lang='grc' dir='ltr'>τινὰ</span> <span class='ocrx_word' id='word_1_815' title='bbox 2603 4033 2735 4103; x_wconf 82' lang='grc' dir='ltr'>γένη</span> <span class='ocrx_word' id='word_1_816' title='bbox 2755 4033 2853 4087; x_wconf 75' lang='grc' dir='ltr'>καὶ</span> <span class='ocrx_word' id='word_1_817' title='bbox 2868 4034 3011 4088; x_wconf 85' lang='grc' dir='ltr'>οίνου</span> <span class='ocrx_word' id='word_1_818' title='bbox 3032 4033 3127 4088; x_wconf 78' lang='grc' dir='ltr'>καὶ</span> <span class='ocrx_word' id='word_1_819' title='bbox 3153 4032 3342 4105; x_wconf 88' lang='grc' dir='ltr'>μύρων</span> <span class='ocrx_word' id='word_1_820' title='bbox 3366 4032 3463 4086; x_wconf 64' lang='grc' dir='ltr'>καὶ⁵</span> <span class='ocrx_word' id='word_1_821' title='bbox 3491 4030 3593 4103; x_wconf 81' lang='grc' dir='ltr'>τῆς</span> <span class='ocrx_word' id='word_1_822' title='bbox 3610 4030 3786 4102; x_wconf 83' lang='grc' dir='ltr'>ἀλλης</span> 
     </span>
    </p>
   </div>
   <div class='ocr_carea' id='block_1_105' title="bbox 2201 4119 3785 4192">
    <p class='ocr_par' dir='ltr' id='par_1_105' title="bbox 2201 4119 3785 4192">
     <span class='ocr_line' id='line_1_105' title="bbox 2201 4119 3785 4192; baseline -0.003 -18"><span class='ocrx_word' id='word_1_823' title='bbox 2201 4119 2459 4191; x_wconf 82' lang='grc' dir='ltr'>βλακείας</span> <span class='ocrx_word' id='word_1_824' title='bbox 2491 4120 2782 4191; x_wconf 85' lang='grc' dir='ltr'>κομίσωσι,</span> <span class='ocrx_word' id='word_1_825' title='bbox 2807 4121 2904 4174; x_wconf 77' lang='grc' dir='ltr'>καὶ</span> <span class='ocrx_word' id='word_1_826' title='bbox 2929 4121 3066 4192; x_wconf 83' lang='grc' dir='ltr'>πρὸς</span> <span class='ocrx_word' id='word_1_827' title='bbox 3085 4120 3218 4174; x_wconf 84' lang='grc' dir='ltr'><strong>αὐτὸ</strong></span> <span class='ocrx_word' id='word_1_828' title='bbox 3250 4120 3478 4183; x_wconf 79' lang='grc' dir='ltr'>ἑαυτοὺς</span> <span class='ocrx_word' id='word_1_829' title='bbox 3501 4134 3785 4172; x_wconf 80' lang='grc' dir='ltr'>καταπον-</span> 
     </span>
    </p>
   </div>
   <div class='ocr_carea' id='block_1_106' title="bbox 2198 4203 3785 4279">
    <p class='ocr_par' dir='ltr' id='par_1_106' title="bbox 2198 4203 3785 4279">
     <span class='ocr_line' id='line_1_106' title="bbox 2198 4203 3785 4279; baseline -0.003 -18"><span class='ocrx_word' id='word_1_830' title='bbox 2198 4209 2392 4262; x_wconf 87' lang='grc' dir='ltr'>τίσωσι</span> <span class='ocrx_word' id='word_1_831' title='bbox 2426 4206 2490 4261; x_wconf 82' lang='grc' dir='ltr'>τὸ</span> <span class='ocrx_word' id='word_1_832' title='bbox 2531 4206 2825 4279; x_wconf 84' lang='grc' dir='ltr'>βάραθρον,</span> <span class='ocrx_word' id='word_1_833' title='bbox 2848 4207 2944 4262; x_wconf 73' lang='grc' dir='ltr'>καὶ</span> <span class='ocrx_word' id='word_1_834' title='bbox 2982 4208 3201 4262; x_wconf 86' lang='grc' dir='ltr'>πάντων</span> <span class='ocrx_word' id='word_1_835' title='bbox 3230 4207 3494 4276; x_wconf 87' lang='grc' dir='ltr'>γένωνται</span> <span class='ocrx_word' id='word_1_836' title='bbox 3520 4203 3785 4258; x_wconf 81' lang='grc' dir='ltr'>ταπεινό-</span> 
     </span>
    </p>
   </div>
   <div class='ocr_carea' id='block_1_107' title="bbox 2198 4291 3787 4367">
    <p class='ocr_par' dir='ltr' id='par_1_107' title="bbox 2198 4291 3787 4367">
     <span class='ocr_line' id='line_1_107' title="bbox 2198 4291 3787 4367; baseline -0.004 -18"><span class='ocrx_word' id='word_1_837' title='bbox 2198 4312 2367 4367; x_wconf 87' lang='grc' dir='ltr'>τεροι.</span> <span class='ocrx_word' id='word_1_838' title='bbox 2420 4292 2561 4348; x_wconf 77' lang='grc' dir='ltr'>Οὔτε</span> <span class='ocrx_word' id='word_1_839' title='bbox 2598 4293 2708 4365; x_wconf 82' lang='grc' dir='ltr'>γὰρ</span> <span class='ocrx_word' id='word_1_840' title='bbox 2745 4293 2949 4366; x_wconf 72' lang='grc' dir='ltr'>ὑψηλὸν</span> <span class='ocrx_word' id='word_1_841' title='bbox 2985 4293 3143 4349; x_wconf 88' lang='grc' dir='ltr'>είωθε</span> <span class='ocrx_word' id='word_1_842' title='bbox 3191 4292 3473 4351; x_wconf 69' lang='grc' dir='ltr'>ποιεῖντὸ</span> <span class='ocrx_word' id='word_1_843' title='bbox 3517 4291 3787 4346; x_wconf 84' lang='grc' dir='ltr'>πλειόνων</span> 
     </span>
    </p>
   </div>
   <div class='ocr_carea' id='block_1_108' title="bbox 2199 4377 3787 4453">
    <p class='ocr_par' dir='ltr' id='par_1_108' title="bbox 2199 4377 3787 4453">
     <span class='ocr_line' id='line_1_108' title="bbox 2199 4377 3787 4453; baseline -0.005 -15"><span class='ocrx_word' id='word_1_844' title='bbox 2199 4383 2429 4451; x_wconf 88' lang='grc' dir='ltr'>δεῖσθαι,</span> <span class='ocrx_word' id='word_1_845' title='bbox 2462 4381 2589 4438; x_wconf 73' lang='grc' dir='ltr'>οὔτε</span> <span class='ocrx_word' id='word_1_846' title='bbox 2611 4383 2868 4438; x_wconf 83' lang='grc' dir='ltr'>ταπεινὸν</span> <span class='ocrx_word' id='word_1_847' title='bbox 2888 4383 2950 4437; x_wconf 81' lang='grc' dir='ltr'><strong>τὸ</strong></span> <span class='ocrx_word' id='word_1_848' title='bbox 2979 4381 3178 4451; x_wconf 87' lang='grc' dir='ltr'>ὀλίγων</span> <span class='ocrx_word' id='word_1_849' title='bbox 3210 4377 3351 4436; x_wconf 75' lang='grc' dir='ltr'>εἶναι</span> <span class='ocrx_word' id='word_1_850' title='bbox 3375 4382 3435 4436; x_wconf 84' lang='grc' dir='ltr'>ἐν</span> <span class='ocrx_word' id='word_1_851' title='bbox 3459 4380 3640 4453; x_wconf 75' lang='grc' dir='ltr'>χρείᾳ.</span> <span class='ocrx_word' id='word_1_852' title='bbox 3669 4378 3787 4433; x_wconf 76' lang='lat' dir='ltr'><strong><em>Kal</em></strong></span> 
     </span>
    </p>
   </div>
   <div class='ocr_carea' id='block_1_109' title="bbox 2199 4465 3786 4544">
    <p class='ocr_par' dir='ltr' id='par_1_109' title="bbox 2199 4465 3786 4544">
     <span class='ocr_line' id='line_1_109' title="bbox 2199 4465 3786 4544; baseline -0.004 -18"><span class='ocrx_word' id='word_1_853' title='bbox 2199 4475 2249 4527; x_wconf 86' lang='grc' dir='ltr'>εί</span> <span class='ocrx_word' id='word_1_854' title='bbox 2276 4471 2552 4544; x_wconf 79' lang='grc' dir='ltr'>βούλεσθε,</span> <span class='ocrx_word' id='word_1_855' title='bbox 2583 4472 2861 4543; x_wconf 74' lang='grc' dir='ltr'>ἑκατέρων</span> <span class='ocrx_word' id='word_1_856' title='bbox 2897 4471 2998 4542; x_wconf 82' lang='grc' dir='ltr'>τὴν</span> <span class='ocrx_word' id='word_1_857' title='bbox 3015 4472 3203 4525; x_wconf 82' lang='grc' dir='ltr'>εἰκόνα</span> <span class='ocrx_word' id='word_1_858' title='bbox 3226 4469 3653 4538; x_wconf 81' lang='grc' dir='ltr'>ἀναπλάσωμεν,</span> <span class='ocrx_word' id='word_1_859' title='bbox 3683 4465 3786 4520; x_wconf 75' lang='grc' dir='ltr'>καὶ</span> 
     </span>
    </p>
   </div>
   <div class='ocr_carea' id='block_1_110' title="bbox 2201 4554 3778 4631">
    <p class='ocr_par' dir='ltr' id='par_1_110' title="bbox 2201 4554 3778 4631">
     <span class='ocr_line' id='line_1_110' title="bbox 2201 4554 3778 4631; baseline -0.003 -16"><span class='ocrx_word' id='word_1_860' title='bbox 2201 4561 2342 4615; x_wconf 73' lang='grc' dir='ltr'>ἔστω</span> <span class='ocrx_word' id='word_1_861' title='bbox 2361 4576 2442 4624; x_wconf 89' lang='grc' dir='ltr'>τις</span> <span class='ocrx_word' id='word_1_862' title='bbox 2460 4558 2687 4623; x_wconf 79' lang='grc' dir='ltr'>πολλοὺς</span> <span class='ocrx_word' id='word_1_863' title='bbox 2702 4558 2840 4631; x_wconf 73' lang='grc' dir='ltr'>ἔχων</span> <span class='ocrx_word' id='word_1_864' title='bbox 2856 4560 2984 4623; x_wconf 81' lang='grc' dir='ltr'>τοὺς</span> <span class='ocrx_word' id='word_1_865' title='bbox 3014 4556 3354 4628; x_wconf 86' lang='grc' dir='ltr'>πανταχόθεν</span> <span class='ocrx_word' id='word_1_866' title='bbox 3380 4554 3778 4628; x_wconf 69' lang='grc' dir='ltr'>χορηγοῦντας.</span> 
     </span>
    </p>
   </div>
   <div class='ocr_carea' id='block_1_111' title="bbox 2201 4636 3781 4719">
    <p class='ocr_par' dir='ltr' id='par_1_111' title="bbox 2201 4636 3781 4719">
     <span class='ocr_line' id='line_1_111' title="bbox 2201 4636 3781 4719; baseline -0.008 -16"><span class='ocrx_word' id='word_1_867' title='bbox 2201 4649 2295 4703; x_wconf 80' lang='grc' dir='ltr'>καὶ</span> <span class='ocrx_word' id='word_1_868' title='bbox 2346 4646 2549 4710; x_wconf 82' lang='grc' dir='ltr'>ναύτας</span> <span class='ocrx_word' id='word_1_869' title='bbox 2595 4646 2691 4700; x_wconf 67' lang='grc' dir='ltr'>καὶ</span> <span class='ocrx_word' id='word_1_870' title='bbox 2739 4645 3100 4719; x_wconf 85' lang='grc' dir='ltr'>κυϐερνήτας,</span> <span class='ocrx_word' id='word_1_871' title='bbox 3154 4646 3247 4698; x_wconf 76' lang='grc' dir='ltr'>καί</span> <span class='ocrx_word' id='word_1_872' title='bbox 3298 4642 3643 4718; x_wconf 84' lang='grc' dir='ltr'>χειροτέχνας</span> <span class='ocrx_word' id='word_1_873' title='bbox 3683 4636 3781 4691; x_wconf 77' lang='grc' dir='ltr'>καὶ</span> 
     </span>
    </p>
   </div>
   <div class='ocr_carea' id='block_1_112' title="bbox 2197 4725 3787 4806">
    <p class='ocr_par' dir='ltr' id='par_1_112' title="bbox 2197 4725 3787 4806">
     <span class='ocr_line' id='line_1_112' title="bbox 2197 4725 3787 4806; baseline -0.007 -17"><span class='ocrx_word' id='word_1_874' title='bbox 2197 4735 2437 4803; x_wconf 86' lang='grc' dir='ltr'>οἰκέτας,</span> <span class='ocrx_word' id='word_1_875' title='bbox 2462 4734 2558 4789; x_wconf 76' lang='grc' dir='ltr'>καὶ</span> <span class='ocrx_word' id='word_1_876' title='bbox 2599 4734 2848 4806; x_wconf 84' lang='grc' dir='ltr'>ὑφάντας</span> <span class='ocrx_word' id='word_1_877' title='bbox 2886 4733 2981 4787; x_wconf 76' lang='grc' dir='ltr'>καὶ</span> <span class='ocrx_word' id='word_1_878' title='bbox 3012 4730 3319 4795; x_wconf 65' lang='grc' dir='ltr'>ποικιλτὼς,</span> <span class='ocrx_word' id='word_1_879' title='bbox 3364 4730 3458 4785; x_wconf 77' lang='grc' dir='ltr'>καὶ</span> <span class='ocrx_word' id='word_1_880' title='bbox 3490 4725 3787 4799; x_wconf 83' lang='grc' dir='ltr'>βουκόλους</span> 
     </span>
    </p>
   </div>
   <div class='ocr_carea' id='block_1_113' title="bbox 2201 4811 3786 4892">
    <p class='ocr_par' dir='ltr' id='par_1_113' title="bbox 2201 4811 3786 4892">
     <span class='ocr_line' id='line_1_113' title="bbox 2201 4811 3786 4892; baseline -0.009 -15"><span class='ocrx_word' id='word_1_881' title='bbox 2201 4823 2297 4877; x_wconf 71' lang='grc' dir='ltr'>καὶ</span> <span class='ocrx_word' id='word_1_882' title='bbox 2319 4822 2603 4892; x_wconf 87' lang='grc' dir='ltr'>ποιμένας,</span> <span class='ocrx_word' id='word_1_883' title='bbox 2638 4819 2732 4873; x_wconf 83' lang='grc' dir='ltr'>καὶ</span> <span class='ocrx_word' id='word_1_884' title='bbox 2761 4819 3104 4892; x_wconf 87' lang='grc' dir='ltr'>ἰπποκὸμους</span> <span class='ocrx_word' id='word_1_885' title='bbox 3125 4817 3224 4873; x_wconf 76' lang='grc' dir='ltr'>καὶ</span> <span class='ocrx_word' id='word_1_886' title='bbox 3262 4813 3659 4886; x_wconf 78' lang='grc' dir='ltr'>ίπποφορϐοὺς,</span> <span class='ocrx_word' id='word_1_887' title='bbox 3681 4811 3786 4864; x_wconf 79' lang='grc' dir='ltr'>καὶ</span> 
     </span>
    </p>
   </div>
   <div class='ocr_carea' id='block_1_114' title="bbox 2203 4898 3788 4981">
    <p class='ocr_par' dir='ltr' id='par_1_114' title="bbox 2203 4898 3788 4981">
     <span class='ocr_line' id='line_1_114' title="bbox 2203 4898 3788 4981; baseline -0.009 -17"><span class='ocrx_word' id='word_1_888' title='bbox 2203 4911 2402 4981; x_wconf 78' lang='grc' dir='ltr'>πολλὴν</span> <span class='ocrx_word' id='word_1_889' title='bbox 2440 4911 2498 4963; x_wconf 88' lang='grc' dir='ltr'>ἐν</span> <span class='ocrx_word' id='word_1_890' title='bbox 2528 4908 2733 4963; x_wconf 69' lang='grc' dir='ltr'>ἅπασιν</span> <span class='ocrx_word' id='word_1_891' title='bbox 2779 4907 2950 4979; x_wconf 85' lang='grc' dir='ltr'>ἐχέτω</span> <span class='ocrx_word' id='word_1_892' title='bbox 2992 4907 3091 4979; x_wconf 80' lang='grc' dir='ltr'>τὴν</span> <span class='ocrx_word' id='word_1_893' title='bbox 3130 4904 3462 4978; x_wconf 72' lang='grc' dir='ltr'>θεραπείαν*</span> <span class='ocrx_word' id='word_1_894' title='bbox 3490 4902 3680 4970; x_wconf 71' lang='grc' dir='ltr'>ἔτερος</span> <span class='ocrx_word' id='word_1_895' title='bbox 3722 4898 3788 4950; x_wconf 79' lang='grc' dir='ltr'>δὲ</span> 
     </span>
    </p>
   </div>
   <div class='ocr_carea' id='block_1_115' title="bbox 2203 4985 3791 5068">
    <p class='ocr_par' dir='ltr' id='par_1_115' title="bbox 2203 4985 3791 5068">
     <span class='ocr_line' id='line_1_115' title="bbox 2203 4985 3791 5068; baseline -0.008 -16"><span class='ocrx_word' id='word_1_896' title='bbox 2203 4997 2434 5068; x_wconf 78' lang='grc' dir='ltr'>μηδενὸς</span> <span class='ocrx_word' id='word_1_897' title='bbox 2481 4994 2687 5050; x_wconf 90' lang='grc' dir='ltr'>τούτων</span> <span class='ocrx_word' id='word_1_898' title='bbox 2726 4994 3044 5050; x_wconf 83' lang='grc' dir='ltr'>άπολαυέτω</span> <span class='ocrx_word' id='word_1_899' title='bbox 3063 5035 3076 5059; x_wconf 91' lang='grc'><strong>,</strong></span> <span class='ocrx_word' id='word_1_900' title='bbox 3117 4992 3234 5048; x_wconf 83' lang='grc' dir='ltr'>ἀλλ’</span> <span class='ocrx_word' id='word_1_901' title='bbox 3264 4992 3432 5065; x_wconf 86' lang='grc' dir='ltr'>ἀρτου</span> <span class='ocrx_word' id='word_1_902' title='bbox 3486 4989 3646 5060; x_wconf 86' lang='grc' dir='ltr'>μόνου</span> <span class='ocrx_word' id='word_1_903' title='bbox 3685 4985 3791 5039; x_wconf 71' lang='grc' dir='ltr'>καὶ</span> 
     </span>
    </p>
   </div>
   <div class='ocr_carea' id='block_1_116' title="bbox 2202 5070 3783 5156">
    <p class='ocr_par' dir='ltr' id='par_1_116' title="bbox 2202 5070 3783 5156">
     <span class='ocr_line' id='line_1_116' title="bbox 2202 5070 3783 5156; baseline -0.002 -17"><span class='ocrx_word' id='word_1_904' title='bbox 2202 5070 2394 5149; x_wconf 72' lang='grc' dir='ltr'>ὕδατος</span> <span class='ocrx_word' id='word_1_905' title='bbox 2417 5085 2512 5139; x_wconf 72' lang='grc' dir='ltr'>καὶ</span> <span class='ocrx_word' id='word_1_906' title='bbox 2538 5083 2754 5156; x_wconf 80' lang='grc' dir='ltr'>ἱματίου</span> <span class='ocrx_word' id='word_1_907' title='bbox 2787 5082 2945 5156; x_wconf 77' lang='grc' dir='ltr'>ψιλοῦ</span> <span class='ocrx_word' id='word_1_908' title='bbox 2963 5100 2977 5114; x_wconf 92' lang='grc'><strong>·</strong></span> <span class='ocrx_word' id='word_1_909' title='bbox 3028 5081 3114 5146; x_wconf 85' lang='grc' dir='ltr'>τίς</span> <span class='ocrx_word' id='word_1_910' title='bbox 3143 5081 3202 5136; x_wconf 83' lang='grc' dir='ltr'>ἐν</span> <span class='ocrx_word' id='word_1_911' title='bbox 3233 5080 3443 5139; x_wconf 85' lang='grc' dir='ltr'>τούτοις</span> <span class='ocrx_word' id='word_1_912' title='bbox 3472 5076 3501 5129; x_wconf 87' lang='lat'>6</span> <span class='ocrx_word' id='word_1_913' title='bbox 3528 5072 3735 5143; x_wconf 77' lang='grc' dir='ltr'>ὑψηλός</span> <span class='ocrx_word' id='word_1_914' title='bbox 3766 5089 3783 5136; x_wconf 90' lang='grc'><strong>;</strong></span> 
     </span>
    </p>
   </div>
   <div class='ocr_carea' id='block_1_117' title="bbox 2200 5159 3787 5241">
    <p class='ocr_par' dir='ltr' id='par_1_117' title="bbox 2200 5159 3787 5241">
     <span class='ocr_line' id='line_1_117' title="bbox 2200 5159 3787 5241; baseline -0.009 -14"><span class='ocrx_word' id='word_1_915' title='bbox 2200 5173 2284 5238; x_wconf 87' lang='grc' dir='ltr'>τίς</span> <span class='ocrx_word' id='word_1_916' title='bbox 2305 5173 2363 5226; x_wconf 89' lang='grc' dir='ltr'>δέ</span> <span class='ocrx_word' id='word_1_917' title='bbox 2387 5173 2418 5225; x_wconf 88' lang='lat'>6</span> <span class='ocrx_word' id='word_1_918' title='bbox 2442 5171 2734 5237; x_wconf 84' lang='grc' dir='ltr'>ταπεινός;</span> <span class='ocrx_word' id='word_1_919' title='bbox 2765 5172 2879 5226; x_wconf 85' lang='grc' dir='ltr'>Οὐκ</span> <span class='ocrx_word' id='word_1_920' title='bbox 2910 5169 3152 5241; x_wconf 74' lang='grc' dir='ltr'>εὔδηλον,</span> <span class='ocrx_word' id='word_1_921' title='bbox 3176 5170 3259 5218; x_wconf 80' lang='grc' dir='ltr'>ὅτι</span> <span class='ocrx_word' id='word_1_922' title='bbox 3287 5165 3316 5218; x_wconf 92' lang='lat'>6</span> <span class='ocrx_word' id='word_1_923' title='bbox 3344 5163 3407 5217; x_wconf 82' lang='grc' dir='ltr'><strong>τὸ</strong></span> <span class='ocrx_word' id='word_1_924' title='bbox 3436 5160 3650 5233; x_wconf 84' lang='grc' dir='ltr'>ἱμάτιον</span> <span class='ocrx_word' id='word_1_925' title='bbox 3682 5159 3787 5231; x_wconf 89' lang='grc' dir='ltr'>μό-</span> 
     </span>
    </p>
   </div>
   <div class='ocr_carea' id='block_1_118' title="bbox 2200 5246 3791 5332">
    <p class='ocr_par' dir='ltr' id='par_1_118' title="bbox 2200 5246 3791 5332">
     <span class='ocr_line' id='line_1_118' title="bbox 2200 5246 3791 5332; baseline -0.011 -16"><span class='ocrx_word' id='word_1_926' title='bbox 2200 5278 2291 5316; x_wconf 93' lang='grc' dir='ltr'>νον</span> <span class='ocrx_word' id='word_1_927' title='bbox 2329 5260 2506 5332; x_wconf 71' lang='grc' dir='ltr'>ἔχωνς</span> <span class='ocrx_word' id='word_1_928' title='bbox 2543 5252 2714 5323; x_wconf 78' lang='grc' dir='ltr'>Οὗτος</span> <span class='ocrx_word' id='word_1_929' title='bbox 2746 5259 2844 5331; x_wconf 81' lang='grc' dir='ltr'>μὲν</span> <span class='ocrx_word' id='word_1_930' title='bbox 2875 5257 2984 5328; x_wconf 80' lang='grc' dir='ltr'>γὰρ</span> <span class='ocrx_word' id='word_1_931' title='bbox 3019 5254 3113 5308; x_wconf 74' lang='grc' dir='ltr'>καὶ</span> <span class='ocrx_word' id='word_1_932' title='bbox 3146 5250 3312 5307; x_wconf 83' lang='grc' dir='ltr'>αὐτοῦ</span> <span class='ocrx_word' id='word_1_933' title='bbox 3336 5249 3431 5303; x_wconf 89' lang='grc' dir='ltr'>τοῦ</span> <span class='ocrx_word' id='word_1_934' title='bbox 3471 5246 3791 5320; x_wconf 77' lang='grc' dir='ltr'>βασιλεύονο</span> 
     </span>
    </p>
   </div>
   <div class='ocr_carea' id='block_1_119' title="bbox 2202 5334 3791 5418">
    <p class='ocr_par' dir='ltr' id='par_1_119' title="bbox 2202 5334 3791 5418">
     <span class='ocr_line' id='line_1_119' title="bbox 2202 5334 3791 5418; baseline -0.01 -16"><span class='ocrx_word' id='word_1_935' title='bbox 2202 5366 2293 5413; x_wconf 86' lang='grc' dir='ltr'>τος</span> <span class='ocrx_word' id='word_1_936' title='bbox 2316 5348 2731 5418; x_wconf 82' lang='grc' dir='ltr'>καταφρονῆσαι</span> <span class='ocrx_word' id='word_1_937' title='bbox 2757 5346 3045 5417; x_wconf 88' lang='grc' dir='ltr'>δυνήσεται</span> <span class='ocrx_word' id='word_1_938' title='bbox 3067 5357 3083 5374; x_wconf 76' lang='grc' dir='ltr'><strong><em>ο</em></strong></span> <span class='ocrx_word' id='word_1_939' title='bbox 3116 5342 3323 5403; x_wconf 85' lang='grc' dir='ltr'>ἐκεῖνος</span> <span class='ocrx_word' id='word_1_940' title='bbox 3343 5337 3401 5391; x_wconf 81' lang='grc' dir='ltr'>δὲ</span> <span class='ocrx_word' id='word_1_941' title='bbox 3426 5337 3644 5391; x_wconf 84' lang='grc' dir='ltr'>πάντων</span> <span class='ocrx_word' id='word_1_942' title='bbox 3675 5334 3791 5387; x_wconf 86' lang='grc' dir='ltr'>τῶν</span> 
     </span>
    </p>
   </div>
   <div class='ocr_carea' id='block_1_120' title="bbox 2200 5422 3792 5506">
    <p class='ocr_par' dir='ltr' id='par_1_120' title="bbox 2200 5422 3792 5506">
     <span class='ocr_line' id='line_1_120' title="bbox 2200 5422 3792 5506; baseline -0.01 -17"><span class='ocrx_word' id='word_1_943' title='bbox 2200 5436 2375 5491; x_wconf 83' lang='grc' dir='ltr'>ταῦτα</span> <span class='ocrx_word' id='word_1_944' title='bbox 2407 5434 2758 5506; x_wconf 87' lang='grc' dir='ltr'>παρεχόντων</span> <span class='ocrx_word' id='word_1_945' title='bbox 2793 5431 2978 5495; x_wconf 89' lang='grc' dir='ltr'>δοῦλός</span> <span class='ocrx_word' id='word_1_946' title='bbox 3003 5431 3151 5483; x_wconf 85' lang='grc' dir='ltr'>ἐστιν</span> <span class='ocrx_word' id='word_1_947' title='bbox 3174 5469 3189 5495; x_wconf 95' lang='grc'><strong>,</strong></span> <span class='ocrx_word' id='word_1_948' title='bbox 3239 5424 3594 5489; x_wconf 83' lang='grc' dir='ltr'>ὑποκύπτων,</span> <span class='ocrx_word' id='word_1_949' title='bbox 3622 5422 3792 5476; x_wconf 81' lang='grc' dir='ltr'>κολα-</span> 
     </span>
    </p>
   </div>
   <div class='ocr_carea' id='block_1_121' title="bbox 2203 5507 3792 5592">
    <p class='ocr_par' dir='ltr' id='par_1_121' title="bbox 2203 5507 3792 5592">
     <span class='ocr_line' id='line_1_121' title="bbox 2203 5507 3792 5592; baseline -0.011 -15"><span class='ocrx_word' id='word_1_950' title='bbox 2203 5523 2398 5588; x_wconf 88' lang='grc' dir='ltr'>κεύων,</span> <span class='ocrx_word' id='word_1_951' title='bbox 2435 5518 2754 5592; x_wconf 87' lang='grc' dir='ltr'>θεραπεύων</span> <span class='ocrx_word' id='word_1_952' title='bbox 2796 5518 3061 5581; x_wconf 76' lang='grc' dir='ltr'>ἅπαντας,</span> <span class='ocrx_word' id='word_1_953' title='bbox 3095 5511 3352 5575; x_wconf 85' lang='grc' dir='ltr'>δεδοικὼς</span> <span class='ocrx_word' id='word_1_954' title='bbox 3401 5512 3473 5583; x_wconf 86' lang='grc' dir='ltr'>μή</span> <span class='ocrx_word' id='word_1_955' title='bbox 3504 5526 3590 5574; x_wconf 91' lang='grc' dir='ltr'>τις</span> <span class='ocrx_word' id='word_1_956' title='bbox 3618 5507 3792 5562; x_wconf 70' lang='grc' dir='ltr'>αὑτὸν</span> 
     </span>
    </p>
   </div>
   <div class='ocr_carea' id='block_1_122' title="bbox 2202 5598 3795 5679">
    <p class='ocr_par' dir='ltr' id='par_1_122' title="bbox 2202 5598 3795 5679">
     <span class='ocr_line' id='line_1_122' title="bbox 2202 5598 3795 5679; baseline -0.01 -13"><span class='ocrx_word' id='word_1_957' title='bbox 2202 5609 2516 5667; x_wconf 88' lang='grc' dir='ltr'>καταλιπὼν</span> <span class='ocrx_word' id='word_1_958' title='bbox 2563 5610 2645 5673; x_wconf 87' lang='grc' dir='ltr'>εἰς</span> <span class='ocrx_word' id='word_1_959' title='bbox 2688 5608 2760 5663; x_wconf 78' lang='grc' dir='ltr'>τὰ</span> <span class='ocrx_word' id='word_1_960' title='bbox 2807 5608 2996 5679; x_wconf 85' lang='grc' dir='ltr'>καίρια</span> <span class='ocrx_word' id='word_1_961' title='bbox 3035 5604 3251 5677; x_wconf 72' lang='grc' dir='ltr'>βλάψῃ*</span> <span class='ocrx_word' id='word_1_962' title='bbox 3302 5600 3452 5655; x_wconf 78' lang='grc' dir='ltr'>οὐδὲν</span> <span class='ocrx_word' id='word_1_963' title='bbox 3496 5598 3605 5671; x_wconf 89' lang='lat'>7&amp;9</span> <span class='ocrx_word' id='word_1_964' title='bbox 3641 5598 3795 5651; x_wconf 76' lang='grc' dir='ltr'>οὕτω</span> 
     </span>
    </p>
   </div>
   <div class='ocr_carea' id='block_1_123' title="bbox 2201 5682 3796 5761">
    <p class='ocr_par' dir='ltr' id='par_1_123' title="bbox 2201 5682 3796 5761">
     <span class='ocr_line' id='line_1_123' title="bbox 2201 5682 3796 5761; baseline -0.011 -7"><span class='ocrx_word' id='word_1_965' title='bbox 2201 5701 2347 5754; x_wconf 78' lang='grc' dir='ltr'>ποιεῖ</span> <span class='ocrx_word' id='word_1_966' title='bbox 2376 5696 2583 5761; x_wconf 89' lang='grc' dir='ltr'>δοῦλον,</span> <span class='ocrx_word' id='word_1_967' title='bbox 2611 5696 2687 5761; x_wconf 84' lang='grc' dir='ltr'>ὡς</span> <span class='ocrx_word' id='word_1_968' title='bbox 2714 5696 2777 5749; x_wconf 86' lang='grc' dir='ltr'>τὸ</span> <span class='ocrx_word' id='word_1_969' title='bbox 2796 5693 3007 5748; x_wconf 85' lang='grc' dir='ltr'>πολλῶν</span> <span class='ocrx_word' id='word_1_970' title='bbox 3032 5692 3239 5746; x_wconf 89' lang='grc' dir='ltr'>δεῖσθαι</span> <span class='ocrx_word' id='word_1_971' title='bbox 3260 5707 3271 5720; x_wconf 86' lang='grc'><em>’</em></span> <span class='ocrx_word' id='word_1_972' title='bbox 3298 5689 3487 5757; x_wconf 83' lang='grc' dir='ltr'>ὥσπερ</span> <span class='ocrx_word' id='word_1_973' title='bbox 3518 5682 3613 5740; x_wconf 78' lang='grc' dir='ltr'><strong>οὖν</strong></span> <span class='ocrx_word' id='word_1_974' title='bbox 3635 5684 3796 5738; x_wconf 86' lang='grc' dir='ltr'>ἐλεύ-</span> 
     </span>
    </p>
   </div>
   <div class='ocr_carea' id='block_1_124' title="bbox 2203 5772 3793 5857">
    <p class='ocr_par' dir='ltr' id='par_1_124' title="bbox 2203 5772 3793 5857">
     <span class='ocr_line' id='line_1_124' title="bbox 2203 5772 3793 5857; baseline -0.008 -17"><span class='ocrx_word' id='word_1_975' title='bbox 2203 5788 2380 5857; x_wconf 87' lang='grc' dir='ltr'>θερον,</span> <span class='ocrx_word' id='word_1_976' title='bbox 2411 5785 2487 5848; x_wconf 85' lang='grc' dir='ltr'>ὼς</span> <span class='ocrx_word' id='word_1_977' title='bbox 2523 5784 2586 5838; x_wconf 86' lang='grc' dir='ltr'><strong>τὸ</strong></span> <span class='ocrx_word' id='word_1_978' title='bbox 2618 5785 2714 5854; x_wconf 83' lang='grc' dir='ltr'>τῆς</span> <span class='ocrx_word' id='word_1_979' title='bbox 2747 5783 2937 5855; x_wconf 85' lang='grc' dir='ltr'>χρείας</span> <span class='ocrx_word' id='word_1_980' title='bbox 2960 5777 3097 5836; x_wconf 81' lang='grc' dir='ltr'>εἶναι</span> <span class='ocrx_word' id='word_1_981' title='bbox 3142 5781 3329 5851; x_wconf 85' lang='grc' dir='ltr'>μόνης.</span> <span class='ocrx_word' id='word_1_982' title='bbox 3374 5774 3546 5829; x_wconf 90' lang='grc' dir='ltr'>Τοῦτο</span> <span class='ocrx_word' id='word_1_983' title='bbox 3569 5774 3668 5828; x_wconf 76' lang='grc' dir='ltr'>καὶ</span> <span class='ocrx_word' id='word_1_984' title='bbox 3696 5772 3793 5828; x_wconf 73' lang='grc' dir='ltr'>ἐπ’</span> 
     </span>
    </p>
   </div>
   <div class='ocr_carea' id='block_1_125' title="bbox 2267 5955 2860 6023">
    <p class='ocr_par' dir='ltr' id='par_1_125' title="bbox 2267 5955 2860 6023">
     <span class='ocr_line' id='line_1_125' title="bbox 2267 5955 2860 6023; baseline -0.007 -12"><span class='ocrx_word' id='word_1_985' title='bbox 2267 5957 2296 5996; x_wconf 67' lang='grc'><strong><em>⁵</em></strong></span> <span class='ocrx_word' id='word_1_986' title='bbox 2320 5955 2470 6010; x_wconf 68' lang='lat' dir='ltr'><strong><em>Savil.</em></strong></span> <span class='ocrx_word' id='word_1_987' title='bbox 2492 5960 2860 6023; x_wconf 83' lang='grc' dir='ltr'>προστιθέμενοι.</span> 
     </span>
    </p>
   </div>
  </div>
