4064 6418
279 398 390 450 εῖτ

289 532 318 566 a
351 512 470 581 lege
499 509 764 572 liberum,
795 521 859 562 ac
889 519 1058 574 neque
1105 503 1260 556 ﬁnem
1288 540 1301 563 ,
1333 499 1472 555 sicut
1499 497 1627 552 dicit
1652 496 1850 552 Paulus
1875 536 1888 557 ,

294 619 476 674 neque
504 601 822 674 principium
852 597 1044 652 habeat
1072 595 1257 666 (Hebr.
1283 593 1332 648 7.
1360 590 1436 661 5).
1463 588 1614 657 Quod
1640 591 1783 642 enim
1807 585 1894 643 ille

291 697 354 751 in
383 695 573 751 umbra
602 693 805 757 habuit,
832 690 934 745 hoc
957 703 1142 745 revera
1173 686 1270 741 fuit
1295 685 1348 739 in
1371 683 1498 740 Jesu
1523 700 1535 735 :
1561 692 1613 738 et
1633 679 1892 752 quemad-

298 789 524 844 modum
554 786 771 840 nomiua
801 789 1209 854 praecesserunt,
1239 788 1298 833 ut
1321 777 1498 840 Jesus,
1533 783 1590 829 ιιι
1615 773 1889 829 Christus:

301 885 377 937 ita
404 882 506 935 hoc
527 878 711 933 etiam.
735 877 915 946 Neque
939 888 1066 945 ergo
1086 870 1440 928 Melchisedec
1465 869 1673 923 videtur
1698 866 1894 922 habere

301 976 512 1028 dierum
542 970 854 1042 principium
879 1009 894 1035 ,
926 982 1096 1037 neque
1126 964 1285 1019 ﬁnem
1313 964 1460 1027 vitm;
1489 977 1592 1015 non
1620 958 1758 1030 quod
1787 973 1893 1014 non

301 1067 520 1131 habeat,
548 1063 643 1118 sed
672 1061 814 1131 quod
835 1060 952 1130 ejus
973 1057 1282 1128 genealogis
1309 1053 1452 1108 nulla
1473 1054 1539 1106 sit
1558 1051 1712 1105 facta.
1735 1049 1894 1106 Jesus

299 1168 483 1212 autem
517 1169 688 1224 neque
717 1151 1029 1222 principi-unt
1061 1148 1296 1211 dierum,
1328 1160 1428 1199 nec
1457 1144 1576 1197 vitae
1607 1141 1766 1196 ﬁnem
1794 1140 1894 1194 ha-

302 1251 440 1314 buit,
471 1263 577 1302 non
606 1261 671 1302 eo
698 1243 858 1299 modo
879 1283 892 1306 ,
923 1241 1015 1296 sed
1041 1239 1181 1311 quod
1227 1253 1325 1293 nec
1353 1237 1405 1291 iu
1439 1238 1554 1305 ipso
1583 1236 1650 1289 sit
1675 1233 1894 1288 omnino

299 1330 628 1412 principium
686 1333 1017 1403 temporale,
1071 1344 1168 1384 nec
1217 1328 1358 1384 ﬁnis.
1417 1326 1546 1382 illud
1591 1325 1732 1380 enim
1780 1333 1896 1378 erat

303 1430 516 1494 umbra,
550 1427 652 1482 hoc
677 1427 892 1481 veritas.
922 1421 1378 1492 Quemadmodum
1407 1436 1534 1490 ergo
1562 1433 1684 1474 cum
1707 1417 1894 1474 Jesum

302 1521 483 1586 audis,
525 1534 630 1574 non
659 1533 781 1573 eum
824 1516 912 1586 qui
959 1529 1085 1570 vere
1125 1520 1210 1569 est
1235 1511 1390 1568 Jesus
1431 1510 1755 1581 suspicaris,
1798 1508 1892 1564 sed

301 1611 542 1668 nominis
567 1609 734 1664 solam
759 1607 976 1677 ﬁguram
1001 1604 1217 1675 accipis,
1245 1613 1300 1660 et
1323 1603 1453 1660 nihil
1474 1604 1610 1658 ultra
1630 1601 1890 1672 requiris:

305 1706 380 1758 ita
408 1717 529 1759 cum
555 1699 706 1755 audis
744 1697 1095 1754 Melt-ltisedec
1116 1737 1132 1762 ,
1180 1697 1270 1767 qui
1314 1711 1488 1766 neque
1517 1694 1676 1750 habet
1698 1693 1894 1765 princi-

297 1798 450 1867 pium
477 1837 494 1861 ,
537 1807 636 1848 nec
676 1791 833 1846 ﬁnem
856 1831 870 1855 ,
900 1806 965 1844 ne
995 1788 1044 1844 id
1085 1803 1292 1859 qua‘ras
1321 1788 1376 1842 in
1401 1788 1477 1842 rei
1509 1787 1730 1842 veritate
1751 1829 1766 1853 ,
1801 1785 1895 1842 sed

299 1887 404 1943 tibi
423 1884 648 1940 sufﬁciat
665 1882 776 1937 sola
791 1881 1080 1951 appellatio
1096 1899 1110 1937 :
1128 1881 1406 1936 veritatem
1422 1887 1598 1934 autem
1619 1880 1670 1934 in
1682 1877 1895 1934 Christo

303 1979 507 2035 cdisce.
534 1973 908 2044 Jusjurandum
934 1988 1064 2027 vero
1101 1971 1314 2042 quando
1333 1971 1567 2027 audieris
1588 2012 1604 2038 ,
1638 1986 1705 2026 ne
1741 1979 1895 2042 putes

298 2084 430 2126 esse
463 2065 856 2137 jusjurandum.
899 2065 1357 2132 Quemadmodum
1383 2067 1526 2120 enim
1564 2065 1638 2119 ira
1669 2065 1720 2118 in
1753 2065 1892 2129 Deo,

303 2161 385 2216 ira
412 2175 518 2215 non
548 2170 651 2224 est,
678 2157 774 2214 sed
803 2169 886 2215 εει
915 2160 995 2214 vis
1025 2157 1308 2229 puniendi,
1343 2165 1393 2212 et
1428 2173 1532 2211 non
1565 2157 1896 2227 perturbatio

305 2251 474 2307 animi
499 2269 515 2307 :
539 2252 610 2307 ita
635 2252 795 2309 etiam
818 2251 1208 2322 jusjurandum.
1244 2251 1384 2306 Deus
1409 2251 1553 2306 enim
1583 2265 1688 2304 non
1717 2249 1858 2320 jurat
1877 2291 1893 2316 ,

301 2342 400 2398 sed
439 2342 493 2398 id
541 2343 670 2400 dicit
709 2345 852 2414 quod
899 2345 1118 2400 omnino
1160 2343 1399 2399 futurum
1450 2352 1552 2399 est.
1607 2342 1894 2412 Postquam

303 2449 437 2505 ergo
505 2434 640 2490 dixit
697 2435 1034 2506 splendorem
1095 2446 1436 2500 sanctorum,
1501 2435 1705 2506 positos
1777 2447 1898 2488 esse

303 2527 556 2584 inimicos
601 2531 701 2586 sub
746 2531 968 2600 pedibus
996 2531 1146 2602 ejus,
1178 2531 1319 2586 diem
1351 2530 1466 2600 ejus
1494 2528 1707 2584 virtutis
1734 2546 1747 2582 :
1771 2527 1899 2582 dicit

300 2619 561 2691 deinceps
590 2623 893 2691 praesentia.
923 2624 1050 2678 \‘ide
1071 2633 1247 2678 autem
1270 2637 1500 2693 quonam
1527 2619 1714 2676 ordine
1734 2619 1898 2674 utitur

306 2711 363 2766 in
404 2714 646 2768 oratione
664 2754 680 2779 ,
709 2714 902 2770 durum
931 2716 1230 2770 auditorem
1258 2714 1558 2769 emollicns.
1588 2711 1722 2767 Cum
1750 2711 1899 2781 prius

305 2805 449 2858 enim
479 2808 754 2862 terruisset
799 2807 1062 2878 loquendo
1101 2808 1170 2864 de
1203 2807 1423 2879 judicio,
1463 2822 1527 2862 ac
1551 2805 1896 2877 pertinaciam

305 2897 426 2964 ejus
463 2898 796 2966 emolliisset,
843 2899 1046 2955 inducit
1084 2914 1387 2956 sermonem
1428 2897 1496 2954 de
1522 2897 1895 2969 prtesentibus.

307 2985 598 3056 Propterea
627 2989 798 3044 (talem
847 2990 1062 3046 adhibet
1107 2991 1433 3046 mistionem.
1473 2989 1760 3045 Considera
1800 3003 1898 3043 auo

309 3084 417 3131 tem
439 3095 452 3129 :
473 3076 641 3132 Donec
672 3097 857 3148 ponant
885 3081 1115 3135 inimicos
1140 3091 1252 3136 tuos
1276 3082 1551 3136 scabeflum
1582 3081 1764 3151 pedum
1790 3091 1901 3134 tuo-

309 3185 448 3220 rum.
495 3169 599 3226 lloc
638 3171 768 3226 dicit
807 3172 875 3228 de
915 3172 1360 3228 futuris:deinde
1399 3173 1468 3229 de
1510 3173 1896 3244 praesentibus:

326 3258 531 3331 Virgam
551 3266 742 3320 virtutis
764 3275 862 3320 tuw
881 3266 1070 3320 emittet
1091 3265 1342 3322 Dominus
1369 3282 1433 3322 ea:
1453 3264 1616 3330 Sion;
1638 3265 1901 3318 dominare

310 3354 368 3406 in
400 3355 558 3408 medio
584 3357 900 3411 inimicorum
929 3369 1152 3412 tuorum.
1188 3357 1390 3413 Deinde
1421 3357 1591 3413 futura
1624 3357 1897 3427 praedicit:

313 3444 500 3500 Tecum
530 3451 845 3521 principatus
872 3451 925 3505 in
965 3451 1048 3505 die
1081 3451 1279 3504 virtutis
1312 3459 1414 3504 tua:
1453 3451 1504 3504 in
1547 3450 1901 3518 splendoribus

305 3549 599 3594 sanctorum
619 3559 636 3594 :
659 3554 843 3612 postea
873 3557 1058 3598 rursus
1087 3541 1386 3612 praesentia,
1421 3557 1540 3612 quae
1567 3556 1672 3596 non
1703 3540 1902 3596 habent

306 3631 542 3699 amplius
567 3631 822 3688 ultionem
841 3675 858 3699 ,
891 3634 985 3689 sed
1015 3633 1421 3690 beneﬁcentiam
1447 3653 1460 3688 :
1488 3633 1564 3687 Tu
1592 3651 1643 3689 es
1668 3634 1901 3689 sacerdos

304 3721 363 3774 in
399 3732 644 3777 (sternunt
681 3726 959 3780 secundum
1001 3726 1229 3782 ordinem
1273 3725 1626 3781 Mclclzisedec.
1667 3726 1778 3781 Hoc
1818 3737 1902 3783 est

305 3818 457 3870 enim
497 3819 699 3887 peccati
742 3820 1041 3888 absolutio,
1087 3829 1143 3876 et
1184 3836 1305 3876 cum
1359 3821 1467 3876 Deo
1512 3820 1897 3875 reconciliatio.

309 3908 516 3965 Deinde
553 3927 673 3966 cum
711 3913 762 3966 in
802 3913 884 3968 eis
922 3923 1180 3984 quantum
1222 3913 1391 3968 voluit
1427 3913 1649 3979 institit,
1690 3913 1902 3983 attingit

307 4014 500 4054 rursus
518 4003 892 4069 oeconomiam,
913 4004 978 4058 ad
1003 4004 1052 4059 id
1069 4004 1209 4074 quod
1231 4012 1312 4060 est
1333 4003 1583 4059 humilius
1603 4005 1898 4059 orationem

299 4105 652 4163 convertens,
683 4105 738 4151 et
761 4096 964 4166 dicens,
990 4098 1041 4152 6.
1072 4097 1318 4152 Dominus
1336 4114 1367 4151 a
1387 4098 1576 4152 dextris
1592 4098 1708 4152 tuis.
1739 4099 1899 4168 Atqui

306 4185 559 4254 superius
599 4188 807 4245 dixerat
845 4205 969 4246 eum
1011 4190 1201 4246 sedere
1227 4206 1257 4245 a
1284 4190 1487 4247 dextris
1514 4191 1705 4247 Patris.
1742 4191 1899 4247 Vides

305 4277 579 4345 quomodo
619 4296 723 4335 non
770 4289 972 4337 temere
1007 4281 1329 4338 dictionibus
1370 4283 1734 4339 inltmt'endum
1776 4284 1899 4339 est?

306 4367 449 4433 Quid
475 4380 576 4434 est,
595 4371 844 4428 Dominus
859 4392 891 4428 a
906 4375 1096 4431 dextris
1120 4376 1526 4444 tuis?Quoniam
1554 4377 1900 4434 humanitatis

309 4471 572 4530 suscepta:
609 4465 962 4520 oeconomiam
1012 4467 1218 4536 attigit,
1263 4467 1330 4522 ad
1378 4483 1593 4523 carnem
1637 4469 1898 4524 convertit

307 4551 626 4621 orationem,
656 4571 776 4626 quat
796 4559 1051 4614 auxilium
1081 4560 1320 4630 suscipit.
1350 4561 1573 4616 Videtur
1595 4563 1735 4617 enim
1753 4561 1896 4632 angi,

305 4639 576 4710 afﬁictari,
609 4656 664 4702 et
685 4649 899 4717 sudare,
923 4660 977 4706 et
1001 4651 1073 4706 ita
1103 4650 1316 4719 sudare,
1349 4663 1405 4707 ut
1442 4661 1604 4722 guttae
1628 4653 1900 4722 sanguinis

305 4733 564 4804 defluant,
593 4749 648 4794 et
671 4757 855 4798 rursus
881 4743 1187 4802 conﬁrmari
1221 4743 1368 4818 (Luc.
1397 4746 1488 4801 22.
1511 4747 1625 4814 Η).
1645 4747 1791 4802 Talis
1817 4756 1899 4803 est

306 4828 455 4882 enim
479 4832 652 4886 carnis
681 4842 890 4889 natura.
933 4834 1228 4908 Confringet
1255 4837 1308 4890 in
1347 4837 1428 4891 die
1470 4838 1562 4892 ira:
1595 4854 1701 4892 sua
1734 4855 1896 4910 rcges.

305 4916 424 4972 Non
454 4920 780 4981 aberraverit
807 4927 896 4996 qui
931 4926 1033 4982 hoc
1061 4928 1257 4983 dixerit
1284 4927 1387 4984 dici
1411 4929 1478 4984 de
1506 4930 1860 4999 praesentibus
1879 4973 1895 4998 ,

306 5010 400 5079 qui
432 5011 709 5084 insurgunt
739 5018 997 5075 adversus
1038 5019 1336 5076 Ecclesiam
1359 5063 1372 5086 ,
1411 5031 1462 5075 et
1493 5021 1560 5075 de
1588 5023 1654 5076 iis
1680 5023 1768 5092 qui
1801 5039 1898 5092 pro

306 5103 547 5170 peccatis
572 5114 628 5159 et
651 5105 924 5176 impietate
946 5126 1040 5166 sua
1067 5127 1253 5182 pinnas
1279 5123 1404 5166 sunt
1431 5113 1627 5167 daturi.
1656 5113 1709 5168 6.
1736 5113 1896 5167 λιιάὶ-

306 5192 440 5246 cabit
475 5193 528 5248 in
555 5199 787 5266 gentibus
811 5202 1069 5270 :implebit
1094 5205 1290 5259 ruinas.
1319 5205 1452 5270 Quid
1483 5216 1596 5272 est,
1637 5205 1898 5262 Judicabit

305 5283 362 5335 in
384 5285 650 5353 gentibus?
667 5287 959 5360 Judicabit,
986 5294 1174 5366 inquit,
1198 5295 1575 5353 condemnabit
1600 5298 1894 5353 dzrmonas.

309 5375 379 5429 El
403 5379 541 5446 quod
567 5379 916 5450 judicavt-rit,
956 5388 1077 5442 audi
1102 5388 1372 5445 Christum
1409 5391 1674 5446 dicentem
1701 5409 1714 5444 :
1741 5392 1897 5446 Nunc

304 5479 380 5524 est
397 5472 650 5542 judicium
677 5477 855 5530 mundi
884 5479 1074 5548 huius;
1114 5498 1245 5536 nunc
1275 5482 1508 5552 princeps
1537 5484 1716 5536 mundi
1745 5484 1898 5554 hujus

305 5563 536 5632 ejicietur
555 5569 693 5636 foras
721 5567 904 5640 (Joan.
939 5570 1024 5627 12.
1057 5572 1169 5642 31).
1201 5573 1267 5627 Ει
1287 5573 1413 5627 alibi
1441 5591 1452 5626 :
1479 5572 1544 5627 Et
1565 5590 1656 5644 ego
1681 5575 1726 5629 si
1751 5575 1895 5628 exal-

305 5665 445 5710 tatus
471 5657 643 5726 fuero,
675 5676 847 5714 omnes
885 5663 1084 5717 (ra/tam
1121 5665 1192 5718 ad
1229 5665 1477 5734 meipsum
1510 5665 1664 5737 (Ibid.
1701 5681 1746 5720 υ.
1778 5665 1892 5738 52).

303 5750 458 5816 Quod
486 5752 528 5806 si
561 5769 688 5808 usus
716 5763 798 5808 est
817 5753 1046 5813 dictione
1069 5774 1188 5828 qua:
1215 5757 1371 5828 paulo
1397 5758 1563 5829 magis
1583 5757 1651 5814 ad
1676 5773 1893 5815 sensum

304 5844 557 5912 pertinet,
587 5861 693 5901 non
719 5845 1022 5904 ofl’eudaris.
1053 5849 1167 5907 Hoc
1193 5859 1274 5908 est
1296 5851 1438 5905 enim
1463 5849 1720 5907 familiare
1745 5849 1884 5906 Scrt~

1401 383 1765 439 EXPOSITIO
1804 381 1868 435 1N
1904 380 2226 435 PSALMUM
2265 379 2398 434 CIX.

3488 385 3588 436 τηε

2003 505 2190 566 pturae.
2221 493 2580 565 Conquassabit
2629 495 2796 565 capita
2832 495 2884 548 in
2923 503 3056 548 terra
3084 496 3376 551 multorum.
3407 498 3460 553 Si
3493 499 3593 554 hoc

2000 581 2215 658 quidem
2256 587 2391 642 velis
2431 586 2674 656 accipere
2713 588 3038 658 anagogice,
3089 588 3282 645 dixerit
3328 590 3592 660 quispiam

1999 693 2120 734 eum
2148 693 2269 735 esse
2310 678 2638 748 dejecturum
2669 678 2862 734 fastum
2892 689 2944 734 et
2972 681 3362 750 arrogantiam;
3393 683 3436 739 si
3467 698 3595 738 vero

1999 769 2239 826 sensibili
2266 769 2425 825 modo
2450 771 2699 839 accipias,
2721 771 3026 826 Judteorum
3053 773 3435 841 calamitatem,
3461 789 3597 845 quos

1998 878 2120 919 cum
2151 861 2484 918 vehementia
2514 863 2742 917 maxima
2769 862 3003 919 funditus
3023 865 3231 920 evertit.

2072 955 2411 1026 PhilosOpltia
2431 956 2619 1012 Christi
2645 966 2694 1011 et
2719 958 2948 1012 doctrina
2968 975 2985 1023 ,'
3007 959 3246 1012 adversus
3266 960 3476 1026 luxum;
3496 977 3594 1014 ser-

1999 1065 2117 1103 uum
2159 1059 2246 1103 aut
2273 1049 2482 1104 liberum
2515 1050 2637 1118 quid
2665 1050 2977 1120 potissimum
3006 1051 3196 1120 faciat;
3223 1068 3461 1108 curarum
3501 1069 3594 1107 oa-

2001 1141 2162 1195 cuitas
2199 1149 2446 1208 quantunt
2481 1141 2685 1195 bonum.
2711 1171 2780 1182 -—
2804 1141 2856 1195 7.
2885 1141 2964 1196 De
2989 1151 3206 1196 torrente
3246 1143 3299 1197 in
3328 1144 3408 1198 via
3440 1144 3589 1198 bibet.

2000 1230 2098 1287 Hic
2123 1230 2357 1286 ostendit
2381 1231 2636 1287 humilem
2665 1246 2729 1288 ac
2753 1231 2914 1288 vilem
2936 1232 3051 1301 ejus
3073 1233 3285 1288 vivendi
3307 1235 3590 1302 rationem,

2001 1325 2142 1395 quod
2187 1325 2387 1380 nullum
2430 1325 2625 1381 fastum
2674 1341 2784 1396 pra:
2826 1341 2885 1382 se
2926 1326 3130 1394 ferens,
3167 1327 3327 1384 nullis
3369 1329 3594 1398 stipatus

2001 1420 2355 1487 satellitibus,
2401 1436 2503 1476 nec
2542 1421 2783 1476 sensibili
2827 1422 3006 1492 aliquo
3035 1431 3292 1492 apparatu
3324 1423 3591 1490 munitus,

2001 1510 2118 1565 lucc
2144 1509 2367 1576 fecerit;
2399 1509 2494 1567 sed
2540 1520 2751 1566 tenuem
2781 1513 2976 1567 victum
3006 1512 3241 1582 ducens,
3272 1522 3326 1566 ct
3351 1512 3489 1569 adeo
3517 1521 3596 1568 te-

2001 1618 2198 1669 nuem,
2243 1611 2302 1657 ut
2342 1619 2409 1659 ex
2453 1613 2689 1660 torrente
2735 1604 2961 1660 biberet.
2999 1604 3182 1674 Qualis
3220 1605 3364 1660 cnitn
3404 1615 3521 1661 erat
3543 1606 3595 1662 ei

2000 1709 2184 1750 mensa
2205 1735 2220 1761 ,
2257 1694 2376 1749 talis
2409 1710 2623 1766 quoque
2655 1703 2832 1766 potus.
2863 1695 3044 1750 Mensa
3072 1710 3240 1766 panes
3267 1696 3549 1752 hordeacei
3574 1737 3592 1762 ,

2003 1796 2162 1858 potus
2189 1802 2324 1857 aqua
2356 1787 2424 1842 de
2456 1797 2714 1843 torrente.
2743 1788 2896 1844 Venit
2919 1789 3061 1844 enim
3092 1789 3232 1843 hanc
3259 1788 3592 1859 philosophi-

2000 1896 2120 1936 cam
2147 1881 2358 1936 vivendi
2388 1881 2647 1936 rationem
2675 1881 2929 1937 docturus
2952 1923 2966 1948 ,
3000 1897 3194 1954 nempe
3224 1885 3396 1939 ventri
3427 1884 3595 1954 impe-

2003 1988 2124 2028 rare
2147 2015 2163 2040 ,
2216 1987 2463 2043 pompam
2493 1973 2736 2039 calcare,
2769 1983 2822 2030 et
2863 1973 3058 2030 fastum
3101 1977 3357 2031 aversari.
3393 1977 3596 2033 Deinde

2001 2066 2292 2121 ostendens
2321 2065 2462 2136 quod
2500 2067 2570 2122 sit
2600 2067 2757 2137 hujus
2789 2068 2913 2123 vita:
2955 2071 3418 2134 emolumentum,
3466 2071 3596 2125 sub-

1999 2157 2212 2226 junxit:
2242 2155 2519 2226 Propterea
2562 2159 2802 2213 exaltabit
2845 2169 3021 2230 caput.
3074 2159 3403 2216 llutnilitatis
3450 2163 3593 2216 cnim

2004 2249 2233 2320 vitaeque
2257 2258 2484 2306 austera:
2511 2249 2598 2305 hic
2619 2260 2702 2305 est
2730 2248 2954 2305 fructus.

2075 2340 2129 2396 9.
2161 2340 2287 2397 Haac
2312 2350 2491 2396 autem
2524 2356 2628 2396 non
2659 2341 2799 2396 dicta
2827 2353 2952 2397 sunt
2978 2342 3046 2398 de
3075 2343 3373 2408 divinitate,
3406 2345 3499 2400 sed
3528 2345 3596 2400 de

2004 2447 2165 2489 carne
2191 2448 2310 2504 qua:
2336 2432 2470 2489 bibit
2496 2448 2566 2488 ex
2598 2443 2866 2498 torrente,
2911 2449 3030 2503 qua:
3073 2434 3172 2490 fuit
3201 2435 3451 2491 exaltata.
3481 2437 3597 2492 Non

2004 2525 2166 2582 modo
2193 2527 2336 2582 enim
2375 2525 2509 2581 nihil
2537 2526 2586 2581 ei
2617 2525 2921 2583 detrimenti
2959 2527 3136 2583 attulit
3177 2527 3293 2583 ha-c
3333 2529 3596 2594 tenuitas,

2004 2619 2100 2676 sed
2137 2620 2298 2676 etiam
2345 2619 2412 2675 ad
2453 2619 2775 2676 ineffabilem
2806 2620 2984 2676 evexit
3019 2621 3381 2678 altitudinem.
3432 2623 3497 2677 Et
3544 2633 3598 2678 tu

2005 2726 2155 2782 ergo,
2181 2726 2216 2766 o
2240 2711 2454 2776 dilecte,
2477 2709 2568 2782 qui
2592 2711 2708 2766 hinc
2728 2712 2972 2782 exempla
2993 2711 3159 2768 habes
3188 2714 3282 2768 tibi
3305 2716 3598 2782 proposita,

2004 2805 2166 2858 vitam
2213 2802 2349 2859 fastu
2401 2813 2456 2860 et
2500 2818 2693 2874 pompa
2734 2803 2990 2874 repletam
3031 2813 3338 2865 contemne.
3383 2815 3598 2862 tenuem

2007 2903 2185 2952 autem
2213 2910 2277 2951 ac
2301 2895 2521 2951 minime
2550 2895 2866 2965 exquisitam
2896 2911 3248 2966 persequere,
3292 2899 3335 2952 si
3377 2899 3456 2954 vis
3480 2913 3600 2956 esito

2005 2987 2182 3042 clarus
2208 2995 2262 3044 et
2289 3002 2532 3058 magnus.
2565 2987 2820 3042 Dominus
2849 2989 2993 3042 enim
3023 2999 3146 3044 tuus
3190 2989 3310 3046 ideo
3337 2993 3510 3057 venit,
3543 3004 3602 3048 ιιι

2007 3078 2147 3134 hanc
2189 3089 2240 3134 te
2281 3079 2420 3134 viam
2466 3079 2703 3136 doceret.
2752 3079 3010 3148 Quocirca
3051 3081 3306 3150 pr0plteta
3350 3098 3598 3154 quoque,

2006 3187 2129 3228 cum
2167 3172 2420 3243 prteclara
2459 3172 2575 3242 ejus
2624 3171 2760 3228 facta
2800 3182 3089 3239 narrasset,
3131 3175 3232 3231 hoc
3277 3176 3451 3245 ipsum
3475 3175 3602 3230 sub-

2002 3264 2212 3336 junxit,
2261 3278 2427 3335 prope
2455 3264 2639 3322 dicens
2663 3261 2826 3320 :Cum
2867 3265 3141 3320 victoriam
3181 3275 3236 3321 et
3279 3275 3477 3336 tropaza
3507 3283 3601 3323 au-

2005 3360 2192 3426 dieris,
2227 3376 2296 3415 ne
2323 3374 2484 3430 Spera
2523 3368 2577 3415 te
2608 3360 2842 3414 visurum
2888 3373 3058 3424 arma,
3108 3360 3325 3425 milites,
3373 3376 3599 3424 currus,

2005 3468 2194 3525 equos,
2219 3454 2425 3524 equites
2443 3493 2458 3520 ,
2483 3452 2740 3508 tumultus
2769 3461 2860 3508 aut
2881 3451 3063 3508 turbas
3087 3470 3101 3508 :
3123 3462 3204 3508 est
3227 3453 3361 3509 adeo
3383 3452 3601 3512 humilis

2006 3547 2098 3614 qui
2129 3547 2245 3601 hinc
2284 3545 2430 3612 facit,
2463 3547 2597 3601 adeo
2625 3544 2761 3616 frugi
2787 3552 2842 3599 et
2868 3544 3159 3609 abstinens,
3188 3555 3246 3600 ut
3269 3561 3338 3601 ex
3365 3555 3600 3602 torrente

2006 3653 2197 3708 aquam
2223 3637 2369 3693 bibat
2392 3653 2405 3692 :
2427 3645 2480 3692 et
2508 3644 2686 3692 tamen
2713 3635 2802 3706 qui
2833 3643 2920 3691 est
2943 3636 3204 3705 ejusmodi
3227 3679 3240 3701 ,
3275 3637 3391 3692 lnec
3419 3640 3600 3694 omnia

2009 3728 2264 3800 perﬁciet.
2286 3727 2520 3784 Audiant
2539 3743 2668 3798 ergo
2687 3727 2776 3798 qui
2799 3743 3011 3782 mensas
3032 3727 3232 3784 habent
3250 3729 3598 3800 Sybariticas,

2008 3821 2300 3891 epulasque
2321 3827 2376 3875 et
2394 3819 2860 3876 condimentorum
2887 3834 3048 3874 omne
3075 3835 3244 3890 genus
3271 3823 3596 3893 excogitant,

2006 3923 2062 3970 et
2102 3915 2249 3970 varia
2281 3927 2573 3983 coquorum
2617 3927 2816 3983 genera
2855 3911 3090 3983 undique
3133 3913 3422 3984 colligunt,
3464 3931 3600 3971 nau-

2009 4016 2214 4076 tasque,
2239 4005 2646 4076 gubernatores,
2669 4013 2724 4059 et
2751 4005 2979 4075 remiges
3003 4003 3262 4076 deligunt,
3297 4016 3352 4061 ut
3378 4017 3598 4065 externa

2006 4097 2248 4168 qua'dam
2277 4097 2384 4152 vini
2413 4106 2466 4152 et
2492 4104 2882 4167 unguentorum
2923 4112 3148 4167 genera,
3189 4098 3430 4170 aliasque
3459 4099 3602 4170 ejus-

2006 4188 2150 4243 modi
2183 4188 2404 4244 delicias
2431 4188 2717 4258 importent
2741 4227 2756 4254 ,
2787 4202 2851 4242 ac
2891 4188 3097 4259 seipsos
3140 4188 3193 4244 in
3241 4190 3414 4258 ipsum
3442 4191 3600 4249 bara-

2008 4279 2185 4333 thrum
2221 4279 2582 4349 praecipitent,
2614 4287 2669 4334 et
2709 4278 2940 4335 evadant
2964 4279 3202 4334 omnium
3231 4281 3600 4350 abjectissimi.

2005 4369 2190 4440 Neque
2240 4372 2382 4425 enim
2429 4371 2700 4426 excelsum
2743 4371 2872 4440 quid
2933 4372 3210 4427 c0nsuevit
3258 4371 3465 4438 facere,
3509 4375 3600 4444 qui

2007 4463 2249 4534 pluribus
2281 4463 2482 4534 indiget
2519 4481 2533 4518 :
2565 4477 2664 4517 nec
2707 4461 2908 4518 humile
2947 4462 3277 4533 quidquam,
3307 4465 3392 4518 cui
3433 4479 3600 4534 pauca

2006 4555 2219 4610 desunt.
2250 4553 2305 4610 Si
2335 4555 2495 4609 vultis
2517 4562 2720 4621 autem,
2761 4553 3078 4624 efﬁngamus
3105 4554 3379 4625 utriusque
3412 4558 3601 4627 imagi-

2007 4664 2154 4718 nem,
2195 4657 2251 4704 et
2293 4647 2365 4702 sit
2405 4645 2669 4718 quispiam
2709 4646 2798 4716 qui
2844 4645 3040 4701 habeat
3076 4647 3272 4701 multos
3295 4648 3342 4702 ei
3372 4648 3602 4719 undique

2006 4739 2410 4811 suppeditantes
2455 4747 2675 4807 nautas,
2724 4749 2779 4794 et
2821 4740 3241 4810 gubernatores,
3279 4742 3514 4798 artifices
3546 4755 3602 4798 et

2007 4832 2302 4896 ministros,
2325 4839 2560 4888 textores
2584 4842 2638 4888 et
2664 4831 3007 4904 phrygiones,
3031 4833 3311 4901 bubulcos,
3333 4846 3598 4905 pastores.

2007 4934 2062 4981 et
2087 4925 2395 4996 equisones,
2423 4939 2791 4995 equorumque
2812 4935 3074 4989 armenta,
3099 4935 3259 4996 atque
3280 4927 3332 4981 in
3353 4929 3602 4983 omnibus

2006 5023 2056 5078 ei
2109 5021 2393 5077 famulatus
2439 5031 2774 5092 suppetant:
2808 5022 2944 5078 alter
2996 5033 3175 5078 autem
3230 5021 3360 5077 nihil
3413 5038 3600 5078 eorum

2006 5116 2220 5182 habeat,
2241 5124 2594 5188 praeterquam
2616 5116 2787 5171 solum
2811 5131 3004 5187 panem
3021 5125 3074 5171 et
3094 5130 3308 5184 aquam,
3327 5122 3379 5170 et
3395 5123 3599 5170 vestem

2005 5208 2218 5264 unicam
2246 5225 2262 5263 :
2285 5207 2404 5278 quis
2426 5217 2509 5264 est
2537 5208 2593 5264 in
2622 5207 2706 5262 his
2733 5206 3018 5263 excelsus?
3047 5207 3169 5276 quis
3195 5220 3324 5260 vero
3350 5205 3602 5261 humilis?

2007 5301 2200 5354 Annon
2245 5299 2448 5355 clarum
2492 5307 2576 5355 est
2598 5342 2613 5366 ,
2661 5314 2784 5354 eum
2811 5313 2933 5355 esse
2960 5299 3049 5368 qui
3080 5299 3289 5352 unicam
3321 5297 3482 5352 habet
3511 5314 3599 5352 vo-

2006 5391 2181 5447 stem?
2213 5391 2261 5446 ls
2285 5395 2428 5446 enim
2447 5391 2530 5447 vel
2559 5391 2732 5460 ipsum
2754 5405 2933 5461 regem
2962 5390 3158 5458 poterit
3178 5388 3456 5459 despicere
3477 5407 3490 5442 :
3512 5390 3598 5444 ille

2005 5495 2182 5540 autem
2220 5500 2406 5540 servus
2435 5493 2518 5538 est
2545 5484 2781 5539 omnium
2824 5483 2913 5554 qui
2961 5481 3074 5537 haec
3103 5483 3364 5553 praebent,
3409 5497 3470 5538 so
3499 5482 3594 5537 dc-

2005 5579 2244 5639 mittens,
2289 5575 2570 5631 blandiens
2591 5617 2606 5642 ,
2653 5590 2840 5629 omnes
2869 5573 3164 5630 observans
3185 5617 3198 5637 .
3231 5575 3425 5630 timens
3455 5589 3521 5629 ne
3549 5574 3593 5629 si

2004 5667 2125 5738 quis
2164 5681 2286 5721 eum
2329 5665 2640 5735 reliquerit,
2692 5664 2742 5718 in
2789 5664 2947 5720 rebus
3000 5666 3231 5719 maxime
3279 5665 3594 5720 necessariis

2004 5760 2380 5815 detrimentum
2402 5759 2646 5827 accipiat.
2663 5756 2804 5812 Nihil
2827 5757 2967 5811 enim
2990 5771 3142 5826 teque
3164 5755 3336 5810 reddit
3356 5772 3594 5817 servum,

2005 5851 2142 5906 sicut
2185 5849 2364 5906 multis
2409 5864 2566 5920 egere
2593 5867 2605 5905 :
2631 5849 2765 5905 sicut
2795 5849 2954 5904 etiam
3001 5848 3253 5921 liberum,
3279 5848 3586 5916 necessaria
