4064 6422
469 379 568 434 €79

467 505 669 550 tantutu
701 494 992 564 requirere.
1027 491 1137 546 Hoc
1167 493 1338 562 ipsum
1367 491 1532 546 videri
1563 499 1738 562 potest
1772 489 1822 542 in
1864 486 2050 542 brutis.

468 587 604 655 Quid
648 586 792 641 enim
839 585 1052 655 prodest
1093 585 1246 640 asino
1290 585 1517 641 sarcinis
1563 594 1776 650 onusto,
1831 581 1928 636 etsi
1979 579 2056 635 eis

465 681 668 734 fruatur
699 678 924 732 millies?
949 676 1073 748 quid
1115 687 1291 732 autem
1335 685 1491 730 nocet
1535 676 1620 729 alii
1661 676 1828 729 libero
1867 672 1934 726 ab
1974 671 2057 726 his

463 770 730 834 omnibus,
754 767 798 822 si
821 769 1180 824 necessarium
1203 769 1512 822 alimentum
1543 766 1826 836 suppetat?
1851 764 1916 818 Et
1939 764 2057 816 ideo

461 861 710 916 Christus
737 860 875 915 altos
904 861 1122 929 Spiritus
1165 860 1276 914 suis
1319 860 1508 912 indens
1535 858 1810 926 discipulis
1829 897 1844 922 ,
1875 865 2057 924 utp0te

464 952 553 1021 qui
593 959 751 1005 erant
795 965 915 1005 cum
970 951 1220 1005 universo
1266 949 1398 1004 orbe
1446 959 1708 1003 terrarum
1749 945 2053 1016 loquuturi,

463 1046 714 1100 omnibus
739 1060 834 1101 eos
860 1045 1004 1100 curis
1026 1046 1284 1107 liberavit,
1311 1045 1478 1098 alatos
1500 1043 1760 1108 efficiens,
1788 1050 1838 1094 et
1867 1040 2057 1109 quovis

465 1139 749 1194 adamante
776 1140 1164 1192 Constantiores
1209 1137 1455 1193 reddens.
1504 1137 1706 1190 Anima:
1737 1134 1878 1187 enim
1922 1131 2054 1186 nihil

465 1239 640 1284 ttmtas
665 1229 813 1284 addit
844 1229 984 1284 vires
1004 1272 1018 1295 ,
1053 1241 1106 1282 ιιι
1133 1230 1200 1282 ab
1231 1230 1307 1283 eis
1335 1243 1452 1283 esse
1480 1227 1700 1280 liberam
1733 1243 1746 1278 :
1777 1222 1907 1278 nihil
1934 1237 2054 1277 eam

465 1324 602 1376 adeo
628 1333 878 1388 enervat,
915 1335 970 1376 ιιι
998 1325 1077 1378 eis
1107 1323 1448 1377 eonstrielatu
1479 1321 1667 1375 teucri.
1700 1317 2056 1386 Quemadmo-

465 1413 594 1468 dum
621 1415 762 1468 enim
805 1430 911 1469 non
942 1425 1115 1485 potest
1143 1415 1296 1470 dolor
1333 1415 1419 1468 hic
1443 1415 1550 1470 cito
1572 1413 1794 1468 inveniri
1821 1429 1834 1466 :
1860 1411 1928 1465 ita
1957 1424 2058 1464 nec

464 1505 577 1561 illic
597 1505 864 1576 voluptas.
897 1507 988 1562 llle
1014 1508 1154 1562 enim
1183 1508 1341 1562 habet
1369 1507 1562 1562 multos
1580 1521 1750 1561 επενοε
1773 1505 2060 1559 immanes-

466 1613 572 1667 que
615 1595 863 1652 dominos
905 1609 959 1654 et
1003 1600 1287 1653 dominas:
1319 1599 1404 1653 hic
1446 1607 1622 1651 autem
1669 1597 1794 1650 nulli
1841 1595 2054 1665 quidem

467 1691 663 1756 servit,
703 1692 952 1747 oumibus
996 1701 1171 1747 autem
1205 1692 1461 1762 imperat,
1503 1691 1667 1744 radiis
1704 1689 1834 1744 Solis
1873 1702 2058 1742 seenre

468 1785 688 1852 fruens,
733 1785 872 1840 aeris
907 1801 1033 1840 aura
1056 1785 1288 1856 jucunde
1315 1785 1528 1849 fruens,
1560 1793 1614 1838 et
1637 1782 1725 1852 qui
1757 1780 1857 1836 sibi
1887 1779 2055 1833 mole-

465 1877 624 1930 stiam
647 1877 916 1945 exhibeat,
944 1893 1047 1933 non
1079 1878 1301 1932 habens.
1333 1876 1447 1930 Non
1477 1891 1599 1930 cum
1629 1883 1787 1927 vexat
1812 1879 1866 1927 et
1894 1872 2060 1942 agitat

466 1967 564 2032 ira,
589 1984 694 2023 non
718 1969 934 2035 invidia,
957 1985 1060 2024 non
1082 1969 1234 2034 livor,
1270 1984 1373 2022 non
1401 1983 1522 2023 enm
1545 1981 1687 2022 cura:
1716 1964 2054 2027 labefaciunt,

467 2076 572 2114 non
603 2061 994 2126 mnmlationes,
1021 2077 1126 2116 non
1149 2075 1281 2115 vana
1303 2061 1494 2130 gloria,
1521 2075 1624 2114 non
1653 2058 1923 2127 superbia,
1949 2073 2054 2111 non

464 2151 662 2220 aliquid
694 2151 839 2207 aliud
868 2152 1161 2224 ejusmodi;
1198 2153 1292 2207 sed
1324 2153 1460 2206 sicut
1488 2164 1670 2221 portus
1695 2150 1886 2220 aliquis
1911 2157 2056 2204 tran-

463 2243 688 2309 quillus,
719 2253 773 2298 et
802 2243 937 2300 liber
961 2260 991 2299 a
1023 2244 1270 2300 fluctibus
1291 2288 1303 2307 ,
1335 2245 1404 2300 ita
1432 2255 1515 2298 est
1541 2244 1762 2298 allectus
1791 2243 1906 2312 ejus
1935 2241 2057 2294 ani-

465 2348 608 2400 mus,
630 2343 686 2388 et
707 2335 805 2389 iter
831 2335 882 2390 in
912 2335 1100 2390 caelum
1127 2336 1281 2391 facile
1310 2335 1623 2406 ingreditur,
1651 2343 1708 2389 ut
1729 2350 1887 2404 quem
1917 2333 2058 2387 nulla

464 2437 552 2479 res
582 2437 818 2492 praesens
857 2427 1445 2496 remoretunUtergo
1468 2439 1570 2481 nos
1602 2439 1813 2496 quoque
1844 2423 1943 2478 hac
1968 2438 2058 2477 se-

465 2519 695 2573 curitatc
722 2517 980 2585 fruamur,
1010 2529 1062 2574 et
1091 2520 1144 2573 in
1174 2520 1424 2589 przesenti
1457 2521 1559 2574 vita
1591 2515 2062 2586 tranquillitatem,

466 2620 519 2665 et
566 2613 618 2665 in
660 2613 1092 2682 peregrinatione
1123 2612 1430 2668 facilitatem
1459 2628 1884 2683 consequamur,
1917 2611 2056 2666 hanc

466 2711 628 2757 vitam
657 2717 1058 2774 persequamur,
1088 2716 1142 2760 ut
1170 2705 1308 2759 bona
1331 2720 1544 2776 quoque
1567 2713 1766 2758 teterna
1791 2703 2056 2773 adipisca-

467 2809 609 2858 mur,
631 2810 750 2864 qute
773 2810 988 2851 omnem
1010 2797 1292 2863 rationem,
1322 2805 1578 2864 mentem,
1603 2806 1659 2852 et
1681 2797 2056 2867 cogitationem

468 2898 756 2958 superant,
799 2890 854 2945 in
893 2889 1106 2945 Christo
1135 2891 1261 2946 Jesu
1289 2891 1515 2946 Domino
1541 2901 1746 2958 nostro,
1775 2890 1858 2945 oui
1891 2888 2056 2961 gloria

464 2991 520 3036 et
545 2981 826 3054 imperium
855 2983 909 3038 in
937 2984 1130 3039 saecula
1159 2985 1500 3040 smculorum.
1527 2987 1716 3040 Amen.

971 3075 1037 3131 IN
1076 3075 1399 3134 PSALMUM
1439 3076 1552 3132 CX.

617 3168 668 3222 ι.
710 3165 999 3238 Conﬁtebor
1022 3167 1131 3235 tibi,
1157 3168 1390 3234 Domine,
1414 3169 1468 3223 in
1496 3178 1599 3246 toto
1623 3170 1771 3224 corde
1800 3185 1930 3224 meo.

535 3259 588 3312 1.
632 3257 924 3313 Gratiarum
966 3261 1209 3314 actionem
1236 3277 1268 3313 a
1296 3260 1438 3316 nobis
1468 3261 1604 3316 Deus
1640 3261 1858 3315 maxime
1884 3262 2055 3332 requi-

465 3349 553 3402 rit.
581 3379 652 3388 —-
687 3349 826 3418 Quid
853 3360 955 3414 est,
985 3349 1050 3406 In
1073 3361 1178 3406 toto
1200 3352 1226 3405 Ρ
1249 3351 1382 3406 Cum
1414 3353 1558 3406 omni
1586 3353 1748 3407 animi
1786 3353 2060 3408 alacritate

464 3451 522 3496 et
549 3441 864 3512 diligenter,
886 3443 1020 3499 liber
1045 3443 1114 3499 ab
1147 3445 1396 3499 omnibus
1425 3446 1567 3499 curis
1605 3445 1938 3500 smcularium
1968 3461 2058 3500 re-

465 3551 616 3601 rum,
664 3536 907 3593 sublimis
935 3546 988 3592 et
1011 3549 1255 3604 erectus,
1289 3538 1464 3593 anima
1493 3553 1521 3592 a
1555 3538 1779 3594 vinculis
1818 3539 2060 3608 corporis

467 3629 711 3684 liberata.
741 3628 808 3684 1η
838 3630 1008 3684 corde.
1039 3630 1154 3686 Non
1187 3631 1238 3685 in
1266 3630 1443 3686 verbis
1472 3638 1677 3685 tantum
1702 3673 1716 3696 ,
1749 3645 1847 3686 nec
1872 3631 1922 3684 in
1953 3631 2059 3686 lin-

463 3735 566 3789 gua
588 3728 644 3777 et
665 3734 761 3776 ore
784 3721 1145 3787 solummodo,
1172 3721 1268 3776 sed
1289 3737 1409 3776 cum
1433 3732 1612 3777 mente
1637 3730 1692 3777 et
1710 3720 2053 3792 cogitatione.

466 3811 542 3870 Ita
571 3811 730 3866 etiam
761 3812 935 3868 Moses
957 3813 1128 3884 legem
1162 3815 1338 3869 ferens
1365 3813 1576 3870 dicebat
1607 3832 1622 3869 :
1651 3812 1846 3885 Diliges
1873 3813 2058 3868 Domi-

463 3920 584 3958 num
616 3902 776 3957 Deum
804 3911 943 3959 tuum
968 3922 1031 3960 ea:
1050 3915 1154 3960 toto
1182 3908 1334 3961 corde
1357 3917 1471 3972 tuo,
1495 3916 1541 3962 et
1565 3923 1628 3962 ea:
1655 3918 1758 3962 tota
1781 3917 1946 3962 mente
1971 3917 2060 3962 tua

466 3992 646 4062 (Deut.
677 3995 730 4050 6.
763 3995 840 4066 5).
872 3997 1272 4054 ConfeSsionem
1321 4009 1499 4054 autem
1550 3997 1638 4054 hic
1677 4000 1806 4054 mihi
1850 3999 2060 4055 videtur

465 4083 646 4139 dicere
685 4086 974 4154 gratiarum
1018 4087 1306 4143 actionem.
1356 4087 1643 4154 Laudabo,
1671 4088 1879 4160 inquit,
1907 4105 2059 4160 agam

465 4174 686 4244 gratias.
708 4175 896 4231 Totam
923 4178 1064 4232 enim
1096 4178 1255 4232 vitam
1284 4185 1335 4232 in
1365 4179 1466 4234 hoc
1493 4181 1846 4250 consumpsit,
1864 4181 1934 4235 ab
1959 4181 2063 4236 hoc

465 4265 762 4333 exorditur,
793 4275 848 4322 et
870 4267 922 4322 in
963 4269 1066 4324 hoc
1090 4267 1286 4324 desinit
1317 4286 1330 4321 :
1365 4269 1467 4324 hoc
1492 4269 1608 4339 ejus
1641 4286 1776 4340 opus
1806 4281 2062 4342 perpetuo

465 4357 564 4414 fuit
586 4401 600 4422 ,
631 4375 729 4432 pro
758 4360 822 4416 iis
850 4361 969 4432 quae
995 4369 1047 4416 et
1079 4362 1196 4432 ipse
1237 4370 1292 4417 et
1325 4361 1414 4418 alii
1443 4373 1762 4434 acceperant
1791 4364 2061 4421 beneficiis

464 4454 663 4522 gratias
686 4468 867 4526 agere.
900 4454 1043 4510 Deus
1069 4454 1213 4510 enim
1254 4454 1385 4510 nihil
1417 4471 1570 4527 aeque
1614 4467 1776 4528 atque
1820 4456 1921 4512 hoc
1965 4473 2059 4528 po-

467 4545 628 4600 stulat
660 4564 673 4600 :
705 4546 808 4602 hoc
827 4557 912 4603 est
934 4547 1277 4617 sacrificium,
1308 4548 1410 4605 hoc
1435 4549 1654 4617 oblatio,
1685 4549 1786 4606 hoc
1809 4561 1886 4606 est
1916 4552 1985 4622 pii
2008 4560 2064 4608 et

464 4642 599 4709 grati
627 4641 790 4696 animi
820 4643 1029 4713 signum
1049 4683 1066 4710 ,
1095 4643 1200 4698 hoc
1241 4644 1434 4700 vulnus
1465 4643 1626 4698 infert
1651 4643 1864 4699 diabolo
1895 4662 1908 4696 :
1938 4645 2063 4702 hinc

382 4801 392 4809 .
465 4735 823 4789 coronabatur
863 4735 1047 4790 beatus
1077 4735 1178 4791 Job
1219 4745 1273 4793 et
1316 4735 1740 4806 praedicabatur,
1774 4737 1913 4808 quod
1940 4753 2060 4794 cum

467 4826 544 4882 illi
578 4827 898 4881 tentationes
926 4837 1106 4882 essent
1149 4827 1563 4884 innumerabiles
1593 4827 1753 4884 illata:
1777 4871 1793 4896 ,
1830 4840 1884 4886 et
1930 4846 2065 4885 uxor

385 4931 395 4972 ξ
467 4933 681 4989 quoque
710 4933 834 4974 eum
864 4918 1206 4989 supplantare
1233 4919 1432 4985 vellet,
1461 4933 1567 4974 non
1597 4935 1815 4977 aversus
1845 4923 1935 4986 sit,
1967 4921 2062 4977 sed

388 5000 403 5070 ἶ.
467 5012 698 5068 Domino.
718 5011 785 5067 de
823 5013 1070 5068 omnibus
1097 5013 1266 5084 egerit
1303 5022 1558 5084 perpetuo
1583 5015 1802 5087 gratias,
1840 5029 1944 5070 non
1969 5030 2062 5070 so-

391 5099 406 5140 ί
467 5105 574 5159 Ιιιιιι
623 5104 838 5174 quando
880 5102 1065 5171 dives,
1108 5104 1202 5159 sed
1241 5104 1398 5159 etiam
1445 5105 1658 5176 quando
1699 5119 1900 5176 pauper
1947 5114 2066 5161 erat

470 5197 614 5269 (Job
643 5199 695 5253 1.
723 5198 789 5254 2!
827 5197 880 5268 ):
915 5211 1022 5252 non
1073 5197 1244 5252 solum
1291 5197 1505 5267 quando
1550 5212 1712 5251 sanus
1754 5207 1869 5252 erat
1903 5239 1917 5262 ,
1969 5198 2062 5252 sed

467 5291 627 5346 etiam
650 5289 863 5361 quando
891 5304 1174 5360 percussus
1200 5299 1283 5344 est
1313 5289 1363 5343 in
1395 5303 1556 5344 carne
1581 5305 1595 5354 ;
1619 5302 1726 5342 non
1757 5287 1917 5343 modo
1941 5304 2062 5343 cum

466 5385 513 5436 ei
561 5397 649 5437 res
684 5396 872 5437 omnes
913 5395 979 5436 ex
1032 5381 1194 5435 animi
1241 5381 1501 5435 sententia
1552 5378 1920 5446 succederent,
1969 5379 2062 5434 sed

469 5475 630 5527 etiam
655 5488 778 5528 cum
799 5473 976 5542 gravis
997 5472 1086 5526 illa
1117 5481 1404 5541 tempestas
1426 5472 1476 5525 in
1509 5471 1812 5526 universam
1839 5470 1955 5541 ejus
1979 5469 2070 5524 do-

471 5580 617 5616 tuum
646 5563 905 5628 incubuit,
937 5573 988 5618 et
1019 5564 1071 5618 in
1098 5564 1264 5633 ipsam
1287 5577 1500 5634 quoque
1528 5572 1771 5618 naturam
1801 5562 2062 5632 corporis.

474 5654 584 5707 lloc
608 5661 692 5705 est
721 5653 860 5706 enim
891 5654 1024 5723 grati
1055 5655 1106 5707 in
1133 5655 1312 5722 primis
1340 5655 1528 5722 animi,
1561 5655 1613 5708 in
1641 5654 1800 5710 rebus
1826 5653 2070 5709 adversis

471 5753 524 5798 et
553 5741 758 5809 asperis
791 5741 898 5797 Deo
921 5758 1140 5812 magnas
1170 5757 1425 5813 perpetuo
1457 5747 1654 5801 habere
1675 5745 1888 5815 gratias.
1911 5745 2062 5812 Quod

469 5835 685 5904 quidem
718 5831 834 5897 ipe
864 5850 1074 5907 quoque
1102 5835 1360 5907 inunctis,
1386 5838 1686 5897 declaravit
1722 5853 1817 5910 per
1851 5854 1913 5896 ea
1951 5853 2069 5911 qua:

1177 376 1230 431 S.
1272 374 1550 434 JOANNIS
1587 368 2060 430 CllltYSOSTOill
2089 365 2404 420 ARCIIIEP.
2439 366 2972 426 CONSTANTINOP.

3652 371 3720 426 9.8
3731 379 3758 429 ι

2162 493 2580 553 consequuntur.
2624 487 2754 554 Quia
2794 487 2934 541 enim
2984 488 3136 542 multi
3189 488 3470 556 homines,
3501 489 3626 545 dum
3670 505 3764 546 res

2161 578 2372 646 quidem
2415 590 2538 632 sunt
2572 578 2706 633 laeta:
2729 621 2742 643 ,
2771 591 2931 650 agunt
2958 583 3190 651 gratias;
3220 583 3264 636 si
3302 583 3350 637 id
3377 596 3550 638 autem
3600 601 3765 638 secus

2161 668 2407 734 eveniat,
2437 684 2577 738 trgre
2619 669 2796 724 ferunt
2825 690 2837 724 :
2876 685 2998 726 sunt
3028 673 3188 728 etiam
3228 676 3318 744 qui
3362 690 3478 745 quae
3506 677 3769 730 eveniunt

2164 759 2559 828 reprehendunt
2599 781 2610 814 :
2641 763 2928 818 ostendens
2975 766 3023 819 id
3070 782 3174 820 non
3209 768 3323 822 fieri
3352 785 3414 822 ex
3446 778 3629 822 natura
3661 786 3770 822 eo-

2163 867 2304 917 rum,
2329 868 2445 921 qum
2469 853 2737 918 accidunt,
2767 857 2858 910 sed
2880 873 2943 910 ex
2974 859 3264 927 depravato
3303 861 3502 924 animo,
3531 862 3772 929 subjun-

2164 944 2234 997 ιιι
2275 944 2502 1002 dicens:
2536 945 2598 998 lu
2646 949 2855 1001 consilio
2894 950 3154 1020 jmtorum
3193 961 3239 1003 et
3279 953 3661 1022 congregatione
3707 952 3772 1006 ‘3.

2163 1051 2347 1105 "mgna
2371 1054 2525 1105 opera
2555 1038 2779 1092 Domini.
2806 1039 2919 1094 Hoc
2965 1041 3102 1094 dixit
3134 1043 3422 1096 ostendens
3460 1059 3591 1111 opus
3637 1059 3776 1097 esse

2160 1127 2338 1196 judice
2378 1131 2583 1200 integro
2606 1173 2619 1195 ,
2653 1141 2706 1186 et
2734 1140 2874 1188 cmlu
2905 1147 3009 1186 non
3042 1143 3315 1201 corrupto,
3344 1145 3395 1188 et
3424 1135 3625 1189 clarum
3656 1150 3774 1188 crtt

2164 1237 2352 1292 magna
2379 1238 2497 1277 esse
2530 1225 2619 1278 Dei
2649 1240 2808 1291 Opera
2835 1266 2849 1290 ,
2880 1239 3104 1295 esseque
3143 1241 3333 1292 magno
3355 1208 3615 1280 miraculo
3643 1227 3772 1295 ple-

2164 1329 2252 1367 na.
2281 1315 2416 1369 Sunt
2441 1317 2581 1371 enim
2611 1333 2705 1386 per
2744 1333 2803 1372 se
2833 1333 3019 1388 magna
3045 1361 3058 1383 ,
3089 1334 3188 1373 nec
3211 1319 3456 1374 videntur
3479 1335 3598 1373 esse
3639 1336 3774 1374 ma-

2163 1421 2262 1475 gna
2283 1446 2299 1472 ,
2329 1407 2428 1460 nisi
2457 1419 2657 1462 rectntn
2691 1408 2922 1478 judicent
2944 1409 3202 1464 habeant.
3238 1409 3472 1479 Namque
3508 1411 3586 1465 sol
3617 1427 3772 1480 quo-

2163 1514 2266 1565 que
2291 1515 2386 1568 per
2411 1515 2469 1554 se
2496 1500 2667 1555 clarus
2695 1513 2776 1555 est
2807 1511 2860 1556 et
2901 1502 3124 1569 lui-idus,
3155 1513 3206 1557 et
3233 1503 3534 1557 universum
3565 1502 3774 1558 orbem

2165 1598 2320 1646 terra:
2351 1592 2574 1648 illustrat
2612 1612 2624 1648 :
2659 1594 2751 1649 sed
2795 1596 2860 1650 iis
2887 1611 3113 1666 quorum
3160 1596 3297 1651 oculi
3339 1596 3610 1661 laborant,
3645 1612 3774 1650 non

2165 1691 2244 1736 est
2275 1684 2413 1737 tilis.
2444 1685 2600 1754 Atqui
2631 1686 2710 1741 sol
2739 1703 2843 1741 non
2871 1689 3024 1742 estin
3055 1687 3230 1758 culpa,
3258 1689 3350 1742 sed
3373 1699 3452 1744 est
3480 1690 3659 1742 vitium
3697 1690 3777 1742 il-

2165 1774 2335 1828 lorum
2365 1775 2759 1833 imbecillitatis.
2784 1779 3007 1847 Quando
3033 1795 3162 1849 ergo
3183 1780 3378 1835 videris
3399 1781 3622 1850 aliquem
3656 1783 3773 1837 Dei

2165 1879 2324 1933 opera
2351 1878 2711 1936 accusantem,
2736 1885 2802 1924 ne
2831 1879 3048 1940 prolitcr
3074 1871 3214 1926 illius
3244 1873 3626 1941 improbitatem
3657 1874 3774 1930 Dei

2165 1971 2325 2024 opera
2353 1958 2726 2027 calumnieris;
2755 1961 2849 2016 sed
2880 1961 3017 2017 illius
3044 1962 3327 2018 dementias
3356 1967 3637 2019 maximum
3671 1968 3776 2021 in-

2164 2047 2360 2101 dicium
2411 2051 2595 2119 accipe
2648 2069 2710 2106 ex
2765 2053 2857 2107 Dei
2898 2054 3252 2123 providentia.
3295 2056 3772 2121 Quemadmodum

2165 2141 2306 2193 enim
2329 2141 2416 2210 qni
2444 2143 2612 2198 solem
2643 2143 2772 2198 dicit
2803 2145 3216 2211 tenebricosum,
3251 2157 3450 2202 astrum
3480 2164 3577 2202 non
3612 2151 3776 2204 vitu-

2166 2235 2389 2302 peravit,
2419 2236 2512 2290 sed
2540 2251 2650 2292 sua:
2681 2237 2850 2307 ipsius
2874 2240 3129 2313 excitatis
3155 2252 3359 2296 certum
3383 2253 3771 2311 argttmenltnn

2166 2327 2380 2396 protulit
2411 2349 2422 2382 :
2450 2336 2505 2384 et
2530 2329 2620 2398 qui
2663 2330 2765 2384 mel
2795 2346 3036 2386 amarum
3068 2333 3326 2399 nominat,
3361 2350 3465 2388 non
3496 2335 3629 2388 illius
3654 2338 3773 2388 οι»-

2163 2429 2340 2474 scnrat
2378 2420 2714 2477 dulcedinem
2742 2465 2756 2488 ,
2785 2423 2880 2478 sed
2910 2424 2977 2479 de
3018 2425 3206 2480 morbo
3230 2442 3336 2496 quo
3380 2427 3580 2481 laborat
3606 2471 3620 2494 ,
3652 2428 3774 2484 fert

2163 2513 2482 2567 sententiam
2515 2532 2526 2567 :
2560 2516 2628 2570 ita
2668 2516 2828 2571 etiam
2855 2519 2943 2588 qui
2978 2519 3068 2573 Dei
3103 2535 3263 2588 opera
3294 2519 3650 2594 reprehendit.
3685 2521 3773 2578 Et

2163 2605 2611 2672 quemadmodum
2643 2607 2727 2666 hic
2753 2623 2851 2668 nec
2893 2609 3016 2679 illis,
3042 2627 3141 2670 nec
3159 2616 3207 2670 ei
3233 2632 3351 2686 quae
3372 2616 3440 2672 de
3466 2617 3565 2671 illis
3585 2616 3770 2674 balne-

2165 2705 2268 2763 tur,
2295 2699 2670 2757 existimationi
2697 2702 3076 2760 detrimentum
3109 2706 3263 2762 infert
3286 2748 3300 2773 ,
3333 2707 3425 2761 sed
3467 2709 3767 2762 amentiam

2163 2800 2311 2840 suam
2346 2791 2575 2846 maxime
2601 2793 2773 2863 arguit
2803 2812 2817 2849 :
2847 2795 2916 2850 ita
2939 2797 3026 2866 qui
3054 2796 3122 2851 de
3152 2797 3242 2852 Dei
3269 2797 3519 2868 operibus
3548 2809 3767 2854 rectum

2164 2893 2268 2932 non
2294 2878 2486 2936 habent
2506 2883 2787 2954 judicium,
2820 2903 2886 2941 ne
2912 2889 3165 2942 miracula
3198 2889 3410 2959 quidem
3438 2892 3609 2946 sciunt
3633 2907 3769 2962 qua:

2163 2968 2298 3024 facta
2346 2985 2469 3027 sunt
2498 2977 2984 3046 :qnemadmodum
3016 2992 3222 3046 contra,
3250 2981 3292 3034 si
3322 2982 3442 3050 quis
3489 2983 3557 3035 sit
3598 2999 3771 3052 mquo

2163 3072 2216 3120 ct
2245 3080 2353 3119 non
2383 3065 2670 3138 depravato
2699 3071 2908 3133 animo,
2953 3073 3184 3140 stupebit
3212 3073 3628 3143 unumquodque
3657 3089 3764 3128 eo-

2163 3173 2304 3226 rum,
2328 3174 2447 3229 quae
2483 3161 2728 3217 videntur
2755 3177 2874 3218 esse
2905 3163 3158 3220 difficilia.
3187 3165 3323 3232 Quid
3353 3167 3513 3230 enim,
3548 3182 3766 3236 qnteso,

2164 3265 2348 3306 eorum
2370 3267 2488 3322 qum
2517 3255 2668 3322 fiunt,
2702 3271 2806 3312 non
2835 3266 2919 3312 est
2944 3258 3369 3314 admirabile?Si
3402 3261 3530 3316 velis
3552 3271 3767 3325 autem,

2165 3341 2283 3395 aliis
2310 3345 2686 3411 praetermissis
2708 3348 2982 3404 veniamus
3014 3349 3080 3404 ad
3109 3365 3191 3413 ea,
3220 3366 3339 3422 qua:
3367 3352 3610 3406 videntur
3637 3369 3770 3409 eSse

2165 3433 2346 3488 multis
2376 3434 2598 3492 molesta
2627 3447 2682 3493 et
2703 3440 2881 3509 gravia
2907 3483 2921 3506 ,
2948 3451 3196 3506 mortem,
3230 3445 3494 3510 morbum,
3525 3461 3766 3515 panper-

2167 3532 2328 3579 tatem
2353 3568 2368 3593 ,
2401 3537 2456 3582 et
2494 3543 2843 3601 quaecumque
2885 3543 3010 3588 sunt
3049 3534 3333 3603 ejusmodi.
3382 3536 3435 3592 Si
3466 3538 3582 3606 quis
3611 3539 3765 3592 enim

2167 3615 2326 3672 fuerit
2366 3631 2514 3674 recto
2537 3623 2719 3689 corde,
2750 3639 2810 3678 ea
2844 3641 2946 3679 non
2976 3626 3260 3682 difficulter
3284 3630 3537 3699 suscipiet
3560 3639 3614 3684 et
3654 3633 3769 3684 mi-

2167 3711 2390 3768 rabitur.
2417 3713 2527 3770 Etsi
2547 3716 2689 3771 enim
2719 3733 2863 3772 mors
2883 3735 2948 3774 ex
2977 3734 3196 3788 peccato
3217 3723 3452 3793 ingressa
3475 3733 3553 3778 est
3578 3724 3763 3795 (Rom.

2169 3801 2222 3855 5.
2253 3801 2364 3875 l2),
2400 3812 2544 3860 tanta
2572 3814 2748 3863 tamen
2779 3818 2832 3864 et
2861 3818 2968 3864 tam
3000 3811 3222 3882 insignis
3244 3813 3344 3868 fuit
3377 3815 3468 3870 Dei
3500 3816 3761 3883 potentia,

2167 3895 2447 3952 clementia
2493 3908 2548 3954 et
2597 3900 2950 3969 providentia,
2986 3911 3042 3957 nt
3069 3919 3188 3960 eam
3235 3906 3286 3960 in
3339 3907 3503 3962 nostri
3549 3910 3766 3978 generis

2166 3989 2447 4045 utilitatem
2479 3994 2822 4048 converterit.
2855 3995 2992 4063 Quid
3022 3997 3164 4051 enim
3194 4013 3356 4068 grave
3376 4042 3391 4068 ,
3423 3999 3527 4066 dic,
3551 4016 3759 4072 quaeso,

2167 4078 2328 4136 habet
2351 4084 2537 4138 mors?
2565 4085 2758 4141 Annon
2787 4087 2979 4142 liberat
3005 4103 3034 4142 a
3064 4089 3375 4144 laboribus?
3402 4107 3578 4147 annon
3604 4107 3634 4147 a
3663 4108 3764 4148 Cu-

2166 4173 2240 4227 ris
2269 4174 2464 4243 eripit?
2490 4176 2680 4231 Annon
2705 4178 2858 4232 audis
2883 4178 2984 4234 Job
3011 4195 3130 4234 eam
3159 4181 3483 4246 laudantem,
3511 4191 3566 4238 ct
3585 4183 3766 4240 dicen-

2167 4273 2272 4319 tem
2307 4280 2321 4318 :
2356 4265 2498 4320 Mors
2522 4267 2714 4322 homini
2734 4270 2947 4338 requies,
2964 4271 3112 4342 cujus
3134 4273 3215 4326 via
3249 4281 3321 4326 est
3363 4273 3655 4328 abscondita
3684 4276 3762 4345 (α)

2165 4355 2310 4430 (Job
2337 4359 2390 4416 5.
2417 4359 2554 4432 23)?
2608 4362 2798 4418 Annon
2826 4377 2889 4418 ea
2916 4363 3101 4418 vitium
3147 4365 3448 4421 rescindit?
3480 4367 3610 4422 Nam
3636 4378 3694 4423 et
3718 4369 3762 4422 si

2167 4451 2340 4506 malus
2367 4452 2486 4522 quis
2533 4451 2725 4518 fuerit,
2757 4469 2823 4509 eo
2860 4465 3072 4510 mortuo
3099 4457 3282 4512 vitium
3323 4467 3590 4514 resectum
3632 4470 3715 4512 est
3745 4475 3758 4512 :

2171 4541 2271 4609 Qui
2309 4543 2444 4598 enim
2472 4555 2701 4598 mortuus
2735 4555 2828 4613 est,
2851 4547 3164 4616 justi/Scalas
3187 4558 3258 4602 est
3283 4565 3315 4602 a
3346 4560 3548 4619 peccato
3577 4547 3758 4618 (Rom.

2167 4635 2221 4691 6.
2251 4637 2331 4706 7),
2367 4636 2467 4691 hoc
2505 4645 2622 4703 est,
2652 4647 2930 4707 peccatum
2970 4654 3078 4694 non
3116 4640 3345 4711 amplius
3384 4640 3606 4711 adjicit:
3637 4651 3694 4696 et
3719 4643 3762 4695 si

2166 4740 2286 4781 cum
2330 4727 2502 4782 bonus
2529 4727 2634 4792 sit,
2657 4729 2982 4796 excesserit,
3027 4731 3078 4784 in
3121 4738 3236 4785 tuto
3263 4731 3368 4786 erit
3413 4731 3463 4786 ei
3499 4731 3764 4786 collocata

2167 4817 2344 4873 omnis
2367 4817 2556 4884 virtus,
2586 4826 2640 4874 et
2668 4819 2720 4873 in
2752 4821 3017 4875 tutissimo
3043 4821 3296 4877 thesauro
3318 4821 3616 4877 recondita.
3650 4826 3765 4876 An-

2168 4922 2296 4971 non,
2328 4907 2435 4976 dic,
2463 4923 2678 4978 quaeso,
2701 4910 2852 4964 vivos
2877 4910 3233 4968 modestiores
3262 4912 3438 4968 reddit
3474 4923 3528 4966 et
3556 4923 3764 4980 tempe-

2167 4999 2437 5056 rantiores’
2451 5000 2477 5053 ?
2504 4999 2621 5055 Non
2662 4999 2812 5056 vides
2841 5017 2983 5073 ειερο
3012 5002 3203 5058 divites
3227 5003 3316 5074 qui
3343 5001 3590 5072 superbia
3619 5002 3766 5055 intu-

2169 5099 2431 5156 mescunt,
2461 5099 2516 5146 et
2534 5092 2816 5161 supercilia
2845 5092 3112 5158 attollunt,
3136 5107 3256 5147 cum
3289 5093 3338 5146 in
3371 5089 3556 5144 funere
3584 5091 3769 5146 vitleut

2167 5197 2366 5254 corpus
2391 5183 2574 5254 jacere
2608 5184 2855 5238 exanime
2895 5193 2950 5239 et
2981 5184 3257 5238 immotum
3281 5222 3299 5251 ,
3329 5183 3570 5251 filiosque
3600 5183 3652 5236 in
3681 5199 3765 5237 οι·-

2170 5275 2354 5343 bitate,
2384 5291 2602 5332 uxorem
2628 5276 2680 5330 in
2710 5276 2986 5342 viduitate,
3019 5287 3070 5332 et
3098 5277 3299 5331 amicos
3327 5275 3377 5330 in
3401 5290 3655 5340 maerore,
3687 5277 3762 5329 fa-

2172 5366 2452 5438 mulosque
2480 5368 2613 5423 atris
2637 5369 2874 5423 vestibus
2905 5369 3117 5422 indutos
3135 5410 3150 5434 ,
3183 5377 3236 5423 ct
3263 5382 3382 5423 esse
3407 5367 3640 5435 denique
3675 5369 3754 5420 tri

2173 5467 2310 5513 stem
2341 5474 2404 5514 ac
2425 5458 2700 5530 lugubrem
2729 5459 2889 5514 totius
2909 5459 3099 5514 domus
3119 5460 3353 5529 speciem
3378 5477 3392 5525 ;
3418 5458 3687 5529 quomodo
3710 5471 3770 5512 se

2241 5561 2312 5650 ια)
2327 5561 2477 5650 .“sce
2501 5562 2640 5650 et?
2662 5560 3185 5650 .E’f’.’ﬁ“.£“".€?lff‘f{€‘
3210 5565 3264 5614 οδ
3305 5569 3334 5624 ἡ
3367 5566 3758 5650 sive???“

2176 5622 2259 5672 th’
2285 5623 2432 5690 ετξτοῦ
2453 5627 2492 5690 ),
2527 5622 2629 5690 non
2661 5634 2805 5674 erant
2838 5627 2888 5675 in
2925 5622 3306 5690 Editione'txx,
3327 5622 3516 5690 'Sedab
3539 5622 3761 5690 Origene

2178 5698 2242 5734 ex
2290 5684 2639 5735 'l‘heodotione
2688 5699 2799 5735 cum
2843 5687 3083 5736 asterisco
3127 5688 3384 5746 subiuncta
3432 5684 3652 5743 fuerant:
3704 5699 3760 5738 ut

2177 5757 2653 5817 responderentrhis
2686 5756 2850 5805 verbis
2884 5757 3141 5808 Hebraicis
3177 5773 3189 5784 '
3223 5761 3402 5808 mne:
3438 5763 3569 5811 'lD'T'l’
3603 5763 3757 5809 arx.

2177 5816 2272 5867 sed
2289 5827 2459 5880 postea
2481 5816 2774 5884 quibusdam
2799 5820 3172 5884 exemplaribus
3193 5820 3418 5884 adjuncta
3445 5824 3601 5874 fuere.
3630 5821 3757 5874 Vide

2178 5879 2343 5930 notzun
2370 5879 2583 5930 nostram
2614 5879 2662 5930 in
2701 5881 2955 5944 llexaplis.
