4064 6418
280 347 388 403 279

284 465 497 533 ἀλόγων
539 461 638 516 ῖδοι
669 479 752 526 τις
804 461 887 517 ἀν.
927 461 991 514 Τί
1032 460 1139 531 γὰρ
1179 458 1367 528 ὃφελος
1408 457 1515 529 ὄνῳ
1552 455 1866 527 βαλλομένῳ

289 552 513 627 μεγέθει
532 549 786 620 φορτίων,
802 548 905 603 κᾶν
926 548 1181 619 μυριάκις
1204 546 1382 599 αὐτῶν
1399 544 1651 616 ἀπολαύῃ
1671 560 1686 609 ;
1734 542 1787 596 τί
1810 542 1868 596 δὲ

289 639 489 711 βλάϐος
528 638 699 707 ἑτέρῳ
717 636 920 688 τούτων
964 634 1369 705 ἀπηλλαγμένῳ
1401 634 1642 695 πάντων,
1674 630 1740 684 ἂν
1770 632 1869 701 τῆς

288 724 595 794 ἀναγκαίας
618 721 867 795 ἀπολαύῃ
887 722 1119 793 τροφῆς;
1140 720 1239 774 Διά
1262 720 1421 774 τοῦτο
1453 720 1548 773 καὶ
1584 722 1615 773 ό
1640 721 1873 789 Χριστὸς

290 814 531 885 ὑψηλοὺς
595 813 717 875 τοὺς
762 812 956 865 ἐαυτοῦ
998 810 1424 874 κατασκευάζων
1476 808 1741 879 μαθητάς,
1777 807 1873 861 ἆτε

298 901 594 973 μέλλοντας
621 901 693 970 τῇ·
723 898 1018 971 οἰκουμένῃ
1045 896 1384 961 διαλέξεσθαι
1430 896 1581 968 πάσῃ
1609 935 1625 959 ,
1680 893 1872 948 πασῶν

294 989 496 1050 αὐτοῦς
515 984 791 1056 ἀπήλλαξε
819 985 1133 1054 φροντίδων,
1160 983 1470 1055 πτερωτοὺς
1487 980 1872 1054 ἐργαζόμενος,

296 1076 394 1130 καὶ
422 1074 727 1145 ἀδάμαντος
758 1072 1166 1143 εὐτονωτέρους.
1192 1072 1357 1125 Οὐδὲν
1377 1070 1486 1141 γὰρ
1513 1067 1684 1133 οὕτως
1721 1068 1876 1139 ἰσχὺν

296 1162 542 1232 ἐντίθησι
592 1160 763 1232 ψυχῇ,
813 1160 891 1222 ὡς
941 1160 1003 1213 τὸ
1044 1159 1249 1214 τούτων
1294 1157 1672 1230 ἀπηλλάχθαι·
1723 1156 1876 1211 οὐδὲν

296 1251 477 1315 οῦτως
502 1249 702 1321 ἀσθενῆ
732 1250 895 1311 ποιεῖ,
926 1247 1002 1312 ώς
1015 1248 1076 1301 τὸ
1094 1247 1306 1311 τούτοις
1338 1247 1641 1318 ἐνέχεσθαι.
1663 1246 1878 1316 Ὠσπερ

302 1340 416 1409 γάρ
449 1339 549 1392 οὐκ
588 1338 703 1391 ἔστι
732 1336 909 1408 λύπην
956 1336 1135 1408 εὑρεῖν
1174 1336 1406 1390 ἐνταῦθα
1446 1335 1673 1407 ταχέως,
1708 1334 1880 1397 οὕτως

301 1429 422 1481 ἐκεῖ
453 1427 664 1499 ἡδονήν.
703 1426 763 1481 '0
798 1426 897 1496 μὲν
925 1425 1034 1498 γὰρ
1075 1425 1301 1488 πολλοὺς
1332 1425 1443 1496 ἔχει
1481 1425 1747 1488 δεσπότας
1786 1423 1881 1476 καὶ¹

301 1514 590 1578 δεσποίνας
619 1513 930 1585 ἀνημέρους
958 1512 1110 1577 τινάς
1147 1513 1242 1567 καὶ
1270 1511 1703 1585 ἀπανθρώπους·
1754 1513 1783 1565 6
1822 1511 1879 1564 δὲ

301 1600 546 1656 δουλεύει
580 1600 679 1672 μὲν
705 1600 904 1665 οὐδενὶ,
930 1601 1125 1671 κρατεῖ
1163 1598 1220 1652 δὲ
1270 1598 1546 1660 ἀπάντων,
1583 1596 1722 1663 μετά
1751 1598 1881 1652 πολ-

303 1690 409 1762 λῆς
436 1690 536 1761 τῆς
575 1689 777 1757 ἀδείας,
818 1688 913 1742 καὶ
944 1689 1046 1760 τῆς
1085 1689 1302 1752 ἀκτῖνος
1329 1687 1637 1753 ἀπολαύων,
1676 1688 1770 1741 καί¹
1804 1685 1882 1758 τῷ

305 1778 435 1850 ἀέρι
474 1776 772 1849 ἐντρυφῶν,
804 1776 898 1830 καὶ
948 1776 1039 1830 τὸν
1068 1775 1450 1847 διενοχλοῦντα
1481 1775 1583 1829 οὐκ
1610 1774 1769 1844 έχων.
1805 1774 1880 1828 Οὐ

306 1865 481 1936 θυμὸς
511 1865 815 1937 σπαράσσει
841 1862 1049 1926 τοῦτον,
1090 1864 1151 1917 οὐ
1176 1863 1391 1934 φθόνος,
1415 1864 1476 1917 οὐ
1511 1862 1802 1934 βασκανία,
1820 1863 1881 1916 οὐ

308 1951 592 2023 φροντίδες
619 1952 899 2023 τήκοωιν,
933 1952 993 2005 οὐ
1016 1950 1363 2022 ζηλοτυπίαι,
1400 1951 1461 2005 οὐ
1499 1951 1792 2017 κενοδοξία,
1820 1950 1882 2003 οὐ

307 2038 499 2108 τῦφος,
525 2040 624 2093 οὐκ
650 2038 778 2093 ἄλλο
815 2038 925 2092 τῶν
947 2037 1206 2093 τοιούτων
1233 2038 1387 2093 οὐδέν
1411 2058 1425 2071 ·
1453 2039 1567 2094 ἀλλ’
1592 2039 1780 2111 ὥσπερ
1801 2056 1885 2103 τις

307 2127 478 2197 λιμὴν
534 2125 796 2189 εὐδιεινὸς
827 2143 850 2165 ι·
880 2126 1142 2197 κυμάτων
1199 2125 1616 2197 ἀπηλλαγμένος
1638 2166 1653 2191 ,
1712 2126 1885 2190 οὕτως

310 2213 465 2284 αὐτῷ
488 2214 557 2267 τά
581 2215 679 2284 τῆς
706 2212 884 2284 ψυχῆς
912 2213 1201 2276 διάκειται,
1251 2214 1345 2266 καὶ
1375 2214 1512 2284 πρὸς
1536 2213 1629 2268 τὸν
1657 2213 1885 2285 οὐρανὸν

308 2300 550 2364 εὐκόλως
589 2299 782 2363 ὁδεύει,
830 2300 1004 2353 οὐδενὶ
1044 2299 1154 2354 τῶν
1195 2299 1476 2371 παρόντων
1505 2300 1881 2372 κατεχόμενος.

314 2389 414 2442 Ἰν’
444 2384 536 2442 οῦν
568 2389 660 2441 καί⁵
692 2388 851 2459 ἡμεῖς
887 2388 1091 2457 ταύτης
1136 2388 1500 2460 ἀπολαύωμεν
1546 2390 1646 2461 τῆς
1680 2390 1883 2454 ἀδείας,

311 2480 409 2531 καὶ
452 2478 550 2547 τῆς
587 2476 728 2532 κατὰ
773 2478 864 2531 τὸν
896 2478 1139 2548 παρόντα
1179 2478 1293 2549 βίον
1330 2478 1616 2551 εὐθυμίας,
1651 2480 1747 2533 καὶ
1788 2481 1888 2547 τῆς

314 2564 566 2628 εὐκολίας
586 2566 685 2634 τῆς
718 2565 858 2620 κατά
883 2565 981 2638 τὴν
1008 2567 1339 2639 ἀποδημίαν,
1370 2566 1559 2623 τοῦτον
1606 2566 1889 2638 διώκωμεν

310 2653 408 2706 τὸν
450 2651 584 2721 βίον,
629 2651 767 2705 ὥστε
803 2654 897 2705 καὶ
940 2652 1049 2706 τῶν
1101 2654 1337 2709 αἰωνίων
1379 2654 1599 2724 ἀγαθῶν
1646 2652 1889 2709 ἀπολαῦ-

314 2757 431 2798 σαι.
474 2738 582 2791 τῶν
623 2738 1072 2811 ὑπερϐαλλόντων
1107 2740 1323 2795 ἅπαντα
1365 2741 1521 2811 λόγον
1544 2784 1559 2808 ,
1612 2742 1706 2796 καὶ
1745 2740 1891 2806 νοῦν,

314 2826 410 2879 καὶ
451 2825 710 2890 διάνοιαν,
745 2830 802 2881 ἐν
833 2828 1055 2899 Χριστῷ
1100 2829 1272 2901 Ἰησοῦ
1305 2829 1384 2901 τῷ
1423 2831 1613 2903 Κυρίῳ
1639 2831 1817 2901 ἡμῶν,
1848 2824 1894 2900 ᾧ

313 2915 350 2977 ἡ
388 2912 518 2979 δόξα
541 2913 636 2966 καὶ
664 2914 723 2968 τὸ
748 2913 970 2986 κράτος,
1001 2917 1081 2980 εἰς
1124 2917 1249 2980 τοὺς
1287 2917 1490 2983 αἰῶνας
1521 2918 1630 2972 τῶν
1658 2917 1892 2974 αίώνων.

324 2998 525 3070 Ἀμήν.
1774 3020 1779 3025 ‘

674 3087 826 3163 [εδδ]
849 3091 956 3144 ΕιΣ
983 3092 1121 3146 TON
1156 3092 1237 3147 Pl'
1268 3095 1590 3150 ΨΑΛΜΟΝ.

329 3178 878 3249 Ἐξομολογήσομαί
915 3198 1035 3245 σοι,
1054 3185 1252 3251 Κύριε,
1275 3184 1345 3238 ἐν
1373 3184 1486 3254 ὅλῃ
1516 3184 1730 3253 καρδίᾳ
1752 3202 1893 3255 μου.

397 3266 539 3320 of.“
556 3269 720 3332 ἐστιν,
738 3269 834 3319 Ἐν
853 3268 968 3339 ὅλῃ
988 3286 1007 3333 ,'
1030 3272 1186 3326 Μετὰ
1201 3272 1507 3344 προθυμίας
1519 3274 1757 3345 ἀπάσης,
1776 3288 1901 3328 συν-

326 3353 654 3423 τεταμένως,
688 3356 1023 3426 ἀπαλλαγεὶς
1044 3359 1152 3413 τῶν
1185 3359 1453 3430 βιωτικῶν
1470 3360 1788 3433 φροντίδων,
1804 3362 1900 3417 καί⁵

326 3441 621 3511 μετάρσιος
648 3443 962 3513 γενόμενος,
1009 3447 1105 3499 καὶ
1144 3448 1244 3518 τὴν
1276 3447 1455 3520 ψυχὴν
1482 3448 1759 3512 ἀπολύσας
1792 3449 1901 3504 τῶν

318 3527 542 3598 δεσμῶν
584 3528 679 3582 τοῦ
725 3529 993 3600 σώματος.
1042 3532 1146 3586 Ἔν
1193 3534 1426 3602 καρδίᾳ.
1467 3535 1579 3606 Οὐχ
1617 3535 1804 3599 ἁπλῶς
1844 3538 1902 3590 ἐν

324 3617 561 3687 ῥήμασι,
611 3616 730 3670 οὐδέ
764 3619 821 3670 ἐν
850 3618 1063 3690 γλώττῃ
1097 3620 1193 3674 καὶ
1241 3622 1470 3692 στόματι
1524 3623 1714 3693 μόνον,
1767 3623 1904 3678 ἀλλά

323 3704 425 3757 καὶ
453 3721 522 3774 με
533 3703 593 3757 τὰ
619 3705 719 3775 τῆς
739 3706 993 3771 διανοίας.
1019 3706 1176 3761 υῦτω
1211 3711 1304 3764 καὶ
1331 3710 1571 3782 Μωῦσῆς
1597 3711 1903 3782 νομοθετῶν

323 3790 517 3858 ἔλεγεν
536 3806 551 3821 ³
577 3791 939 3862 Ἀγαπήσεις
971 3796 1189 3863 Κύριον
1202 3795 1310 3850 τὸν
1333 3798 1481 3851 Θεόν
1507 3814 1624 3852 σου
1654 3798 1726 3863 ἐξ
1753 3798 1906 3867 ὅλης

324 3876 440 3944 τῆς
475 3880 725 3947 καρδίας
756 3897 895 3947 σου,
927 3884 1027 3938 καὶ
1061 3885 1131 3950 ἐξ
1152 3885 1302 3954 ὅλης
1326 3885 1434 3955 τῆς
1458 3887 1730 3955 διανοίας
1762 3903 1903 3943 σου.

339 3966 609 4021 Ἐνταῦθα
629 3970 736 4041 γάρ
761 3988 851 4040 μοι
878 3972 978 4042 τὴν
1002 3972 1389 4045 ἐξομολόγησιν
1423 3974 1523 4045 τὴν
1551 3975 1906 4047 εὐχαριστίαν

324 4055 478 4108 δοκεί
491 4054 686 4122 λέγειν.
724 4056 999 4128 ’Υμνήσω,
1028 4060 1211 4129 φησὶν,
1237 4062 1633 4134 εὐχαριστήσω.
1665 4065 1774 4116 Καὶ
1799 4063 1907 4136 γὰρ

324 4140 550 4195 ἅπαντα
585 4144 676 4197 τὸν
720 4143 832 4214 βίον
875 4147 956 4209 είς
995 4146 1155 4200 τοῦτο
1180 4148 1491 4219 ἀνήλισκεν,
1533 4150 1627 4204 καὶ
1657 4151 1907 4206 ἐντεῦθεν

325 4230 767 4299 προοιμιάζεται,
798 4234 892 4286 καὶ
923 4233 1003 4296 εἰς
1028 4234 1183 4287 τοῦτο
1200 4235 1499 4306 καταλήγει
1522 4254 1535 4269 ·
1556 4238 1821 4292 καὶτοῦτο
1838 4233 1906 4310 ἦν

329 4316 494 4385 ἔργον
529 4317 689 4370 αὐτοῦ
715 4318 1025 4382 διαπαντὸς,
1059 4320 1120 4373 τὸ
1153 4322 1245 4374 καὶ
1290 4322 1430 4394 ὑπὲρ
1473 4323 1584 4378 τῶν
1615 4327 1695 4389 είς
1743 4326 1906 4380 αὐτὸν

327 4402 658 4473 γενομένων,
685 4406 781 4458 καὶ
810 4406 949 4478 ὑπὲρ
979 4407 1089 4461 τῶν
1121 4411 1203 4472 εἰς
1229 4408 1421 4474 ἀλλους
1446 4412 1776 4483 εὐεργεσιῶν
1807 4413 1906 4486 τὴν

329 4492 683 4563 εὐχαριστίαν
713 4494 1032 4565 ἀναφέρειν.
1065 4498 1231 4550 Οὐδὲν
1261 4497 1371 4569 γάρ
1422 4500 1595 4564 οὕτως
1617 4503 1646 4554 6
1673 4502 1805 4567 Θεὸς
1830 4503 1907 4568 ὡς

326 4577 492 4632 τοῦτο
513 4580 789 4652 ἐπιζητεῖ·
814 4583 974 4639 τοῦτο
1008 4584 1190 4651 θυσία,
1226 4586 1385 4640 τοῦτο
1415 4590 1720 4661 προσφορὰ,
1747 4591 1908 4646 τοῦτο

324 4664 512 4736 ψυχῆς
558 4668 897 4740 εὐγνώμονος
926 4675 1170 4743 σημεῖον,
1210 4672 1371 4727 τοῦτο
1400 4675 1586 4747 πληγὴ
1635 4680 1775 4731 κατὰ
1812 4678 1905 4733 τοῦ

324 4754 578 4809 διαϐόλου
598 4773 611 4785 ·
648 4757 896 4812 ἐντεῦθεν
924 4759 953 4811 6
977 4761 1244 4832 μακάριος
1284 4761 1403 4815 Ἰὼϐ
1433 4764 1792 4833 ἐστεφανοῦτο
1814 4768 1909 4820 καὶ

328 4843 751 4912 ἀνεκηρύττετο,
790 4844 870 4898 ὃτι
901 4845 1109 4917 μυρίων
1138 4849 1461 4920 πειρασμῶν
1510 4851 1909 4926 ἐπενεχθέντων

327 4929 502 4999 αὐτῷ,
536 4931 627 4984 καὶ
670 4932 767 5002 τῆς
806 4934 1058 5000 γυναικὸς
1088 4935 1590 5013 ὐποσκελιξούσης,
1630 4941 1691 4993 οὐ
1751 4957 1909 5011 περι-

326 5017 569 5086 ετράπη,
597 5017 713 5071 ἀλλ’
743 5018 931 5089 ἔμενεν
982 5023 1318 5095 εὐχαριστῶν
1364 5029 1443 5096 τῷ
1490 5028 1734 5101 Δεσπότῃ
1782 5030 1910 5101 περὶ

326 5103 573 5190 πάντων,
607 5105 705 5174 οὐχ
731 5106 892 5175 ἡνίκα
918 5109 1188 5173 ἐπλούτει,
1237 5111 1372 5165 ἀλλά
1403 5115 1497 5167 καὶ
1546 5115 1709 5185 ἡνίκα
1741 5117 1911 5190 πένης

327 5189 578 5278 ἐγένετο·
607 5192 706 5261 οὐχ
732 5192 892 5263 ἡνίκα
927 5195 1187 5263 ὑγίαινεν,
1222 5198 1358 5258 ἀλλά
1388 5203 1481 5255 καὶ
1512 5203 1672 5274 ἡνίκα
1694 5189 1908 5278 ἐπλήγη

462 5279 641 5351 σάρκα
663 5298 675 5310 ·
713 5282 810 5352 οὐχ
848 5283 935 5337 ὅτε
978 5286 1119 5339 κατὰ
1156 5287 1282 5356 ῥοῦν
1322 5289 1470 5361 αὐτῷ
1498 5292 1568 5345 τά
1611 5277 1911 5366 πράγματα

324 5365 575 5436 ἐφέρετο,
606 5366 743 5422 ἀλλά
777 5371 870 5424 καὶ
896 5372 984 5426 ὅτε
1014 5373 1249 5443 χαλεπὸς
1268 5377 1472 5442 ἐκεῖνος
1494 5382 1521 5434 6
1543 5382 1750 5451 χειμὼν
1770 5365 1911 5436 κατ-

324 5453 572 5524 έσκηψεν
612 5458 691 5521 εἰς
737 5459 915 5512 πᾶσαν
941 5462 1106 5517 αὐτοῦ
1146 5465 1249 5535 τὴν
1277 5466 1472 5535 οἰκίαν,
1500 5472 1594 5524 καὶ
1630 5474 1709 5536 εἰς
1742 5472 1912 5544 αὐτὴν

322 5541 424 5594 τοῦ
462 5540 714 5614 σώματος
749 5543 847 5614 τὴν
873 5546 1053 5615 φύσιν.
1106 5552 1276 5606 Τοῦτο
1308 5553 1414 5625 γὰρ
1463 5558 1696 5627 μάλιστα
1751 5540 1912 5632 εὐχα-

387 5722 415 5751 ⁶
446 5720 528 5770 Sic
547 5734 662 5771 mss.
692 5727 850 5769 recte.
876 5721 1003 5772 Edil.
1032 5724 1204 5776 Morel.
1231 5728 1429 5787 εὐδεινὸς
1446 5744 1715 5794 perperam

1418 335 1779 396 EXPOSITIO
1818 335 1885 391 IN
1927 335 2262 396 PSALMUM
2299 343 2411 398 CX.

3430 342 3541 399 €80

1974 455 2156 526 ρίστου
2185 459 2407 531 γνώμης
2434 462 2490 513 ἐν
2515 461 2632 523 ταῖς
2672 460 2881 532 θλίψεσι
2909 461 3000 515 καὶ
3037 464 3153 524 ταῖς
3186 460 3545 533 δυσημερίαις

1971 544 2170 618 πολλὴν
2208 547 2407 602 εἰδέναι
2452 547 2531 617 τῷ
2581 547 2699 620 Θεῷ
2743 548 2841 620 τὴν
2887 550 3080 620 χάριν,
3130 551 3224 603 καὶ
3257 550 3548 613 διαπαντὸς

1975 633 2157 704 μένειν
2190 634 2617 706 εὐχαριστοῦντα
2641 653 2655 666 ο
2690 638 2827 708 ὅπερ
2855 632 2948 692 οῦν
2982 639 3076 693 καὶ
3107 639 3268 703 αὐτὸς
3312 639 3548 693 αἰνιττόω

1976 737 2137 793 μενος
2159 721 2246 776 διὰ
2279 722 2387 776 τῶν
2435 722 2563 793 ἐξῆς
2615 723 2901 796 ἐδήλωσεν.
2948 725 3168 797 Ἐπειδὴ
3208 725 3319 798 γάρ
3366 725 3553 780 πολλοὶ⁵

1972 808 2082 863 τῶν
2126 808 2427 881 ἀνθρώπων
2470 810 2529 864 ἐν
2566 810 2801 882 εὐθυμίᾳ
2836 810 2932 881 μὲν
2958 811 3107 876 ὄντες
3144 814 3551 885 εὐχαριστοῦσι,

1972 896 2043 951 τά
2082 896 2299 951 ἐναντία
2326 896 2383 950 δὲ
2416 897 2714 968 πάσχοντες
2746 896 3188 968 δυσχεραίνουσιν
3209 915 3223 929 ·
3265 899 3372 953 εἰσὶ
3402 899 3459 953 δὲ
3502 900 3553 954 οἶ

1975 983 2068 1037 καὶ
2095 983 2203 1038 τῶν
2239 983 2543 1054 γινομένων
2577 983 3072 1055 ἐπιλαμϐάνονται·
3104 984 3320 1050 δεικνὺς
3360 987 3442 1041 ὅτι
3491 988 3552 1040 οὐ

1976 1070 2133 1144 παρὰ
2158 1070 2256 1144 τὴν
2284 1070 2447 1141 φύσιν
2471 1071 2582 1125 τῶν
2614 1071 3042 1143 συμϐαινόντων,
3082 1072 3219 1127 ἀλλά
3264 1074 3416 1146 παρά
3456 1074 3555 1146 τὴν

1976 1158 2418 1230 διεστραμμένην
2474 1157 2700 1230 γνώμην
2745 1157 2907 1212 τοῦτο
2962 1157 3215 1227 γίνεται,
3305 1161 3558 1232 ἐπήγαγε

1978 1245 2182 1314 λέγων·
2223 1247 2319 1300 Ἐν
2344 1244 2551 1315 ,ϐουλῇ
2583 1245 2807 1301 εὐθέων
2845 1245 2944 1300 καί
2975 1246 3299 1317 συναγωγῇ
3322 1246 3560 1317 μεγάλη

1979 1333 2052 1388 τὰ
2074 1334 2219 1403 ἔργα
2259 1335 2506 1403 Κιιρίου.
2555 1334 2726 1387 Τοῦτο
2756 1330 2877 1387 εἶπε
2905 1334 3139 1399 δεικνὺς,
3178 1335 3257 1389 ὃτι
3301 1335 3558 1390 δικαστοῦ

1979 1422 2135 1493 χρεία
2194 1422 2490 1476 ἀδεκάστου
2546 1422 2640 1476 καὶ
2684 1422 2940 1491 συλλόγου
2992 1422 3067 1493 μὴ
3117 1422 3516 1496 διεφθαρμένου
3540 1462 3557 1489 ,

1950 1556 1953 1557 ν
1982 1509 2076 1563 καὶ
2123 1507 2256 1579 δῆλα
2301 1508 2453 1563 ἔσται
2494 1510 2564 1564 τὰ
2594 1508 2733 1578 ἔργα
2758 1510 2855 1563 τοῦ
2900 1509 3056 1575 Θεοῦ,
3090 1511 3172 1565 ὅτι
3208 1511 3442 1583 μέγαλα,
3475 1510 3561 1565 ὅτι

1985 1597 2180 1653 πολλοῦ
2212 1597 2486 1669 θαύματος
2504 1598 2807 1670 ἀνάμεστα.
2836 1600 2992 1653 Ἐστι
3029 1598 3128 1670 μὲν
3156 1600 3266 1671 γὰρ
3293 1600 3388 1654 καὶ
3436 1598 3558 1655 καθ’

1984 1688 2154 1741 ἐαυτά
2175 1687 2403 1757 μεγάλα,
2434 1687 2495 1741 οὐ
2519 1687 2789 1742 δείκνυται
2806 1688 2863 1742 δὲ
2895 1688 3126 1759 μεγάλα,
3146 1688 3242 1742 ἐὰν
3266 1688 3339 1760 μὴ
3367 1689 3561 1761 κριτὴν

1983 1775 2142 1846 ὀρθὸν
2174 1775 2293 1847 ἔχῃ.
2343 1775 2496 1829 Ἐπεὶ
2536 1774 2629 1829 καὶ¹
2674 1778 2703 1828 6
2747 1776 2899 1846 ἦλιος
2943 1774 3066 1829 καθ’
3104 1776 3295 1830 ἐαυτὸν
3339 1776 3551 1848 φαιδρὸς

1985 1858 2078 1913 καὶ
2110 1857 2354 1929 διαυγὴς,
2391 1857 2483 1911 καί⁵
2514 1856 2611 1929 τὴν
2639 1858 2966 1929 οίκουμένην
3016 1858 3309 1931 διαλάμπει
3342 1862 3523 1913 πᾶσαν
3546 1877 3557 1891 ·

1985 1942 2120 1998 ἀλλά
2178 1944 2291 2005 τοῖς
2324 1940 2462 1994 κατὰ
2495 1941 2648 2011 ὄψεις
2697 1941 2942 1996 νοσοῦσιν
2989 1943 3090 1995 οὐκ
3150 1943 3265 1997 ἐστι
3301 1942 3557 2008 τοιοῦτος.

1998 2027 2138 2083 Ἀλλ’
2191 2025 2252 2080 οὐ
2285 2023 2377 2078 τοῦ
2405 2024 2555 2095 ἡλίου
2586 2025 2646 2079 τὸ
2676 2025 2924 2096 ἔγκλημα
2945 2065 2959 2089 ,
3010 2026 3145 2080 ἀλλά
3188 2028 3283 2097 τῆς
3336 2026 3557 2081 ἐκείνων

1986 2112 2266 2176 ἀσθενείας
2320 2110 2379 2165 τὸ
2428 2108 2734 2181 ἐλάττωμα.
2781 2109 2950 2165 Ὅταν
3016 2110 3195 2165 τοίνυν
3254 2111 3370 2182 ῖδῃς
3442 2111 3558 2165 τινὰ

1986 2193 2399 2266 κατηγοροῦντα
2424 2193 2531 2247 τῶν
2566 2191 2741 2263 ἔργων
2766 2191 2923 2256 Θεοῦ,
2951 2194 3023 2264 μὴ
3048 2195 3116 2248 τὰ
3140 2194 3275 2265 ἔργα
3308 2192 3564 2247 διάϐαλλε

1986 2279 2075 2334 διὰ
2108 2279 2208 2349 τὴν
2256 2275 2467 2330 ἐκείνου
2502 2276 2703 2329 κακίαν
2727 2315 2742 2340 ,
2794 2275 2929 2329 ἀλλά
2966 2276 3067 2346 τῆς
3117 2277 3326 2329 ἐκείνου
3378 2275 3565 2341 ἀνοίας

1987 2363 2230 2434 λάμϐανε
2269 2361 2524 2432 μέγιστον
2569 2361 2767 2431 δεῖγμα
2818 2361 2925 2414 ἀπὸ
2955 2362 3054 2432 τῆς
3095 2361 3190 2415 τοῦ
3241 2360 3377 2414 Θεοῦ
3426 2378 3555 2432 προ·

1987 2448 2156 2511 νοίας.
2194 2447 2403 2516 ’Ὠσπερ
2435 2443 2545 2516 γὰρ
2579 2446 2607 2498 6
2643 2445 2737 2499 τὸν
2762 2444 2917 2515 ἥλιον
2947 2444 3120 2515 λέγων
3161 2446 3454 2512 σκοτεινὸν,
3501 2443 3556 2500 o'i

1988 2530 2052 2585 τὸ
2079 2529 2281 2601 ἄστρον
2306 2527 2569 2593 διέϐαλεν,
2614 2525 2752 2581 ἀλλά
2791 2530 2890 2598 τῆς
2921 2526 3085 2582 αὐτοῦ
3117 2527 3421 2600 πηρώσεως
3474 2527 3566 2595 ἐξ·

1991 2618 2220 2687 ήνεγκεν
2247 2611 2467 2683 ἔλεγχον
2494 2610 2696 2683 ἀκριϐῆ
2713 2627 2726 2640 ·
2747 2612 2883 2665 καὶό
2900 2611 2960 2665 τδ
2991 2612 3112 2684 μέλι
3128 2612 3342 2684 πικρὸν
3367 2612 3561 2684 ὀνομάσ

1992 2699 2119 2763 ζων,
2137 2696 2197 2750 οὐ
2213 2696 2313 2768 τὴν
2328 2693 2640 2765 γλυκύτητα
2663 2694 2762 2765 τὴν
2790 2694 3000 2749 ἐκείνου
3023 2695 3374 2751 συνεσκίασεν
3389 2693 3566 2767 [2661.

1992 2780 2128 2836 ἀλλά
2153 2781 2251 2852 τῆς
2280 2780 2436 2834 νόσου
2460 2781 2559 2851 τῆς
2589 2777 2784 2833 ἐαυτοῦ
2820 2780 3159 2851 κατηγορίας
3203 2780 3570 2847 συνεστήσατο

1992 2864 2092 2936 τὴν
2112 2864 2291 2937 ψῆφον
2311 2881 2326 2895 ⁸
2360 2862 2502 2916 οῦτω
2529 2862 2593 2932 δὴ
2621 2862 2719 2916 καλ⁸
2745 2863 2773 2915 6
2796 2861 2906 2916 τῶν
2930 2862 3108 2933 ἔργων
3144 2861 3238 2916 τοῦ
3279 2862 3414 2916 Θεοῦ
3442 2863 3569 2916 ἐπι-

1994 2948 2421 3020 λαμϐανόμενος.
2444 2946 2556 3003 Καὶ
2582 2945 2769 3016 ὥσπερ
2788 2937 2941 3009 οὗτος
2972 2946 3155 3000 ἐκεῖνα
3179 2947 3277 3015 μὲν
3296 2946 3359 2999 οὐ
3384 2945 3573 3017 λυμαί-

1995 3048 2165 3097 νεται,
2194 3030 2315 3085 οὐδὲ
2338 3030 2438 3102 τὴν
2473 3030 2600 3100 περὶ
2628 3029 2806 3083 αὐτῶν
2839 3029 3128 3100 ὑπόληψιν,
3159 3030 3263 3101 τῆς
3302 3031 3359 3085 δὲ
3387 3030 3574 3093 ἀνοίας

1992 3118 2094 3187 τῆς
2111 3113 2301 3169 ἐαυτοῦ
2329 3114 2593 3186 μεγίστην
2617 3113 2839 3186 ἐκφέρει
2854 3114 3189 3185 κατηγορίαν
3205 3131 3218 3144 ·
3237 3112 3381 3169 οῦτω
3399 3113 3463 3187 δὴ
3482 3112 3576 3168 και

1999 3198 2128 3271 περὶ
2149 3198 2258 3251 τῶν
2287 3197 2463 3269 ἔργων
2478 3194 2578 3250 τοῦ
2604 3195 2739 3249 Θεοῦ
2761 3199 2808 3250 οἰ
2844 3196 2918 3267 μὴ
2939 3197 3120 3266 κρίσιν
3139 3196 3304 3269 ὀρθὴν
3335 3197 3573 3269 ἔχοντες,

1998 3284 2100 3337 οὐκ
2126 3282 2303 3335 ἴσασιν
2328 3279 2448 3335 οὐδὲ
2476 3280 2545 3334 τά
2574 3278 2830 3352 θαύματα
2856 3281 2923 3333 τά
2953 3282 3220 3351 γενόμενα
3240 3299 3253 3314 ·
3279 3281 3355 3347 ὡς
3396 3283 3451 3336 εί
3491 3300 3577 3347 τις

2001 3364 2296 3419 ἀδέκαστον
2347 3363 2457 3435 ἔχοι
2498 3363 2679 3434 ψυχὴν
2707 3364 2809 3445 καί
2832 3362 2907 3435 μὴ
2950 3363 3414 3445 διεστραμμένηη
3448 3364 3579 3420 ἐκα-

2006 3465 2128 3503 στον
2172 3446 2267 3501 καὶ
2296 3447 2406 3501 τῶν
2433 3445 2732 3501 δοκούντων
2765 3444 2904 3500 εἶναι
2946 3444 3223 3518 δυσχερῶν
3236 3447 3581 3519 ἐκπλαγήσε-

2002 3548 2115 3588 ται.
2138 3531 2203 3585 Τί
2228 3531 2337 3604 γὰρ
2358 3530 2419 3584 οὐ
2449 3528 2784 3601 θαυμαστὸν,
2810 3530 2931 3583 ειπέ
2961 3547 3073 3600 μοι,
3100 3531 3208 3584 τῶν
3233 3531 3538 3601 γινομένων
3562 3547 3577 3596 ;

2006 3614 2115 3667 Καὶ
2135 3615 2185 3667 εἰ
2224 3612 2423 3684 βούλει,
2453 3612 2904 3684 παραδραμόντες
2930 3613 3000 3667 τά
3036 3611 3171 3666 ἄλλα
3208 3614 3385 3667 πάντα
3414 3613 3585 3668 ἔλθω-

2007 3713 2106 3770 μεν
2136 3698 2230 3750 ἐπὶ
2249 3697 2320 3749 τά
2356 3695 2618 3750 δοκοῦντα
2645 3691 2784 3749 εἶναι
2812 3698 2927 3759 τοῖς
2970 3694 3185 3759 πολλοῖς
3230 3695 3443 3767 ἐπαχθῆ
3486 3700 3582 3752 καὶ

2004 3779 2257 3851 φορτικά,
2277 3779 2367 3832 τὸν
2394 3778 2642 3841 θάνατον,
2670 3778 2768 3849 τὴν
2799 3778 2980 3841 νόσον,
3008 3778 3106 3849 τὴν
3131 3779 3341 3841 πενίαν,
3364 3779 3458 3833 καὶ
3480 3780 3585 3834 ὅσα

2003 3862 2247 3917 τοιαῦτα.
2276 3862 2462 3933 Εἰγάρ
2487 3878 2571 3924 τις
2602 3860 2815 3914 εὐθεῖαν
2842 3859 2999 3930 ἔχοιδ
3029 3861 3276 3933 καρδίαν,
3293 3863 3390 3916 καὶ
3407 3861 3585 3918 ταῦτα

2008 3952 2216 4023 σφόδρα
2255 3951 2574 4015 ἀποδέξεται
2614 3950 2710 4003 καὶ
2752 3948 3115 4021 θαυμάσεται.
3154 3951 3216 4005 Εἰ
3253 3952 3363 4024 γὰρ
3401 3952 3495 4005 καὶ
3525 3952 3584 4019 ἐξ

2005 4034 2283 4107 ἁμαρτίας
2315 4032 2562 4104 εἰσῆλθεν
2590 4033 2619 4087 6
2641 4031 2889 4097 θάνατος,
2921 4032 3035 4086 ἀλλ’
3063 4033 3214 4104 ὅμως
3235 4033 3472 4105 τοσαύτη
3488 4035 3583 4087 τοῦ

2006 4116 2140 4170 Θεοῦ
2170 4118 2204 4187 ἡ
2227 4114 2533 4185 περιουσία,
2562 4116 2659 4169 καὶ
2684 4117 2717 4186 ἡ
2748 4114 3150 4187 φιλανθρωπία,
3181 4117 3275 4171 καὶ
3301 4117 3401 4189 τῆς
3427 4117 3586 4189 κηδε-

2011 4201 2199 4273 μονίας
2230 4202 2263 4271 ἡ
2295 4198 2587 4271 ὑπερϐολὴ,
2616 4198 2692 4263 ώς
2725 4198 2820 4252 καὶ
2833 4199 3008 4271 τούτῳ
3026 4202 3104 4263 εἰς
3127 4200 3247 4254 δέον
3276 4202 3587 4272 χρήσασθαι

2007 4282 2088 4354 τῷ
2115 4282 2262 4352 γένει
2279 4280 2358 4352 τῷ
2388 4281 2662 4353 ἡμετέρῳ.
2693 4282 2737 4334 Τ
2744 4281 2759 4334 ί
2786 4281 2914 4353 γὰρ,
2954 4282 3074 4335 εἰπέ
3103 4299 3213 4353 μοι,
3247 4283 3385 4355 βαρὺ
3421 4286 3450 4337 6
3485 4282 3586 4336 θά-

2008 4383 2168 4430 νατος
2204 4365 2346 4437 ἔχεις
2385 4366 2501 4442 ρύκ
2529 4365 2818 4436 ἀπαλλαγὴ
2863 4366 3043 4419 πόνων
3087 4366 3267 4432 ἐστίν;
3318 4367 3379 4419 οὐ
3432 4366 3587 4432 λύσις

2011 4449 2307 4521 φροντίδων
2329 4465 2346 4514 ;
2378 4449 2493 4502 Οὐκ
2512 4447 2731 4511 ἀκούεις
2756 4448 2851 4501 τοῦ
2880 4447 3000 4501 Ἰὼϐ
3023 4447 3186 4502 αὐτὸν
3213 4448 3590 4520 ἐγκωμιάζον-

2008 4554 2122 4600 τος,
2149 4535 2245 4589 καὶ
2280 4535 2563 4604 λέγοντος’
2602 4533 2867 4600 Θάνατος
2892 4534 3064 4603 ἀνδρί
3100 4534 3463 4603 ἀνάπαυσις,
3511 4531 3587 4593 οὗ

2008 4619 2047 4690 ἡ
2075 4619 2216 4685 ὁδὸς
2243 4618 2577 4687 ἀπεκρύ6η;
2626 4618 2739 4672 Οὐκ
2766 4617 2974 4689 ἐκκοπὴ
3001 4618 3228 4685 κακίας;
3257 4620 3357 4674 Ἂν
3389 4637 3450 4674 τε
3479 4622 3589 4694 γὰρ

2010 4698 2309 4774 πονηρὸς
2338 4718 2444 4765 τις,
2471 4700 2698 4771 διεκόπη
2722 4700 2795 4758 τά
2816 4702 2917 4772 τῆς
2952 4701 3150 4766 κακίας
3188 4703 3353 4757 αὐτοῦ
3402 4704 3591 4760 τελευ-

2008 4788 2301 4858 τήσαντος·
2343 4784 2397 4836 '0
2431 4783 2541 4853 γὰρ
2577 4783 2896 4838 ἀποθανὼν
2922 4785 3294 4841 δεδικαίωται
3328 4788 3449 4842 ἀπὸ
3480 4786 3591 4857 τῆς

2011 4869 2319 4938 ἁμαρτίας,
2349 4867 2643 4930 τουτέστιν,
2676 4867 2859 4921 οὐκέτι
2901 4868 3251 4940 προστίθησιν
3282 4870 3586 4943 ἁμαρτίανο

2012 4952 2077 5006 ἄν
2101 4969 2160 5004 τε
2181 4950 2383 5019 ἀγαθὸς
2424 4948 2500 5003 ὢν
2528 4949 2757 5023 ἀπέλθῃ,
2785 4952 2843 5005 ὲν
2870 4953 3105 5021 ἀσφαλεῖ
3126 4955 3364 5011 κείσεται
3395 4957 3463 5009 τά
3489 4958 3590 5026 τῆς

2012 5034 2216 5107 ἀρετῆς
2243 5032 2392 5103 αὐτῷ
2422 5033 2619 5095 πάντα,
2652 5034 2746 5087 καὶ
2773 5035 2830 5087 ἐν
2857 5036 3040 5107 ἀσύλῳ
3065 5037 3344 5110 θησαυρῷ.
3374 5039 3512 5103 Τοὺς
3531 5040 3590 5092 δὲ

2013 5118 2244 5182 ζῶντας,
2276 5116 2395 5170 είπέ
2420 5133 2532 5186 μοι,
2555 5117 2614 5169 οὐ
2643 5120 2786 5170 ποιεῖ
2805 5121 3275 5191 σωφρονεστέρους
3302 5121 3395 5174 καὶ
3420 5124 3591 5175 ἐπιει-

2014 5201 2343 5272 κεστέρους;
2382 5199 2494 5270 Οὐχ
2521 5201 2654 5271 ὁρᾷς
2682 5200 2763 5253 ὅτι
2791 5201 3047 5265 πολλάκις
3078 5203 3136 5257 ἐν
3161 5205 3369 5275 ἐκφορᾷ
3409 5222 3588 5275 παρα-

2014 5288 2294 5358 γενόμενοι
2326 5286 2375 5337 οί
2401 5284 2779 5349 πλουτοῦντες,
2834 5285 2927 5338 καὶ
2957 5286 3325 5357 τετυφωμένοι
3362 5289 3453 5341 καὶ
3492 5291 3590 5354 τάς

2014 5370 2185 5442 ὀφρῦς
2217 5367 2587 5429 ἀνασπῶντες,
2611 5368 2738 5420 ὅταν
2763 5368 2912 5420 ῖδωσι
2933 5368 2992 5421 τὸ
3022 5369 3182 5439 σῶμα
3214 5371 3462 5443 κείμενον
3482 5390 3591 5426 κω-

2016 5456 2115 5525 φὸν
2138 5454 2231 5508 καὶ
2256 5452 2533 5522 ἀκίνητον,
2557 5449 2651 5503 καὶ
2674 5449 2857 5504 παιδία
2885 5452 2943 5503 ἐν
2966 5452 3216 5524 ὀρφανίᾳ,
3241 5457 3335 5509 καὶ
3357 5460 3591 5525 γυναῖκα

2016 5541 2073 5593 ἐν
2112 5537 2329 5610 χηρείᾳ,
2370 5536 2465 5588 καὶ
2491 5534 2676 5604 φίλους
2708 5537 2767 5588 ἐν
2795 5536 3087 5608 κατηφείᾳ,
3121 5543 3214 5592 καὶ
3242 5540 3458 5604 οἰκέτας
3490 5559 3587 5611 με·

2015 5614 2485 5689 λανειμονοῦνταίς,
2518 5619 2621 5689 καὶ,
2643 5616 2786 5670 ἅπαν
2825 5618 2926 5688 τῆς
2969 5620 3145 5685 οἰκίας
3177 5622 3496 5695 σκυθρωπὸν
3531 5624 3592 5679 τὸ

2080 5735 2109 5774 ι)
2130 5735 2240 5784 Mss.
2266 5737 2318 5782 el
2343 5732 2493 5781 Savil.
2524 5731 2640 5795 ἔχοι.
2662 5730 2830 5781 Morel.
2858 5731 2973 5793 ἔχει.
