4064 6416
367 236 462 291 ὶὸι
1483 223 1770 281 EXPOSIT
1779 219 1842 275 l0
1874 217 1936 272 ΙΝ
1980 216 2101 272 PSA
2111 215 2317 273 LMUM-
2333 215 2445 273 CX.

363 350 669 413 demittunt,
692 362 849 418 quam
876 344 1102 400 humiles
1132 342 1284 408 ﬁunt,
1303 354 1460 410 quam
1488 337 1718 392 contrito
1739 331 1950 389 animo?

364 441 576 495 Etenim
605 438 694 509 qui
723 438 912 492 millies
937 436 1228 491 doctrinam
1257 432 1357 487 sibi
1385 429 1629 485 traditam
1650 427 1948 491 audierant,

363 547 465 586 nec
492 547 558 585 ex
587 547 648 586 ea
680 530 967 600 quidquam
1002 525 1394 588 lucrilecerant,
1425 537 1494 576 ex
1527 521 1618 575 illo
1646 517 1950 588 spectaculo

362 629 584 691 repente
611 619 1066 690 philosophantur,
1097 631 1253 688 quam
1281 616 1348 670 sit
1377 613 1495 668 vilis
1531 620 1586 668 et
1619 611 1822 666 caduca
1855 609 1954 663 hu-

362 727 522 767 mana
568 721 757 765 natura
806 709 1180 779 intelligentes,
1207 716 1260 762 et
1290 721 1448 776 quam
1479 702 1740 758 instabilis
1770 711 1822 754 et
1852 702 1951 754 im-

363 802 558 857 becilla
584 802 652 856 sit
679 815 864 856 eorum
889 799 1124 870 potentia
1149 841 1164 864 ,
1192 805 1246 853 et
1275 798 1327 851 in
1353 795 1541 850 alienis
1565 791 1954 848 calamitatibus

365 894 720 964 prmvidentes
747 908 864 948 eam
889 905 1007 963 quae
1035 890 1100 945 ad
1127 906 1184 946 se
1209 896 1414 961 spectat
1441 885 1878 942 vicissitudinem.

436 986 492 1040 ε.
525 984 669 1039 Mors
708 985 884 1049 utilis;
909 999 1023 1054 qua:
1043 983 1201 1047 mala,
1223 997 1335 1051 quae
1364 983 1492 1034 bona
1517 982 1600 1033 sit.
1619 1009 1691 1019 —
1709 977 1763 1034 Si
1810 978 1951 1032 enim

364 1078 610 1147 quamvis
633 1078 701 1131 sit
720 1091 866 1131 mors
885 1075 1237 1147 exspectanda
1255 1115 1268 1136 ,
1292 1083 1373 1127 est
1394 1082 1569 1127 tamen
1592 1069 1956 1138 tantum-rapi-

368 1186 452 1225 na:
472 1210 488 1236 ,
514 1179 716 1223 tantum
737 1167 968 1222 avaritia:
985 1207 1000 1232 ,
1026 1177 1081 1223 et
1105 1181 1210 1220 non
1240 1180 1392 1220 secus
1416 1179 1477 1218 ac
1502 1164 1698 1232 pisces,
1727 1161 1814 1231 qui
1833 1171 1954 1215 sunt

367 1261 726 1330 potentiores,
783 1259 1166 1315 imbecilliores
1210 1257 1467 1312 devorant
1505 1273 1518 1309 :
1557 1254 1610 1308 si
1651 1268 1761 1308 non
1813 1260 1956 1306 esset

369 1368 549 1420 mors,
581 1367 686 1424 quo
716 1367 821 1406 non
868 1350 1213 1422 processisset
1248 1347 1515 1403 avaritia?
1548 1344 1603 1401 Si
1645 1343 1788 1401 enim
1833 1359 1953 1399 cum

368 1446 540 1499 sciant
566 1443 678 1500 fore
706 1453 764 1498 ut
797 1444 894 1509 iis,
938 1457 1056 1513 quae
1083 1441 1386 1511 rapuerint,
1419 1455 1524 1494 non
1555 1439 1827 1502 fruantur,
1860 1435 1955 1492 sed

369 1536 539 1590 velint
562 1535 730 1590 nolint
755 1535 822 1590 iis
842 1535 948 1588 sint
970 1533 1172 1590 cessuri
1196 1533 1317 1588 aliis
1339 1573 1354 1598 ,
1385 1542 1530 1586 tanto
1555 1538 1677 1586 sunt
1703 1529 1880 1584 furore
1901 1536 1956 1583 et

371 1626 521 1680 rabie
548 1626 733 1696 perciti
759 1641 772 1679 ε
805 1625 860 1679 si-
878 1639 939 1680 ea
969 1633 1082 1679 tuto
1107 1624 1477 1694 possiderent,
1509 1620 1722 1691 quando
1751 1620 1954 1675 exstin-

369 1727 618 1786 gueretur
645 1731 830 1772 eorum
861 1715 1098 1785 improba
1127 1713 1426 1784 cupiditas?
1451 1712 1575 1783 quid
1607 1711 1771 1765 vero?
1809 1725 1953 1766 mar-

371 1807 494 1879 tyrii
515 1821 728 1862 corona:
749 1821 924 1862 nonne
947 1821 1040 1875 per
1059 1814 1284 1860 mortem
1312 1804 1592 1859 texuntur?
1617 1803 1752 1870 Quid
1775 1811 1952 1856 autem

371 1898 604 1953 Paulus?
628 1914 805 1953 annon
833 1899 1108 1952 innumera
1131 1900 1301 1952 erexit
1326 1906 1543 1966 tropaea,
1570 1895 1754 1950 dicens
1781 1913 1792 1948 :
1818 1895 1954 1958 Quo-

371 1993 493 2045 tidie
519 1993 705 2046 morior
734 2008 823 2062 per
846 2001 1056 2046 vestram
1084 1991 1434 2062 gloriationem
1461 1991 1537 2055 (1.
1565 1988 1683 2043 Cor.
1720 1989 1804 2043 15.
1827 1987 1955 2058 5|)?

372 2081 488 2136 Non
509 2082 649 2135 enim
674 2096 827 2136 mors
838 2082 974 2135 mala
994 2090 1076 2135 est
1096 2120 1110 2147 ,
1138 2080 1231 2135 sed
1255 2081 1390 2134 mala
1407 2087 1490 2134 est
1509 2093 1654 2133 mors
1681 2079 1909 2148 pessima
1939 2095 1951 2131 :

371 2185 426 2227 et
452 2174 571 2228 ideo
595 2173 721 2229 dicit
745 2192 757 2226 :
781 2173 1017 2227 Pretiosa
1043 2183 1112 2228 est
1139 2189 1310 2226 coram
1343 2171 1558 2226 Domino
1590 2187 1725 2224 mors
1746 2179 1954 2223 sancto-

371 2281 487 2317 rum
513 2265 620 2334 ejus
648 2264 818 2336 (Psal.
849 2265 972 2318 “5.
1004 2265 1111 2330 15).
1144 2263 1281 2318 Alibi
1309 2273 1487 2316 autem
1517 2278 1530 2313 :
1563 2261 1954 2328 Morsprccato—

370 2374 484 2410 rum
509 2359 723 2428 pessima
752 2357 924 2427 (Psal.
952 2357 1038 2411 55.
1067 2355 1160 2424 ‘29.)
1187 2372 1200 2408 :
1235 2355 1336 2409 hoc
1363 2355 1546 2409 dicens
1576 2354 1802 2417 malum,
1833 2369 1955 2408 eum

372 2451 509 2505 mala
537 2451 790 2505 recedere
817 2449 1138 2505 conscientia
1166 2491 1179 2513 ,
1211 2458 1267 2504 et
1295 2448 1474 2503 multis
1500 2457 1838 2518 peccatorum
1859 2461 1955 2501 cu-

371 2543 448 2596 ris
475 2550 722 2596 onustum
769 2550 824 2597 et
850 2550 1146 2611 gravatum.
1181 2543 1250 2596 At
1276 2543 1365 2611 qui
1412 2555 1596 2610 puram
1627 2539 1786 2593 habet
1830 2553 1958 2593 eoo-

370 2633 648 2687 scientiam
669 2674 684 2699 ,
715 2632 759 2687 is
799 2634 964 2688 currit
989 2632 1054 2686 ad
1079 2633 1315 2703 praemia,
1341 2633 1406 2687 ad
1433 2647 1685 2687 coronam
1715 2631 1844 2686 abit.
1893 2630 1956 2685 Et

372 2735 428 2776 ut
457 2725 597 2778 scias
624 2739 728 2778 non
761 2739 935 2778 rerum
965 2734 1237 2789 naturam,
1284 2724 1377 2778 sed
1406 2733 1636 2778 mentem
1681 2723 1956 2778 hominum

373 2816 540 2884 ipsam
568 2815 667 2868 sibi
709 2830 892 2870 creare
935 2817 1216 2869 tumultum
1243 2825 1296 2870 et
1323 2815 1801 2886 perturbationem,
1833 2814 1959 2870 audi

369 2905 641 2974 quomodo
671 2906 863 2960 Paulus
895 2908 993 2962 hoc
1024 2908 1237 2977 inquirit
1263 2950 1277 2974 ,
1307 2923 1449 2962 nunc
1490 2907 1704 2978 quidem
1733 2906 1954 2961 dicens:

372 2999 576 3053 Etenim
623 3000 709 3068 qui
736 3017 909 3055 sumus
936 3002 988 3054 in
1034 3002 1127 3056 hoc
1156 3001 1508 3066 tabernaculo,
1548 3000 1918 3070 ingemiscimus
1939 3041 1958 3067 ,

372 3089 694 3159 adoptionem
717 3099 1058 3160 exspectantes
1075 3133 1087 3154 ,
1116 3091 1507 3162 redemptionem
1532 3092 1758 3158 corporis
1799 3091 1956 3146 nostri

377 3182 457 3249 (2.
480 3181 594 3236 Cor.
616 3183 670 3238 5.
717 3183 772 3237 4.
802 3182 954 3238 Rom.
999 3184 1051 3237 8.
1079 3184 1209 3254 23);
1252 3201 1390 3239 nunc
1437 3196 1615 3239 autem
1645 3185 1744 3240 hoc
1785 3188 1956 3253 ipsum

385 3271 509 3326 alibi
533 3271 828 3342 signiﬁcans
855 3291 868 3328 :
903 3273 1008 3329 Sed
1026 3285 1072 3328 et
1103 3275 1146 3328 si
1172 3275 1404 3329 immolor
1429 3285 1634 3346 propter
1657 3277 1961 3344 sacri/icium

378 3373 425 3417 et
453 3364 776 3419 ministerium
805 3365 926 3434 fidei
953 3376 1128 3420 uestrte
1145 3407 1160 3431 ,
1183 3366 1378 3437 gaudeo
1408 3378 1453 3420 et
1477 3368 1802 3439 eongratulor
1825 3368 1961 3422 vobis

374 3453 624 3509 ominous.
654 3454 843 3510 Itidem
869 3464 914 3509 et
940 3471 1033 3520 vos,
1046 3458 1286 3527 gaudete,
1317 3467 1363 3512 et
1392 3459 1514 3511 mihi
1541 3458 1962 3529 congratulamini

379 3543 638 3615 (Philipp.
666 3545 724 3600 3.
751 3548 838 3602 17.
869 3545 1147 3619 18).ριιο‹1
1178 3549 1224 3603 si
1256 3565 1399 3604 mors
1425 3565 1528 3604 non
1562 3549 1720 3604 modo
1747 3565 1851 3605 non
1880 3559 1964 3605 est

371 3635 587 3702 gravis,
613 3635 705 3690 sed
729 3637 887 3691 etiam
915 3637 1145 3706 optanda
1173 3638 1238 3693 iis
1264 3639 1352 3710 qui
1380 3649 1522 3694 recte
1549 3640 1763 3706 vivunt,
1794 3640 1962 3696 multo

381 3726 554 3797 magis
581 3737 860 3798 paupertas
888 3737 943 3785 et
964 3730 1067 3784 alia
1096 3732 1295 3786 omnia.
1319 3731 1585 3801 Exquisita
1610 3733 1662 3786 in
1683 3749 1856 3787 omnes
1877 3749 1960 3786 vo-

377 3819 597 3873 luntates
621 3820 748 3886 eius.
772 3821 917 3876 Alius
935 3861 951 3886 ,
979 3821 1251 3877 Accurata.
1275 3823 1371 3877 llic
1392 3823 1520 3876 mihi
1549 3823 1761 3878 videtur
1781 3823 1962 3878 dicere

376 3907 446 3963 de
489 3910 778 3977 creaturis,
823 3911 1121 3980 praedicans
1171 3913 1260 3966 Dei
1311 3914 1665 3984 sapientiam:
1717 3915 1962 3984 superius

375 4006 556 4054 autem
584 4000 714 4054 dixit
741 4001 1168 4086 Opera/(etiamsi
1201 4020 1325 4069 nos,
1358 4013 1574 4074 propter
1600 4019 1694 4060 eos
1718 4006 1806 4076 qui
1839 4015 1964 4062 sunt

378 4089 558 4157 pusilli
588 4100 641 4144 et
669 4090 856 4161 abjecti
888 4093 1085 4160 animi,
1119 4094 1281 4148 alium
1308 4109 1520 4164 quoque
1546 4110 1761 4150 sensum
1793 4097 1847 4150 in
1877 4095 1962 4150 his

376 4179 702 4252 attigimus),
731 4182 987 4253 prodigia,
1006 4183 1258 4240 miracula
1289 4200 1407 4255 qua
1429 4201 1571 4256 saepe
1598 4187 1842 4257 perfecit,
1869 4187 1964 4243 ho-

376 4273 579 4329 minum
605 4290 772 4345 genus
793 4276 1192 4333 administrans.
1222 4279 1358 4346 Quid
1378 4288 1459 4335 est
1478 4289 1680 4348 autem,
1699 4281 1962 4353 Exquisita

376 4363 430 4415 in
457 4379 625 4419 omnes
658 4367 932 4422 voluntates
970 4369 1120 4433 eius?
1138 4371 1409 4438 Accurata,
1430 4372 1618 4442 inquit,
1646 4373 1782 4429 sicut
1802 4375 1961 4430 etiam

374 4453 516 4508 alius
527 4452 655 4510 dicit
670 4457 947 4527 interpres,
967 4470 1280 4529 pragparata,
1303 4462 1554 4531 perfecta,
1573 4463 1833 4532 absoluta,
1854 4466 1964 4521 suf-

378 4544 607 4600 ﬁcientia
629 4547 695 4601 ad
721 4548 836 4618 ejus
860 4549 1154 4608 faciendam
1181 4553 1526 4618 voluntatem,
1544 4571 1664 4624 quae
1684 4557 1812 4611 satis
1841 4567 1965 4612 sunt

373 4635 442 4689 ad
485 4635 600 4706 ejus
635 4639 931 4696 testandam
968 4643 1255 4712 potentiam
1278 4685 1294 4711 ,
1339 4637 1602 4715 qure'nec
1639 4647 1960 4714 claudicant,

376 4743 479 4783 nec
506 4744 691 4786 manca
720 4742 845 4787 sunt
871 4733 938 4788 ad
966 4733 1113 4805 jussa
1140 4736 1256 4807 ejus
1281 4738 1576 4808 peragenda
1593 4780 1608 4805 ,
1639 4741 1776 4794 sicut
1800 4743 1960 4796 etiam

375 4811 508 4865 dicit
527 4813 689 4868 alibi:
722 4813 863 4886 Ignis
885 4858 901 4884 ,
931 4820 1127 4888 grando
1149 4860 1162 4884 ,
1197 4823 1288 4874 nix
1311 4863 1325 4886 ,
1356 4825 1542 4894 glacies
1561 4865 1576 4886 ,
1609 4826 1816 4894 spiritus
1846 4844 1964 4897 pro-

375 4905 618 4959 cellarum
643 4924 756 4978 qua:
781 4911 973 4978 faciunt
1003 4912 1202 4966 verbum
1234 4915 1343 4984 ejus
1373 4914 1545 4984 (Psal.
1579 4918 1700 4972 148.
1734 4918 1789 4989 8)
1816 4937 1830 4982 ;
1862 4919 1963 4974 hoc

375 5003 490 5060 est,
524 4995 770 5052 mandata
803 4998 939 5069 ejus.
968 5000 1040 5056 Ita
1068 5003 1228 5058 etiam
1256 5004 1467 5060 dicebat
1494 5008 1749 5076 prepbeta
1775 5029 1788 5064 :
1820 5009 1962 5065 Fecit

375 5085 551 5140 lunam
571 5089 623 5141 in
644 5098 869 5160 tempora
891 5107 910 5146 :
939 5094 1016 5147 sol
1047 5097 1277 5166 cognovit
1314 5114 1548 5154 occasum
1571 5117 1719 5154 suum
1745 5117 1762 5155 :
1791 5106 1964 5173 posui-

372 5179 437 5232 sti
460 5179 717 5248 tenebras,
745 5191 794 5236 et
822 5184 958 5251 facta
995 5195 1066 5240 est
1091 5203 1193 5242 uox
1218 5187 1386 5258 (Psal.
1418 5191 1541 5247 105.
1586 5193 1668 5249 19.
1702 5193 1815 5262 20).
1846 5195 1961 5251 Non

371 5270 548 5325 solum
571 5287 633 5326 ea
659 5285 914 5344 peragunt
935 5276 999 5329 ad
1023 5293 1140 5347 qua:
1160 5281 1446 5336 constituta
1468 5293 1592 5337 sunt
1616 5302 1632 5349 ;
1653 5286 1746 5340 sed
1769 5287 1962 5342 etiam-

371 5359 418 5414 si
443 5359 666 5429 jusserit
691 5365 956 5419 contraria
976 5406 992 5431 ,
1020 5365 1108 5422 hic
1134 5383 1344 5439 quoque
1370 5387 1558 5442 magna
1589 5383 1674 5430 est
1699 5376 1960 5433 obedien-

373 5451 467 5506 tia.
504 5451 672 5509 Iussit
714 5456 876 5522 mari;
905 5467 962 5514 et
985 5475 1090 5514 non
1125 5463 1294 5518 solum
1317 5480 1421 5519 non
1463 5467 1780 5537 submersit,
1815 5473 1966 5542 quod

367 5552 456 5598 est
483 5543 600 5611 ejus
629 5546 898 5615 preprium
935 5548 1166 5606 oflieium
1188 5593 1204 5618 ,
1235 5555 1333 5610 sed
1370 5557 1552 5613 stratis
1576 5559 1686 5614 suis
1713 5560 1958 5617 ﬂuetibus

368 5637 456 5695 vel
480 5647 629 5710 petra
645 5637 852 5696 liriuius
870 5656 931 5698 ac
955 5643 1213 5717 stabilius,
1240 5647 1444 5721 trajecit
1463 5653 1717 5724 populum
1739 5653 1956 5713 .ludazo-

3545 221 3648 274 282

2060 348 2179 388 rum
2227 331 2425 404 (Exod.
2458 332 2542 386 lt.
2568 330 2682 398 22).
2717 331 2926 386 Fornax
2969 348 3072 386 non
3097 331 3270 386 solum
3299 347 3402 386 non
3433 335 3650 401 urebat,

2059 423 2154 479 sed
2189 439 2362 478 rorem
2407 422 2566 478 etiam
2593 422 2862 493 praebebat
2901 423 3199 478 sibilantem
3242 422 3403 494 (Dan.
3435 425 3488 480 5.
3535 424 3648 493 21).

2061 517 2214 572 Ferae
2243 531 2348 571 non
2377 516 2550 570 solum
2581 532 2687 571 non
2713 515 3074 581 devorahant,
3106 516 3199 572 sed
3243 517 3402 572 etiam
3445 516 3650 572 Danieli

2059 617 2215 662 erant
2265 608 2384 662 loco
2421 607 2711 662 satellitum
2753 605 2865 676 (Id.
2903 608 2955 662 5.
3004 607 3118 678 22).
3145 608 3306 663 Cetus
3338 623 3440 663 non
3474 609 3646 664 Solum

2061 713 2167 753 non
2200 697 2520 764 devorabat,
2552 697 2647 752 sed
2676 699 2838 752 etiam
2864 699 3067 754 salvum
3098 701 3450 755 conservabat
3479 700 3648 768 depo-

2059 791 2218 846 situm
2245 788 2388 860 (Jan.
2419 787 2500 862 Ξ).
2531 789 2696 844 Terra
2731 803 2835 844 non
2863 790 3032 845 solum
3065 805 3170 844 non
3194 791 3340 852 tulit.
3369 791 3463 846 sed
3487 791 3648 846 etiam

2059 881 2193 935 mari
2224 881 2591 936 vehementius
2617 881 2940 948 submersit,
2984 883 3199 953 quando
3238 895 3420 952 aperta
3449 893 3561 951 est,
3595 895 3650 940 et

2058 973 2333 1028 devoravit
2373 971 2575 1028 Dathan
2599 1015 2616 1039 ,
2665 983 2720 1028 et
2759 973 2936 1028 obruit
2981 990 3140 1045 super
3182 975 3646 1045 congregationem

2060 1065 2259 1119 Abiron
2293 1063 2492 1137 (Num.
2530 1065 2616 1119 16.
2645 1063 2748 1134 52)
2778 1082 2790 1117 :
2821 1073 2873 1120 ct
2903 1065 3066 1119 multa
3095 1065 3354 1136 ejusmodi
3384 1065 3486 1120 alia
3517 1082 3645 1136 pro-

2059 1157 2200 1227 digia
2245 1157 2297 1212 in
2338 1157 2498 1213 rebus
2534 1158 2731 1213 creatis
2762 1158 2926 1213 videri
2968 1166 3218 1228 possunt;
3258 1168 3316 1214 ttt
3355 1159 3528 1215 sciant
3559 1161 3648 1230 qui

2060 1251 2216 1306 valde
2242 1251 2529 1322 desipiunt,
2547 1260 2602 1306 et
2627 1260 2866 1306 naturam
2887 1253 2941 1308 in
2972 1251 3108 1306 Deos
3137 1251 3394 1316 referunt,
3426 1267 3514 1308 res
3541 1270 3646 1308 non

2059 1343 2142 1414 agi
2172 1358 2265 1414 per
2293 1353 2496 1400 naturae
2523 1343 2890 1416 tyrannidem,
2935 1343 3033 1398 sed
3069 1343 3161 1399 Dei
3188 1344 3442 1400 voluntati
3469 1351 3648 1399 omnia

2059 1435 2250 1491 cedere
2277 1444 2331 1492 et
2351 1436 2742 1506 obtemperare.
2771 1437 2843 1491 Ea
2859 1437 3005 1492 enim
3027 1447 3110 1492 est
3127 1444 3330 1493 natum
3351 1437 3526 1508 opifex
3545 1479 3558 1502 ,
3597 1446 3651 1492 et

2062 1537 2218 1597 prout
2246 1528 2343 1597 ipsi
2374 1528 2613 1595 videtur,
2643 1529 2821 1582 omnia
2850 1544 3200 1599 quarcumque
3224 1538 3349 1584 sunt
3372 1530 3646 1596 immutat,

2061 1635 2202 1674 nunc
2227 1619 2441 1690 quidem
2461 1621 2758 1675 immobiles
2781 1635 2964 1674 eorum
2993 1621 3125 1676 ﬁnes
3143 1634 3486 1685 conservans,
3510 1635 3650 1676 nunc

2059 1721 2257 1776 autem,
2299 1726 2419 1765 eum
2453 1711 2700 1776 voluerit,
2721 1725 2814 1766 eos
2837 1710 2989 1767 facile
3006 1713 3332 1779 convellens,
3357 1722 3413 1766 et
3436 1721 3647 1766 mutans

2061 1803 2113 1857 in
2143 1802 2486 1856 contrarium.
2521 1800 2856 1872 Exquisitain
2881 1819 3051 1857 omnes
3093 1804 3368 1858 voluntates
3409 1805 3534 1872 ejus.
3569 1804 3645 1856 Ad

2062 1903 2323 1963 prreecpta
2341 1893 2476 1962 ejus,
2499 1893 2688 1962 inquit,
2715 1893 2781 1948 ad
2799 1894 3046 1949 mandata
3063 1894 3208 1965 ejus:
3231 1911 3334 1949 non
3354 1896 3522 1949 solum
3548 1910 3614 1947 an
3628 1923 3646 1932 -

2061 1996 2166 2040 tem
2184 1987 2248 2042 ad
2274 1997 2537 2056 praecepta
2559 1989 2695 2057 ejus,
2710 1988 2802 2044 sed
2823 1998 2880 2044 ut
2901 1989 3014 2059 ipse
3037 1989 3195 2043 etiam
3214 1998 3564 2058 cognoscatur
3581 1990 3648 2044 ab

2059 2077 2366 2136 hominibus
2384 2120 2401 2146 ,
2429 2095 2548 2150 qua:
2573 2078 2784 2148 quidem
2807 2088 2892 2135 est
2916 2079 3218 2150 principalis
3243 2080 3358 2147 ejus
3379 2079 3642 2144 voluntas,

2060 2181 2113 2226 ct
2134 2179 2351 2241 propter
2374 2186 2533 2241 quam
2563 2169 2678 2226 haec
2703 2171 2934 2226 maxime
2961 2171 3100 2226 fecit.
3130 2171 3282 2239 Quod
3316 2172 3491 2240 itaque
3519 2170 3648 2225 dicit

2061 2263 2317 2332 propheta
2339 2303 2352 2329 ,
2385 2272 2469 2318 est
2509 2263 2768 2333 ejusmodi
2798 2281 2809 2316 :
2849 2263 2982 2318 adeo
3022 2262 3256 2332 perfecta
3298 2274 3422 2316 sunt
3447 2303 3462 2329 ,
3497 2272 3553 2316 ut
3584 2263 3647 2315 iis

2061 2353 2150 2423 qui
2177 2355 2458 2408 attendunt
2495 2363 2548 2408 et
2577 2355 2822 2424 sapiunt,
2867 2353 3307 2425 perfectissimam
3328 2396 3341 2419 ,
3374 2353 3647 2423 apertissi-

2060 2463 2236 2514 mam,
2269 2456 2324 2502 et
2349 2448 2800 2504 evidentissimam
2847 2449 2938 2502 Dei
2977 2447 3330 2517 cognitionem
3375 2447 3645 2503 hominum

2061 2539 2224 2593 menti
2267 2539 2508 2594 aﬂ'erant.
2541 2539 2622 2594 Ad
2655 2540 2791 2594 hanc
2814 2539 2955 2594 enim
2987 2539 3106 2609 ejus
3133 2537 3458 2594 voluntatem
3487 2555 3549 2593 ea
3581 2539 3647 2591 ab

2062 2630 2214 2685 initio
2236 2631 2303 2686 ab
2323 2631 2442 2701 ipso‘
2460 2633 2691 2687 maxime
2711 2633 2994 2687 constituta
3018 2639 3161 2697 sunt,
3187 2639 3244 2687 ut
3261 2631 3643 2702 magnitudine,

2062 2723 2486 2794 pulchritudine,
2517 2724 2789 2795 positura,
2833 2726 3178 2796 operatione,
3226 2724 3546 2790 ministerio,
3595 2733 3646 2776 et

2061 2815 2181 2869 aliis
2201 2815 2447 2870 omnibus
2471 2815 2706 2870 animum
2731 2816 3044 2886 spectatoris
3070 2823 3429 2870 commoveret
3453 2857 3467 2879 ,
3501 2829 3652 2868 men-

2063 2916 2278 2978 temque
2317 2917 2373 2962 et
2423 2908 2825 2978 intelligentiam
2883 2908 3148 2963 excitaret
3193 2907 3258 2960 ad
3307 2907 3550 2974 opificem
3597 2917 3651 2959 et

2063 2999 2557 3070 praestantissimum
2609 2999 2868 3054 artificem
2917 3000 3082 3054 Deum
3139 2997 3545 3069 inquirendum,
3597 3007 3650 3050 et

2061 3092 2391 3148 adorandum
2412 3107 2534 3148 eum
2560 3092 2650 3163 qui
2673 3092 2760 3147 illa
2787 3091 3005 3159 fecerit,
3030 3101 3084 3146 et
3113 3101 3170 3146 ut
3197 3092 3503 3146 universum
3529 3105 3650 3145 cor-

2063 3198 2163 3253 pus
2191 3184 2350 3238 totius
2380 3193 2639 3239 creatura:
2661 3193 2805 3238 esset
2832 3183 2880 3238 ei
2911 3197 3004 3253 pro
3029 3183 3178 3238 libris
3199 3190 3252 3236 et
3281 3181 3469 3236 literis.

2134 3277 2188 3332 5.
2223 3276 2588 3347 Contemplatio
2605 3286 2950 3330 creaturarum
2973 3275 3130 3330 utilis.
3150 3305 3222 3315 ——
3236 3274 3348 3329 Non
3371 3274 3541 3328 soltnn
3560 3288 3652 3327 au-

2068 3380 2174 3424 tem
2199 3367 2265 3422 ad
2285 3367 2377 3423 Dei
2399 3367 2780 3436 cogn-itionem,
2804 3367 2896 3421 sed
2924 3367 3084 3421 etiam
3106 3365 3170 3420 ad
3195 3366 3318 3420 vita:
3343 3374 3540 3420 nostra:
3567 3365 3650 3417 in-

2064 3461 2394 3516 stitutionem
2413 3501 2428 3525 ,
2467 3457 2752 3513 maximam
2779 3458 3006 3513 alit-runt
3039 3447 3336 3512 doctrinam
3366 3463 3647 3511 creatum.

2016 3573 2029 3585 -
2064 3551 2197 3608 Nam
2227 3560 2282 3607 et
2307 3566 2499 3606 avarus
2529 3562 2811 3620 postquam
2857 3550 3047 3604 viderit
3089 3549 3230 3605 diem
3272 3549 3414 3604 nocti
3454 3549 3651 3604 ceden-

2066 3650 2197 3710 tem,
2227 3651 2282 3697 et
2305 3642 2472 3696 solem
2518 3641 2678 3706 luna,
2721 3641 3052 3695 reverebitnr
3082 3641 3468 3694 elementorum
3505 3638 3653 3692 ordi-

2065 3747 2188 3787 nem
2215 3750 2230 3786 :
2258 3740 2314 3786 et
2337 3731 2382 3786 si
2408 3732 2480 3786 sit
2505 3731 2792 3801 potentior,
2822 3745 2908 3785 res
2936 3731 3243 3786 inferiorum
3271 3731 3488 3784 minime
3518 3745 3652 3784 con-

2065 3822 2340 3893 cupiscet;
2373 3831 2430 3879 et
2457 3822 2666 3878 adulter
2691 3830 2747 3876 et
2773 3822 3127 3884 incontinens,
3153 3831 3432 3891 postquam
3463 3821 3655 3874 viderit

2067 3928 2216 3970 mare
2245 3913 2446 3978 furere,
2473 3912 2669 3968 deinde
2693 3911 2950 3967 refrenari
2980 3921 3034 3967 et
3075 3912 3336 3966 contineri
3380 3926 3410 3965 a
3461 3910 3652 3964 littori-

2066 4006 2166 4061 bus
2195 4023 2208 4060 :
2242 4005 2583 4061 insolentium
2610 4020 2867 4074 aquarum
2900 4005 3162 4059 reveritus
3206 4004 3648 4068 moderationem,

2068 4098 2265 4168 poterit
2306 4097 2552 4152 celeriter
2601 4097 2955 4166 comprimere
3000 4097 3442 4150 intumescentem
3501 4109 3651 4148 suam

2066 4189 2434 4259 cupiditatem,
2467 4199 2516 4244 et
2548 4189 2748 4243 Christi
2779 4197 2924 4244 metu
2952 4198 3220 4259 tamquam
3250 4186 3404 4244 freno
3434 4187 3647 4256 injecto,

2067 4295 2136 4336 ne
2161 4279 2390 4336 ulterius
2429 4271 2821 4349 progrediatur,
2863 4279 3118 4348 impetum
3157 4292 3427 4344 coercere,
3459 4286 3514 4332 ct
3555 4277 3653 4331 im-

2069 4372 2244 4442 pudici
2278 4371 2434 4442 hujus
2459 4371 2710 4426 desiderii
2743 4385 2986 4440 spumam
3014 4383 3225 4423 omnem
3252 4368 3574 4437 abstergere,
3599 4375 3654 4422 et

2066 4463 2133 4518 ad
2164 4464 2568 4533 temperantiam
2607 4463 2884 4517 reducere.
2911 4461 3027 4516 .lam
3052 4475 3179 4516 vero
3208 4459 3272 4514 ad
3298 4471 3492 4515 terram
3513 4473 3650 4529 quo-

2067 4569 2170 4624 que
2195 4555 2510 4624 respiciens.
2543 4552 2737 4623 poterit
2765 4552 2919 4606 facile
2957 4550 3323 4621 philosophari
3363 4550 3430 4606 de
3468 4563 3650 4604 resur-

2069 4647 2325 4712 rectione,
2362 4645 2591 4715 etquod
2634 4644 2702 4698 de
2746 4657 2808 4698 ea
2854 4643 3046 4698 dicitur
3088 4645 3380 4712 suscipere.
3431 4641 3654 4710 Quando

2067 4739 2210 4793 enim
2243 4737 2428 4792 viderit
2460 4746 2656 4791 terram
2686 4736 2933 4806 excipere
2971 4735 3199 4790 solidum
3240 4735 3486 4790 frumenti
3529 4750 3652 4805 gra-

2069 4843 2232 4895 num,
2277 4827 2471 4882 dcinde
2525 4827 2672 4897 prius
2717 4826 3045 4892 dissolvere,
3095 4836 3150 4881 et
3190 4825 3553 4896 putrefaeere,
3603 4834 3656 4880 et

2068 4919 2236 4974 multo
2260 4919 2480 4973 meliora
2509 4933 2699 4988 parere
2733 4933 2746 4970 :
2776 4917 2992 4989 quando
3016 4917 3210 4972 viderit
3237 4919 3446 4972 vineam
3478 4916 3656 4970 hieme

2069 5009 2234 5078 foliis,
2276 5018 2332 5064 et
2373 5009 2660 5080 pampinis,
2707 5019 2764 5064 et
2807 5010 2974 5064 botris
3025 5010 3305 5075 nudatam,
3353 5011 3656 5078 lignumque

2069 5101 2244 5172 ipsum
2271 5102 2501 5167 aridum,
2544 5102 2681 5156 sicut
2723 5116 2843 5156 ossa
2890 5101 3060 5165 arida,
3101 5101 3298 5156 deinde
3335 5101 3656 5154 adventante

2067 5207 2194 5248 vere
2223 5207 2437 5248 omnem
2478 5208 2628 5248 suam
2658 5193 2898 5264 recipere
2925 5193 3160 5263 speciem
3189 5208 3204 5246 :
3250 5193 3301 5245 in
3341 5189 3655 5259 corporibus

2071 5287 2370 5356 plantarum
2397 5295 2452 5342 et
2480 5289 2772 5352 seminum,
2802 5300 2921 5355 quae
2947 5295 3236 5354 resurgunt
3260 5293 3538 5354 postquam
3570 5282 3655 5337 in-

2071 5385 2330 5443 tertennt,
2356 5377 2552 5447 poterit
2588 5377 2658 5431 de
2683 5391 2778 5430 sua
2805 5391 3017 5445 quoque
3057 5389 3218 5430 carne
3265 5373 3653 5444 philosophari.

2066 5468 2282 5527 Rursus
2309 5478 2488 5526 autem
2518 5470 2845 5540 diligentiam
2887 5479 2941 5523 et
2980 5469 3177 5525 laboris
3221 5469 3452 5523 studium
3489 5468 3657 5524 discet

2068 5577 2097 5616 a
2127 5561 2365 5644 formica,
2410 5562 2476 5617 ab
2510 5576 2612 5632 ape
2644 5570 2821 5616 autem
2872 5560 3079 5614 honesti
3127 5574 3390 5623 amorem,
3434 5559 3656 5616 societa-

2073 5665 2309 5728 temque,
2341 5664 2395 5712 et
2426 5656 2566 5713 inter
2610 5669 2670 5712 se
2713 5653 3166 5722 communionem,
3201 5655 3336 5711 sicut
3372 5655 3498 5710 dicit
3530 5655 3652 5708 Proo
