4064 6410
515 200 620 253 ‘285

516 315 751 369 verbium
787 333 803 370 :
842 312 983 370 Vade
1013 316 1082 370 ad
1112 317 1396 388 formicam,
1429 332 1458 369 o
1489 317 1650 385 piger,
1685 322 1730 367 et
1759 314 1958 366 imitare
1995 313 2101 366 vias

512 410 638 475 ejus,
667 419 714 463 et
743 410 813 464 sis
840 410 933 464 illa
962 410 1257 480 sapientior.
1304 408 1431 464 Cum
1480 410 1611 462 enim
1640 407 1717 461 illi
1747 423 1847 461 non
1892 406 1955 459 sit
1985 421 2107 477 ager

514 518 655 572 quem
681 504 837 570 colat,
869 519 959 557 nec
1006 502 1142 556 ullus
1172 518 1284 556 eam
1325 511 1494 572 cogat,
1536 517 1625 554 nec
1668 501 1733 553 sit
1772 500 1824 553 iu
1864 509 2105 569 potestate

508 584 722 658 domini,
771 604 918 664 parat
945 604 1118 649 aestate
1155 595 1476 658 alimentum,
1507 605 1555 648 et
1584 594 1637 647 in
1671 603 1896 662 tempore
1931 593 2106 647 messis

459 745 466 751 I
509 701 749 755 magnum
789 686 911 757 facit
939 701 1192 739 acervum.
1258 684 1346 739 Vel
1392 685 1519 739 vade
1556 684 1625 737 ad
1670 700 1837 754 apem,
1876 692 1925 737 et
1969 683 2105 737 disce

512 778 645 841 quod
673 779 740 832 sit
784 779 1039 849 aper-aria,
1091 782 1236 849 cujus
1287 777 1487 832 labores
1529 794 1671 849 reges
1715 785 1762 831 et
1809 776 1990 847 privati
2036 777 2105 830 ad

506 871 775 923 sanitatem
805 868 1048 938 o/ferunt.
1080 869 1234 939 Atqui
1278 868 1395 923 licet
1422 869 1487 923 sit
1516 867 1770 922 imbecilla
1799 868 2012 934 viribus,
2048 877 2103 922 ut

505 976 620 1026 qua:
646 963 952 1032 sapientiam
984 961 1269 1027 honorarit,
1298 970 1531 1031 provecta
1555 969 1627 1014 est
1653 958 1836 1031 (Prov.
1867 960 1919 1014 6.
1953 960 2099 1030 6-8).

509 1051 625 1122 Ipsa
655 1053 796 1107 enim
835 1052 952 1122 apis
993 1067 1178 1107 rursus
1221 1061 1396 1106 tecum
1435 1038 1576 1122 aget,
1626 1066 1695 1106 ne
1740 1050 2100 1121 nequidquam

510 1143 961 1215 (ulchritudinem
1011 1160 1296 1215 corporum
1352 1143 1667 1209 admireris,
1724 1143 1938 1214 quando
1995 1160 2101 1199 non

508 1236 661 1293 adest
690 1237 859 1292 virtus
902 1237 1095 1291 animus
1140 1253 1155 1291 :
1198 1252 1298 1293 nec
1340 1235 1734 1293 deformitatem
1784 1236 2096 1306 vilipendas,

507 1327 724 1399 quando
754 1328 913 1384 fuerit
944 1329 1163 1399 pulchre
1208 1340 1429 1385 ornatus
1469 1329 1700 1384 animus.
1736 1330 1887 1399 Quod
1928 1329 2099 1399 ipsum

507 1418 724 1492 quoque
770 1421 1080 1493 signiﬁcans
1122 1421 1333 1477 dicebat
1371 1420 1750 1477 Parmmiastes
1790 1439 1803 1475 :
1840 1420 2012 1475 Paron
2047 1423 2102 1477 in

507 1515 793 1570 volucribus
819 1515 953 1585 apis,
985 1524 1031 1570 et
1059 1516 1365 1587 principium
1391 1515 1714 1569 dulcedinum
1752 1518 1947 1587 fructus
1989 1516 2103 1586 ejus

508 1606 700 1676 (Eccli.
725 1608 813 1662 11.
842 1608 921 1677 5).
951 1607 1138 1678 Cogita
1167 1608 1297 1662 mihi
1323 1609 1588 1675 volucres,
1610 1616 1664 1662 et
1687 1622 1904 1663 omnem
1930 1607 2103 1679 philo-

508 1698 752 1769 sophiam
779 1714 845 1754 ex
885 1700 966 1754 eis
1005 1699 1281 1769 suscipias.
1310 1698 1569 1767 Quocirca
1613 1697 1857 1755 Christus
1889 1713 2103 1771 quoque

507 1791 722 1846 diccbat
754 1810 766 1846 :
812 1790 1061 1863 Respicite
1090 1794 1315 1847 uolucres
1340 1792 1475 1860 cteli,
1505 1807 1619 1863 qua:
1659 1808 1751 1846 nec
1789 1803 1981 1860 serunt,
2011 1810 2101 1847 nec

507 1894 721 1949 metunt,
755 1894 800 1938 et
825 1883 985 1938 Pater
1011 1894 1171 1939 vester
1190 1884 1403 1939 caelestis
1433 1899 1518 1937 eas
1540 1883 1634 1937 alit
1665 1882 1878 1954 (Matth.
1903 1884 1956 1939 6.
1984 1883 2098 1954 26).

507 1974 564 2028 Si
589 1975 731 2028 enim
755 1990 874 2044 quae
899 1983 1024 2028 sunt
1056 1974 1277 2028 rationis
1317 1975 1557 2044 expertia
1595 1988 1702 2029 non
1742 1982 1869 2030 sunt
1903 1974 1973 2030 de
2004 1976 2100 2029 ali-

508 2067 703 2121 mentis
734 2067 981 2133 Sollicita,
1011 2066 1281 2138 quomodo
1311 2076 1363 2122 te
1383 2066 1660 2134 defendes,
1688 2069 1775 2137 qui
1803 2083 1870 2123 ne
1897 2075 2100 2124 tantum

507 2156 731 2226 quidem
780 2157 1024 2212 ostendis
1076 2173 1256 2213 rerum
1306 2159 1650 2228 praesentium
1698 2168 2096 2230 contemptum,

505 2256 760 2317 quantum
784 2248 949 2303 aves?
965 2248 1116 2314 Quod
1135 2249 1181 2303 si
1204 2248 1335 2303 velis
1350 2249 1509 2303 etiam
1534 2258 1782 2303 ornatum
1799 2249 2098 2320 despicere,

504 2339 777 2394 docebunt
811 2347 864 2395 te
909 2338 1070 2395 ﬂores
1109 2339 1245 2411 agri,
1287 2355 1357 2397 ne
1402 2340 1455 2395 in
1506 2349 1560 2396 te
1594 2341 1836 2397 ornando
1878 2343 2099 2400 nimium

505 2428 667 2483 studii
694 2438 750 2485 et
777 2445 955 2500 opera:
983 2445 1174 2501 ponas.
1202 2429 1356 2498 Quod
1391 2430 1567 2502 ipsum
1608 2447 1821 2504 quoque
1856 2434 2102 2492 Christus

504 2520 813 2591 signiﬁcans
840 2520 1054 2579 dicebat
1093 2539 1107 2577 :
1140 2521 1398 2593 Respicite
1446 2523 1558 2580 lilia
1598 2525 1731 2597 agri,
1774 2543 1930 2597 neque
1958 2537 2096 2594 nent,

504 2627 667 2681 neque
694 2610 950 2666 laborant.
984 2611 1145 2667 Amen
1168 2614 1282 2668 dico
1311 2612 1470 2682 vobis,
1496 2631 1589 2669 nec
1623 2615 1876 2671 Salomon
1898 2617 2100 2687 quidem

502 2703 808 2759 induebatur
832 2712 888 2760 ut
913 2721 1071 2760 unum
1100 2722 1164 2760 ea:
1184 2706 1263 2760 his
1294 2704 1504 2778 (Matth.
1532 2706 1588 2763 ϐλ.
1618 2707 1675 2764 8.
1709 2708 1824 2781 29).
1847 2708 1981 2764 Cum
2002 2712 2103 2766 ita-

503 2811 611 2865 que
653 2796 883 2852 vestium
929 2807 1180 2854 ornatum
1225 2814 1415 2855 curare
1458 2799 1715 2869 volueris,
1745 2802 1918 2873 cogita
1956 2804 2098 2873 quod

501 2894 992 2960 quantumcumque
1019 2888 1380 2957 contenderis,
1426 2891 1528 2947 erit
1566 2906 1731 2962 penes
1777 2892 1981 2949 fenum
2020 2895 2099 2950 vi-

501 2976 696 3043 ctoria,
725 2992 825 3033 nec
850 2978 1051 3049 poteris
1075 2994 1196 3035 cum
1228 2980 1319 3035 illo
1351 2989 1663 3037 concertare
1688 2997 1703 3037 :
1729 2990 1784 3039 et
1813 2982 1955 3040 hanc
1980 2999 2099 3044 arae

502 3068 650 3123 tione
674 3068 905 3125 alienam
932 3070 1194 3131 insaniam
1225 3072 1542 3142 comprime.
1572 3072 1738 3128 Multa
1760 3089 1972 3146 quoque
1989 3077 2094 3132 alia

502 3158 854 3230 philosophiae
877 3160 1197 3218 documenta
1226 3171 1282 3219 et
1304 3179 1371 3218 ex
1395 3163 1582 3230 brutis,
1615 3171 1670 3220 et
1690 3180 1755 3223 ex
1777 3163 2020 3236 ﬁoribus,
2043 3177 2099 3226 et

501 3264 568 3304 ex
592 3251 887 3308 seminibus
912 3253 1029 3322 capi
1054 3260 1301 3322 possunt.
1363 3240 1381 3255 ³

577 3336 764 3393 Omnia
806 3356 964 3409 opera
998 3339 1099 3397 Dei
1136 3342 1419 3412 gratiarum
1450 3343 1703 3399 actionem
1748 3347 1968 3402 excitare
1992 3348 2099 3403 de—

502 3430 726 3487 bent.—
752 3432 805 3487 '5.
838 3431 1098 3503 Confessio
1122 3442 1167 3487 et
1205 3434 1583 3504 magniﬁcentia
1626 3453 1755 3506 opus
1798 3439 1928 3507 ejus.
1985 3439 2098 3497 Hoc

502 3528 608 3588 est,
638 3521 1053 3593 unumquodque
1078 3538 1214 3595 opus
1241 3524 1358 3595 ejus
1390 3542 1405 3580 :
1448 3540 1624 3597 neque
1649 3529 1794 3582 enim
1826 3528 1942 3584 haec
1970 3530 2132 3586 dieit-

500 3610 571 3667 de
598 3626 706 3668 uno
730 3627 915 3684 opere.
949 3613 1103 3671 Alius
1128 3625 1307 3671 autem
1352 3616 1619 3688 interpres
1641 3618 1776 3675 dixit
1805 3637 1819 3675 :
1866 3617 2007 3677 Laus
2048 3633 2097 3678 et

501 3703 726 3776 dignitas
762 3707 991 3777 Operatio
1031 3692 1177 3779 ejus
1224 3707 1311 3763 hic
1351 3725 1503 3777 vero,
1539 3709 1823 3785 Confessio,
1858 3713 1960 3770 hoc
1987 3726 2093 3784 est,

498 3797 789 3863 gratiarum
818 3798 958 3854 actio
982 3806 1037 3855 ct
1062 3801 1254 3870 gloria.
1287 3800 1717 3875 Unumquodque
1738 3806 1881 3862 enim
1906 3822 2095 3865 eorum

499 3903 621 3958 quae
648 3890 896 3947 videntur
923 3891 1141 3960 sufﬁcit,
1179 3904 1239 3949 ut
1277 3894 1574 3953 deducatur
1597 3909 1872 3968 spectator
1893 3902 1961 3957 ad
1998 3902 2097 3975 hy-

500 3996 746 4039 mnorum
771 3992 1006 4050 cantum,
1033 3984 1101 4040 ad
1129 3986 1364 4054 laudem,
1389 3989 1457 4042 ad
1481 3989 1949 4059 gloriﬁcationem.
1977 3994 2092 4050 Non

500 4071 621 4127 licet
653 4073 855 4141 dicere,
892 4075 1069 4143 Quare
1108 4078 1248 4133 hoc?
1277 4080 1343 4135 ad
1382 4081 1510 4150 quid
1555 4081 1696 4138 hoc?
1738 4084 1834 4141 sed
1862 4087 2097 4144 tenebras

500 4170 553 4217 ct
585 4160 720 4228 dies,
766 4162 935 4220 fames
971 4171 1028 4221 et
1053 4166 1397 4236 abundantia,
1433 4170 1664 4226 solitudo
1692 4180 1748 4228 et
1776 4182 1917 4229 terra
1947 4176 2100 4231 inha-

498 4251 753 4320 bitabilis,
791 4264 931 4309 terra
965 4257 1174 4327 pinguis
1205 4259 1326 4314 laeta
1368 4257 1572 4332 segete,
1609 4263 1717 4319 vita
1751 4274 1806 4320 et
1833 4281 2001 4335 mors,
2043 4277 2099 4325 et

501 4359 854 4416 quaecumque
894 4347 1162 4417 videntur,
1194 4350 1258 4405 iis
1292 4352 1382 4422 qui
1414 4368 1475 4407 ea
1520 4353 1806 4425 diligenter
1829 4356 2092 4427 ediscunt,

498 4434 776 4493 sufﬁciunt
796 4437 863 4493 ad
888 4440 1228 4497 excitandum
1263 4458 1357 4499 eos
1391 4444 1457 4499 ad
1484 4446 1774 4516 gratiarum
1806 4447 2092 4506 actionem.

504 4529 620 4584 lloc
650 4546 745 4599 per
776 4533 1062 4601 quemdam
1090 4534 1408 4605 prophetam
1439 4538 1582 4594 Deus
1613 4540 1920 4611 signiﬁcans
1961 4543 2098 4601 dice-

502 4618 614 4683 bat,
656 4623 912 4693 supplicia
944 4640 1149 4694 ponens
1179 4644 1274 4696 pro
1301 4629 1565 4685 beneﬁcio
1605 4650 1618 4686 ε
1651 4632 1824 4687 Everti
1859 4650 1942 4688 eos
1969 4636 2097 4689 sicut

498 4711 667 4763 euertit
683 4711 816 4767 Deus
830 4713 1108 4770 Sadomam
1122 4726 1166 4770 et
1182 4718 1536 4783 Gomorrham,
1554 4725 1778 4792 percussi
1793 4742 1877 4779 eos
1892 4726 2099 4796 inﬂam-

498 4805 718 4860 matione
747 4816 794 4859 et
825 4808 997 4875 morbo
1015 4809 1154 4878 regio
1175 4810 1371 4879 (Amos.
1398 4813 1451 4866 4.
1475 4814 1561 4868 11.
1589 4814 1668 4886 9).
1696 4817 1757 4871 Et
1786 4833 1972 4873 rursus
2004 4834 2099 4888 per

496 4895 662 4949 alium
686 4915 697 4950 :
717 4894 894 4951 Eduxi
907 4913 990 4952 eos
1005 4915 1032 4952 e
1051 4909 1187 4953 terra
1202 4901 1444 4974 ﬁgypti,
1465 4914 1511 4957 et
1530 4922 1557 4959 e
1576 4905 1725 4961 domo
1742 4910 1994 4963 servitutis
2013 4925 2097 4965 eos

500 4986 690 5042 redemi
712 4987 901 5061 (llic/1.
925 4990 979 5045 6.
998 4989 1085 5064 4);
1110 5006 1390 5050 assumens
1415 4998 1672 5067 supplicia
1688 5000 1738 5053 in
1756 5000 2094 5056 beneﬁcium.

502 5078 577 5134 Ita
607 5080 725 5136 hazc
751 5082 911 5138 etiam
941 5099 955 5137 :
989 5100 1112 5139 nam
1152 5084 1268 5141 haec
1293 5102 1507 5158 quoque
1539 5090 1798 5147 beneﬁcio
1835 5093 2093 5161 afﬁciunt,

501 5176 794 5243 corrigunt,
826 5174 1100 5243 erudiunt,
1132 5177 1415 5248 castigant,
1446 5180 1632 5235 vitium
1679 5193 1946 5238 resecaut.
1990 5185 2097 5240 Ho-

500 5265 673 5320 mines
697 5267 841 5322 enim
866 5267 981 5324 hrcc
1004 5268 1219 5338 quidem
1252 5269 1452 5326 faciunt
1474 5283 1531 5326 ut
1551 5273 1811 5329 beneﬁcio
1838 5275 2090 5340 afﬁciant,

502 5352 593 5408 illa
623 5368 752 5409 vero
777 5357 919 5425 quod
948 5359 1072 5413 odio
1105 5359 1335 5416 habeant
1364 5372 1415 5417 et
1444 5373 1760 5419 aversentur
1791 5386 1804 5421 :
1839 5366 1979 5421 Deus
2001 5382 2098 5421 au-

504 5448 613 5498 tem
663 5445 844 5500 omnia
888 5447 1013 5503 facit
1049 5450 1333 5507 dilectione
1390 5465 1603 5512 motus:
1644 5459 2094 5528 quemadmodum

508 5531 773 5591 beneﬁcio
792 5537 1028 5594 afﬁciens
1056 5543 1227 5608 posuit
1266 5544 1315 5597 in
1332 5547 1600 5615 paradiso,
1625 5559 1679 5604 et
1693 5549 1957 5605 beneﬁcio
1979 5550 2098 5604 alii-

506 5623 656 5688 ciens
678 5625 839 5702 ejecit
860 5646 888 5685 ρ
909 5632 1153 5698 paradiso
1184 5651 1195 5685 :
1231 5633 1489 5698 beneﬁcio
1517 5640 1757 5700 alliciens
1776 5624 1994 5703 immisit
2014 5643 2092 5699 di-

1231 202 1286 258 S.
1327 200 1607 257 JOANNIS
1642 194 2124 255 Cll‘RYSOSTOMI
2163 198 2483 256 ARCUIEP.
2526 199 3065 260 CONSTANTINOP.
3678 208 3762 267 εει

2218 313 2438 378 luvium,
2466 324 2522 371 et
2565 316 2825 373 beneﬁcio
2848 319 3093 375 afﬁciens
3119 321 3171 374 in
3199 320 3429 376 Sodoma
3461 327 3598 377 tttum
3621 324 3768 394 ignem

2211 402 2477 470 jaculatus
2513 416 2614 460 est.
2647 407 2717 461 Et
2749 408 3005 479 quidquid
3050 411 3252 466 dixeris
3296 413 3361 467 ab
3397 427 3464 468 eo
3505 423 3772 484 gestorum,

2216 496 2629 567 unumquodque
2655 499 2779 553 facit
2815 500 2883 555 ad
2923 502 3263 558 beneﬁcium.
3300 504 3561 561 Beneﬁcio
3589 523 3773 578 quoque

2212 586 2473 651 afﬁciens,
2503 588 2803 657 gehennam
2831 592 3063 648 minatus
3085 606 3168 650 est
3196 611 3210 648 :
3238 604 3292 651 et
3313 596 3457 652 sicut
3481 606 3648 668 patres
3682 615 3773 656 non

2213 680 2388 734 solum
2421 680 2758 751 indulgentes
2787 684 2934 752 ﬁliis,
2973 686 3068 742 sed
3106 687 3264 742 etiam
3308 688 3665 752 verberantes,
3706 708 3776 761 pa-

2214 775 2323 825 tres
2343 780 2501 826 sunt:
2532 786 2633 828 nec
2659 776 2835 829 minus
2856 775 3222 843 verberantes,
3246 794 3405 849 quam
3429 779 3771 851 indulgentes:

2213 864 2285 918 ita
2313 868 2474 918 etiam
2502 863 2664 920 Deus.
2691 864 3054 933 Quamobrem
3082 868 3287 925 Paulus
3309 886 3524 941 quoque
3547 872 3771 928 dicebat:

2215 956 2341 1021 Quis
2370 965 2442 1011 est
2471 958 2603 1011 enim
2633 958 2794 1027 ﬁlius,
2818 976 2964 1029 quem
2987 976 3091 1015 non
3115 962 3328 1034 castigat
3343 962 3681 1034 pater(Hsbr.
3698 963 3770 1019 12.

2200 1047 2306 1118 η7)ἳ
2335 1048 2403 1103 Et
2430 1047 2682 1105 Salomon
2719 1068 2732 1105 :
2764 1053 2922 1117 Quem
2956 1053 3092 1107 enim
3126 1053 3293 1125 diligit
3335 1054 3602 1121 Dominus,
3639 1057 3775 1111 casti-

2209 1148 2315 1209 gat,
2347 1139 2573 1211 ﬁagellnt
2598 1150 2767 1195 autent
2794 1159 2992 1197 omnem
3018 1145 3186 1213 ﬁlium
3206 1161 3353 1215 quem
3393 1148 3592 1218 recipit.
3627 1146 3774 1203 Justi-

2209 1230 2281 1283 tia
2315 1231 2425 1301 ejus
2451 1242 2617 1286 manet
2647 1233 2700 1287 in
2728 1232 2973 1288 steculum
2994 1236 3172 1290 sa’culi
3198 1235 3381 1307 (Prov.
3411 1239 3465 1293 5.
3497 1238 3607 1311 12).

2279 1322 2337 1376 4.
2380 1322 2493 1378 Hoc
2517 1323 2647 1379 mihi
2675 1325 2886 1381 videtur
2913 1325 3000 1381 hic
3022 1326 3204 1384 dicere
3232 1338 3452 1400 promer
3489 1345 3583 1386 eos
3606 1332 3689 1402 qui
3713 1330 3776 1388 of—

2210 1412 2501 1469 fenduntur
2528 1432 2595 1470 ex
2628 1418 2792 1472 rebus
2818 1416 3078 1483 adversis,
3109 1434 3231 1490 qua:
3269 1429 3467 1490 praeter
3492 1436 3638 1492 spem
3674 1423 3777 1492 qui-

2208 1507 2434 1563 busdam
2483 1510 2758 1575 eveniunt,
2805 1509 3191 1581 propemodum
3232 1512 3313 1569 eis
3354 1512 3587 1570 suadens
3625 1524 3677 1569 et
3706 1514 3776 1570 di-

2208 1612 2339 1654 cens
2359 1615 2373 1654 :
2392 1598 2469 1656 Ne
2484 1600 2822 1657 conturberis
2833 1602 2877 1656 si
2903 1601 3082 1658 videas
3109 1603 3353 1660 homines
3371 1606 3773 1675 percalumuiam

2194 1688 2438 1753 delatos.
2461 1692 2725 1748 molestiis
2752 1692 2995 1757 aﬁ‘ectos,
3018 1704 3072 1750 et
3099 1696 3238 1751 mala
3258 1695 3478 1768 indigne
3497 1698 3773 1768 patientes:

2208 1791 2388 1838 manet
2406 1782 2549 1839 enim
2579 1785 2942 1855 incorruptum
2962 1785 3242 1856 judicium,
3275 1797 3458 1844 manet
3482 1804 3611 1859 pura
3636 1799 3685 1843 et
3703 1790 3774 1843 in-

2211 1881 2357 1945 tegra
2386 1876 2674 1943 sententia,
2719 1891 2840 1946 qua:
2876 1892 2976 1948 pro
3004 1878 3211 1934 meritis
3257 1878 3547 1951 unicuique
3593 1878 3773 1935 tribuit.

2208 1967 2363 2035 Quod
2388 1968 2434 2024 si
2455 1983 2574 2024 eam
2602 1983 2750 2024 nunc
2777 1970 3030 2039 postules,
3065 1971 3188 2027 vide
3216 1986 3284 2028 ne
3325 1972 3377 2026 in
3429 1973 3651 2044 teipsum
3679 1972 3771 2043 pri~

2209 2075 2354 2115 mum
2375 2059 2693 2115 sententiam
2717 2059 2977 2131 proferas.
2998 2061 3052 2117 Si
3077 2058 3218 2117 eiiiin
3242 2062 3295 2117 iu
3320 2077 3638 2134 unoquoque
3663 2077 3786 2135 ρθοο,

2206 2162 2328 2207 cato
2355 2152 2498 2207 Deus
2529 2152 2750 2207 inferret
2771 2154 3088 2223 supplicium
3112 2163 3167 2209 et
3196 2156 3250 2209 in
3279 2169 3405 2210 reos
3425 2155 3656 2225 singulos
3678 2153 3775 2210 cat.

2207 2244 2384 2299 culum
2416 2245 2596 2309 ferret,
2625 2243 2736 2314 jam
2764 2244 2893 2300 olim
2922 2244 2993 2300 de
3023 2245 3202 2301 medio
3228 2246 3502 2301 sublatum
3531 2255 3671 2302 esset
3692 2244 3775 2299 hu-

2208 2350 2424 2390 manum
2453 2349 2641 2406 genus.
2670 2336 2737 2390 Et
2761 2335 2888 2406 quid
2918 2336 3040 2392 dico
3065 2335 3205 2391 hunc
3249 2346 3347 2392 aut
3385 2337 3569 2392 illum?
3592 2336 3773 2407 Supre-

2208 2440 2353 2480 mum
2382 2425 2526 2481 enim
2555 2425 2793 2481 omnium
2824 2426 3099 2482 hominum
3140 2428 3194 2483 iu
3238 2430 3478 2484 medium
3507 2428 3776 2497 adducens,

2206 2517 2309 2574 hoc
2333 2519 2572 2576 conabor
2595 2520 2884 2576 ostendere
2914 2536 2929 2574 :
2959 2520 3183 2577 Paulum
3230 2537 3428 2593 nempe
3465 2523 3610 2579 illum
3649 2519 3774 2577 orbis

2209 2621 2367 2667 terra:
2393 2626 2718 2683 praeconem,
2746 2612 2837 2683 qui
2869 2612 2919 2668 in
2967 2614 3180 2669 tertium
3229 2614 3425 2671 cretum
3471 2623 3650 2686 raptus
3683 2623 3771 2672 est.

2205 2702 2297 2773 qui
2328 2703 2381 2758 in
2406 2703 2711 2775 paradisum
2742 2704 2839 2759 fuit
2857 2704 3121 2772 sublatus,
3149 2704 3241 2775 qui
3268 2702 3372 2762 fuit
3399 2705 3773 2763 trcmendoruin

2205 2803 2662 2851 sacramentorum
2685 2795 2977 2866 particeps,
3008 2809 3102 2850 vas
3121 2796 3426 2864 electionis,
3451 2796 3647 2852 Christi
3669 2809 3773 2866 pro-

2204 2886 2399 2954 nubus,
2432 2886 2524 2958 qui
2549 2887 2783 2943 ostendit
2802 2887 3101 2958 angelicam
3127 2888 3247 2943 vita:
3272 2888 3674 2954 institutionem,
3695 2888 3771 2959 qui

2206 2978 2416 3035 virtutis
2440 2977 2674 3035 studium
2702 2988 2908 3039 tantum
2934 2979 3086 3036 adiit.
3118 2979 3177 3036 Si
3209 2981 3358 3037 enim
3396 2982 3650 3039 noluisset
3671 2994 3773 3036 esse

2204 3072 2344 3128 lenis
2371 3083 2426 3128 et
2450 3072 2680 3142 patiens,
2708 3088 2940 3142 eumque
2965 3075 3256 3139 sustinere,
3295 3074 3395 3130 sed
3432 3073 3644 3146 quando
3667 3087 3773 3145 pec.

2203 3163 2379 3229 cabat,
2424 3163 2832 3233 blasplicmabat
2868 3172 2925 3221 et
2969 3164 3416 3235 persequebatur,
3462 3167 3693 3237 protinus
3726 3164 3772 3218 in

2203 3270 2326 3311 eum
2351 3256 2552 3326 justam
2582 3254 2789 3310 tulisset
2816 3256 3159 3320 sententiam,
3180 3255 3292 3327 jam
3331 3257 3462 3312 olim
3493 3253 3771 3329 praeripuis-

2203 3360 2289 3408 set
2321 3366 2445 3407 eum
2485 3350 2837 3420 ptenitentiae.
2867 3351 3130 3419 Quocirca
3156 3351 3271 3420 ipse
3296 3366 3514 3423 quoque
3539 3366 3653 3407 cum
3672 3349 3770 3404 luco

2203 3444 2385 3511 sciret,
2413 3442 2625 3499 diccbat
2651 3459 2665 3495 :
2695 3440 2928 3497 Gratiam
2956 3442 3114 3497 habeo
3141 3442 3352 3497 Christo.
3371 3446 3465 3514 qui
3485 3460 3564 3499 me
3588 3444 3777 3513 confore

2204 3535 2344 3602 tavit,
2370 3536 2507 3604 quod
2526 3550 2607 3589 me
2628 3533 2829 3603 ﬁdelem
2851 3534 3174 3597 existimarit,
3203 3549 3400 3604 ponens
3423 3533 3773 3592 iaministerioi

2203 3629 2290 3698 qui
2314 3627 2454 3696 prius
2481 3642 2621 3680 nam
2646 3625 2987 3696 blasphemus,
3011 3634 3057 3680 et
3088 3635 3436 3697 persequutor,
3469 3634 3516 3680 et
3543 3634 3770 3679 contum-

2204 3721 2401 3774 liosus:
2435 3719 2521 3784 sed
2543 3717 2942 3773 misericordiam
2976 3728 3316 3788 consequutus
3353 3734 3492 3786 sum,
3532 3729 3585 3772 ut
3621 3717 3670 3771 in
3702 3729 3770 3768 ius

2204 3813 2369 3883 primo
2397 3810 2680 3866 ostenderet
2709 3825 2907 3865 omnem
2947 3810 3260 3879 patientiam,
3294 3810 3364 3863 ad
3394 3808 3770 3882 informationem

2204 3919 2399 3967 eorum,
2428 3902 2517 3973 qui
2540 3901 2779 3954 credituri
2800 3909 2917 3955 sunt
2936 3899 3016 3954 illi
3034 3901 3088 3955 in
3107 3901 3261 3954 vitam
3286 3912 3528 3955 (sternam
3554 3901 3626 3973 (Ι.
3650 3896 3688 3952 Τ
3690 3897 3766 3949 int.

2206 3996 2259 4050 1.
2290 3992 2376 4048 12.
2413 3993 2499 4048 15.
2528 3993 2639 4064 16).
2664 3991 2800 4060 Quid
2822 4000 3023 4061 autem,
3059 3991 3403 4047 meretricem
3436 3991 3481 4047 si
3519 3990 3766 4061 puniisset.

2203 4085 2543 4157 quandonam
2569 4098 2825 4139 conversa
2856 4085 3042 4140 fuisset
3066 4083 3219 4156 (Luc.
3248 4085 3302 4139 7.
3331 4086 3420 4141 '57.
3447 4082 3618 4156 sqq)?
3651 4076 3765 4147 Quid

2204 4192 2334 4231 vero
2356 4176 2696 4246 publicanum
2719 4174 3048 4242 Matthmum,
3070 4176 3115 4230 si
3140 4190 3247 4246 quo
3263 4184 3509 4247 tempore
3532 4167 3767 4245 publicani

2204 4268 2380 4323 ofﬁcio
2400 4267 2737 4338 iungebatur,
2760 4277 2890 4323 ante
2921 4268 3269 4324 mutationem
3296 4282 3487 4339 pmnas
3506 4267 3571 4321 ab
3586 4279 3647 4319 co
3663 4275 3768 4317 exev

2203 4360 2392 4431 gisset,
2433 4373 2610 4415 annon
2641 4359 2971 4429 poenitentiae
2999 4358 3147 4414 illum
3175 4358 3545 4428 praeripuisset
3580 4350 3763 4425 (Matth.

2205 4452 2259 4507 9.
2311 4451 2404 4523 9)?
2453 4451 2528 4506 Ita
2577 4451 2738 4507 etiam
2789 4450 3052 4506 latronem
3099 4448 3248 4522 (Luc.
3289 4449 3380 4506 ss.
3409 4448 3524 4521 ιο),
3569 4447 3636 4502 ita
3675 4454 3768 4496 ma-

2203 4557 2300 4615 gos
2342 4542 2556 4613 (Matth.
2579 4541 2635 4596 ‘2.
2656 4542 2732 4607 1),
2780 4542 2853 4596 ita
2889 4542 3048 4596 etiam
3083 4555 3516 4611 unumquemque
3554 4540 3767 4608 peccata

2205 4651 2341 4692 rem.
2368 4634 2506 4691 Iram
2532 4628 2711 4705 itaque
2736 4636 2985 4699 sustinet,
3015 4641 3070 4687 et
3112 4646 3208 4702 pro
3238 4632 3448 4687 meritis
3485 4623 3765 4686 retributio-

2205 4744 2350 4795 nem,
2380 4743 2579 4784 vocans
2607 4728 2852 4783 homines
2871 4725 2938 4781 ad
2963 4725 3350 4796 pmnitentfam.
3376 4724 3528 4791 Quod
3556 4720 3598 4775 si
3622 4733 3647 4772 a
3667 4727 3767 4769 cor-

2205 4820 2446 4876 rectione
2466 4819 2629 4873 alieni
2655 4817 2968 4883 manserint,
2993 4817 3191 4887 justam
3213 4817 3436 4872 omnino
3456 4808 3766 4871 sustinebunt

2204 4910 2550 4967 sententiam.
2583 4910 2845 4976 Quocirca
2890 4908 3151 4979 propheta
3177 4922 3273 4963 eos
3312 4909 3403 4978 qui
3449 4903 3632 4976 injuria
3668 4893 3766 4951 afﬁ-

2205 5003 2441 5069 ciuntur,
2470 5002 2784 5066 consolans,
2819 5010 2876 5056 et
2896 5016 2992 5056 eos
3016 5001 3108 5068 qui
3134 5000 3383 5069 iniuriam
3416 4998 3642 5054 inferunt
3667 4987 3765 5044 oili-

2204 5097 2272 5151 cii
2309 5096 2625 5160 admonens,
2657 5094 2932 5163 subjunxit
2971 5092 3102 5148 illud
3132 5110 3145 5146 :
3172 5091 3384 5146 Iustitia
3411 5093 3519 5162 ejus
3546 5090 3697 5141 manet
3722 5078 3764 5130 in

2205 5187 2464 5240 steculum.
2496 5183 2648 5253 Quod
2676 5195 2855 5239 autem
2901 5183 3012 5238 vult
3039 5198 3132 5253 per
3162 5182 3267 5239 hoc
3308 5183 3509 5245 dicere,
3538 5185 3618 5232 est
3642 5171 3765 5240 ejus-

2207 5277 2348 5332 modi
2385 5297 2398 5332 :
2429 5275 2538 5332 Nec
2570 5284 2647 5338 tu,
2689 5276 2781 5345 qui
2822 5275 3014 5343 injuria
3048 5274 3298 5340 afﬁceris,
3331 5273 3600 5343 desperes,
3624 5265 3663 5319 si
3699 5258 3765 5311 vi-

2207 5378 2312 5424 tam
2344 5368 2566 5436 ﬁnieris,
2613 5367 2728 5424 fore
2757 5377 2814 5423 ut
2847 5369 2935 5437 jus
2981 5378 3126 5422 tuum
3172 5368 3415 5422 obtineas
3453 5384 3467 5419 :
3511 5366 3760 5446 postquam

2205 5462 2347 5518 enim
2414 5460 2541 5515 hinc
2602 5459 2943 5525 excesseris,
3005 5461 3245 5514 laborum
3305 5451 3760 5514 remunerationem

2206 5553 2426 5607 omnino
2467 5552 2701 5622 accipies
2726 5569 2739 5604 :
2768 5566 2869 5607 nec
2904 5561 2959 5605 tu
2991 5565 3198 5614 rursus,
3226 5551 3316 5621 qui
3346 5549 3518 5605 omnia
3545 5541 3693 5612 rapis.
3717 5538 3757 5588 in

2210 5642 2445 5704 omnium
2471 5642 2609 5705 bona
2640 5638 2865 5710 invadis,
2892 5651 2944 5697 et
2966 5641 3142 5701 omnia
3165 5656 3362 5713 susque
3385 5642 3547 5712 deque
3567 5634 3753 5693 misces.
