4064 6416
353 252 458 308 283

355 365 517 438 φησίν
538 383 551 398 ο
585 366 685 419 Ἴθι
721 363 870 432 πρὸς
892 363 995 417 τεν
1017 363 1317 432 μύρμηκα,
1341 354 1388 415 ὦ
1425 359 1664 430 ὀκνηρὲ,
1697 361 1797 415 καὶ
1829 358 1924 427 ζή-

355 454 558 506 λωσον
590 447 697 515 τὰς
733 448 911 512 ὀδοὺς
949 447 1155 510 αὐτοῦ,
1202 445 1299 499 καί
1336 444 1516 514 γενοῦ
1550 444 1785 498 ἐκείνου
1820 459 1928 497 σο-

355 534 635 603 φώτερος.
668 529 930 594 Ἐκεῖνος
958 529 1069 599 γὰρ
1094 528 1373 598 γεωργίου
1413 526 1500 596 μὴ
1529 525 1926 595 ὑπάρχοντος,

349 617 507 688 μηδὲ
538 615 644 668 τὸν
663 613 1068 683 ἀναγκάζοντα
1097 612 1270 681 ἔχων,
1290 610 1444 680 μηδὲ
1470 609 1589 665 ὑπὸ
1620 609 1929 677 δεσπότην

354 699 459 761 ὢν,
498 698 854 768 ἐτοιμάζεται
886 696 1096 764 θέρους
1140 696 1254 763 τὴν
1292 693 1542 764 τροφὴν,
1587 692 1829 761 πολλήν
1864 710 1928 747 τε

355 781 525 848 ἐντῷ
565 779 771 851 ἀμητῷ
809 779 1056 833 ποιεῖται
1094 776 1210 846 τὴν
1241 778 1591 846 παράθεσιν.
1614 776 1683 833 Ἦ
1716 776 1928 844 πορεύ-

358 869 491 933 θητι
531 863 680 933 πρὸς
711 862 825 930 τὴν
865 861 1188 930 μέλισσαν,
1230 861 1330 915 καὶ
1372 859 1525 931 μάθε
1574 860 1659 925 ὠς
1695 859 1929 929 ἐργάτις

357 950 559 1002 ἐστίν’
584 943 662 1017 ἧς
683 945 827 1010 τοὺς
845 947 1070 1010 πόνους
1100 943 1386 1010 ,ϐασιλεῖς
1405 944 1502 999 καί
1540 942 1752 999 ἰδιῶται
1777 943 1929 1012 πρὸς

353 1030 588 1100 ὑγίειαν
606 1025 1042 1096 προσφέρονται
1065 1038 1113 1082 ι.
1135 1025 1286 1098 [269]
1302 1026 1491 1080 Καίτοι
1515 1021 1574 1079 οὗ
1585 1043 1648 1079 σα
1676 1027 1740 1096 τῇ
1767 1025 1928 1098 ῥώμῃ

351 1111 607 1181 ἀσθενὴς,
654 1111 753 1180 τὴν
797 1109 988 1178 σοφίαν
1019 1109 1298 1179 τιμήσασα
1353 1108 1623 1179 προήχθη.
1664 1108 1774 1160 Καὶ
1819 1107 1928 1178 γὰρ

353 1198 496 1267 αὐτή
522 1212 601 1247 σοι
624 1194 783 1248 πάλιν
805 1195 838 1265 ή
869 1193 1089 1262 μέλιττα
1108 1190 1423 1256 διαλέξεται,
1447 1190 1586 1244 ὥστε
1619 1191 1692 1262 μὴ
1723 1190 1930 1261 θαυμά-

357 1278 473 1343 ζειν
492 1277 675 1340 ἀτελῶς
694 1276 762 1330 τά
790 1275 958 1346 κάλλη
980 1274 1088 1328 τῶν
1113 1276 1398 1346 σωμάτων,
1414 1275 1539 1328 ὅταν
1562 1274 1737 1345 ψυχῆς
1758 1271 1927 1345 ἀρετὴ

358 1361 434 1430 μὴ
461 1358 517 1432 ᾖ,
544 1360 674 1430 μηδέ
707 1358 1058 1423 ἐξευτελίζειν
1084 1356 1182 1428 τὴν
1210 1357 1504 1429 ἀμορφίαν,
1546 1357 1675 1412 ὅταν
1706 1357 1740 1426 ή
1780 1355 1926 1427 ψυχὴ

355 1434 846 1512 κεκαλλωπισμένη
890 1440 1047 1514 τύχῃ.
1068 1440 1243 1511 Ὅπερ
1271 1437 1363 1493 οὖν
1393 1441 1486 1493 καὶ
1518 1439 1648 1493 αὐτὸ
1678 1438 1852 1509 δηλῶν
1899 1440 1928 1492 6

354 1525 760 1596 παροιμιαστὴς
808 1523 981 1593 ἔλεγε·
1014 1523 1204 1592 Μικρὰ
1231 1523 1301 1577 ἐν
1332 1523 1623 1589 πετεινοῖς
1647 1522 1687 1590 ἡ
1711 1521 1928 1591 μέλισ-

351 1625 458 1671 σα,
508 1609 605 1662 καί
655 1607 811 1676 ἁρχὴ
858 1605 1299 1677 γλυκασμάτων
1348 1609 1382 1660 ό
1430 1605 1657 1674 καρπὸς
1714 1603 1925 1673 αὐτῆς.

367 1690 647 1760 Ἐννόησόν
689 1708 778 1761 μοι
805 1690 931 1752 τούς
972 1688 1215 1761 ὄρνιθας,
1244 1688 1339 1742 κα)⁴
1376 1688 1505 1760 δέξῃ
1541 1686 1752 1742 ἐκεῖθεν
1775 1687 1927 1757 φιλο-

355 1773 568 1842 σοφίαν.
594 1774 692 1827 Διά
717 1790 799 1827 τοι
828 1772 984 1827 τοῦτο
1015 1772 1111 1826 καὶ
1138 1776 1167 1826 6
1199 1772 1433 1843 Χριστὸς
1464 1772 1666 1840 ἔλεγεν·
1702 1769 1931 1840 Ἐμϐλέ-

353 1859 511 1925 ⁴φατε
532 1859 620 1923 είς
639 1857 709 1911 τὰ
732 1854 971 1909 πετεινὰ
993 1854 1099 1909 τοῦ
1123 1856 1403 1923 ούρανοῦ,
1432 1854 1465 1909 ὅ
1472 1872 1524 1908 τι
1551 1857 1623 1910 οὐ
1647 1855 1929 1923 σπείρου-

356 1956 484 2005 σιν,
515 1939 657 1993 οὺδὲ
687 1937 1002 2007 θερίζουσι,
1034 1936 1134 1991 καί
1167 1941 1201 1992 ό
1238 1937 1440 2005 Πατὴρ
1467 1935 1632 2006 ὑμῶν
1679 1939 1713 1990 ό
1756 1935 1930 2004 οὐρά-

352 2039 487 2088 νιος
534 2020 729 2090 τρέφει
769 2019 941 2075 αὑτά.
976 2019 1038 2073 Et
1086 2019 1195 2090 γάρ
1230 2021 1300 2074 τὰ
1328 2020 1497 2088 ἄλογα
1523 2020 1585 2073 οὐ
1625 2019 1930 2089 μεριμνῶσι

318 2149 331 2155 -
354 2105 489 2174 περὶ
532 2104 757 2175 τροφῆς,
809 2103 968 2156 ποίαν
997 2101 1138 2168 ἕξεις
1165 2101 1459 2172 ἀπολογίαν
1504 2100 1637 2172 μηδέ
1662 2099 1929 2172 τοσαύτην

354 2185 796 2257 ἐπιδεικνύμενος
841 2184 1141 2258 ὑπεροψίαν
1183 2184 1293 2239 τῶν
1343 2183 1644 2257 παρόντων,
1695 2183 1826 2254 ὅσην
1879 2184 1929 2237 οί

352 2267 597 2339 ὖρνιθεςς
632 2267 771 2324 Εἰδέ
812 2266 903 2323 καὶ
955 2264 1343 2337 καλλωπισμοῦ
1381 2265 1556 2336 βούλει
1582 2267 1930 2336 καταφρονῆ-

355 2368 468 2416 σαι,
499 2349 775 2406 παιδεύσει
812 2365 870 2401 σε
914 2347 983 2401 τὰ
1023 2348 1158 2419 ἄνθη
1186 2348 1281 2401 τοῦ
1316 2348 1512 2420 ἀγροῦ,
1555 2349 1631 2419 μὴ
1680 2344 1820 2401 εἶναί
1867 2364 1928 2400 σε

354 2433 702 2506 φιλόκοσμον.
725 2433 905 2502 Ὅπερ
929 2431 1024 2484 καὶ
1056 2431 1189 2485 αὐτὸ
1213 2430 1389 2502 δηλῶν
1409 2432 1438 2485 6
1459 2431 1689 2503 Χριστὸς
1721 2430 1927 2501 ἔλεγεν·

366 2517 735 2587 Ἐμὸλέψατε
763 2518 849 2582 είς
884 2516 957 2569 τὰ
986 2515 1164 2582 κρίνα
1200 2514 1308 2568 τοῦ
1335 2513 1542 2583 ἀγροῦ,
1591 2514 1682 2568 ὅτι
1718 2516 1792 2568 οὐ
1822 2513 1931 2583 νή-

354 2601 590 2662 θουσιν,
637 2599 781 2654 οὐδὲ
829 2598 1139 2652 κοπιῶσιν.
1187 2596 1366 2666 Ἀμὴν
1391 2596 1546 2667 λέγω
1582 2598 1745 2667 ὑμῖν,
1786 2598 1930 2652 οὐδὲ

352 2682 640 2751 Σολομὼν
670 2680 1047 2749 περιεϐάλετο
1069 2681 1149 2746 ὡς
1174 2678 1243 2734 ἐν
1271 2681 1517 2735 τούτων.
1548 2681 1715 2734 Ὅταν
1751 2681 1931 2736 τοίνυν

351 2766 549 2835 ἐθέλῃς
589 2764 915 2827 σπουδάζειν
976 2763 1104 2834 περὶ
1159 2763 1329 2836 κάλλη
1383 2764 1630 2835 ἱματίων,
1677 2764 1930 2836 ἐννόησον

351 2853 436 2906 ὅτι
466 2851 567 2903 ὅσα
598 2848 663 2902 ἀν
696 2847 1097 2920 φιλονεικήσῃς,
1121 2846 1272 2918 παρὰ
1300 2845 1378 2918 τῷ
1408 2847 1586 2918 χόρτῳ
1608 2846 1678 2901 τά
1710 2848 1931 2919 νικητήο

358 2952 468 3007 ρια,
504 2932 599 2987 καὶ
634 2931 693 2984 οὐ
740 2930 946 3002 δυνήσῃ
989 2929 1124 3001 πρὸς
1155 2932 1360 2985 ἐκεῖνον
1394 2929 1758 3001 άμιλληθῆναι
1779 2946 1792 2960 ·
1835 2928 1930 2983 καὶ

355 3016 661 3074 κατάλυσον
689 3011 786 3084 τὴν
836 3012 1029 3079 άλογον
1084 3011 1288 3084 ταύτην
1343 3012 1560 3083 μανίαν.
1610 3014 1721 3066 Καὶ
1767 3013 1931 3083 ἔτερα

356 3099 552 3163 πολλὰ,
580 3096 667 3151 καὶ
690 3096 798 3149 ἀπὸ
828 3094 934 3150 τῶν
964 3094 1191 3165 ἀλόγων,
1217 3096 1311 3149 καὶ
1332 3096 1440 3149 ἀπὸ
1468 3096 1576 3150 τῶν
1604 3097 1800 3161 ἀνθῶν,
1837 3099 1932 3151 καὶ

361 3185 473 3239 ἀπὸ
492 3182 594 3233 τῶν
621 3178 947 3251 σπερμάτων
970 3176 1086 3231 ἐστι
1109 3176 1435 3247 φιλοσοφεῖν.

450 3261 904 3331 Ἐξομολόγησις
927 3259 1025 3313 καὶ
1050 3260 1527 3329 μεγαλοπρέπεια
1550 3259 1619 3314 τὸ
1637 3260 1813 3331 ἔργον
1826 3263 1932 3317 αύ-

365 3345 491 3401 τοῦ.
525 3344 828 3407 Τουτέστιν,
877 3343 1106 3397 ἕκαστον
1136 3344 1246 3396 τῶν
1278 3342 1455 3414 ἔργων
1483 3343 1681 3400 αὐτοῦ·
1720 3346 1783 3398 οὐ
1820 3344 1931 3416 γάρ

358 3428 427 3499 δή
460 3426 587 3498 περὶ.
609 3426 724 3488 ἐνὸς
751 3425 914 3495 ἔργου
946 3425 1120 3479 ταῦτά
1165 3441 1351 3497 φησιν.
1388 3426 1615 3497 Ἕτερος
1646 3426 1705 3481 δὲ
1753 3428 1931 3499 ἑρμη-

356 3510 556 3580 νευτὴς
614 3505 798 3561 εἷπενο
849 3510 1139 3576 Ἐπαινος
1186 3508 1286 3563 καὶ
1336 3509 1567 3579 ἀξίωμα
1610 3511 1649 3579 ή
1681 3511 1933 3580 ἐργασία

356 3592 582 3646 αὐτοῦ’
609 3585 762 3654 οὗτος
794 3591 873 3654 δὲ,
923 3592 1410 3661 Ἐξομολόγησις,
1434 3592 1732 3658 τουτέστιν,
1767 3594 1931 3664 εὐχά-

364 3675 549 3748 ριστία
574 3674 669 3729 καὶ
697 3675 845 3741 δόξα.
875 3675 1142 3728 Ἕκαστον
1165 3674 1274 3746 γὰρ
1294 3675 1402 3729 τῶν
1424 3676 1718 3747 ὁρωμένων
1750 3678 1933 3732 ἱκανὸν

359 3761 443 3823 είς
475 3758 822 3829 εὐχαριστίαν
850 3757 942 3811 τὸν
981 3757 1179 3828 θεατὴν
1213 3759 1598 3829 παραπέμψαι,
1626 3760 1704 3823 είς
1743 3758 1930 3830 ὕμνον,

360 3843 444 3903 είς
474 3839 766 3910 εὐφημίαν,
811 3841 889 3903 εἰς
919 3839 1245 3908 δοξολογίαν.
1286 3840 1401 3893 οὐκ
1432 3840 1579 3893 ἐστιν
1610 3843 1803 3894 είπεῖν·
1834 3842 1934 3895 Διά

356 3923 414 3976 τί
443 3921 634 3987 τοῦτο;
670 3924 749 3985 είς
787 3922 841 3976 τί
889 3920 1079 3986 τοῦτο;
1120 3921 1258 3976 ἀλλά
1290 3923 1386 3976 καὶ
1423 3922 1485 3976 τὸ
1522 3923 1713 3986 σκότος
1753 3925 1850 3977 καὶ
1898 3925 1932 3995 ἡ

358 4003 566 4074 ἡμέρα,
598 4005 691 4059 καὶ
717 4005 746 4058 6
774 4003 930 4074 λιμὸς
962 4005 1056 4059 καὶ
1084 4007 1116 4076 ἡ
1148 4003 1387 4075 εὐθηνία,
1412 4006 1507 4060 καὶ
1535 4007 1569 4077 ή
1602 4004 1806 4077 ἔρημος
1840 4005 1934 4059 καὶ

358 4090 398 4158 ή
431 4088 703 4157 ἀοίκητος,
735 4087 828 4143 καὶ
853 4090 886 4159 ἡ
916 4088 1126 4159 λιπαρά
1159 4088 1254 4143 καὶ
1286 4091 1319 4159 ἠ
1347 4089 1654 4161 βαθύγειος,
1700 4091 1795 4144 καὶ
1820 4089 1934 4161 ζωὴ

360 4171 459 4223 καὶ
490 4162 734 4235 θάνατος,
765 4173 858 4226 καὶ
896 4171 1073 4225 πάντα
1101 4171 1170 4225 τὰ
1195 4171 1444 4243 ὁρώμενα
1470 4175 1581 4235 τοῖς
1609 4172 1747 4242 μετὰ
1774 4174 1930 4245 ἀκρι-

359 4251 517 4312 ϐείας
545 4252 684 4305 αὐτά
712 4254 1215 4324 καταμανθάνουσιν
1250 4255 1409 4309 ίκανά
1439 4255 1533 4311 καὶ
1560 4254 1761 4310 δυνατά
1799 4257 1935 4328 πρὸς

358 4334 717 4404 εὐχαριστίαν
749 4335 1035 4407 διεγεῖραι.
1068 4335 1237 4390 Τοῦτο
1270 4335 1399 4405 γοῦν
1432 4336 1606 4409 δηλῶν
1653 4337 1743 4391 διά
1791 4355 1934 4402 τινος

359 4418 641 4487 προφήτου
666 4420 693 4471 6
721 4417 851 4482 Θεὸς
875 4419 1078 4487 ἔλεγεν,
1109 4419 1225 4473 ἀντ’
1252 4421 1571 4489 εὐεργεσίας
1615 4420 1714 4485 τὰς
1762 4439 1935 4493 τιμω-

359 4498 486 4569 ρίας
523 4498 689 4562 τιθείς
708 4516 720 4529 ·
754 4499 1145 4569 Κατέστρεύά
1161 4503 1400 4570 αὐτοὺς,
1430 4503 1510 4569 ὡς
1531 4503 1937 4573 κατέστρεψεν

358 4584 395 4634 ὁ
432 4582 577 4648 Θεὸς
608 4582 840 4652 Σόδομα
868 4584 967 4637 καί
1003 4586 1273 4655 Γόμορρα
1291 4601 1305 4617 °
1337 4584 1603 4651 ἐπάταξα
1623 4587 1843 4652 αὐτοὺς
1866 4586 1938 4639 ἐν

357 4664 622 4732 πυρώσει
662 4666 760 4718 καὶ
805 4666 876 4720 ἐν
902 4666 1126 4737 ἱκτέρῳ.
1158 4669 1269 4722 Καὶ
1300 4668 1461 4722 πάλιν
1485 4669 1552 4722 δι’
1579 4668 1769 4724 ἄλλουο
1812 4670 1934 4722 Ἇν-

357 4748 591 4817 ἤγαγον
637 4750 858 4820 αὐτοὺς
900 4752 968 4805 ἐκ
1007 4752 1122 4821 γῆς
1150 4751 1474 4822 Αἰγύπτου,
1508 4752 1609 4806 καί
1661 4750 1731 4816 ἐξ
1764 4752 1934 4806 οἴκου

355 4830 641 4898 δουλείας
693 4832 1121 4904 ἑλυτρωσάμην
1166 4835 1423 4900 αὐτούς’
1477 4835 1557 4899 είς
1614 4835 1935 4907 εὐεργεσίας

356 4914 457 4977 τὰς
495 4915 764 4986 τιμωρίας
795 4916 1246 4988 μεταλαμϐάνων.
1276 4916 1433 4970 Οῦτω
1470 4918 1566 4971 καὶ
1589 4917 1796 4971 ταῦτα’
1837 4917 1935 4972 καὶ

355 4996 468 5066 γὰρ
495 4997 589 5049 καὶ
615 4997 786 5055 ταῦτα
802 5000 1210 5070 εὐεργετοῦντα,
1236 4999 1572 5071 διορθοῦντα,
1590 5000 1930 5065 παιδεύοντα,

355 5078 832 5149 παιδαγωγοῦντα,
875 5082 1210 5138 ἐκκόπτοντα
1246 5082 1350 5155 τὴν
1379 5084 1575 5139 κακίαν
1608 5084 1775 5143 ἐστίν.
1805 5084 1929 5136 Ἀνε-

356 5161 566 5232 θρωτιοι
600 5163 697 5233 μὲν
718 5165 827 5236 γὰρ
853 5165 921 5219 τά
951 5166 1049 5236 μὲν
1074 5166 1490 5235 εὐεργετοῦντες
1519 5166 1753 5231 ποιοῦσι,
1780 5166 1849 5220 τὰ
1876 5166 1936 5219 δὲ

359 5242 648 5313 μισοῦντες
699 5246 792 5299 καὶ
852 5248 1344 5320 ἀποστρεφόμενοι·
1399 5251 1431 5302 6
1474 5249 1529 5305 δὲ
1587 5249 1719 5312 Θεὸς
1767 5248 1936 5318 φιλῶν

356 5326 505 5375 ποιεῖ
528 5325 729 5387 πάντα,
764 5320 874 5379 οἷον
901 5328 1200 5395 εὐεργετῶν
1230 5329 1383 5383 ἔθετο
1412 5333 1471 5385 ἐν
1497 5329 1575 5400 τῷ
1599 5330 1934 5401 παραδείσῳ,

354 5408 451 5459 καὶ
474 5406 778 5477 εὐεργετῶν
808 5409 967 5462 πάλιν
996 5410 1214 5476 ἐξέϐαλε
1239 5411 1335 5465 τοῦ
1369 5412 1704 5485 παραδείσου
1727 5430 1739 5444 ·
1782 5415 1938 5487 εὐερ-

352 5490 529 5559 γετῶν
565 5493 656 5543 τὸν
700 5491 1080 5563 κατακλυσμὸν
1126 5497 1438 5567 εἰργάσατο,
1491 5497 1586 5553 καὶ
1631 5497 1934 5568 εὐεργετῶν

415 5637 442 5673 ⁸
462 5637 562 5693 Alli
592 5638 927 5703 προσφέρουσι.

1474 251 1838 307 Εχρυδπιο
1868 252 1942 305 ιΝ
1978 246 2311 304 ι’δΛιλζῑιιλΜ
2348 244 2462 301 CX.

3502 242 3609 299 εει

2031 357 2092 410 τὸ
2121 355 2231 429 πῦρ
2254 359 2431 411 ἐκεῖνο
2459 357 2519 411 τὸ
2546 354 2655 411 τῶν
2685 356 2931 428 Σοδόμων
2966 355 3291 425 κατήνεγκε.
3326 354 3434 408 Καὶ
3472 356 3613 427 ὅπερ

2029 439 2094 493 ἂν
2133 442 2277 495 εἴποι
2309 458 2394 504 τις
2416 439 2526 493 τῶν
2555 440 2886 510 γενομένων,
2911 438 3141 492 ἕκαστον
3170 439 3251 499 είς
3290 438 3611 508 εὐεργεσίαν

2029 525 2191 576 ποιεῖ,
2212 522 2525 593 Εὐεργετῶν
2544 522 2747 593 καὶτὴν
2771 523 2992 591 γέενναν
3013 520 3275 590 ἠπείλησε
3293 537 3305 550 ·
3328 521 3421 574 καὶ
3446 520 3609 575 καθά-

2028 624 2134 679 περ
2174 609 2223 661 οἱ
2257 607 2493 677 πατέρες
2532 606 2592 659 οὐ
2639 606 3031 677 θεραπεύοντες
3080 604 3240 674 μόνον
3292 604 3361 657 τὰ
3399 604 3609 669 παιδία,

2029 689 2165 743 ἀλλά
2183 691 2277 744 καὶ
2294 689 2586 752 τύπτοντες
2599 690 2836 759 πατέρες
2853 688 2979 751 εἰσὶ,
3002 688 3096 740 καὶ
3111 689 3211 741 οὐκ
3226 686 3376 759 [270]
3390 687 3609 740 ἔλαττον

2028 773 2342 837 τύπτοντες,
2373 773 2407 845 ἢ
2435 773 2830 845 θεραπεύοντες
2850 789 2863 802 ’
2898 771 3041 825 οὕτω
3070 772 3134 843 δὴ
3160 771 3253 825 καὶ
3282 773 3310 825 6
3339 770 3489 834 Θεός.
3518 770 3611 823 Διὸ

2028 858 2123 911 καὶ¹
2149 858 2178 908 6
2207 856 2418 921 Παῦλος
2452 856 2603 926 ἔλεγε
2621 873 2638 889 ο
2666 858 2761 921 Τίς
2786 854 2895 925 γάρ
2915 855 3084 909 ἐστιν
3104 855 3253 920 υίὸς,
3280 854 3352 907 ὃν
3371 856 3444 908 οὐ
3470 867 3608 907 παι-

2027 937 2186 992 δεύει
2223 939 2419 1008 πατήρ
2435 955 2455 1003 ;
2488 938 2603 993 Καὶ
2635 939 2663 991 6
2693 938 2943 1008 Σολομὼν
2961 954 2973 967 ·
3004 941 3106 990 Ὃν
3130 936 3239 1007 γὰρ
3267 935 3464 1006 ἀγαπᾷ
3494 935 3610 990 Κύ-

2022 1040 2176 1092 ριος,
2215 1022 2516 1077 παιδεύει·
2559 1022 2851 1091 μαστιγοῖ
2876 1022 2944 1075 δὲ
2982 1020 3178 1074 πάντα
3216 1020 3370 1082 υἱὸν,
3398 1018 3471 1072 ὃν
3494 1033 3611 1072 πα-

2020 1104 2355 1173 ραδέχεται.
2392 1105 2457 1159 Ἠ
2504 1104 2857 1174 δικαιοσύνη
2916 1102 3103 1157 αὐτοῦ
3145 1101 3315 1172 μένει
3369 1104 3459 1169 είς
3502 1100 3612 1158 τὸν

2027 1187 2213 1241 αἰῶνα
2237 1187 2344 1241 τοῦ
2372 1187 2589 1254 αἰῶνος
2614 1187 2665 1241 1³.

2100 1274 2165 1329 δ’.
2184 1273 2357 1328 Τοῦτο
2379 1274 2528 1328 δοκεῖ
2543 1291 2634 1344 μοι
2650 1271 2878 1327 ἐνταῦθα
2892 1272 3066 1325 εἰπεῖν
3080 1269 3169 1324 διὰ
3189 1272 3314 1335 τούς
3327 1270 3613 1326 σκανδαλι-

2028 1354 2288 1428 ζομένους
2332 1356 2470 1427 πρὸς
2516 1355 2585 1409 τὰ
2638 1355 3022 1425 συμπίπτοντα
3052 1354 3290 1425 δυσχερῆ
3334 1371 3446 1407 τισι
3477 1354 3613 1425 παρ’

2029 1445 2271 1513 ἐλπίδας,
2317 1445 2599 1517 μονονουχὶ
2630 1445 2912 1517 παραινῶν
2944 1445 3127 1507 αὐτοῖς
3150 1444 3244 1497 καὶ
3268 1442 3474 1512 λέγων·
3515 1443 3608 1514 Μὴ

2031 1532 2259 1605 θορυὸοῦ
2317 1533 2852 1603 συκοφαντουμένους
2901 1529 3223 1603 ἀνθρώπους
3277 1530 3455 1603 ὁρῶν,
3508 1531 3607 1585 ἐπ-

2030 1621 2449 1694 ηρεαζομένους,
2480 1620 2628 1692 παρά
2653 1620 2751 1693 τὴν
2775 1621 2932 1686 ἀξίαν
2953 1619 3139 1683 κακῶς
3157 1618 3483 1690 πάσχοντας
3515 1617 3610 1690 μέ·-

2028 1726 2110 1763 νει
2142 1708 2248 1781 γὰρ
2276 1708 2626 1780 δικαστήριον
2653 1708 2969 1774 ἀδέκαστον,
2996 1707 3144 1778 μένει
3168 1706 3348 1778 ψῆφος
3369 1706 3607 1776 καθαρά,

2028 1796 2090 1851 τὸ
2137 1797 2256 1850 κατ’
2289 1796 2446 1861 ἀξίαν
2477 1795 2694 1866 ἑκάστῳ
2726 1796 3062 1866 παρέχουσα.
3106 1794 3167 1847 EE
3216 1794 3273 1848 δὲ
3310 1792 3406 1847 νῦν
3438 1794 3611 1865 αὐτὴν

2030 1882 2366 1954 ἐπιζητοίης,
2396 1884 2499 1955 ὅρα
2529 1882 2603 1954 μὴ
2629 1882 2771 1937 κατὰ
2799 1879 2999 1935 σαυτοῦ
3035 1880 3253 1952 πρώτου
3286 1881 3385 1952 τὴν
3425 1880 3609 1951 ψῆφον

2030 1969 2342 2041 ἐξενέγκῃς.
2373 1969 2439 2023 El
2467 1969 2576 2039 γὰρ
2603 1967 2792 2038 ἔμελλε
2824 1967 2946 2022 καθ’
2971 1968 3201 2022 ἕκαστον
3228 1968 3337 2021 τῶν
3366 1969 3610 2039 ἁμαρτη-

2032 2058 2219 2131 μάτων
2245 2060 2274 2113 ό
2312 2058 2447 2122 Θεὸς
2498 2060 2726 2127 ἐπάγειν
2763 2057 3056 2129 τιμωρίαν,
3105 2058 3197 2111 καὶ
3244 2059 3331 2128 ἐφ’
3376 2059 3607 2112 ἑκάστου

2028 2146 2137 2201 τῶν
2166 2145 2629 2217 πλημμελούντων
2679 2146 2780 2217 τὴν
2826 2145 3366 2219 δικαίανδέπιφέρειν
3405 2144 3606 2216 ψῆφον,

2031 2232 2205 2286 πάλαι
2223 2231 2289 2286 ἂν
2307 2222 2741 2304 προανηρπάσθη
2763 2231 2825 2285 τὸ
2846 2230 2955 2284 τῶν
2977 2230 3074 2285 ἀνθ
3084 2231 3281 2302 ρώπων
3296 2231 3475 2300 γένος.
3498 2234 3610 2285 Καὶ

2030 2318 2083 2372 τί
2113 2318 2256 2387 λέγω
2275 2318 2365 2373 τὸν
2394 2318 2543 2372 δεῖνα
2572 2318 2667 2371 καὶ
2698 2317 2789 2370 τὸν
2820 2316 3001 2385 δεῖνα;
3044 2318 3146 2372 Τὸν
3174 2317 3284 2390 γὰρ
3313 2320 3611 2390 κορυφαῖον

2029 2406 2137 2459 τῶν
2159 2407 2218 2460 ἐν
2246 2404 2556 2478 ἀνθρώποις
2587 2405 2843 2460 ἀπάντων
2871 2408 2952 2469 είς
2982 2405 3146 2476 μέσον
3175 2405 3417 2475 ἀγαγὼν,
3452 2405 3612 2460 τοῦτο

2029 2492 2196 2559 δεῖξαι
2222 2493 2579 2565 πειράσομαι,
2631 2492 2843 2547 Παῦλον
2886 2494 3093 2548 ἐκεῖνον
3137 2493 3228 2547 τὸν
3258 2494 3475 2566 κήρυκα
3512 2495 3612 2564 τῆς

2029 2580 2373 2652 οἰκουμένης,
2395 2580 2485 2635 τὸν
2501 2582 2582 2645 είς
2607 2580 2790 2652 τρίτον
2810 2580 3129 2650 ἁρπαγέντα
3152 2582 3401 2653 οὐρανὸν,
3420 2581 3511 2634 τὸν
3532 2584 3613 2644 εἰς

2032 2666 2363 2738 παράδεισον
2392 2667 2781 2738 ἀπενεχθέντα,
2811 2666 2903 2723 τὸν
2936 2668 3044 2721 τῶν
3081 2667 3323 2739 φρικτῶν
3355 2669 3612 2739 κοινωνή-

2033 2771 2200 2810 σαντα
2240 2750 2578 2826 μυστηρίων,
2600 2754 2661 2806 τὺ
2683 2754 2875 2818 σκεῦος
2902 2755 3001 2826 τῆς
3030 2756 3277 2826 ἐκλογῆς,
3316 2755 3407 2809 τὸν
3432 2772 3612 2826 νυμφ-

2031 2841 2247 2911 αγωγὸν
2285 2840 2380 2895 τοῦ
2432 2840 2692 2912 Χριστοῦ,
2733 2840 2824 2894 τὸν
2860 2841 3158 2912 ἀγγελικὴν
3204 2841 3611 2913 ἐπιδειξάμενον

2031 2927 2323 2990 πολιτείαν,
2357 2929 2448 2982 τὸν
2492 2927 2759 2998 τοσαύτην
2804 2928 3005 2999 ἀρετὴν
3042 2926 3357 2983 ἐπελθόντα.
3408 2930 3471 2983 El
3500 2928 3610 3000 γάρ

2034 3014 2109 3087 μὴ
2142 3014 2411 3086 ἐϐουλήθη
2446 3013 2868 3087 μακροθυμήσαι
2904 3014 3073 3085 αὐτῷ,
3106 3014 3242 3084 μηδέ
3278 3014 3610 3086 ἀνασχέσθαι

2030 3100 2218 3170 αὐτοῦ,
2266 3101 2382 3157 ἀλλ’
2411 3100 2574 3173 ἡνίκα
2630 3099 2911 3175 ἡμάρτανε
2967 3102 3062 3154 καὶ
3117 3100 3457 3172 ἐϐλασφήμει
3515 3101 3612 3156 καὶ

2031 3188 2243 3254 ἐδίωκε,
2296 3187 2440 3243 κατά
2487 3189 2652 3251 πόδας
2713 3189 3013 3257 ἐπαγαγεῖν
3060 3188 3206 3259 αὐτῷ
3251 3190 3348 3261 τὴν
3393 3190 3610 3245 δικαίαν

2029 3279 2233 3351 ψῆφον,
2272 3280 2437 3334 πάλαι
2472 3279 2539 3334 ἀν
2565 3280 2727 3333 αὐτὸν
2751 3281 2850 3351 τῆς
2882 3279 3166 3351 μετανοίας
3201 3280 3609 3351 προεξήρπασε.

2031 3372 2123 3425 Διὸ
2154 3371 2249 3426 καὶ
2284 3371 2447 3435 αὐτὸς
2479 3369 2652 3425 ταῦτα
2707 3370 2881 3435 εἰδὼς,
2934 3372 3088 3441 ἔλεγε
3114 3390 3128 3405 ο
3163 3372 3350 3442 Χάριν
3377 3375 3495 3442 ἔχω
3528 3372 3611 3438 τῷ

2030 3457 2524 3528 ἐνδύναμώσαντί
2555 3474 2632 3527 με
2673 3457 2926 3527 Χριστῷ,
2969 3459 3058 3513 ὅτι
3099 3461 3319 3514 πιστόν
3356 3476 3443 3537 με¹
3469 3459 3613 3528 ’ἡγή-

2032 3561 2204 3612 σατο,
2244 3547 2490 3614 θέμενος
2519 3546 2606 3611 είς
2646 3545 2975 3611 διακονίαν,
3006 3546 3112 3601 τὸν
3140 3548 3428 3617 πρότερον
3463 3548 3612 3602 ὄντα

2026 3631 2401 3700 βλάσφημον
2446 3632 2545 3685 καὶ
2595 3630 2871 3700 διώκτην,
2925 3633 3024 3686 καὶ
3093 3634 3418 3701 ὑϐριστήν
3471 3634 3611 3691 ἀλλ’

2031 3718 2321 3786 ἠλεήθην,
2346 3718 2448 3773 ἵνα
2474 3718 2546 3772 ἐν
2571 3719 2699 3788 ἐμοὶ
2736 3719 2942 3786 πρώτῳ
2980 3718 3314 3788 ἐνδείξηται
3343 3721 3460 3787 τὴν
3494 3718 3611 3776 πᾶ-

2033 3817 2156 3857 σαν
2169 3803 2601 3872 μακροθυμίαν,
2630 3804 2779 3872 πρὸς
2803 3807 3195 3861 ὑποτύπωσιν
3216 3807 3337 3860 τῶν
3353 3808 3613 3876 μελλόνα

2032 3906 2150 3944 των
2176 3887 2336 3967 αὐτῷ
2361 3891 2668 3945 πιστεύειν
2690 3893 2781 3958 είς
2804 3890 2958 3961 ζωὴν
2992 3891 3252 3948 αἰώνιον.
3287 3894 3352 3948 Τί
3382 3895 3470 3953 δέ;
3510 3895 3611 3967 τὴν

1990 4018 1995 4021 ι
2035 3977 2240 4049 πόρνην
2268 3966 2323 4030 εί
2354 3977 2603 4045 ἐκόλασε,
2652 3978 2783 4033 πότε
2824 3979 2892 4033 ἂν
2919 3980 3253 4054 μετεδλήθη;
3294 3981 3358 4035 Τί
3393 3983 3482 4050 δὲ;
3519 3983 3611 4037 τὸν

2033 4061 2269 4131 τελώνην
2299 4062 2576 4117 Ματθαῖον
2600 4065 2649 4118 εί
2678 4065 2735 4118 ἐν
2757 4065 2837 4137 τῷ
2864 4066 3042 4139 καιρῷ
3068 4068 3167 4138 τῆς
3193 4069 3482 4134 τελωνείας
3505 4070 3612 4141 πρὸ

2034 4150 2132 4220 τῆς
2164 4149 2464 4222 μεταϐολῆς
2496 4151 2654 4223 δίκην
2683 4153 2955 4225 ἀπῄτησε,
2975 4156 3076 4209 οὐκ
3100 4154 3167 4209 ἂν
3195 4158 3613 4230 προεξήρπασεν

2035 4237 2199 4291 αὐτὸν
2239 4236 2341 4307 τῆς
2381 4239 2710 4307 μετανοίας;
2747 4240 2904 4294 Οῦτω
2949 4242 3044 4295 καὶ
3075 4242 3164 4295 τὸν
3202 4243 3426 4317 λῃστὴν,
3470 4245 3613 4301 οὕτω

2038 4323 2131 4376 καὶ
2156 4323 2283 4386 τοὺς
2310 4323 2536 4394 μάγους,
2564 4323 2706 4378 οὕτω
2734 4328 2827 4379 καὶ
2872 4327 3100 4383 ἕκαστον
3128 4329 3236 4384 τῶν
3276 4332 3616 4402 ἁμαρτανόν-

2037 4426 2164 4463 των.
2201 4410 2302 4464 Διά
2349 4426 2432 4464 τοι
2476 4411 2635 4464 τοῦτο
2661 4412 2842 4483 ἀνέχει
2874 4415 2973 4485 τὴν
3010 4415 3197 4487 ὀργὴν,
3243 4418 3338 4471 καὶ
3362 4418 3462 4488 τήν
3494 4419 3612 4473 κατ’

2038 4494 2190 4560 ἀξίαν
2207 4495 2492 4566 ἀντίδοσιν,
2514 4497 2693 4552 καλῶν
2708 4501 2834 4562 τούς
2855 4500 3177 4574 ἀνθρώπους
3196 4504 3277 4567 είς
3302 4505 3611 4574 μετάνοιαν.

2037 4582 2101 4634 Et
2137 4581 2194 4634 δὲ
2229 4581 2438 4652 μένοιεν
2463 4582 2800 4654 ἀδιόρθωτοι,
2836 4587 3053 4652 πάντως
3090 4588 3485 4662 ὐποστήσονται
3513 4596 3614 4665 τὴν

2036 4668 2249 4722 δικαίαν
2273 4669 2471 4740 ψῆφον.
2501 4671 2700 4744 Διόπερ
2723 4673 2751 4724 6
2771 4673 3058 4747 Προφήτης
3082 4664 3209 4743 τούς
3234 4697 3294 4733 τε
3325 4680 3615 4754 ἀδικουμέ-

2036 4773 2161 4820 νους
2198 4756 2713 4828 παραμυθούμενος,
2744 4761 2869 4826 τούς
2901 4779 2962 4816 τε
2994 4765 3312 4833 ἀδικοῦντας
3345 4772 3612 4843 σωφρονί-

2037 4842 2165 4910 ζων,
2204 4844 2455 4913 ἐπήγαγε
2485 4845 2567 4907 τὸ,
2612 4845 2681 4899 Ἥ
2731 4847 3086 4921 δικαιοσύνη
3116 4855 3303 4909 αὑτοῦ
3327 4842 3493 4925 μένει
3527 4861 3615 4924 εἰς

2037 4932 2144 4983 τὸν
2181 4928 2384 4984 αἰῶνα.
2426 4933 2491 4985 Ὃ
2519 4932 2576 4986 δὲ
2601 4933 2848 5004 βούλεται
2875 4936 2963 4992 διὰ
2988 4940 3176 4994 τούτου
3205 4944 3399 5010 εἰπεῖν,
3436 4945 3614 4998 τοιοῦ-

2036 5016 2126 5105 τόν
2155 5018 2304 5105 ἐστι’
2347 5018 2500 5089 Μήτε
2554 5019 2640 5085 σὺ,
2684 5025 2713 5075 6
2748 5024 3119 5096 ἀδικούμενος,
3170 5029 3264 5084 ἐὰν
3306 5031 3615 5105 καταλύσῃς

2037 5103 2127 5158 τὸν
2151 5103 2263 5174 βίον
2291 5105 2367 5169 ώς
2390 5107 2450 5159 οὐ
2477 5109 2586 5161 τῶν
2626 5109 2848 5165 δικαίων
2895 5115 3234 5185 τευξόμενος,
3271 5103 3610 5188 ἀπελπίσῃς·

2042 5191 2182 5281 μετά
2210 5193 2319 5266 γὰρ
2353 5194 2452 5265 τὴν
2484 5196 2734 5251 ἐντεῦθεν
2761 5201 3068 5273 ἀποδημίαν
3102 5205 3316 5269 πάντως
3358 5207 3611 5281 ἀπολήψῃ

2038 5279 2146 5333 τῶν
2180 5282 2359 5335 πόνων
2398 5281 2496 5343 τὰς
2528 5282 2797 5353 ἀμοιϐἁςο
2849 5289 2984 5358 μήτε
3040 5290 3096 5342 σύ
3142 5291 3321 5357 πάλιν,
3360 5295 3388 5346 6
3436 5279 3614 5349 πάντα

2041 5366 2300 5454 ἁρπάζων
2332 5367 2426 5454 καί
2459 5368 2792 5454 πλεονεκτῶν
2824 5376 2915 5426 καὶ
2944 5377 3205 5445 συγχέων,
3237 5377 3303 5433 ἂν
3330 5382 3387 5434 ἐν
3424 5383 3614 5454 εἰρήνῃ

2041 5452 2350 5521 καταλύσῃς
2377 5452 2467 5505 τὸν
2505 5453 2637 5523 βίον,
2684 5456 2834 5530 [27]}
2884 5460 3196 5535 θαρῥήσηςο
3245 5468 3460 5523 πάντων

2103 5649 2131 5691 h
2156 5650 2251 5704 Τοῦ
2274 5650 2438 5706 αἰῶνος
2461 5649 2633 5700 dccral
2659 5652 2706 5700 in
2739 5652 2907 5704 Morel.
2933 5661 2985 5705 et
3010 5657 3057 5706 in
3086 5652 3237 5709 Savil.
