4064 6474
573 317 678 371 L95

570 435 763 499 δώσεις
820 434 983 503 λόγον
1038 435 1173 504 μετά
1226 433 1324 504 τὴν
1374 431 1622 485 ἐντεῦθεν
1663 432 1993 502 ἀποδημίαν,
2044 432 2143 500 τῆς

572 526 840 598 πονηρίας
867 526 1142 587 ἀποτίσεις
1166 534 1186 556 ⁸
1208 524 1305 587 τὰς
1330 524 1583 595 ἀμοιὸιῖς.
1598 522 1729 588 Θεὸς
1758 523 1869 595 γάρ
1894 525 2040 576 ἐστιν
2056 523 2146 576 ἀεὶ

576 618 776 688 μένων,
826 618 919 671 καὶ
960 614 1302 685 δικαιοσύνην
1362 616 1626 685 μένουσαν
1659 614 1799 685 ἔχων
1843 615 1954 678 ἀεὶ,
1991 613 2144 667 οὐδὲν

572 705 679 758 ἀπὸ
704 706 796 758 τοῦ
822 705 1049 759 θανάτου
1081 705 1530 777 διακοπτομένην,
1557 705 1678 759 ούδέ
1700 705 1838 777 πρὸς
1862 704 1958 774 τὴν
1982 706 2141 775 ἀμοι-

572 796 672 865 ϐὴν
700 794 806 847 τῶν
838 794 1014 847 πόνων
1040 793 1147 847 τῶν
1174 795 1314 867 ύπέρ
1344 796 1445 866 τῆς
1470 796 1693 866 ἀρετῆς,
1730 796 1853 849 οὐδὲ
1876 796 2012 867 πρὺς
2043 795 2143 866 τὴν

570 887 836 939 ἀντίδοσιν
856 885 963 939 τῶν
997 886 1269 940 κολάσεων
1291 888 1398 940 τῶν
1418 886 1506 940 διά
1531 887 1629 958 τὴν
1655 886 1939 959 πονηρίαν.

636 980 865 1033 Μνείαν
905 978 1233 1048 ἐποιήσατο
1268 977 1388 1032 τῶν
1433 980 1780 1049 θαυμασίων
1820 980 2028 1035 αὑτοῦ.
2074 979 2140 1033 Τί

567 1074 705 1134 ἐστι,
729 1072 956 1126 Mra/ar
998 1070 1326 1136 ἐποιήσατο
1376 1071 1496 1126 τῶν
1530 1073 1878 1142 θαυμασίων
1914 1073 2101 1128 αὑτοῦ
2119 1090 2141 1137 ;

567 1164 639 1215 Οὐ
681 1161 885 1215 διέλιπε
929 1162 1383 1233 θαυματουργῶν,
1443 1164 1596 1233 φησι,
1635 1162 1918 1234 διηνεκῶς.
1969 1161 2140 1217 Τοῦτο

565 1255 675 1324 γάρ
708 1256 823 1307 ἐστι
859 1253 943 1316 τὸ,
976 1254 1202 1307 Μνείαν
1241 1252 1597 1319 ἐποιήσατω
1638 1255 1738 1309 ούκ
1774 1252 2052 1309 ἐπαύσατο
2087 1256 2138 1321 ι),

565 1346 667 1399 οὐκ
688 1344 900 1416 ἀπέστη
932 1345 1019 1399 διά
1043 1345 1224 1416 πάσης
1248 1347 1442 1414 γενεᾶς
1479 1346 1733 1418 θαύματα
1752 1346 2138 1420 ἐργαζόμενος,

565 1438 661 1490 καὶ
692 1437 819 1501 τοὺς
843 1435 1182 1509 παχυτέρους
1209 1437 1488 1508 διεγείρων
1510 1436 1599 1492 διὰ
1616 1438 1723 1491 τῶν
1746 1437 2063 1509 τεραστίων.
2082 1440 2140 1494 Ὀ

569 1530 667 1600 μὲν
699 1529 807 1600 γὰρ
833 1528 1031 1599 ὑψηλὸς
1055 1530 1149 1583 καὶ
1169 1528 1453 1600 φιλόσοφος
1473 1530 1626 1583 οὐδὲν
1643 1530 1891 1601 δεήσεται
1916 1531 2024 1586 τῶν
2047 1548 2144 1603 ση-

568 1620 757 1681 μείων*
776 1619 1067 1688 Μακάριοι
1084 1617 1192 1690 γάρ
1207 1622 1261 1673 οἱ
1277 1619 1364 1689 μὴ
1387 1619 1630 1686 ειδότες,
1654 1621 1755 1675 καὶ
1774 1623 2141 1677 πιστεύσαν-

562 1728 681 1778 τες.
724 1711 938 1784 Ἐπειδὴ
988 1712 1045 1766 δὲ
1090 1712 1253 1777 αὐτὸς
1296 1713 1356 1766 ού
1403 1712 1605 1766 τούτων
1658 1713 1882 1784 κήδεται
1936 1714 2132 1784 μόνων,

563 1801 701 1855 ἀλλά
721 1802 815 1855 καὶ
833 1802 940 1855 τῶν
968 1804 1309 1874 παχυτέρων,
1326 1802 1447 1857 καθ’
1472 1804 1708 1875 ἑκάστην
1732 1806 1919 1875 σχεδὸν
1943 1805 2137 1873 γενεάν

563 1893 992 1966 θαυματουργῶν
1035 1896 1097 1948 οὐ
1138 1895 1391 1951 παύεται.
1423 1896 1604 1967 Ἰκανὴ
1648 1898 1747 1967 μὲν
1786 1899 1892 1970 γὰρ
1923 1897 2138 1969 θαυμα-

561 1986 786 2057 τουργία
825 1988 972 2039 πᾶσα
1004 1986 1112 2039 τῶν
1155 1987 1447 2057 ὁρωμένων
1481 1991 1514 2058 ή
1558 1990 1764 2053 κτίσις·
1815 1990 1928 2043 ἀλλ’
1983 1991 2135 2060 ὅμως

558 2075 839 2147 διεγείρων
859 2075 968 2127 τῶν
993 2075 1199 2128 πολλῶν
1232 2076 1331 2146 τὴν
1356 2076 1625 2146 ρᾳθυμίαν
1651 2078 1709 2130 ἐν
1736 2076 1889 2147 μέσῳ
1908 2076 1986 2147 τῷ
2014 2078 2137 2132 θεά-

558 2181 672 2235 τρῳ
700 2163 874 2235 τούτῳ
897 2165 1065 2218 πολλά
1082 2165 1430 2219 ἐπεδείκνυτο
1456 2166 1737 2237 τεράστια,
1778 2168 1873 2220 καὶ
1906 2167 2014 2237 ίδίςι
2041 2167 2134 2221 καὶ

558 2257 734 2326 κοινῇ,
767 2249 877 2309 οἷον
900 2254 962 2309 τὸ
994 2256 1087 2309 ἐπὶ
1119 2258 1214 2310 τοῦ
1243 2256 1648 2327 κατακλυσμοῦ,
1679 2256 1741 2309 τὸ
1764 2257 1856 2310 ἐπὶ
1881 2256 1983 2325 τῆς
2005 2274 2133 2326 συγ-

558 2346 767 2417 χύσεως
789 2347 897 2400 τῶν
923 2346 1202 2415 γλωσσῶν,
1242 2347 1310 2401 τά
1338 2347 1432 2401 ἐπὶ
1476 2349 1584 2402 τῶν
1623 2349 1895 2419 Σοδόμων,
1932 2349 2001 2402 τὰ
2041 2350 2134 2403 ἐπὶ

557 2437 651 2490 τοῦ
679 2438 950 2509 Ἀϐραὰμ,
985 2439 1055 2492 τά
1084 2440 1176 2492 ἐπὶ
1202 2438 1296 2493 τοῦ
1337 2440 1543 2504 Ἰσαὰκ,
1567 2442 1635 2495 τὰ
1668 2442 1761 2495 ἐπὶ
1786 2440 1881 2495 τοῦ
1916 2441 2131 2508 Ἰακὼϐ,

557 2531 627 2586 τά
658 2534 717 2586 ἐν
753 2532 1031 2604 Αἰγύπτῳ,
1073 2533 1142 2587 τά
1186 2535 1244 2589 ἐν
1275 2538 1341 2606 τῇ
1392 2535 1555 2607 ἐξόδῳ
1585 2535 1694 2589 τῶν
1738 2537 2031 2601 Ἰουδαίων,
2062 2539 2132 2594 τὰ

559 2625 617 2675 ἐν
641 2623 706 2694 τῇ
736 2624 947 2695 ἐρήμῳ,
986 2625 1055 2679 τὰ
1092 2628 1150 2679 ἐν
1178 2628 1243 2696 τῇ
1285 2629 1356 2697 γῇ
1403 2628 1502 2697 τῆς
1554 2628 1935 2700 Παλαιστίνης,
1977 2630 2045 2684 τὰ
2072 2632 2132 2684 ἐν

560 2713 861 2780 Βαϐυλῶνι,
894 2716 961 2769 τά
994 2717 1132 2789 μετά
1167 2719 1266 2789 τὴν
1302 2717 1583 2783 ἐπάνοδον,
1612 2719 1681 2773 τά
1714 2721 1807 2773 ἐπὶ
1837 2720 1946 2775 τῶν
1972 2723 2132 2777 Μακ-

557 2804 826 2871 καϐαίων,
884 2806 951 2860 τά
995 2807 1132 2877 μετά
1176 2809 1274 2879 τὴν
1305 2808 1538 2879 Χριστοῦ
1572 2809 1906 2881 παρουσίαν,
1956 2811 2024 2867 τά
2072 2814 2131 2865 ἐν

555 2899 691 2970 αὐτῇ
730 2902 795 2973 τῇ
840 2900 1146 2970 παρουσίᾳ,
1180 2900 1251 2953 τὰ
1299 2902 1460 2973 μέχρι
1501 2903 1742 2974 σήμερον
1781 2903 2061 2974 γινόμενα,
2095 2907 2128 2976 ή

555 2989 903 3054 κατάπτωσις
927 2992 1031 3044 τῶν
1077 2992 1481 3066 Ἰεροσολύμων,
1512 2997 1546 3067 ή
1583 2996 1837 3067 οἰκοδομὴ
1864 2998 1963 3068 τῆς
2006 2998 2129 3051 Ἐκ-

553 3079 803 3150 κλησίας,
827 3094 856 3132 ο
883 3079 1040 3150 λόγος
1064 3084 1092 3135 ὁ
1118 3083 1392 3154 πανταχοῦ
1431 3085 1659 3157 τρέχων,
1690 3086 1720 3140 ὁ
1747 3085 1838 3140 διὰ
1867 3088 2127 3156 κυμάτων

552 3170 755 3241 ἀρθεὶς,
781 3172 811 3224 ὁ
849 3171 939 3224 διὰ
987 3173 1236 3243 πολέμων
1265 3174 1552 3246 αὐξηθεὶς,
1607 3179 1657 3233 οἱ
1693 3177 1801 3232 τῶν
1833 3179 2127 3252 μαρτύρων

550 3258 729 3329 δῆμοι,
761 3259 832 3314 τὰ
865 3261 1000 3315 ἄλλα
1032 3263 1266 3321 ἅπαντα.
1310 3267 1488 3322 Πολλά
1524 3269 1581 3322 δὲ
1630 3269 1696 3324 ἀν
1744 3289 1828 3336 τις
1861 3273 1956 3327 καὶ
1982 3273 2125 3329 ίδικά

554 3349 651 3402 ῐδοι
684 3352 777 3404 καὶ
805 3353 862 3405 ἐν
899 3352 1046 3423 οἰκίᾳ
1074 3355 1337 3425 γενόμενα
1366 3357 1640 3428 θαύματα,
1670 3361 1764 3416 καὶ
1800 3362 1857 3415 ἐν
1881 3362 2122 3417 πόλεσιν.

552 3438 713 3524 ’ᾼλλὰ
732 3439 869 3505 τέως
894 3441 961 3494 τά
984 3441 1265 3510 καθολικά,
1284 3446 1377 3498 καὶ
1397 3447 1567 3501 ἅπασι
1583 3449 1718 3520 δῆλα
1741 3452 1836 3506 καὶ
1851 3452 2124 3524 γνώριμα,

558 3522 593 3575 ἀ
634 3525 755 3579 καθ’
792 3528 1027 3600 ἐκάστην
1075 3531 1283 3598 γίνεται
1326 3533 1542 3602 γενεὰν,
1582 3535 1802 3607 ῐδωμεν.
1848 3522 1996 3592 Πόσα
2030 3522 2127 3594 ἐπὶ

563 3612 846 3669 Ἰουλιανοῦ
883 3615 977 3669 τοῦ
1017 3618 1221 3685 πάντας
1264 3621 1489 3693 ἀσεϐείᾳ
1532 3625 1855 3694 νικήσαντος
1910 3626 2122 3695 γέγονε,

548 3702 983 3774 τῆςἘκκλησίας
1007 3705 1417 3779 πολεμουμένης
1440 3727 1454 3773 ς
1496 3711 1638 3765 πόσα
1667 3712 1760 3765 ἐπὶ
1783 3712 2121 3784 Μαξιμίνου;

549 3793 692 3846 πόσα
725 3794 829 3865 πρὸ
854 3795 963 3850 τῶν
992 3797 1214 3852 ἐκείνων
1240 3798 1534 3869 βασιλέων;
1573 3804 1636 3858 Εί
1665 3805 1723 3859 δέ
1755 3806 2010 3877 βούλεσθε
2033 3811 2125 3864 καὶ

547 3881 617 3934 τὰ
649 3883 741 3938 ἐπὶ
771 3887 869 3956 τῆς
916 3891 1109 3956 γενεάς
1152 3892 1433 3961 συμϐάντα
1459 3895 1561 3965 τῆς
1592 3896 1894 3968 ἡμετέρας,
1936 3893 2047 3954 οἷον
2072 3902 2123 3954 οί

550 3977 773 4064 σταυροὶ
813 3978 863 4029 οἱ
907 3978 1050 4033 κατά
1093 3980 1204 4033 τῶν
1248 3983 1478 4053 ἱματίων
1521 3989 1850 4058 χαραγέντες
1903 3992 2121 4064 ἀθρόον,

547 4063 642 4117 τοῦ
680 4065 1010 4132 Ἀπόλλωνος
1037 4070 1099 4123 τὸ
1141 4073 1283 4142 ἱερὸν
1313 4076 1376 4128 τὸ
1406 4076 1634 4147 σκηπτῷ
1662 4080 2005 4151 κατενεχθέν,
2029 4082 2121 4136 τοῦ

548 4154 703 4219 ἁγίου
737 4156 1011 4231 μάρτυρος
1040 4161 1257 4217 Βαϐύλα
1282 4166 1377 4219 τοῦ
1423 4167 1481 4220 ἐν
1510 4168 1694 4240 Δάφνῃ
1726 4173 1759 4242 ὴ
1809 4173 2120 4242 μετάθεσις,

548 4248 696 4320 καὶὴ
737 4249 948 4322 φανερὰ
977 4251 1100 4323 νίκη
1133 4255 1166 4323 ή
1203 4254 1345 4309 κατά
1377 4257 1471 4311 τοῦ
1498 4257 1773 4331 δαίμονος,
1801 4263 1895 4316 τοῦ
1923 4266 2121 4336 ταμίου

544 4339 654 4393 τῶν
683 4340 976 4411 βασιλικῶν
1003 4346 1302 4415 χρημάτων
1322 4346 1352 4399 ὁ
1377 4349 1673 4418 παράδοξος
1703 4354 1950 4420 Θάνατος,
1981 4358 2120 4429 αὐτὴ

544 4433 578 4502 ή
611 4433 703 4486 τοῦ
741 4434 1004 4504 βασιλέως
1040 4438 1340 4510 ἀναίρεσις,
1374 4440 1543 4495 αὐτοῦ
1589 4443 1683 4497 τοῦ
1717 4443 2004 4499 Ἰουλιανοῦ
2025 4446 2119 4501 τοῦ

546 4519 753 4585 πάντας
782 4522 1007 4596 ἀσεϐείᾳ
1021 4527 1359 4597 νικήσαντος,
1392 4529 1539 4601 καὶὴ
1570 4530 1662 4584 τοῦ
1696 4531 1839 4585 θείου
1867 4532 1960 4586 τοῦ
1982 4534 2122 4588 ἐκεί-

546 4626 638 4663 νου
671 4610 935 4676 ἀπώλεια,
956 4614 1064 4668 τῶν
1103 4614 1398 4687 σκωλήκων
1421 4618 1478 4670 αί
1508 4620 1702 4690 πηγαὶ,
1732 4621 1893 4693 ἐτερα
1929 4625 2116 4695 μυρία,

545 4699 573 4748 ὁ
600 4696 783 4767 λιμὸς,
829 4701 858 4752 ὁ
908 4701 1150 4772 αὐχμὸς,
1203 4705 1236 4775 ἡ
1269 4706 1377 4758 τῶν
1404 4706 1613 4761 ύδάτων
1653 4711 1880 4774 σπάνις,
1936 4714 1968 4784 ή
2001 4716 2117 4784 μετ’

546 4787 710 4840 αὐτοῦ
753 4792 873 4854 ταῖς
925 4791 1142 4847 πόλεσιν
1185 4794 1526 4866 ἐμπεσοῦσα,
1581 4799 1677 4853 καὶ
1725 4800 1889 4875 ἐτερα
1948 4803 2119 4876 μυρία.

545 4881 836 4953 πανταχοῦ.

616 4971 678 5027 ε’.
702 4974 812 5026 Καὶ
827 4976 884 5029 ἐν
904 4974 1239 5052 Παλαιστίνῃ
1255 4978 1323 5032 τά
1336 4979 1454 5033 τότε
1474 4982 1752 5052 συμϐάντα
1771 4984 1992 5053 ἔγνωτε.
2005 4986 2119 5041 Καὶ

545 5061 653 5134 γάρ
673 5064 834 5134 ήνίκα
856 5065 948 5119 τὸν
970 5065 1097 5121 ναὸν
1119 5070 1323 5122 ἐκεῖνον
1343 5070 1434 5124 τὸν
1453 5075 1517 5144 τῇ
1540 5073 1706 5145 ψήφῳ
1720 5074 1813 5128 τοῦ
1831 5076 1965 5130 Θεοῦ
1988 5076 2121 5131 καθ-

544 5154 829 5224 αιρεθέντα
852 5156 1217 5230 ἀνοικοδομεῖν
1240 5159 1519 5215 ἐϐούλοντο
1535 5163 1793 5228 Ἰουδαῖοι,
1821 5165 1932 5237 πῦρ
1962 5164 2116 5239 [272]

545 5247 610 5300 ἐκ
652 5246 760 5300 τῶν
818 5247 1081 5318 θεμελίων
1125 5250 1438 5323 ἐκπηδῆσαν
1476 5252 1722 5318 ἅπαντας
1766 5255 1963 5327 ήλασε,
2022 5258 2118 5311 καὶ

547 5342 818 5410 μαρτυρεῖ
840 5342 900 5393 τὸ
929 5341 1087 5412 ἔργον
1115 5343 1398 5399 ἀτέλεστον
1423 5348 1633 5417 μεῖναν.
1664 5349 1989 5419 Οίκτίρμων
2016 5351 2116 5405 καὶ

595 5510 632 5584 ξᾼ
658 5503 1194 5584 ξίρ-ἓογιίίζει-Βεε.
1238 5508 1412 5584 Mqrel.
1461 5528 1578 5584 gero
1613 5523 1697 5577 τῆς
1731 5519 1956 5584 πονηρίας
1991 5521 2119 5572 ἀπά-

547 5578 652 5637 ens,
666 5572 970 5637 ggntqnligm
993 5572 1279 5637 relinquens
1307 5572 1663 5637 imperfectam;

549 5624 768 5734 et:
798 5627 1038 5681 ἐπαύσατο
1059 5624 1242 5686 ὀεὲηί
1264 5637 1315 5686 in
1337 5624 1511 5689 M'orel:
1526 5624 1870 5692 habetur
1894 5639 1944 5692 in
1964 5642 2115 5696 Savil.

1317 312 1374 368 S.
1412 313 1694 368 JUANNIS
1730 311 2217 369 CIIRYSOSTOMI
2250 312 2571 374 ARCIIIEP.
2610 318 3163 380 CONSTANTINOP.
3674 333 3752 389 286

2244 408 2517 502 ἐλεήμων
2543 440 2577 493 ό
2605 439 2818 509 Κύριος
2834 442 3061 511 τροφὴν
3086 443 3268 497 ἔδωκε
3294 445 3413 512 τοῖς
3430 449 3753 519 φοϐουμένοις

2245 526 2448 581 αὐτόν.
2508 529 2869 600 ’Δπαγγείλας
2906 534 3069 589 αὑτοῦ
3102 534 3199 599 τὰς
3241 537 3558 607 εὐεργεσίας,
3581 542 3665 605 τὰς
3691 543 3754 596 διὰ

2244 617 2354 671 τῶν
2384 619 2698 691 θαυμάτων,
2733 627 2832 689 τὰς
2868 626 2957 681 διὰ
2987 629 3095 682 τῶν
3135 628 3334 698 ἔργων,
3363 632 3455 701 τὴν
3484 632 3754 702 κηδεμονίαν

2243 707 2343 779 τὴν
2373 710 2510 782 ύπέρ
2538 712 2695 783 ήμῶν
2722 718 3117 789 γεγενημένην,
3148 720 3245 774 καὶ
3269 718 3442 790 τούτῳ
3469 721 3612 775 πάλιν
3637 721 3756 786 αὔξει

2241 798 2334 852 τὸν
2367 799 2546 870 λόγον,
2575 804 2789 871 δεικνὺς
2816 808 2899 861 ὅτι
2934 808 3172 863 τοσαῦτα
3199 810 3296 863 καὶ
3330 807 3609 881 τηλικαῦτα
3630 810 3757 879 ποιή-

2246 906 2345 955 σας
2371 894 2512 964 ὑπὲρ
2533 898 2632 965 τῆς
2650 898 2924 968 σωτηρίας
2944 900 3043 970 τῆς
3056 900 3166 953 τῶν
3185 901 3497 972 ἀνθρώπων,
3517 900 3604 954 καὶ
3627 897 3757 952 παντὶ

2241 987 2431 1056 τρόπῳ
2458 987 2753 1053 παιδεύσας
2779 992 2993 1057 αὐτοὺς,
3025 995 3121 1047 καὶ
3150 993 3416 1046 παιδεύων
3442 993 3514 1055 είς
3553 991 3639 1061 τὴν
3663 991 3756 1044 θεο-

2242 1073 2482 1139 γνωσίαν
2525 1076 2619 1129 καὶ
2647 1077 2748 1148 τὴν
2789 1080 2965 1149 ἄκραν
2997 1080 3333 1149 φιλοσοφίαν,
3379 1081 3467 1134 καὶ
3495 1075 3757 1147 διακρατῶν

2241 1166 2421 1221 αὐτῶν
2449 1169 2546 1240 τὴν
2580 1168 2749 1243 ζωὴν,
2787 1172 2847 1225 ού
2890 1173 3030 1226 κο.τά
3064 1172 3284 1244 ὀφειλὴν
3319 1171 3470 1226 τοῦτο
3511 1165 3758 1241 ἐργάζεται
3799 1204 3813 1229 ι

2242 1262 2410 1334 (ὅπερ
2444 1264 2671 1335 μεγίστη
2703 1265 2860 1337 χάρις
2890 1266 3086 1331 ἐστὶν),
3123 1264 3261 1319 ἀλλὰ
3303 1265 3369 1318 διν
3396 1263 3532 1316 ἐλεον
3554 1262 3638 1314 καὶ
3666 1258 3760 1326 φιλ-

2240 1351 2575 1423 ανθρωπίαν,
2617 1355 2715 1425 ούχ
2743 1355 2819 1420 ὡς
2858 1355 3020 1420 αύτὺς
3064 1356 3314 1427 δεόμενος
3336 1354 3526 1418 αὐτῶν,
3561 1348 3680 1405 ἀλλὰ
3707 1344 3761 1399 δι’

2238 1444 2550 1516 άγαθότητα
2583 1446 2771 1517 μόνην.
2804 1446 3045 1517 Τροφήν
3067 1448 3251 1503 ἔδωκε
3280 1447 3404 1515 τοῖς
3421 1442 3767 1517 φοϐουμένοις

2236 1535 2445 1590 αὐτόν.
2470 1536 2623 1601 Τίνος
2650 1538 2834 1592 ἐνεκεν
2858 1540 2983 1603 τοὺς
2999 1539 3363 1611 φοϐουμένους
3386 1535 3604 1591 ἐνταῦθα
3623 1532 3764 1585 τέθει-

2238 1642 2367 1691 κεν;
2402 1627 2477 1680 Οὐ
2500 1627 2608 1697 γάρ
2634 1627 2698 1698 δὴ
2747 1629 2939 1699 μόνους
2975 1629 3173 1693 αὐτοὺς
3202 1630 3425 1700 τρέφει..
3452 1628 3556 1681 Καί
3601 1623 3695 1694 γὰρ
3717 1623 3769 1674 ἐν

2235 1714 2313 1784 τῷ
2339 1715 2656 1786 Εὐαγγελίῳ
2672 1717 2857 1787 φησὶν,
2890 1718 3011 1771 Ὅτι
3040 1718 3357 1772 ἀνατέλλει
3381 1714 3485 1769 τὸν
3516 1712 3671 1781 ἥλιον
3684 1709 3763 1763 ἐπὶ

2235 1804 2539 1872 πονηροὺς
2570 1804 2671 1859 καὶ
2717 1805 2995 1875 ἀγαθοὺς,
3030 1805 3128 1860 καί
3165 1806 3373 1874 ,βρέχει
3411 1804 3505 1858 ἐπί
3537 1801 3765 1864 δικαίους

2236 1894 2335 1949 καὶ
2362 1896 2629 1962 ἀδίκους.
2682 1897 2806 1961 Πῶς
2835 1892 2926 1951 οὖν
2952 1893 3096 1960 εἷπε,
3128 1896 3260 1962 Τοῖς
3287 1892 3659 1976 φοϐουμένςις
3674 1890 3762 1943 αὖ·

2236 1984 2343 2037 τόν
2366 2000 2384 2047 ;
2413 1984 2630 2055 Τροφὴν
2655 1985 2889 2039 ἐνταῦθα
2916 1985 3061 2039 δοκεῖ
3087 2001 3179 2055 μοι
3202 1984 3383 2051 λέγειν
3403 1982 3462 2035 ού
3486 1979 3578 2050 τὴν
3611 1990 3764 2043 σωμα-

2234 2069 2411 2142 τικὴνν
2438 2072 2575 2127 ἀλλὰ
2594 2074 2693 2145 τὴν
2714 2074 2813 2142 τῆς
2837 2073 3037 2143 ψυχῆς.
3091 2073 3190 2127 Διά
3219 2072 3379 2125 τοῦτο
3405 2074 3498 2124 καὶ
3531 2067 3648 2137 περὶ
3674 2063 3773 2116 τῶν

2235 2163 2584 2236 φοϐουμένων
2604 2163 2906 2233 διαλέγεται
2931 2164 3089 2235 μόνον
3103 2180 3117 2193 ·
3142 2162 3278 2235 αῦτη
3302 2164 3411 2235 γὰρ
3431 2160 3625 2222 τούτοις
3642 2153 3771 2211 ἐστὶν·

2233 2256 2609 2330 ἀφωρισμένη.
2640 2259 2848 2329 Ὥσπερ
2871 2259 2980 2330 γὰρ
3012 2259 3270 2330 τρέφεται
3299 2257 3475 2328 σῶμα,
3505 2253 3634 2307 οὕτω
3663 2246 3765 2318 τρέ-

2232 2364 2388 2416 φεται
2428 2346 2522 2401 καὶ
2552 2347 2720 2417 ψυχή.
2762 2349 2871 2401 Καὶ
2906 2347 2986 2401 ὅτι
3018 2348 3277 2420 τρέφεται
3326 2348 3519 2400 ἄκουε·
3559 2343 3667 2396 οὐκ
3688 2335 3763 2389 ἐπ’

2231 2439 2385 2507 ἄρτῳ
2416 2441 2583 2509 μόνῳ
2623 2438 2859 2507 ζήσεται
2902 2439 3242 2508 ἄνθρωπος,
3294 2437 3436 2493 ἀλλ’
3478 2435 3572 2490 ἐπὶ
3615 2428 3765 2485 mm:

2225 2531 2443 2600 ῥήματι
2468 2530 2917 2600 ἐκπορευομένῳ
2935 2531 3032 2586 διὰ
3056 2533 3356 2600 στόματος
3383 2527 3544 2584 Θεοῦ.
3582 2522 3764 2589 Ταύτην

2228 2618 2322 2675 οῦν
2348 2622 2494 2690 λέγει
2533 2623 2632 2693 τὴν
2666 2621 2891 2693 τροφὴν,
2927 2623 2992 2693 ην
3031 2621 3324 2693 ἐξαιρέτως
3370 2619 3533 2673 ἔδωκε
3559 2617 3661 2677 τοῖς
3686 2627 3764 2681 φο·

2230 2713 2512 2783 ϐουμένοις
2538 2712 2720 2777 αὐτὸν,
2753 2713 2851 2785 τὴν
2873 2712 2962 2767 διά
2991 2713 3084 2768 τοῦ
3117 2712 3276 2782 λόγου
3312 2708 3662 2767 διδασκαλίαν,
3685 2702 3765 2772 τὴν

2229 2802 2529 2867 παίδευσιν,
2571 2801 2670 2874 τὴν
2718 2802 3035 2870 φιλοσοφίαν
3081 2800 3318 2857 ἃπασαν.
3376 2794 3765 2866 Μνησθήσεται

2226 2895 2313 2960 εἷς
2340 2894 2448 2948 τὸν
2472 2892 2659 2948 αἰῶνα
2685 2893 2973 2959 διαθήκης
2993 2892 3200 2948 αὐτοῦ.
3224 2894 3396 2948 Πάλιν
3427 2885 3764 2946 καταστέλλων

2225 2985 2334 3037 τῶν
2376 2984 2641 3039 Ἰουδαίων
2689 2984 2787 3057 τὴν
2828 2985 3117 3050 ἀπόνοιαν,
3153 2986 3248 3039 καὶ
3287 2985 3383 3039 τὸν
3425 2982 3587 3052 τῦφον
3616 2974 3773 3033 αὐτῶν

2228 3077 2683 3147 ὑποτεμνόμενος,
2719 3075 2917 3148 μᾶλλον
2940 3077 2998 3129 δὲ
3030 3075 3262 3141 δεικνὺς,
3289 3077 3375 3130 ὅτι
3411 3074 3519 3128 τῶν
3553 3066 3767 3138 ἀγαθῶνν

2226 3160 2302 3220 ὧν
2334 3165 2677 3238 ἀπήλαυσαν,
2706 3165 2767 3219 οὐ
2801 3165 2890 3219 διὰ
2924 3164 3021 3237 τὴν
3058 3165 3215 3231 ἀξίαν
3242 3165 3565 3238 ἀπήλαυσαν
3587 3159 3676 3227 τὴν
3700 3155 3760 3208 οἱ·

2225 3258 2398 3325 κείαν,
2429 3257 2565 3312 ἀλλά
2600 3257 2688 3311 διὰ
2718 3256 2815 3329 τὴν
2856 3256 3034 3327 φιλίαν
3065 3255 3227 3311 αὐτοῦ
3252 3257 3353 3329 τὴν
3384 3256 3518 3327 πρδς
3544 3254 3659 3314 τοὺς
3682 3263 3764 3300 παρ’

2224 3355 2408 3425 τέρας,
2430 3351 2524 3407 καὶ
2551 3352 2650 3415 τάς
2694 3350 2968 3421 συνθήκας
3004 3351 3103 3417 τὰς
3140 3351 3273 3423 πρὸς
3301 3351 3544 3413 ἐκείνους
3576 3359 3772 3416 γεγενη-

2227 3446 2416 3514 μένας,
2459 3444 2592 3517 φησί
2612 3462 2624 3477 ·
2660 3444 3087 3513 Μνησθήσεται
3112 3445 3199 3509 εὶς
3230 3442 3340 3496 τὸν
3380 3441 3565 3496 αῖῶνα
3592 3431 3765 3496 δωθιὶ’

2223 3548 2336 3599 κης
2355 3531 2538 3586 αὐτοῦ
2558 3548 2571 3562 ·
2625 3531 2768 3601 ὅπερ
2822 3531 2915 3584 καὶ
2942 3530 3175 3609 Μωῦσῆς
3206 3528 3574 3602 παρήγγειλεν
3612 3520 3773 3581 αὐτοῖς

2223 3617 2483 3672 εἰσιοῦσιν
2516 3620 2596 3682 είς
2619 3619 2718 3690 τὴν
2748 3618 2850 3689 γῆν
2879 3619 2978 3689 τῆς
3009 3618 3340 3687 ἐπαγγελίας
3367 3618 3547 3685 λέγειν
3576 3610 3664 3666 καὶ
3693 3609 3765 3660 ἐν·

2223 3708 2385 3759 νοεῖν.
2434 3706 2569 3760 Ἐὰν
2596 3705 2704 3777 γάρ
2736 3705 3161 3774 οἱκοδομήσῃς,
3202 3704 3361 3774 φησὶ,
3396 3704 3603 3765 πόλεις
3640 3697 3766 3763 λαμ·

2222 3796 2398 3863 πρὰς,
2417 3796 2513 3850 καὶ
2542 3795 2831 3864 περιϐάλῃ
2855 3795 3121 3849 πλοῦτον
3139 3793 3480 3863 χρημάτων,
3497 3790 3580 3861 μὴ
3599 3787 3764 3849 εἴπῃς,

2222 3882 2312 3936 ὅτι
2348 3882 2450 3937 Διά
2473 3882 2589 3951 τὴν
2615 3882 3015 3949 δικαιοσύνην
3038 3898 3157 3951 μου
3185 3879 3379 3934 ταῦτα
3408 3872 3767 3948 ﬂrenti!-

2221 3970 2304 4024 λὰ
2334 3969 2431 4023 διὰ
2453 3971 2561 4034 τὰς
2593 3968 2908 4035 συνθήκας
2927 3969 3034 4034 τὰς
3056 3967 3206 4036 πρὸς
3219 3966 3364 4033 τοὺς
3389 3964 3638 4032 πατέρας
3652 3974 3764 4012 σου.

2223 4056 2389 4110 Ούδέν
2418 4056 2525 4127 γὰρ
2556 4056 2812 4118 ἀπονοίας
2848 4057 3026 4125 χεῖρον
3047 4071 3063 4085 ο
3114 4053 3203 4107 διὰ
3235 4052 3399 4106 τοῦτο
3421 4051 3582 4105 παντὶ
3612 4044 3768 4116 τρόπῳ

2222 4143 2316 4197 καὶ
2329 4141 2619 4206 διαπαντὸς
2641 4144 2670 4196 ὁ
2685 4142 2816 4205 Θεὸς
2834 4141 3088 4195 ἐκκόπτει
3109 4140 3278 4210 αὐτὴν
3301 4138 3563 4209 συνεχῶς.
3598 4129 3770 4202 Ἰσγίφ·

2220 4229 2410 4298 ἔργων
2427 4227 2615 4284 αὑτοῦ
2640 4226 2957 4297 ἀνήγγειλε
2979 4226 3056 4293 τῷ
3077 4225 3204 4292 λαῷ
3226 4226 3440 4290 αὐτοῦ,
3461 4224 3568 4278 τοῦ
3587 4216 3702 4274 δοῖιτ
3712 4229 3766 4265 αι

2219 4314 2424 4382 αὐτοῖς
2439 4316 2846 4385 κληρονομίαν
2866 4313 3070 4369 ἐθνῶν.
3110 4313 3242 4368 Ἀπὸ
3256 4314 3368 4367 τῶν
3384 4306 3673 4367 καθολικῶν·
3697 4299 3769 4354 επὶ

2218 4403 2289 4456 τά
2314 4403 2517 4474 μερικά
2553 4403 2781 4473 μετάγει
2805 4403 2894 4456 τὸν
2919 4402 3109 4469 λόγον·
3142 4400 3250 4455 ἀπὸ
3274 4401 3386 4454 τῶν
3420 4398 3561 4453 κατά
3594 4393 3685 4465 τὴν
3707 4387 3768 4439 υί-

2220 4486 2490 4558 κουμένην
2530 4486 2837 4556 γενομένων
2861 4523 2877 4549 ,
2922 4485 3013 4538 ἐπὶ
3055 4485 3121 4538 τά
3167 4483 3443 4547 Ἰουδαίοις
3494 4476 3766 4549 συμδάντα·

2219 4572 2471 4627 Μάλιστα
2500 4572 2577 4634 δέ,
2604 4572 2658 4625 εῐ
2680 4588 2765 4635 τις
2786 4570 3025 4642 ἀκριϐῶς
3053 4570 3347 4635 ἐξετάσειε,
3382 4571 3478 4622 καὶ
3504 4564 3666 4623 ταῦτα
3688 4573 3768 4612 κα·

2220 4660 2447 4716 θολικῶν
2476 4660 2661 4730 ἐπέχει
2687 4659 2860 4725 τάξιν.
2908 4659 2990 4712 Τὰ
3023 4658 3129 4730 γὰρ
3164 4659 3244 4723 είς
3275 4658 3479 4718 αὐτοὺς
3508 4650 3764 4722 γινόμενα.

2216 4752 2329 4813 τοῖς
2359 4748 2540 4812 ἄλλοις
2567 4746 2901 4801 διδασκαλίαι
2928 4745 3189 4815 ἐγίνοντο,
3223 4746 3319 4800 καὶ
3343 4745 3393 4798 οί
3416 4742 3655 4812 πόλεμοι,
3691 4730 3768 4785 καὶ

2216 4836 2286 4890 τά
2309 4836 2565 4907 τρόπαια,
2586 4834 2678 4889 καὶ
2699 4835 2757 4888 αἱ
2782 4834 2928 4887 νῖκαι
2949 4833 3068 4886 ἀντὶ
3085 4831 3439 4903 κηρύγματος
3463 4830 3657 4901 ἢρκουν
3674 4820 3768 4907 τοῖς

2218 4905 2595 4994 προσέχουσιν.
2618 4921 2692 4975 Οὐ
2714 4919 2819 4992 γὰρ
2837 4918 3124 4989 ἀκολουθίᾳ
3140 4917 3479 4990 ἀνθρωπίνῃ.
3499 4912 3630 4969 ἀλλά
3650 4905 3768 4972 ὑπὲρ

2216 5011 2375 5078 λόγον
2401 5008 2575 5063 ταῦτα
2604 5008 2905 5062 συνέϐαινε.
2944 5005 3081 5060 Ποία
3108 5004 3218 5077 γὰρ
3257 5002 3551 5059 ἀκολουθία
3586 4995 3766 5078 ἐκείνη)

2220 5076 2590 5161 σαλπιξόντων
2626 5092 2807 5149 αὐτῶν
2840 5092 2911 5148 τὰ
2949 5091 3104 5162 τείχη
3147 5088 3617 5149 καταϐάλλεσθαι,
3688 5076 3768 5133 καὶ

2217 5186 2450 5252 γυναῖκα
2490 5178 2898 5253 στρατηγοῦσαν
2937 5185 3093 5251 νικάν
3124 5179 3218 5232 καὶ
3250 5175 3639 5247 περιγίνεσθαι,
3689 5163 3768 5253 κα)

2218 5249 2430 5323 παιδίον
2465 5249 2661 5339 μικρὸν
2680 5249 3057 5339 ’βαρϐαρικούς
3078 5264 3345 5335 πολέμους
3374 5260 3659 5316 καταλύειν
3677 5249 3768 5339 ἀπὸ

2217 5352 2367 5406 λίθου
2418 5331 2582 5422 βὸλῆξ
2608 5331 2776 5423 μιάςξ
2822 5331 2931 5405 Kh!
2969 5349 3132 5418 ἔτερα
3163 5331 3227 5401 δέ
3255 5346 3392 5403 ἀλλα
3423 5341 3575 5429 [2755]
3616 5331 3767 5429 εἶπέν

2216 5436 2342 5502 δοξα
2363 5421 2585 5489 τοιαῦτα
2613 5421 2960 5487 συνέϐαινεν.
3003 5431 3159 5485 Οὕτω
3191 5430 3299 5484 τῶν
3325 5427 3600 5519 πολεμίων
3624 5421 3767 5519 ἐκρςῖ

2215 5541 2409 5594 τησαν,
2457 5521 2603 5577 οὕτω
2633 5522 2731 5592 τῆς
2759 5519 3118 5606 Παλαιστίνης
3149 5517 3423 5606 ξξέδαλον·
3471 5514 3650 5606 -Ὅίταῗ

2216 5610 2372 5680 λέγῃ,
2412 5607 2624 5677 Ἰσχὺν
2635 5607 2824 5677 ἔργων
2852 5604 3039 5661 αὐτοῦ
3065 5604 3387 5674 ἀνήγγειλε
3422 5600 3504 5665 τῷ
3529 5600 3650 5658 λαῷ
3684 5600 3771 5680 φῖ·

2222 5670 2539 5765 τοῦ-,οὐδὲν
2557 5670 2686 5750 ἀλλο
2711 5670 2878 5765 λέγει,
2906 5692 2939 5766 ἢ
2962 5695 3044 5748 ὅτι
3071 5670 3342 5762 ἐπέδειξεν
3373 5686 3539 5746 αὐτοῦ
3570 5684 3661 5758 τὴν
3690 5670 3768 5731 δό-
