4064 6416
323 327 435 387 285

332 438 598 505 conﬁdas,
623 435 669 491 si
698 434 754 489 in
784 443 914 503 pace
943 425 1108 479 vitam
1144 416 1347 474 ﬁnieris
1399 431 1413 467 :
1463 418 1744 481 postquam
1781 397 1926 454 enim

334 536 462 590 hinc
492 524 814 589 excesseris,
847 517 1086 576 omnium
1127 508 1318 566 reddes
1346 503 1633 567 rationem,
1679 490 1931 563 nequitia:

333 626 519 683 debita
556 621 755 677 solves.
786 616 925 671 Deus
951 609 1095 667 enim
1117 616 1333 675 semper
1360 608 1603 659 manens,
1626 596 1931 646 manentem

333 733 560 790 semper
590 713 750 769 habet
775 706 1058 781 justitiam,
1101 699 1187 756 cui
1224 709 1372 752 mors
1401 689 1537 747 nihil
1573 681 1831 742 rescindit
1867 677 1936 734 de

333 784 785 866 remuneratione
807 798 1047 855 laborum
1075 807 1172 862 pro
1196 789 1394 842 virtute
1418 786 1813 849 susceptorum,
1835 784 1936 825 nec

342 904 411 960 de
438 897 769 968 irrogatione
793 887 1179 960 suppliciorum
1209 894 1328 950 quae
1359 873 1624 931 debentur
1650 863 1863 922 sceleri.

419 956 675 1050 Μὶν-αἰκία
718 956 913 1057 semper
955 981 1092 1035 Deus
1139 970 1442 1047 [acit.—-4.
1489 961 1791 1020 Memoriam
1823 956 1942 1057 {coit

344 1048 659 1140 mirabilium
700 1048 927 1132 suorum.
976 1068 1113 1137 Quid
1157 1072 1275 1129 est,
1317 1056 1615 1115 Memoriam
1642 1051 1756 1123 fecit
1785 1048 1943 1101 mira-

348 1139 527 1232 bilium
551 1169 795 1228 suorum?
820 1166 1139 1234 Numquam,
1167 1155 1358 1226 inquit,
1385 1145 1643 1206 miracula
1666 1142 1841 1198 facere
1864 1139 1944 1191 in-

351 1266 602 1325 termisit.
632 1262 747 1318 Hoc
772 1258 915 1315 enim
943 1231 1048 1322 est,
1075 1249 1373 1307 Memoriam
1398 1243 1534 1316 fecit,
1559 1254 1665 1295 non
1691 1231 1943 1296 cessavit,

353 1380 463 1420 non
513 1357 719 1416 destitit
750 1369 848 1426 per
886 1364 1103 1407 omnem
1143 1342 1544 1417 generationem
1583 1335 1763 1391 facere
1792 1329 1950 1384 mira-

355 1457 498 1518 cula,
530 1461 585 1508 et
609 1466 705 1520 per
730 1461 821 1503 res
844 1440 1187 1498 admirabiles
1222 1434 1459 1492 excitare
1489 1425 1802 1484 crassiores.
1843 1418 1946 1487 Qui

357 1558 444 1607 est
478 1517 626 1601 enim
651 1539 869 1597 excelso
895 1535 1076 1591 animo
1113 1540 1169 1587 et
1210 1523 1565 1600 philosophiae
1604 1517 1807 1583 dedito,
1838 1528 1949 1569 non

357 1654 497 1711 opus
530 1633 749 1691 habebit
774 1630 943 1702 signis
975 1645 989 1683 :
1021 1624 1166 1680 Beati
1209 1621 1354 1677 enim
1379 1616 1465 1687 qui
1493 1630 1596 1669 non
1622 1609 1870 1670 viderunt,
1902 1613 1950 1661 et

357 1702 680 1791 crediderunt
705 1723 886 1796 (Joan.
911 1720 1002 1775 20.
1034 1717 1147 1788 29).
1176 1710 1441 1783 Quoniam
1471 1714 1649 1762 autem
1694 1702 1809 1772 ipse
1843 1712 1950 1796 non

358 1836 552 1879 eorum
582 1812 950 1874 tantummodo
979 1822 1161 1865 curam
1186 1805 1345 1876 gerit,
1387 1798 1482 1856 sed
1514 1798 1676 1853 etiam
1719 1789 1953 1848 crassio-

361 1929 506 1981 rum,
532 1912 585 1966 in
611 1906 759 1966 omni
804 1905 919 1961 fere
952 1898 1296 1973 generatione
1325 1908 1432 1948 non
1474 1896 1652 1945 cessat
1697 1879 1955 1939 miracula

360 2006 547 2062 edere.
584 2000 724 2057 Satis
745 1995 961 2070 quidem
984 2003 1233 2062 magnum
1262 1996 1345 2043 est
1370 1978 1683 2039 miraculum
1704 1975 1955 2031 universa

366 2114 553 2156 eorum
592 2110 712 2167 qua:
749 2068 999 2147 videntur
1034 2082 1236 2140 creatio
1263 2097 1278 2135 :
1308 2076 1402 2135 sed
1444 2084 1625 2130 tamen
1665 2068 1957 2126 multorum

364 2158 668 2249 socordiam
698 2186 959 2246 excitans,
986 2180 1040 2235 in
1066 2175 1245 2233 medio
1266 2172 1372 2227 hoc
1396 2168 1607 2224 theatro
1627 2172 1683 2219 et
1708 2158 1956 2232 privatim

370 2293 426 2340 et
462 2279 673 2353 publice
718 2275 886 2357 multa
911 2267 1152 2327 ostendit
1179 2260 1468 2324 mirabilia,
1496 2258 1633 2312 sicut
1670 2250 1957 2357 diluvium,

369 2377 677 2445 linguarum
729 2341 1131 2426 confdsionem,
1179 2354 1537 2412 Sodomorum
1580 2341 1961 2413 conﬂagratio-

370 2439 521 2531 ucm,
554 2477 673 2534 qua:
700 2456 950 2521 Abrahae,
977 2468 1095 2523 qua:
1116 2448 1284 2513 Isaac,
1312 2459 1431 2515 qua:
1457 2439 1622 2499 Jacob
1642 2440 1961 2497 evenerunt,

371 2527 586 2630 quasin-
606 2551 838 2622 Egypto
866 2547 1004 2601 facta
1032 2551 1176 2604 sunt,
1218 2553 1337 2610 quae
1365 2537 1416 2590 in
1444 2533 1587 2590 exitu
1627 2527 1963 2590 Judaaoruw,

373 2617 497 2721 qua:
525 2647 580 2700 in
604 2617 912 2704 solitudine,
944 2651 1063 2707 qua:
1092 2635 1145 2688 in
1177 2630 1461 2687 Palaestina
1479 2666 1495 2693 ,
1522 2639 1645 2694 qua:
1675 2617 1965 2691 Babylone,

376 2715 500 2813 quae
526 2746 649 2809 post
667 2732 919 2797 reditum,
943 2741 1062 2799 quae
1087 2734 1329 2795 tempore
1349 2715 1827 2774 Macchabaeorum,
1850 2720 1971 2777 quae

380 2798 505 2903 post
526 2798 722 2883 hbristi
747 2798 1054 2885 adventum,
1081 2830 1200 2887 qua:
1236 2814 1289 2868 in
1328 2811 1447 2882 ipso
1488 2806 1743 2867 adventu,
1774 2814 1894 2871 qua:
1919 2798 1972 2852 in

380 2927 529 2983 diem
559 2920 878 2976 hodiernum
910 2926 1081 2983 usque
1107 2910 1257 2975 liunt,
1291 2905 1447 2960 ruina
1492 2895 1972 2969 Jerosolymorum,

382 3011 668 3073 aediﬁcatio
687 3006 960 3070 Ecclesiae,
980 3001 1202 3058 verbum
1232 2995 1375 3068 quod
1395 3003 1824 3063 quoquoversum
1854 2998 1977 3052 per-

385 3107 556 3172 vadit,
569 3101 709 3175 quod
730 3115 828 3172 per
846 3097 1039 3153 ﬂuctus
1065 3084 1305 3161 erigitur,
1330 3102 1427 3159 per
1450 3082 1588 3140 bella
1601 3076 1975 3175 ampliﬁcat-ur,

395 3164 692 3267 martvrum
730 3164 925 3253 iurbaz,
957 3185 1168 3254 aliaque
1186 3179 1388 3235 omnia.
1416 3174 1579 3231 Multa
1604 3179 1783 3226 autem
1812 3164 1982 3221 videri

400 3259 612 3359 possunt
639 3293 694 3342 et
713 3278 980 3354 privatim,
1004 3286 1059 3331 et
1079 3276 1130 3330 iu
1157 3273 1339 3337 domo,
1367 3268 1496 3325 etin
1520 3263 1825 3321 civitatibus
1845 3259 1982 3313 facta

398 3349 668 3438 iuiracula.
695 3349 801 3433 Sed
830 3387 950 3444 qua:
978 3376 1103 3425 sunt
1129 3363 1417 3437 generalia,
1447 3367 1504 3417 et
1538 3356 1787 3413 omnibus
1817 3349 1984 3407 mani-

395 3472 532 3527 l'esta
565 3484 628 3525 ac
653 3465 883 3538 cognita,
923 3471 976 3517 et
1015 3473 1135 3530 quae
1165 3455 1298 3511 ﬁunt
1325 3454 1379 3509 in
1408 3463 1722 3521 unaquaque
1762 3457 1988 3517 genera-

397 3566 567 3629 tione,
594 3559 885 3615 videamus.
916 3556 1056 3620 Quot
1078 3549 1291 3605 Juliauo
1325 3546 1642 3615 imperante,
1683 3539 1773 3610 qui
1800 3548 1988 3592 omnes

398 3627 675 3725 impietate
729 3644 1035 3721 superavit,
1089 3640 1214 3697 dum
1268 3642 1664 3708 oppugnaretur
1713 3627 1987 3691 Ecclesia,

400 3722 540 3801 facta
565 3740 725 3797 sunt?
744 3747 875 3810 quot
898 3731 1224 3791 Maximino?
1248 3736 1378 3800 quot
1402 3734 1526 3782 ante
1550 3725 1681 3780 istos
1701 3722 1994 3793 Imperato-

400 3837 532 3895 res?
562 3834 669 3891 Sed
696 3833 742 3888 si
769 3830 956 3895 vultis,
1001 3841 1065 3882 ea
1104 3825 1264 3881 etiam
1301 3834 1421 3892 quae
1459 3819 1512 3873 in
1554 3825 1734 3871 nostra
1765 3824 1996 3884 genera-

405 3932 553 3985 tione
576 3930 892 3987 evenerunt,
924 3931 1120 3989 nempe
1145 3926 1336 3971 cruces
1365 3918 1587 3980 repente
1612 3909 1667 3963 in
1699 3905 1994 3961 veStimen-

406 4024 480 4079 tis
515 4021 786 4089 impressae
824 4012 939 4085 (a),
981 4007 1244 4080 Apollinis
1291 4003 1545 4075 templum
1590 3998 1810 4055 fulmine
1845 3994 1997 4066 deje-

408 4130 587 4186 ctum,
639 4117 811 4175 sancti
864 4109 1115 4185 martyris
1162 4105 1377 4178 Babyla:
1411 4102 1501 4175 qui
1543 4102 1595 4156 in
1640 4097 1857 4170 Daphne
1885 4102 2000 4150 erat

416 4211 695 4269 translatio
720 4209 820 4281 (b),
848 4214 904 4261 et
929 4213 1114 4276 aperta
1144 4201 1403 4256 adversus
1431 4196 1729 4251 da-monem
1756 4188 1998 4255 victoria,

410 4302 699 4376 qtmstoris
750 4295 1109 4368 imperatoria:
1153 4291 1394 4363 pecunia:
1443 4286 1715 4356 inopinata
1761 4297 1906 4337 mors
1948 4288 2004 4335 et

411 4374 764 4458 admirabilis,
794 4390 959 4462 ipsius
988 4382 1331 4454 Imperatoris
1358 4379 1555 4442 caades,
1585 4377 1751 4447 ipsius
1789 4374 2003 4442 inquam

414 4486 635 4552 Juliani,
665 4484 754 4555 qui
783 4494 971 4536 omnes
1014 4476 1288 4547 impietate
1313 4471 1538 4537 vicerat,
1569 4479 1623 4524 et
1666 4465 1912 4521 avunculi
1953 4464 2009 4518 il-

413 4580 521 4634 lius
560 4576 822 4641 interitus,
853 4572 1117 4627 vermium
1163 4567 1366 4628 fontes,
1409 4562 1619 4631 aliaque
1650 4556 2012 4613 innumerabi-

419 4671 513 4735 lia,
557 4666 748 4729 fames,
793 4663 1009 4718 siccitas
1051 4666 1105 4714 et
1145 4655 1420 4719 sterilitas,
1460 4665 1718 4722 aquarum
1765 4647 2010 4718 penuria,

418 4774 541 4830 quise
572 4773 674 4813 una
703 4771 826 4812 cum
862 4769 928 4809 eo
960 4750 1206 4808 civitates
1241 4746 1455 4808 invasit,
1484 4752 1539 4798 et
1565 4741 1668 4795 alia
1706 4739 1902 4811 ubique
1927 4739 2012 4793 in-

420 4867 665 4909 numera.

496 4945 550 5000 5.
594 4943 669 4998 Ea
696 4954 909 5011 quoque
955 4951 1074 5006 quae
1123 4936 1175 4990 in
1206 4931 1488 4989 Palzestina
1530 4937 1655 4983 tunc
1700 4935 2015 4992 evenerunt,

418 5032 780 5107 cognovistis.
804 5031 1032 5098 Quando
1060 5028 1202 5084 enim
1226 5023 1354 5081 illud
1383 5023 1660 5092 templum,
1686 5020 1867 5076 divina
1889 5034 2017 5075 sen-

422 5128 593 5181 tentia
621 5124 878 5191 dirutum,
901 5136 1086 5177 rursus
1110 5118 1380 5174 ludiﬁcare
1404 5115 1653 5170 volebant
1672 5112 1864 5179 Judaei,
1885 5112 2020 5183 ignis

495 5278 570 5341 (a)
600 5283 697 5341 me
725 5286 896 5341 cruces
933 5274 983 5322 in
1025 5269 1334 5341 vestimentis
1379 5269 1647 5341 impressaa_
1671 5264 1988 5341 observanda
2007 5302 2022 5325 ,

432 5327 609 5404 quales
632 5337 780 5404 etiam
812 5336 939 5404 visas
973 5346 1089 5383 esse
1112 5339 1331 5404 narratur
1359 5327 1716 5404 multlspostea
1741 5327 2029 5404 elajsislsaa-

432 5390 579 5459 c'ulis,
600 5398 793 5462 quando
816 5399 867 5462 in
887 5404 1085 5462 Terram
1105 5390 1688 5462 sanctamespeditiones
1701 5390 2030 5462 suscipieban-

435 5451 532 5513 tur.
553 5451 667 5520 Quae
689 5472 810 5509 vero
832 5458 897 5508 de
923 5455 1106 5520 templo
1131 5453 1366 5520 Apollinis
1387 5451 1590 5520 (uimine
1616 5459 1758 5520 tacto,
1784 5451 1848 5520 de
1874 5458 2028 5520 trans-

438 5511 620 5575 latione
661 5521 814 5569 sancti
859 5511 1045 5581 Babyla'a
1067 5511 1253 5581 ,_et'c.,_
1291 5516 1793 5581 pluribusnarrantur
1830 5514 1878 5562 iu
1920 5511 2030 5562 Vita

437 5583 779 5649 Chrysostomi.
803 5575 972 5649 neque
991 5575 1075 5630 his
1087 5579 1185 5649 jam
1209 5575 1413 5641 plurima
1435 5577 1558 5626 dixit
1592 5575 1962 5639 Chrysostomus
1982 5577 2030 5623 in

442 5640 661 5698 mcbmio
682 5650 727 5693 S.
756 5640 954 5706 Babyl'te,
979 5640 1113 5706 Tom.
1141 5640 1204 5689 ll.

503 5708 578 5772 (ὁ)
610 5714 721 5756 Haec
738 5706 830 5754 sub
846 5699 1031 5755 Juliauo
1052 5703 1177 5754 facta
1201 5708 1278 5752 est
1300 5699 1612 5762 reliquiarum
1634 5699 1900 5753 translatto.

1453 286 1816 354 EXPOSITIO
1855 281 1920 339 IN
1959 275 2279 337 PSALMUM
2309 274 2421 331 CX.

3520 255 3628 313 986

2038 390 2126 461 qui
2153 403 2185 443 e
2211 383 2567 442 fundamentis
2592 380 2789 438 cxsiliit
2806 391 2994 434 omnes
3020 373 3215 443 abegit,
3239 379 3293 427 et
3316 369 3371 427 id
3401 377 3635 424 testatur

2038 460 2174 551 opus
2201 477 2345 549 quod
2376 476 2573 532 mansit
2600 471 2992 543 imperfectum.
3020 467 3311 523 Misericors
3336 472 3381 517 et
3416 460 3631 516 misera-

2038 582 2118 626 tor
2146 569 2396 624 Dominus
2434 568 2487 622 5.
2520 581 2684 620 escam
2732 562 2867 617 dedit
2896 557 3182 615 timentibus
3220 572 3293 610 se.
3342 553 3631 622 Postquam

2041 659 2378 716 annuntiavit
2426 656 2518 711 Dei
2571 651 2851 735 beneﬁcia,
2880 665 3000 721 quae
3035 663 3131 719 per
3175 644 3431 700 miracula
3460 651 3514 697 et
3542 655 3638 711 per

2038 765 2204 820 opera
2247 752 2464 817 accepta
2510 752 2657 808 sunt,
2688 756 2751 796 ac
2773 730 2956 796 curam
2989 752 3148 807 quam
3176 733 3349 791 nostri
3393 731 3552 803 gerit,
3585 730 3638 784 in

2043 857 2111 897 eo
2140 853 2352 896 rursum
2398 834 2690 907 ampliﬁcat
2720 831 3040 896 orationem,
3070 826 3358 883 ostendens
3387 838 3508 880 eum
3549 821 3638 892 qui

2045 944 2124 990 tot
2165 944 2221 990 et
2261 942 2404 987 tanta
2437 928 2564 985 fecit
2606 941 2702 998 pro
2728 925 2902 980 salute
2931 921 3228 983 hominum,
3258 928 3313 974 et
3361 930 3456 972 eos
3493 910 3642 968 omni

2045 1027 2256 1084 ratione
2279 1022 2533 1087 erudivit,
2556 1029 2610 1075 et
2631 1017 2807 1074 erudit
2834 1017 2885 1070 in
2914 1014 3005 1069 Dei
3031 1011 3333 1083 cognitione
3353 1017 3408 1063 et
3431 1020 3641 1062 summa

2047 1115 2408 1188 philosophia,
2437 1125 2729 1181 eorumque
2759 1109 2919 1162 vitam
2963 1107 3107 1158 fovet
3143 1094 3469 1157 et‘sustinet
3489 1139 3502 1159 ,
3536 1111 3642 1150 non

2050 1186 2152 1264 hoc
2182 1205 2361 1262 facere
2388 1219 2455 1259 ex
2482 1201 2663 1258 debito
2694 1197 2869 1271 (quod
2917 1206 3001 1252 est
3031 1192 3257 1249 maxima
3299 1187 3525 1260 gratia),
3548 1186 3642 1242 sed

2048 1306 2267 1372 propter
2295 1310 2445 1351 suam
2495 1290 2835 1348 clementiam
2882 1296 2936 1342 et
2981 1280 3421 1344 misericordiam,
3452 1292 3557 1332 non
3590 1284 3645 1331 ut

2049 1371 2140 1461 qui
2168 1388 2296 1459 ipsis
2322 1393 2494 1456 egeat,
2525 1382 2620 1441 sed
2652 1390 2870 1452 propter
2925 1378 3093 1432 solam
3137 1388 3288 1430 suam
3332 1371 3648 1427 bonitatem.

2056 1459 2239 1534 Escam
2261 1476 2399 1530 dedit
2428 1472 2715 1529 timentibus
2740 1487 2812 1526 se.
2831 1468 2945 1535 Qua
2975 1466 3042 1521 de
3062 1478 3222 1520 causa
3243 1476 3338 1518 eos
3356 1459 3446 1532 qui
3476 1459 3646 1529 ipsum

2058 1572 2247 1625 timent
2287 1567 2375 1622 hic
2414 1563 2635 1637 posuit?
2677 1576 2850 1632 neque
2879 1559 3022 1615 enim
3065 1572 3158 1612 eos
3186 1554 3332 1610 solos
3377 1551 3564 1607 nutrit.
3593 1548 3650 1605 In

2053 1661 2347 1733 Evangelio
2373 1659 2514 1714 enim
2533 1656 2688 1713 dicit:
2712 1654 2813 1722 Qui
2845 1653 3002 1709 solem
3017 1650 3141 1706 oriri
3172 1648 3293 1721 facit
3313 1662 3465 1717 super
3492 1644 3656 1697 "talos

2055 1765 2102 1810 et
2139 1757 2315 1821 bonos,
2340 1762 2386 1808 et
2414 1751 2540 1822 pluit
2565 1765 2715 1820 super
2733 1749 2903 1818 justas
2928 1753 2978 1799 et
3002 1743 3219 1814 iniustos
3239 1738 3450 1814 (Matth.
3470 1734 3654 1806 5.45).

2057 1834 2339 1917 Qbomodo
2367 1858 2495 1915 ergo
2519 1841 2672 1907 dixit,
2690 1838 3008 1894 Timentibus
3033 1852 3086 1891 se
3106 1835 3132 1889 ?
3163 1835 3260 1888 llic
3288 1832 3418 1886 mihi
3446 1830 3656 1883 videtur

2068 1928 2251 1996 dicere
2296 1936 2608 1991 alimentum
2639 1947 2746 1988 non
2777 1930 3042 1999 corporis,
3072 1925 3165 1982 scd
3208 1924 3391 1979 animi.
3441 1922 3507 1977 Et
3537 1919 3658 1975 ideo

2068 2031 2302 2104 loquitur
2346 2029 2523 2085 solum
2547 2026 2615 2083 de
2647 2023 2955 2081 timentibus
2983 2038 2997 2076 :
3031 2019 3084 2075 id
3128 2018 3269 2074 enim
3309 2023 3392 2070 est
3416 2014 3496 2069 eis
3521 2012 3657 2067 assi-

2065 2136 2307 2199 gnatum.
2364 2123 2498 2179 Nam
2539 2115 2990 2192 quemadmodum
3036 2112 3269 2168 nutritur
3315 2123 3542 2178 corpus,
3586 2105 3658 2160 ita

2064 2217 2296 2272 nutritur
2320 2214 2523 2270 anima.
2549 2209 2704 2280 Quod
2732 2217 2910 2262 autem
2940 2204 3226 2269 nutriatur,
3254 2198 3376 2255 audi
3411 2215 3424 2252 :
3459 2194 3582 2253 Non
3608 2194 3663 2248 iu

2063 2309 2173 2365 solo
2204 2322 2334 2379 pane
2358 2307 2483 2361 vivet
2518 2305 2691 2369 homo,
2719 2299 2808 2356 sed
2832 2298 2885 2351 in
2917 2295 3054 2351 omni
3082 2293 3231 2348 verbo
3257 2289 3391 2360 quod
3412 2287 3667 2360 egreditur

2069 2419 2160 2473 per
2193 2417 2249 2457 os
2296 2398 2391 2453 Dei
2423 2396 2551 2469 (Id.
2595 2395 2650 2451 4.
2698 2390 2798 2465 4).
2858 2389 2971 2446 Hoc
3015 2402 3144 2457 ergo
3191 2385 3321 2440 dicit
3370 2383 3668 2437 nutrimen-

2070 2505 2203 2559 tum,
2221 2491 2362 2563 quod
2389 2490 2549 2546 etiam
2578 2486 2721 2543 dedit
2751 2483 3019 2555 przncipue
3044 2481 3122 2536 eis
3143 2476 3231 2548 qui
3256 2477 3429 2546 ipsum
3455 2474 3666 2535 timent,

2071 2588 2367 2645 doctrinam
2400 2599 2494 2653 per
2517 2594 2839 2642 sermonem,
2862 2573 3240 2635 eruditionem,
3261 2582 3471 2623 onmem
3493 2562 3671 2635 philo-

2073 2679 2340 2751 sophiam.
2389 2675 2588 2729 Memor
2617 2672 2712 2727 erit
2739 2673 2789 2723 in
2817 2666 3059 2723 saeculum
3082 2660 3368 2718 testamenti
3389 2658 3489 2713 sui.
3533 2656 3674 2711 [lur-

2079 2785 2172 2827 sus
2209 2768 2516 2826 Judaaorum
2563 2761 2920 2832 arrogantiam
2962 2755 3345 2825 comprimens,
3392 2760 3447 2805 et
3488 2763 3673 2804 eorum

2083 2861 2279 2916 fastum
2305 2865 2610 2928 amputans,
2642 2853 2724 2908 vel
2755 2850 2928 2922 potius
2955 2846 3244 2904 ostendens
3272 2858 3367 2898 eos
3395 2857 3514 2913 qua:
3536 2842 3675 2895 bona

2080 2948 2394 3019 consequuti
2443 2952 2588 3011 sunt,
2621 2958 2682 2999 ea
2731 2956 2837 2996 non
2883 2944 3244 3008 consequutos
3289 2948 3410 2989 esse
3460 2938 3680 3002 propter

2088 3057 2183 3099 sua
2213 3040 2425 3105 merita,
2456 3035 2551 3093 sed
2593 3042 2816 3105 propter
2861 3031 3027 3101 ipsius
3055 3027 3344 3082 amicitiam
3391 3024 3447 3079 in
3490 3038 3678 3079 eorum

2082 3141 2355 3203 parentes,
2376 3136 2430 3183 et
2454 3134 2672 3198 propter
2697 3131 2848 3194 pacta
2872 3137 2988 3192 qua:
3007 3134 3128 3175 cum
3153 3118 3259 3173 illis
3281 3116 3498 3182 fecerat,
3517 3114 3679 3170 dicit:

2086 3223 2285 3280 Memor
2312 3221 2403 3277 erit
2433 3220 2484 3274 in
2507 3217 2750 3273 secutum
2780 3212 3063 3268 testamenti
3090 3210 3172 3266 sui
3199 3225 3218 3263 :
3246 3207 3390 3280 quod
3424 3207 3683 3277 prmcepit

2088 3317 2249 3372 etiam
2280 3313 2455 3368 Moses
2497 3310 2575 3364 eis
2620 3305 2940 3363 intrantibus
2980 3302 3032 3358 iu
3078 3311 3275 3357 terram
3318 3297 3689 3370 promissionis

2088 3408 2270 3464 dicere
2317 3415 2372 3461 et
2414 3404 2670 3474 cogitare.
2704 3400 2787 3471 (a)
2818 3398 2877 3454 Si
2905 3396 3046 3452 enim
3094 3393 3447 3464 wdiﬁcaveris,
3496 3392 3688 3462 inquit,

2090 3499 2235 3552 urbes
2284 3497 2578 3568 praeturas,
2626 3500 2672 3546 et
2725 3489 2952 3561 pecunia:
2997 3486 3199 3540 divitias
3253 3483 3577 3556 adipiscaris,
3627 3497 3693 3535 ne

2093 3586 2300 3650 dixeris,
2346 3584 2567 3654 Propter
2606 3596 2771 3635 meam
2806 3577 3061 3651 justitiam
3103 3575 3210 3630 haec
3238 3575 3376 3645 facta
3403 3582 3540 3635 sunt,
3580 3571 3691 3633 sed,

2096 3677 2316 3748 PrOpter
2340 3683 2489 3745 pacta
2530 3673 2656 3727 inita
2683 3685 2798 3724 cum
2832 3667 3057 3739 patribus
3097 3666 3195 3720 luis
3234 3663 3415 3736 (Deut.
3442 3662 3496 3719 9.
3526 3663 3580 3717 4.
3612 3660 3693 3732 5).

2095 3769 2238 3824 Nihil
2287 3776 2370 3822 est
2414 3767 2554 3820 enim
2603 3761 2842 3818 deterius
2892 3758 3229 3829 arrogantia,
3279 3765 3333 3811 et
3382 3755 3503 3810 ideo
3549 3752 3699 3808 omni

2098 3860 2259 3917 modo
2286 3868 2340 3914 et
2365 3857 2573 3912 ratione
2601 3854 2739 3909 Dens
2769 3867 2887 3908 eam
2915 3850 3125 3904 assidue
3154 3856 3381 3904 resecat.
3423 3846 3476 3901 6.
3516 3844 3696 3899 Virtu-

2101 3963 2201 4008 tem
2227 3965 2437 4022 operum
2484 3963 2691 4002 suorum
2722 3944 3040 3999 annuntiavit
3086 3941 3276 4011 populo
3303 3955 3416 4005 suo,
3452 3939 3504 3992 7.
3536 3946 3589 3991 ut
3616 3937 3702 3991 det

2102 4047 2203 4103 illis
2231 4042 2557 4098 hereditatem
2583 4041 2825 4112 gentium.
2851 4039 2894 4091 Α
2922 4035 3259 4107 generalibus
3283 4031 3474 4087 transit
3499 4031 3564 4084 ad
3587 4030 3700 4084 sin-

2104 4137 2303 4209 gularia
2332 4150 2351 4192 :
2382 4133 2450 4189 ab
2479 4133 2545 4188 iis
2573 4145 2693 4203 qua:
2736 4131 2871 4183 facta
2899 4138 3022 4182 sunt
3064 4126 3117 4180 in
3161 4124 3293 4180 orbe
3323 4133 3607 4188 terrarum,
3635 4120 3701 4174 ad

2106 4247 2170 4287 ea
2198 4245 2317 4300 quae
2344 4232 2638 4284 evenerunt
2664 4221 2882 4278 Judasis.
2909 4220 3261 4288 Quamquam,
3294 4216 3337 4270 si
3368 4214 3487 4284 quis
3517 4229 3580 4268 ea
3620 4212 3705 4266 di-

2109 4325 2338 4395 ligenter
2381 4317 2831 4381 consideraverit,
2877 4328 2942 4369 ea
2991 4326 3204 4383 quoque
3243 4307 3487 4363 obtinent
3526 4306 3706 4361 locum

2110 4410 2460 4486 generalium.
2489 4408 2622 4476 Qum
2649 4406 2791 4461 enim
2823 4404 2875 4458 in
2907 4403 3028 4458 illos
3059 4401 3192 4455 facta
3220 4405 3364 4462 sunt,
3383 4396 3711 4451 documenta

2113 4485 2231 4561 aliis
2255 4501 2622 4575 prmbuerunt,
2650 4506 2705 4553 et
2731 4495 2889 4562 bella,
2916 4502 2970 4548 et
2995 4502 3217 4561 tr0pzna,
3240 4497 3294 4545 et
3317 4488 3554 4543 victoria:
3598 4485 3712 4542 lue

2116 4604 2243 4654 runt
2270 4596 2335 4650 iis
2363 4593 2453 4662 qui
2479 4589 2762 4645 attendunt
2784 4587 2953 4641 instar
2982 4580 3398 4654 praedicationis.
3421 4578 3536 4633 Non
3568 4578 3713 4633 enim

2120 4688 2353 4742 humano
2383 4696 2531 4737 more
2557 4690 2612 4736 et
2640 4678 2846 4742 ordine,
2877 4674 2972 4731 sed
3000 4688 3160 4745 supra
3200 4673 3461 4727 rationem
3492 4685 3553 4724 ca
3581 4684 3711 4725 eve-

2123 4778 2360 4832 niebant.
2405 4771 2645 4839 Quanam
2688 4769 2830 4825 enim
2883 4781 3060 4821 rerum
3108 4762 3489 4833 consequentia
3521 4759 3718 4815 factum

2123 4876 2226 4931 est,
2258 4875 2316 4921 ut
2339 4865 2418 4920 eis
2445 4862 2570 4918 tuba
2595 4859 2909 4917 canentibus
2932 4857 3129 4914 muenia
3154 4861 3490 4919 corruerent,
3518 4862 3574 4908 et
3598 4866 3720 4905 mu-

2124 4960 2225 5016 lier
2249 4959 2452 5013 ducens
2482 4955 2774 5011 exercitum
2807 4953 3046 5007 vinceret
3083 4959 3139 5005 et
3166 4949 3412 5018 superior
3447 4945 3719 5008 evaderet,

2128 5062 2183 5109 et
2212 5066 2405 5123 parvus
2430 5047 2640 5121 puellus
2676 5046 2821 5117 jactu
2849 5047 3005 5099 unius
3041 5041 3233 5111 lapidis
3273 5039 3410 5094 bella
3450 5035 3720 5091 barbarica

2129 5144 2419 5202 conﬁceret
2450 5142 2587 5217 (Jos.
2610 5141 2664 5197 6.
2685 5140 2776 5195 20.
2797 5136 2926 5191 Jud.
2950 5137 3003 5191 4.
3033 5133 3083 5187 1.
3112 5150 3126 5187 ι
3148 5135 3272 5206 Reg.
3296 5135 3382 5188 l7.
3406 5130 3539 5201 49)?
3566 5130 3725 5185 Multa

2132 5251 2345 5310 quoque
2375 5234 2475 5289 alia
2503 5229 2838 5288 incredibilia
2868 5237 2920 5282 et
2947 5226 3197 5295 opinione
3243 5224 3444 5293 majora
3475 5221 3553 5276 eis
3588 5235 3721 5276 eve-

2137 5331 2376 5386 niebant.
2412 5326 2485 5381 Ita
2525 5325 2709 5379 hostes
2748 5321 3009 5382 vicerunt,
3041 5310 3109 5371 ita
3146 5332 3213 5370 e1
3243 5314 3519 5369 Palmstina
3559 5327 3726 5379 expu-

2138 5426 2336 5481 lerunt.
2360 5418 2583 5489 Quando
2624 5428 2754 5486 ergo
2797 5411 2944 5480 dicit,
2987 5408 3229 5465 Virtutem
3276 5423 3484 5479 operum
3512 5419 3728 5469 suorum

2201 5576 2276 5639 (a)
2308 5575 2716 5640 Quiesequuntnr
2737 5567 2934 5640 omnino
2953 5564 3152 5640 diverse
3172 5563 3339 5625 iacent
3359 5560 3406 5609 in
3420 5560 3731 5640 mitigato:

2140 5623 2541 5752 minim:
2567 5631 2795 5680 Nimirum
2814 5623 3184 5689 tlln'ysostomus
3194 5635 3394 5675 sensim
3418 5636 3457 5672 ιτ
3470 5624 3575 5680 33's
3583 5623 3728 5674 (ωδ-υ

2144 5717 2233 5752 ver
2272 5713 2297 5749 π
2319 5710 2343 5743 s
2413 5710 2439 5746 c
2515 5726 2530 5741 .
