4064 6470
487 294 590 349 237

485 411 804 465 annuntiavit
850 415 1036 483 pOpqu
1070 433 1181 480 suo,
1214 419 1345 473 nihil
1389 419 1531 476 aliud
1561 422 1710 492 dicit,
1742 441 1902 497 quam
1946 444 2070 486 eum

485 517 636 557 suam
663 507 962 560 ostendisse
1001 510 1312 577 potentiam,
1345 512 1472 567 dum
1503 530 1609 569 non
1653 527 1854 574 tantum
1886 536 2073 592 gentes

483 590 721 659 cjiceret,
748 594 840 648 sed
868 611 932 649 eo
963 597 1119 651 modo
1142 600 1380 668 ejiceret,
1409 621 1515 673 quo
1555 609 1785 664 maxime
1829 623 2073 680 poterant

481 700 825 755 cognoscere,
850 691 946 745 etsi
972 694 1145 760 priora
1169 695 1527 766 sufﬁciebant,
1544 702 1757 770 quando
1781 715 1894 759 erat
1922 708 2068 777 plaga

481 779 713 832 immissa
758 781 807 834 in
839 797 933 836 eos
961 784 1214 841 divinitus
1244 806 1257 842 :
1288 799 1341 843 et
1380 805 1447 845 eo
1483 791 1710 849 ducente
1751 800 2064 865 exercitum,

476 870 542 923 de
575 870 808 926 hostimn
842 876 1000 930 rebus
1030 878 1441 937 decernebatur.
1471 884 1583 939 Non
1608 889 1748 941 etaim
1784 906 1877 959 per
1906 894 2064 947 verba

475 967 706 1027 tantum,
721 963 815 1017 sed
841 966 1001 1020 etiam
1037 984 1130 1036 per
1157 971 1292 1025 facta
1323 988 1418 1029 eos
1437 974 1679 1041 docebat,
1706 994 1803 1049 per
1831 983 2060 1049 calceos,

472 1064 567 1117 per
609 1062 807 1122 vestes,
840 1072 935 1125 per
981 1060 1310 1127 alimentum,
1366 1052 1479 1134 per,
1506 1068 1679 1124 lucem
1723 1072 1967 1128 diurnam
2009 1086 2063 1129 et

472 1153 806 1212 nocturnam,
859 1164 953 1218 per
996 1154 1215 1221 nubem,
1261 1172 1355 1225 per
1397 1158 1556 1225 bella,
1590 1176 1685 1230 per
1729 1178 1931 1232 pacem.
1967 1182 2061 1236 per

470 1246 691 1306 tropma,
728 1256 823 1308 per
859 1245 1255 1312 agriculturam,
1289 1265 1383 1319 per
1413 1252 1651 1321 pluvias:
1684 1257 1862 1311 omnia
1902 1260 2056 1313 (leni-

465 1343 570 1395 que
599 1343 784 1385 vocem
812 1334 1125 1390 emittebant
1154 1338 1434 1395 Dominum
1482 1344 1845 1413 praedicantia,
1877 1358 1933 1404 et
1956 1364 2054 1405 ex-

468 1432 723 1475 caecatam
769 1433 1001 1480 mentem
1052 1429 1398 1500 stimulantia,
1438 1449 1538 1489 nec
1583 1436 1748 1491 ullum
1800 1454 2052 1510 umquam

465 1516 675 1580 tempus
704 1512 1066 1571 intermissum
1097 1528 1200 1585 est,
1240 1521 1291 1575 in
1334 1538 1442 1593 quo
1487 1540 1591 1581 non
1619 1526 1913 1598 frequentia
1957 1547 2052 1588 sua

462 1601 611 1670 signa
640 1604 953 1660 ostenderit.
990 1606 1161 1679 Opera
1196 1627 1439 1666 manuum
1473 1616 1602 1687 ejus,
1631 1620 1812 1674 ueritas
1837 1629 1886 1688 et
1900 1622 2050 1689 judi-

460 1691 614 1745 cium.
648 1693 936 1765 Postquam
980 1698 1047 1754 de
1093 1702 1212 1770 ejus
1256 1705 1491 1773 potentia
1533 1706 1803 1777 disseruit,
1836 1711 2054 1768 disserit

459 1783 620 1838 etiam
655 1784 722 1841 de
764 1787 913 1856 justo
948 1790 1170 1860 judicio,
1205 1796 1345 1865 quod
1393 1813 1500 1853 non
1538 1800 1713 1856 solum
1757 1807 2047 1873 potentiam

457 1875 694 1930 ostendit
720 1876 770 1931 in
803 1880 869 1934 iis
894 1898 1012 1950 qua:
1040 1883 1182 1948 fecit,
1213 1886 1306 1941 sed
1334 1889 1496 1945 etiam
1518 1894 1737 1948 multam
1762 1896 2046 1965 justitiam.

458 1962 638 2035 Neque
657 1968 800 2022 enim
839 1981 1024 2040 gentes
1056 1976 1172 2030 sine
1200 1992 1359 2033 causa
1390 1983 1615 2051 expulit,
1639 1985 1852 2054 quando
1878 1988 2047 2045 voluit

454 2054 667 2114 Judaeos
709 2059 1069 2131 introducere,
1102 2067 1197 2122 sed
1227 2070 1387 2126 etiam
1409 2071 1532 2139 jure
1557 2076 1778 2145 expulit.
1826 2078 1890 2132 Et
1923 2079 2044 2135 ideo

452 2148 574 2201 alibi
611 2166 822 2221 quoque
861 2154 1070 2211 dicebat
1097 2157 1272 2216 Moses
1303 2177 1318 2215 :
1352 2160 1596 2219 Nondum
1625 2169 1756 2222 enim
1794 2172 2043 2242 completa

451 2250 567 2293 sunt
611 2255 815 2311 peccata
863 2246 1274 2306 Amorrhteorum
1310 2253 1462 2323 (Gen.
1507 2259 1590 2313 l5.
1629 2259 1744 2331 16).
1791 2262 1915 2318 llzec
1942 2281 2040 2319 tiu-

452 2342 558 2385 tem
587 2350 691 2391 non
731 2337 903 2391 solum
930 2340 1033 2395 dici
1067 2353 1290 2411 possunt
1315 2346 1381 2400 de
1406 2346 1623 2415 inda-is,
1652 2363 1707 2406 et
1734 2352 1801 2409 de
1826 2355 1890 2408 iis
1918 2372 2038 2425 qua:

451 2424 560 2479 illis
588 2439 903 2493 evenerunt,
928 2431 1022 2486 sed
1053 2449 1235 2489 rursus
1255 2440 1516 2507 generalis
1552 2453 1632 2496 est
1662 2444 1852 2500 oratio.
1876 2445 2036 2514 Quaa-

448 2528 675 2584 cmnque
700 2519 842 2573 enim
884 2522 951 2576 ab
979 2538 1045 2578 eo
1071 2524 1204 2581 facta
1235 2539 1377 2595 sunt,
1409 2532 1604 2587 veritas
1639 2545 1761 2590 sunt
1798 2548 1852 2592 et
1890 2538 2033 2608 judi-

448 2605 589 2661 cium
618 2626 632 2674 ;
676 2609 957 2680 judicium,
987 2615 1093 2672 hoc
1135 2628 1219 2676 est
1239 2620 1464 2690 jnstitia.
1510 2625 1657 2681 Solet
1680 2638 1856 2684 autem
1884 2605 2027 2701 saepe

448 2695 723 2766 Scriptura
755 2703 1031 2760 veritatem
1082 2722 1275 2766 vocare
1318 2712 1677 2770 clementiam.
1704 2720 1854 2785 Quod
1904 2739 2032 2795 ergo

445 2784 594 2852 dicit,
627 2798 707 2842 est
735 2790 998 2860 ejusmodi
1034 2814 1047 2850 :
1076 2812 1196 2852 cum
1229 2801 1432 2869 jnstitia
1470 2815 1523 2860 et
1548 2809 1827 2865 clementia
1853 2784 2030 2871 omnia

447 2877 659 2934 miscuit
682 2893 736 2937 et
758 2889 1091 2954 temperavit.
1125 2890 1181 2946 Si
1207 2894 1348 2948 enim
1378 2897 1490 2951 sola
1507 2898 1644 2970 juris
1671 2904 1875 2960 ratione
1902 2921 2032 2964 usus

444 2975 609 3035 esset,
640 2972 818 3027 omnia
858 2977 1156 3045 periissem.

513 3060 569 3153 6.
610 3063 676 3118 Et
720 3065 840 3121 ideo
884 3067 970 3124 hic
999 3072 1111 3142 ipse
1131 3089 1343 3148 quoque
1387 3081 1646 3153 propheta
1690 3084 1816 3141 alibi
1850 3087 2022 3144 dicit:

442 3146 528 3204 Ne
551 3150 708 3209 intres
729 3155 781 3209 in
789 3158 1045 3227 judicium
1064 3179 1179 3219 cum
1202 3182 1341 3222 servo
1363 3181 1450 3224 tuo
1481 3188 1499 3225 :
1523 3176 1761 3244 quoniam
1800 3194 1901 3234 non
1935 3182 2025 3250 ju-

440 3240 739 3308 sti/imbitur
756 3246 808 3300 in
830 3263 1100 3319 conspectu
1130 3265 1216 3309 tuo
1235 3260 1398 3314 omnis
1418 3240 1582 3320 vivens
1604 3265 1771 3337 (Psal.
1796 3271 1916 3326 “2.
1935 3240 2020 3341 ξ).

443 3328 510 3382 Et
541 3345 723 3388 rursus
758 3337 863 3392 :Si
906 3342 1190 3411 iniquitates
1231 3350 1581 3421 observaveris,
1634 3357 1867 3428 Domine,
1915 3362 2024 3419 Do-

438 3421 589 3488 mine,
620 3426 730 3495 quis
754 3431 1011 3486 sustinebit
1033 3434 1202 3507 (I’sal.
1233 3439 1357 3495 129.
1390 3442 1487 3515 5)?
1514 3421 1873 3522 Quaecumque
1893 3469 2022 3525 ergo

438 3511 504 3564 ah
533 3529 599 3568 eo
624 3515 775 3584 ﬁunt,
800 3518 881 3574 his
907 3522 1145 3595 utrisque
1173 3529 1327 3598 plena
1355 3511 1497 3588 sunt.
1527 3511 1657 3592 Nam
1681 3511 1800 3596 sive
1812 3511 2021 3601 summo

436 3612 637 3662 tantum
655 3608 776 3678 jure
807 3614 1045 3672 ofﬁcium
1070 3620 1330 3691 exigeret,
1362 3627 1540 3683 omnia
1570 3630 1881 3701 interirent;
1906 3637 2019 3693 sive

432 3696 543 3750 sola
571 3708 805 3758 uteretur
823 3705 1126 3777 clementia,
1149 3715 1454 3785 complures
1475 3721 1825 3782 redderentur
1847 3731 2016 3801 negli-

429 3791 721 3854 gentiores.
770 3796 1029 3865 Quocirca
1072 3806 1295 3863 salutem
1354 3810 1629 3870 hominum
1680 3821 1910 3890 varians,
1947 3824 2013 3880 ad

427 3900 614 3942 eorum
642 3891 1028 3949 correctionem
1052 3894 1134 3951 his
1164 3900 1401 3970 utrisque
1432 3919 1559 3962 usus
1583 3915 1683 3963 est.
1723 3911 1776 3966 8.
1810 3911 2015 3969 Fidetia

428 3978 594 4030 omnia
612 3980 851 4036 mandata
861 3985 993 4053 ejus.
1018 3986 1072 4042 ld
1091 3990 1229 4058 quod
1254 3991 1305 4046 in
1330 3995 1507 4050 multis
1522 3998 1670 4067 locis,
1694 4000 1781 4058 hic
1799 4020 2013 4077 quoque

428 4067 569 4134 facit,
602 4083 630 4122 a
658 4071 916 4139 sapientia
946 4091 1065 4144 qua:
1084 4087 1167 4132 est
1197 4081 1247 4135 in
1278 4085 1557 4153 multiplici
1580 4105 1644 4145 ae
1682 4094 1827 4148 vario
1860 4110 2013 4153 crea-

429 4165 663 4210 turarum
695 4160 925 4228 npiﬁrio,
957 4174 1006 4219 et
1039 4166 1105 4221 ab
1136 4168 1251 4238 ejus
1279 4174 1606 4240 providentia
1637 4180 1702 4234 ad
1724 4182 1840 4251 ejus
1868 4185 2011 4256 leges

426 4249 711 4316 transiens,
743 4264 796 4306 et
845 4255 986 4310 illam
1023 4268 1229 4329 partem
1282 4267 1628 4334 providentia:
1678 4249 1863 4332 rursus
1900 4249 2009 4332 tra-

422 4348 594 4399 etans.
628 4340 740 4395 Non
773 4345 949 4401 solum
965 4351 1104 4403 enim
1134 4353 1272 4422 quod
1306 4356 1464 4410 talem
1492 4369 1544 4413 et
1572 4369 1766 4418 tantam
1796 4378 2008 4422 creatu-

424 4445 534 4482 ram
567 4434 884 4500 condiderit,
912 4439 1004 4493 sed
1037 4443 1197 4497 etiam
1228 4446 1369 4514 quod
1396 4447 1565 4519 legem
1592 4453 1803 4520 tulerit,
1839 4458 2009 4515 homi-

422 4535 547 4573 num
579 4538 747 4592 genus
768 4532 1020 4586 correxit.
1048 4533 1116 4587 Et
1143 4535 1259 4592 ideo
1283 4539 1335 4592 in
1359 4539 1566 4598 decimo
1585 4555 1773 4603 octavo
1794 4550 2008 4609 PSalmo

419 4626 540 4663 cum
585 4625 834 4686 utrasque
863 4618 958 4675 has
991 4634 1165 4692 partes
1191 4628 1476 4698 divisisset,
1507 4634 1764 4706 incipiens
1792 4644 2003 4711 quidem

418 4700 551 4754 dixit
585 4720 597 4754 :
630 4704 754 4758 Casii
781 4722 1017 4765 enarrant
1045 4715 1258 4784 gloriam
1282 4718 1382 4775 Dei
1421 4721 1591 4793 (Psal.
1613 4700 1714 4782 ‘18.
1748 4700 1850 4800 1)’;
1883 4748 2002 4789 cum

415 4802 592 4846 autem
619 4795 682 4846 ad
709 4798 939 4852 medium
973 4808 1225 4869 venisset,
1258 4821 1310 4864 et
1331 4810 1399 4865 de
1415 4816 1684 4874 creatione
1706 4824 2002 4881 orationem

414 4884 754 4950 absolvisset,
784 4891 1054 4961 suhjnnxit
1079 4915 1091 4950 :
1122 4896 1229 4951 Lex
1259 4900 1466 4959 Domini
1491 4907 1850 4981 immaculata,
1881 4934 2005 4973 con-

414 4986 606 5027 vertens
635 4980 831 5035 animus
859 4998 876 5034 :
903 5000 1206 5057 praeceptum
1219 4989 1428 5049 Domini
1443 4996 1685 5068 lucidum,
1709 5004 2002 5064 illuminans

411 5068 584 5122 oculos
615 5070 771 5140 (Ibid.
804 5091 850 5128 υ.
881 5077 932 5129 8.
965 5077 1043 5146 9).

494 5160 647 5217 Varia
677 5179 1043 5237 prwceptorum
1068 5191 1285 5244 genera;
1310 5194 1452 5234 nova:
1478 5183 1599 5254 legis
1622 5202 1872 5261 prterepta
1902 5211 2001 5250 non

410 5253 653 5322 abrogant
681 5268 844 5312 vetera
860 5276 879 5325 ;
897 5260 1026 5333 leges
1045 5264 1281 5322 humana:
1301 5283 1657 5331 momentanca:
1674 5288 1720 5332 et
1736 5282 1962 5341 obscura:
1979 5304 1998 5352 ;

412 5345 542 5413 leges
571 5345 753 5403 divinae
777 5353 930 5406 clara:
954 5364 999 5406 et
1018 5365 1540 5426 permanentes—Ita
1572 5370 1655 5424 hic
1674 5374 1831 5428 etiam
1851 5390 1998 5446 post-

408 5448 568 5500 quam
597 5436 729 5492 dixit
768 5440 835 5496 de
876 5444 1148 5504 miraculis
1173 5494 1187 5517 ,
1213 5464 1264 5506 et
1291 5461 1408 5523 ejus
1435 5436 2000 5540 admirabilibnsppe-

411 5523 577 5588 ribus,
609 5542 749 5583 nunc
767 5534 1073 5601 aggreditur
1088 5539 1268 5598 dicere
1282 5545 1349 5599 de
1367 5550 1664 5619 praeceptis,
1688 5555 1765 5610 sic
1781 5523 1993 5619 dicens:

415 5610 619 5668 Fidelia
661 5622 829 5675 omnia
882 5627 1126 5683 mandata
1168 5634 1297 5703 ejus,
1335 5640 1635 5706 conﬁrmata
1679 5646 1730 5699 in
1756 5652 1995 5706 saeuiunt

405 5705 601 5773 su'culi,
629 5710 765 5777 facta
786 5713 834 5768 in
865 5716 1073 5773 veritate
1101 5732 1144 5775 ct
1165 5726 1427 5796 a'quitate.
1454 5732 1565 5791 Non
1602 5736 1794 5796 frustra
1825 5743 1988 5800 dixit.

1208 264 1267 358 Si
1302 305 1580 364 JOANNIS
1631 309 2108 371 CllRYSOSTOMl
2164 319 2478 383 ARCIHEP.
2521 329 3060 395 CONSTANTINOP.

3647 354 3731 411 €88

2189 439 2390 507 Unmiu,
2423 446 2515 499 sed
2558 458 2789 505 tractans
2832 455 3107 525 multiplex
3156 476 3318 528 genus
3364 477 3731 539 pra'Ctptm-nm,

2182 535 2356 601 posuit
2385 535 2521 592 hanc
2551 539 2857 596 dictionem.
2886 544 3019 600 Sunt
3056 548 3199 603 enim
3241 556 3497 621 pra-cepta
3537 535 3732 614 creatio-

2180 625 2283 691 nis,
2314 641 2433 695 qua:
2455 629 2703 685 observat
2731 634 2906 688 munis
2928 647 3193 704 creatura,
3226 642 3306 695 sol
3328 653 3383 697 et
3410 644 3549 711 luna,
3574 648 3677 704 dies
3692 663 3735 707 et

2178 733 2303 784 nox,
2329 728 2383 772 et
2406 720 2601 790 sidera,
2632 731 2894 793 terra-oue
2920 739 2974 783 et
2995 739 3199 787 natura:
3216 747 3423 790 cursus.
3448 736 3576 792 Sunt
3597 741 3733 798 etiam

2177 820 2436 881 prarcopta
2489 829 2608 883 qua:
2653 815 2775 871 data
2821 830 2945 873 sunt
2989 833 3195 878 natura:
3232 824 3300 878 ab
3355 827 3523 896 initio,
3550 833 3734 901 quando

2176 901 2326 955 tinxit
2354 903 2646 971 hominem,
2670 903 2735 961 de
2761 909 2953 977 quibus
2974 912 3101 967 dicit
3132 914 3326 971 Paulus
3355 935 3368 971 :
3395 918 3603 986 Quando
3622 925 3734 980 sitiat

2169 1002 2356 1059 gentes,
2388 1010 2502 1064 qua:
2530 995 2689 1068 legem
2710 1017 2808 1054 non
2830 1001 3031 1068 habent,
3055 1022 3168 1074 quae
3187 1006 3307 1078 legis
3326 1018 3444 1064 sunt
3469 1021 3642 1068 natura
3662 1020 3733 1087 fa-

2168 1084 2340 1149 ciunt,
2366 1087 2405 1140 ii
2433 1088 2591 1159 legem
2627 1107 2727 1145 non
2757 1093 3023 1160 habentes,
3048 1098 3269 1168 sibiipsis
3295 1112 3412 1155 sunt
3450 1104 3530 1159 lea:
3571 1084 3730 1177 (Rom.

2165 1172 2223 1226 2.
2255 1176 2367 1245 14).
2397 1178 2464 1232 Et
2491 1195 2677 1235 rursus
2703 1200 2717 1236 :
2746 1183 3075 1241 Condelector
3097 1191 3229 1243 enim
3255 1192 3353 1263 legi
3375 1192 3467 1249 Dei
3484 1172 3731 1256 secundum

2164 1263 2449 1320 interiorem
2476 1269 2728 1324 hominem
2760 1273 2777 1340 (
2807 1273 2954 1328 Rom.
2980 1277 3031 1330 7.
3057 1276 3171 1347 22).
3197 1280 3331 1336 Sunt
3361 1285 3517 1339 etiam
3548 1302 3726 1356 praee-

2163 1363 2249 1423 pta
2280 1372 2399 1427 qua:
2424 1360 2620 1430 scripta
2644 1373 2787 1417 sunt.
2819 1364 2943 1420 llzcc
2964 1368 3141 1423 omnia
3169 1383 3497 1428 manserunt.
3523 1376 3663 1444 Quod
3688 1376 3728 1435 si

2161 1447 2269 1501 sint
2293 1449 2453 1504 etiam
2474 1451 2651 1522 aliqua
2682 1454 2951 1523 abrogata,
2985 1473 3089 1513 non
3120 1461 3176 1514 in
3203 1462 3377 1531 pejus,
3403 1464 3496 1519 sed
3537 1466 3588 1520 in
3624 1483 3725 1523 me-

2159 1539 2260 1595 lius
2276 1552 2474 1598 mutata
2493 1555 2635 1600 sunt.
2655 1546 2784 1602 Illud
2806 1550 2971 1617 enim,
2990 1551 3109 1606 Non
3122 1555 3317 1609 occides
3335 1554 3525 1628 (Exod.
3538 1558 3722 1631 ΝΛΞ),

2158 1646 2264 1686 non
2285 1643 2366 1688 est
2382 1634 2713 1706 abrogatum,
2734 1640 2826 1694 sed
2844 1653 2923 1696 est
2947 1644 3327 1713 ampliﬁcatam
3347 1664 3360 1699 :
3380 1657 3435 1703 et
3458 1649 3603 1716 illud,
3620 1650 3723 1706 Non

2154 1723 2461 1781 adulterabis
2490 1728 2595 1799 (ib.
2621 1747 2666 1784 v.
2694 1731 2784 1801 ll)
2805 1773 2820 1797 ,
2857 1748 2962 1787 non
2996 1742 3079 1789 cst
3110 1736 3399 1803 sublatum,
3437 1740 3531 1795 sed
3572 1742 3724 1810 majus

2154 1816 2399 1872 ell‘ectnm
2434 1829 2536 1875 est.
2571 1820 2634 1875 Et
2666 1822 2785 1878 ideo
2814 1824 3024 1881 dicebat
3048 1825 3215 1892 ,Non
3239 1830 3351 1883 veni
3373 1831 3559 1886 solvere
3584 1832 3719 1902 legent

2150 1919 2240 1963 aut
2267 1912 2562 1981 prophetas,
2593 1916 2681 1969 sed
2705 1917 2913 1986 adimph
2928 1935 2982 1972 re
3011 1919 3223 1989 (.llatth.
3256 1922 3311 1977 5.
3343 1922 3451 1997 l'i).
3471 1923 3566 1991 Qui
3591 1926 3715 1981 enim

2150 2017 2257 2056 non
2288 2005 2552 2072 irascitur,
2586 2007 2753 2063 multo
2780 2010 2945 2079 magis
2973 2025 3002 2065 a
3032 2011 3181 2069 cmde
3209 2014 3503 2072 abstinebit
3530 2036 3543 2072 :
3569 2028 3618 2073 et
3638 2021 3715 2089 qni

2149 2093 2432 2165 impudicis
2452 2097 2621 2152 oculis
2648 2113 2752 2153 non
2778 2102 2991 2169 aspicit,
3022 2104 3231 2174 longius
3256 2107 3326 2162 ab
3360 2107 3613 2165 adulterio
3637 2125 3712 2166 se-

2146 2184 2254 2240 det.
2289 2185 2394 2242 Lex
2426 2203 2553 2259 ergo
2598 2188 2699 2245 hoc
2733 2190 2894 2247 habet
2932 2195 2982 2248 in
3027 2197 3212 2265 primis
3239 2201 3516 2269 eximium,
3543 2218 3712 2273 nempe

2144 2274 2596 2334 immortalitatem
2623 2290 2678 2336 et
2703 2286 3109 2353 perpetuitatem
3134 2327 3149 2355 ,
3176 2288 3265 2346 lex
3290 2306 3483 2363 nempe
3510 2295 3710 2349 creatio-

2142 2367 2258 2432 nis,
2286 2368 2369 2424 lex
2403 2379 2630 2439 natura),
2667 2372 2750 2428 lex
2784 2375 3150 2447 philosophite,
3181 2389 3235 2435 et
3264 2381 3367 2437 lex'
3388 2383 3516 2439 Novi
3549 2385 3711 2441 Testa-

2142 2463 2327 2516 menti.
2360 2462 2482 2519 Ideo
2525 2465 2653 2521 dicit
2682 2483 2695 2520 :
2729 2466 2919 2523 (Icelum
2965 2479 3013 2523 et
3052 2480 3186 2526 terra
3230 2475 3551 2542 transibunt,
3578 2477 3708 2533 rabo

2138 2564 2305 2608 autem
2335 2573 2445 2611 mea
2474 2574 2574 2612 non
2600 2560 2880 2616 transibunt
2912 2561 3122 2633 (Matth.
3157 2565 3248 2621 24.
3282 2569 3379 2638 55)
3404 2588 3417 2622 :
3445 2571 3705 2627 Oslt‘ndt'fls

2138 2660 2323 2700 eorum
2365 2648 2814 2706 immobilitatem.
2841 2652 3204 2727 Quaecumque
3241 2661 3390 2715 enim
3438 2663 3545 2717 vult
3584 2663 3704 2719 Deus

2138 2752 2375 2806 manere,
2419 2755 2481 2794 ea
2522 2751 2742 2797 manent
2771 2754 3059 2815 perpetuo,
3094 2758 3149 2802 et
3195 2750 3330 2806 nihil
3373 2761 3456 2808 est
3493 2754 3623 2825 quod
3649 2769 3703 2810 ca

2133 2840 2364 2886 moveat.
2396 2830 2560 2887 Facta
2588 2834 2640 2888 in
2669 2837 2877 2891 veritate
2897 2848 2945 2892 et
2970 2841 3221 2911 trquitate.
3246 2844 3387 2910 Quid
3415 2855 3511 2907 est.
3542 2844 3604 2902 In
3628 2861 3700 2900 ve-

2132 2919 2279 2975 ritate
2305 2932 2351 2976 et
2380 2923 2615 2993 (equitate
2635 2925 2663 2979 .’
2683 2925 2825 2982 Nihil
2850 2936 2966 2997 est,
2996 2930 3198 3001 inquit,
3228 2932 3281 2987 in
3310 2938 3390 2990 eis
3414 2936 3667 3008 obliquum
3684 2979 3697 3005 ,

2133 3011 2262 3066 nihil
2307 3022 2642 3084 contortum,
2678 3018 2809 3074 nihil
2847 3019 3131 3079 obscurum
3160 3065 3172 3089 ,
3201 3024 3341 3081 nihil
3388 3028 3457 3084 ad
3499 3031 3698 3100 gratiam

2132 3102 2312 3168 ullam,
2359 3114 2450 3160 aut
2494 3106 2705 3174 odium,
2731 3110 2824 3165 sed
2855 3114 3033 3169 omnia
3073 3113 3142 3170 ad
3183 3116 3385 3174 bonum
3433 3130 3488 3176 et
3523 3120 3698 3176 utilita-

2132 3203 2235 3248 tem
2275 3210 2291 3260 ;
2339 3211 2446 3250 non
2499 3197 2636 3253 sicut
2691 3200 2838 3272 leges
2891 3202 3208 3274 hominum,
3236 3223 3362 3278 qua:
3412 3226 3592 3284 magna
3640 3226 3696 3266 ex

2130 3295 2277 3354 parte
2314 3296 2437 3342 sunt
2481 3301 2904 3359 momentanete,
2931 3304 2987 3350 et
3033 3295 3309 3366 obseura,
3345 3310 3400 3356 et
3424 3317 3538 3372 quae
3573 3300 3694 3355 mul-

2129 3385 2238 3431 tum
2287 3378 2482 3435 habent
2526 3396 2592 3436 ex
2646 3382 2879 3439 homine.
2910 3385 2989 3441 Ex
3033 3388 3280 3446 humanis
3321 3395 3461 3448 enim
3509 3402 3694 3464 pertur-

2126 3466 2427 3525 bationibus
2472 3473 2654 3528 multa:
2700 3491 2842 3545 :repe
2890 3479 3031 3548 leges
3083 3481 3202 3536 lata:
3243 3494 3392 3540 sunt.
3444 3486 3690 3540 Inimicum

2123 3559 2264 3613 enim
2288 3560 2566 3628 ulciscens,
2592 3564 2675 3620 vel
2696 3550 3169 3637 amico‘gratiﬁcari
3190 3574 3400 3642 volens,
3423 3577 3605 3648 scripta
3630 3577 3690 3632 ita

2122 3662 2378 3723 concepta
2398 3658 2715 3725 composuit.
2740 3660 2810 3713 At
2832 3674 2935 3715 non
2959 3673 3077 3717 sunt
3099 3664 3244 3736 leges
3263 3668 3460 3724 divina:
3481 3669 3690 3738 ejusmo-

2120 3743 2196 3812 di,
2218 3745 2311 3800 sed
2334 3758 2549 3803 manent
2566 3750 2679 3804 sole
2699 3751 2968 3819 clariores,
2992 3766 3296 3825 quaerentes
3318 3761 3586 3817 utilitatem
3610 3775 3683 3817 eo.

2118 3850 2235 3889 rum
2257 3836 2450 3906 quibus
2488 3839 2746 3908 feruntur,
2777 3842 3098 3919 deducentes
3122 3862 3216 3903 eos
3243 3851 3315 3907 ad
3341 3854 3596 3914 virtutem.
3635 3859 3683 3906 et

2117 3924 2184 3980 ad
2230 3942 2410 3982 rerum
2434 3931 2714 3986 veritatem
2740 3950 2755 4000 ;
2784 3949 2889 3989 non
2916 3936 2982 3991 ad
3008 3936 3122 3993 hcce
3142 3942 3442 4010 mendacia,
3472 3944 3681 4005 divitias,

2119 4014 2351 4086 inquam,
2382 4028 2437 4075 et
2457 4025 2779 4090 potentiam;
2810 4024 2925 4081 haec
2943 4026 3085 4082 enim
3111 4027 3240 4085 falsa
3263 4042 3390 4088 sunt
3415 4050 3428 4099 ;
3457 4049 3569 4105 quae
3604 4033 3683 4089 Dei

2115 4119 2290 4163 autem
2320 4120 2463 4177 sunt,
2504 4121 2631 4167 sunt
2649 4115 2842 4171 veritas
2871 4133 3078 4188 :neque
3101 4124 3371 4191 quomodo
3398 4124 3519 4179 ﬁant
3546 4124 3685 4177 ditio-

2117 4213 2221 4264 res,
2255 4215 2427 4270 neque
2453 4205 2722 4271 quomodo
2747 4210 3028 4277 prmsentia
3053 4225 3426 4284 assequamur,
3456 4217 3544 4271 sed
3568 4229 3684 4285 quo-

2116 4290 2274 4343 modo
2299 4289 2487 4348 futuris
2515 4293 2617 4350 frui
2647 4299 2869 4366 possint,
2898 4299 3173 4359 docentes.
3196 4306 3270 4361 De
3301 4308 3442 4362 veris
3469 4320 3520 4362 et
3536 4306 3679 4361 rectis
3708 4333 3711 4335 -

2114 4381 2296 4450 rebus,
2321 4393 2373 4438 et
2392 4401 2511 4455 qum
2532 4389 2660 4443 nihil
2683 4389 2880 4447 habent
2900 4409 3230 4464 perversum,
3254 4403 3431 4457 omnia
3452 4403 3681 4457 dixerunt

2114 4470 2217 4526 ilhc
2247 4473 2409 4544 leges.
2444 4474 2646 4532 Fidelia
2675 4483 2846 4537 omnia
2874 4486 3118 4541 mandata
3145 4491 3275 4560 ejus.
3303 4491 3438 4559 Quid
3477 4502 3572 4560 est,
3596 4491 3678 4544 1πὶ-

2112 4564 2286 4619 delia?
2314 4567 2510 4636 Firma,
2552 4576 2840 4631 manentia.
2874 4576 2986 4633 Etsi
3014 4583 3155 4635 enim
3198 4586 3572 4648 transiliantur,
3602 4599 3679 4638 se-

2112 4666 2342 4725 quuntur
2367 4662 2643 4731 supplicia,
2674 4672 2729 4719 et
2776 4682 2837 4721 ea
2867 4669 3087 4725 minime
3125 4672 3525 4741 labefactentur,
3554 4685 3603 4728 ct
3640 4672 3676 4725 si

2112 4744 2353 4801 homines
2396 4764 2458 4804 ea
2500 4755 2976 4826 transgrediantur,
3025 4760 3165 4816 Deus
3195 4775 3373 4819 tamen
3420 4781 3481 4820 ea
3525 4763 3679 4817 vindi-

2110 4847 2213 4893 cat.
2256 4840 2333 4896 Ne
2363 4858 2489 4912 ergo
2512 4856 2578 4899 tea
2609 4847 2809 4904 dixeris
2836 4849 2974 4907 dicta
3006 4868 3128 4910 esse
3170 4856 3447 4915 minaciter
3471 4864 3557 4911 aut
3590 4855 3676 4924 hy-

2113 4932 2395 4999 perbolice.
2422 4935 2592 4993 Nemo
2618 4940 2786 5009 legem
2820 4942 3016 5010 ferens,
3046 4946 3174 5001 dicit
3205 4958 3407 5003 tantum
3437 4959 3492 5004 ut
3519 4948 3673 5002 mine-

2110 5030 2215 5088 tur,
2246 5025 2339 5079 sed
2369 5028 2528 5081 etiam
2559 5041 2615 5084 ut
2645 5038 2883 5104 castiget.
2912 5034 2967 5092 Si
2995 5050 3171 5094 autem
3207 5057 3310 5096 non
3339 5044 3485 5097 valde
3503 5040 3673 5097 credas

2106 5114 2175 5169 de
2202 5115 2408 5184 futuris,
2442 5119 2637 5176 faciant
2667 5126 2757 5179 tibi
2787 5127 2943 5183 ﬁdem
2974 5133 3263 5199 praeterita.
3292 5134 3441 5199 Quod
3471 5134 3560 5188 fuit
3586 5133 3672 5186 ita-

2107 5219 2210 5274 que
2237 5217 2476 5278 tempore
2508 5210 2621 5267 Noe
2643 5213 2923 5284 diluvium,
2949 5233 3003 5274 et
3030 5221 3379 5279 Sodomorum
3402 5223 3672 5292 conﬂagrao

2111 5296 2202 5359 tio,
2252 5307 2308 5351 et
2349 5297 2641 5357 l‘haraonis
2689 5307 2929 5374 exitium,
2975 5320 3031 5365 et
3076 5312 3377 5369 Judmorum
3425 5316 3666 5373 interitus,

2105 5387 2454 5458 captivitates,
2488 5402 2543 5448 et
2568 5393 2730 5459 bella,
2762 5399 2813 5453 in
2844 5401 3071 5458 minisue
3099 5407 3467 5473 constiterunt,
3497 5421 3559 5460 an
3585 5403 3666 5457 tle-

2105 5477 2260 5533 ducta
2293 5490 2417 5535 sunt
2441 5482 2506 5538 ad
2531 5500 2709 5542 rerum
2737 5492 3198 5559 experimentum?
3226 5497 3373 5566 Quod
3399 5497 3441 5552 si
3471 5512 3527 5551 ea
3555 5507 3664 5548 vero

2104 5572 2236 5625 facta
2281 5583 2427 5643 sunt,
2464 5591 2584 5647 qua:
2630 5591 2782 5636 erant
2820 5583 2872 5638 in
2918 5585 3126 5656 ﬁgura:
3165 5592 3331 5644 multo
3368 5590 3528 5659 magis
3558 5600 3662 5655 quin

2104 5673 2228 5717 sunt
2258 5662 2307 5717 in
2345 5667 2588 5736 veritate,
2620 5686 2728 5742 quo
2767 5676 2936 5744 major
2962 5678 3060 5732 fuit
3095 5679 3442 5737 admissorum
3481 5680 3659 5747 impro-

2106 5755 2241 5808 bitas
2259 5766 2379 5827 post
2410 5766 2608 5818 tantam
2638 5766 2955 5826 medicinam
2982 5781 3031 5827 et
3065 5774 3524 5833 correctionem.9.
3542 5770 3653 5826 Rcd'
