4064 6420
331 379 438 441 287

329 509 518 563 ναμιν.
571 490 671 560 οὐχ
701 489 885 553 ἁπλῶς
941 490 1216 545 ἐκὸάλλων
1248 489 1314 542 τὰ
1358 487 1506 554 ἔθνη,
1556 482 1690 537 ἀλλά
1724 478 1912 563 τρόπῳ

326 560 578 644 τοιούτῳ,
610 572 677 627 δι’
719 565 781 625 οῦ
823 572 1054 644 μάλιστα
1092 572 1320 643 ἠδύνατο
1354 568 1551 623 εἰδέναι
1587 562 1795 634 σαφῶς,
1836 560 1912 644 ὡς

329 661 381 711 εί
418 640 613 710 καῖ’τά
649 640 889 727 πρότερα
909 656 1088 725 ῆρκει,
1114 640 1201 708 ὅτε
1222 666 1245 695 α
1275 652 1533 724 θεήλατος
1565 644 1632 719 ῆν
1661 648 1694 717 ἡ
1727 640 1910 727 πληγὴ

329 743 453 796 κατ’
486 739 709 796 ἐκείνων
749 738 1025 809 γινομένη,
1057 739 1150 793 καὶ
1188 736 1350 791 αὐτοῦ
1392 731 1822 804 στρατηγοῦντος
1842 726 1913 779 τὰ

339 826 441 878 τῶν
468 823 743 893 πολεμίων
769 822 1011 895 ἐκρίνετο
1032 823 1350 894 πράγματα.
1372 819 1447 873 Οὐ
1473 817 1583 889 γὰρ
1610 815 1673 886 δὴ
1709 813 1795 867 διὰ
1817 815 1913 883 ρη-

336 909 544 980 μάτων,
585 905 719 959 ἀλλά
764 907 858 959 καὶ,
898 905 985 959 διὰ
1022 905 1363 977 πραγμάτων
1404 901 1601 963 αὐτοὺς
1638 896 1909 955 ἐπαίδευε,

334 992 401 1044 δι’
426 989 809 1060 ὑποδημάτων,
843 988 930 1043 διὰ
963 988 1209 1059 ἱματίων,
1234 987 1320 1041 διὰ
1361 986 1587 1056 τροφῆς,
1617 980 1704 1035 διά
1734 980 1913 1049 φωτὸς

332 1073 650 1146 νυκτερινοῦ
681 1074 774 1127 καὶ
801 1072 1081 1144 ἠμερινοῦ,
1114 1072 1203 1125 διὰ
1239 1070 1487 1139 νεφέλης,
1512 1067 1599 1121 διὰ
1636 1065 1908 1133 πολέμων,

332 1158 422 1211 διὰ
450 1158 691 1228 εἰρήνης,
721 1154 807 1208 διὰ
833 1154 1128 1224 τροπαίων,
1158 1153 1245 1206 διὰ
1274 1152 1565 1223 γεωργίας,
1598 1149 1687 1202 διὰ
1718 1148 1907 1207 ύετῶν,

334 1242 431 1296 καί
456 1240 632 1294 πάντα
653 1237 833 1311 φωνὴν
862 1238 1011 1308 ἠφίει
1033 1237 1122 1290 τὸν
1150 1237 1423 1306 Δεσπότην
1449 1231 1908 1304 ἀνακηρύττοντα,

334 1325 432 1378 καὶ.
458 1323 558 1393 τὴν
588 1320 1002 1391 πεπωρωμένην
1027 1319 1205 1373 αὐτῶν
1230 1319 1467 1372 διάνοιαν
1491 1314 1908 1374 κατανύττοντα,

335 1409 433 1464 καὶ
463 1407 638 1470 οὐδεὶς
665 1406 854 1476 χρόνος
893 1404 1160 1466 ἐνέλιπεν,
1193 1406 1250 1458 ἐν
1275 1396 1318 1471 ᾧ
1363 1402 1437 1473 μὴ
1483 1399 1679 1470 συνεχῆ
1712 1398 1910 1467 σημεῖα¹

335 1490 505 1546 αὐτοῦ
538 1489 899 1543 ἐπεδείκνυτο.
944 1488 1130 1556 Ἔργα
1165 1484 1378 1557 χειρῶν
1423 1484 1630 1546 αὐτοῦ,
1664 1480 1914 1546 ἀλήθεια

335 1576 435 1630 καὶ
476 1574 692 1642 κρίσις.
758 1569 973 1639 Ἐπειδὴ
1011 1569 1137 1639 περὶ
1175 1570 1275 1638 τῆς
1311 1567 1590 1638 δυνάμεως
1622 1561 1786 1618 αὑτοῦ
1831 1563 1912 1616 δι-

335 1657 555 1727 ελέχθη,
573 1654 876 1722 διαλέγεται
903 1653 999 1706 καὶ⁵
1038 1652 1165 1723 περὶ.
1194 1652 1288 1722 τῆς
1311 1650 1727 1721 δικαιοκρισίας,
1754 1645 1911 1700 ὅτιού

340 1740 503 1810 μόνον
548 1738 775 1810 δύναμιν
819 1737 877 1789 ἐν
905 1730 987 1799 οἷς
1028 1734 1200 1788 ἐποίει
1234 1734 1356 1787 τότε
1386 1732 1750 1795 ἐπεδείκνυτο,
1778 1727 1925 1783 ἀλλά

336 1824 435 1874 καὶ
474 1818 668 1889 πολλὴν
708 1818 807 1889 τὴν
852 1816 1219 1886 δικαιοσύνην.
1287 1815 1421 1868 Οὐδὲ
1458 1814 1566 1886 γάρ
1598 1812 1786 1875 ἁπλῶς
1823 1810 1913 1878 ἐξ·

337 1903 499 1956 έϐαλε
524 1902 592 1956 τά
615 1901 764 1971 ἐθνη,
786 1899 976 1971 ἐπειδὴ
991 1898 1272 1962 Ἰουδαίους
1300 1898 1616 1967 εἰσαγαγεῖν
1641 1895 1911 1957 ἐϐούλετο,

336 1985 476 2040 ἀλλά
514 1983 651 2056 μετὰ
680 1982 775 2036 τοῦ
804 1982 1034 2037 δικαίου.
1073 1980 1172 2035 Διά
1197 1980 1358 2034 τοῦτο
1398 1983 1493 2034 καὶ
1529 1977 1764 2050 ἀλλαχοῦ
1800 1975 1915 2030 ἐλε-

336 2087 435 2139 γεν
477 2070 505 2122 6
545 2066 786 2137 Μωῦσῆς
808 2082 823 2096 ·
889 2066 1066 2119 Οὔπω
1110 2066 1220 2135 γὰρ
1266 2063 1805 2133 ἀναπεπλήρωνται
1854 2064 1915 2116 αὶ

338 2155 614 2223 ἁμαρτίαι
642 2151 761 2206 τῶν
797 2150 1179 2221 Ἀμορραίων.
1218 2150 1401 2204 Ταῦτα
1431 2151 1490 2203 δὲ
1521 2151 1622 2203 οὐκ
1654 2150 1748 2203 ἐπὶ
1782 2150 1915 2202 ἰου-

338 2236 503 2290 δαίων
531 2234 678 2288 ἐστιν
705 2236 879 2287 εἰπεῖν
912 2233 1091 2305 μόνον,
1127 2233 1221 2286 καὶ
1254 2232 1362 2287 τῶν
1408 2231 1637 2295 ἐκείνοις
1685 2230 1916 2302 συμϐαι-

340 2319 561 2380 νόντων,
604 2316 739 2371 ἀλλά
769 2317 929 2371 πάλιν
963 2315 1248 2379 καθολικὸς
1292 2317 1320 2369 6
1360 2313 1518 2384 λόγος
1548 2313 1685 2368 ἐστί.
1729 2313 1915 2367 Πάντα

339 2402 451 2472 γὰρ
506 2400 575 2456 τά
620 2400 712 2454 ὑπ’
759 2400 924 2454 αὐτοῦ
973 2399 1240 2469 γενόμενα
1283 2398 1511 2470 ἀλήθεια
1550 2398 1646 2453 καὶ
1690 2398 1869 2471 κρίσις
1895 2413 1909 2428 ο

339 2485 540 2557 κρίσις,
568 2482 812 2537 τουτέστι
839 2480 1174 2553 δικαιοσύνη.
1216 2476 1371 2535 Οἶδεν
1408 2482 1464 2535 δὲ
1508 2480 1763 2553 ἀλήθειαν
1788 2479 1917 2532 πολ-

336 2568 499 2633 λάκις
543 2569 577 2637 ἡ
621 2565 814 2636 Γραφὴ
861 2563 954 2617 καὶ
997 2562 1096 2634 τὴν
1137 2563 1547 2636 φιλανθρωπίαν
1587 2563 1786 2632 λέγειν.
1848 2564 1916 2616 Ὃ

336 2650 520 2703 τοίνυν
545 2649 713 2718 λέγει,
753 2647 996 2701 τοιοῦτόν
1031 2648 1199 2713 ἐστιν,
1235 2647 1316 2700 ὅτι
1344 2645 1482 2717 μετά
1510 2646 1610 2716 τῆς
1639 2643 1914 2699 δικαιοσύ-

338 2750 438 2805 νης
477 2733 572 2787 καὶ
610 2729 1020 2801 φιλανθρωπίας
1061 2728 1134 2782 τὰ
1173 2729 1351 2783 πάντα
1383 2729 1656 2799 ἀνέμιξεν.
1701 2727 1766 2782 Et
1812 2726 1917 2798 γὰρ

336 2817 406 2890 δὴ
438 2817 599 2887 μόνον
628 2813 706 2887 τῷ
752 2812 847 2868 τοῦ
881 2811 1090 2867 δικαίου
1132 2811 1399 2883 ἐκέχρητο
1442 2811 1609 2882 λόγῳ,
1643 2810 1822 2865 πάντα
1849 2810 1917 2864 ἂν

341 2898 631 2955 ἀπολώλει.

415 3016 493 3083 ς’.
510 3016 602 3070 Διὸ
617 3014 710 3069 καὶ
726 3004 883 3078 οὗτος
896 3012 924 3066 ὁ
940 3010 1225 3083 προφήτης
1241 3010 1475 3081 ἀλλαχοῦ
1489 3009 1637 3079 λέγει
1651 3026 1665 3040 ο
1684 3008 1783 3078 Μὴ
1795 3009 1919 3062 εἱσ-

340 3102 530 3169 ἐλθῃς
557 3101 644 3165 εὶς
668 3097 872 3166 κρίσιν
887 3096 1036 3165 μετὰ
1061 3093 1169 3150 τοῦ
1189 3094 1416 3149 δούλου
1440 3107 1557 3148 σου
1576 3110 1589 3124 ο
1622 3092 1711 3147 ὅτι
1739 3095 1812 3147 οὐ
1833 3092 1922 3146 δι-

344 3182 735 3249 καιωθήσεται
750 3178 1006 3234 ἐνώπιόν
1022 3193 1138 3237 σου
1160 3175 1279 3242 πᾶς
1299 3175 1428 3239 ζῶν.
1448 3176 1557 3232 Καὶ
1576 3176 1759 3231 πάλιν·
1786 3176 1921 3232 Ἐὰν

350 3267 595 3335 ἀνομίας
612 3262 1028 3331 παρατηρήσῃ,
1059 3261 1255 3329 Κύριε.
1295 3260 1493 3328 Κύριε,
1539 3260 1632 3327 τίς
1649 3262 1919 3329 ὑποστή-

346 3364 546 3412 mmu;
574 3347 753 3400 Πάντα
777 3345 956 3398 τοίνυν
975 3343 1044 3398 τά
1060 3344 1151 3398 ὑπ’
1183 3343 1349 3398 αὐτοῦ
1371 3344 1629 3414 γινόμενα
1643 3343 1920 3416 ἑκατέρων

342 3432 507 3503 γέμει
546 3431 767 3485 τούτων.
818 3430 918 3482 ’Ἂν
952 3445 1011 3481 τε
1034 3429 1142 3500 γὰρ
1187 3428 1247 3482 τὸ
1272 3429 1478 3484 δίκαιον
1505 3429 1708 3500 ἀπαιτῇ
1739 3429 1919 3500 μόνον,

340 3515 525 3568 πάντα
559 3514 624 3568 ἀν
645 3512 907 3584 διεφθάρη
928 3525 942 3541 ⁸
987 3512 1036 3563 εί
1064 3510 1122 3564 δὲ
1149 3510 1531 3583 φιλανθρωπίᾳ
1556 3511 1697 3585 μόνῃ
1720 3512 1921 3587 κέχρη-

338 3616 458 3661 ται,
490 3600 539 3651 οί
566 3598 782 3661 πλείους
822 3596 890 3651 ἂν
919 3595 1160 3664 ἐγίνοντο
1202 3595 1582 3667 ρᾳθυμότεροι.
1642 3596 1740 3650 Διά
1764 3597 1921 3651 τοῦτο

340 3681 637 3737 ποικίλλων
675 3682 773 3751 τὴν
819 3678 1090 3751 σωτηρίαν
1136 3678 1245 3731 τῶν
1278 3677 1602 3749 ἀνθρώπων,
1639 3680 1921 3752 ἑκατέροις

338 3766 555 3829 τούτοις
586 3766 665 3828 είς
701 3764 802 3834 τὴν
840 3762 1123 3834 διόρθωσιν
1154 3761 1333 3814 αὐτῶν
1368 3761 1652 3831 κέχρηται.
1708 3761 1922 3816 Πισταὶ

341 3849 537 3904 πᾶσαι
577 3849 638 3902 αι
681 3846 920 3902 ἐντολαὶ
967 3845 1173 3900 αὐτοῦ.
1230 3846 1407 3916 Ὅπερ
1449 3844 1714 3915 πολλαχοῦ
1757 3848 1918 3913 ποιεῖ,

339 3932 503 3986 τοῦτο
525 3932 615 3985 καὶ
645 3929 876 3984 ἐνταῦθα
908 3928 1220 4000 ἐργάζεται,
1251 3927 1360 3989 ἀπὸ
1391 3926 1492 3998 τῆς
1519 3928 1710 3997 σοφίας
1739 3929 1837 3999 τῆς
1863 3930 1921 3982 ἐν

339 4022 411 4090 τῇ
441 4019 657 4092 ποικίλῃ
695 4017 1023 4089 δημιουργίᾳ
1064 4016 1160 4070 καὶ
1204 4015 1308 4086 τῆς
1348 4015 1669 4086 κηδεμονίας
1700 4017 1794 4070 ἐπὶ
1822 4017 1922 4090 τὴν

341 4103 666 4174 νομοθεσίαν
699 4101 1059 4174 μεταϐαίνων,
1103 4099 1198 4153 καὶ
1225 4097 1386 4153 τοῦτο
1415 4100 1576 4155 πάλιν
1615 4101 1780 4155 κινῶν
1822 4103 1923 4173 τῆς

341 4186 601 4257 προνοίας
624 4185 685 4240 τὸ
716 4184 903 4257 μέρος.
936 4185 1012 4237 Οὐ
1040 4181 1152 4254 γὰρ
1166 4182 1230 4253 δὴ
1261 4183 1419 4253 μόνον
1440 4183 1517 4253 τῷ
1533 4184 1718 4238 κτίσαι
1745 4184 1922 4239 κτίσιν

340 4269 611 4340 τοσαύτην
650 4270 743 4322 καὶ
781 4265 1132 4338 τηλικαύτην,
1172 4264 1308 4318 ἀλλά
1337 4264 1415 4336 τῷ
1441 4266 1533 4320 τὸν
1561 4266 1726 4337 νόμον
1753 4267 1923 4323 θεῖναι

341 4352 408 4406 τὸ
444 4352 552 4407 τῶν
586 4350 886 4425 ἀνθρώπων
927 4347 1204 4419 διώρθωσε
1243 4348 1418 4417 γένος.
1479 4349 1571 4403 Διὸ
1614 4351 1708 4404 καὶ
1758 4354 1818 4405 ἐν
1844 4351 1923 4424 τῷ

343 4435 795 4505 ὀκτωκαιδεκάτῳ
827 4433 1027 4505 ψαλμῷ
1051 4433 1337 4505 ἀμφότερα
1374 4433 1547 4487 ταῦτα
1572 4433 1642 4488 τά
1676 4436 1819 4507 μέρη
1843 4437 1923 4491 δι-

343 4516 503 4583 ελὼν,
524 4518 822 4589 ἀρχόμενος
852 4518 947 4587 μὲν
971 4516 1184 4585 ἐλεγεψ
1224 4519 1289 4569 Ol
1314 4516 1558 4585 οὐρανοὶ
1578 4516 1923 4586 διηγοῦνται

341 4598 535 4664 δόξαν
562 4599 742 4654 Θεοῦ·
797 4601 935 4670 πρὸς
968 4599 1025 4653 δὲ
1053 4607 1117 4651 το
1147 4604 1312 4669 μέσον
1336 4598 1527 4663 ἐλθὼν,
1556 4600 1650 4653 καὶ
1676 4600 1766 4653 τὸν
1795 4602 1924 4672 περὶ

343 4682 447 4752 τῆς
492 4682 721 4746 κτίσεως
759 4682 1068 4753 ἀπαρτίσας
1092 4681 1250 4751 λόγον
1296 4683 1609 4753 ἐπήγαγενο
1657 4682 1712 4735 '0
1740 4685 1924 4751 νόμος

344 4766 567 4833 Κυρίου
609 4764 870 4835 ἄμωμος,
928 4765 1303 4834 ἐπιστρέφων
1329 4765 1536 4835 ψυχάς
1558 4780 1574 4797 ο
1620 4766 1658 4833 ἠ
1703 4766 1922 4837 ἐντολὴ

345 4846 569 4915 Kvplav
594 4847 925 4919 τηλαυγὴς,
961 4845 1299 4918 φωτίζουσα
1328 4850 1685 4918 ὀφθαλμούς.

419 4962 574 5018 Οῦτω
602 4964 666 5036 δὴ
709 4964 802 5018 καὶ
842 4962 1097 5029 ἐνταῦθα,
1125 4963 1295 5019 εὶπὼν
1334 4966 1462 5035 περὶ
1489 4964 1597 5019 τῶν
1626 4965 1923 5037 τεραστίων

347 5049 442 5104 καὶ
472 5049 581 5102 τῶν
620 5048 915 5120 θαυμάτων
960 5047 1157 5110 αὐτοῦ,
1211 5050 1307 5103 καὶ
1345 5049 1453 5103 τῶν
1485 5050 1683 5121 ἔργων,
1719 5052 1798 5115 είς
1825 5051 1923 5125 τὴν

343 5132 477 5203 περὶ
516 5132 626 5186 τῶν
665 5132 894 5187 ἐντολῶν
932 5132 1186 5187 ὑπόθεσιν
1228 5134 1591 5206 μεταχειρίζει
1629 5137 1725 5191 τὸν
1766 5136 1923 5206 λόγον

347 5213 499 5289 [274]
530 5215 673 5271 οῦτω
694 5215 897 5285 λέγων’
925 5216 1137 5270 Πισταὶ
1153 5215 1342 5271 πᾶσαι
1369 5220 1428 5271 αὶ
1453 5219 1695 5274 ἐντολαὶ
1713 5221 1921 5285 αὑτοῦ,

345 5298 763 5369 ἐστηριγμέναι
790 5301 876 5364 εὶς
912 5301 1018 5353 τὸν
1052 5298 1239 5353 αἰῶνα
1270 5299 1376 5354 τοῦ
1409 5300 1643 5369 αὶῶνος,
1680 5317 1925 5372 πεποιη-

340 5381 519 5451 μέναι
558 5382 626 5435 ὲν
668 5383 917 5450 ἀληθείᾳ
945 5382 1043 5436 καὶ
1071 5383 1367 5455 ξὺθύτητι.
1417 5383 1528 5454 Οὐχ
1562 5386 1749 5449 ἁπλῶς
1778 5383 1921 5452 εἷπε,

344 5468 564 5532 Πᾶσαι,
598 5466 733 5521 ἀλλὰ
768 5467 902 5521 πολὺ
938 5467 1093 5536 γένος
1132 5468 1361 5523 ἐντολῶν
1393 5470 1686 5536 ἀνακινῶν,
1719 5474 1922 5547 ταύτην

341 5551 558 5605 τέθεικε
589 5551 687 5622 τὴν
707 5550 868 5617 λέξιν.
918 5551 1027 5606 Καὶ
1049 5550 1155 5622 γὰρ
1198 5551 1405 5607 ἐντολαί
1436 5556 1571 5610 εἰσιν
1597 5558 1652 5611 αί
1678 5557 1777 5629 τῆς
1802 5559 1923 5613 κτί-

409 5769 441 5803 ί
464 5767 619 5821 Βιγῦ.
643 5770 735 5830 ὅτι,
756 5769 843 5819 sed
866 5770 943 5819 ὅτε
973 5769 1092 5834 Reg.

1493 362 1860 425 EXl‘OSlTlO
1901 362 1966 414 IN
2007 362 2338 419 PSALMUM
2380 364 2492 418 CX.

3489 365 3593 422 288

2019 490 2177 538 σεως,
2212 475 2278 540 ἀς
2306 477 2553 550 διατηρεῖ
2584 482 2729 533 πᾶσα
2761 480 2793 550 ἡ
2830 478 3032 543 κτίσις,
3065 478 3212 549 ἥλιος
3236 480 3328 532 καὶ
3376 478 3592 550 σελήνη,

2014 565 2197 636 ἡμέρα
2240 566 2334 622 καὶ
2379 567 2506 633 νὺξ,
2536 570 2631 623 καὶ
2656 570 2901 642 ἀστέρες,
2932 570 3025 623 καὶ
3050 568 3153 638 γῆς
3188 568 3216 607 5
3254 567 3348 621 καὶ
3384 566 3596 636 φύσεως

2011 652 2231 723 δρόμος.
2266 653 2506 707 Ἐντολαί
2536 657 2671 708 εἰσιν
2702 658 2755 709 αἱ
2777 658 2844 727 τῇ
2870 654 3029 725 φύσει
3056 653 3293 708 δοθεῖσαι
3320 653 3378 719 ἐξ
3398 654 3591 724 ἀρχῆς,

2013 736 2103 789 ὅτε
2132 736 2224 790 τὸν
2251 737 2535 809 ἄνθρωπον
2554 738 2809 804 ἔπλαττε,
2841 741 2968 813 περὶ
2993 733 3068 793 ὧν
3094 754 3258 809 φησιν
3295 741 3324 792 6
3352 738 3592 801 Παῦλος·

2016 819 2194 873 Ὅταν
2233 820 2343 890 γὰρ
2374 821 2517 890 ἔθνη
2536 862 2550 886 ,
2583 823 2656 878 τὰ
2696 821 2783 892 μὴ
2813 825 3001 892 νόμον
3031 822 3279 891 ἔχοντα,
3313 821 3493 889 φύσει
3524 819 3596 874 τὰ

2012 902 2119 956 τοῦ
2143 905 2329 972 νόμου
2355 904 2517 973 ποιῇ,
2549 901 2714 962 οὗτοι
2743 907 2932 974 νόμον
2958 905 3045 975 μὴ
3069 906 3332 974 ἔχοντες,
3359 903 3596 967 ἑαυτοῖς

2013 987 2130 1038 εἱσι
2172 987 2374 1055 νόμος.
2415 989 2526 1041 Καὶ
2556 988 2746 1043 πάλιν·
2780 985 3121 1057 Συνήδομαι
3171 986 3279 1056 γὰρ
3315 984 3392 1050 τῷ
3434 985 3595 1054 νόμῳ

2013 1068 2120 1122 τοῦ
2171 1070 2319 1123 Θεοῦ
2350 1072 2498 1125 κατὰ
2530 1074 2639 1125 τὸν
2678 1073 2801 1126 ἔσω
2837 1071 3167 1138 ἄνθρωπον.
3213 1069 3452 1122 Ἐντολαί
3487 1070 3595 1121 εἰσι

2015 1152 2109 1205 καὶ
2133 1154 2189 1205 αἱ
2227 1155 2486 1224 γραπταί.
2527 1156 2636 1208 Καὶ
2682 1146 2843 1208 αὗται
2882 1156 3052 1207 πᾶσαι
3086 1156 3477 1224 μεμενήκασιν.
3533 1154 3594 1205 El

2012 1233 2068 1286 δέ
2098 1251 2241 1298 τινες
2272 1236 2667 1306 κατελύθησαν,
2712 1236 2812 1291 οὐκ
2842 1236 2934 1289 ἐπὶ
2965 1236 3026 1289 τὸ
3050 1239 3250 1306 χεῖρον,
3284 1234 3395 1288 ἀλλ’
3420 1235 3511 1286 ἐπὶ
3536 1233 3598 1286 τὸ

2015 1314 2221 1385 βέλτιον
2260 1319 2842 1392 μεταρρυθμισθεῖσαι.
2876 1320 2948 1371 Τὸ
2978 1318 3106 1389 γὰρ,
3142 1320 3225 1371 Οὐ
3253 1318 3595 1387 φονεύσεις,

2012 1400 2071 1451 ού
2102 1401 2391 1473 κατελύθη,
2417 1402 2529 1456 ἀλλ’
2562 1401 2802 1474 ἐπετάθη
2822 1419 2835 1432 ο
2882 1402 2975 1455 καὶ
3001 1402 3083 1466 τὸ,
3120 1404 3201 1455 Οὐ
3227 1401 3594 1471 μοιχεύσεις,

2012 1483 2112 1535 ούκ
2145 1484 2449 1556 ἠφανίσθη,
2491 1484 2629 1539 ἀλλά
2665 1485 2849 1557 μεῖζον
2879 1484 3089 1553 γέγονε.
3145 1483 3235 1537 Διὸ
3262 1483 3354 1535 καὶ
3388 1483 3593 1550 ἔλεγεν,

2019 1566 2138 1618 Οὐκ
2169 1562 2361 1634 ἦλθον
2388 1568 2723 1623 καταλῦσαι
2756 1566 2863 1621 τὸν
2891 1568 3096 1636 νόμον,
3124 1566 3162 1633 ἢ
3196 1565 3337 1631 τοὺς
3370 1564 3598 1635 προφή-

2014 1662 2141 1710 τας,
2172 1646 2332 1701 ἀλλὰ
2364 1650 2701 1717 πληρῶσαι.
2747 1651 2806 1702 Ὀ
2832 1648 2939 1722 γάρ
2972 1649 3045 1721 μὴ
3078 1644 3448 1719 ὀργιζόμενος,
3468 1645 3599 1697 πολ-

2013 1729 2090 1799 λῷ
2118 1730 2317 1800 μᾶλλον
2341 1731 2433 1785 τοῦ
2457 1733 2617 1803 φόνου
2639 1733 2923 1803 ἀφέξεταιο
2958 1732 3053 1786 καὶ
3080 1732 3109 1784 6
3132 1731 3207 1803 μὴ
3234 1729 3455 1799 βλέπων
3470 1729 3601 1781 ἀκοο

2013 1811 2230 1879 λάστοις
2268 1815 2585 1887 ὀφθαλμοῖς,
2629 1818 2961 1888 μακρότερον
3003 1815 3103 1887 τῆς
3149 1812 3390 1885 μοιχείας
3430 1811 3596 1880 ἐσκή-

2015 1915 2203 1951 νωται.
2262 1899 2319 1953 Ὀ
2347 1900 2528 1954 τοίνυν
2568 1901 2734 1971 νόμος
2763 1899 2921 1955 τοῦτο
2956 1900 3191 1971 μάλιστα
3219 1898 3330 1969 ἔχει
3367 1896 3428 1949 τὸ
3456 1894 3599 1961 ἐξαί-

2018 1997 2194 2051 ρετον,
2226 1982 2288 2036 τὸ
2322 1983 2610 2049 ἀθάνατον,
2645 1984 2707 2038 τὸ
2739 1983 3007 2055 διηνεκὲς,
3037 1983 3134 2037 καὶ.
3162 1985 3190 2037 ό
3217 1981 3318 2051 τῆς
3344 1979 3595 2042 κτίσεως,

2015 2064 2109 2117 καὶ
2141 2065 2169 2117 6
2196 2066 2443 2133 φυσικὸς,
2474 2068 2569 2120 καὶ.
2593 2069 2622 2121 6
2644 2067 2745 2137 τῆς
2771 2065 3110 2136 φιλοσοφίας,
3132 2063 3228 2117 καὶ
3263 2062 3363 2133 τῆς
3389 2060 3597 2129 Καινῆς

2015 2148 2312 2219 Διαθήκης.
2371 2150 2463 2203 Διό
2495 2167 2659 2222 φησιν
2690 2167 2706 2181 ·
2745 2150 2800 2203 '0
2848 2146 3106 2217 οὐρανὸς
3141 2146 3238 2200 καὶ
3279 2144 3317 2211 ἠ
3348 2142 3421 2218 γῆ
3450 2158 3598 2211 παρ-

2015 2233 2367 2285 ελεύσονται
2388 2270 2405 2296 ,
2452 2234 2507 2286 οἱ
2532 2232 2601 2285 δὲ
2627 2233 2795 2302 λόγοι
2815 2247 2935 2300 μου
2964 2231 3037 2284 οὐ
3073 2228 3158 2299 μὴ
3191 2226 3599 2296 παρελεύσον-

2016 2335 2111 2372 ται
2134 2336 2147 2349 ·
2188 2320 2251 2373 τὸ
2282 2320 2537 2392 ἀκίνητον
2567 2320 2751 2374 αὐτῶν
2791 2317 2988 2390 δηλῶν.
3041 2319 3229 2372 Πάντα
3262 2315 3370 2387 γάρ
3404 2315 3504 2368 ὅσα
3530 2313 3597 2367 ἂν

2019 2405 2273 2478 βούληται
2307 2407 2489 2478 μένειν
2524 2407 2553 2459 ὁ
2597 2407 2759 2471 Θεὸς,
2802 2407 2954 2478 μένει
2989 2404 3281 2476 διηνεκῶς,
3321 2402 3418 2457 καὶ
3447 2399 3598 2454 οὐδέν

2016 2495 2132 2546 ἐστι
2170 2496 2231 2548 τὸ
2269 2496 2451 2550 κινοῦν
2481 2497 2640 2551 αὐτά.
2677 2494 3085 2564 Πεποιημέναι
3116 2493 3186 2547 ἐν
3221 2491 3473 2559 ἀληθείᾳ
3500 2487 3600 2543 καὶ

2016 2584 2312 2651 εὐθύτητι.
2369 2584 2435 2637 Τί
2477 2586 2663 2651 ἐστιν,
2715 2585 2813 2639 Ἐν
2853 2582 3110 2652 ἀληθείᾳ
3148 2580 3246 2634 καὶ
3288 2578 3599 2644 εὐθύτητι;

2018 2670 2183 2723 Ούδὲν
2219 2671 2432 2737 αὐταῖς,
2468 2672 2623 2744 φησὶ,
2671 2671 2911 2737 σκολιὸν,
2956 2670 3107 2724 οὐδὲν
3140 2664 3599 2738 στραγγαλιῶδεςν

2017 2756 2169 2810 οὐδὲν
2196 2758 2422 2828 ἀσαφὲς,
2474 2760 2629 2813 οὐδὲν
2659 2759 2796 2831 πρὸς
2835 2758 2996 2829 χάριν
3027 2755 3171 2819 τινὰ,
3202 2755 3236 2825 ἢ
3279 2752 3597 2824 ἀπέχθειαν,

2017 2844 2152 2897 ἀλλὰ
2179 2846 2353 2909 πάντα
2377 2846 2516 2917 πρὸς
2530 2847 2591 2900 τὸ
2609 2846 2887 2917 συμφέρον
2908 2845 3000 2899 καὶ
3016 2841 3291 2905 λυσιτελές
3307 2858 3321 2871 ·
3346 2841 3407 2894 ού
3432 2838 3600 2894 καθάο

2019 2950 2125 3002 περ
2148 2934 2197 2986 οἱ
2235 2933 2566 3004 ἀνθρώπινοι
2600 2935 2778 3005 νόμοι,
2813 2933 2949 2986 πολὺ
3003 2933 3100 3003 μὲν
3135 2931 3348 3000 ἔχοντες
3376 2928 3438 2981 τὸ
3478 2927 3599 2979 ἐπίο

2019 3037 2209 3092 κηρον,
2229 3021 2364 3075 πολὺ
2384 3022 2441 3074 δὲ
2464 3022 2526 3076 τὸ
2545 3021 2778 3091 ἀσαφὲς,
2799 3021 2934 3074 πολὺ
2950 3019 3006 3073 δὲ
3024 3020 3085 3072 τὸ
3105 3017 3462 3089 ἀνθρώπινον.
3487 3015 3598 3069 Καὶ

2018 3105 2128 3175 γὰρ
2156 3103 2263 3157 ἀπὸ
2296 3103 2652 3177 ἀνθρωπίνων
2678 3104 2868 3159 παθῶν
2895 3103 3082 3157 πολλοὶ
3109 3100 3370 3164 πολλάκις
3403 3097 3593 3168 ἐτέθη-

2021 3209 2138 3247 σαν.
2194 3194 2303 3247 Καὶ
2328 3194 2435 3265 γὰρ
2464 3195 2555 3248 τὸν
2584 3193 2775 3266 ἐχθρὸν
2810 3193 3169 3265 ἀμυνόμενος,
3207 3191 3241 3262 ἢ
3276 3190 3416 3260 φίλῳ
3442 3187 3593 3260 χοιρία

2021 3280 2206 3347 ζεσθαι
2239 3283 2575 3355 βουλόμενος,
2625 3283 2767 3338 οὕτω
2807 3283 2879 3338 τὰ
2927 3283 3231 3354 γράμματα
3281 3279 3596 3349 συνέθηκεν.

2033 3370 2171 3423 Ἀλλ’
2200 3372 2299 3443 ούχ
2341 3374 2391 3426 οὶ
2430 3371 2563 3426 θεῖοι
2607 3370 2873 3435 τοιοῦτοι,
2915 3371 3029 3425 ἀλλ’
3068 3369 3220 3442 ⁴ὶιλίου
3252 3366 3598 3439 φαιδρότεροι

2024 3460 2275 3531 μένουσι,
2352 3462 2413 3515 τὸ
2472 3460 2749 3534 συμφέρον
2806 3460 2915 3515 τῶν
2960 3457 3432 3532 νομοθετουμένων
3480 3454 3600 3508 ἐπι-

2021 3547 2307 3619 ζητοῦντες
2328 3589 2342 3612 ,
2387 3549 2646 3620 καὶπρὸς
2705 3549 2904 3621 ἀρετὴν
2958 3548 3155 3611 αὐτοὺς
3210 3543 3597 3612 ἐπανάγοντες,

2021 3636 2114 3690 καὶ
2152 3636 2289 3707 πρὸς
2318 3636 2415 3708 τὴν
2443 3637 2552 3689 τῶν
2587 3636 2926 3709 πραγμάτων
2949 3634 3226 3707 ἀλήθειαν,
3268 3632 3330 3685 ού
3372 3630 3508 3702 πρὸς
3532 3628 3600 3681 τά

2019 3722 2186 3794 ψευδῆ
2222 3723 2423 3792 ταῦτα,
2465 3723 2691 3778 πλοῦτον
2724 3723 2869 3792 λέγω
2907 3724 3001 3776 καὶ
3039 3719 3355 3774 δυναστείαν
3393 3714 3599 3785 (ταῦτα

2021 3810 2129 3881 γὰρ
2155 3810 2354 3880 ψευδῆο
2404 3810 2474 3863 τὰ
2514 3810 2571 3865 δὲ
2597 3810 2689 3864 τοῦ
2721 3810 2856 3863 Θεοῦ
2887 3808 3165 3879 ἀλήθεια),
3203 3807 3303 3877 ούχ
3333 3806 3480 3867 ὅπως
3503 3801 3596 3871 γέ-

2022 3910 2197 3946 νοιντο
2221 3891 2610 3965 εὐπορώτεροι,
2639 3893 2745 3946 οὐδ’
2777 3893 2921 3957 ὅπως
2956 3891 3062 3944 τῶν
3092 3890 3373 3962 παρόντων
3407 3885 3599 3939 ἐπιτύ-

2021 3993 2199 4047 χοιεν,
2250 3975 2363 4030 ἀλλ’
2406 3977 2553 4041 ὅπως
2583 3976 2692 4030 τῶν
2720 3976 3017 4048 μελλόντων
3046 3971 3432 4035 ἀπολαύσαιεν,
3456 3969 3601 4023 διδά-

2025 4080 2268 4128 σκοντες.
2331 4064 2467 4136 Περὶ
2503 4064 2613 4117 τῶν
2650 4063 2865 4135 ἀληθῶν
2900 4062 3242 4135 πραγμάτων
3281 4059 3374 4114 καὶ
3400 4055 3598 4130 ὀρθῶν,

2022 4151 2117 4205 καὶ
2146 4151 2297 4205 οὐδὲν
2325 4152 2559 4223 ἐχόντων
2576 4150 3028 4223 διεστραμμένον,
3049 4150 3259 4203 ἅπαντα
3285 4145 3440 4199 εἶπον
3465 4145 3602 4197 ἐκεῖ·

2020 4256 2102 4295 νοι
2135 4240 2185 4294 οἱ
2219 4242 2394 4312 νόμοι.
2438 4240 2653 4296 Πισταὶ
2684 4237 2874 4296 πᾶσαι
2917 4241 2975 4292 αι
3011 4237 3251 4292 ἐντολαὶ
3288 4233 3494 4290 αὐτοῦ.
3536 4232 3601 4286 Τί

2023 4326 2161 4391 ἐστι,
2189 4327 2441 4390 Πισταί;
2466 4327 2712 4393 Βέὀαιαι,
2743 4325 3024 4397 μένουσαι.
3067 4325 3186 4378 Κᾶν
3214 4321 3323 4393 γὰρ
3356 4319 3602 4391 παραδα-

2024 4412 2212 4480 θῶσιν,
2255 4415 2310 4468 αἱ
2343 4415 2603 4487 τιμωρίαι
2631 4414 2851 4468 ἕπονται
2874 4451 2888 4475 ,
2941 4412 3036 4465 καὶ
3074 4405 3235 4465 αὗται
3259 4410 3319 4462 ού
3346 4407 3600 4461 σαλεύον-

2021 4518 2113 4555 ται
2132 4516 2147 4532 ο
2201 4503 2251 4556 εί
2273 4501 2330 4555 δὲ
2361 4502 2637 4573 ἄνθρωποι
2676 4498 3017 4570 παραϐῶσιν,
3068 4498 3182 4551 ἀλλ’
3209 4499 3237 4550 ό
3268 4496 3400 4559 Θεὸς
3430 4496 3597 4557 αὐτάς

2022 4589 2246 4643 ἐκδικεῖ.
2280 4589 2371 4661 Μὴ
2394 4590 2572 4642 τοίνυν
2602 4587 2748 4657 λέγε,
2770 4588 2851 4641 ὅτι
2879 4587 3015 4658 πρὸς
3042 4584 3269 4656 ἀπειλὴν
3297 4584 3505 4658 εῐρηται
3532 4583 3602 4636 τά

2022 4677 2309 4748 εἰρημένα,
2355 4676 2389 4747 ἢ
2432 4675 2826 4746 ὑπερϐολικῶς.
2887 4673 3075 4737 Οὐδεὶς
3111 4671 3413 4743 νομοθετῶν
3463 4671 3601 4743 πρὸς

2022 4765 2252 4837 ἀπειλὴν
2305 4764 2454 4834 λέγει
2495 4765 2677 4835 μόνον,
2732 4763 2869 4817 ἀλλά
2915 4763 3009 4816 καὶ
3042 4762 3177 4835 πρὸς
3202 4761 3598 4832 σωφρονισμόν.

2024 4853 2087 4905 Et
2112 4852 2170 4906 δὲ
2198 4853 2260 4905 ού
2295 4852 2498 4922 σφόδρα
2522 4851 2797 4916 πιστεύεις
2829 4850 2970 4921 ὑπὲρ
2997 4851 3106 4904 τῶν
3140 4850 3462 4922 μελλόντων,
3491 4849 3601 4902 ἀπὸ

2023 4941 2133 4993 τῶν
2174 4938 2552 5010 παρελθόντων
2603 4938 2845 5010 λάμϐανε
2888 4939 2987 5010 τὴν
3016 4938 3304 5003 ἀπόδειξιν.
3373 4936 3432 4991 Ὀ
3470 4936 3601 5004 γοῦν

2028 5027 2179 5100 [275]
2213 5028 2306 5081 ἐπὶ.
2332 5026 2427 5081 τοῦ
2454 5027 2577 5081 Νῶε
2596 5026 2998 5097 κατακλυσμὸς,
3026 5027 3121 5080 καὶ
3141 5027 3174 5096 ἡ
3197 5026 3289 5077 ἐπὶ
3316 5024 3424 5077 τῶν
3455 5023 3602 5075 Σοδό-

2029 5134 2144 5187 μων
2190 5117 2551 5187 πυρπόλησις,
2591 5117 2687 5171 καὶ
2731 5119 2764 5185 ἡ
2813 5116 2906 5169 ἐπὶ
2942 5114 3036 5169 τοῦ
3080 5113 3279 5185 Φαραὼ
3333 5112 3598 5174 ἀπώλεια,

2026 5206 2119 5259 καὶ.
2140 5207 2173 5277 ἡ
2198 5206 2304 5259 τῶν
2320 5205 2585 5259 Ἰουδαίων
2612 5204 2973 5274 πανωλεθρία,
2996 5202 3090 5256 καὶ
3123 5203 3178 5253 αἱ
3210 5199 3600 5271 αἰχμαλωσίαι,

2025 5294 2119 5346 καὶ
2146 5295 2194 5345 οἱ
2223 5292 2470 5363 πόλεμοι,
2501 5288 2610 5361 ἆρα
2634 5291 2863 5361 ἀπειλῆς
2886 5292 3043 5353 είσιν,
3071 5290 3104 5361 ἢ
3130 5288 3323 5358 πείρας
3344 5286 3604 5358 πραγμά-

2022 5398 2165 5446 των;
2202 5380 2263 5432 Εί
2289 5380 2344 5433 δὲ
2376 5379 2445 5433 τὰ
2468 5382 2526 5432 ἐν
2561 5379 2639 5450 τῷ
2671 5378 2824 5447 τύπῳ
2842 5376 3054 5445 γέγονε,
3084 5374 3264 5445 πολλῷ
3292 5374 3490 5445 μᾶλλον
3534 5375 3601 5428 τά

2025 5468 2083 5520 ἐν
2114 5470 2181 5538 τῇ
2215 5467 2463 5538 ἀληθείᾳ,
2505 5468 2618 5536 ὅσῳ
2650 5466 2743 5520 καὶ
2777 5465 2981 5535 μείζων
3019 5466 3052 5535 ἡ
3091 5464 3327 5534 πονηρία
3366 5462 3473 5517 τῶν
3498 5464 3601 5516 αύ-

2024 5556 2135 5618 τοῖς
2149 5554 2565 5624 τετολμημένων
2592 5551 2730 5625 μετά
2749 5550 3016 5622 τοσαύτην
3042 5551 3336 5622 θεραπείαν
3356 5552 3450 5607 καὶ
3465 5551 3604 5624 διόρ-

2090 5778 2119 5818 b
2140 5775 2301 5828 Malim
2322 5779 2401 5826 καὶ
2436 5782 2515 5839 γῆ.
2550 5776 2651 5828 Sed
2675 5777 2784 5828 sine
2829 5778 3125 5830 auctoritate
3155 5790 3268 5827 mss.
3297 5777 3416 5827 nihn‘.
3445 5781 3598 5826 muto.
