4064 6420
300 443 406 499 ⁵239

309 558 618 627 emptionem
659 549 798 604 misit
831 541 1072 600 Dominus
1118 529 1304 606 populo
1330 542 1442 582 suo.
1473 517 1624 591 Quod
1651 513 1716 570 ad
1744 511 1912 627 hieto;

317 601 449 708 riain
476 646 700 720 quidem
728 641 937 704 attinet,
966 633 1091 689 dicit
1117 601 1414 684 libertatem
1444 613 1750 680 Judaeorum
1775 625 1788 660 :
1822 601 1916 658 sed

319 747 366 800 si
415 742 469 798 id
485 703 834 808 jaccipiamus
860 703 1172 798 anogogice,
1211 718 1514 773 libertatem
1551 703 1696 760 orbis
1736 709 1916 762 terrae,

331 834 475 908 quod
513 788 675 887 etiam
706 788 1060 896 signiﬁcatvid'
1085 812 1226 886 quod
1256 805 1496 877 sequitur
1525 816 1539 853 :
1573 788 1920 850 Mandavit-in

324 885 567 985 ditemum
615 923 962 974 testamentum
1012 885 1176 966 suum.
1207 903 1304 960 llic
1346 896 1554 953 Novum
1588 885 1716 944 dicit
1743 902 1756 939 :
1788 894 1920 952 quo-

330 1021 475 1074 niam
508 1014 649 1070 enim
680 1005 920 1065 meminit
945 997 1177 1057 mandati
1213 1003 1265 1049 et
1305 987 1458 1059 legis,
1491 998 1554 1038 ea
1593 986 1769 1033 autem
1816 986 1919 1026 non

327 1111 427 1165 fuit
457 1107 760 1166 observata,
789 1107 844 1154 et
863 1098 995 1152 iram
1042 1087 1266 1162 peperit,
1308 1082 1434 1138 dicit
1462 1093 1479 1134 :
1509 1068 1923 1140 Redemptionem

329 1158 679 1268 niis-it‘populo
700 1158 814 1258 suo,
842 1158 1288 1259 quemadmodum
1310 1175 1423 1244 ipse
1443 1181 1653 1241 quoque
1678 1158 1920 1268 dicebat:

330 1248 463 1257 """'
494 1248 620 1268 r'r"
801 1248 813 1258 ι
859 1248 878 1259 ι

330 1292 458 1348 Non
487 1289 598 1344 veni
633 1294 689 1340 ut
708 1282 933 1354 judicent
963 1272 1228 1337 mundum,
1259 1265 1348 1323 sed
1371 1271 1427 1317 ut
1467 1271 1655 1315 servem
1680 1248 1926 1306 mundum

334 1386 517 1458 (Joan.
541 1380 624 1436 12.
656 1349 769 1448 4³1).
798 1370 1058 1440 Quoniam
1084 1364 1226 1420 enim
1252 1361 1337 1415 lex
1368 1369 1475 1411 non
1503 1349 1804 1407 observata,
1824 1355 1925 1410 pu-

336 1436 378 1458 ν
403 1436 443 1440 --
465 1436 492 1438 η
729 1436 742 1448 ,
811 1436 842 1440 κ-

334 1478 515 1534 uiebat
544 1492 562 1526 ι
592 1473 694 1527 Leti:
715 1467 868 1532 enim,
899 1460 1088 1532 inquit,
1115 1457 1246 1510 iram
1265 1456 1503 1521 aperatur
1521 1461 1538 1498 .'
1559 1440 1642 1496 ubi
1668 1436 1800 1492 enim
1825 1446 1927 1486 non

334 1531 418 1625 est
437 1569 538 1632 lex,
565 1579 655 1618 nec
677 1555 982 1628 trangressio
1015 1550 1189 1622 (Rom.
1231 1545 1284 1600 4.
1314 1538 1404 1612 15)
1433 1555 1446 1592 :
1478 1544 1552 1604 et,
1587 1531 1773 1588 Omnes
1815 1539 1930 1630 pec-

335 1667 596 1722 cauerunt,
637 1663 686 1710 et
721 1618 866 1722 egent
893 1618 1059 1719 gloria
1096 1641 1215 1704 Dei,
1253 1631 1523 1708 justiﬁcati
1562 1625 1738 1698 gratis,
1765 1618 1932 1692 gratia

337 1713 498 1824 ipsius
525 1713 634 1817 (I
655 1747 709 1800 5.
734 1713 826 1797 έὸ.
847 1713 938 1810 21)
968 1755 984 1792 :
1013 1741 1294 1806 propterea
1323 1725 1401 1783 sic
1419 1721 1577 1788 dixit,
1602 1713 1931 1784 Redemptio-

339 1860 453 1898 nem
475 1840 608 1895 misit
625 1835 874 1891 Dominus
897 1827 1084 1902 populo
1109 1839 1221 1878 suo.

411 1935 464 1987 7.
492 1932 601 1988 Nec
629 1937 712 1984 est
742 1899 920 1982 tamen
943 1913 1280 1977 solummodo
1306 1904 1623 1977 redemptio,
1651 1900 1745 1958 sed
1773 1899 1934 1954 etiam

342 2035 462 2097 post
511 2019 934 2091 redemptionem
972 2014 1058 2069 lex
1109 2017 1227 2072 est,
1268 2013 1330 2060 ut
1371 2002 1495 2056 vita:
1550 1993 1936 2052 institutionem

345 2085 931 2179 ostendamus-dignam
955 2102 1140 2175 gratia.
1167 2098 1411 2154 Sanctum
1439 2101 1485 2146 et
1513 2085 1733 2144 terribile
1758 2096 1939 2137 nomen

343 2211 472 2280 ejus.
504 2172 800 2273 Postquam
816 2172 978 2254 enim-
999 2189 1251 2264 cogitavit
1290 2184 1470 2241 omnia
1508 2177 1797 2250 prmdicare
1822 2172 1940 2242 ejus

343 2262 526 2356 duram
555 2310 618 2350 ac
642 2262 1050 2364 providentiam,
1076 2262 1239 2354 quam
1261 2273 1494 2333 ostendit
1519 2280 1625 2326 tam
1655 2269 1707 2322 in
1735 2262 1937 2326 Veteri,

348 2405 506 2462 quam
538 2387 590 2442 in
630 2363 800 2448 Novo,
834 2389 941 2435 tam
981 2377 1036 2432 in
1060 2373 1210 2428 factis
1246 2378 1301 2424 et
1337 2363 1610 2436 operibus,
1649 2372 1808 2428 quam
1847 2368 1944 2424 per

349 2487 637 2554 prmccpta,
687 2487 848 2546 quam
895 2484 989 2540 per
1031 2461 1285 2521 miracula
1328 2474 1391 2514 ac
1430 2452 1666 2526 prodigia
1705 2467 1718 2503 :
1765 2446 1946 2504 divino

347 2536 542 2643 tipiritti
581 2536 811 2631 amabis,
856 2536 912 2617 et
947 2559 1064 2629 ejus
1110 2553 1384 2611 admirans
1427 2546 1788 2616 majestatcm,
1831 2536 1949 2592 ﬁnit

349 2663 649 2719 orationem
680 2659 731 2712 in
762 2629 1169 2724 gloriﬁcatione,
1207 2646 1257 2701 ei
1295 2643 1384 2714 qui
1424 2640 1540 2695 haec
1583 2635 1707 2692 fecit
1735 2629 1946 2687 laudem

350 2757 606 2813 oﬁcrens.
650 2748 900 2806 Sanctum
939 2753 984 2798 et
1012 2739 1230 2796 terribile
1267 2750 1448 2790 nomen
1489 2731 1638 2802 ejus;
1680 2726 1784 2780 hoc
1830 2728 1948 2785 est,

352 2850 573 2921 plenum
607 2852 847 2913 stupore,
892 2838 1104 2909 plenum
1147 2828 1518 2887 admiratione.
1561 2818 1714 2890 Quod
1759 2818 1804 2873 si
1849 2814 1953 2869 tale

354 2951 440 2998 est
480 2941 597 3008 ejus
636 2948 853 2998 nomen,
886 2937 1086 3000 quanto
1113 2923 1280 2994 magis
1314 2912 1644 2974 substantia?
1673 2904 1954 2978 Quomodo

357 3041 540 3087 autem
583 3035 665 3082 est
701 3025 816 3094 ejus
843 3034 1036 3075 nomen
1075 3023 1317 3070 sanctum
1346 3020 1400 3064 et
1426 3003 1706 3062 terribile?
1741 3000 1796 3054 ld
1831 3013 1957 3067 per-

361 3125 648 3178 timescunt
687 3126 740 3172 et
781 3109 1200 3171 contremiscunt
1228 3105 1520 3162 daemones,
1565 3095 1617 3150 id
1645 3092 1815 3148 morbi
1847 3091 1957 3144 ior-

370 3212 588 3267 midant.
635 3209 715 3263 Eo
763 3205 980 3260 nomine
1027 3201 1110 3256 usi
1152 3193 1381 3268 apostoli
1422 3190 1727 3247 universum
1773 3181 1960 3238 orbem

377 3315 532 3360 terra:
577 3305 940 3358 correxerunt.
983 3296 1062 3351 Eo
1111 3290 1275 3347 David
1317 3297 1587 3342 armorum
1634 3281 1754 3334 loco
1796 3289 1960 3340 usus,

371 3395 652 3452 barbarum
676 3392 821 3447 illum
847 3385 1160 3459 prostravit;
1183 3397 1248 3438 eo
1270 3393 1357 3434 rcs
1377 3369 1798 3431 innumerabiles
1817 3372 1964 3421 recte

369 3498 426 3544 et
452 3486 702 3557 praeclare
729 3489 892 3554 gesta:
925 3485 1082 3541 sunt;
1105 3489 1170 3532 eo
1193 3471 1359 3528 sacris
1384 3467 1653 3523 initiamur
1673 3457 1962 3532 mysteriis.

370 3554 730 3634 Considerans
768 3588 895 3643 ergo
935 3577 1064 3641 quot
1106 3576 1161 3622 et
1198 3570 1394 3635 quanta
1427 3558 1587 3614 faciat
1624 3554 1741 3625 ejus
1768 3565 1968 3607 nomen

373 3667 654 3734 miracula,
693 3642 845 3737 quot?
869 3659 1145 3718 beneﬁciis
1182 3654 1396 3716 alliciat,
1428 3664 1534 3722 quo
1563 3654 1718 3719 pacto
1749 3642 1971 3712 dissipet

375 3761 732 3825 adversarios,
762 3771 890 3813 suos
917 3751 1214 3814 confirmet,
1246 3755 1300 3802 et
1327 3757 1414 3800 res
1440 3741 1579 3812 apud
1609 3755 1669 3796 se
1693 3746 1968 3808 reputans,

378 3869 500 3925 quae
537 3865 751 3908 omnem
781 3855 983 3904 naturae
1012 3837 1449 3912 consequentiam
1478 3843 1532 3890 ct
1568 3831 1855 3885 humanam
1883 3839 1972 3880 ra—

381 3948 585 4001 tionem
624 3949 895 4012 superant,
937 3936 1086 4002 dicit,
1134 3931 1382 3988 Sanctum
1433 3935 1479 3980 et
1524 3921 1744 3979 terribile
1795 3932 1978 3971 nomen

383 4040 516 4109 ejus.
549 4034 696 4102 Quod
728 4036 771 4086 si
801 4041 882 4086 est
911 4037 1170 4086 sanctum,
1201 4027 1384 4079 sancta
1419 4029 1631 4089 quoque
1660 4026 1754 4068 ora
1778 4007 1979 4063 habere

386 4145 521 4201 opus
539 4138 618 4183 est
639 4125 704 4180 ad
725 4139 846 4180 eum
877 4118 1216 4181 laudandum,
1243 4121 1448 4177 sancta,
1472 4111 1684 4178 inquam
1705 4146 1719 4173 ,
1750 4111 1801 4158 et
1825 4114 1977 4172 pura.

466 4221 562 4277 Ubi
579 4224 691 4292 fons
705 4215 964 4288 sapientia:
976 4210 1275 4282 reperiatur;
1287 4202 1547 4276 sapientia:
1561 4197 1811 4269 deﬁnitio;
1829 4206 1984 4263 opera

391 4317 542 4371 etiam
565 4301 1028 4368 necessaria—10.
1055 4304 1264 4358 Initium
1285 4297 1549 4369 sapientia:
1577 4294 1726 4347 timor
1751 4285 1982 4343 Domini.

395 4407 689 4463 Intellectus
731 4405 888 4457 bonus
935 4397 1167 4453 omnibus
1211 4390 1506 4464 facientibus
1555 4400 1686 4440 eum.
1719 4379 1854 4451 Quid
1881 4386 1985 4444 est,

395 4497 648 4553 Initium?
686 4495 845 4556 Fons,
872 4491 1052 4551 radix,
1087 4485 1510 4541 fundamentum.
1545 4475 1806 4544 Quoniam
1845 4470 1988 4526 enim

399 4601 480 4645 tot
503 4599 557 4644 et
587 4595 728 4642 tanta
759 4582 891 4638 dixit
919 4582 988 4636 de
1017 4577 1240 4636 Domino
1267 4573 1413 4627 orbis
1443 4579 1619 4631 terrae,
1647 4573 1700 4620 et
1727 4570 1873 4618 tanta
1901 4574 1990 4616 re-

400 4682 575 4751 pletus
622 4686 705 4734 est
747 4672 1097 4730 admiratione
1139 4686 1154 4724 :
1207 4667 1309 4721 hoc
1357 4659 1655 4732 subjungit,
1705 4653 1994 4710 ostendens

399 4775 678 4843 deinceps,
719 4783 841 4825 eum
871 4767 958 4838 qui
991 4765 1162 4834 ipsum
1193 4761 1343 4815 timet
1368 4752 1576 4826 impleri
1605 4747 1751 4806 omni
1779 4744 1995 4816 sapien-

407 4871 499 4933 tia,
539 4877 593 4922 et
620 4863 932 4936 prudentem
960 4856 1206 4914 evadere.
1240 4849 1444 4907 Deinde
1484 4861 1552 4901 ne
1577 4843 1695 4915 quis
1723 4839 1998 4936 existima-

407 4972 493 5018 ret
552 4957 867 5029 sapientiam
921 4968 1026 5008 non
1081 4945 1374 5020 procedere
1413 4941 1550 4996 ultra
1604 4917 1998 5005 cognitionem,

407 5025 686 5122 subjuniit
712 5067 726 5102 :
760 5045 1053 5100 Intellectus
1080 5040 1240 5094 bonus
1277 5033 1506 5090 erunibus
1534 5025 1831 5101 facientibus
1863 5037 1999 5077 eum.

408 5115 529 5200 Non
557 5140 753 5196 sufﬁcit
779 5137 920 5194 enim
949 5134 1109 5197 ﬁdes,
1141 5129 1239 5185 nisi
1279 5127 1418 5182 adsit
1445 5123 1606 5178 etiam
1636 5119 1757 5172 vitae
1791 5115 2005 5170 institu-

415 5246 528 5291 tum
561 5231 681 5286 ﬁdei
702 5228 1047 5286 conveniens.
1071 5218 1351 5289 Quomodo
1376 5223 1459 5271 est
1480 5221 1656 5268 autem
1688 5208 1894 5263 initium
1924 5220 2010 5260 sa-

415 5323 634 5398 pientia:
663 5323 820 5376 timor
851 5314 1099 5373 Domini?
1123 5313 1205 5368 Ab
1231 5309 1375 5366 omni
1397 5307 1526 5361 vitio
1553 5305 1739 5359 liberat
1756 5341 1772 5367 ,
1795 5312 2010 5354 omnem

417 5421 672 5477 virtutem
698 5412 894 5483 dirigit.
929 5410 1064 5465 Dicit
1092 5415 1267 5461 autem
1309 5398 1646 5471 sapientiam,
1679 5408 1784 5449 non
1814 5407 1934 5461 qua:
1959 5391 2011 5445 in

423 5510 627 5574 verbis,
657 5505 755 5561 sed
782 5518 900 5574 quae
939 5501 992 5555 in
1022 5499 1183 5554 rebus
1212 5496 1311 5552 sita
1338 5502 1438 5548 est.
1480 5489 1614 5544 Nam
1641 5485 1849 5540 externi
1877 5498 2014 5554 quo-

420 5617 530 5674 que
571 5595 871 5671 philosophi
900 5591 1220 5649 deﬁnierunt
1256 5583 1593 5655 sapientiam,
1624 5577 1923 5634 divinarum
1965 5583 2020 5630 et

422 5701 799 5756 humanarum
821 5702 1000 5746 rerum
1028 5682 1406 5751 cognitionem.
1465 5677 1613 5730 Hanc
1642 5679 1816 5726 autem
1847 5677 2018 5725 artem

427 5789 591 5846 docet
617 5787 708 5842 Dei
747 5783 923 5848 timor,
966 5775 1355 5848 improbitatem
1386 5770 1652 5832 auferens,
1681 5776 1735 5822 et
1771 5763 2022 5818 virtutem

427 5886 697 5950 inserens,
737 5887 795 5936 ut
818 5874 1100 5951 prmsentia
1137 5871 1544 5930 contemnantur
1568 5858 1827 5926 efﬁciens,
1873 5864 1927 5911 ct
1969 5853 2021 5909 in

1454 394 1816 462 LXl‘OSlTlO
1855 389 1920 445 IN
1962 381 2285 442 PSAI..\|UM
2327 380 2460 436 CXI.

3512 365 3617 420 iiii)

2024 501 2214 559 cieluin
2248 499 2547 556 traducens.
2579 494 2715 563 Quid
2744 501 2826 548 est
2855 487 3157 562 hujusmodi
3184 487 3359 541 anima
3403 484 3616 556 sapiet:-

2025 595 2165 650 tius?
2208 591 2324 648 Non
2370 588 2560 660 quaerit
2605 597 2781 641 autem
2822 583 2908 637 hic
2956 581 3126 635 solum
3169 575 3489 636 auditorem,
3521 581 3616 628 sed

2025 687 2185 742 etiam
2225 683 2502 738 factorem.
2540 677 2834 732 Intellectus
2880 683 3048 727 autem
3085 669 3243 723 bonus
3277 665 3508 722 omnibus
3539 667 3619 736 fa-

2026 774 2268 832 cientibus
2312 788 2422 828 eum
2451 787 2468 826 :
2497 771 2598 825 hoc
2623 777 2723 830 est,
2767 766 2830 820 iis
2855 764 2944 835 qui
2986 760 3301 834 sapientiam
3341 763 3618 819 exercent,

2027 879 2081 926 et
2103 883 2221 925 eam
2249 865 2399 921 lactis
2420 861 2725 926 ostendunt,
2752 858 2922 913 bonus
2949 862 3030 910 est
3056 852 3375 907 intellectus.
3405 847 3617 902 Intelle-

2029 971 2134 1016 ctus
2163 959 2340 1024 bonus,
2386 955 2576 1023 inquit,
2602 950 2850 1023 quoniam
2887 957 2970 1004 est
3005 946 3163 1001 etiam
3196 943 3368 999 malus
3412 941 3598 996 intelle

2030 1060 2165 1116 ctus,
2190 1059 2249 1103 ut
2269 1046 2481 1119 quando
2508 1045 2636 1099 dicit
2663 1061 2676 1097 :
2713 1040 2979 1112 Sapientes
3008 1045 3197 1092 suntut
3222 1034 3355 1088 male
3381 1033 3570 1104 faciant
3599 1049 3618 1086 :

2031 1145 2214 1198 bonum
2241 1149 2405 1195 autem
2433 1142 2598 1210 facere
2623 1150 2726 1189 non
2754 1140 2994 1187 noverunt
3022 1127 3079 1202 (Ι
3082 1145 3153 1182 er.
3174 1127 3230 1184 4.
3253 1125 3368 1199 22).
3388 1125 3506 1194 Ipse
3530 1139 3625 1176 au-

2032 1247 2138 1293 tem
2170 1232 2360 1306 quaerit
2387 1209 2507 1287 eum
2537 1227 2866 1284 intellectum
2887 1265 2902 1292 ,
2933 1223 3023 1294 qui
3050 1221 3103 1276 in
3132 1220 3327 1275 virtute
3352 1218 3486 1273 situs
3515 1227 3619 1272 est.

2103 1326 2242 1381 Laus
2288 1323 2383 1379 Dei
2429 1336 2542 1392 qua:
2587 1320 2672 1374 sit.
2698 1347 2770 1358 ——
2811 1293 3061 1370 Laudatio
3100 1312 3209 1382 ejus
3243 1317 3424 1363 manet
3445 1307 3500 1358 in
3523 1293 3659 1357 sat-1

2034 1420 2204 1476 culum
2231 1416 2424 1473 steculi.
2457 1413 2712 1481 Qua-nam
2737 1451 2753 1478 ,
2785 1408 2904 1475 dic,
2957 1418 3165 1477 quaeso,
3216 1416 3278 1456 ea
3308 1399 3467 1454 laus?
3491 1397 3627 1452 Gra-

2038 1513 2230 1567 tiarum
2270 1508 2443 1575 actio,
2473 1501 2822 1576 gloriﬁcatio,
2867 1514 2986 1570 qua:
3029 1512 3121 1567 per
3150 1507 3312 1565 opera
3365 1491 3498 1544 facta
3549 1497 3630 1542 est

2037 1600 2396 1659 immortalis:
2443 1607 2500 1654 et
2548 1605 2674 1651 ante
2721 1593 2838 1649 haec
2881 1607 2944 1646 ea
2989 1604 3107 1660 quae
3154 1587 3270 1657 ejus
3319 1582 3632 1639 substantia:

2037 1694 2289 1750 attributa
2347 1701 2448 1747 est.
2507 1688 2646 1744 Deus
2684 1685 2825 1742 enim
2885 1691 2968 1738 est
3028 1677 3378 1744 immortalis,
3434 1683 3491 1729 et
3538 1687 3634 1742 per

2039 1800 2099 1843 se
2140 1783 2294 1840 valde
2342 1779 2624 1837 laudabilis
2671 1795 2686 1833 :
2740 1773 3021 1831 laudabilis
3070 1780 3248 1826 autem
3302 1777 3384 1822 cst
3435 1765 3632 1830 etiam,

2040 1878 2255 1953 quando
2284 1875 2400 1948 ejus
2429 1872 2764 1944 majestatem
2810 1865 2949 1938 apud
2995 1874 3046 1920 tc
3074 1862 3381 1920 considerat
3395 1859 3536 1926 eris,
3578 1867 3634 1912 et

2043 1972 2146 2027 alia
2199 1967 2416 2032 omnia;
2466 1961 2745 2019 laudabilis
2791 1971 3002 2028 quoque
3049 1963 3132 2010 est
3175 1961 3396 2024 propter
3437 1963 3636 2019 opera,

2045 2061 2259 2134 quando
2285 2057 2484 2113 videris
2504 2055 2620 2124 ejus
2658 2049 2974 2122 sapientiam
3010 2062 3105 2118 per
3130 2060 3191 2101 ea
3223 2059 3341 2115 quin
3367 2041 3635 2096 videntur.

2048 2154 2175 2209 Haec
2209 2159 2387 2205 autem
2417 2146 2546 2202 dicit
2593 2143 2883 2199 adhortans
2911 2139 2979 2194 ad
3021 2136 3309 2208 gratiarum
3338 2135 3599 2187 actionem
3621 2172 3638 2197 ,

2047 2253 2104 2300 et
2125 2238 2415 2298 ostendens
2455 2236 2599 2291 nulla
2645 2247 2767 2288 esse
2796 2231 2986 2300 dignos
3019 2227 3207 2293 venia,
3237 2225 3327 2296 qui
3354 2239 3470 2293 quae
3509 2221 3644 2276 ﬁunt

2050 2353 2192 2408 aegre
2229 2334 2421 2389 lerunt.
2454 2326 2678 2398 Quando
2701 2324 2846 2380 enim
2875 2322 2994 2392 ejus
3037 2317 3271 2374 laudatio
3293 2360 3306 2385 ,
3352 2314 3644 2386 gratiarum

2051 2431 2224 2494 actio,
2264 2436 2317 2482 et
2345 2421 2664 2496 glorilicatio
2689 2426 2774 2474 est
2810 2415 2948 2471 adeo
2973 2411 3296 2475 manifesta,
3348 2410 3491 2464 clara
3541 2410 3645 2462 im-

2054 2521 2409 2590 mobilisque,
2438 2524 2493 2570 et
2518 2514 2669 2568 ﬁrma
2696 2525 2759 2566 ac
2789 2507 2996 2564 stabilis
3018 2546 3035 2574 ,
3059 2512 3117 2560 ut
3142 2503 3304 2561 etiam
3335 2503 3405 2556 sit
3431 2501 3652 2554 immor-

2056 2616 2179 2672 talis
2203 2621 2258 2669 et
2290 2589 2408 2665 ﬁne
2446 2620 2671 2668 carens,
2705 2602 2782 2656 illi
2811 2608 2989 2655 autem
3035 2612 3153 2652 eam
3183 2596 3524 2666 ignorantes,
3566 2589 3650 2644 lo-

2057 2714 2293 2778 quuntur
2313 2698 2582 2758 contraria
2612 2713 2623 2748 :
2650 2692 2784 2750 nihil
2808 2689 2950 2746 aliud
2971 2703 3129 2760 quam
3158 2687 3223 2741 iis
3243 2699 3360 2754 qum
3388 2691 3511 2737 sunt
3538 2679 3653 2736 sole

2060 2769 2216 2865 longe
2235 2792 2461 2849 clariora
2484 2784 2862 2842 contradicunt
2879 2821 2893 2846 ,
2916 2789 2968 2838 et
2990 2785 3182 2848 sponte
3210 2772 3514 2828 excutiunt.
3535 2769 3653 2824 Non

2061 2898 2144 2944 est
2173 2887 2316 2943 enim
2346 2883 2414 2939 ad
2442 2891 2652 2950 tempus
2675 2919 2688 2942 ,
2719 2883 2777 2929 ut
2806 2888 2926 2929 eam
2978 2872 3258 2940 ignorent,
3288 2879 3388 2920 nec
3430 2863 3657 2919 obscura

2063 2991 2119 3036 et
2144 2995 2250 3034 non
2277 2973 2555 3032 manifesta
2577 3011 2590 3037 ,
2634 2967 2725 3024 sed
2756 2967 2921 3030 clara,
2944 2969 3199 3032 perpetua
3223 2966 3276 3011 et
3302 2953 3616 3010 immortalis
3637 2992 3654 3019 ,

2065 3087 2279 3144 semper
2305 3080 2528 3124 manens
2548 3107 2563 3131 ,
2595 3072 2648 3118 et
2681 3062 2838 3113 ﬁnem
2870 3067 3160 3124 numquam
3187 3051 3408 3104 habens.

2561 3155 2626 3210 ΙΝ
2665 3142 2984 3209 PSALMUM
3021 3143 3158 3201 CXI.

2376 3256 2426 3309 1.
2461 3252 2648 3306 Beatus
2677 3248 2752 3301 vir
2776 3244 2862 3313 qui
2887 3241 3023 3296 timet
3053 3235 3348 3291 Dominum.

2144 3356 2196 3410 1.
2237 3351 2408 3421 Hujus
2425 3344 2608 3419 psalmi
2633 3357 2747 3396 cum
2774 3333 3084 3408 prtecedente
3113 3328 3364 3400 affinitas;
3391 3324 3539 3378 timor
3571 3321 3665 3376 Dei

2072 3446 2210 3502 solus
2236 3441 2302 3496 ad
2317 3411 2556 3494 'salntem
2601 3448 2702 3486 non
2743 3427 2941 3498 sufficit.
2971 3452 3043 3464 -—
3070 3419 3198 3476 Mihi
3250 3416 3459 3471 videtur
3508 3411 3666 3482 hujus

2076 3537 2275 3594 Psalmi
2301 3529 2613 3604 prooemium
2637 3523 2876 3594 apprime
2907 3515 3059 3587 sequi
3089 3513 3250 3568 ﬁnem
3275 3506 3630 3582 prmcedentis
3647 3543 3666 3571 ,

2078 3641 2271 3688 etesse
2297 3624 2458 3681 veluti
2497 3617 2762 3692 quoddam
2790 3623 2986 3682 corpus
3025 3607 3336 3663 continuum
3367 3610 3420 3656 et
3445 3597 3672 3668 conjun-

2081 3735 2245 3780 ctum.
2264 3722 2374 3776 Illic
2399 3691 2540 3772 enim
2573 3711 2721 3772 dicit,
2753 3706 2966 3761 Initium
2994 3699 3257 3770 sapientia
3286 3696 3434 3749 timor
3463 3691 3672 3746 Domini

2084 3815 2256 3889 (Psal.
2293 3811 2417 3868 110.
2450 3808 2572 3877 10);
2604 3805 2691 3858 hic
2718 3808 2919 3865 autem,
2945 3794 3132 3849 Beatus
3153 3791 3227 3845 vir
3251 3789 3336 3859 qui
3382 3787 3518 3840 timet
3558 3784 3669 3838 Do-

2083 3911 2311 3974 minum,
2343 3904 2464 3960 aliis
2483 3898 2678 3960 verbis,
2709 3891 2896 3948 eadem
2927 3894 3104 3943 autem
3129 3880 3390 3939 sententia
3411 3921 3427 3947 ,
3474 3878 3676 3934 docens

2089 4004 2334 4058 timorem
2362 3991 2590 4050 Domini.
2615 3987 2725 4043 Illic
2752 3983 2895 4040 enim
2925 3979 3058 4035 dixit
3089 3990 3210 4032 esse
3229 3973 3558 4042 sapientem;
3589 3968 3677 4023 hic

2086 4112 2216 4153 vero
2242 4094 2456 4149 beatum
2487 4105 2501 4140 :
2535 4084 2649 4139 hinc
2689 4088 2866 4134 autem
2897 4087 3021 4129 vera
3050 4081 3132 4126 est
3159 4065 3464 4132 beatitudo,
3494 4078 3681 4134 quem—

2091 4187 2377 4248 admodum
2417 4179 2518 4234 alia
2549 4174 2761 4248 quidem
2806 4166 2985 4224 omnia
3030 4169 3159 4218 sunt
3197 4161 3422 4225 vanitas,
3472 4155 3678 4219 umbra,

2093 4299 2285 4357 resque
2311 4276 2625 4338 levissimzn;
2658 4269 2771 4324 sive
2799 4264 2946 4320 dicas
2975 4258 3203 4321 divitias,
3236 4255 3348 4309 sive
3369 4249 3681 4322 potentiam,

2095 4339 2216 4436 sive
2255 4368 2495 4442 corporis
2547 4354 3032 4435 pulchritudinem,
3093 4348 3206 4402 sive
3264 4344 3370 4398 vim
3423 4339 3683 4411 pecuniie.

2097 4431 2235 4528 sunt
2255 4431 2395 4522 enim
2439 4431 2633 4513 similia
2662 4450 2801 4505 loliis
2841 4437 3188 4500 cadentibus,
3220 4443 3274 4490 et
3303 4431 3506 4486 umbris
3545 4444 3690 4498 prm-

2104 4551 2554 4619 tercurrentibus,
2595 4552 2651 4600 et
2692 4535 2918 4598 somniis
2947 4528 3302 4588 evolantibus.
3336 4523 3460 4578 llaec
3509 4528 3689 4575 autem

2102 4616 2227 4710 vera
2259 4656 2342 4704 est
2383 4635 2679 4700 beatitudo.
2707 4627 2934 4690 Deinde,
2968 4620 3218 4694 quoniam
3245 4616 3517 4671 daimoncs
3565 4625 3698 4682 quo-

2105 4759 2209 4817 que
2235 4753 2357 4796 eum
2383 4737 2636 4789 verentur
2686 4733 2740 4780 et
2766 4717 3174 4791 pertimescunt,
3199 4724 3265 4763 ne
3304 4713 3461 4778 putes
3487 4704 3588 4759 hoc
3618 4716 3701 4757 so-

3075 4805 3088 4817 .
3287 4802 3298 4814 .
3349 4797 3519 4817 -..λι
3613 4795 3698 4817 ,⁸εῄ

2244 4795 2512 4888 sufﬁcere
2555 4821 2623 4877 ad
2653 4819 2879 4874 salutem
2899 4853 2912 4876 ,
2948 4805 3091 4880 quod
3122 4802 3368 4873 superius
3395 4797 3556 4863 fecit,
3613 4795 3701 4849 hic

2110 4887 2323 5000 quoque
2346 4918 2490 4976 facit.
2517 4903 2976 4981 Quemadmodum
3004 4897 3146 4954 enim
3173 4908 3292 4948 cum
3321 4891 3428 4946 illic
3453 4887 3701 4950 dixisset,

2804 4997 2828 5000 -
2932 4994 2944 5000 -
2986 4993 3000 5000 -
3136 4988 3185 5000 ..
3305 4986 3338 5000 .,
3417 4981 3436 5000 .

2115 4978 2326 5077 Initium
2345 4978 2605 5084 sapientia:
2629 5005 2777 5058 timor
2796 4993 3034 5058 Domini,
3068 4986 3371 5058 subjunxit,
3408 4978 3704 5036 Intellectus

2116 5113 2274 5168 bonus
2295 5068 2525 5160 omnibus
2557 5090 2852 5169 facientibus
2873 5102 3006 5148 eum,
3020 5073 3387 5136 convenientia
3411 5072 3531 5124 vita:
3554 5068 3705 5121 insti-

2119 5212 2231 5260 tuta
2257 5157 2590 5268 dogmatibus
2611 5184 2932 5255 adjungens:
2963 5175 3032 5226 ita
3057 5170 3143 5224 hic
3172 5165 3330 5221 etiam
3349 5176 3466 5216 cum
3485 5157 3706 5214 dixisset

2123 5249 2409 5355 ιῑωοτθιῖι,
2442 5297 2548 5340 non
2579 5279 2727 5334 illum
2773 5249 2945 5327 solum
2991 5262 3120 5317 dicit
3161 5256 3249 5326 qui
3296 5269 3360 5309 ex
3407 5249 3706 5322 cognitione

2124 5387 2316 5450 Oritur,
2345 5340 2505 5450 quem
2535 5371 2731 5426 habent
2758 5362 2919 5418 etiam
2949 5355 3238 5412 dmmoncs,
3286 5344 3380 5400 scd
3407 5344 3510 5397 hoc
3552 5340 3715 5396 etiam

2126 5437 2316 5550 adjicii
2332 5437 2545 5529 dicens,
2579 5461 2646 5517 In
2673 5452 2923 5512 mandatis
2971 5449 3079 5517 ejus
3101 5441 3228 5496 volet
3253 5438 3424 5493 nimis.
3457 5437 3583 5491 Hinc
3624 5449 3720 5488 au-

2131 5529 2236 5626 tem
2259 5563 2426 5629 dixit,
2458 5557 2675 5625 exigens
2700 5551 3002 5602 accuratam
3044 5536 3167 5588 vitae
3207 5529 3594 5586 institutionem
3623 5568 3637 5588 ,
3665 5534 3721 5580 et

2132 5659 2366 5716 animam
2393 5616 2574 5706 amore
2604 5636 2880 5712 sapientia:
2910 5628 3209 5704 prmditam.
3243 5621 3358 5677 Non
3389 5619 3541 5682 dixit,
3575 5616 3721 5670 Man-

2133 5709 2387 5819 dala—ejus
2404 5741 2580 5805 faciet,
2609 5709 2724 5797 sed,
2761 5727 2927 5791 Volet,
2951 5717 3149 5790 aliquid
3172 5712 3400 5784 amplius
3423 5709 3721 5779 requirens.

2139 5801 2400 5917 Quidnam
2447 5801 2624 5892 autem
2657 5828 2759 5883 hoc
2802 5819 2918 5879 est?
2965 5817 3040 5874 Ea
3070 5811 3246 5869 facere
3286 5821 3406 5862 cum
3457 5801 3634 5859 studio
3674 5808 3728 5854 et
