4064 6434
496 410 595 468 291

499 525 661 580 animi
686 523 962 581 alacritate
1000 547 1010 579 :
1045 538 1161 579 esse
1194 522 1539 577 vehementes
1557 536 1745 577 eorum
1773 530 2037 577 amatores
2071 538 2083 574 :

495 618 642 688 jussa
670 631 853 672 eorum
887 613 1130 684 persequi
1162 631 1174 665 :
1206 628 1387 668 amare
1410 629 1471 667 ea
1501 627 1605 667 non
1636 622 1858 683 propter
1877 627 2086 667 merce-

500 709 621 763 dem
648 722 766 778 quae
808 716 888 762 est
940 720 1037 776 pro
1087 705 1214 776 ipsis
1243 705 1510 774 proposita
1535 745 1550 768 ,
1580 703 1674 759 sed
1722 711 1940 775 propter
1964 718 2087 759 eum

497 799 587 871 qui
615 799 702 853 illa
723 797 933 864 statuit;
966 798 1216 852 virtutem
1245 799 1367 849 eum
1395 795 1664 864 voluptate
1680 793 1951 865 persequi,
1981 809 2089 848 non

500 899 717 961 propter
736 899 933 946 metum
961 890 1240 961 gehennze,
1262 903 1364 944 nec
1387 897 1605 958 propter
1632 888 1804 941 minas
1820 886 2085 957 supplicii;

499 999 598 1038 nec
623 991 838 1054 propter
860 981 1269 1053 promissionem
1297 980 1467 1051 regni,
1489 978 1584 1034 sed
1601 989 1820 1049 propter
1845 993 1968 1032 eum
1999 977 2087 1048 qui

498 1075 642 1146 h-ges
671 1076 810 1130 tulit.
855 1074 1157 1142 Quinetiam
1183 1074 1307 1128 alibi
1349 1074 1449 1128 hoc
1501 1072 1655 1138 facit,
1686 1071 1978 1128 ostendens
2004 1085 2089 1125 vo-

500 1172 777 1237 luptatem,
801 1185 957 1240 quam
986 1168 1128 1237 capit
1154 1183 1221 1223 ex
1252 1166 1531 1237 prmceptis
1553 1165 1643 1219 Dei
1670 1182 1683 1217 :
1706 1165 1873 1232 Quam
1893 1163 2086 1231 dulcia,

498 1262 698 1331 inquit,
739 1260 969 1332 faucibus
995 1257 1117 1313 meis
1143 1258 1345 1329 eloquia
1384 1268 1474 1311 tua
1493 1299 1508 1322 ,
1539 1273 1691 1326 super
1725 1257 1825 1309 mel
1852 1255 1927 1309 ori
1977 1271 2088 1309 meo

502 1355 669 1427 (Psal.
706 1357 831 1409 118.
862 1353 989 1422 105)
1019 1354 1033 1406 l
1064 1351 1176 1406 Hoc
1201 1353 1361 1405 etiam
1391 1350 1614 1420 requirit
1641 1348 1835 1403 Paulus
1854 1389 1870 1415 ,
1906 1348 1974 1401 ita
2002 1347 2087 1401 di-

499 1462 632 1504 cens
660 1448 887 1503 obscure
913 1455 967 1500 et
992 1440 1323 1515 a'nigmatice
1349 1459 1364 1496 :
1396 1442 1539 1497 Sicut
1581 1441 1825 1497 habuistis
1866 1440 2089 1494 membra

497 1551 660 1597 uestra
687 1555 828 1596 serva
874 1537 1210 1592 inmunditia:
1250 1546 1297 1590 et
1334 1535 1599 1605 iniustitiae
1634 1534 1702 1587 ad
1739 1533 2038 1603 injustitiam
2069 1547 2089 1587 :

498 1635 568 1689 ita
593 1633 819 1690 exhibete
842 1631 1064 1686 membra
1093 1644 1255 1685 uestra
1294 1647 1438 1685 serva
1469 1629 1683 1699 justitia:
1707 1627 1775 1682 ad
1802 1628 2088 1697 sanctiﬁca-

499 1726 683 1781 tionem
714 1724 888 1794 (Rom.
921 1722 975 1778 6.
1006 1721 1118 1794 19).
1301 1813 1321 1814 7
1378 1813 1383 1814 γ
1592 1790 1604 1814 ι

571 1815 820 1871 Alacritas
863 1814 1145 1870 necessaria
1181 1814 1235 1868 in
1288 1813 1387 1868 Dei
1433 1812 1983 1883 pra'ceptis-obeundis.
2015 1843 2089 1854 —

498 1907 611 1963 lloc
634 1914 737 1975 est,
766 1903 899 1963 Cum
921 1915 1119 1976 quanto
1143 1903 1389 1971 studio“,
1409 1920 1528 1959 eum
1558 1912 1755 1974 quanta
1786 1905 1948 1960 animi
1973 1905 2087 1960 ala-

497 1998 689 2055 critate
728 1997 1018 2068 nequitiam
1074 1996 1456 2061 sectabamini,
1498 2005 1553 2050 et
1594 1997 1639 2052 si
1688 1990 1889 2051 nullum
1940 2005 2087 2052 esset

498 2088 776 2160 praemium
803 2086 1134 2158 propositum
1159 2128 1176 2155 ,
1214 2087 1309 2142 sed
1335 2097 1521 2142 contra
1575 2102 1749 2157 pinna:
1777 2095 1834 2143 et
1877 2085 2085 2157 suppli-

494 2180 639 2236 cium
669 2194 828 2235 :eum
861 2186 1006 2233 tanta
1036 2178 1287 2234 virtutem
1313 2177 1613 2234 sectemini.
1646 2179 1712 2233 Et
1741 2187 1919 2234 tamen
1950 2180 2087 2233 hanc

496 2285 709 2342 quoque
736 2284 1041 2325 mensuram
1089 2269 1225 2325 dixit
1252 2283 1311 2325 se
1350 2269 1568 2341 exigere
1596 2270 1676 2326 eis
1726 2269 2082 2326 moderatam.

500 2361 627 2416 llaec
652 2361 793 2418 enim
818 2359 1080 2428 dicturus,
1115 2360 1186 2415 ita
1217 2359 1469 2429 loquitur,
1503 2358 1797 2413 Humanum
1820 2360 1934 2415 dico
1960 2377 2085 2432 pro-

497 2462 608 2515 pter
631 2451 978 2521 inﬁrmitatem
1007 2450 1176 2505 carnis
1199 2459 1379 2506 vestra:
1409 2449 1572 2523 (Ibid.
1601 2466 1649 2504 υ.
1682 2449 1768 2524 19)
1800 2468 1813 2504 :
1845 2450 2086 2507 indicans

495 2551 748 2613 oportere
776 2557 882 2597 non
913 2541 1173 2597 minorem
1198 2541 1484 2598 ostendere
1510 2542 1562 2597 in
1590 2541 1781 2598 virtute
1820 2542 2085 2614 cupidita-

498 2644 607 2689 tem
630 2674 647 2699 ,
675 2649 832 2704 quam
878 2633 931 2688 in
960 2633 1090 2689 vitio
1118 2632 1472 2688 ostendimus.
1503 2631 1559 2687 ld
1605 2642 1689 2687 est
1730 2643 1910 2688 autem
1942 2632 2084 2703 quod

498 2725 628 2781 dicit
654 2742 668 2780 :
691 2723 747 2781 Si
779 2739 885 2779 non
910 2723 1155 2780 eamdem
1178 2724 1428 2779 virtutem
1456 2724 1822 2790 ostenderint,
1854 2740 2081 2795 quanam

494 2816 839 2873 excusatione
866 2824 1102 2884 utentur,
1132 2826 1223 2871 aut
1250 2815 1519 2886 quomodo
1548 2816 1758 2871 veniam
1788 2830 2082 2886 assequen-

496 2919 603 2976 tur,
630 2908 817 2979 quine
864 2923 987 2981 eum
1033 2907 1221 2962 eadem
1249 2907 1462 2978 quidem
1514 2907 1806 2978 cupiditate
1853 2907 1919 2963 ad
1962 2923 2081 2964 eam

495 2999 796 3055 accedunt?
844 2998 913 3054 Et
952 2998 1074 3054 ideo
1113 2997 1202 3054 hic
1245 3013 1457 3069 quoque
1487 2999 1743 3070 propheta
1791 2998 1970 3053 dixit:
2013 2997 2083 3053 In

495 3093 748 3148 mandatis
791 3093 903 3163 ejus
944 3092 1072 3147 ualet
1100 3091 1269 3147 nimis.
1308 3091 1408 3160 Qui
1442 3091 1585 3147 enim
1626 3106 1747 3147 eum
1794 3090 1983 3147 metuit
2026 3098 2084 3147 ut

493 3193 736 3255 oportet,
764 3183 984 3254 suscipit
1007 3183 1119 3253 ejus
1145 3191 1409 3253 praecepta
1440 3198 1560 3238 cum
1588 3197 1777 3253 magna
1794 3182 2078 3237 aviditate:

494 3287 553 3334 et
576 3277 697 3333 ideo
721 3293 873 3333 amor
909 3281 965 3335 in
993 3276 1349 3347 legislalorcm
1397 3275 1607 3331 facilem
1633 3285 1687 3331 et
1710 3286 1911 3348 gratam
1957 3272 2084 3331 facit

495 3370 704 3440 legem,
748 3369 851 3427 etsi
880 3369 1121 3425 videatur
1166 3370 1397 3440 aliquam
1448 3367 1648 3424 habere
1686 3368 2079 3424 difficultatem.

494 3459 664 3517 Nemo
686 3469 864 3517 autem
896 3460 1035 3531 quod
1060 3459 1186 3516 dico
1215 3459 1611 3531 reprehendat,
1642 3460 1687 3515 si
1714 3460 1800 3515 tali
1831 3460 2083 3530 exemplo

493 3567 624 3609 usus
668 3567 807 3609 sum.
837 3553 967 3608 Nam
1013 3553 1208 3608 Paulus
1237 3566 1451 3623 quoque
1479 3564 1545 3606 eo
1564 3566 1692 3606 usus
1717 3559 1831 3619 est,
1881 3552 1960 3607 sic
2000 3551 2080 3606 di-

493 3658 660 3700 cens:
689 3644 835 3701 Sicut
858 3643 1153 3699 exhibuistis
1186 3644 1407 3697 membra
1444 3653 1607 3698 vestra
1634 3659 1775 3699 serua
1799 3643 2083 3699 immundis

493 3739 606 3805 tite,
633 3738 705 3791 ita
731 3738 954 3791 exhibete
970 3737 1205 3809 justitiee.
1236 3735 1336 3804 Qui
1366 3736 1664 3792 meretricis
1690 3737 1868 3808 itaque
1897 3750 2082 3792 amore

492 3840 679 3900 captus
706 3839 809 3895 est,
841 3830 1049 3886 etiamsi
1103 3828 1367 3883 afficiatur
1395 3829 1590 3900 probro
1637 3837 1691 3884 et
1720 3827 2039 3884 contumelia
2060 3870 2075 3896 ,

1229 409 1283 464 S.
1323 408 1599 465 .IOANNIS
1633 370 2104 465 CIlllYSOSTOMI
2144 408 2462 466 ARCHIEP.
2503 411 3034 473 CONSTANTINOP.
3668 431 3753 487 9.92

2196 533 2425 578 mortem
2465 528 2825 596 exoptabant:
2858 532 3052 589 Paulus
3098 542 3277 591 autem
3320 548 3441 593 cum
3489 539 3619 598 fatue
3643 561 3754 603 con-

2197 610 2404 668 flictans
2419 617 2681 685 gaudebat
2696 629 2750 674 et
2770 622 3066 678 essiliebat.
3088 625 3153 679 Et
3177 627 3248 681 illi
3272 628 3483 698 quidem
3504 631 3752 693 dicebant:

2198 705 2380 759 Anima
2405 717 2577 761 nostra
2598 726 2755 764 uacua
2781 722 2852 767 est
2879 715 2932 769 in
2953 732 3139 771 ntanna
3158 717 3342 788 (Num.
3374 722 3460 775 11.
3489 722 3561 794 6).
3582 722 3760 781 Edusi-

2195 795 2259 847 sti
2284 810 2375 849 nos
2410 805 2463 849 ut
2507 797 2842 869 interﬁceres,
2888 822 2945 858 eo
2986 809 3120 876 quod
3150 825 3249 863 non
3280 821 3443 866 essent
3467 830 3758 872 monumenta

2194 886 2247 939 in
2288 886 2518 960 Egypto
2550 889 2571 958 (
2596 891 2764 949 Exod.
2789 897 2877 953 14.
2909 900 2969 954 11
2998 900 3053 970 )‘l
3102 901 3301 959 Paulus
3329 914 3506 961 autem
3535 909 3755 966 dicebat:

2196 976 2404 1035 Gaudeo
2427 983 2480 1036 in
2517 986 2836 1054 passionibus
2859 992 2983 1045 meis
3005 1034 3021 1059 ,
3057 1002 3104 1047 et
3128 997 3342 1065 suppleo
3375 1015 3436 1053 ea
3469 1018 3579 1071 quis
3600 1004 3757 1057 desunt
3858 1053 3864 1061 .

2195 1073 2545 1165 amictionibus
2573 1077 2779 1148 Christi,
2807 1082 2859 1136 in
2880 1099 3033 1138 carne
3052 1102 3164 1140 mea
3189 1087 3407 1159 (Coloss.
3438 1096 3490 1147 1.
3508 1094 3615 1165 24).
3640 1095 3756 1161 Qui-

2194 1162 2417 1219 busnam
2447 1169 2831 1237 passionihus‘l
2880 1173 3074 1240 Fame,
3105 1177 3227 1246 siti,
3270 1181 3509 1239 nuditate
3532 1226 3546 1250 ,
3576 1162 3636 1240 et
3657 1188 3759 1241 aliis

2193 1256 2461 1311 omnibus.
2508 1257 2574 1313 In
2603 1264 2855 1319 mandatis
2879 1267 2989 1336 ejus
3013 1269 3144 1323 volet
3168 1270 3337 1326 nimis.
3380 1272 3653 1341 Quomodo
3678 1293 3761 1332 au-

2196 1352 2300 1398 tem
2331 1345 2431 1401 hoc
2465 1347 2603 1404 ﬁet?
2646 1349 2702 1407 Si
2744 1352 2908 1408 Deum
2945 1357 3110 1425 probe
3138 1360 3419 1419 timeamus
3439 1375 3493 1420 et
3516 1381 3754 1435 amemus,

2192 1435 2239 1491 si
2269 1436 2506 1507 ejusdem
2537 1441 2747 1498 virtutis
2786 1456 3027 1502 naturain
3061 1452 3482 1520 consideremus.
3516 1459 3646 1513 Ante
3669 1460 3756 1514 alia

2191 1526 2335 1582 enim
2365 1534 2580 1600 prtemia
2622 1533 2780 1591 habet
2810 1536 2859 1590 in
2890 1540 3064 1608 seipsa
3093 1547 3594 1603 remunerationem.
3640 1550 3756 1606 Nam

2194 1617 2238 1672 si
2269 1634 2374 1675 non
2397 1623 2694 1714 mechatus
2720 1626 2902 1696 fueris,
2925 1631 2968 1685 si
2997 1646 3102 1687 non
3129 1634 3333 1691 cariem
3370 1636 3584 1707 feceris,
3605 1643 3756 1714 cogita

2191 1720 2387 1779 quanta
2411 1712 2603 1771 frueris
2618 1718 2890 1790 voluptate
2908 1738 3011 1777 non
3036 1726 3423 1785 condemnatus
3445 1746 3475 1786 a
3500 1712 3755 1791 conscien-

2194 1801 2263 1855 tia
2292 1811 2401 1868 tua,
2421 1820 2600 1861 coram
2626 1808 2729 1864 tuis
2750 1826 2856 1867 non
2877 1814 3221 1884 erubescens,
3240 1822 3392 1889 puris
3405 1837 3589 1880 omnes
3612 1829 3758 1882 oculis

2193 1890 2428 1949 intuens.
2453 1896 2648 1953 Verum
2681 1900 2892 1958 adulter
2913 1921 3021 1959 non
3049 1917 3133 1963 est
3160 1910 3445 1980 ejusmodi,
3474 1915 3566 1971 sed
3595 1933 3756 1974 omnes

2191 1986 2379 2077 metuit
2391 2001 2455 2043 ac
2469 1988 2736 2059 formidat,
2751 2002 2807 2049 et
2818 1996 2902 2050 vel
2918 1996 3060 2065 ipsas
3076 2000 3292 2056 umbras
3310 2002 3473 2060 habet
3486 2018 3755 2077 suspectas.

2260 2076 2317 2131 2.
2347 2077 2554 2137 Rursus
2581 2096 2775 2140 avarus
2811 2093 2869 2141 et
2911 2087 3120 2145 invidus
3144 2091 3333 2147 eadem
3375 2076 3624 2164 patietur.
3671 2099 3755 2167 Qui

2190 2176 2275 2223 est
2300 2177 2479 2225 autem
2505 2172 2641 2228 liber
2670 2174 2740 2229 ab
2764 2174 2847 2230 his
2870 2218 2886 2245 ,
2933 2189 3119 2235 contra
3148 2195 3209 2238 se
3241 2181 3482 2243 habebit.
3507 2187 3562 2243 2.
3587 2186 3756 2245 Potens

2189 2260 2243 2313 in
2268 2268 2402 2315 terra
2429 2263 2524 2318 erit
2561 2281 2729 2321 semen
2756 2268 2888 2340 ejus.
2934 2269 3083 2327 Solet
3113 2272 3393 2346 Scriptura
3424 2292 3567 2352 saepe
3592 2295 3753 2339 semen

2191 2367 2384 2410 vocare
2411 2370 2517 2411 non
2562 2357 2612 2411 id
2658 2360 2802 2430 quod
2848 2362 3087 2419 nascitur
3112 2381 3176 2421 ex
3204 2376 3413 2425 naturre
3438 2372 3650 2441 ordine,
3673 2375 3754 2430 sed

2189 2444 2331 2537 quod
2363 2460 2428 2501 ex
2469 2449 2729 2507 societate
2772 2452 3002 2511 virtutis.
3052 2454 3312 2524 Quocirca
3346 2460 3544 2519 Paulus
3566 2479 3753 2537 quoque

2189 2534 2549 2608 interpretans
2574 2542 2722 2611 illud,
2755 2543 2867 2599 Tibi
2892 2557 2939 2601 et
2957 2548 3135 2602 semini
3155 2557 3243 2606 tuo
3261 2550 3398 2608 dabo
3419 2534 3600 2610 terram
3618 2534 3751 2623 hanc,

2189 2630 2434 2689 diccbat:
2466 2634 2588 2692 Non
2611 2640 2747 2694 enim
2766 2656 2935 2696 omnes
2959 2643 3046 2711 qui
3073 2653 3189 2699 sunt
3205 2663 3269 2702 ea:
3293 2646 3486 2720 Israel,
3512 2652 3551 2705 ii
3575 2652 3753 2708 Israel:

2189 2739 2346 2793 neque
2372 2726 2492 2796 quia
2511 2738 2628 2784 sunt
2641 2746 2808 2786 semen
2827 2732 3062 2801 Abrahw,
3092 2752 3265 2793 omnes
3284 2739 3409 2809 ﬁlii,
3437 2743 3525 2797 sed
3543 2743 3595 2798 in
3621 2742 3751 2797 Isaac

2187 2817 2442 2872 vocabitur
2466 2820 2554 2873 tibi
2572 2838 2739 2878 semen
2764 2822 2941 2897 (Rom.
2965 2826 3020 2882 9.
3039 2827 3119 2897 7).
3142 2827 3213 2883 Et
3236 2844 3428 2891 rursus
3456 2852 3470 2888 :
3503 2833 3567 2889 In
3590 2836 3755 2890 semine

2187 2914 2272 2965 tuo
2299 2908 2650 2968 benedicentur
2674 2933 2844 2972 omnes
2866 2928 3037 2990 gentes
3061 2920 3203 2990 (Gal.
3235 2924 3289 2980 3.
3319 2925 3401 2997 8).
3453 2927 3602 2996 Quod
3625 2929 3747 2983 enim

2186 3016 2292 3056 non
2318 3002 2516 3060 dictum
2544 3008 2614 3062 sit
2641 3008 2709 3065 de
2731 3010 2950 3077 ludmis,
2974 3028 3061 3070 res
3080 3016 3211 3087 ipsa:
3229 3018 3472 3078 indicant
3496 3041 3510 3079 :
3535 3022 3620 3094 qui
3645 3031 3751 3077 sunt

2186 3095 2328 3151 cnim
2357 3096 2454 3166 ipsi
2495 3099 2636 3169 pleni
2671 3102 3078 3175 maledictione,
3124 3112 3401 3181 quomodo
3443 3113 3629 3171 fuerint
3650 3115 3749 3170 aliis

2186 3199 2343 3241 causa
2369 3188 2802 3249 benedictionis?
2838 3197 2934 3253 sed
2978 3198 3106 3256 dicit
3148 3201 3217 3258 de
3247 3203 3487 3261 Ecclesia
3508 3249 3523 3275 ,
3551 3223 3660 3279 qua:
3693 3222 3749 3261 es

2186 3279 2441 3337 societate
2490 3281 2613 3339 lldei
2657 3285 2773 3355 ejus
2814 3301 2997 3345 semen
3027 3306 3147 3348 esse
3182 3293 3400 3352 dicitur.
3457 3298 3610 3355 Tales
3643 3306 3750 3352 sunt

2185 3384 2332 3462 ergo,
2355 3372 2443 3442 qui
2464 3384 2585 3430 sunt
2611 3376 2803 3433 virtute
2819 3380 3046 3451 prmditi,
3067 3392 3121 3439 ct
3147 3384 3238 3441 lilii
3259 3402 3471 3457 eorum,
3496 3391 3581 3462 qui
3602 3390 3745 3445 Deum

2187 3460 2394 3517 timent.
2429 3462 2614 3521 Potens
2638 3468 2690 3521 in
2715 3477 2849 3525 terra
2872 3472 2967 3527 erit
2994 3489 3161 3531 semen
3191 3478 3322 3548 ejus.

2267 3552 2481 3612 Virtutis
2527 3575 2754 3628 merces;
2802 3565 2996 3620 virtutis
3040 3577 3086 3622 et
3132 3569 3238 3625 uitii
3275 3572 3483 3629 collatio
3524 3554 3610 3647 per
3646 3591 3748 3628 cono

2187 3645 2363 3700 traria.
2388 3677 2462 3687 -—
2478 3647 2652 3716 Quare
2676 3651 2828 3719 dixit,
2852 3653 2922 3710 In
2950 3666 3084 3714 terra
3105 3659 3131 3712 ?
3157 3659 3226 3717 Ut
3253 3645 3562 3722 ostenderet
3580 3666 3627 3720 id
3647 3680 3748 3720 esse

2185 3738 2345 3792 etiam
2372 3748 2656 3811 antequam
2703 3742 2829 3801 hinc
2873 3748 3162 3818 excedant,
3195 3764 3249 3808 et
3286 3767 3570 3828 antequam
3596 3756 3746 3811 hono-

2185 3845 2301 3884 rum
2331 3845 2450 3901 quae
2476 3832 2582 3889 illic
2609 3844 2730 3891 sunt
2754 3835 2950 3894 faciant
2968 3842 3284 3911 periculum.
3315 3847 3744 3916 Quemadmodum

489 3923 703 3978 etiarnsi
745 3920 1084 3987 verberetur,
1116 3921 1324 3976 etiamsi
1373 3935 1432 3975 se
1459 3920 1685 3990 turpiter
1727 3929 1781 3976 et
1824 3918 2081 3975 indecore
2174 3921 2269 3976 ’eni

492 4021 664 4084 gerat,
690 4011 899 4066 etiamsi
924 4011 1225 4081 expellatur
1260 4027 1290 4065 a
1316 4011 1486 4082 patria
1507 4051 1522 4078 ,
1554 4009 1762 4065 etiamsi
1805 4009 1961 4065 bonis
1985 4023 2080 4078 pa-

492 4103 661 4159 ternis
686 4111 977 4167 evertatur,
1006 4102 1217 4158 etiamsi
1239 4103 1406 4172 patris
1427 4102 1795 4158 benevolentia
1820 4103 2076 4173 privetur,

494 4195 704 4251 etiamsi
756 4194 1000 4266 graviora
1027 4194 1278 4265 patiatur,
1306 4210 1368 4249 ea
1388 4193 1485 4249 fert
1504 4193 1737 4264 jucunde
1756 4203 1806 4250 et
1834 4192 2082 4249 lubenter

489 4294 712 4359 propter
736 4301 973 4341 amorem
1003 4287 1347 4356 impudicum.

563 4378 830 4451 Praecepta
858 4376 952 4431 Dei
990 4377 1166 4450 gravia
1204 4393 1304 4431 non
1330 4384 1466 4431 sunt.
1493 4406 1564 4416 —
1591 4375 1741 4444 Quod
1772 4375 1816 4431 si
1845 4376 1932 4431 illa
1959 4391 2078 4431 eum

488 4472 759 4542 voluptate
786 4469 1121 4541 suscipiunt,
1149 4467 1418 4540 quomodo
1449 4482 1554 4523 non
1593 4469 1759 4523 multo
1788 4469 1956 4540 magis
1985 4468 2079 4523 Dei

490 4570 775 4634 praecepta,
807 4577 924 4632 qua:
951 4571 1076 4615 sunt
1099 4559 1373 4626 salutaria,
1402 4567 1458 4614 et
1479 4558 1663 4628 glorise
1685 4558 1859 4628 plena,
1888 4567 1944 4613 et
1969 4574 2084 4614 ma-

488 4668 645 4724 gnam
668 4653 820 4707 nobis
846 4652 1085 4723 praebent
1112 4650 1524 4721 philoSOphiam,
1551 4660 1604 4705 et
1629 4652 1859 4705 animam
1890 4650 2081 4705 melio-

489 4760 603 4800 rem
621 4742 875 4811 efficiunt,
903 4753 1114 4812 oportet
1139 4758 1259 4797 eum
1279 4758 1467 4813 magna
1496 4743 1762 4812 voluptate
1784 4744 2078 4813 suscipere,

489 4847 544 4893 et
576 4836 707 4892 nihil
740 4850 858 4891 esse
889 4834 1108 4889 diflieile
1138 4836 1188 4888 in
1219 4835 1298 4890 eis
1324 4835 1672 4889 existimare?
1702 4834 2077 4889 Difficultateui

486 4930 631 4986 enim
671 4942 776 4983 non
806 4936 991 4981 natura
1035 4936 1418 4996 praeceptorum
1445 4966 1460 4992 ,
1502 4924 1594 4979 sed
1626 4926 1912 4980 multorum
1944 4926 2081 4981 solet

487 5018 731 5076 socordia
752 5016 986 5072 efficere.
1028 5016 1207 5086 Imque
1229 5017 1269 5070 si
1299 5018 1417 5085 quis
1450 5032 1511 5069 ea
1547 5032 1665 5071 cum
1693 5017 1869 5072 studio
1894 5028 1945 5073 et
1969 5018 2081 5072 ala-

488 5114 676 5166 critate
707 5108 870 5164 animi
897 5107 1174 5177 suscipiat,
1199 5107 1398 5162 videbit
1419 5122 1476 5162 ea
1507 5123 1625 5162 esse
1650 5109 1784 5163 levia
1803 5118 1855 5163 et
1882 5107 2077 5182 facilia.

487 5203 745 5269 Quocirca
774 5200 986 5257 dicebat
1014 5198 1258 5272 Christus
1294 5217 1306 5253 :
1333 5199 1523 5270 Jugum
1548 5216 1712 5253 meum
1740 5216 1893 5255 suave
1912 5210 2003 5267 est,
2033 5212 2081 5258 et

486 5311 615 5349 onus
658 5310 826 5347 meum
861 5294 965 5347 leue
1003 5289 1213 5364 (Matth.
1248 5291 1334 5346 11.
1363 5290 1474 5362 50).
1525 5292 1588 5346 Et
1627 5298 1686 5346 ut
1719 5292 1857 5347 scias
1881 5307 1941 5348 ea
1977 5293 2080 5349 hoc

489 5387 648 5441 modo
669 5401 728 5441 se
757 5385 975 5451 habere,
1004 5392 1059 5437 et
1088 5385 1371 5438 multorum
1401 5383 1700 5439 socordiam
1728 5398 1791 5439 ea
1817 5399 1936 5455 quae
1956 5393 2080 5439 sunt

490 5475 662 5532 facilia
682 5516 700 5543 ,
729 5474 957 5530 reddere
982 5474 1214 5529 difficilia
1242 5518 1259 5539 ,
1290 5475 1522 5529 studium
1559 5485 1736 5531 autem
1766 5491 1829 5532 ac
1852 5476 2081 5547 diligen-

492 5575 618 5624 tiam
667 5568 841 5621 facilia
863 5609 877 5632 ,
922 5582 984 5622 ea
1015 5582 1132 5637 quae
1171 5577 1293 5621 sunt
1332 5568 1527 5639 alioqui
1556 5567 1790 5624 difficilia
1823 5585 1837 5622 :
1867 5568 2082 5638 quando

489 5672 684 5713 manna
733 5655 1045 5712 fruebantur
1085 5657 1287 5725 Judaei,
1337 5659 1390 5715 id
1432 5669 1487 5716 et
1525 5676 1666 5731 mgre
1713 5660 1984 5728 ferebant,
2028 5671 2084 5718 et

541 5792 734 5870 Ἥξει
765 5788 884 5870 (ita
900 5799 1081 5870 esset?
1111 5793 1273 5870 δειραίρ
1298 5798 1417 5870 (μεθ’
1440 5801 1557 5870 ὅσης
1577 5802 1830 5870 επουδῆω,
1856 5803 2066 5854 deerant

480 5853 527 5902 in
551 5849 768 5907 Morel.,
791 5849 879 5896 sed
900 5849 1147 5906 habentur
1168 5854 1219 5903 in
1242 5849 1394 5911 Sai'il.
1423 5869 1475 5914 et
1497 5849 1557 5914 iii
1577 5849 1693 5915 Mss.

2184 4103 2308 4158 talis
2344 4114 2460 4171 cst,
2494 4105 2688 4163 habeat
2714 4126 2897 4168 semen
2941 4125 3159 4186 potens,
3205 4131 3258 4175 et
3302 4125 3393 4193 qui
3437 4134 3520 4181 est
3561 4122 3748 4179 virtutis

2186 4198 2435 4266 prmsidio
2461 4202 2718 4269 munitus,
2748 4205 2817 4260 sit
2843 4209 3082 4265 omnium
3112 4215 3535 4284 potentissimus,
3564 4216 3746 4273 docue-

2184 4301 2309 4346 runt
2343 4295 2592 4363 apostoli,
2633 4298 2985 4357 ostenderunt
3010 4305 3302 4375 pr0phette.
3336 4309 3588 4366 Similiter
3607 4309 3747 4365 etiam

2187 4382 2446 4439 Dominus
2475 4385 2545 4442 de
2582 4377 2667 4443 his
2703 4390 3040 4461 signiﬁcans.
3086 4396 3217 4453 dicit
3248 4416 3262 4453 :
3297 4399 3607 4473 Quicumque
3626 4398 3746 4454 audit

2184 4491 2436 4533 sermones
2462 4494 2616 4544 meos,
2640 4489 2688 4535 et
2712 4481 2838 4552 facit
2865 4501 2968 4553 eos,
2998 4489 3362 4547 assintilabitur
3385 4495 3490 4549 viro
3515 4489 3745 4563 prudenti.

2183 4568 2268 4637 qui
2297 4567 2564 4639 aediﬁcavit
2589 4570 2796 4627 mimum
2819 4592 2966 4631 suam
2990 4595 3142 4650 super
3170 4593 3365 4651 petram
3386 4600 3407 4650 ;
3445 4595 3491 4641 et
3515 4579 3745 4639 descendit

2185 4660 2377 4729 pluvia,
2410 4674 2648 4718 venerunt
2675 4666 2842 4736 ﬂuuii,
2874 4669 3123 4738 ﬂeverunt
3161 4675 3291 4727 venti
3309 4692 3327 4741 ;
3371 4687 3418 4730 et
3442 4677 3681 4730 irruerunt
3702 4671 3747 4723 in

2185 4751 2391 4806 domum
2419 4752 2586 4819 illam,
2614 4766 2661 4809 et
2690 4773 2791 4811 non
2817 4760 2995 4814 cecidit
3026 4781 3039 4816 :
3066 4774 3174 4817 erat
3212 4766 3344 4819 enim
3373 4766 3584 4837 fundata
3612 4777 3746 4833 supra

2186 4853 2378 4911 petram
2407 4843 2618 4917 (Matth.
2647 4847 2699 4901 7.
2728 4846 2819 4902 2i.
2851 4848 2966 4924 25).
2999 4851 3140 4920 Quot
3168 4857 3480 4925 populorum
3505 4857 3742 4913 incursus,

2186 4945 2316 5004 quot
2344 4936 2436 4990 irae
2467 4946 2834 5009 tyrannorum,
2878 4953 3009 5014 quot
3033 4961 3212 5012 enses,
3241 4958 3370 5017 quot
3392 4948 3606 5010 lanceze,
3636 4951 3746 5012 qum

2188 5026 2310 5089 tela,
2342 5039 2470 5099 quot
2493 5030 2760 5100 fornaces,
2790 5046 2917 5104 quot
2934 5036 3226 5093 helluarum
3249 5040 3457 5107 dentes,
3484 5045 3607 5110 quot
3623 5050 3745 5108 pne-

2185 5117 2400 5187 cipitia,
2456 5130 2586 5189 quot
2624 5126 2824 5193 maria,
2871 5137 2997 5197 quat
3029 5128 3268 5195 insidiae,
3312 5140 3442 5201 quot
3468 5124 3742 5186 calumniae,

2186 5215 2315 5276 quot
2344 5212 2766 5269 machinationes
2793 5215 3009 5272 fuet‘unt
3032 5219 3313 5273 concitata:
3341 5221 3590 5274 adversus
3628 5229 3744 5283 apo-

2186 5300 2398 5354 stolos?
2443 5302 2585 5358 Nihil
2630 5314 2807 5361 tamen
2850 5322 2946 5364 eos
2966 5310 3341 5380 ,supplantavit
3376 5329 3390 5366 :
3420 5311 3510 5366 sed
3553 5309 3742 5363 fuerunt

2189 5390 2270 5447 his
2297 5393 2547 5449 omnibus
2569 5397 2910 5467 excelsiores,
2940 5403 3373 5469 prsetervolautes
3399 5416 3575 5458 eorum
3601 5411 3738 5451 arun‘

2187 5482 2369 5549 dines,
2398 5486 2487 5555 qui
2532 5487 2661 5555 ipsis
2688 5489 3108 5560 insidiabantur,
3153 5502 3209 5548 et
3247 5495 3390 5564 ipsos
3436 5490 3742 5548 insidiatores

2187 5576 2528 5633 traducentes
2569 5580 2620 5633 in
2665 5596 2790 5636 suas
2838 5596 3037 5652 partes.
3094 5584 3236 5640 Nihil
3279 5596 3360 5641 est
3407 5584 3542 5640 enim
3572 5582 3738 5634 virtute

2188 5668 2457 5736 potentius
2487 5686 2499 5722 :
2527 5684 2588 5724 ea
2615 5680 2669 5725 et
2695 5683 2844 5742 petra
2876 5683 2958 5728 est
2982 5673 3235 5739 solidior,
3267 5686 3320 5730 et
3348 5674 3614 5729 adamante
3641 5667 3737 5721 for-

2190 5763 2294 5819 tior
2324 5780 2337 5816 :
2377 5764 2825 5833 quemadmodum
2854 5784 3040 5823 rursus
3067 5770 3301 5841 nequitia
3341 5768 3468 5823 nihil
3489 5761 3733 5824 estvilius-

2198 5857 2325 5912 nihil
2359 5856 2675 5914 imbecillius
2696 5901 2712 5925 ,
2740 5861 2946 5917 etiamsi
2978 5864 3095 5932 quis
3121 5863 3190 5918 sit
3231 5864 3460 5919 munitus
3488 5856 3668 5913 inﬁnita
3698 5851 3734 5901 vi
