4064 6412
300 365 413 420 9.93

306 472 570 548 pecunim,
598 479 652 526 et
677 466 1007 524 extrinsecus
1036 457 1321 548 maximam
1350 451 1542 548 habeat
1571 448 1885 548 potentiam.

304 539 462 634 Quod
506 564 551 618 si
599 569 761 616 tantm
808 564 931 613 sunt
960 568 1144 608 eorum
1193 546 1335 604 vires
1385 545 1438 599 in
1491 553 1672 634 terra,
1720 539 1895 634 cogita

306 629 507 728 quanta
544 654 614 708 sit
652 651 822 706 futura
848 660 1033 702 eorum
1075 643 1125 698 in
1155 640 1302 697 crelis
1327 635 1585 728 potentia.
1630 629 1896 728 Generatio

307 720 564 805 rectorum
588 743 927 798 benedicatur.
971 733 1157 789 Vidisti
1178 746 1296 786 eam
1324 724 1666 797 resplendere
1686 764 1702 788 ,
1732 729 1788 776 et
1812 720 1896 774 iu-

312 837 677 905 numerabiles
703 833 903 888 habere
930 826 1326 900 prmdicatores,
1358 818 1686 882 laudatores,
1716 822 1770 870 et
1798 810 1897 867 ad-

290 926 635 987 ‘miratores?
680 927 760 981 Ac
793 938 899 978 non
931 931 1133 975 temere
1157 913 1461 987 quoslibet,
1492 909 1585 965 sed
1611 908 1896 977 sapientes.

311 1024 500 1093 Neque
547 1021 689 1076 enim
736 1017 1016 1087 quisquam
1043 1026 1110 1065 ex
1156 1004 1458 1063 hominibus
1484 1003 1591 1093 qui
1619 1007 1744 1057 sunt
1772 999 1903 1054 viles

310 1091 605 1182 etabjecti,
639 1118 702 1166 et
741 1106 889 1164 humi
916 1109 1175 1171 serpunt,
1207 1097 1400 1169 poterit
1436 1109 1555 1149 eam
1583 1091 1901 1162 intelligere,

313 1205 412 1260 sed
441 1204 476 1258 ii
504 1200 735 1257 maxime
759 1211 878 1252 eam
900 1192 1211 1253 laudabunt,
1241 1189 1275 1242 ii
1303 1187 1535 1242 maxime
1558 1182 1905 1238 admirabun-

314 1305 405 1351 tur
427 1303 483 1349 et
518 1289 911 1362 pratdicabunt,
938 1284 1028 1355 qui
1057 1296 1162 1338 non
1203 1279 1398 1334 habent
1424 1285 1654 1331 mentem
1685 1288 1901 1344 perver-

314 1401 456 1441 sam.
505 1382 799 1438 Considera
844 1391 971 1446 ergo
1010 1381 1208 1445 quanta
1248 1371 1319 1425 sit
1362 1366 1656 1440 possessio,
1702 1372 1761 1420 ut
1788 1377 1908 1432 qua:

317 1492 422 1533 nec
458 1475 660 1546 angelis
689 1487 788 1526 nec
816 1467 1074 1541 apostolis
1116 1480 1216 1521 nec
1257 1462 1465 1534 magnis
1503 1469 1558 1517 et
1583 1455 1910 1515 admit-aulis

318 1568 453 1623 viris
480 1563 814 1635 praeconibus
838 1568 1023 1617 careat
1050 1576 1064 1613 :
1095 1556 1141 1612 si
1181 1554 1324 1612 enim
1368 1553 1503 1609 tales
1537 1565 1657 1608 esse
1699 1559 1913 1623 oportet

318 1654 438 1725 eos,
466 1659 554 1728 qui
582 1657 752 1728 ipsam
783 1653 1019 1717 laudant,
1051 1650 1225 1721 cogita
1249 1656 1305 1705 et
1333 1654 1518 1717 reputa
1548 1643 1759 1717 qualem
1789 1658 1910 1700 eam

317 1767 442 1807 esse
468 1761 805 1817 consequens
831 1753 931 1809 est.
963 1745 1017 1802 '5.
1045 1741 1223 1800 Gloria
1247 1750 1293 1796 et
1320 1739 1509 1794 divitia:
1527 1739 1580 1793 in
1603 1738 1755 1793 domo
1777 1738 1910 1810 ejus.

318 1843 529 1899 Rursus
550 1855 579 1894 a
599 1838 937 1895 sensibilibus
968 1834 1157 1891 transit
1177 1833 1244 1889 ad
1265 1830 1582 1902 spiritualia.
1599 1829 1751 1886 Solet
1765 1829 1910 1885 enim

318 1936 593 2004 Scriptura
634 1941 727 1988 eas
763 1930 1033 2003 appellare
1075 1927 1319 1991 divitias,
1365 1941 1486 1997 qua:
1516 1933 1640 1980 sunt
1675 1924 1729 1979 in
1760 1923 1914 1985 bonis

320 2027 604 2098 operibus;
623 2030 682 2081 u't
704 2023 916 2096 quando
933 2021 1065 2079 dicit
1084 2038 1099 2076 :
1115 2019 1263 2093 Bona
1290 2018 1515 2089 operari,
1536 2017 1710 2073 diuites
1732 2032 1839 2071 esse
1862 2015 1915 2069 in

325 2120 469 2174 bonis
483 2117 713 2187 operibus
726 2118 773 2188 (l
787 2157 803 2173 .
824 2115 959 2171 Tim.
976 2114 1159 2184 8.18).
1177 2112 1272 2168 Hae
1296 2112 1438 2168 enim
1465 2120 1591 2167 sunt
1616 2125 1756 2165 vera:
1776 2109 1916 2164 divi-

329 2213 418 2267 tia:
437 2253 456 2280 ,
486 2212 606 2266 alia:
626 2218 751 2266 sunt
777 2207 992 2263 nomine
1013 2214 1216 2261 tantum
1235 2245 1251 2268 ,
1284 2217 1347 2259 re
1367 2212 1543 2257 autem
1566 2201 1679 2273 ipsa
1707 2210 1911 2256 carent.

394 2305 752 2376 Apostolorum
776 2300 982 2356 divitior.
1011 2329 1082 2340 ——
1105 2296 1260 2366 Quod
1288 2296 1332 2351 si
1362 2295 1461 2350 has
1486 2308 1697 2365 quoque
1722 2291 1917 2348 dixerit

323 2398 589 2469 quispiam
627 2395 883 2460 divitias,
924 2407 993 2449 ne
1035 2392 1114 2448 sic
1151 2389 1366 2461 quidem
1409 2386 1721 2445 recedemus
1756 2386 1825 2441 ab
1852 2399 1920 2440 eo

324 2488 470 2561 quod
498 2488 714 2544 dicitur.
742 2484 882 2561 Quid
905 2484 1049 2541 enim
1074 2490 1187 2538 erat
1214 2478 1470 2552 apostolis
1490 2478 1574 2535 vel
1602 2477 1653 2532 in
1682 2477 1921 2547 pecuniis

326 2558 525 2647 ditius,
558 2579 623 2635 ad
653 2591 786 2649 quos
804 2558 990 2632 {omnia
1019 2583 1287 2644 tamquam
1313 2586 1381 2627 ex
1419 2569 1650 2626 fontibus
1686 2567 1920 2638 proﬂue-

325 2670 497 2728 baut?
540 2668 856 2739 Quicumque
894 2665 1030 2722 enim
1074 2671 1216 2718 erant
1255 2677 1493 2733 agrorum
1531 2660 1608 2714 vel
1655 2658 1923 2713 domorum

327 2777 638 2833 possessores
662 2801 678 2826 ,
716 2758 981 2815 uendentes
1017 2753 1292 2823 aﬂ'erebant
1331 2760 1377 2806 et
1421 2750 1669 2822 ponebant
1708 2749 1924 2820 pretium

327 2863 451 2907 ante
478 2850 629 2922 pedes
656 2847 999 2920 apostolorum
1029 2844 1172 2919 (Act.
1196 2844 1249 2899 4.
1278 2841 1405 2913 54).
1430 2840 1591 2909 Vides
1619 2855 1779 2911 opum
1803 2855 1923 2895 ma-

327 2940 731 3014 gniﬁcentiam?
768 2937 1019 2995 Omnium
1056 2937 1196 2993 bona
1233 2932 1611 3005 possidebant,
1638 2931 1721 2997 ab-
1735 2945 1922 2987 eorum

330 3054 460 3095 cura
491 3035 678 3099 liberi,
707 3041 761 3090 et
788 3042 847 3089 ut
869 3031 962 3103 qui
989 3038 1172 3101 essent
1196 3026 1600 3109 eorumipotius
1624 3023 1921 3109 teconomi,

330 3144 493 3199 quam
514 3124 733 3194 domini.
755 3124 855 3194 Qui
880 3100 1022 3180 enim
1048 3100 1336 3185 habebant,
1360 3100 1560 3173 habere
1580 3102 1922 3180 desistentes,

338 3235 403 3274 ea
425 3216 727 3275 adferebant
747 3215 813 3271 ad
834 3214 1103 3285 apostolos
1124 3229 1139 3272 :
1163 3209 1497 3281 ipsiquidem
1519 3206 1921 3275 venumdantes,

342 3318 401 3365 et
437 3309 709 3379 pecuniam
751 3311 1123 3374 comparantes
1145 3343 1162 3367 ,
1192 3292 1562 3375 permittentes
1597 3308 1777 3365 autem
1810 3295 1927 3365 ejus

336 3400 763 3456 distributionem
810 3412 930 3452 esse
977 3396 1031 3450 in
1080 3395 1288 3463 illorum
1336 3398 1619 3469 potestate.
1664 3389 1926 3459 Quocirca

335 3491 533 3548 Paulus
560 3504 771 3560 quoque
804 3485 1017 3553 dicebat
1047 3502 1063 3539 :
1091 3483 1375 3555 Tamquam
1414 3482 1542 3537 nihil
1579 3481 1814 3536 habentes
1833 3521 1849 3546 ,
1880 3488 1926 3533 et

335 3582 511 3636 omnia
540 3580 849 3650 possidentes
875 3577 968 3649 (2.
996 3576 1116 3633 Cor.
1154 3575 1207 3641 6.
1248 3572 1372 3646 10).
1405 3574 1500 3629 Est
1527 3572 1669 3628 enim
1700 3572 1802 3628 hoc
1828 3570 1925 3645 ad:

336 3671 583 3728 mirabile
604 3712 621 3738 ,
650 3668 791 3741 quod
835 3668 922 3739 qui
967 3666 1127 3722 tantis
1164 3665 1436 3738 pollebant
1470 3663 1668 3720 divitiis
1689 3705 1706 3731 ,
1746 3670 1929 3719 essent

336 3765 676 3821 facultatibus
701 3763 806 3819 illis
829 3761 1136 3832 superiores
1163 3777 1178 3815 :
1210 3774 1306 3815 eos
1333 3758 1475 3815 enim
1503 3773 1608 3812 non
1640 3757 1806 3827 tenuit
1833 3754 1930 3811 ob-

338 3859 531 3914 noxios
568 3855 804 3928 pecunia:
833 3855 1005 3925 copia.
1034 3852 1128 3907 "te
1155 3860 1279 3906 sunt
1306 3852 1389 3906 vel
1423 3851 1668 3905 maxima;
1691 3848 1888 3903 divitire
1907 3887 1925 3913 ,

338 3966 448 4006 non
479 3963 636 4019 egere
664 3947 880 4001 divitiis.
912 3943 1093 4000 Gloria
1125 3953 1174 3998 et
1206 3942 1393 3998 diuitias
1418 3942 1471 3995 in
1498 3940 1650 4011 domo
1676 3939 1806 4009 ejus.
1828 3938 1931 4019 llic

338 4038 486 4111 quod
515 4016 757 4108 superest
778 4078 794 4102 ,
824 4051 931 4093 non
964 4043 1091 4107 eget
1126 4032 1581 4103 interpretatione.
1621 4016 1932 4087 Habuerunt

340 4133 489 4187 enim
515 4130 735 4201 gloriam
763 4144 884 4198 qua:
907 4143 936 4182 a
963 4128 1073 4183 Deo
1102 4123 1472 4196 proﬁciscitur.
1503 4122 1618 4191 Ipsa
1643 4110 1822 4201 autem
1845 4133 1932 4199 se:

341 4221 624 4293 quebatur,
654 4229 710 4275 ut
735 4219 864 4276 dicit
895 4218 1074 4289 divina
1116 4216 1391 4287 Scriptura
1420 4229 1437 4269 :
1469 4211 1688 4287 Quwrite
1725 4226 1933 4283 regnum

344 4313 477 4377 Dei,
510 4323 558 4368 et
600 4312 706 4367 haec
741 4311 912 4366 omnia
951 4309 1260 4381 adjiciantur
1291 4300 1427 4360 nabis
1456 4302 1677 4374 (Matth.
1709 4300 1761 4357 6.
1801 4297 1927 4383 33.),

344 4405 485 4474 Quid
525 4405 666 4462 enim
712 4404 818 4459 illis
865 4398 1269 4459 honorabilius?
1304 4396 1429 4470 quid
1471 4390 1935 4465 magnificentius!

347 4500 641 4570 Tamquam
678 4496 898 4568 angelos
931 4494 1024 4551 Dei
1051 4488 1452 4563 suscipiebant‘
1482 4506 1497 4544 :
1527 4487 1778 4560 pecunias
1801 4485 1934 4542 affe-

346 4597 533 4643 rentes
552 4631 567 4653 ,
592 4586 659 4643 ad
687 4602 873 4643 eorum
910 4583 1073 4656 pedes
1115 4581 1419 4653 ponebant;
1459 4576 1523 4634 iis
1552 4577 1816 4657 denique,

347 4678 523 4747 capite
542 4676 782 4731 diadema
803 4653 1096 4745 gestabant,
1120 4679 1274 4728 erant
1292 4667 1623 4726 illustriores.
1795 4653 1936 4751 enim

350 4746 447 4824 rex
481 4782 727 4839 umquam
768 4758 1038 4837 ingressus
1069 4772 1152 4820 est
1187 4777 1307 4817 cum
1339 4770 1486 4816 tanta
1515 4746 1939 4839 claritate,cum

350 4866 550 4926 quanta
592 4838 785 4927 ubique
822 4856 1118 4912 habebatur
1155 4853 1350 4909 Paulus
1389 4852 1440 4906 in
1479 4838 1828 4905 admiratione
1856 4846 1938 4902 loo-

351 4962 549 5019 quens,
579 4962 610 5002 a
635 4956 808 5003 morte
833 4945 1086 5012 libemus,
1110 4943 1328 4999 morbos
1353 4941 1646 5014 expellens,
1672 4938 1943 4993 dremones

352 5040 565 5112 fugauit,
596 5048 651 5095 et
687 5038 806 5094 haec
829 5045 990 5109 atque
1014 5034 1274 5105 ejusmodi
1301 5033 1386 5090 vel
1414 5032 1542 5089 solis
1568 5029 1804 5091 vestibus
1829 5028 1946 5087 em.

352 5110 544 5186 ciens?
572 5129 670 5185 llic
696 5135 892 5185 terram
918 5117 1108 5183 caelum
1134 5116 1375 5191 iaciebat,
1401 5126 1456 5179 et
1477 5120 1665 5178 omnes
1687 5119 1753 5175 ad
1782 5110 1946 5174 virtu-

358 5231 468 5275 tem
496 5220 741 5275 ducebat.
1232 5262 1236 5269 .
1542 5288 1547 5291 τ

432 5311 487 5367 3.
513 5309 719 5367 Divitiis
738 5312 947 5367 tenente
958 5300 1181 5367 incerta.
1202 5294 1550 5378 Elee‘mosy'nai
1567 5301 1884 5371 via—Quod
1903 5299 1947 5356 si

426 5527 743 5616 3.123%
764 5503 1953 5616 ammentarzfﬁitmssub:

361 5593 436 5665 sic
458 5598 678 5664 verterat
716 5584 739 5638 τ’
1071 5585 1235 5700 timidi
1259 5584 1349 5640 15ιὶ
1367 5584 1750 5696 ﬂammat!
1782 5595 1952 5692 :l'quge

362 5659 709 5761 ’I‘iugtlllgletgltl'lo
722 5656 1597 5761 Sgguniasugzengdgsuaalfngsllgmm
1634 5652 1952 5761 delgtljegdﬁl

366 5705 1952 5795 li.‘i:*‘93.5!2§-£¢9951t€.82.t99§§.ti?§£2‘°£‘§?.£°£ﬁfﬁ%m’

365 5775 500 5838 ipsos
524 5770 764 5837 tamquam
788 5775 991 5836 angelos
1013 5770 1096 5822 Dei
1120 5770 1465 5834 suscipiebant.
1493 5771 1573 5819 Hic
1596 5777 1673 5818 est
1696 5779 1892 5819 sensus.

1412 310 1770 396 sirost'no
1799 328 1863 383 IN
1905 324 2226 384 PSALMUM
2265 318 2403 381 CXI.

3484 316 3589 376 92:1

1998 440 2112 494 lucc
2129 437 2179 495 in
2194 451 2340 496 terra
2358 439 2616 517 fecerunt,
2635 439 2804 517 cogita
2825 424 3018 512 quanta
3028 419 3311 511 erit'gloria
3333 453 3517 497 eorum
3535 440 3588 495 in

1998 534 2164 589 ca-lis.
2179 532 2313 599 Quid
2330 542 2411 588 est
2431 544 2630 613 autem,
2646 531 2710 609 In
2734 532 2885 588 duino
2909 535 3021 613 ejus
3038 530 3065 588 1’
3084 532 3214 613 Cum
3238 518 3374 613 ipso,
3396 534 3587 606 inquit.

2002 625 2251 705 Externa:
2267 634 2443 680 autem
2459 610 2656 680 divitia:
2674 640 2778 681 non
2800 610 3059 682 suntcum
3076 637 3142 705 eo
3160 610 3249 696 qui
3274 610 3430 681 habet
3451 625 3589 689 illas,

2001 702 2428 787 quandoquidem
2460 731 2526 769 ne
2557 716 2608 769 in
2642 724 2754 769 tuto
2779 714 2995 786 quidem
3024 702 3148 771 sunt
3173 709 3467 778 collbcatm,
3494 715 3590 771 sed

2003 815 2127 861 sunt
2157 805 2208 860 in
2238 805 2480 860 manibus
2508 804 2975 870 calumniatorum,
3008 805 3059 859 in
3089 792 3332 860 manibus
3357 804 3596 860 adulatov

2005 917 2147 967 rum,
2172 900 2224 956 in
2251 900 2494 955 manibus
2522 899 2819 972 principum
2843 938 2857 963 ,
2885 898 2937 952 in
2969 898 3215 955 manibus
3237 897 3553 954 famulorum
3577 915 3592 955 :

2006 1002 2061 1047 et
2081 992 2202 1047 ideo
2230 1005 2323 1046 eas
2351 990 2544 1060 ubique
2574 990 2813 1069 spargit,
2847 1006 2952 1045 non
2974 989 3177 1045 audens
3207 980 3598 1046 universascas

2008 1082 2152 1159 dumi
2176 1093 2355 1138 tenere
2377 1097 2392 1134 :
2416 1090 2470 1137 et
2493 1081 2614 1137 ideo
2643 1066 2963 1161 adhibentur
2984 1074 3239 1141 custodite
3259 1090 3312 1137 et
3330 1081 3593 1161 excubiae,

2009 1174 2110 1237 etsi
2142 1158 2242 1227 hoc
2270 1172 2398 1228 nihil
2424 1156 2756 1243 juvet,.cum
2787 1158 2867 1229 ea:
2896 1160 3102 1243 possint
3136 1173 3313 1228 onmia
3342 1156 3596 1244 ell‘ugere.

2016 1265 2079 1320 Et
2100 1265 2306 1335 justitia
2346 1265 2456 1338 ejus
2491 1272 2658 1319 manet
2684 1265 2737 1318 in
2770 1265 3010 1319 sa’rulum
3035 1264 3229 1321 saeculi.
3263 1265 3414 1321 Alius
3436 1266 3564 1321 dicit
3584 1307 3599 1330 ,

2014 1357 2078 1413 Et
2103 1358 2448 1412 misericordia
2485 1357 2595 1430 ejus
2623 1366 2790 1412 ntanet
2817 1357 2870 1411 in
2898 1357 3139 1413 sarculum
3165 1359 3357 1413 surculi.
3387 1346 3497 1433 “Vel
3518 1358 3606 1413 hic

2012 1446 2139 1502 dicit
2170 1449 2415 1504 virtutem
2444 1448 2495 1503 in
2522 1464 2748 1519 genere.
2781 1448 2861 1503 vel
2892 1463 3009 1503 eam
3030 1438 3154 1520 qua:
3183 1454 3441 1519 repugnat
3464 1449 3605 1515 injn-
3638 1522 3641 1525 _

2015 1540 2173 1595 stitiae
2195 1582 2212 1606 ,
2242 1540 2325 1595 vel
2357 1539 2815 1617 quemadmodum
2835 1539 2965 1594 dicit
2992 1539 3129 1594 alius
3150 1540 3429 1619 interpres
3447 1576 3464 1607 ,
3495 1540 3606 1594 ele-
3630 1591 3652 1623 δ

2015 1630 2266 1687 mentiam
2295 1640 2449 1686 vocat
2474 1630 2911 1685 miscricordiam.
2933 1629 3076 1685 Talis
3095 1640 3177 1686 est
3196 1631 3338 1687 enim
3365 1629 3444 1686 vis
3465 1631 3608 1687 eloco
3644 1634 3651 1645 ‘

2010 1710 2275 1794 masynaa.
2304 1736 2390 1776 res
2411 1731 2491 1775 est
2517 1720 2852 1785 immortalis,
2875 1720 3047 1775 aliena
3071 1719 3137 1775 ab
3158 1720 3395 1787 interitu,
3417 1730 3472 1776 et
3488 1737 3610 1792 qua:

2009 1800 2235 1870 minime
2263 1820 2438 1883 potest
2469 1811 2756 1881 exs1ingni.
2787 1812 2961 1882 Atque
2993 1812 3224 1866 humana
3249 1812 3463 1884 quidem
3495 1827 3612 1881 om-

2018 1904 2104 1959 nia
2119 1903 2508 1971 convelluntur,
2528 1901 2729 1958 fructus
2745 1911 2921 1958 autem
2944 1901 3301 1979 eleemosynm
3320 1892 3611 1983 numquam

2017 1985 2193 2071 potest
2213 2010 2567 2063 marcescere,
2587 2010 2684 2051 nec
2709 1992 2813 2050 ulla
2838 1988 3145 2049 difﬁcultate
3166 2003 3465 2069 temporum
3484 1988 3613 2065 pro.

2019 2074 2208 2155 ﬂigari.
2237 2084 2349 2143 Etsi
2377 2085 2518 2141 enim
2546 2078 2741 2154 corpus
2769 2084 2928 2140 fuerit
2953 2082 3290 2150 dissolutum,
3317 2085 3404 2140 illa
3435 2072 3611 2141 tamen

2022 2191 2127 2229 non
2161 2190 2263 2230 una
2288 2190 2408 2230 cum
2438 2176 2543 2230 vita
2570 2173 2900 2245 dissolvitur,
2927 2173 3019 2231 sed
3048 2166 3173 2230 ante
3203 2161 3612 2241 illum'e'xcedit,

2095 2258 2398 2325 mansiones
2426 2276 2752 2336 prmparans,
2779 2263 2847 2321 de
2873 2264 3073 2341 quibus
3090 2262 3219 2319 dicit
3236 2252 3478 2319 Christus
3506 2263 3616 2343 sla

2021 2342 2171 2412 domo
2208 2346 2385 2412 Patris
2423 2359 2520 2411 mei
2544 2346 2830 2412 mansiones
2859 2357 3034 2435 multo;
3059 2366 3178 2411 sunt
3206 2354 3383 2428 (Iona.
3420 2342 3613 2435 “7.3).

2022 2442 2079 2527 ln
2107 2438 2211 2503 hoc
2236 2436 2413 2519 itaque
2438 2440 2529 2504 res
2551 2438 2810 2503 humanas
2838 2458 3076 2517 superat,
3098 2447 3240 2517 quod
3267 2446 3336 2503 sit
3360 2449 3615 2523 perpetua

2023 2532 2080 2596 et
2115 2540 2321 2596 stabilis
2341 2581 2357 2607 ,
2385 2538 2527 2610 quod
2567 2538 2778 2610 quidem
2812 2536 2951 2593 nulla
2982 2551 3069 2594 res
3098 2532 3258 2594 habet
3285 2548 3466 2594 earum
3496 2555 3618 2609 qua:

2023 2618 2091 2687 ad
2122 2633 2257 2688 hanc
2280 2630 2440 2687 vitam
2476 2630 2763 2702 pertinent.
2793 2630 2925 2686 Nam
2955 2631 2999 2707 si
3029 2630 3227 2685 dixeris
3265 2629 3616 2705 pulchritudis

2026 2742 2147 2805 nem
2167 2767 2183 2792 ,
2214 2742 2280 2781 ea
2313 2719 2499 2781 morbo
2543 2722 2808 2781 ﬂaccesclt
2828 2768 2842 2788 .
2881 2733 2937 2780 et
2977 2723 3130 2779 senio
3168 2718 3497 2796 consumitur
3528 2740 3542 2776 :
3572 2721 3617 2777 si

2027 2806 2356 2888 potentiam,
2388 2832 2451 2872 ea
2489 2831 2632 2886 sa'pe
2676 2826 2911 2871 mutatur
2942 2832 2955 2870 :
2988 2816 3031 2871 si
3059 2814 3304 2882 divitias,
3334 2814 3380 2870 si
3418 2812 3615 2885 aliquid

2029 2903 2176 2959 aliud
2196 2922 2382 2962 eorum
2405 2950 2420 2972 ,
2449 2923 2568 2978 qua:
2596 2902 2648 2962 in
2680 2907 2782 2961 vita
2815 2906 3062 2979 prmsenti
3096 2904 3363 2981 habentur
3390 2898 3534 2959 clara
3563 2914 3616 2959 ct

2029 3000 2270 3067 illustria,
2294 3014 2354 3063 ea
2381 2999 2462 3054 vel
2493 2999 2641 3055 vivos
2667 2998 2993 3069 relinquunt,
3021 2997 3104 3053 vel
3134 3005 3375 3053 mortuos
3399 2999 3619 3051 omnino

2028 3076 2198 3147 nudos
2222 3097 2277 3144 et
2305 3076 2590 3163 destitutos
2617 3087 2818 3144 sinunt.
2846 3088 2948 3144 Sed
2973 3088 3192 3159 justitiae
3221 3103 3326 3143 non
3360 3090 3445 3144 est
3472 3088 3617 3157 ejus‘

2028 3182 2172 3239 inedi
2202 3180 2406 3239 fructus
2436 3200 2451 3237 :
2483 3198 2586 3238 non
2629 3174 2867 3253 tempore
2894 3182 3256 3247 censumitnr,
3296 3198 3401 3254 non
3446 3192 3621 3235 morte

2028 3260 2351 3346 amputatur,
2382 3260 2476 3331 sed
2505 3285 2629 3331 tunc
2671 3276 2833 3332 tutior
2869 3274 3128 3351 redditur,
3159 3272 3371 3346 quando
3395 3274 3461 3329 ad
3492 3256 3617 3345 por~

2031 3356 2142 3439 tum
2169 3364 2337 3429 ilum,
2361 3367 2448 3437 qui
2478 3365 2635 3422 nullis
2659 3362 2888 3439 agitatur
2914 3365 3182 3435 ﬂuctibus,
3203 3367 3617 3438 adnavigat‘erit.

2030 3434 2085 3535 αξ.
2130 3456 2374 3512 Exortum
2413 3467 2487 3511 est
2526 3456 2577 3512 in
2623 3444 2837 3513 lettebris
2880 3458 3049 3512 lunten
3093 3434 3256 3513 rectis.
3305 3434 3622 3513 best-rubens

2031 3534 2409 3604 healitudinem
2441 3548 2556 3619 ejus
2583 3549 2671 3619 qui
2704 3550 2853 3604 timet
2882 3546 3050 3605 Deum
3075 3540 3251 3617 ,‘d‘icit
3287 3566 3373 3605 res
3411 3566 3529 3619 qum
3569 3551 3621 3606 in

2033 3628 2281 3714 prmsenti
2306 3642 2576 3710 eveniunt,
2604 3634 2663 3696 ut
2688 3641 2829 3712 quod
2863 3642 2970 3697 sint
2998 3642 3324 3698 immortales
3352 3642 3468 3714 ejus
3493 3657 3619 3712 p'ls—

2034 3718 2334 3800 sessiones,
2362 3731 2501 3803 quod
2532 3734 2697 3805 gloria
2727 3732 2981 3808 fruiturus
3008 3733 3111 3796 sit,
3139 3733 3279 3804 quod
3311 3734 3380 3788 sit
3416 3722 3623 3789 futurus

2034 3824 2281 3879 omnibus
2304 3824 2567 3893 superior,
2590 3823 2730 3899 quod
2749 3838 2845 3903 eos
2866 3825 2959 3895 qui
2983 3823 3177 3897 fuerint
3195 3825 3243 3880 ei
3266 3825 3459 3879 virtute
3483 3822 3625 3878 simi-‘-

2038 3915 2116 3972 les
2136 3954 2152 3981 ,
2177 3923 2233 3971 et
2256 3915 2373 3985 ejus
2402 3915 2493 3995 ﬁlii
2522 3915 2827 3982 evaserint,
2855 3916 3065 3971 visurus
3098 3915 3167 3970 sit
3202 3902 3622 3995 expugnabiles,

2037 4002 2092 4060 in
2121 4005 2346 4062 maxime
2374 3992 2552 4061 rerum
2582 4002 2893 4063 difﬁcultate
2920 4007 3293 4064 securissimus
3342 4008 3453 4065 Hoc
3481 3991 3625 4081 cuitu

2037 4094 2137 4155 sibi
2168 4099 2279 4153 vult
2304 4098 2455 4179 illud,
2479 4099 2730 4154 Exortum
2758 4111 2829 4154 est
2857 4101 2910 4156 in
2935 4082 3145 4156 tenebris
3167 4100 3336 4157 lumen
3362 4098 3528 4156 rectis.
3559 4103 3628 4157 lis

2038 4184 2179 4263 enim
2215 4191 2303 4262 qui
2341 4192 2421 4246 sic
2456 4199 2584 4246 sunt
2622 4191 2829 4256 adacti,
2872 4193 2938 4248 iis
2969 4191 3058 4272 qui
3100 4178 3246 4271 recte
3279 4181 3626 4266 ‘gradinntur.

2039 4282 2234 4340 efﬁciet
2262 4293 2319 4339 ut
2342 4284 2395 4341 in
2421 4284 2608 4341 mediis
2638 4285 2873 4341 tenebris
2899 4287 2991 4341 lux
3017 4286 3238 4341 oriatur.
3264 4286 3398 4354 Quid
3425 4295 3530 4353 est,
3567 4272 3632 4340 lit

2041 4362 2296 4432 tenebris?
2324 4372 2434 4432 Etsi
2474 4377 2580 4431 sint
2614 4377 2666 4433 in
2703 4376 2991 4452 afﬂictione
3010 4409 3033 4446 δ
3058 4379 3118 4452 ῑηΔ
3139 4378 3429 4450 auguStiis,
3454 4387 3633 4451 tentag

2044 4468 2187 4523 tione
2214 4464 2269 4522 et
2291 4464 2543 4547 periculis
2568 4466 2651 4539 (ea
2681 4469 2823 4522 enim
2854 4450 3008 4523 vocat
3033 4450 3325 4545 tenebras),
3353 4470 3549 4545 efficiet
3577 4450 3632 4525 ut

2041 4546 2332 4633 plurimum
2358 4559 2438 4615 eis
2466 4559 2609 4625 adsit
2630 4558 2935 4635 voluptatis.
2964 4558 3115 4634 Quod
3149 4562 3310 4614 etiam
3340 4546 3532 4617 Paulus
3560 4562 3634 4615 εἰσ

2043 4648 2300 4726 gnilicans
2318 4638 2549 4714 dicebat,
2580 4646 2719 4702 Nolo
2744 4656 2910 4702 autem
2931 4664 3016 4707 vos
3038 4649 3272 4719 ignorare
3290 4650 3354 4705 de
3370 4646 3634 4722 aﬂlietions

2045 4736 2158 4814 qute
2182 4731 2278 4815 fuit
2302 4739 2445 4821 nobis
2481 4740 2548 4821 in,
2574 4728 2723 4810 Asia,
2910 4759 3067 4811 supra
3093 4728 3298 4815 modum
3325 4726 3520 4821 precati
3543 4760 3637 4799 stt-

2049 4828 2188 4903 mtas,
2215 4822 2270 4890 ut
2307 4818 2456 4890 etiam
2485 4820 2549 4889 de
2579 4828 2680 4888 vita
2714 4818 3052 4901 dubitaremus
3078 4832 3166 4907 (Ξ.
3195 4824 3312 4912 Cor.
3344 4818 3574 4901 1.3.40
3591 4837 3634 4908 ).

2050 4920 2248 4983 \‘idisti
2274 4920 2524 5005 tenebras
2540 4925 2579 5005 ἲ..
2605 4922 2711 4981 Sed
2742 4912 2840 4997 ipsi
2882 4927 2936 4981 in
2972 4926 3113 5005 nobis
3142 4909 3438 5005 responsum
3465 4912 3639 5005 mortis

2051 5004 2335 5084 habuimus.
2361 5004 2426 5073 ne
2442 5000 2808 5089 conﬁderem“
2832 5019 2886 5074 in
2912 5001 3054 5075 nobis
3080 5002 3224 5095 ipsis,
3246 5003 3337 5075 sed
3351 5020 3404 5095 in
3553 5017 3639 5090 qui

2051 5100 2258 5178 suscitat
2293 5095 2546 5179 mortuos,
2575 5095 2662 5182 qui
2698 5098 2762 5166 ea:
2804 5113 2956 5166 tantis
2995 5094 3237 5189 mortibus
3265 5094 3491 5189 liberavit
3526 5095 3641 5170 nos.

2053 5192 2244 5258 Vidisti
2270 5200 2539 5275 quomodo
2562 5203 2633 5258 sit
2656 5211 2841 5259 exorta
2863 5204 2950 5263 lus
2971 5184 3308 5283 iconsidefa
3337 5184 3438 5258 hoc
3467 5189 3644 5283 ipsum

2052 5288 2292 5358 etiamin
2322 5286 2489 5353 tribus
2515 5288 2693 5367 pueris
2720 5293 2879 5373 (Dan.
2912 5295 2963 5371 5.
2983 5293 3098 5375 Si).
3125 5278 3425 5375 Gont‘euim
3454 5278 3647 5374 exspe-

2055 5376 2266 5446 ctarent
2291 5374 2406 5445 fore
2430 5397 2489 5443 ut
2511 5370 2884 5454 exurerentur,
2917 5370 3465 5465 purissimum
3492 5370 3646 5441 asse-

2058 5473 2393 5553 qunti'sunt.
2434 5470 2665 5553 ldipsnm
2707 5478 2866 5532 etiam
2906 5462 3087 5532 creuit
3117 5476 3169 5532 in
3196 5462 3427 5554 .D'aniele
3455 5476 3476 5548 (
3502 5464 3644 5556 pan.

2060 5560 2112 5625 6.
2139 5560 2231 5639 εὶ)
2249 5578 2303 5624 et
2327 5564 2446 5624 aliis
2462 5558 2756 5645 prophetis.
2780 5567 2934 5643 Quod
2950 5568 3001 5645 si
3016 5567 3131 5645 haec
3158 5566 3289 5622 velis
3316 5568 3386 5623 ita
3413 5556 3648 5636 sumere,

2062 5672 2120 5717 nt
2143 5661 2209 5716 ad
2234 5652 2390 5715 aliam
2419 5644 2718 5715 refcrantur
2741 5644 3033 5730 anng’ogen,
3063 5646 3266 5737 videbis
3292 5658 3394 5715 hoc
3416 5659 3531 5714 orbi
3555 5668 3653 5717 tcrv

2062 5770 2241 5813 rarum
2272 5754 2549 5811 accidisse.
2577 5750 2707 5812 Cum
2748 5752 2887 5809 enim
2934 5736 3167 5810 tenebrae
3205 5762 3398 5810 terram
3430 5736 3481 5811 et
3508 5760 3654 5813 etate
