4064 6408
541 263 647 317 ἳθδ

537 380 879 444 occuparent,
905 380 956 424 et
979 383 1127 422 error
1159 367 1347 436 ιιΙιὶιιιιε
1373 375 1512 418 esset
1537 364 1776 426 diffusus,
1804 363 1882 415 sol
1907 363 2121 432 justitiae

539 481 601 517 ev
633 465 738 516 imo
764 472 978 516 exortus
1004 470 1102 516 est.
1129 453 1384 525 Quoniam
1411 456 1552 509 enim
1582 465 1704 509 tunc
1734 455 1971 509 homines
1994 454 2123 507 cado

538 556 720 608 relicto
751 554 911 607 Deum
943 553 994 604 in
1028 549 1180 604 terris
1217 547 1525 618 quzrrebaut
1545 588 1560 612 ,
1592 561 1655 600 ex
1687 563 1751 598 eo
1783 547 1897 599 loco
1925 546 1999 598 eis
2029 563 2121 614 ap-

540 651 710 712 paruit
735 685 748 708 ,
781 662 838 698 se
867 643 930 696 ad
961 656 1143 696 eorum
1171 638 1592 694 inbecillitatem
1621 637 1905 692 detnittcns
1927 679 1941 704 ,
1977 647 2032 691 ut
2057 636 2122 691 ad

533 736 863 790 altitudinem
895 734 1151 786 infinitam
1180 730 1453 786 evelleret.
1549 717 1556 728 ’

606 829 964 897 Argumentum
1017 823 1396 878 resurrectionis
1454 824 1750 874 maximum.
1806 851 1876 862 --
1920 820 2120 874 Miseri-

530 937 660 983 cors,
691 931 736 972 et
766 919 1049 983 miserator,
1082 925 1126 970 et
1165 917 1336 986 justus
1382 913 1628 968 Dominus
1670 914 1822 968 Deus.
1863 914 2120 982 Quoniam

529 1012 662 1064 dixit
693 1011 804 1079 ejus
830 1010 1088 1078 justitiam
1131 1023 1376 1072 manere,
1407 1015 1460 1061 et
1501 1007 1593 1060 illo
1635 1009 1791 1059 modo
1817 1005 2123 1060 consolatus

529 1112 646 1162 est;
680 1103 828 1154 nmlti
853 1111 1029 1154 autem
1061 1098 1452 1162 miscriCnrdes,
1483 1106 1536 1150 et
1561 1097 1648 1166 qui
1680 1106 1822 1151 recte
1851 1097 1934 1150 hic
1961 1097 2119 1150 vitam

529 1204 722 1261 agunt,
750 1194 1014 1248 contraria
1045 1193 1131 1246 hic
1158 1191 1500 1260 experiuntur
1525 1209 1538 1245 :
1570 1190 1721 1245 allert
1745 1191 1899 1242 aliam
1929 1204 2121 1243 conso-

529 1288 780 1340 lationem
809 1285 1010 1348 dicens,
1037 1284 1353 1348 Misericors,
1387 1294 1431 1336 et
1460 1283 1739 1345 miserator,
1773 1293 1816 1334 et
1849 1283 2021 1352 justus
2050 1290 2120 1335 est

528 1379 780 1433 Dominus
812 1396 831 1433 :
862 1378 1125 1449 duplicem
1168 1377 1288 1431 inde
1335 1377 1550 1430 eiiciens
1590 1375 2118 1429 demonstrationem.

528 1473 582 1526 Si
602 1473 740 1526 enim
755 1481 835 1526 est
854 1472 1172 1535 misericors,
1188 1471 1313 1524 etiis
1330 1470 1416 1539 qui
1441 1479 1675 1538 peccant,
1696 1467 1890 1537 swpius
1912 1467 2117 1521 veniam

529 1566 808 1644 concedit,
839 1565 1006 1618 multo
1041 1564 1208 1632 magis
1247 1579 1340 1618 eos
1367 1563 1455 1632 qui
1489 1577 1545 1616 se
1585 1570 1726 1615 recte
1754 1573 1945 1630 gerunt
1968 1601 1982 1625 ,
2012 1576 2116 1614 non

529 1657 792 1726 relinquet
817 1657 1176 1719 incoronatos,
1204 1663 1476 1724 postquam
1502 1653 1624 1707 hinc
1643 1654 1990 1707 excesserint.
2013 1652 2116 1708 Sed

527 1749 625 1800 etsi
658 1747 742 1801 hic
767 1764 872 1801 non
905 1747 1109 1811 reddat,
1139 1747 1354 1800 omnino
1385 1745 1490 1799 illic
1519 1744 1723 1798 reddet.
1754 1743 1958 1798 Deinde
1987 1745 2116 1798 sub-

522 1838 698 1908 jnnxit
725 1842 907 1904 etiam,
931 1837 1108 1890 Justus
1133 1853 1150 1890 :
1173 1837 1312 1906 quod
1340 1837 1381 1889 si
1404 1835 1577 1906 justus
1601 1836 1688 1902 sit,
1718 1844 1775 1889 ut
1801 1845 1901 1901 est,
1930 1835 2119 1890 reddet

528 1932 815 2000 unicuique
845 1929 1132 1984 secundum
1166 1931 1373 1996 merita,
1405 1929 1610 1984 etiamsi
1641 1928 1726 1982 hic
1755 1944 1858 1982 non
1887 1927 2072 1982 reddat
2102 1947 2114 1982 :

523 2022 664 2092 quod
694 2035 774 2076 ρει
802 2021 885 2076 vel
929 2021 1215 2075 maximum
1257 2029 1625 2090 argumentum
1658 2019 1844 2074 futurm
1874 2035 2117 2074 resurre-

524 2115 735 2168 ctionis.
778 2111 1000 2179 Quando
1039 2112 1178 2165 enim
1228 2112 1375 2164 nmlti
1421 2127 1484 2166 cx
1531 2112 1594 2165 iis
1632 2112 1720 2180 qui
1760 2120 1886 2165 sunt
1924 2111 2118 2164 virtute

525 2203 732 2273 priediti
755 2246 768 2268 ,
797 2213 1088 2258 cernuntur
1127 2202 1266 2257 mala
1309 2202 1470 2256 multa
1503 2201 1776 2271 perpessi,
1807 2212 1860 2256 et
1891 2201 2114 2270 improbi

525 2297 742 2367 impune
771 2307 825 2351 et
849 2312 1036 2351 secure
1065 2296 1243 2350 vivere
1273 2312 1286 2348 :
1317 2294 1529 2348 ubinam
1575 2295 1796 2363 recipiet
1826 2293 2115 2363 unusquis-

525 2406 629 2460 que
660 2406 756 2458 pro
791 2388 1015 2452 meritis,
1046 2387 1089 2442 si
1127 2403 1232 2442 non
1261 2388 1329 2441 sit
1357 2385 1528 2440 futura
1561 2388 1900 2451 resurrectio,
1931 2396 1986 2441 ct
2013 2384 2116 2440 alia

526 2481 654 2541 vita,
676 2477 932 2546 judicium
959 2487 1024 2546 et_
1041 2476 1439 2530 remuneratio?
1467 2476 1666 2530 Deinde
1690 2477 1939 2545 quoniam
1963 2475 2118 2544 justi-

527 2569 613 2622 ti:e
644 2567 966 2622 mentionem
1007 2566 1203 2622 faciens
1224 2609 1238 2633 ,
1273 2568 1458 2622 terruit
1485 2565 1779 2622 auditorem
1800 2609 1813 2630 ,
1843 2577 1900 2621 ut
1927 2567 2015 2635 qui
2046 2567 2116 2620 sit

526 2660 832 2714 redditurus
861 2659 1120 2714 rationem
1161 2668 1538 2731 peccatorum,
1571 2661 1677 2715 cito
1707 2660 1858 2714 aliert
1887 2661 2118 2714 medica-

525 2762 760 2805 mentum
784 2793 797 2816 ,
835 2750 1018 2805 dicens
1051 2767 1063 2803 :
1094 2751 1147 2806 5.
1191 2749 1462 2805 Iucundus
1493 2751 1641 2804 homo
1667 2752 1754 2821 qui
1783 2755 2042 2806 miseretur
2069 2759 2118 2805 et

525 2842 830 2908 commodat,
862 2842 1090 2910 disponet
1117 2858 1370 2897 sermones
1396 2859 1514 2897 suos
1542 2843 1592 2896 in
1613 2843 1830 2913 judicio.

595 2937 648 2989 4.
693 2935 824 2990 Vide
861 2945 990 3006 quot
1042 2937 1255 3006 prtemia
1301 2938 1547 3007 proponit
1589 2936 1788 2991 homini
1818 2937 2063 2994 clementl
2097 2955 2113 2994 :

523 3030 662 3097 quod
693 3029 892 3084 fructus
919 3032 1034 3100 ejus
1064 3039 1276 3084 maneat
1314 3040 1572 3099 perpetuo
1592 3072 1607 3096 ,
1640 3031 1780 3100 quod
1811 3030 2116 3086 liberandus

525 3123 594 3175 sit
635 3137 662 3175 a
710 3123 1121 3185 tmtationiius,
1164 3121 1305 3192 quod
1351 3122 1512 3177 Deum
1559 3122 1860 3176 imitaturus
1897 3124 2002 3188 sit;
2033 3131 2116 3177 est

525 3214 667 3266 enim
703 3216 838 3268 lleus
868 3214 1205 3277 misericors;
1235 3213 1376 3283 quod
1421 3224 1632 3282 peccata
1673 3215 1722 3268 ei
1766 3213 1872 3268 sint
1911 3215 2114 3269 condo-

526 3308 721 3360 nanda.
753 3307 862 3360 lloc
888 3306 1027 3359 enim
1058 3305 1154 3359 sibi
1185 3307 1291 3359 vult
1333 3305 1484 3373 illud,
1515 3303 1833 3374 Dispensabit
1862 3323 2114 3360 sermones

524 3414 643 3451 suos
669 3399 719 3450 in
738 3397 977 3466 judicio;
1005 3397 1054 3449 id
1084 3404 1183 3462 est,
1212 3396 1570 3450 Patrocinium
1601 3405 1970 3466 cansequetur,
2007 3413 2111 3452 non

523 3488 696 3542 deerit
723 3489 769 3542 ei
795 3486 1054 3552 defensio,
1084 3502 1186 3540 non
1217 3487 1318 3540 erit
1346 3487 1394 3540 ei
1423 3487 1545 3540 tunc
1573 3486 1963 3549 condemnatio,
1991 3502 2111 3542 cum

515 3583 861 3652 eleemosyua
903 3580 1265 3635 defensionem
1309 3579 1355 3635 ei
1397 3577 1617 3649 pulchre
1643 3588 1934 3649 comparet.
1965 3579 2112 3635 Alius

520 3686 699 3730 autem
732 3676 996 3744 interpres
1021 3674 1153 3728 dixit
1180 3692 1191 3727 :
1228 3672 1538 3744 Dispensans
1575 3688 1654 3726 res
1681 3688 1800 3725 suas
1827 3688 1939 3724 cum
1960 3673 2111 3742 judi-

517 3755 621 3822 cio.
657 3769 768 3824 Hoc
795 3778 898 3832 est,
925 3767 1150 3822 Fruetur
1175 3781 1364 3837 magna
1396 3766 1762 3836 prosperitate,
1797 3765 1927 3818 nihil
1954 3765 2022 3819 ab
2047 3780 2112 3819 co

512 3861 840 3930 suscipietur
864 3858 1006 3930 quod
1032 3860 1101 3914 sit
1125 3857 1410 3913 absurdum
1442 3867 1495 3912 et
1521 3857 1773 3922 alienum,
1802 3865 1858 3910 ut
1883 3857 1970 3926 qui
2001 3856 2112 3911 fue-

515 3955 594 4010 rit
625 3955 858 4023 Optimus
897 3954 1245 4022 dispensator.
1277 3950 1376 4018 Qui
1406 3949 1546 4004 enim
1579 3959 1658 4022 est
1693 3949 1923 4005 crudelis
1947 3959 2001 4003 et
2027 3949 2108 4004 in-

520 4048 820 4110 humanus,
847 4056 900 4102 et
939 4045 1300 4099 misericordia
1341 4058 1446 4097 non
1488 4051 1762 4106 moretur,
1797 4051 1879 4096 est
1917 4057 1944 4094 a
1985 4055 2109 4095 vera

513 4139 864 4210 dispensandi
913 4137 1117 4191 ratione
1159 4137 1385 4190 alienus.
1425 4133 1561 4202 Quid
1605 4133 1743 4187 enim
1790 4134 1956 4202 possit
1993 4146 2111 4187 esse

520 4231 626 4285 hoc
651 4229 880 4301 gravius,
912 4243 1070 4296 quam
1099 4241 1219 4281 cum
1252 4227 1294 4278 is
1325 4225 1413 4294 qui
1443 4234 1525 4278 est
1549 4223 1786 4277 aditurus
1817 4222 2108 4293 periculum

521 4323 744 4386 aninue,
780 4319 1018 4390 pecuniis
1050 4317 1250 4386 parcit,
1283 4325 1337 4370 et
1381 4314 1526 4370 illam
1567 4312 1823 4382 negligit?
1851 4312 2106 4378 Quocirca

518 4414 762 4469 Christus
783 4425 992 4481 quoque
1021 4410 1167 4463 illum
1193 4407 1424 4462 laudavit
1452 4418 1810 4467 meononmm,
1835 4403 1921 4472 qui
1945 4418 2109 4471 quan-

519 4503 589 4558 do
616 4513 731 4557 erat
759 4501 1027 4556 vocandus
1063 4501 1114 4553 in
1153 4497 1446 4569 periculum
1471 4536 1487 4559 ,
1515 4493 1797 4549 schednlas
1826 4492 2100 4557 dissolvit,

504 4607 574 4650 .et
597 4597 666 4650 de
691 4611 756 4650 co
781 4596 920 4665 quod
949 4595 1242 4649 debebatur
1279 4591 1494 4647 rescidit
1519 4594 1541 4658 .(
1566 4587 1692 4642 Luc.
1723 4587 1808 4643 16.
1836 4587 1926 4656 8).
1959 4586 2105 4654 Quo-

521 4687 680 4741 modo
705 4687 846 4740 euim
877 4700 981 4737 non
1003 4693 1085 4738 est
1105 4682 1410 4746 absurdum,
1442 4691 1495 4734 ut
1521 4681 1608 4750 qui
1642 4679 1692 4732 in
1721 4677 1966 4748 praesenti
1990 4677 2106 4747 qui-

519 4779 640 4833 dem
673 4779 777 4831 vita
816 4785 940 4831 sunt
980 4777 1030 4830 in
1069 4775 1306 4846 periculo
1328 4815 1342 4837 ,
1374 4773 1550 4827 omnia
1577 4787 1671 4826 sua
1702 4769 2020 4840 profundant
2049 4779 2107 4823 ut

510 4865 812 4941 periculum
836 4868 1098 4922 redimant
1122 4885 1136 4921 :
1161 4881 1281 4920 cum
1303 4875 1477 4919 autem
1500 4863 1713 4917 veniant
1733 4863 1786 4916 in
1811 4863 2102 4932 periculum

471 4951 476 4954 ’
506 4979 586 5018 .ne
609 4961 881 5017 tradantur
906 4959 1186 5028 supplicio,
1212 4975 1314 5010 non
1339 4965 1552 5010 utantur
1570 4955 1753 5009 eadem
1775 4954 2105 5009 oeconomia?

516 5057 583 5112 Et
614 5057 731 5112 ideo
749 5053 1068 5126 prudentem
1093 5051 1514 5120 dispensatorem
1537 5047 1665 5101 dicit
1687 5047 2102 5113 misericordem,

511 5141 690 5218 utqui
721 5144 882 5200 multa
915 5144 1096 5215 paucis
1123 5153 1295 5204 emat,
1329 5139 1565 5210 pecuniis
1593 5139 1779 5192 cadum
1802 5180 1815 5203 ,
1849 5149 1992 5193 veste
2018 5155 2104 5192 re-

505 5255 702 5308 gnum,
735 5255 867 5307 pane
893 5247 947 5292 et
966 5235 1161 5306 poculo
1190 5234 1391 5300 frigidm
1419 5232 1552 5284 bona
1583 5230 1776 5285 futura.
1801 5229 1936 5296 Quid
1961 5235 2104 5286 enim

519 5331 747 5385 conferri
778 5339 961 5399 potest
987 5343 1108 5382 cum
1151 5326 1249 5380 hac
1279 5323 1674 5395 diSpensatione
1694 5363 1710 5390 ,
1746 5323 1955 5391 quando
1987 5326 2105 5392 quis

516 5436 581 5475 ea
624 5423 758 5477 dans
786 5437 904 5490 quzc
944 5429 1202 5491 pereunt,
1233 5419 1417 5482 ﬂuunt,
1464 5425 1518 5471 et
1565 5416 1850 5476 intereunt,
1889 5429 1951 5468 ea
1986 5431 2105 5485 qua:

518 5523 646 5567 sunt
672 5511 867 5577 futura,
897 5522 952 5567 et
978 5527 1098 5582 qua:
1131 5521 1253 5564 sunt
1281 5509 1568 5563 immobilia
1595 5507 1807 5575 accipit,
1836 5511 1890 5558 et
1923 5523 2015 5574 per
2043 5521 2104 5560 ea

497 5597 583 5662 lin
603 5601 852 5666 prsescnti
877 5603 978 5654 vita
1005 5602 1288 5656 securitate
1315 5600 1544 5654 fruitur?
1571 5599 1694 5652 Ideo
1721 5601 1868 5661 dicit,
1901 5597 2107 5664 Dispen-

506 5689 648 5742 satn't
669 5704 923 5745 sermones
946 5709 1060 5747 suos
1090 5692 1140 5744 in
1162 5697 1377 5765 judicio.
1403 5699 1517 5767 γει,
1549 5709 1600 5754 ιιι
1629 5701 1762 5755 alius
1784 5699 1912 5753 dixit
1939 5696 2102 5754 inter-

1251 255 1308 309 S.
1348 253 1622 308 J0.\NNiS
1660 251 2132 306 CliliYSOS'l‘Olll
2179 253 2490 308 .\ll(‘.!llEl’.
2522 245 3050 315 (IONSTANTINOP.
3688 272 3776 326 236

2234 379 2373 431 pres,
2407 363 2712 435 Dispensans
2737 387 2814 423 res
2844 388 2960 425 suas
2986 389 3098 425 cum
3123 374 3330 440 iudicio.
3356 374 3407 430 In
3430 393 3649 444 quonam
3673 383 3781 438 dicit

2225 454 2443 521 judicio,
2471 457 2567 508 uisi
2602 459 2649 510 iu
2678 460 2762 513 die
2793 463 3010 516 futuro?
3035 463 3127 517 Vel
3152 464 3280 518 dicit
3306 480 3422 520 eum
3451 469 3603 522 etiam
3628 474 3782 527 omnia

2229 560 2320 599 sua
2349 548 2546 616 optime
2576 549 3088 620 administraturum,
3113 571 3210 611 nec
3234 556 3463 612 futurum
3492 561 3540 614 in
3562 562 3636 615 eis
3653 565 3784 632 quid-

2229 654 2382 706 quam
2423 640 2740 708 mafusum,
2781 644 2871 698 sed
2914 647 3090 701 omnia
3142 647 3254 703 fore
3295 650 3480 706 ordine
3517 653 3783 723 collocata,

2227 734 2508 804 omniaque
2537 747 2681 789 recta
2711 737 2792 790 via
2820 747 2874 792 et
2906 743 3280 810 consequentia
3315 757 3620 811 processura
3639 787 3653 811 ,
3682 749 3785 802 uul-

2226 825 2328 878 lam
2363 825 2473 878 lore
2501 825 2550 878 in
2583 826 2660 879 eis
2691 829 3165 895 perturbationem,
3191 833 3392 888 nullum
3421 836 3688 904 strepitum
3709 849 3786 892 aut

2227 915 2509 968 tumultum
2529 957 2544 981 ,
2576 931 2696 970 cum
2737 917 3074 991 eleemosyua
3107 921 3295 976 reddat
3327 923 3404 979 eis
3433 926 3608 980 omnia
3637 927 3785 982 facilia

2225 1015 2278 1058 et
2299 1007 2564 1073 expedita.
2587 1008 2737 1075 Quod
2760 1011 2917 1063 etiam
2941 1011 3170 1068 reddens
3191 1015 3522 1070 manifestius
3548 1018 3786 1087 interpres

2224 1096 2360 1152 alius
2388 1098 2518 1152 dixit
2550 1116 2563 1152 :
2596 1098 2910 1169 Dispensans
2937 1119 3017 1159 res
3052 1119 3171 1159 suas
3203 1121 3318 1158 cum
3347 1108 3564 1176 judicio.
3593 1108 3640 1163 ls
3664 1111 3787 1164 enim

2223 1200 2308 1244 est
2346 1191 2650 1246 miseria-ars
2674 1234 2688 1258 ,
2717 1195 2804 1263 qui
2842 1210 2930 1249 res
2969 1210 3093 1249 suas
3120 1211 3240 1250 cum
3270 1197 3468 1267 judicio
3495 1199 3785 1270 dispensat:

2224 1291 2279 1336 ut
2309 1283 2444 1336 alius
2475 1285 2650 1354 quivis
2679 1298 2762 1340 est
2797 1286 2966 1342 fructu
2997 1303 3216 1354 vacuus,
3240 1293 3326 1358 qui
3366 1300 3450 1346 est
3487 1307 3515 1345 a
3545 1307 3664 1347 vera
3688 1295 3788 1348 dis-

2225 1376 2481 1444 pensandi
2550 1379 2755 1433 ratione
2811 1379 3037 1434 alienus.
3076 1381 3128 1436 6.
3174 1383 3307 1446 Quia
3343 1384 3394 1437 in
3438 1394 3670 1438 teternum
3702 1403 3788 1441 non

2223 1467 2626 1521 commovebitur.
2658 1469 2758 1536 Qui
2797 1480 2970 1539 potest
2998 1471 3226 1528 conferri
3255 1489 3374 1529 cum
3408 1475 3508 1530 hac
3540 1477 3790 1546 dispensa-

2225 1557 2367 1612 tione
2393 1599 2406 1623 ,
2439 1559 2650 1628 quando
2687 1561 2805 1630 quis
2849 1563 3006 1618 talem
3044 1566 3181 1618 viam
3224 1566 3521 1634 invenerit,
3547 1583 3660 1636 qua:
3683 1583 3787 1623 eum

2223 1649 2413 1704 liberet
2451 1650 2518 1704 ab
2545 1652 2827 1721 inopinatis
2853 1655 3096 1720 casibus,
3125 1663 3180 1710 et
3204 1664 3352 1710 extra
3383 1658 3506 1711 vita:
3534 1657 3712 1712 ﬂuctus
3742 1658 3788 1712 iu

2223 1749 2375 1807 portu
2405 1743 2693 1796 constituat
2716 1785 2730 1808 ,
2759 1759 2822 1798 ac
2851 1760 2972 1799 cum
3011 1746 3080 1799 sit
3123 1747 3282 1800 homo
3303 1787 3320 1810 ,
3353 1746 3484 1801 nihil
3524 1748 3786 1803 humanum

2221 1831 2502 1899 sustineat,
2529 1834 2611 1888 vel
2638 1837 2895 1891 sustineat
2918 1838 3156 1906 quidem,
3184 1837 3278 1892 sed
3305 1853 3636 1908 nequaquam
3657 1854 3789 1894 ever-

2225 1925 2399 1978 tatur?
2443 1925 2551 1979 lloc
2595 1935 2677 1980 est
2715 1927 2856 1980 enim
2896 1927 3236 1990 admirabile,
3279 1929 3494 1997 quando
3536 1943 3636 1983 non
3667 1929 3788 1983 cedit

2223 2014 2603 2070 tentatiouibus
2629 2029 2727 2069 nec
2761 2015 2827 2071 ab
2855 2017 2932 2070 eis
2962 2018 3330 2086 prosternitur.
3363 2017 3503 2086 Quid
3531 2017 3682 2072 vero?
3708 2033 3786 2071 an-

2222 2121 2327 2160 non
2358 2109 2608 2161 commoti
2649 2116 2774 2162 sunt
2813 2108 2961 2161 multi
3001 2109 3415 2164 misericordes?
3449 2109 3785 2180 Nequaquam.

2221 2196 2352 2251 Nam
2379 2197 2475 2253 etsi
2508 2213 2766 2268 pauperes
2795 2197 2916 2252 facti
2947 2199 3053 2252 sint
3073 2241 3085 2264 ,
3110 2207 3164 2254 et
3191 2199 3255 2253 ad
3283 2211 3578 2254 extremam
3603 2198 3787 2254 deducti

2223 2291 2647 2356 mendicitatem,
2673 2302 2828 2362 atque
2858 2293 2910 2347 in
2940 2308 3206 2348 aerumnas
3237 2302 3290 2349 et
3317 2295 3646 2349 calamitates
3671 2293 3785 2348 inci-

2223 2381 2418 2449 derint,
2446 2383 2665 2438 minime
2693 2393 2865 2438 tamen
2893 2385 3064 2439 eversi
3097 2395 3220 2440 sunt
3249 2403 3263 2440 :
3292 2386 3587 2457 cogitantes
3609 2401 3664 2440 ea
3686 2398 3786 2454 quo)

2221 2489 2252 2529 a
2279 2490 2338 2531 se
2365 2476 2501 2530 facta
2535 2484 2660 2531 sunt
2688 2476 2763 2548 (a)
2785 2519 2799 2544 ,
2831 2477 2922 2532 Dei
2955 2477 3380 2534 benevolentiam
3418 2490 3473 2534 et
3511 2478 3784 2549 praesidium

2220 2567 2286 2622 ad
2316 2582 2374 2623 se
2399 2567 2758 2634 attrahentes,
2789 2579 2842 2624 et
2865 2569 3092 2624 validam
3122 2571 3352 2641 aliquam
3386 2572 3678 2642 fortemque
3702 2586 3785 2624 an-

2221 2675 2399 2714 coram
2423 2701 2439 2726 ,
2465 2675 2674 2730 nempe
2715 2661 2904 2715 bonam
2935 2663 3314 2718 conscientiam
3339 2706 3354 2730 ,
3391 2664 3658 2720 habentes.
3685 2662 3782 2717 Non

2220 2751 2351 2807 dixit
2381 2753 2556 2824 itaque
2575 2795 2592 2820 ,
2620 2754 2828 2809 lnsidiis
2858 2771 2961 2810 non
2992 2766 3330 2826 appetentur,
3361 2758 3490 2821 sed,
3522 2758 3631 2813 Non
3655 2772 3781 2811 com-

2221 2846 2591 2902 movebuntur.
2635 2847 2786 2915 Quod
2825 2853 2983 2904 etiam
3015 2850 3148 2905 dixit
3173 2851 3426 2907 Christus
3462 2852 3530 2910 de
3569 2853 3680 2915 illo,
3707 2849 3780 2920 qui

2220 2939 2500 2995 aediﬁcavit
2528 2955 2685 3010 supra
2712 2953 2912 3011 petram
2943 2943 3154 3015 (Matth.
3179 2944 3230 2997 7.
3253 2943 3345 3016 25)
3374 2964 3391 3000 :
3416 2961 3520 3001 non
3541 2945 3670 3017 quod
3695 2959 3780 2998 non

2221 3033 2290 3087 sit
2323 3042 2692 3102 tempestatem
2732 3050 2986 3105 passurus
3004 3078 3019 3102 ,
3047 3036 3139 3092 sed
3167 3037 3308 3107 quod
3333 3039 3499 3093 etiam
3522 3047 3782 3106 tempesta-

2219 3133 2326 3181 tem
2365 3127 2664 3194 sustinens,
2697 3128 2916 3185 minime
2953 3131 3022 3184 sit
3055 3133 3397 3186 evertendus.
3430 3131 3541 3187 Hoc
3563 3141 3640 3186 est
3659 3130 3778 3185 enim

2219 3217 2550 3282 admirabile,
2575 3234 2680 3274 non
2705 3219 2914 3290 quando
2935 3220 3264 3276 cessantibus
3287 3222 3662 3278 tentatiouibus
3684 3235 3780 3274 om-

2217 3307 2375 3364 nibus
2404 3309 2454 3363 in
2487 3317 2600 3363 tuto
2627 3308 2817 3377 fuerit,
2850 3311 2948 3366 sed
2979 3311 3190 3382 quando
3221 3311 3662 3383 frequentissimis
3681 3325 3778 3366 ma-

2217 3400 2390 3455 chinis
2419 3401 2708 3470 impetitus,
2741 3411 2998 3471 perpetuo
3027 3403 3259 3458 manebit
3287 3405 3594 3460 immobilis.
3625 3402 3778 3471 Neque

2217 3492 2359 3546 enim
2389 3491 2500 3545 ﬁeri
2529 3501 2721 3562 potest,
2751 3501 2808 3547 ut
2835 3493 3011 3547 anima
3044 3494 3192 3549 dives
3222 3495 3588 3550 misericordia
3615 3493 3777 3547 abma-

2219 3590 2304 3636 tur
2329 3597 2577 3652 umquam
2605 3598 2633 3637 a
2656 3585 2903 3654 gravibus
2933 3585 3092 3638 animi
3122 3586 3623 3654 perturbationibus.
3647 3584 3694 3639 7.
3723 3581 3776 3634 In

2214 3674 2460 3727 memoria
2495 3683 2685 3729 (eterna
2718 3676 2811 3728 erit
2834 3676 3027 3744 justus.
3055 3675 3190 3730 Vide
3219 3675 3393 3744 ipsum
3423 3693 3526 3732 non
3555 3675 3709 3730 solum
3733 3673 3774 3724 in

2217 3774 2457 3835 tempore
2487 3767 2628 3830 vitae,
2658 3767 2749 3821 sed
2777 3767 2938 3821 etiam
2973 3777 3089 3836 post
3120 3776 3346 3822 mortem
3376 3769 3668 3838 complures
3691 3763 3772 3817 do-

2216 3872 2340 3912 cere
2370 3867 2424 3912 et
2449 3859 2746 3912 instituere.
2773 3857 3050 3924 Quomodo
3079 3873 3206 3930 ergo
3233 3859 3360 3914 dum
3393 3861 3549 3926 vivit,
3579 3859 3773 3929 patietur

2216 3949 2413 4019 aliquid
2443 3951 2589 4015 mali,
2617 3950 2830 4018 quando
2854 3951 3015 4006 etiam
3042 3952 3276 4006 moriens
3304 3962 3388 4007 est
3415 3953 3532 4007 aliis
3556 3949 3773 4020 magister

2217 4041 2652 4111 tranquillitatis?
2689 4041 2754 4098 Ut
2783 4043 2924 4096 enim
2968 4044 3139 4098 sciant
3166 4042 3249 4098 vel
3287 4045 3378 4115 qui
3421 4053 3541 4099 sunt
3574 4041 3773 4098 maxime

2216 4132 2493 4197 increduli,
2529 4132 2754 4187 fructum
2781 4135 2897 4202 ejus
2933 4148 3149 4189 manere
3177 4135 3530 4190 immortalem
3558 4135 3604 4188 in
3630 4130 3769 4191 caelis.

2215 4221 2340 4278 hinc
2366 4223 2456 4278 dat
2481 4223 2597 4292 ejus
2624 4225 2698 4279 rei
2729 4224 3108 4294 experientiam
3143 4246 3155 4281 :
3183 4225 3397 4280 defosso
3422 4227 3562 4282 enim
3585 4235 3634 4277 et
3654 4231 3768 4275 terra

2213 4319 2405 4372 obruto
2428 4332 2672 4387 corpore,
2701 4319 2954 4373 memoria
2980 4320 3095 4388 ejus
3121 4319 3315 4388 ubique
3339 4318 3710 4374 circumfertur.

2297 4410 2466 4465 Virtus
2488 4428 2636 4482 quam
2667 4411 2861 4482 cﬂicaas.
2884 4441 2954 4451 —
2981 4411 3123 4466 Talis
3163 4423 3243 4466 est
3284 4415 3496 4468 virtutis
3521 4408 3728 4482 potentia
3755 4420 3765 4456 :

2215 4520 2320 4559 non
2361 4504 2502 4559 cedit
2549 4505 2792 4574 tempori,
2824 4519 2930 4558 non
2977 4504 3257 4558 marcescit
3293 4503 3645 4559 diuturniLaze.
3677 4497 3766 4552 Hoc

2214 4609 2389 4652 autem
2419 4595 2477 4650 ιιι
2513 4605 2720 4665 propter
2755 4597 2982 4651 salutem
3030 4597 3290 4650 malorum
3326 4599 3364 4650 ¹.
3399 4597 3475 4652 Illi
3512 4596 3645 4649 enim
3677 4602 3764 4642 non

2213 4689 2409 4743 habent
2447 4701 2580 4758 Opus
2623 4685 2782 4740 laude
2825 4687 3096 4741 hominum
3131 4706 3144 4742 :
3175 4688 3263 4758 qui
3308 4698 3488 4742 autem
3519 4688 3686 4738 vivunt
3721 4681 3762 4730 in

2213 4783 2444 4853 nequitia
2463 4824 2477 4848 ,
2507 4783 2610 4836 illis
2639 4790 2796 4851 egent
2841 4781 3099 4837 eucomiis
3122 4822 3138 4847 ,
3167 4790 3226 4835 ut
3276 4797 3342 4836 ex
3385 4780 3542 4835 laude
3563 4790 3758 4836 eorum.

2275 5029 2302 5088 ¹ί
2329 5025 2439 5086 Alii,
2464 5031 2662 5088 propter
2680 5023 2898 5088 salutem
2939 5024 3214 5074 multorum.
3254 5026 3345 5075 sed
3372 5038 3483 5088 vos,
3520 5018 3762 5072 malarum.

2208 5085 2612 5151 meliusquadrat
2632 5087 2691 5136 ad
2715 5090 2898 5136 seriem
2919 5123 2933 5145 ,
2959 5095 3011 5135 ut
3035 5100 3097 5135 ex
3123 5088 3446 5150 sequentibus
3470 5085 3634 5151 liquet:
3696 5135 3720 5151 ν
3739 5133 3759 5151 γε

2374 5135 2849 5206 ῨῘᾶίῖΓῖἓῢόέῦ-ννοοέινέις
2866 5135 3147 5211 τὰιιῖρταθιιινέ
3164 5135 3304 5206 ναίτοξς.
3493 5135 3592 5195 ιιίερ
3607 5135 3759 5262 ὢν]Ῑυί

2277 5213 2354 5261 xlo
2378 5210 2585 5262 intelligi
2628 5219 2826 5262 possunt
2851 5225 2863 5259 :
2892 5209 2991 5262 vel,
3019 5209 3274 5262 rooittmtes
3297 5224 3354 5260 ea
3375 5221 3483 5262 aute
3515 5221 3544 5256 a
3574 5217 3620 5253 se
3669 5203 3758 5246 arta

2211 5203 2354 5261 modo
2378 5203 2863 5276 intelligi_’j.os.suiit':
2892 5203 3354 5276 vell'ragittmtes'ea
3375 5221 3544 5276 queen
3574 5217 3620 5276 εξ
3650 5203 3758 5276 ffi‘f‘f

2210 5281 2336 5333 sunt,
2363 5267 2854 5334 utvertitlnterpres,
2873 5273 2972 5334 vel,
2997 5267 3254 5334 cogitantes
3277 5267 3397 5334 qum
3408 5268 3499 5320 sibi
3512 5273 3640 5334 ,ητιιιιτ
3660 5267 3758 5334 gift“

2212 5323 2262 5386 se
2286 5323 2414 5397 facta
2437 5339 2561 5383 sunt.
2590 5323 2755 5397 neque
2777 5323 2916 5397 facile
2939 5323 3203 5397 estdicere
3227 5323 3333 5382 utra
3356 5336 3417 5381 sit
3439 5323 3603 5379 melior
3621 5329 3754 5397 inter-

2245 5383 2436 5445 retalio.
2461 5397 2502 5443 Si
2531 5383 2689 5457 priore
2710 5395 2851 5443 modo
2874 5393 3137 5455 intelligas,
3159 5408 3336 5458 sensus
3360 5397 3452 5442 erit
3475 5399 3591 5458 :_i\'on
3613 5383 3753 5458 ιιίζίζξξ

2245 5412 2436 5445 1⁵013110.
2461 5412 2502 5443 δι
2531 5412 2689 5457 ρῙΊΟΓϐ
2710 5412 2851 5443 1110110
2874 5412 3137 5455 ιιιῐριιιξζῖιδ,
3159 5412 3336 5444 sensus
3360 5412 3452 5442 Cl‘ll.
3475 5412 3591 5440 :tum
3613 5412 3670 5434 ιη’
3685 5412 3748 5447 ⁸⁷⁸⁸(

2214 5412 2390 5508 ιἰειιιιιιι·
2421 5463 2553 5520 gesta
2576 5470 2663 5505 sua
2684 5469 2846 5520 secum
2870 5461 3161 5518 reputantes,
3185 5456 3327 5520 home
3343 5449 3627 5520 conscientia:
3647 5446 3753 5520 left:

2205 5519 2371 5570 monia
2392 5511 2687 5582 gaudentes;
2709 5519 2763 5582 si
2775 5511 3042 5582 posteriore
3058 5555 3072 5572 ,
3096 5511 3166 5567 sic
3183 5517 3506 5582 accipiendum
3525 5513 3614 5582 erit

2213 5568 2624 5631 cornmoi'cbuntur
2656 5568 2914 5642 cogitantes
2953 5568 3142 5642 solitam
3168 5580 3256 5629 Dei
3287 5568 3411 5642 'erga
3441 5592 3489 5625 se
3518 5568 3749 5642 (veneﬁca:

2213 5644 2332 5694 tiam
2350 5679 2362 5699 ,
2388 5656 2450 5692 ea:
2473 5641 2687 5705 pristinis
2815 5641 3000 5691 collatis
3022 5640 3154 5692 bonis
3186 5655 3276 5704 par
3301 5631 3389 5693 ιϋξ
3409 5649 3583 5698 stupet
3603 5631 3747 5685 edim

2217 5705 2309 5759 Dei
2327 5705 2645 5768 patrocinium
2663 5713 2927 5770 sperantes.
