4064 6418
257 416 372 471 997

257 545 386 598 quae
416 522 675 596 praeclare
700 521 768 576 ab
807 519 924 575 aliis
965 525 1113 588 gesta
1147 520 1290 577 sunt,
1322 510 1450 564 ﬁant
1478 503 1690 560 virtutis
1734 509 1849 556 stu-

261 595 535 674 diusiores
556 658 572 676 .
597 624 652 671 et
690 612 974 684 aliquando
1019 609 1309 663 liberentur
1336 618 1368 657 a
1398 601 1548 655 vitio.
1582 595 1682 654 Ubi
1727 599 1852 648 sunt

154 771 176 778 _
261 725 400 776 ergo
421 709 510 779 qui
539 707 784 776 sepulcra
813 711 1118 771 sumptuosa
1147 695 1431 756 aediﬁcant,
1463 691 1711 759 mdesque
1735 701 1852 740 ma-

263 801 492 871 gniﬁcas
513 795 795 852 excitant?
827 792 1053 847 Audiam
1087 788 1212 858 quid
1237 791 1632 841 monumentum
1664 792 1854 850 perpe-

269 901 422 945 tuum
452 888 669 943 efliciat.
699 885 814 939 Non
844 881 1074 951 lapidum
1098 875 1392 934 exstructio
1412 914 1426 938 ,
1455 887 1554 928 nec
1581 882 1851 925 murorum

267 981 504 1035 ambitus
548 986 603 1033 et
631 986 834 1038 turres,
863 971 958 1028 sed
1004 969 1264 1027 bonorum
1307 979 1525 1036 Operum
1574 959 1850 1016 exhibitio.

271 1072 404 1126 llaec
444 1080 619 1123 autem
648 1066 794 1136 ponit
831 1071 1046 1133 propter
1091 1073 1185 1115 eos
1213 1058 1302 1128 qui
1343 1063 1466 1110 sunt
1494 1052 1647 1106 valde
1677 1051 1851 1104 incre-

267 1165 383 1220 duli
405 1204 420 1222 .
443 1170 498 1217 et
538 1161 708 1215 futura
739 1172 841 1210 non
868 1153 1180 1216 attendunt,
1218 1158 1274 1203 ut
1301 1165 1420 1202 cum
1445 1163 1475 1200 a
1507 1141 1854 1215 prmsentibus

269 1265 330 1310 et
359 1256 422 1308 iis
441 1269 558 1323 qua:
584 1259 839 1319 apparent
865 1261 959 1302 eos
983 1239 1524 1308 abduxerit,deducat
1545 1237 1608 1290 ad
1639 1236 1809 1287 futura
1835 1249 1849 1284 :

269 1357 329 1400 et
358 1343 559 1412 alioqui
585 1340 822 1396 ostendit
847 1338 1118 1399 virtutem,
1149 1343 1204 1388 ut
1227 1348 1368 1400 smpe
1395 1329 1522 1392 dixi,
1547 1327 1704 1381 etiam
1732 1332 1854 1377 ante

272 1435 366 1490 illa
413 1431 626 1502 pnrmia
653 1469 669 1494 ,
695 1428 894 1482 habere
925 1427 978 1480 in
1025 1425 1198 1494 seipsa
1241 1419 1746 1477 remunerationem.
1779 1413 1854 1467 Ab

270 1524 535 1577 auditione
551 1520 684 1574 ntala
709 1535 808 1572 non
834 1517 1040 1571 timebit.
1071 1515 1236 1580 Alius,
1266 1511 1516 1566 Nuntium
1547 1508 1731 1562 malum
1755 1521 1856 1559 non

270 1614 484 1666 timebit.
510 1608 962 1679 Quemadmodum
990 1621 1093 1661 non
1131 1604 1264 1658 dixit
1286 1601 1534 1670 superius
1558 1639 1573 1665 ,
1601 1613 1720 1652 eum
1750 1611 1854 1651 non

270 1719 398 1759 esse
449 1701 734 1772 petendum
774 1697 979 1754 insidiis
1003 1737 1018 1762 ,
1052 1695 1144 1750 sed
1185 1693 1392 1748 insidiis
1427 1689 1718 1760 appetitum
1750 1703 1855 1742 nou

272 1810 397 1850 esse
434 1790 877 1847 commovendum
912 1806 925 1842 :
957 1789 1026 1842 ita
1056 1786 1141 1840 hic
1182 1784 1342 1839 etiam
1392 1796 1496 1836 non
1541 1778 1704 1843 dicit,
1735 1793 1855 1832 eum

275 1903 382 1940 non
409 1899 530 1938 esse
556 1881 858 1936 auditurum
888 1877 1084 1933 malum
1112 1875 1354 1930 nuntium
1379 1913 1393 1940 ,
1426 1870 1519 1926 sed
1546 1869 1852 1923 audientem

273 1977 496 2031 minime
525 1973 949 2028 formidaturum.

347 2069 402 2124 5.
427 2066 610 2136 Atqui
638 2065 747 2128 ﬁet,
773 2072 826 2117 ut
854 2077 960 2116 ηοιι
987 2057 1272 2114 formidet?
1293 2057 1417 2112 Sive
1445 2053 1640 2109 bellum
1671 2049 1859 2106 viderit
1877 2029 1892 2130 λ

274 2159 599 2222 adventare,
645 2159 762 2210 sive
815 2163 972 2209 terrae
1003 2159 1202 2206 motum
1237 2148 1429 2219 oppida
1457 2146 1702 2210 diruere,
1740 2148 1859 2198 sive

277 2252 516 2304 latrones
563 2257 616 2302 et
645 2261 918 2302 murorum
966 2243 1249 2300 ell'ossores
1277 2240 1450 2294 omnia
1482 2239 1689 2307 eripere
1708 2278 1722 2302 ,
1747 2236 1858 2290 sive

276 2339 535 2393 barbaros
577 2337 914 2392 incursiones
963 2333 1172 2396 facere,
1199 2333 1312 2386 sive
1341 2330 1583 2385 morbum
1631 2336 1858 2381 mortem

276 2430 512 2484 minitari
539 2471 554 2495 ,
581 2430 692 2483 sive
721 2429 851 2483 iram
873 2426 1067 2494 iudicis
1092 2466 1108 2490 ,
1139 2425 1250 2477 sive
1274 2422 1645 2492 quodcumque
1667 2418 1818 2498 aliud
1840 2457 1857 2482 ,

277 2523 500 2578 minime
542 2521 886 2580 extimescet;
917 2532 1040 2571 suas
1069 2516 1209 2571 enim
1256 2529 1384 2584 opes
1420 2522 1576 2566 antea
1616 2509 1862 2579 deposuit

277 2615 328 2668 in
370 2614 492 2667 loco
532 2611 826 2673 tutissimo,
863 2617 916 2664 et
944 2623 1010 2663 ex
1047 2622 1153 2677 quo
1197 2621 1300 2660 non
1351 2611 1571 2673 possunt
1599 2601 1730 2670 eripi
1763 2618 1774 2654 :
1808 2609 1862 2653 et

275 2705 588 2760 imminente
630 2711 800 2757 morte
827 2717 932 2756 non
982 2699 1139 2753 modo
1171 2713 1273 2752 non
1307 2696 1490 2749 metuit
1523 2735 1537 2758 ,
1562 2681 1653 2748 sed
1700 2692 1860 2748 etiam

276 2796 494 2850 festinat
519 2794 907 2863 quamprimum
940 2791 990 2844 in
1014 2805 1074 2844 ea
1099 2790 1210 2842 loca
1261 2786 1553 2841 concedere
1574 2828 1588 2850 ,
1621 2784 1706 2837 tibi
1738 2790 1863 2838 sunt

274 2888 393 2954 ejus
421 2899 651 2956 merces.
677 2882 774 2938 Ubi
799 2892 872 2936 est
898 2882 1036 2935 enim
1060 2881 1322 2933 thesaurus
1353 2877 1604 2939 hominis,
1637 2875 1744 2928 illic
1773 2891 1862 2926 cor

277 2981 388 3048 ejus
419 2976 630 3047 (Matth.
666 2976 718 3030 6.
748 2975 862 3042 21).
886 2973 1014 3027 Nam
1060 2973 1102 3024 si
1133 2979 1476 3032 mercatores,
1516 2969 1602 3036 qui
1643 2967 1859 3021 domum

279 3070 445 3127 multa
473 3081 634 3121 onera
665 3065 1055 3134 prmmiseruut,
1079 3069 1365 3132 properant
1395 3058 1630 3129 quotidie
1656 3067 1711 3110 ιιι
1737 3072 1862 3112 suas

279 3160 496 3213 videant
518 3157 765 3211 divitias:
795 3153 961 3208 multo
983 3152 1150 3220 magis
1179 3151 1283 3213 hic,
1307 3150 1395 3218 qui
1429 3150 1477 3201 in
1508 3147 1654 3202 caelis
1674 3161 1863 3201 omnes

285 3262 413 3303 suas
438 3247 706 3301 facultates
733 3255 887 3299 antea
910 3243 1192 3313 deposuit,
1217 3241 1360 3295 volet
1385 3255 1410 3292 a
1437 3239 1595 3294 rebus
1627 3253 1862 3308 praesen-

287 3337 430 3392 tibus
457 3337 668 3390 avulsus
710 3333 777 3389 ad
807 3331 1012 3387 futuras
1060 3330 1334 3384 festinare.
1367 3328 1504 3384 Nihil
1531 3342 1659 3398 ergo
1689 3328 1736 3382 ei
1770 3343 1865 3396 pn-

284 3428 414 3484 terit
457 3428 700 3482 timorem
747 3426 1004 3479 incutere.
1040 3421 1286 3476 Paratum
1313 3437 1399 3475 cor
1431 3421 1540 3491 ejus
1579 3435 1784 3489 sperare
1811 3419 1864 3471 in

283 3520 529 3575 Domino.
568 3520 718 3573 Alius
741 3559 757 3583 ,
787 3517 1020 3570 Firmum
1061 3531 1149 3568 cor
1177 3516 1329 3586 ejus:
1355 3513 1492 3568 idem
1523 3511 1826 3581 signilicans
1846 3551 1862 3576 ,

281 3619 337 3664 et
369 3610 723 3678 interpretans
749 3606 875 3661 illud
895 3647 910 3673 ,
944 3605 1206 3659 Paratum.
1232 3603 1382 3669 Quod
1421 3612 1597 3656 autem
1639 3601 1767 3656 dicit
1785 3609 1866 3654 est

281 3698 590 3768 ejusmodi:
622 3683 762 3750 Nihil
801 3705 884 3750 est
921 3695 1062 3765 quod
1100 3710 1223 3749 eum
1267 3695 1582 3758 labefartct,
1612 3702 1666 3746 et
1705 3691 1864 3745 rebus
1895 3682 1897 3684 ’

286 3789 640 3860 ρτωεειιιίιιιιε
663 3788 904 3842 addicat:
929 3787 1020 3841 sed
1049 3795 1192 3841 totus
1232 3797 1459 3855 quantus
1487 3794 1588 3848 est,
1608 3783 1673 3837 ad
1701 3784 1864 3837 Deum

284 3881 609 3946 extenditur,
632 3891 682 3936 et
711 3896 857 3951 spem
884 3881 1027 3934 illam
1053 3886 1325 3948 exSpectat
1345 3918 1359 3941 ,
1393 3885 1443 3929 et
1477 3877 1526 3929 in
1560 3876 1646 3929 illa
1672 3889 1866 3943 exspe-

283 3975 520 4029 ctatione
565 3983 823 4044 perpetuo
864 3971 1132 4041 deﬁgitur,
1163 3985 1262 4024 nec
1300 3969 1367 4023 ah
1399 3968 1502 4022 ulla
1533 3983 1589 4022 re
1621 3967 1866 4035 prmsenti

285 4069 570 4133 mollescit,
598 4056 893 4130 abducitur,
924 4075 1015 4120 aut
1038 4063 1366 4119 distrahitur.
1393 4062 1549 4116 Tales
1575 4063 1715 4115 enim
1747 4069 1870 4113 sunt

288 4164 622 4230 negotiorum
653 4158 1041 4214 sollicitudines
1073 4175 1086 4210 :
1117 4166 1348 4212 mentem
1376 4155 1652 4218 dividunt,
1683 4163 1736 4208 et
1773 4169 1870 4206 co-

286 4252 597 4321 gitationem
636 4250 958 4326 distrahunt.
994 4249 1225 4304 Necesse
1253 4258 1335 4303 est
1376 4249 1536 4316 igitur
1581 4261 1766 4300 rursus
1791 4244 1872 4297 di-

288 4357 413 4396 cere
460 4342 587 4396 illud
631 4342 994 4411 evangelicum
1023 4359 1034 4393 :
1063 4340 1161 4395 Ubi
1207 4349 1280 4394 est
1308 4339 1572 4391 thesaurus
1601 4336 1830 4390 hominis
1851 4377 1866 4400 ,

291 4435 398 4486 illic
426 4443 498 4487 est
526 4435 673 4487 etiam
698 4449 784 4485 cor
813 4432 928 4501 ejus
955 4431 1164 4504 (Matth.
1195 4431 1246 4484 6.
1275 4430 1386 4498 ⁸21).
1424 4431 1476 4484 8.
1508 4427 1873 4495 Con/innatum

289 4532 362 4576 est
397 4540 484 4577 cor
510 4524 648 4594 ejus,
675 4540 774 4577 non
801 4521 1205 4575 commovebitur.
1241 4520 1430 4574 Vidisti
1460 4534 1580 4574 eum
1629 4518 1716 4587 qui
1743 4517 1875 4570 aedi-

289 4613 417 4665 ficat
463 4628 620 4680 supra
652 4611 880 4680 petram?
907 4610 1043 4678 Quid
1073 4611 1214 4662 enim
1249 4619 1418 4677 potest
1451 4609 1637 4662 timere
1674 4607 1760 4676 qui
1792 4614 1875 4660 est

286 4713 345 4757 et
368 4701 539 4757 nudus
568 4709 622 4758 et
645 4704 934 4765 accinctus,
964 4702 1272 4770 nullamque
1302 4701 1392 4754 ulli
1423 4701 1623 4769 praebet
1649 4698 1875 4751 ansam?

289 4793 420 4862 quid
470 4803 642 4861 potest
689 4794 907 4858 timere,
937 4793 1024 4862 qui
1069 4792 1228 4846 habet
1277 4792 1439 4844 Deum
1481 4791 1796 4844 clementem
1823 4796 1880 4842 et

294 4883 624 4952 propitium?
653 4885 720 4936 ita
767 4893 826 4936 ut
853 4883 1100 4951 utrinque
1130 4882 1199 4935 sit
1243 4890 1388 4935 tutus
1409 4923 1422 4945 ,
1447 4890 1500 4934 et
1537 4896 1600 4932 ex
1645 4893 1878 4948 superno

292 4972 514 5038 auxilio,
543 4983 595 5026 et
617 4988 682 5027 ex
709 4989 793 5040 ea,
827 4974 879 5028 in
905 4990 1007 5044 qua
1037 4973 1122 5027 hic
1153 4974 1369 5028 inferius
1392 4973 1555 5040 degit,
1585 4971 1838 5024 facilitate
1859 5013 1874 5037 ,

292 5079 397 5120 nec
418 5064 704 5134 quidquam
739 5082 861 5121 eum
891 5067 1208 5121 labefactare
1237 5065 1458 5134 poterit,
1491 5081 1596 5118 non
1623 5045 1878 5117 damnum

293 5159 558 5227 pecuniae,
581 5174 683 5214 non
716 5160 929 5228 probra,
955 5175 1059 5213 non
1082 5159 1380 5212 calumniae.
1411 5158 1592 5228 Neque
1621 5160 1763 5211 enim
1795 5157 1880 5210 ha-

296 5251 389 5305 bet
435 5252 485 5304 in
512 5267 616 5321 quo
663 5251 919 5318 lanlatnr,
950 5251 1041 5321 qui
1089 5251 1211 5304 hinc
1253 5251 1303 5303 in
1335 5250 1523 5303 czrlum
1561 5248 1880 5318 commigra-

295 5344 452 5406 verit,
468 5344 518 5396 in
537 5344 807 5413 regionem
825 5343 890 5398 ad
911 5359 1069 5410 quam
1083 5341 1269 5396 sceleri
1288 5352 1336 5395 et
1362 5341 1564 5396 insidiis
1591 5341 1764 5394 nullus
1787 5356 1884 5410 pa-

295 5447 372 5491 tet
393 5437 588 5492 aditus.
620 5436 837 5499 Nam,nt
853 5436 1018 5506 probe
1043 5435 1434 5494 nostis,omnes
1457 5433 1660 5486 insidia:
1694 5447 1883 5502 parati-

295 5538 385 5582 tur
414 5530 496 5582 vel
527 5529 782 5598 pecuniis,
814 5529 892 5583 vel
927 5543 1022 5599 pro
1053 5527 1312 5596 pecuniis,
1343 5534 1397 5578 et
1417 5541 1575 5579 unane
1607 5524 1881 5577 hominum

294 5619 530 5675 studium
556 5621 606 5673 in
633 5619 714 5671 his
745 5619 973 5688 ponitur.
1009 5617 1178 5671 Donec
1209 5616 1449 5685 despiciat
1486 5615 1712 5668 inimicos
1742 5631 1878 5666 suos.

293 5711 425 5775 Quis
457 5721 536 5762 cst
555 5709 672 5777 ejus
700 5708 962 5764 inimicus.
983 5705 1082 5760 nisi
1101 5706 1222 5759 mali
1255 5705 1543 5766 daemones.
1561 5714 1614 5759 et
1640 5704 1751 5771 ipse
1771 5702 1886 5755 dia—

292 5801 468 5856 bolus?
485 5800 537 5855 9.
561 5800 828 5866 Dispersit.
853 5797 987 5853 dedit
1009 5789 1338 5868 pauperibus;
1364 5791 1391 5862 j
1413 5796 1562 5849 :stitia
1590 5793 1694 5861 ejus
1719 5801 1882 5845 manet

1361 359 1716 447 exrosmc.
1751 383 1817 438 ιδ
1859 379 2178 436 PSALMUM
2217 379 2353 434 cxi.

3433 377 3536 434 298

1954 497 2005 550 in
2027 496 2287 550 swculum.
2319 497 2599 565 Postquam
2626 496 2980 566 elecmosynm
3009 506 3061 551 et
3087 497 3456 552 commodandi
3483 508 3538 553 et

1955 589 2238 644 miserendi
2263 590 2520 652 meminit;
2539 598 2664 644 sunt
2691 599 2867 645 autem
2889 591 3071 644 multa:
3102 606 3364 646 mensura:
3391 593 3539 649 elee-

1955 694 2212 751 mosynar;
2246 679 2330 733 hic
2359 680 2499 732 enim
2521 680 2611 733 dat
2651 681 2824 734 minus
2848 721 2862 744 ,
2891 681 2981 736 ille
3009 697 3136 737 vero
3160 684 3390 752 amplius
3416 702 3429 738 :
3453 686 3536 740 vi-

1955 771 2178 826 deamus
2220 788 2504 842 quemnam
2551 773 2678 826 dicit
2732 773 3128 830 misericordem
3155 816 3169 840 ,
3219 793 3413 833 eumne
3448 781 3539 848 qui

1956 863 2158 932 praebet
2198 879 2262 918 ex
2312 863 2653 928 abundantia,
2699 878 2766 917 an
2804 879 2924 918 eum
2965 866 3054 934 qui
3097 881 3222 921 suas
3263 870 3540 925 facultates

1956 955 2221 1010 exhaurit.
2267 957 2479 1010 Certum
2525 967 2603 1010 est
2636 955 2778 1026 quod
2822 972 2942 1012 eum
2975 959 3062 1026 qui
3103 961 3386 1028 exhaurit,
3415 979 3538 1018 eum

1956 1048 2046 1116 qui
2077 1063 2133 1100 re
2163 1062 2255 1100 sua
2279 1047 2498 1116 largiter
2524 1048 2690 1101 utitur
2721 1065 2734 1100 :
2767 1047 2906 1117 quod
2939 1051 3097 1104 etiam
3131 1051 3324 1106 Paulus
3348 1056 3539 1123 qumrit

1957 1139 2142 1194 dicens
2173 1156 2185 1192 :
2217 1138 2314 1203 Qui
2344 1141 2554 1192 seminat
2581 1143 2634 1191 in
2661 1139 3082 1194 benedictionibus
3101 1183 3116 1207 ,
3149 1152 3294 1196 metet
3315 1146 3460 1198 etiam
3489 1147 3540 1200 in

1958 1229 2379 1283 benedictionibus
2412 1230 2484 1300 (9..
2523 1225 2644 1282 Cor.
2677 1231 2729 1284 9.
2777 1231 2856 1300 6).
2887 1229 3019 1285 Vide
3063 1241 3242 1286 autem
3273 1236 3542 1302 quomodo

1961 1320 2220 1390 propheta
2249 1322 2450 1390 optime
2474 1335 2598 1374 usus
2621 1330 2700 1374 est
2725 1320 3048 1382 dictionibus
3072 1323 3110 1376 ί.
3135 1322 3250 1377 Non
3285 1324 3428 1379 enim
3459 1326 3542 1380 di-

1965 1413 2081 1477 xit,
2111 1411 2262 1466 Dedit
2286 1453 2302 1476 ,
2330 1411 2411 1466 vel
2432 1453 2448 1477 ,
2476 1411 2753 1466 DiSIribnit
2771 1454 2786 1478 ,
2811 1411 2935 1479 scd,
2967 1410 3216 1483 Dispersi!
3237 1456 3252 1478 ,
3279 1415 3438 1470 simul
3488 1426 3543 1470 et
3631 1409 3636 1414 ’

1960 1503 2077 1571 ejus
2104 1503 2192 1572 qui
2224 1501 2423 1570 przebet
2454 1502 2748 1572 largitatem
2780 1503 3088 1567 ostendens,
3119 1512 3171 1558 et
3191 1517 3305 1558 rem
3327 1519 3545 1560 semen-

1963 1605 2070 1651 tcm
2101 1594 2399 1648 nominans.
2420 1594 2577 1648 Tales
2602 1594 2742 1647 enim
2770 1603 2892 1648 sunt
2913 1595 3001 1662 qui
3021 1594 3312 1649 seminant:
3338 1595 3547 1666 disper-

1959 1694 2091 1757 gunt
2110 1701 2226 1755 qum
2249 1695 2373 1739 sunt
2399 1685 2628 1753 reposita
2647 1725 2662 1750 ,
2691 1694 2742 1739 et
2769 1700 2887 1754 qua:
2916 1694 3037 1738 sunt
3059 1686 3336 1740 manifesta
3358 1687 3546 1743 dimitv

1965 1784 2082 1830 tum
2105 1783 2162 1829 ιιι
2190 1775 2361 1829 futura
2395 1775 2681 1846 accipiant.
2721 1775 2832 1829 lloc
2859 1786 2942 1830 est
2970 1775 3284 1832 collccﬁonc
3316 1779 3538 1833 melius:

1963 1867 2032 1920 ita
2060 1867 2200 1921 enim
2223 1866 2528 1936 dispergere
2550 1867 2716 1922 multo
2742 1867 2934 1922 melius
2955 1875 3058 1933 est,
3081 1883 3240 1936 quam
3267 1870 3541 1940 colligere.

1967 1957 2354 2027 Disperguutnr
2381 1957 2619 2028 pecunia:
2641 1997 2654 2023 ,
2687 1966 2740 2011 et
2769 1957 3038 2027 colligitur
3062 1957 3265 2028 justitia
3301 1960 3548 2031 :gdisper-

1962 2058 2157 2119 guntur
2183 2064 2302 2119 quae.
2350 2063 2453 2102 non
2496 2060 2746 2116 manent,
2779 2059 2835 2104 ut
2872 2049 3212 2120 acquirantur
3254 2054 3545 2110 manentia.

1965 2142 2079 2197 lloc
2115 2142 2285 2212 ipsum
2332 2142 2528 2196 faciunt
2569 2142 2726 2196 etiam
2757 2142 3025 2212 agricolae.
3074 2142 3177 2198 Sed
3227 2144 3299 2198 illi
3329 2145 3546 2216 quidem

1965 2249 2060 2303 pro
2101 2234 2317 2289 incertis
2347 2252 2361 2299 ;
2392 2243 2474 2288 est
2501 2235 2642 2289 enim
2675 2243 2813 2289 terra
2842 2251 2961 2306 qute
2999 2238 3256 2307 suscipit:
3290 2247 3344 2293 tu
3366 2250 3545 2296 autem

1911 2349 1915 2352 ·
1964 2326 2018 2380 in
2047 2341 2204 2380 manu
2238 2326 2351 2390 Dei,
2377 2326 2514 2380 unde
2537 2326 2646 2381 ﬁeri
2676 2342 2780 2381 non
2807 2336 2980 2396 potest
3003 2339 3059 2382 ut
3085 2329 3295 2410 perdas.
3321 2329 3550 2398 Quando

1963 2432 2090 2486 ergo
2118 2416 2314 2473 videris
2344 2434 2530 2472 aurum
2572 2433 2693 2474 esse
2736 2419 3020 2489 pulchrum
3046 2462 3060 2484 ,
3081 2431 3135 2476 et
3159 2422 3358 2477 veritus
3387 2421 3553 2479 fueris

1966 2508 2015 2561 id
2046 2509 2237 2578 ejicere
2259 2551 2274 2574 ,
2307 2510 2523 2564 veniant
2575 2510 2668 2565 tibi
2697 2511 2746 2564 in
2779 2521 3012 2566 mentem
3056 2513 3088 2567 ii
3120 2514 3208 2584 qui
3240 2515 3505 2570 semiaant
3531 2559 3548 2581 ,

1966 2597 1998 2651 ii
2029 2599 2117 2667 qui
2157 2598 2508 2665 fleuerantur,
2536 2600 2567 2653 ii
2598 2601 2686 2670 qui
2713 2611 3040 2656 mercaturas
3069 2615 3322 2659 exercent
3347 2646 3361 2667 ,
3391 2606 3478 2676 qui
3518 2622 3550 2660 a

1965 2698 2175 2757 sumptu
2197 2699 2249 2742 et
2278 2689 2532 2759 impensis
2555 2691 2809 2759 incipiunt
2835 2732 2848 2753 ,
2879 2706 2998 2745 cum
3033 2701 3206 2746 tamen
3240 2693 3460 2749 incertis
3487 2709 3555 2750 ea

1967 2780 2126 2834 rebus
2151 2781 2511 2836 committant:
2538 2797 2658 2836 nam
2677 2791 2729 2836 et
2756 2782 2945 2836 fluctus
2971 2792 3023 2836 et
3047 2792 3199 2836 terra:
3217 2785 3384 2850 sinus,
3403 2784 3550 2839 debi-

1968 2878 2248 2940 torumque
2273 2873 2608 2942 syngraphce,
2641 2873 2818 2927 omnia
2848 2885 2968 2928 sunt
2992 2875 3210 2928 incerta.
3231 2874 3384 2946 Srpe
3405 2879 3547 2930 enim

1968 2963 2018 3015 in
2067 2972 2210 3016 sorte
2257 2963 2509 3016 damnum
2563 2973 2882 3032 acceperunt
2922 2965 3314 3020 fmueratores:
3359 2967 3548 3022 czrlum

1966 3063 2142 3105 autem
2170 3052 2255 3122 qui
2279 3053 2404 3106 colit
2427 3052 2678 3122 agricola,
2696 3054 2822 3107 nihil
2849 3053 3037 3108 horum
3063 3057 3264 3120 metuit,
3290 3056 3382 3110 sed
3404 3069 3455 3112 et
3483 3056 3552 3112 de

1967 3152 2111 3196 sorte
2132 3183 2146 3208 ,
2178 3151 2232 3196 et
2259 3142 2327 3196 de
2369 3143 2573 3198 foenore
2603 3152 2779 3213 potest
2822 3159 2942 3199 eSse
2967 3159 3187 3200 securus
3206 3186 3222 3211 ,
3259 3147 3302 3200 si
3331 3147 3434 3202 hoc
3463 3148 3549 3202 di-

1968 3233 2195 3288 cendum
2234 3234 2303 3288 sit
2347 3234 2520 3289 fmnus
2559 3243 2614 3290 et
2639 3251 2743 3289 non
2789 3245 2934 3291 sorte
2962 3237 3119 3306 longe
3145 3238 3391 3308 amplius.
3424 3239 3562 3296 Sors

1968 3325 2111 3378 enim
2139 3334 2221 3379 est
2267 3325 2528 3394 pecunia;
2577 3325 2750 3381 fumus
2786 3335 2962 3382 autem
3008 3343 3229 3397 regnum
3276 3331 3551 3384 czelorum.

1972 3415 2159 3470 Vidisti
2205 3423 2443 3469 naturam
2492 3417 2704 3482 mutui,
2754 3417 2896 3487 quod
2939 3417 3098 3474 habet
3143 3435 3359 3476 usuram
3407 3432 3556 3479 sorte

1971 3505 2125 3575 longe
2171 3505 2471 3576 majorem?
2501 3507 2568 3562 Et
2597 3507 2713 3563 lucc
2750 3508 2964 3578 quidem
3013 3511 3064 3564 in
3097 3511 3274 3566 futuro
3299 3531 3313 3567 :
3338 3513 3389 3567 in
3423 3531 3558 3583 prae-

1969 3600 2103 3652 senti
2133 3609 2308 3654 autem
2341 3615 2582 3670 magnam
2607 3601 2907 3656 libertatem
2934 3605 3298 3673 consequeris,
3332 3605 3440 3661 eris
3467 3622 3555 3660 rc-

1971 3701 2149 3745 mutus
2195 3692 2264 3744 ab
2302 3692 2551 3746 unniibus
2597 3692 2803 3747 insidiis
2827 3734 2842 3759 ,
2877 3693 3319 3750 calumniatorum
3346 3704 3400 3750 et
3430 3697 3560 3750 insi-

1971 3785 2235 3839 diatorum
2279 3786 2627 3854 cupiditatem
2673 3786 3017 3856 exstingues;
3048 3785 3195 3840 vives
3226 3802 3413 3843 secure
3444 3798 3556 3841 toto

1974 3876 2094 3929 vita:
2129 3884 2388 3944 tempore.
2419 3885 2475 3929 ut
2498 3876 2588 3945 qui
2610 3891 2706 3930 nec
2730 3877 2942 3945 angaris
2971 3876 3330 3932 sollicitudine
3359 3879 3426 3933 de
3453 3882 3556 3933 tuis

1975 3969 2146 4033 bonis,
2165 3979 2221 4023 et
2239 3985 2332 4038 spe
2355 3971 2648 4025 futurorum
2673 3970 2932 4024 bonorum
2967 3970 3208 4039 erigaris.
3239 3970 3409 4026 Cornu
3449 3975 3558 4044 ejus

1974 4063 2273 4116 exaltabitur
2321 4063 2372 4116 in
2426 4063 2610 4133 gloria.
2641 4061 2792 4128 Quod
2823 4071 2906 4118 est
2948 4063 3177 4118 maxime
3203 4067 3558 4134 expetendum

1977 4155 2299 4218 hominibus,
2317 4155 2419 4211 hoc
2449 4156 2595 4224 ponit
2615 4155 2848 4220 assidue,
2873 4155 3212 4224 splendorem
3235 4166 3289 4211 et
3313 4157 3560 4226 gloriam,

1977 4266 2093 4316 qua:
2130 4257 2181 4302 et
2210 4248 2317 4302 illic
2352 4263 2447 4303 eos
2475 4248 2704 4316 excipiet
2724 4289 2738 4310 ,
2766 4257 2820 4302 et
2852 4249 2937 4302 hic
2975 4247 3052 4302 eis
3073 4247 3245 4302 aderit
3271 4248 3480 4304 abunde
3510 4260 3570 4305 et

1973 4343 2212 4404 leuiter.
2254 4339 2424 4394 Nemo
2471 4347 2554 4394 est
2578 4340 2719 4394 enim
2751 4338 2887 4394 adeo
2917 4339 3092 4393 clarus
3138 4347 3192 4392 et
3223 4338 3474 4408 insignis,
3504 4350 3565 4395 ut

1979 4445 2302 4483 lliiSCl’lCOl‘S.

2049 4523 2102 4576 6.
2131 4522 2193 4576 Et
2222 4521 2264 4576 si
2307 4523 2416 4586 vis,
2446 4520 2630 4590 accipe
2672 4534 2766 4575 eos
2791 4519 2880 4589 qui
2922 4519 2972 4574 in
3015 4519 3160 4575 circo
3183 4528 3236 4574 et
3263 4521 3312 4574 in
3343 4519 3564 4578 theatris

1981 4625 2181 4670 temere
2217 4630 2311 4668 sua
2355 4623 2682 4668 consumunt
2715 4629 2730 4668 :
2759 4612 2862 4667 duc
2901 4613 2953 4666 in
2983 4612 3216 4667 medium
3256 4614 3562 4669 misericor-

1980 4707 2103 4761 dem
2126 4747 2139 4769 ,
2171 4715 2225 4760 et
2269 4714 2394 4759 tunc
2426 4703 2628 4757 videbis
2657 4713 2888 4772 quantus
2915 4703 2984 4757 sit
3014 4704 3292 4773 utriusque
3322 4702 3524 4759 fructus
3551 4721 3566 4769 ;

1979 4797 2248 4868 quomodo
2272 4812 2392 4850 eum
2421 4795 2634 4866 quidem
2663 4808 2852 4848 omnes
2879 4802 3135 4863 perpetuo
3166 4793 3377 4848 laudant
3404 4796 3570 4848 etad-

1984 4890 2262 4954 mirautur,
2281 4901 2620 4940 communem
2642 4894 2843 4955 patrem
2861 4893 2916 4938 et
2938 4895 3147 4954 portum
3167 4886 3534 4940 existimantes
3555 4905 3568 4940 :

1984 4982 2056 5034 illi
2088 4988 2266 5034 autem
2295 4993 2416 5033 cum
2446 4977 2534 5031 illa
2573 4977 2749 5030 solum
2775 4974 2863 5030 die
2894 4977 3199 5045 importuno
3235 4975 3462 5044 quodam
3513 4987 3570 5029 et

1988 5072 2272 5130 temerario
2321 5074 2520 5139 impetu
2569 5067 2966 5140 applauscrint,
3004 5076 3184 5136 postea
3216 5067 3572 5120 criminantur

1989 5179 2036 5219 ιιι
2061 5163 2332 5218 crudelem
2347 5170 2402 5217 et
2423 5161 2791 5224 inhumanum,
2815 5169 2872 5213 ut
2898 5157 3070 5214 inanis
3092 5157 3274 5226 gloriae
3295 5156 3568 5225 cupidum,

1988 5268 2045 5312 ut
2070 5254 2494 5323 intemperantia:
2522 5253 2930 5318 ministrum,,ct
2955 5263 3168 5304 servum
3193 5247 3581 5318 improbitatis..
3647 5275 3655 5286 ·

1987 5348 2090 5404 Sed
2119 5357 2174 5402 et
2219 5347 2262 5401 si
2308 5346 2362 5400 in
2406 5345 2755 5400 conventibus
2785 5340 3104 5411 quandoque
3145 5339 3213 5394 de
3239 5338 3402 5393 rebus
3428 5339 3576 5409 ejus-

1993 5439 2134 5492 modi
2188 5438 2380 5506 agitur,
2411 5435 2624 5490 illorum
2670 5432 2883 5502 quidem
2933 5439 3187 5486 notantur
3214 5440 3494 5500 sumptus,
3524 5441 3578 5487 et

1993 5529 2456 5600 reprehenduntur
2477 5528 2766 5598 lmpensm;
2803 5525 2901 5579 hos
2929 5532 3106 5578 autem
3139 5536 3296 5578 nemo
3335 5531 3417 5576 cst
3445 5522 3579 5578 adeo

2031 5739 2074 5794 ,ι
2113 5743 2258 5796 Heg”
2292 5729 2480 5792 optimis
2513 5743 2626 5779 usus
2657 5733 2725 5777 est
2762 5723 3048 5796 dictionibus
3069 5734 3099 5796 ;Δ
3121 5719 3209 5771 sed
3250 5721 3423 5772 melior
3455 5722 3582 5776 liditi

2000 5791 2146 5849 lectio
2173 5784 2262 5853 est,
2288 5784 2576 5858 quamquam
2603 5796 2764 5852 ros-set
2789 5789 2934 5838 etiam
2960 5784 3039 5835 illa
3063 5792 3221 5835 stare.
3523 5808 3534 5817 ε
