4064 6412
543 295 650 349 lIll.)

539 400 821 478 impudens
847 417 899 463 et
923 410 1214 463 sceleratus
1234 446 1248 468 ,
1281 408 1367 477 qui
1399 408 1607 463 etiamsi
1633 408 1701 462 sit
1724 408 1912 463 millies
1932 408 2125 464 crude-

540 506 603 556 llS
630 510 683 556 et
712 502 1053 565 inhumanus,
1086 516 1188 552 non
1221 498 1400 554 laudet
1425 509 1479 554 et
1504 499 1813 554 admiretur.
1849 499 2127 568 Ejusmodi

539 597 681 648 enim
710 609 794 648 res
824 602 907 646 est
933 592 1097 645 virtus
1116 630 1131 654 ,
1158 602 1216 643 ut
1243 590 1405 645 etiam
1433 591 1501 645 ab
1524 591 1587 644 iis
1612 591 1704 659 qui
1735 590 1875 644 illam
1907 605 2010 644 norl
2039 603 2126 644 se-

535 695 769 756 quuntur
811 684 1090 737 laudetur:
1124 681 1570 751 quemadmodum
1611 681 1795 735 vitium
1844 681 1910 735 iis
1964 681 2125 735 etiam

534 777 620 843 qui
653 776 700 828 ci
731 783 851 827 sunt
882 773 1080 834 dediti.
1116 774 1187 825 sit
1214 787 1441 826 exosum
1469 780 1524 825 et
1573 771 1989 839 reprehensione
2016 771 2129 838 ple-

535 881 681 919 num.
714 864 891 933 Itaque
914 864 1032 916 illos
1053 863 1265 932 quidem
1291 877 1392 917 nec
1419 863 1451 916 ii
1479 862 1568 933 qui
1593 862 1858 931 accipiunt
1878 861 2089 915 laudant
2107 902 2122 926 ,

533 956 840 1010 meretrices
863 996 879 1019 ,
912 955 1125 1021 inquam
1151 994 1167 1017 ,
1198 955 1396 1025 auriga:
1424 995 1439 1017 ,
1470 963 1525 1007 et
1549 954 1828 1007 saltatores
1850 994 1865 1019 ,
1909 952 2000 1006 sed
2032 967 2126 1007 eos

529 1050 689 1103 etiam
720 1048 1048 1102 insectantur
1080 1063 1093 1099 :
1123 1045 1262 1099 hunc
1293 1054 1469 1100 autem
1517 1060 1621 1099 non
1658 1044 1831 1098 solum
1862 1058 2124 1113 pauperes

528 1141 614 1208 qui
643 1147 987 1208 acceperunt,
1020 1136 1113 1191 sed
1146 1137 1180 1189 ii
1202 1135 1361 1190 etiam
1385 1134 1450 1190 ad
1474 1150 1608 1205 quos
1636 1133 1763 1187 nihil
1788 1134 1941 1187 rediit
1971 1148 2033 1188 es
2063 1133 2124 1187 li-

532 1230 807 1283 beralitate
833 1242 1021 1282 omnes
1042 1227 1374 1281 mirabuntur
1396 1234 1449 1280 et
1477 1225 1747 1278 amabunt.
1773 1223 1859 1278 10.
1883 1221 2123 1277 Peccator

525 1321 710 1376 ridebit
740 1330 786 1376 et
813 1324 1057 1374 irascetur
1077 1318 1339 1385 :dentibus~
1367 1317 1472 1370 suis
1497 1317 1673 1385 fremet
1700 1324 1747 1368 ct
1776 1315 2007 1368 tabescet.
2025 1314 2121 1368 Ta-

529 1414 595 1465 lis
624 1427 711 1465 res
739 1421 825 1466 e~t
852 1411 1019 1463 virtus
1042 1425 1056 1465 :
1077 1409 1204 1463 vitio
1228 1407 1401 1478 gravis
1420 1416 1475 1462 et
1506 1407 1745 1459 inolesta.
1768 1403 2122 1472 Quemadmo-

527 1506 652 1555 dum
682 1501 821 1556 enim
854 1501 989 1570 ignis
1016 1498 1263 1553 accendit
1293 1498 1497 1567 Spinas,
1531 1495 1601 1550 ita
1631 1495 1789 1550 etiam
1823 1495 2120 1564 benignitas

528 1594 732 1647 feroces
758 1591 1001 1645 homines
1031 1590 1202 1644 irritat
1233 1605 1247 1641 :
1279 1603 1341 1643 ea
1372 1588 1514 1641 enim
1559 1587 1768 1640 illorum
1808 1586 2117 1655 improbita-

527 1696 632 1738 tem
666 1681 1007 1751 reprehendit
1029 1692 1081 1736 et
1109 1689 1347 1735 accusat.
1378 1678 1483 1734 Sed
1535 1677 1655 1731 vide
1699 1692 1820 1733 eum
1844 1719 1858 1743 ,
1903 1692 1969 1730 ne
1996 1692 2116 1731 cum

525 1774 723 1829 invidia
751 1772 967 1843 quidem
1003 1770 1295 1826 extabescit
1320 1809 1336 1834 ,
1364 1767 1561 1823 audere
1599 1782 1854 1822 accusare
1876 1807 1891 1833 ,
1924 1777 1975 1822 et
2004 1767 2118 1821 cla-

526 1879 643 1920 rum
672 1864 879 1918 virtutis
914 1874 1187 1932 aspectum
1220 1860 1440 1923 intueri,
1469 1859 1565 1915 sed
1593 1869 1779 1913 mente
1807 1858 2019 1928 quidem
2052 1856 2114 1911 li-

525 1970 803 2025 quescere,
830 1965 885 2010 et
906 1955 1156 2010 dentibus
1183 1952 1425 2009 dolorem
1451 1953 1755 2019 ostendere,
1782 1966 1887 2006 non
1917 1950 2118 2008 audere

523 2060 700 2101 anzem
724 2047 941 2101 verbum
966 2044 1225 2114 proferre,
1240 2044 1335 2099 sed
1368 2053 1568 2098 tantum
1590 2044 1708 2114 angi
1727 2052 1782 2098 et
1800 2043 2112 2098 excruciari.

607 2138 722 2190 t'itii
750 2137 980 2207 {inditas}
1004 2134 1202 2190 virtutis
1226 2135 1488 2204 splendor.
1510 2164 1581 2174 —
1610 2135 1738 2189 Tale
1765 2143 1848 2189 est
1864 2134 2006 2189 enim
2036 2134 2118 2187 vi-

532 2240 666 2281 uum
694 2227 939 2283 :etiamsi
962 2226 1027 2280 ad
1057 2227 1168 2296 ipsa
1203 2236 1410 2294 sceptra
1433 2224 1753 2292 ascenderit,
1784 2234 1838 2279 et
1853 2226 2000 2293 juxta
2023 2240 2116 2280 eos

520 2339 547 2373 δ
571 2322 747 2386 etet-it,
770 2335 999 2391 quorum
1026 2327 1147 2372 sunt
1163 2318 1333 2388 capita
1349 2318 1522 2373 cincta
1546 2317 1866 2382 diademate,
1883 2330 1965 2374 cst
1987 2333 2109 2371 om-

520 2414 666 2465 nium
687 2411 1121 2480 abjectissimum,
1150 2417 1204 2462 et
1224 2409 1453 2463 maxime
1494 2407 2003 2472 formidoIOsunt,'ct
2041 2409 2115 2462 si-

522 2503 647 2558 mile
673 2512 753 2557 est
773 2501 1189 2570 alicuistrepitui
1215 2515 1278 2554 ac
1293 2499 1557 2561 lumnltui,
1578 2508 1633 2554 et
1651 2501 1781 2553 mari
1807 2500 2111 2565 insanienti,

519 2596 727 2650 etiamsi
752 2594 821 2649 sit
847 2594 1075 2648 maxima
1091 2594 1341 2662 stipatum
1362 2591 1597 2662 potentia
1620 2610 1634 2646 :
1657 2592 2109 2661 quemadmodum

520 2688 691 2741 virtus
734 2702 766 2742 e
810 2685 1095 2741 contrario.
1127 2685 1258 2739 Nam
1307 2685 1428 2739 licet
1459 2683 1524 2737 ad
1567 2694 1860 2738 extremam
1892 2684 2104 2738 redacta

519 2782 589 2832 sit
619 2779 868 2848 inopiam,
904 2786 955 2832 et
982 2777 1051 2831 sit
1080 2776 1132 2830 in
1162 2777 1276 2845 ipso
1305 2791 1552 2842 caret-re,
1585 2785 1666 2830 est
1696 2776 1908 2844 regibus
1937 2776 2115 2844 splen-

518 2869 715 2936 didior,
742 2882 1040 2939 magnaque
1062 2868 1251 2922 {ruitur
1276 2868 1582 2932 securitate,
1607 2882 1669 2920 ac
1694 2866 1845 2919 sedet
1876 2867 1927 2918 in
1959 2875 2112 2934 porttt

518 2960 680 3015 nullis
727 2960 927 3029 agitato
956 2960 1230 3021 ﬂuctibus,
1266 2973 1370 3010 non
1430 2957 1588 3010 modo
1627 2956 1754 3009 nihil
1803 2958 2010 3025 patiens
2045 2957 2113 3011 ab

518 3051 796 3121 improbis,
815 3050 907 3104 sed
932 3050 1014 3103 vel
1042 3050 1155 3120 ipso
1175 3049 1389 3103 silentio
1412 3048 1591 3101 ulcisci
1609 3057 1795 3116 potens
1814 3045 2107 3116 improbus,

515 3160 569 3199 et
621 3145 687 3199 de
741 3144 1078 3213 improbitate
1125 3152 1397 3197 extremas
1447 3155 1632 3209 pinnas
1685 3139 1923 3209 exigens.
1972 3137 2109 3206 Quid

528 3235 671 3287 enim
704 3234 951 3287 miserius
980 3233 1194 3286 lnunine
1224 3247 1344 3286 esse
1389 3241 1560 3299 petest
1584 3272 1599 3295 ,
1627 3226 1723 3299 qui
1749 3231 1870 3283 \ivit
1910 3230 1959 3282 in
1987 3244 2110 3283 sce-

520 3325 651 3390 lere,
683 3323 896 3394 quando
928 3334 1276 3392 praeterquam
1300 3321 1441 3391 quod
1480 3322 1680 3375 serviat
1703 3321 1972 3388 peetmiis,
2004 3334 2111 3373 cae-

517 3428 860 3486 tet-urmnque
891 3413 1099 3468 latidem
1125 3428 1274 3467 suam
1307 3426 1517 3482 pinnam
1540 3411 1842 3477 existimat,
1864 3419 1918 3464 et
1940 3412 2052 3480 ipse
2077 3425 2107 3464 τι

436 3502 449 3511 ’
518 3510 698 3580 seipse
725 3506 1040 3576 supplicium
1068 3505 1259 3575 exigit,
1289 3518 1439 3557 suam
1462 3501 1841 3557 conscientiam
1865 3501 2070 3555 lanians
2091 3542 2107 3566 ,

521 3609 753 3653 tuentem
782 3596 1115 3659 excrucians,
1138 3606 1192 3648 et
1220 3594 1454 3663 seipsum
1486 3592 1587 3647 sibi
1617 3592 1921 3646 carnilieem
1951 3592 2104 3645 exhi-

524 3690 698 3743 lens?
729 3688 912 3743 \‘idisti
945 3687 1153 3741 \irtulis
1183 3684 1552 3742 excellentiam
1582 3692 1636 3738 et
1663 3682 1992 3753 potentiam?
2023 3683 2102 3736 \i-

517 3782 640 3835 disti
667 3780 1080 3835 imbecillitatem
1102 3786 1158 3833 et
1182 3777 1450 3832 miseriam
1479 3773 1766 3845 nequitiae?
1792 3773 1896 3828 Sed
1927 3789 2033 3828 non
2056 3775 2108 3828 in

523 3874 627 3928 huc
647 3874 762 3927 solo
787 3873 903 3942 ejus
948 3870 1191 3925 consistit
1217 3869 1492 3923 calamitas
1518 3909 1530 3931 ,
1557 3867 1651 3922 sed
1682 3867 1841 3922 etiam
1890 3866 1941 3920 in
1988 3866 2110 3921 aliis

522 3970 796 4036 patribus:
827 3967 967 4036 quod
1007 3967 1177 4035 ipsum
1217 3978 1427 4035 quoque
1454 3951 1757 4032 signiﬁcans
1796 3960 2108 4027 subiunxit,

519 4060 704 4123 dicens
731 4075 743 4111 :
773 4057 1088 4111 Desiderium
1116 4065 1435 4125 peccatorum
1464 4055 1658 4125 peribit.
1691 4053 1827 4121 Quid
1856 4063 1935 4108 est
1956 4094 1970 4118 ,
2006 4052 2109 4106 Dc-

521 4150 759 4202 sidcrimn
796 4158 1116 4217 peccatorum
1150 4146 1370 4214 peribit?
1396 4144 1715 4213 Numquam,
1741 4144 1929 4212 inquit,
1962 4143 2105 4197 sisti-

524 4250 627 4294 tur.
659 4240 790 4308 Quia
812 4239 954 4293 enim
981 4253 1043 4293 ea
1073 4254 1192 4307 qua:
1234 4236 1504 4291 desiderat
1525 4276 1539 4296 .
1563 4247 1682 4289 sunt
1717 4233 1854 4288 ﬂuxa
1891 4243 1946 4289 et
1971 4250 2103 4302 prae.

524 4331 893 4395 terrm-rentia,
916 4329 1238 4384 desiderium
1260 4341 1473 4396 quoque
1500 4340 1586 4379 res
1608 4326 1860 4390 imitatur,
1884 4335 1939 4377 ut
1967 4322 2107 4393 quod

519 4426 886 4493 exstlnguatur
925 4431 979 4476 et
1021 4429 1238 4489 pereat,
1268 4427 1325 4472 et
1367 4418 1562 4471 nullam
1612 4416 1842 4469 radicem
1893 4414 2105 4468 habeat.

519 4519 672 4586 Quid
703 4518 745 4572 si
774 4518 891 4571 talis
916 4524 1000 4571 est
1024 4514 1112 4569 hie
1139 4511 1432 4583 peccatoris
1458 4520 1625 4563 status
1644 4551 1656 4568 .
1690 4508 1860 4577 cogita
1878 4522 2108 4577 quonam

522 4611 682 4665 nmdo
709 4624 769 4663 se
794 4608 1008 4663 habebit
1037 4608 1088 4660 in
1137 4606 1314 4659 futuro
1342 4603 1558 4657 saeculo.
1599 4601 1673 4656 Ne
1712 4601 1827 4654 lucc
1854 4615 1983 4671 ergo
2013 4613 2075 4668 με

523 4703 738 4761 tiamur,
770 4697 909 4750 hanc
938 4697 1075 4749 viam
1107 4695 1371 4765 fugiamus
1391 4735 1405 4760 ,
1438 4694 1583 4746 illam
1614 4693 1873 4762 eligamus
1899 4731 1912 4757 ,
1942 4691 1992 4744 in
2022 4688 2109 4743 illa

522 4800 781 4861 perpetuo
808 4788 1131 4859 gradiantur,
1164 4795 1272 4841 tuta
1294 4829 1308 4852 ,
1339 4786 1751 4855 inexpugnabili.
1779 4785 1930 4853 plena
1955 4783 2106 4836 volu-

522 4884 704 4953 ptatis,
730 4898 849 4951 qua:
895 4877 1086 4934 referta
1115 4888 1195 4932 est
1216 4879 1382 4947 gloria
1403 4919 1418 4941 ,
1452 4894 1569 4947 qua:
1594 4877 1782 4929 caelum
1827 4873 1981 4929 nobis
2015 4890 2108 4927 ac-

519 4976 706 5046 quirit,
734 4989 849 5043 quae
882 4972 933 5024 in
961 4970 1207 5024 omnibus
1232 4969 1323 5024 Dei
1352 4969 1504 5023 nobis
1533 4967 1953 5022 benevolentiam
1981 4983 2110 5020 con-

520 5069 684 5131 ci'iat,
716 5077 836 5134 qtue
864 5061 989 5117 facit
1032 5070 1088 5115 ut
1134 5059 1588 5129 philosophetunr,
1620 5075 1737 5126 qtltl‘
1767 5070 1842 5111 tot
1884 5071 1938 5112 et
1967 5066 2109 5115 tanta

521 5162 574 5214 in
603 5175 660 5213 se
692 5157 827 5210 bona
855 5154 1121 5217 continet,
1153 5161 1347 5222 quanta
1397 5166 1464 5205 ne
1506 5161 1676 5204 malm
1701 5151 1916 5219 quidem
1941 5151 2111 5218 expli-

520 5267 642 5305 care
666 5251 859 5320 poterit
884 5267 896 5301 :
930 5262 1049 5318 quae
1073 5246 1230 5300 detur
1258 5245 1504 5300 omnibus
1532 5243 1687 5297 nobis
1709 5243 1965 5311 cense-pii
1989 5259 2110 5311 gra-

522 5350 589 5397 lta
615 5351 672 5394 et
702 5337 1094 5400 misericordia,
1118 5345 1222 5390 ete.

999 5444 1065 5503 IN
1107 5446 1424 5503 ιιδΑωίωι
1465 5444 1620 5500 CX".

522 5539 568 5589 ί.
621 5538 864 5603 Landate,
900 5540 1063 5608 pueri,
1107 5536 1399 5600 Dominum,
1441 5536 1644 5589 laudate
1672 5549 1851 5587 nomen
1882 5531 2103 5587 Domini.

600 5650 643 5702 l.
679 5646 810 5700 Laus
857 5652 952 5712 Dei
996 5650 1115 5722 quid
1162 5650 1466 5723 diﬁcullatis
1499 5648 1712 5710 habent;
1765 5662 1945 5699 nomen
2002 5643 2106 5697 Dav

529 5732 647 5786 ηεξηὶ
700 5751 778 5800 3W
829 5759 913 5796 nos
964 5755 1014 5798 u!
1055 5743 1461 5812 glet'iﬁcaudum.
1525 5767 1592 5798 ~+r
1638 5740 1811 5796 Multa!
1859 5737 1912 5793 in
1954 5738 2100 5795 Scri-

1252 295 1307 349 S.
1350 293 1626 349 JU.\N.\'lS
1664 292 2112 354 CllllYSOSTUM

2220 294 2503 355 .ltClllEP.
2542 298 3083 360 CONSTANTINOP.
3693 317 3777 373 390

2238 411 2409 480 pluris
2482 411 2786 482 huiusmodi
2855 416 3039 473 laudes
3108 432 3589 477 commemorantur
3637 444 3647 477 :
3692 444 3776 482 una

2232 511 2315 556 est
2359 502 2499 557 enim
2545 505 2674 574 quid
2723 505 2839 562 leve
2869 547 2882 571 ,
2957 509 3052 563 sed
3125 507 3440 566 sacriﬁcium
3501 517 3738 583 quoddam:
3764 559 3776 583 ,

2233 602 2290 647 et
2345 593 2545 649 oblatio
2600 596 2709 649 Deo
2733 607 2950 667 accepta
3002 619 3016 652 :
3062 600 3385 669 Sacriﬁcium
3412 605 3571 669 enim,
3621 608 3778 676 inquit,

2233 684 2403 741 laudis
2454 686 2760 757 gloriﬁcabit
2813 707 2891 745 mc
2948 690 3122 763 (Psal.
3180 695 3267 748 49.
3319 697 3435 763 25).
3493 699 3555 752 Ει
3583 716 3777 755 rttrStts:

2233 775 2475 832 Laudabo
2522 795 2702 833 nomen
2749 780 2844 835 Dei
2890 784 2989 837 mei
3037 801 3155 837 cum
3200 788 3396 842 cantico
3420 830 3435 854 ,
3484 793 3780 862 mttgniﬁmbo

2229 870 2396 937 ipsum
2425 871 2476 923 in
2508 871 2659 925 laude
2685 890 2703 926 :
2733 882 2780 926 et
2821 875 3032 942 placebit
3070 875 3181 931 Deo
3221 895 3373 945 super
3404 881 3603 934 vitulum
3638 894 3782 937 itaret-

2233 960 2373 1023 lunt,
2414 976 2610 1016 cornua
2650 964 3007 1031 prodeuntem
3046 976 3094 1020 et
3132 970 3351 1038 ungulas
3394 969 3579 1039 (Psal.
3606 972 3683 1027 68.
3708 975 3781 1028 ﬁl.

2230 1048 2342 1118 5'2).
2373 1050 2521 1107 Sacri
2571 1068 2787 1123 quoque
2835 1054 2952 1108 libri
3005 1056 3056 1110 id
3102 1071 3246 1127 sirpe
3290 1061 3615 1131 prmeipiunt,
3641 1073 3688 1116 et
3711 1066 3782 1129 qui

2229 1149 2528 1206 servantur,
2575 1158 2671 1211 pro
2715 1145 2921 1214 magnis
2956 1145 3244 1214 gratiarum
3281 1150 3573 1205 aciimiibus
3606 1152 3653 1205 id
3675 1153 3782 1208 olle-

2227 1241 2369 1286 runt.
2419 1231 2484 1286 Et
2508 1250 2792 1303 quamnam
2825 1235 3005 1300 habet,
3036 1236 3264 1308 inquies,
3295 1239 3397 1297 huc
3419 1240 3782 1298 dil‘lieuluuent?

2224 1323 2308 1376 cui
2339 1332 2515 1378 autem
2546 1326 2627 1379 vel
2665 1325 2882 1381 humilis
2922 1337 2978 1381 et
3005 1328 3228 1397 abiecta:
3253 1332 3570 1389 conditionis
3595 1334 3640 1388 id
3671 1351 3782 1404 (ine-

2224 1423 2386 1481 stare,
2415 1425 2470 1471 et
2513 1416 2684 1472 Deum
2715 1418 2933 1475 laudare
2959 1435 3066 1475 non
3093 1432 3176 1476 est
3203 1424 3401 1479 facile?
3447 1425 3504 1482 Si
3548 1443 3653 1481 rem
3683 1428 3783 1482 dili-

2221 1514 2412 1575 genter
2441 1516 2497 1561 et
2524 1517 2711 1563 exacte
2752 1508 3026 1572 didiceris,
3072 1512 3278 1567 videbis
3306 1527 3359 1569 et
3384 1515 3612 1571 laborem
3639 1518 3717 1586 qui
3741 1519 3782 1571 in

2223 1612 2281 1650 re
2311 1596 2468 1660 inest,
2509 1606 2564 1653 et
2615 1599 2818 1654 lucrum
2863 1602 3003 1669 quod
3033 1616 3098 1656 ex
3129 1617 3189 1658 ea
3221 1605 3528 1675 percipitur.
3576 1606 3782 1661 Primum

2222 1688 2437 1759 quidem
2474 1688 2587 1745 luce
2613 1690 2728 1746 laus
2756 1706 2782 1744 a
2809 1691 2969 1762 justis
2994 1696 3306 1764 requiritur,
3333 1708 3388 1753 et
3416 1707 3624 1769 oportet
3641 1700 3776 1754 vitam

2229 1783 2374 1852 prius
2414 1792 2561 1839 recte
2600 1784 3004 1850 institue-item,
3052 1786 3282 1859 hymnos
3327 1790 3399 1843 ita
3449 1791 3555 1845 Deo
3597 1807 3782 1845 canere.

2223 1873 2345 1929 Non
2377 1884 2450 1928 est
2495 1876 2630 1929 enim
2676 1877 2892 1948 pulchra
2936 1878 3048 1932 laus
3084 1879 3136 1931 in
3173 1895 3260 1933 ore
3291 1884 3568 1950 peccatoris
3606 1881 3777 1955 (Errli.

2222 1969 2310 2024 15.
2342 1969 2420 2041 9).
2472 1965 2721 2026 Secundo
2747 1987 2851 2027 non
2880 1973 3055 2029 verbis
3081 1974 3277 2040 solum,
3326 1975 3423 2031 sed
3466 1975 3619 2031 etiam
3657 1975 3782 2029 factis

2221 2060 2436 2117 laudare
2478 2072 2709 2133 oportet,
2761 2075 2816 2119 et
2860 2065 2994 2119 hanc
3041 2065 3248 2120 laudent
3291 2066 3432 2120 Dens
3479 2067 3695 2122 maxime
3718 2081 3784 2120 re-

2218 2154 2401 2225 quirit,
2441 2153 2579 2209 hanc
2621 2155 2843 2226 gloriam
2874 2174 2889 2211 :
2919 2154 3107 2210 Luceat
3146 2158 3311 2222 enim,
3361 2158 3558 2227 inquit,
3602 2159 3685 2211 tua:
3718 2172 3782 2209 re-

2219 2257 2324 2300 stra
2362 2263 2535 2300 coram
2568 2247 2873 2315 hominibus,
2919 2258 2971 2301 ut
3012 2247 3213 2304 videant
3252 2264 3412 2319 Opera
3459 2257 3614 2303 vestra
3647 2248 3773 2310 bona,

2222 2349 2269 2392 et
2316 2336 2601 2409 gloriﬁcent
2629 2339 2835 2393 Patrem
2886 2349 3106 2392 vestrum
3134 2340 3221 2410 qui
3245 2349 3319 2394 est
3348 2341 3403 2393 in
3432 2341 3566 2395 cadis
3594 2338 3780 2411 (Matth.

2219 2430 2273 2485 5.
2322 2430 2433 2500 16).
2481 2430 2555 2485 ita
2602 2431 2818 2485 laudant
2866 2431 3176 2486 Cherubim.
3224 2432 3490 2499 Quocirca
3555 2431 3779 2501 pr0phcta

2222 2535 2435 2591 quoque
2475 2536 2594 2576 eum
2627 2523 2770 2576 illam
2795 2523 3070 2593 mysticam
3102 2522 3335 2577 audisset
3367 2522 3663 2586 melodiam,
3713 2535 3783 2573 se-

2218 2614 2388 2682 ipsmn
2433 2615 2685 2671 miserum
2745 2614 2996 2685 prartiicat
3039 2614 3225 2671 dicens
3275 2632 3288 2668 :
3342 2613 3450 2669 Hei
3491 2614 3628 2681 mihi,
3670 2609 3781 2685 quod

2218 2706 2366 2762 homo
2394 2723 2526 2772 sum,
2577 2708 2779 2771 impura
2816 2707 3002 2762 habens
3041 2708 3196 2774 labia,
3242 2715 3289 2762 et
3327 2709 3501 2762 habito
3546 2709 3597 2761 in
3646 2705 3781 2760 medio

2217 2799 2392 2868 populi
2431 2799 2633 2868 impura
2681 2797 2815 2852 labia
2859 2799 3085 2853 habentis
3154 2797 3324 2868 (lsai.
3356 2799 3412 2854 6.
3442 2798 3535 2871 5).
3590 2799 3649 2852 Et
3686 2796 3781 2850 ideo

2215 2905 2335 2943 eum
2396 2890 2641 2959 pra-cipit
2688 2889 2872 2944 laudes
2917 2889 3133 2956 offerre,
3181 2891 3368 2961 incipit
3398 2908 3427 2945 a
3457 2890 3780 2960 superioribus

2225 2972 2599 3050 potestatibus,
2653 2981 2732 3036 sie
2771 2982 2955 3036 dicens
2991 3001 3004 3037 :
3038 2981 3264 3037 Laudate
3306 2983 3584 3036 Dominum
3618 2982 3674 3035 de
3704 2995 3781 3032 cae

2215 3074 2299 3140 lis,
2347 3071 2552 3126 laudate
2589 3089 2702 3127 eum
2741 3089 2912 3127 omnes
2943 3073 3111 3145 angeli
3143 3075 3255 3144 ejus
3298 3072 3470 3144 (Psal.
3506 3074 3621 3129 N8.
3650 3069 3776 3136 1.2).

2212 3165 2435 3235 Oportet
2464 3166 2640 3234 itaque
2679 3164 2924 3234 angelum
2971 3164 3107 3230 ﬁeri,
3138 3175 3192 3219 et
3215 3165 3283 3218 ita
3313 3164 3552 3220 laudare.
3579 3163 3649 3220 Ne
3673 3174 3777 3229 ergo

2216 3255 2354 3310 hanc
2385 3255 2595 3310 laudem
2626 3271 2738 3311 rem
2776 3270 2897 3311 esse
2925 3257 3096 3312 levem
3124 3257 3499 3312 existimemus
3528 3275 3541 3311 :
3571 3254 3657 3311 sed
3679 3261 3779 3308 ante

2214 3362 2276 3401 os
2307 3357 2547 3402 nostrum
2579 3348 2685 3400 vita
2714 3356 2894 3402 nostra
2932 3348 3100 3417 ipsam
3146 3355 3323 3413 sonet,
3372 3359 3531 3418 atque
3558 3356 3669 3400 ante
3700 3345 3778 3396 lin-

2213 3453 2369 3507 gnam
2397 3439 2519 3492 vitae
2547 3438 2845 3493 institutum
2875 3438 3090 3494 clamet.
3121 3438 3192 3491 Ita
3216 3438 3436 3509 quidem
3468 3440 3547 3493 vel
3577 3443 3778 3491 tacentes

2216 3528 2380 3582 Deum
2427 3527 2646 3582 laudare
2688 3520 2970 3596 possumus
3003 3546 3017 3580 :
3051 3528 3119 3583 ita
3165 3529 3325 3583 etiam
3371 3530 3639 3599 loquentes
3674 3527 3777 3581 etle-

2216 3634 2335 3672 mus
2365 3617 2781 3673 modulationem
2815 3618 2934 3672 vitae
2963 3619 3396 3673 convenientem.
3443 3619 3556 3674 Non
3584 3618 3675 3671 hoc
3700 3631 3777 3670 au-

2215 3719 2321 3764 tem
2370 3709 2541 3764 solum
2586 3725 2654 3764 ex
2684 3709 2896 3765 Psalmo
2939 3710 3119 3765 dicere
3163 3726 3475 3781 possumus.
3528 3711 3617 3767 sed
3641 3711 3773 3764 etiam

2214 3801 2356 3872 quod
2387 3816 2574 3857 omnes
2603 3801 2763 3856 ducat
2789 3801 2855 3856 ad
2885 3801 3281 3874 symphoniam,
3329 3814 3388 3858 et
3424 3804 3637 3859 chorum
3665 3802 3776 3853 inte-

2218 3911 2371 3964 grum
2437 3904 2653 3950 statuat.
2730 3895 2844 3949 Non
2894 3896 3035 3950 enim
3085 3911 3247 3951 unum
3291 3906 3494 3951 tantum
3542 3905 3627 3949 aut
3664 3892 3775 3947 duos

2213 3986 2519 4057 alloquitur,
2563 3984 2658 4040 sed
2704 3985 3005 4041 universum
3049 3986 3323 4057 populum.
3367 3985 3431 4041 Et
3458 3983 3772 4056 quemadmo-

2213 4082 2339 4130 dum
2388 4076 2628 4129 Christus
2673 4090 2771 4136 nos
2806 4075 3078 4131 deducens
3125 4076 3193 4130 ad
3242 4077 3519 4131 caritatem
3577 4085 3629 4131 et
3671 4086 3777 4127 con-

2212 4167 2449 4222 cordiam
2478 4210 2492 4230 ,
2543 4166 2690 4235 jubet
2756 4182 3068 4221 communes
3122 4182 3307 4235 preces
3378 4167 3595 4229 oll‘erri,
3628 4174 3678 4219 et
3722 4160 3775 4211 ab

2217 4258 2467 4312 uniVersa
2518 4256 2752 4311 Ecclesia
2802 4267 3071 4324 tamquam
3129 4258 3196 4310 ab
3236 4274 3337 4310 una
3386 4272 3604 4326 persona
3646 4253 3769 4310 diei.

2218 4346 2372 4402 Pater
2422 4358 2588 4400 noster
2632 4362 2652 4401 :
2702 4358 2789 4409 et,
2838 4345 3030 4401 Panem
3075 4357 3302 4399 nostrum
3349 4328 3774 4418 quotidianum'da

2217 4442 2358 4494 nobis
2410 4438 2560 4493 hodie
2589 4455 2606 4490 :
2637 4450 2727 4505 et,
2779 4437 2988 4491 Dimitte
3041 4437 3182 4490 nobis
3225 4438 3391 4491 debita
3434 4448 3617 4495 nostra,
3666 4434 3775 4486 sicut

2216 4544 2264 4587 ε’
2308 4548 2398 4584 nos
2437 4530 2778 4585 dimittimus:
2817 4539 2863 4582 et
2902 4547 2964 4582 ne
2990 4530 3312 4582 nosiudncas
3357 4530 3408 4581 in
3456 4529 3769 4584 tentationem,

2215 4624 2303 4678 srd
2346 4624 2501 4677 libera
2553 4638 2643 4674 nos
2687 4638 2717 4672 α
2756 4620 2892 4673 malo
2923 4619 3134 4692 (Matth.
3181 4619 3233 4674 ϐ.
3277 4619 3332 4673 9.
3380 4622 3460 4674 ll.
3516 4619 3598 4672 12.
3642 4616 3768 4681 l3):

2218 4716 2412 4784 ubique
2471 4722 2628 4765 utens
2675 4712 2864 4782 plurali
2912 4712 3153 4775 nomine,
3208 4720 3261 4763 et
3315 4709 3623 4778 pra'eipiens
3674 4703 3771 4755 nni-

2218 4806 2426 4874 cuique,
2474 4803 2585 4855 sire
2636 4802 2782 4855 solus
2825 4812 2962 4866 etet,
3005 4800 3115 4853 sive
3159 4815 3279 4853 eum
3311 4800 3451 4859 aliis,
3490 4813 3582 4867 pro
3623 4791 3773 4847 fratri.

2218 4896 2314 4949 bus
2357 4893 2553 4950 cfl‘erre
2603 4896 2899 4945 oratiOnem
2942 4908 2955 4944 :
3010 4892 3079 4943 ita
3129 4891 3289 4943 etiam
3352 4889 3601 4958 propheta
3645 4887 3774 4934 vae-tl

2216 5000 2407 5039 omnes
2436 4983 2592 5036 simul
2621 4983 2686 5035 ad
2717 4994 3032 5036 concentum
3060 4981 3341 5045 orationis,
3374 4991 3427 5035 et
3456 4979 3581 5032 dicit
3621 4972 3774 5026 :Luu‘

2217 5079 2335 5128 date
2361 5090 2540 5127 nomen
2565 5071 2790 5126 Domini.
2813 5072 2948 5137 Quid
2980 5071 3137 5141 igitur
3163 5072 3262 5125 sibi
3294 5072 3403 5125 vult
3434 5070 3546 5123 inec
3571 5060 3774 5133 adiectio

2219 5162 2490 5221 nominis?
2535 5162 2758 5217 Maxime
2806 5163 3020 5230 quidem
3055 5162 3286 5227 explicat
3336 5160 3658 5214 alTectionem
3707 5150 3773 5204 di-

2215 5263 2386 5311 centis
2438 5274 2451 5307 :
2500 5253 2763 5322 signiﬁcat
2817 5254 2976 5306 etiam
3028 5252 3226 5320 aliquid
3279 5251 3443 5305 aliud.
3499 5239 3771 5314 Quidnam?

2221 5349 2289 5404 Ut
2338 5362 2530 5403 tamen
2577 5347 2693 5415 ejus
2728 5360 2821 5415 per
2863 5358 2964 5399 nes
3011 5344 3356 5414 gloriﬁcetnr,
3401 5351 3459 5396 ut
3501 5356 3564 5393 ex
3616 5343 3769 5389 nostra

2219 5456 2432 5511 quoque
2475 5440 2577 5491 vita
2633 5437 2876 5491 videatur
2906 5434 3231 5491 laudabile:
3278 5443 3360 5488 est
3403 5434 3541 5487 enim
3585 5423 3768 5496 quidem

2219 5545 2405 5586 na'nra
2462 5530 2563 5584 tale
2612 5545 2624 5581 :
2676 5528 2785 5582 vult
2834 5539 3010 5581 autent
3063 5525 3199 5581 hanc
3233 5538 3441 5594 quoque
3472 5519 3663 5574 laudem
3695 5523 3772 5581 per

2219 5636 2417 5678 rectam
2463 5631 2661 5675 nostra:
2704 5621 2825 5674 vine.
2880 5618 3267 5673 institutionem
3297 5613 3561 5669 illustrari.
3629 5607 3684 5660 Et
3725 5606 3771 5651 ιιι

2219 5715 2353 5773 scias
2405 5710 2475 5772 ita
2512 5725 2666 5776 esse,
2720 5709 2839 5764 vide
2885 5724 3004 5782 quae
3059 5715 3483 5781 consequuntur;
3534 5689 3769 5767 sellium.u
