3956 6468
272 368 394 441 ειη.Δ

275 488 424 557 enim
456 500 473 538 :
505 481 563 545 2.
594 482 675 551 Sit
702 495 878 545 nomen
899 476 1103 539 Domini
1131 460 1470 539 benedictum,
1497 488 1559 535 ea;
1589 469 1680 523 hoc
1708 483 1863 538 nunc,

276 588 330 645 et
358 593 516 654 usque
541 574 598 630 in
626 571 1021 647 siccatumﬂuid
1048 569 1223 625 dicis?
1252 584 1356 621 non
1384 567 1484 621 erit
1509 562 1866 627 benedictum,

277 669 387 735 nst
430 678 485 722 tu
535 674 781 743 precants
828 663 946 723 sis?
986 660 1149 718 Vides
1198 674 1321 715 eum
1372 655 1686 711 nondicere
1711 653 1777 708 de
1805 667 1881 708 ea.

276 775 406 835 qua:
449 758 519 813 illi
546 737 698 829 adest
724 751 1117 821 benedictione,
1146 758 1202 805 et
1227 759 1310 805 est
1330 748 1444 817 ejus
1486 756 1692 801 natura:
1714 745 1868 798 attri-

279 854 435 916 buta,
470 848 564 909 sed
590 848 657 902 de
680 861 744 919 ea
771 860 884 917 qua;
920 844 976 898 ﬁt
1002 857 1096 912 per
1117 839 1393 897 homines?
1445 837 1637 891 Paulus
1656 847 1870 905 quoque

277 945 352 1007 de
380 959 445 997 ea
470 941 711 1008 scribens
732 939 869 1005 dicit
898 955 913 990 :
948 935 1242 1004 Gloriﬁcate
1268 949 1381 986 vero
1403 930 1566 984 Deum
1585 930 1875 997 incorpore

278 1014 533 1093 νέκταρι
556 1034 610 1101 in
638 1031 831 1103 spiritu
867 1038 1030 1083 testro
1067 1027 1147 1094 (l.
1189 1024 1305 1081 Cor.
1354 1023 1407 1078 6.
1432 1021 1547 1093 20).
1599 1019 1716 1089 Ipse
1740 1032 1869 1087 ergo

279 1136 368 1198 est
391 1127 551 1190 allus,
580 1132 886 1195 etn‘tagnus
910 1132 966 1176 et
993 1118 1271 1173 laudabilis
1300 1131 1395 1184 per
1419 1112 1654 1183 seipsum
1678 1127 1693 1178 ;
1729 1108 1870 1178 apud

281 1220 534 1275 homines
561 1225 741 1287 autem
771 1213 892 1268 talis
918 1225 1130 1282 quoque
1159 1209 1408 1273 efﬁcitur,
1457 1202 1671 1274 quando
1700 1200 1788 1270 qui
1819 1200 1868 1253 ei

280 1310 547 1374 serviunt,
575 1306 737 1377 talem
766 1306 926 1379 vitant
953 1300 1312 1361 ostenderint,
1346 1307 1400 1350 ιιι
1426 1295 1748 1366 quicumque
1773 1306 1867 1346 eos
1890 1344 1893 1347 .

282 1401 490 1469 vident,
531 1397 773 1468 laudibus
817 1404 873 1451 et
915 1389 1371 1453 benedictionibus
1423 1387 1703 1441 Dominum
1748 1396 1869 1451 pro-

278 1502 598 1565 sequantur.
642 1488 766 1559 lloc'
801 1487 971 1556 ipsum
1016 1499 1112 1539 nos
1147 1495 1358 1553 quoque
1392 1480 1445 1535 in
1477 1475 1868 1546 precationibus

278 1582 444 1654 jussit
468 1579 722 1635 Dominus
749 1591 960 1645 semper
998 1575 1177 1629 dicere
1200 1615 1215 1635 ,
1264 1580 1584 1641 precantes:
1617 1568 1864 1636 Sanctiﬁ-

280 1654 425 1745 cetur
469 1686 649 1726 nomen
688 1680 830 1722 tuum
881 1665 1092 1737 (Mptth.
1124 1664 1158 1718 6
1206 1664 1309 1730 9):
1346 1661 1447 1716 hoc
1475 1668 1576 1723 est,
1626 1659 1729 1713 Per
1773 1673 1870 1712 no-

281 1773 452 1835 stram
516 1775 726 1833 quoque
791 1758 953 1812 vitam
1015 1755 1355 1827 gloriﬁcetur.
1405 1750 1866 1820 Quemadmodum

282 1854 429 1908 enim
479 1851 604 1909 dum
642 1850 781 1905 male
821 1849 1064 1919 vivimus,
1095 1845 1432 1900 contumeliis
1457 1853 1511 1899 et
1536 1842 1746 1915 probris
1786 1842 1867 1895 al-

284 1922 464 2019 ﬁcitur
492 1959 507 1995 :
542 1942 611 1995 ita
641 1940 767 2011 dum
801 1939 1007 2017 virtutis
1043 1953 1226 1992 curam
1248 1937 1503 2007 gerimus,
1546 1935 1712 2005 gloria
1752 1933 1867 1988 alﬁ-

281 2035 445 2097 citur.
476 2031 831 2103 benedicitur,
861 2039 916 2083 et
939 2028 1320 2084 sanctiﬁcatur.
1365 2026 1518 2094 Quod
1558 2042 1686 2095 ergo
1715 2025 1864 2091 dicit,

282 2135 368 2197 est
412 2122 679 2196 ejusmodi
705 2140 718 2176 :
751 2120 855 2176 Fac
885 2130 942 2175 ut
970 2135 1067 2176 nos
1097 2131 1351 2189 perpetuo
1382 2128 1526 2179 recte
1569 2126 1624 2171 et
1669 2133 1733 2173 ex
1764 2110 1869 2170 vir-

282 2226 398 2287 tute
445 2217 704 2279 vivamus,
768 2223 830 2267 ut
877 2212 947 2277 sit
996 2227 1187 2279 nomen
1227 2220 1372 2277 tuum
1428 2225 1523 2278 per
1550 2225 1663 2271 ,nos
1706 2209 1864 2262 etiam

280 2307 642 2383 benedictum.
697 2305 752 2361 ὅ.
803 2305 845 2358 Α
872 2304 993 2359 satis
1023 2312 1134 2357 ortu
1161 2319 1315 2372 usque
1343 2304 1411 2354 ad
1431 2317 1698 2367 occasum,
1749 2301 1865 2353 laus

277 2399 449 2471 dqbtle
500 2414 683 2469 nomen
729 2395 959 2461 Domini.
1005 2394 1339 2453 Videseum
1389 2408 1581 2459 novam
1608 2391 1866 2455 exordiri
1904 2436 1907 2443 ,

276 2490 684 2561 τριηριιιριίριιηι,
733 2487 1037 2557 etaperire
1065 2485 1390 2549 nobilitatem
1417 2483 1705 2549 Ecclesim?
1750 2483 1864 2537 Non

276 2583 525 2652 amplius.
553 2582 694 2643 enim
742 2579 795 2633 in
852 2578 1132 2642 Palmstina
1173 2576 1367 2637 solum,
1420 2590 1523 2631 nec
1562 2575 1613 2628 in
1658 2574 1863 2641 ludant,

276 2674 375 2743 sed
404 2673 601 2743 ubique
627 2682 913 2733 terrarum.
940 2668 1163 2741 Quando
1195 2679 1374 2722 autem
1406 2666 1521 2721 lucc
1548 2674 1863 2729 evenerunt,

278 2768 380 2823 nisi
427 2765 640 2834 quando
683 2772 863 2829 nostra
888 2760 1163 2817 ﬂoruere?
1215 2760 1365 2825 Olim
1383 2761 1526 2815 enim
1557 2775 1658 2813 non
1689 2759 1865 2812 solum

277 2873 385 2925 nqu
416 2855 828 2924 benedicebatur
867 2854 921 2923 in
949 2852 1248 2918 l’alzestina,
1302 2851 1395 2917 sed
1421 2851 1583 2915 etiam
1613 2848 1861 2917 blasphe-

278 2949 551 3017 mahatur,
602 2957 669 3015 et.
698 2944 994 3013 maledictis
1023 2943 1393 3009 incessebatur
1418 2949 1632 3011 propter
1653 2940 1867 3003 Judaeos

279 3040 369 3110 qui
396 3038 479 3108 ⁵ἰιιἑ
516 3052 595 3099 ea
625 3035 954 3103 habitabant.
986 3032 1208 3104 Propter
1234 3050 1321 3098 vos
1348 3034 1520 3098 enim,
1547 3032 1738 3101 inquit.
1768 3047 1865 3084 no-

279 3145 400 3181 men
445 3142 608 3180 meum
653 3126 1032 3197 blasphet‘natur
1075 3125 1204 3178 inter
1252 3132 1421 3195 gentes
1461 3122 1613 3195 (lsai.
1652 3121 1742 3177 52.
1784 3120 1862 3194 5).

283 3219 444 3273 Nunc
487 3230 657 3274 autem
697 3218 895 3289 ubique
917 3226 1199 3289 terrarum
1248 3215 1491 3284 laudibus
1541 3215 1864 3283 celebratur:

285 3310 442 3379 Quod
461 3311 667 3381 quidem
695 3310 829 3364 alius
849 3323 1061 3379 quoque
1089 3306 1342 3378 prepheta
1369 3306 1693 3378 signiﬁcans,
1716 3307 1866 3361 dice-

284 3401 379 3455 bat
420 3419 435 3455 :
481 3400 754 3471 Apparebit
791 3399 1060 3465 Dominus,
1107 3407 1152 3452 et
1190 3399 1361 3469 perdet
1399 3414 1570 3453 omnes
1599 3398 1719 3452 deos
1745 3414 1869 3468 gen-

282 3493 445 3554 tium,
488 3500 534 3544 et
571 3490 850 3545 adorabunt
877 3505 995 3543 eum
1019 3489 1357 3558 unusquisque
1376 3489 1576 3542 ini-loco
1614 3504 1706 3542 suo
1744 3486 1870 3557 (So-

282 3584 444 3652 phon.
470 3582 526 3636 2.
554 3583 665 3651 il).
698 3582 763 3636 Et
788 3597 972 3635 rursus
995 3582 1130 3635 alius
1160 3599 1172 3634 :
1201 3580 1336 3648 Quia
1372 3589 1418 3634 et
1456 3582 1510 3634 in
1549 3581 1691 3635 nobis
1727 3582 1868 3639 ctua.-

280 3674 466 3737 dentur
506 3682 679 3742 parm,
707 3682 755 3725 et
781 3688 882 3725 non
907 3672 1230 3735 succendetur
1264 3671 1426 3733 altare
1467 3688 1629 3731 meum
1662 3673 1821 3743 gratis
1848 3687 1869 3725 :

281 3767 521 3833 quoniam
545 3764 609 3835 ab
636 3777 751 3823 ortu
778 3764 899 3818 solis
924 3780 1079 3830 usque
1116 3764 1184 3816 ad
1228 3780 1461 3821 occasum
1496 3780 1677 3821 nomen
1703 3781 1872 3822 meum

282 3857 631 3928 gloriﬁcatum
672 3865 745 3912 est
785 3858 838 3910 in
881 3855 1131 3926 gentibus,
1158 3866 1208 3910 et
1250 3858 1305 3910 in
1346 3858 1485 3912 omni
1522 3858 1630 3911 loco
1658 3857 1872 3925 o/Tertur

285 3949 567 4019 thymiama
607 3949 799 4003 nomini
844 3965 972 4013 meo,
1018 3959 1065 4003 et
1110 3964 1296 4018 purum
1342 3949 1650 4018 sacriﬁcium
1692 3947 1868 4014 (Mat.

284 4041 363 4099 ιι
396 4041 478 4095 to.
525 4040 634 4109 tl).

360 4153 418 4207 2.
461 4152 621 4207 Vides
646 4151 915 4222 quomodo
941 4166 1029 4206 res
1056 4150 1303 4207 Judaicas
1350 4150 1644 4214 contraxit,
1686 4160 1739 4205 et
1785 4164 1874 4205 re-

292 4243 511 4315 pressit,
556 4253 610 4298 et
655 4242 851 4312 ubique
877 4252 1142 4297 terrarum
1169 4243 1599 4301 ecclesiasticam
1619 4243 1740 4296 vitm
1770 4242 1876 4296 for-

291 4353 437 4392 mam
461 4335 722 4402 dilatavit,
753 4344 810 4391 et
830 4335 1027 4390 cultum
1050 4335 1464 4405 praenuntiavit?
1493 4335 1590 4403 Qui
1606 4335 1744 4389 enim
1761 4334 1878 4390 luce

292 4430 425 4484 dicit
447 4428 722 4499 propheta,
752 4429 848 4482 fuit
872 4437 991 4498 post
1016 4429 1242 4483 reditum
1264 4445 1328 4482 ex
1354 4428 1623 4499 Babylone
1648 4446 1660 4481 ε
1686 4437 1739 4483 et
1758 4428 1877 4484 ideo

296 4521 415 4576 hzrc
444 4530 568 4576 tunc
590 4521 855 4592 praedixit,
916 4536 982 4575 ne
1023 4521 1263 4575 dicerent
1288 4520 1460 4575 Judaei
1486 4536 1607 4575 eum
1640 4522 1780 4590 loqui
1811 4522 1879 4576 de

294 4613 564 4669 conclusis
598 4612 727 4682 ipsis
781 4627 843 4666 ac
890 4611 1120 4666 desertis
1168 4612 1218 4666 in
1262 4611 1551 4683 Babylone.
1596 4612 1878 4683 Postquam

296 4708 443 4762 enim
473 4707 561 4761 illa
589 4714 905 4768 cessassent,
929 4705 1097 4773 etipsi
1128 4704 1192 4757 ad
1224 4704 1454 4775 priorem
1479 4704 1678 4759 reversi
1695 4686 1878 4759 essent

297 4796 706 4866 rempublicam,
735 4811 796 4850 ea
823 4795 951 4850 dicit
971 4796 1214 4865 angelus,
1241 4795 1549 4865 signiﬁcans
1569 4811 1752 4849 eorum
1783 4795 1881 4851 de-

299 4888 648 4943 vastatiunem
668 4902 788 4957 qua:
818 4886 914 4941 fuit
934 4896 1176 4956 tempore
1207 4886 1515 4956 Vespasiani
1543 4894 1597 4939 et
1616 4886 1742 4951 Titi,
1763 4895 1884 4956 post

298 4997 459 5052 quam
498 4996 602 5035 non
630 4980 732 5035 erit
756 4979 1011 5050 deinceps
1037 4979 1259 5034 mutatio
1298 4979 1440 5034 illius
1482 4978 1882 5053 devastationis.

301 5073 454 5127 Illam
479 5072 622 5126 enim
648 5066 989 5142 consequuta:
1031 5080 1155 5126 sunt
1196 5085 1283 5126 res
1329 5070 1602 5125 Eeclesiaz.
1651 5071 1720 5125 Et
1762 5070 1885 5126 ideo

301 5163 454 5226 dicit,
489 5162 735 5233 Magnum
759 5179 941 5217 nomen
962 5179 1124 5216 meum
1147 5163 1200 5216 in
1227 5162 1495 5233 gentibus;
1522 5165 1622 5217 hoc
1647 5173 1748 5229 est,
1779 5164 1876 5218 be-

304 5254 598 5317 nedietum,
618 5269 712 5323 per
729 5255 919 5309 bonam
940 5255 1175 5322 ipsorum
1190 5255 1348 5308 vitam
1367 5254 1636 5309 laudatum
1663 5274 1676 5308 :
1697 5272 1885 5324 quem-

304 5346 591 5401 admodum
636 5346 723 5403 hic
764 5360 976 5417 quoque
1002 5345 1166 5402 dicit:
1198 5345 1522 5401 Benedictum
1566 5363 1747 5401 nomen
1786 5346 1891 5402 Do-

308 5439 458 5495 mini.
578 5428 579 5431 η

383 5554 707 5631 Magniﬁcari
734 5566 823 5608 aut
850 5553 1072 5615 benedici
1101 5554 1267 5629 Deum,
1291 5572 1322 5610 a
1356 5557 1496 5610 nobis
1542 5556 1678 5626 quod
1701 5558 1784 5612 sit.
1818 5588 1888 5599 —

304 5650 362 5707 4.
398 5647 638 5725 Exceltus
662 5666 812 5722 super
839 5665 1009 5714 omnes
1034 5659 1202 5722 gentes
1231 5648 1493 5707 Dominus.
1518 5649 1679 5707 Vides
1708 5668 1894 5717 rursus

304 5751 494 5812 centes
523 5741 651 5815 ejus.
675 5742 874 5799 cultum
898 5742 1204 5813 suscipere,
1253 5750 1305 5799 et
1344 5758 1449 5801 non
1501 5758 1657 5807 unam
1688 5752 1888 5801 tantum

1421 351 1779 427 EXl‘OSiTlQ
1820 349 1882 404 IN
1913 349 2235 409 I'S.\L.\IUM
2270 354 2433 412 CXII.

3464 372 3568 428 302

1973 480 2067 533 aut
2099 473 2264 541 duas,
2306 487 2398 532 aut
2445 485 2591 545 tres,
2640 480 2732 537 sed
2759 497 3107 554 quaecumque
3156 493 3281 539 sunt
3335 486 3388 539 in
3432 489 3567 545 orbe

1973 568 2276 625 terrarum?
2320 569 2456 637 Quid
2508 581 2588 625 est
2644 571 2743 625 hac
2801 575 3076 642 prophetia
3134 575 3372 631 clariusll
3416 577 3564 644 Quo.

1974 657 2133 713 modo
2161 669 2343 715 autem
2361 668 2445 716 est
2463 662 2705 718 excelsus
2726 678 2889 732 super
2916 668 3366 736 omnesgentes?
3407 670 3562 736 Quo-

1973 750 2118 804 niam.
2167 766 2289 811 eum
2322 753 2744 822 Inaguiﬁcamus,
2778 771 2883 812 non
2931 758 2980 812 ei
3019 760 3249 828 aliquam
3299 761 3560 815 addentes

1972 842 2305 905 altuudinem
2319 842 2343 896 ?
2359 844 2540 898 Absit:
2559 845 2653 900 sed
2669 845 3024 916 dogmatibus,
3041 852 3208 916 cultu,
3224 852 3557 913 adoratione,

1974 943 2030 992 et
2076 937 2286 993 ceteris
2309 936 2593 1002 omnibus;
2622 954 2726 993 non
2758 941 2954 1009 aliquid
2988 942 3185 996 humile
3205 953 3260 997 et
3285 942 3556 1012 abjectum

1972 1029 2041 1085 de
2067 1042 2132 1083 ec)
2152 1028 2470 1097 cogitantes,
2497 1039 2557 1085 ut
2584 1029 2775 1096 Judari,
2803 1031 2896 1086 sed
2934 1034 3101 1088 multo
3131 1033 3333 1102 majora
3376 1042 3432 1088 et
3473 1035 3559 1089 al-

1975 1121 2133 1177 liora.
2177 1121 2322 1176 Talis
2346 1133 2427 1176 est
2453 1123 2596 1177 enim
2642 1121 2758 1178 luce
2785 1132 2967 1178 nostra
2993 1125 3300 1192 reipublica:
3329 1124 3501 1180 forma
3541 1142 3557 1180 :

1971 1221 2172 1280 quanto
2196 1212 2384 1266 czelum
2413 1221 2496 1267 est
2517 1222 2656 1268 terra
2686 1214 2863 1280 altius,
2891 1223 3038 1269 tanto
3069 1215 3182 1269 lucc
3196 1215 3354 1270 altior
3367 1218 3575 1271 veteris

1975 1303 2043 1358 Et
2089 1302 2210 1358 ideo
2233 1303 2362 1359 dicit
2385 1323 2398 1357 :
2426 1303 2674 1361 Excelsus
2697 1323 2850 1375 super
2877 1322 3050 1361 omnes
3075 1316 3242 1378 gentes
3286 1304 3557 1363 Dominus.

1973 1396 2181 1452 Etenim
2202 1412 2322 1451 cum
2344 1411 2466 1452 eum
2495 1411 2589 1465 per
2611 1397 2810 1451 cultum
2837 1396 3131 1451 attollimus
3149 1440 3164 1464 ,
3192 1396 3322 1451 illud
3347 1412 3560 1468 quoque

1975 1487 2197 1553 scimus,
2228 1502 2342 1542 nmc
2368 1502 2488 1543 esse
2504 1488 2785 1543 humiliore
2809 1488 2970 1544 modo
2997 1489 3159 1555 dicta,
3183 1496 3238 1543 et
3256 1489 3321 1544 ad
3344 1499 3559 1559 captum

1970 1586 2212 1635 nostrum
2241 1578 2657 1634 accommodata.
2688 1578 2862 1647 Quare
2889 1581 2988 1635 etsi
3015 1580 3124 1639 sint
3149 1581 3201 1634 in
3224 1578 3376 1635 Novo
3401 1597 3559 1648 quam

1973 1672 2026 1726 in
2060 1671 2237 1728 Veteri
2267 1672 2476 1735 altiora,
2507 1681 2631 1728 sunt
2657 1682 2832 1727 tamen
2858 1672 2978 1740 ejus
3002 1672 3260 1742 dignitate
3287 1673 3443 1742 longe
3472 1673 3560 1726 in-

1972 1762 2187 1820 feriora.
2206 1763 2275 1819 Et
2292 1763 2413 1818 ideo
2432 1763 2628 1819 Paulus
2648 1765 2930 1832 utriusque
2954 1762 3276 1833 cognitionis
3298 1764 3338 1827 ί,
3367 1770 3420 1817 et
3436 1778 3557 1832 quae

1972 1870 2115 1915 nunc
2140 1865 2243 1921 est,
2270 1864 2324 1911 et
2349 1871 2469 1925 qua:
2502 1864 2628 1911 tunc
2656 1856 2708 1909 in
2753 1854 2932 1910 futuro
2958 1855 3159 1910 smculo
3202 1853 3373 1910 futura
3423 1862 3505 1910 est
3536 1897 3552 1920 ,

1972 1945 2326 2005 diﬂ'ercntiam
2344 1946 2645 2003 ostendens
2669 1982 2684 2008 .
2739 1946 2984 2000 dicebat:
3019 1945 3239 2011 Quando
3262 1961 3556 2012 erantpar—

1971 2039 2136 2102 vulns,
2166 2039 2509 2108 sapiebam.ut
2531 2036 2792 2107 parvulus,
2844 2036 3124 2106 cogitabam
3166 2045 3223 2088 ut
3267 2037 3509 2103 parvulus
3534 2051 3553 2088 .'

1974 2130 2174 2197 quando
2202 2139 2371 2183 autem
2405 2129 2569 2197 factus
2589 2143 2700 2182 sum
2722 2129 2818 2191 vir,
2843 2127 3083 2180 evacuavi
3111 2140 3226 2193 qua:
3260 2133 3404 2178 erant
3426 2140 3550 2192 par-

1970 2222 2073 2282 vati
2098 2220 2116 2290 (
2142 2222 2186 2273 ι.
2212 2219 2330 2274 Cor.
2354 2221 2441 2273 l5.
2466 2217 2573 2291 Η).
2602 2219 2669 2277 Ει
2695 2232 2899 2282 rursus,
2930 2217 3012 2271 Ea:
3026 2226 3170 2286 parte
3183 2217 3551 2286 cognoscimus,

1971 2323 2103 2369 ειη
2131 2321 2274 2383 parte
2294 2311 2673 2381 prophetamus.
2723 2309 2790 2363 Et
2831 2308 3057 2363 videmus
3082 2324 3214 2362 nunc
3237 2309 3439 2377 quidem
3466 2323 3557 2377 per

1969 2404 2230 2473 speculum
2256 2402 2311 2459 in
2329 2402 2612 2470 (enigmata,
2641 2407 2941 2456 (uocantem
2964 2398 3094 2468 {acie
3109 2397 3176 2450 ad
3196 2396 3550 2467 faciemUbid.

1971 2510 2019 2548 tt.
2046 2494 2098 2548 9.
2131 2494 2236 2562 12).
2264 2492 2366 2547 Per
2415 2493 2545 2553 haec.
2567 2490 2992 2546 enim..osleudit
3033 2489 3170 2543 hanc
3196 2488 3551 2559 cognitionem

1970 2587 2038 2643 ah
2069 2587 2152 2641 illa
2177 2594 2385 2641 tantum
2407 2584 2618 2647 abesse,
2651 2594 2906 2654 quantum
2958 2598 3091 2653 puer
3116 2599 3145 2637 a
3174 2582 3291 2637 viro
3319 2581 3407 2652 qui
3435 2596 3557 2650 per-

1968 2678 2117 2734 venit
2138 2677 2206 2731 ad
2238 2675 2526 2747 perfectam
2553 2683 2787 2730 aetatem.
2834 2673 3005 2745 Super
3043 2670 3194 2727 cazlos
3232 2671 3395 2742 gloria
3420 2670 3550 2741 ejus.

1969 2769 2230 2837 Quoniam
2254 2756 2500 2849 .di‘xit‘de
2535 2767 2694 2823 laude
2738 2775 2795 2821 et
2839 2764 3162 2821 exultatione
3202 2779 3321 2834 quae
3362 2762 3420 2815 ﬁt
3463 2779 3555 2832 per

1971 2869 2172 2917 rectam
2202 2860 2323 2914 vita:
2348 2860 2601 2913 humanae
2630 2858 3039 2918 institutionem,
3070 2863 3125 2909 et
3164 2854 3325 2907 Deum
3354 2852 3426 2906 ita
3459 2868 3553 2906 ex-

1969 2952 2174 3014 tollere,
2208 2950 2278 3005 ita
2309 2949 2559 3014 laudare,
2602 2949 2677 3003 ita
2712 2947 3052 3017 magniﬁcare
3089 2944 3398 3000 exhortatus
3429 2955 3507 2998 est
3533 2987 3547 3008 ,

1970 3045 2038 3105 ad
2086 3044 2343 3113 majorem
2376 3043 2626 3097 virtutem
2674 3041 2902 3095 incitans
2933 3036 3165 3092 ostendit
3205 3036 3421 3091 ubinam
3451 3035 3555 3088 hoc

1970 3138 2199 3199 maxime
2251 3134 2363 3189 ﬁat.
2392 3133 2618 3190 Ubinam
2663 3147 2793 3202 ergo
2842 3132 2944 3185 hoc
2975 3130 3073 3184 ﬁt?
3122 3129 3176 3183 In
3224 3129 3390 3184 cadis.
3443 3128 3554 3184 Illic

1970 3230 2111 3289 enim
2141 3236 2223 3282 est
2268 3226 2387 3296 ejus
2427 3226 2614 3297 gloria.
2646 3223 2832 3294 Angeli
2873 3236 3101 3291 namque
3146 3235 3266 3274 eum
3318 3219 3555 3273 maxime

1970 3319 2289 3390 gloriﬁcent,
2331 3333 2437 3372 non
2475 3332 2540 3372 ex
2576 3330 2697 3371 sua.
2726 3323 2908 3368 natura
2936 3312 3132 3374 solum,
3159 3310 3253 3366 sed
3284 3310 3443 3365 etiam
3487 3324 3554 3363 ex
3590 3354 3595 3361 ,

1971 3409 2272 3466 ohedientia
2313 3407 2588 3462 hominum
2632 3406 2825 3476 quibus
2855 3403 3197 3465 ministrant,
3229 3400 3552 3454 voluntatem

1970 3511 2027 3559 et
2052 3510 2333 3573 .prazeepta
2386 3499 2503 3568 ejus
2557 3506 2744 3553 exacte
2799 3496 3156 3565 perlicientes.
3207 3491 3331 3546 Ideo
3379 3490 3553 3555 dicit,

1973 3594 2211 3648 Potentes
2236 3593 2435 3656 uirtute,
2464 3590 2703 3660 facientes
2722 3587 2925 3641 uerbum
2946 3585 3055 3650 eius
3083 3583 3100 3645 (
3122 3582 3265 3637 Psal.
3294 3581 3417 3636 102:
3437 3580 3558 3647 20).

1974 3687 2264 3755 Propterea
2293 3684 2347 3738 in
2376 3681 2663 3750 evangeliis
2707 3693 2923 3749 quoque
2943 3676 3101 3746 jussit
3130 3675 3374 3728 Christus
3401 3686 3559 3727 orare
3608 3710 3611 3717 .

1973 3778 2251 3843 etdicere,
2281 3774 2402 3829 Fiat
2429 3773 2661 3827 uoluntas
2683 3780 2792 3832 tua,
2818 3770 2953 3825 sicut
2974 3769 3026 3820 in
3050 3766 3194 3830 ctelo,
3234 3774 3282 3819 et
3325 3768 3377 3818 in
3423 3774 3558 3817 terra

1977 3869 2201 3942 (Matth.
2230 3863 2420 3943 6.10).
2452 3863 2564 3918 Hoc
2609 3869 2711 3925 est,
2743 3856 3191 3929 quemadmodum
3218 3870 3340 3909 eum
3362 3854 3561 3908 sancti-

1975 3963 2136 4024 ﬁcnnt
2157 3959 2350 4029 angeli,
2378 3958 2445 4011 ab
2470 3955 2616 4011 omni
2645 3954 2858 4024 quidem
2890 3951 3018 4005 vitio
3047 3948 3276 4011 liberati,
3309 3948 3558 4001 virtutem

1974 4064 2153 4110 autem
2175 4059 2358 4108 exacte
2385 4055 2807 4120 persequentes:
2845 4044 2916 4098 ita
2943 4043 3102 4095 etiam
3131 4055 3232 4094 nos
3269 4039 3413 4109 digni
3463 4038 3560 4091 ha-

1976 4147 2238 4207 beamur,
2286 4143 2379 4212 qui
2422 4141 2595 4210 ipsum
2640 4136 3052 4193 sanctiﬁcemus.
3099 4132 3214 4187 Hoc
3261 4132 3431 4200 ip~um
3477 4129 3562 4183 hic

1978 4251 2188 4307 quoque
2212 4232 2539 4304 signiﬁcans,
2556 4228 2867 4297 subjunxit:
2895 4225 3062 4295 Super
3081 4223 3231 4277 caelos
3251 4222 3412 4293 gloria
3429 4238 3559 4292 BJNI.

1980 4329 2094 4384 Non
2116 4328 2290 4382 solum
2324 4324 2467 4381 enim
2497 4323 2549 4375 in
2592 4331 2730 4375 terra
2766 4317 2978 4373 videbis
3011 4316 3105 4369 has
3129 4322 3407 4369 creaturas
3443 4328 3563 4381 qua:

1984 4430 2290 4481 cernuntur,
2320 4431 2419 4471 nec
2443 4412 2863 4484 pulcherrimum
2892 4406 3135 4460 ordinem
3160 4405 3246 4473 qui
3276 4402 3425 4456 estin
3457 4416 3564 4453 ca:-

1984 4515 2058 4580 lo,
2081 4511 2174 4567 sed
2206 4507 2435 4563 ascende
2461 4521 2490 4559 a
2520 4501 2868 4558 sensibilibns
2898 4497 2966 4551 ad
2996 4494 3289 4565 spiritualia
3311 4533 3326 4557 ,
3357 4492 3422 4545 ad
3451 4492 3566 4560 pul-

1983 4602 2337 4661 chritudinem
2376 4596 2585 4651 illarum
2622 4589 3080 4650 substantiarum,
3112 4586 3187 4639 ad.
3225 4584 3565 4653 splendorem

1986 4698 2127 4754 illius
2153 4691 2458 4762 reipublicae
2481 4705 2494 4740 :
2519 4695 2575 4742 et
2593 4693 2718 4740 tunc
2745 4683 2884 4739 scies
2909 4679 3177 4751 quomodo
3209 4688 3295 4735 est
3332 4678 3384 4732 in
3423 4677 3570 4732 caelis

1984 4789 2153 4860 gloria
2176 4786 2312 4856 ejus.

2060 4881 2200 4937 Deus
2243 4894 2334 4933 cur
2361 4877 2414 4930 in
2442 4875 2565 4930 cado
2594 4872 2820 4927 habitare
2856 4870 3075 4923 dicatur.
3097 4877 3169 4909 4-
3194 4868 3247 4921 5.
3293 4866 3417 4933 Quis
3441 4867 3571 4921 sicut

1990 4975 2240 5032 Dominus
2268 4972 2402 5025 Deus
2428 4976 2615 5032 noster,
2635 4965 2721 5035 qui
2741 4965 2795 5017 in
2814 4961 2932 5015 altis
2962 4961 3170 5024 habitat,
3205 4960 3257 5012 6.
3287 4970 3334 5011 et
3359 4957 3573 5010 huntilia

1990 5068 2229 5140 respicit?
2258 5069 2450 5121 Annon
2488 5060 2700 5116 videtur
2741 5070 2993 5127 magnum
3043 5068 3162 5109 esse
3206 5050 3347 5121 quod
3372 5049 3571 5103 dictum

1992 5165 2113 5221 est?
2140 5161 2244 5217 Sed
2275 5157 2488 5228 quando
2512 5148 2936 5209 consideraveris
2960 5147 3029 5201 de
3047 5159 3280 5214 quonam
3305 5140 3355 5195 id
3369 5140 3570 5195 dictum

1994 5259 2084 5322 sit,
2115 5257 2216 5310 hoc
2244 5254 2399 5321 longe
2423 5249 2527 5304 erit
2564 5261 2630 5303 eo
2651 5243 2893 5300 inferius.
2938 5240 3035 5302 lta,
3079 5235 3232 5290 sicuti
3261 5233 3416 5295 dixi,
3470 5247 3576 5285 non

1995 5354 2200 5419 oportet
2230 5347 2282 5400 in
2295 5334 2472 5398 verbis
2489 5338 2618 5395 solis
2641 5335 2854 5399 sistere,
2882 5329 2976 5385 sed
2999 5336 3175 5382 mente
3194 5323 3577 5380 conscendere.

2066 5587 2080 5617 ¹
2119 5590 2257 5645 Res»
2279 5574 2788 5645 maleﬁcium“:
2812 5570 2935 5645 hanc
2967 5559 3585 5645 casamcasam?

2002 5625 2391 5697 orbe'ié'i’ihhm'
2416 5625 2616 5701 distare,
2640 5625 2873 5701 antatium
2895 5625 3126 5701 pueritia;
3147 5634 3214 5678 est
3238 5625 3583 5701 infortunare,

2005 5694 2088 5770 qui
2109 5707 2173 5770 ad
2199 5703 2457 5770 perfectam
2484 5694 2669 5770 devenit
2693 5699 2915 5770 aetatem;
2939 5697 2983 5743 et
3007 5694 3253 5751 utriusque
3287 5694 3584 5752 cognitionis.

2010 5759 2121 5829 Qua:
2146 5759 2295 5817 lectio
2313 5760 2514 5827 quadrat
2536 5759 2595 5809 ad
2619 5759 2816 5809 seriem.
