3956 6402
465 353 571 409 διὶῦ

459 471 740 537 Quomodo
760 470 900 524 enim
930 470 981 522 in
1005 468 1148 522 cmlis
1172 465 1391 526 habitat,
1423 466 1512 534 qui
1535 464 1723 519 czelmn
1750 472 1804 518 et
1838 473 2036 518 terram

461 560 692 630 implet?
722 560 808 627 qtti
838 559 1028 627 ubique
1050 570 1284 625 praesens
1307 554 1423 609 est?
1459 555 1548 624 qui
1580 553 1742 608 dicit:
1782 552 1913 607 Deus
1952 569 2046 620 ap-

462 655 804 721 propinquans
831 665 921 719 ego
950 663 1061 702 sum
1084 688 1099 712 ,
1139 658 1185 700 et
1214 663 1313 700 non
1349 645 1488 700 Deus
1526 646 1704 715 praeut
1745 643 1896 716 (Jer.
1947 645 2039 699 25.

459 743 575 813 ‘23).
600 744 696 809 Qui
728 758 923 795 mensus
966 750 1036 794 est
1076 742 1254 793 cretum
1286 739 1472 808 palmo,
1506 750 1551 791 et
1596 748 1781 791 terram
1817 737 2043 807 pugillo;

457 835 545 904 qui
576 833 794 886 continet
827 832 1067 884 ambitum
1114 838 1261 883 terra:
1304 829 1321 897 (
1356 827 1484 882 Isai.
1513 828 1603 884 40.
1630 827 1714 882 12.
1742 828 1878 896 2i)?
1928 826 2037 882 Sed

461 924 713 993 quoniam
745 922 1058 992 loquebatur
1087 929 1212 975 tunc
1235 934 1356 974 cmn
1385 918 1614 983 ludatis,
1670 928 1947 987 propterea
1976 932 2043 972 eo

457 1029 706 1071 sermone
746 1030 873 1068 usus
898 1022 1016 1078 est,
1043 1013 1294 1083 paulatim
1315 1012 1525 1082 erigens
1546 1026 1729 1064 eorum
1760 1010 2042 1079 cogitatio-

462 1122 607 1169 nem,
642 1113 699 1159 et
719 1114 950 1159 mentem
981 1104 1179 1158 sensim
1201 1103 1459 1157 extollens
1487 1113 1538 1156 et
1559 1100 1812 1156 evehens.
1840 1101 2042 1155 Idcirco

459 1212 565 1251 non
593 1195 729 1250 dixit
754 1194 1109 1259 Solummodo,
1146 1193 1247 1258 Qui
1274 1193 1324 1247 in
1354 1192 1471 1246 altis
1499 1192 1709 1256 habitat,
1755 1201 1800 1245 et
1830 1190 2041 1243 humilia

457 1288 659 1358 respicit
687 1303 706 1341 :
737 1285 831 1341 sed
860 1300 981 1340 cum
1024 1286 1170 1354 prius
1208 1285 1452 1350 dixisset,
1486 1285 1611 1352 Quis
1635 1285 1766 1338 sicut
1790 1282 2041 1337 Dominus

458 1376 795 1437 Deusnoster,
814 1385 924 1429 tum
938 1374 1227 1444 subiunxit,
1245 1374 1347 1442 Qui
1362 1375 1539 1428 inultis
1554 1374 1761 1437 habitat,
1795 1384 1842 1426 et
1870 1374 2040 1425 Immi-

457 1466 528 1519 lia
545 1466 767 1535 respicit,
786 1466 1311 1535 ostendenSquanatu
1329 1465 1395 1518 de
1408 1480 1565 1518 causa
1590 1465 1714 1517 illud
1745 1458 2037 1519 secundum

456 1557 670 1623 dixerit,
686 1572 876 1627 nempe
893 1567 1108 1627 pr0pter
1120 1556 1391 1611 .ludaicatn
1407 1557 1815 1610 imbecillitatem
1831 1555 2040 1609 simula-

454 1662 544 1699 cra
562 1654 949 1717 stupentem,et
979 1647 1173 1702 deosin
1190 1647 1608 1715 locisettetnplis
1632 1648 1912 1702 conclusos
1946 1646 2039 1701 ad-

459 1748 725 1792 orantem.
754 1738 877 1795 Ideo
913 1740 1113 1794 inducit
1150 1740 1403 1808 paulatim
1420 1740 1891 1808 comparationem,
1913 1740 2038 1793 licet

460 1829 594 1883 citra
633 1831 1080 1899 comparationem
1122 1830 1261 1884 Deus
1277 1845 1463 1885 omnes
1491 1830 2035 1899 superemineatzsed

459 1920 526 1975 ad
550 1921 965 1977 imbecillitatem
992 1924 1290 1976 auditorum
1310 1965 1322 1986 ,
1352 1924 1491 1977 sicut
1519 1923 1625 1977 dixi
1650 1965 1664 1987 ,
1695 1940 1867 1993 neque
1894 1924 2034 1978 enim

457 2013 680 2068 cessabo
702 2013 805 2068 huc
830 2014 1044 2069 assidue
1070 2014 1270 2077 dicere,
1290 2015 1584 2070 orationem
1612 2016 1913 2069 concinnat.
1934 2015 2038 2069 Ne-

456 2120 562 2174 que
595 2107 735 2160 enim
778 2107 1050 2176 quaerebat
1097 2116 1153 2161 ut
1199 2116 1323 2162 tunc
1351 2106 1551 2161 diceret
1580 2108 1776 2176 aliquid
1819 2108 2033 2177 dignum

456 2195 549 2250 Dei
580 2196 771 2265 gloria,
800 2197 894 2251 sed
922 2206 977 2251 ut
1003 2198 1143 2267 quod
1168 2198 1390 2265 diceret,
1414 2199 1482 2251 ab
1499 2198 1580 2253 eis
1605 2200 1721 2267 capi
1751 2209 1946 2268 posset.
1970 2200 2038 2254 Et

454 2286 577 2341 ideo
607 2287 855 2355 paulatim
875 2302 969 2341 eos
993 2288 1260 2342 sustollit:
1293 2297 1347 2343 et
1390 2300 1565 2342 tamen
1608 2305 1675 2345 ne
1701 2290 1777 2343 sic
1819 2289 2033 2358 quidem

454 2384 733 2443 permanet
755 2377 804 2429 in
823 2376 1140 2443 humiliattc,
1162 2376 1254 2432 sed
1276 2391 1457 2432 rursus
1482 2378 1652 2446 aperit
1679 2379 1934 2447 quosdam
1952 2380 2036 2433 al-

457 2466 622 2519 tiores
669 2480 879 2519 sensns.
911 2465 1195 2535 Postquam
1221 2466 1364 2522 enim
1387 2466 1543 2534 dixit,
1576 2467 1678 2532 Qui
1719 2470 1771 2522 in
1799 2470 1916 2524 altis
1941 2470 2034 2523 ha-

455 2556 601 2620 bitat,
628 2571 676 2609 et
700 2555 910 2610 humilia
936 2558 1139 2626 respicit
1169 2572 1188 2611 :
1215 2573 1398 2612 rursus
1417 2558 1482 2613 ad
1506 2559 1694 2613 altiora
1735 2561 2031 2615 orationem

456 2650 721 2703 extollens
749 2649 876 2703 dicit
905 2666 920 2705 :
955 2648 1020 2703 In
1045 2651 1168 2703 uelo
1196 2660 1242 2704 et
1271 2651 1323 2704 in
1355 2660 1488 2704 terra
1525 2666 1546 2705 :
1579 2650 1868 2706 ostendens
1910 2667 2032 2706 eum

453 2756 575 2795 esse
603 2741 818 2810 ubique,
867 2751 919 2795 et
966 2741 1070 2806 hic,
1102 2752 1156 2796 et
1197 2742 1323 2796 illic.
1353 2741 1470 2796 Non
1497 2742 1638 2797 enim
1684 2749 1948 2812 tamquam
1980 2743 2032 2796 in

452 2833 587 2885 earlo
610 2832 863 2897 inclusus,
895 2834 1110 2901 respicit
1133 2833 1340 2887 eminus
1361 2848 1481 2903 qua:
1505 2833 1638 2887 fiunt
1663 2835 1714 2887 in
1743 2843 1906 2899 terra,
1936 2833 2032 2889 sed

455 2925 650 2994 ubique
679 2941 913 2993 pnt‘sens
932 2936 987 2980 ct
1008 2927 1256 2980 omnibus
1282 2928 1559 2983 assistens.

523 3018 576 3071 5.
624 3018 808 3072 Vdisti
852 3020 1119 3087 quomodo
1165 3020 1415 3089 paulatim
1453 3031 1684 3077 mentem
1728 3026 2029 3078 auditorum

448 3110 677 3163 sustollit
697 3110 810 3180 (a)?
839 3111 1478 3168 Deindecumanditorem
1509 3128 1538 3168 a
1564 3124 1701 3169 terra
1730 3116 2025 3180 extulisset,

447 3211 499 3255 et
531 3203 581 3255 in
612 3203 745 3257 canto
769 3203 1085 3257 collocasset
1128 3222 1141 3256 :
1185 3219 1371 3259 rursus
1400 3220 1695 3273 procurans
1737 3216 1792 3261 ut
1832 3208 2028 3278 aliquid

458 3290 631 3362 majtis
659 3294 837 3347 animo
867 3294 1323 3362 apprehenderet,
1351 3297 1495 3351 venit
1519 3297 1584 3351 ad
1611 3298 1754 3353 aliud
1782 3299 1900 3368 ejus
1932 3315 2029 3370 po-

451 3383 630 3437 tentia:
657 3384 932 3446 indicium,
959 3384 1176 3439 dicens:
1208 3387 1261 3438 7.
1291 3384 1558 3441 Suscitans
1585 3406 1615 3441 a
1649 3398 1781 3441 terra
1807 3392 2026 3458 inopem,

451 3485 499 3528 et
523 3474 587 3526 de
610 3482 829 3527 stercore
852 3475 1047 3545 erigens
1071 3491 1367 3545 pauperem.
1387 3476 1588 3545 Magna:
1608 3487 1688 3531 est
1708 3479 1849 3531 enim
1872 3488 2029 3548 atque

448 3568 584 3620 adeo
614 3565 895 3621 iucll'abilis
929 3568 1209 3635 potentia),
1242 3582 1401 3636 parva
1431 3567 1707 3623 extollere.
1744 3568 1881 3622 Alibi
1930 3585 2026 3623 au-

448 3667 557 3713 tem
586 3657 909 3712 contmrium
939 3673 1149 3727 quoque
1173 3659 1314 3727 ponit
1341 3658 1495 3722 alius,
1527 3659 1665 3727 quod
1685 3675 1869 3728 magna
1890 3676 2024 3730 quo-

444 3764 549 3817 que
576 3747 857 3817 deprimat,
902 3749 980 3803 sic
1022 3750 1206 3803 (licens
1237 3768 1250 3804 :
1292 3748 1533 3803 Dividens
1560 3752 1910 3805 rantritionem
1938 3770 2027 3807 su-

447 3856 537 3908 per
561 3839 929 3910 fortitudinem,
959 3851 1004 3894 et
1045 3841 1297 3895 miseriam
1341 3860 1497 3911 supra
1522 3845 1885 3898 munimentum
1933 3846 2029 3899 ad-

445 3932 664 4002 iungens
691 3930 867 4001 (Amos
913 3933 966 3987 5.
1014 3932 1092 4001 9).
1136 3933 1235 3987 llic
1259 3934 1470 4002 quidem
1501 3945 1649 3989 certe
1676 3936 1875 3989 dictum
1902 3947 1979 3991 est
2007 3978 2024 4003 ,

442 4021 585 4090 quod
616 4022 782 4089 possit
806 4022 1024 4089 pusillos
1049 4022 1272 4091 erigere.
1304 4023 1400 4078 Est
1423 4025 1601 4094 itaque
1615 4026 2023 4091 generalisora-

445 4114 542 4166 tio.
572 4112 724 4178 Quod
752 4113 795 4165 si
826 4114 947 4183 quis
972 4114 1082 4167 haec
1107 4117 1267 4167 etiam
1299 4117 1426 4168 velit
1443 4118 1686 4186 accipere
1708 4119 2019 4187 anagogicc,

440 4203 641 4258 videbit
668 4205 767 4257 hoc
789 4203 984 4257 factum
1014 4218 1133 4257 esse
1160 4205 1211 4258 iu
1245 4206 1516 4274 gentibus,
1547 4206 1745 4261 videbit
1777 4208 1878 4261 hoc
1896 4224 2025 4262 eve-

348 4302 353 4305 ’
443 4294 587 4347 uisse
618 4293 669 4346 in
697 4293 849 4346 nobis
880 4292 1181 4347 hominibus
1210 4303 1450 4363 tempore
1498 4294 1758 4349 adventus
1804 4297 2021 4351 Christi.

441 4384 577 4451 Quid
602 4383 745 4439 enim
771 4393 884 4438 erat
915 4393 1093 4436 nostra
1122 4394 1307 4439 natura
1348 4388 1663 4454 pauperins?
1687 4387 1814 4440 Eam
1846 4398 2021 4443 tamen

442 4477 616 4529 erexit
642 4484 697 4530 et
722 4476 936 4530 sustulit
971 4475 1021 4529 iu
1049 4476 1236 4531 ca'luut
1263 4494 1383 4533 cum
1414 4479 1608 4537 nostris
1639 4480 1886 4547 primitiis
1909 4523 1921 4541 .
1955 4492 2012 4534 et

443 4567 721 4620 constituit
748 4568 1023 4622 sedentem
1070 4568 1122 4621 in
1144 4569 1289 4623 cadis
1317 4569 1367 4621 itt
1401 4568 1595 4622 throno
1626 4570 1817 4623 Patris.
1867 4569 1930 4623 Et
1962 4578 2025 4626 tle

440 4669 657 4712 stercore
677 4660 870 4727 erigens
894 4676 1184 4731 pauperem,
1214 4662 1269 4717 8.
1298 4671 1351 4714 ut
1372 4662 1581 4717 collocet
1609 4679 1722 4717 eum
1750 4680 1862 4716 cunt
1884 4666 2024 4734 priu-

439 4750 655 4820 cipibus,
702 4766 815 4803 cum
855 4752 1163 4821 priuetpibus
1212 4754 1385 4822 pepuli
1412 4755 1510 4809 sui.
1539 4754 1753 4809 Stercus
1781 4756 1863 4808 hie
1895 4757 2026 4811 dicit

443 4844 718 4904 vilitatem,
747 4854 822 4906 et,
850 4856 970 4911 quae
990 4859 1052 4895 ex
1081 4859 1140 4895 ea
1175 4845 1252 4908 fit,
1283 4846 1613 4912 repentinam
1644 4846 2015 4909 tutntntinnem,

440 4932 732 4987 ostendens
755 4934 804 4987 ei
848 4948 970 4987 esse
1009 4934 1186 4987 omnia
1231 4935 1401 4989 facilia
1428 4948 1480 4990 et
1505 4936 1770 5004 expedita.
1826 4937 2022 4993 Deinde

441 5028 632 5081 transit
658 5026 722 5079 ad
744 5025 885 5079 aliud
919 5030 1109 5090 majus.
1134 5027 1411 5092 Quodnam
1446 5028 1584 5082 hoc?
1613 5030 1764 5096 Quod
1798 5046 1901 5083 non
1930 5047 2022 5085 so-

441 5118 548 5172 lum
578 5128 750 5187 potest
775 5134 861 5172 res
892 5117 1180 5172 transferre
1198 5158 1212 5180 ,
1240 5128 1294 5173 et
1322 5118 1608 5175 humilibus
1629 5120 1757 5175 dare
1782 5122 2023 5174 anetori-

394 5226 403 5235 ‘
441 5222 625 5275 tatem,
655 5212 747 5268 sed
774 5213 939 5281 ipsius
958 5213 1116 5265 etiam
1150 5222 1352 5266 natura:
1384 5221 1752 5267 trausmovere
1784 5213 1977 5266 limites
2001 5254 2015 5275 ,

439 5317 492 5358 et
531 5320 649 5359 eam
672 5345 686 5369 ,
717 5320 834 5373 qtae
876 5314 993 5358 erat
1016 5304 1234 5366 sterilis,
1268 5313 1489 5358 matrem
1525 5302 1761 5358 efficere.
1810 5303 1875 5357 Et
1904 5304 2024 5357 ideo

442 5396 712 5463 subjunxit
744 5414 756 5449 :
789 5396 842 5446 α.
880 5396 981 5461 Qui
1002 5394 1230 5448 habitare
1257 5395 1377 5464 facit
1396 5396 1614 5448 sterilem
1637 5395 1685 5446 in
1714 5393 1885 5457 domo,
1910 5411 2022 5449 um-

442 5494 566 5536 trem
594 5500 743 5552 super
763 5483 883 5551 ,‘t‘liis
912 5484 1184 5538 latentem.
1212 5483 1364 5551 Quod
1399 5484 1611 5554 quidem
1640 5482 1834 5537 factum
1858 5494 1944 5539 est
1970 5484 2020 5536 in

504 5592 576 5651 (τι)
609 5599 663 5655 in
702 5599 883 5646 Οῑωθο.
921 5610 1043 5655 καροῖ
1071 5606 1137 5653 τήν
1159 5602 1318 5645 tam
1339 5614 1410 5646 τῶν
1440 5606 1655 5645 invadimus.
1684 5596 2023 5653 Interpretatio

446 5653 500 5697 ad
526 5653 726 5713 verbum
745 5661 900 5713 esset.
924 5653 1014 5703 aliis
1031 5654 1221 5703 instruit
1243 5662 1461 5713 mentem,
1485 5657 1528 5705 id
1548 5663 1641 5712 est,
1660 5655 1719 5704 ad
1743 5655 2023 5703 sublimiora

445 5709 785 5778 consideranda
809 5712 1029 5762 informat
1053 5715 1374 5778 idoneamque
1405 5709 1559 5767 reddit
1583 5730 1597 5777 ;
1623 5709 1715 5778 qua
1741 5717 2020 5778 ntetapltcna

449 5768 835 5826 frequentissime
861 5777 1004 5822 utitur
1028 5768 1398 5837 Chrysestoxitus.

1163 350 1220 405 s.
1259 348 1537 405 JOANNIS
1573 345 2056 403 cnnvsosrom
2099 346 2416 401 Αῐιωιιιειι.
2457 334 2994 408 ῡυΝδτΑΝτιΝορ.
3599 358 3680 417 3m

2152 465 2325 524 Anna,
2349 463 2487 531 quod
2517 465 2709 519 factum
2744 466 2796 521 iu
2824 467 2943 522 aliis
2973 469 3439 525 innumerabilibus
3463 473 3541 540 (1.
3574 472 3683 545 Reg.

2149 553 2222 621 l).
2253 553 2435 606 Vidisti
2461 553 2713 624 hymnum
2739 556 3029 625 perfectum
3051 559 3076 611 ἲ
3099 558 3270 614 vidisti
3300 559 3542 631 hymnum
3558 577 3681 616 com-

2147 644 2386 712 pletmn?
2417 645 2554 699 Dixit
2583 662 2645 699 ea
2666 663 2783 717 quae
2814 649 3116 703 universum
3142 651 3324 705 urbem
3357 661 3509 705 terra:
3530 667 3684 708 corrc.

2145 748 2295 793 ctura
2326 747 2517 801 erant,
2564 739 2833 808 quomodo
2873 753 2985 796 erat
3025 752 3329 798 cessaturus
3371 744 3686 812 Judaismus,

2145 827 2414 892 quomodo
2439 844 2571 881 nova
2603 829 2855 884 Ecclesia!
2879 832 3176 900 rcSpublica
3207 843 3321 887 erat
3366 834 3417 887 iu
3466 835 3687 903 splendo.

2148 933 2259 971 rem
2281 919 2508 980 exitura,
2534 919 2801 988 quomodo
2828 932 2941 976 erat
2971 922 3164 989 ubique
3189 922 3513 978 offerendum
3552 927 3693 978 sacri-

2147 1005 2343 1059 ficium.
2376 1007 2576 1061 Deinde
2598 1007 2838 1064 efficiens
2864 1020 2922 1064 ut
2946 1012 3028 1065 vel
3055 1013 3408 1067 crassiorihus
3429 1013 3529 1068 llde
3556 1014 3690 1084 digna

2145 1112 2281 1153 esset
2311 1099 2502 1164 oratio,
2551 1100 2708 1156 exiis
2736 1118 2855 1170 quae
2878 1102 2988 1170 jam
3026 1104 3178 1169 fiunt,
3217 1119 3335 1172 qua:
3380 1114 3502 1158 sunt
3545 1104 3693 1159 futura

2145 1194 2447 1246 confirmat.
2480 1193 2629 1259 Quod
2661 1204 2837 1248 autem
2868 1195 3013 1260 dicit,
3043 1205 3126 1250 est
3145 1196 3405 1266 ejusmodi
3433 1215 3445 1248 :
3472 1196 3545 1251 Ne
3576 1197 3694 1250 diffi-

2143 1283 2239 1337 das
2271 1284 2495 1337 futuram
2529 1294 2726 1339 tantam
2757 1288 3125 1352 mutationem,
3169 1297 3224 1342 et
3263 1288 3695 1357 disjectasgcntes

2144 1389 2264 1429 esst:
2287 1384 2537 1429 venturas
2575 1377 2858 1430 maximam
2898 1378 2948 1431 in
2994 1377 3239 1447 gloriam.
3271 1378 3385 1432 Non
3426 1379 3569 1434 vides
3602 1379 3696 1433 hac

2145 1468 2255 1519 fieri
2286 1468 2561 1535 quotidie?
2584 1468 2762 1521 extolli
2783 1468 3034 1533 humiles,
3063 1479 3117 1522 et
3137 1469 3329 1523 sedere
3359 1486 3478 1522 cutn
3519 1470 3696 1538 princi-

2144 1559 2332 1626 pihu~?
2359 1574 2462 1612 non
2490 1558 2636 1613 vides
2666 1567 2929 1624 naturam,
2953 1575 3071 1629 qum
3098 1568 3212 1612 erat
3233 1575 3417 1613 manca
3446 1568 3499 1614 et
3512 1560 3691 1624 tnut‘la,

2142 1651 2354 1718 corrigi,
2387 1650 2597 1705 steriles
2639 1661 2838 1705 matres
2866 1651 3019 1705 fieri?
3052 1651 3178 1704 Tale
3206 1650 3331 1721 quid
3360 1652 3519 1704 etiam
3543 1652 3696 1705 evenit

2144 1741 2194 1793 in
2223 1740 2481 1793 Ecclesia.
2514 1741 2639 1794 Erat
2669 1740 2890 1807 sterilis,
2920 1740 3013 1794 sed
3042 1742 3325 1795 multorum
3352 1741 3570 1795 filiorum
3597 1757 3695 1794 ma-

2144 1838 2224 1883 ter
2249 1830 2384 1884 facta
2417 1840 2519 1883 est.
2570 1830 2831 1896 Quocirca
2876 1829 3184 1884 dicitlsaias
3213 1847 3227 1883 :
3258 1829 3692 1894 Lwtare,s.‘erifis,

2140 1936 2254 1991 quis
2281 1937 2380 1972 non
2419 1921 2557 1987 paris
2579 1935 2599 1984 ;
2625 1937 2830 1990 erumpe
2856 1931 2901 1973 et
2930 1920 3115 1985 clama,
3155 1937 3267 1989 quia
3307 1937 3407 1974 non
3451 1921 3690 1990 parturis:

2140 2010 2377 2076 quoniam
2409 2010 2555 2061 multi
2596 2018 2713 2061 sunt
2739 2009 2834 2077 ﬁlii
2862 2010 3073 2064 deserta:
3096 2011 3256 2079 magis
3285 2026 3437 2079 quam
3478 2011 3579 2080 ejus
3605 2024 3697 2077 qua:

2142 2100 2286 2152 habet
2321 2100 2482 2153 virum
2522 2098 2541 2169 (
2572 2098 2699 2151 Isai.
2736 2100 2824 2154 54.
2860 2099 2912 2169 1)
2941 2116 2954 2152 :
2992 2099 3092 2153 hoc
3118 2099 3171 2153 in
3200 2100 3440 2153 Ecclesia
3489 2099 3693 2153 futurum

2141 2191 2521 2261 prmunntians.
2573 2190 2835 2256 Quoc'rt-a
2881 2190 2965 2244 hic
3017 2206 3228 2260 quoque
3277 2191 3571 2245 orationem
3611 2189 3697 2242 hoc

2142 2281 2260 2335 loco
2277 2282 2485 2346 clausit,
2530 2281 2866 2350 prophetiam
2897 2281 3000 2335 ﬁde
3022 2282 3234 2348 dignam
3277 2281 3404 2335 hinc
3444 2280 3693 2341 efficiens,

2139 2388 2202 2426 ex
2232 2373 2315 2437 iis,
2344 2388 2462 2442 quas
2498 2372 2609 2442 jam
2659 2371 2796 2427 facta
2841 2381 3004 2440 sunt,
3035 2373 3101 2427 ab
3146 2373 3263 2442 ejus
3308 2373 3696 2443 magniﬁcentia.

2138 2464 2498 2533 Quaecumque
2527 2463 2670 2518 enim
2699 2463 2808 2518 Deo
2837 2464 3008 2517 visum
3039 2461 3253 2528 fuerint,
3300 2473 3429 2518 sunt
3469 2462 3602 2518 factu
3626 2460 3695 2516 fa-

2138 2555 2279 2609 cilia.
2310 2555 2493 2609 Potest
2519 2555 2660 2609 enim
2695 2564 3050 2609 transmutare
3078 2563 3347 2617 naturam,
3372 2564 3426 2609 et
3453 2555 3696 2608 humilita-

2143 2656 2247 2700 tem
2277 2646 2567 2700 transferre
2597 2646 2646 2699 in
2685 2645 3017 2699 altitudinem
3042 2685 3056 2709 ,
3103 2653 3158 2698 et
3207 2660 3389 2700 mores
3431 2644 3694 2713 corrigere.

2137 2737 2270 2792 Cum
2304 2738 2417 2792 haec
2438 2752 2566 2805 ergo
2588 2738 2818 2792 sciamus
2845 2737 3044 2801 omnia,
3072 2752 3193 2806 qua:
3223 2748 3408 2791 nostra
3440 2748 3558 2791 sunt
3581 2734 3694 2788 alie-

2136 2844 2338 2893 ramus,
2391 2839 2446 2885 et
2491 2832 2636 2883 omni
2693 2828 2932 2883 fruemur
2954 2829 3143 2898 gloria,
3193 2838 3246 2882 et
3274 2828 3345 2883 ad
3401 2826 3693 2883 inell'ahilem

2137 2921 2489 2976 ascendemus
2517 2920 2873 2981 altitudinem,
2907 2920 2997 2974 Dei
3024 2921 3221 2979 auxilio
3242 2920 3400 2974 freti:
3432 2922 3515 2975 cui
3548 2918 3694 2989 gloria

2137 3021 2190 3066 et
2242 3012 2497 3081 potentia,
2532 3011 2673 3065 Patri
2721 3020 2775 3065 et
2818 3012 2952 3065 Filio
2979 3021 3033 3065 et
3056 3011 3274 3080 Spiritui
3327 3020 3532 3076 sancto,
3574 3023 3695 3064 nunc

2137 3114 2192 3161 et
2212 3120 2448 3174 semper,
2469 3114 2523 3159 et
2549 3104 2598 3157 in
2625 3104 2815 3157 sarcula
2844 3104 3183 3157 sxculorum.
3213 3103 3411 3157 Amen.

2596 3238 2660 3293 ΙΝ
2700 3236 3023 3295 PSAMIUM
3060 3236 3242 3291 CXlll.

2137 3353 2189 3409 1.
2233 3353 2294 3407 In
2316 3354 2450 3407 exitu
2490 3350 2653 3406 Israel
2673 3350 2736 3405 de
2767 3349 3020 3420 .Eggpto,
3050 3349 3228 3402 domus
3246 3345 3413 3402 Iacob
3444 3347 3506 3400 de
3531 3344 3698 3415 populo

2204 3446 2441 3508 barbaro,
2470 3444 2523 3497 Ξ.
2553 3446 2687 3514 facta
2713 3453 2786 3498 est
2813 3442 3000 3497 Judwa
3036 3440 3371 3509 sanctiﬁcatio
3397 3440 3523 3510 ejus,
3552 3433 3697 3490 Israel

2206 3548 2421 3611 potestas
2452 3539 2581 3608 ejus.

2207 3652 2261 3705 1.
2302 3650 2540 3717 Magnam
2569 3648 2652 3702 hic
2686 3656 2911 3701 testatur
2950 3646 3041 3699 Dei
3084 3645 3463 3712 benignitatem
3494 3651 3548 3696 et
3570 3654 3700 3694 man-

2133 3740 2488 3794 suetudinem.
2542 3738 2837 3804 Quamnam
2888 3735 3059 3789 hanc?
3109 3734 3259 3801 Quod
3314 3748 3439 3787 cum
3490 3732 3697 3802 primum

2132 3829 2367 3884 ostendit
2392 3828 2711 3896 potentiam;
2741 3836 2864 3881 tunc
2891 3835 2946 3879 ut
2976 3826 3089 3894 ipse
3114 3824 3366 3877 adoretur
3392 3824 3569 3891 exigit.
3602 3819 3699 3872 Hoc

2133 3923 2274 3977 enim
2302 3922 2608 3991 significans
2630 3919 2841 3973 dicebat
2870 3935 2882 3971 :
2913 3916 2972 3970 In
3019 3919 3154 3970 exitu
3187 3915 3354 3969 Israel
3374 3917 3439 3969 de
3462 3912 3698 3982 [Εέιυριο.

2134 4017 2268 4084 facta
2295 4023 2365 4066 est
2403 4011 2591 4065 .Intlwa
2630 4010 2964 4074 sanctiﬁcatio
3015 4009 3144 4077 ejus.
3192 4007 3344 4062 Tunc
3384 4006 3523 4060 enim
3565 4017 3699 4057 suam

2132 4107 2364 4161 ostendit
2397 4105 2682 4172 potentiam
2720 4118 2812 4171 per
2849 4102 3000 4171 signa
3044 4116 3163 4169 qua:
3205 4100 3255 4151 in
3295 4098 3532 4170 [Egypto
3579 4094 3698 4147 facta

2130 4210 2273 4261 sunt,
2301 4208 2355 4251 et
2386 4214 2478 4265 per
2506 4213 2567 4251 ea
2592 4213 2710 4264 qum
2739 4196 2788 4248 iu
2816 4195 3031 4249 deserto
3061 4212 3074 4246 :
3110 4203 3236 4247 tunc
3269 4194 3433 4246 etiam
3468 4188 3699 4258 populum

2129 4291 2226 4343 sibi
2257 4288 2428 4342 effecit
2453 4287 2785 4341 familiarem.
2808 4285 2921 4339 Hoc
2941 4286 3111 4352 ipsum
3132 4284 3289 4338 etiam
3311 4282 3501 4338 fet'itin
3526 4280 3696 4334 Adam.

2128 4381 2262 4436 Cum
2294 4380 2432 4433 enim
2461 4379 2608 4448 prius
2639 4378 2891 4431 mundum
2935 4375 3181 4438 fecisset,
3214 4385 3267 4429 et
3295 4392 3409 4428 sum
3438 4371 3696 4442 sapientia:

2128 4485 2182 4527 ct
2204 4473 2451 4541 potentia:
2486 4473 2585 4524 vim
2615 4470 2955 4531 ostendisset,
2981 4471 3048 4523 ita
3080 4468 3229 4522 tinxit
3252 4468 3545 4531 hominem,
3568 4474 3617 4519 et
3643 4463 3700 4513 ah

2130 4581 2194 4620 eo
2222 4566 2397 4631 exegit
2435 4562 2819 4617 adorationem.
2864 4561 2939 4616 lta
2969 4561 3129 4616 etiam
3171 4559 3475 4627 unigenitus
3504 4556 3591 4610 Dei
3622 4552 3700 4607 Fl-

2130 4652 2232 4708 iius
2262 4670 2381 4707 cum
2430 4654 2654 4720 primum
2693 4650 2840 4721 signa
2886 4649 3201 4719 przchuisset
3238 4649 3403 4702 multa
3448 4658 3497 4702 et
3544 4644 3702 4696 omnis

2092 4797 2097 4801 .
2127 4745 2357 4815 generis,
2387 4754 2509 4797 tunc
2539 4742 2694 4796 litlrm
2721 4741 2916 4810 exegit.
2940 4740 3196 4806 Quocirca
3222 4740 3284 4792 iis
3308 4738 3519 4806 quidem
3542 4735 3625 4802 qtti
3643 4731 3701 4783 alt

2130 4836 2279 4890 initio
2306 4834 2371 4887 ad
2393 4850 2510 4887 eum
2535 4832 2875 4895 accedebant,
2909 4840 2963 4884 ut
2984 4831 3070 4899 qui
3098 4830 3210 4897 ejus
3237 4829 3455 4897 pignora
3485 4840 3586 4879 non
3612 4823 3698 4874 ha-

2130 4926 2349 4992 berentn
2386 4940 2484 4977 nec
2535 4932 2904 4990 argumentum
2949 4920 3240 4974 divinitatis
3265 4960 3280 4983 ,
3340 4936 3444 4971 Itutl
3482 4914 3697 4975 dicebat,

2128 5017 2374 5078 Creditis,
2407 5032 2492 5069 tne
2524 5030 2680 5082 posse.
2706 5013 2806 5068 hoc
2842 5012 3052 5066 facere?
3081 5011 3173 5064 sed
3201 5011 3348 5080 signa
3380 5005 3701 5065 solummodo

2127 5106 2462 5160 ostendebat.
2512 5104 2615 5158 Sed
2664 5113 2939 5172 postquam
2990 5102 3185 5171 ubique
3237 5118 3330 5169 per
3379 5101 3701 5155 l‘ala‘stinam

2130 5197 2373 5261 deposuit
2397 5211 2507 5249 sua:
2538 5194 2861 5248 menimenta
2888 5194 3159 5261 polentae,
3183 5192 3383 5246 Inutilis
3402 5190 3700 5259 corporibus

2129 5288 2421 5343 remedium
2453 5287 2700 5347 offerens,
2732 5287 2910 5340 vitium
2941 5286 3233 5354 expellens,
3258 5285 3326 5339 de
3357 5299 3517 5353 regna
3545 5280 3700 5333 dissc-
3742 5298 3754 5310 ι

2130 5398 2273 5445 reus,
2307 5381 2449 5449 leges
2478 5380 2735 5433 salutares
2763 5380 3037 5439 sanciens,
3083 5391 3208 5431 tunc
3250 5379 3408 5431 etiam
3441 5376 3592 5428 fidem
3617 5385 3699 5425 ex-

2128 5474 2231 5542 egit
2251 5471 2421 5537 abiis,
2451 5470 2537 5539 qui
2560 5469 2899 5524 accedebant.
2920 5469 3173 5523 Ilomines
3189 5470 3329 5522 enim
3353 5467 3532 5520 volunt
3567 5463 3698 5533 prius

2130 5556 2406 5632 imperium
2432 5563 2694 5624 obtinere,
2728 5572 2779 5615 et
2808 5570 2933 5614 tunc
2956 5560 3332 5630 aggrediuntur
3363 5557 3692 5612 benefacere:

2131 5656 2271 5709 Deus
2300 5664 2477 5707 autem
2501 5652 2684 5721 incipit
2709 5669 2736 5704 a
2771 5651 3061 5706 beneficiis.
3090 5650 3152 5705 Et
3177 5650 3301 5717 quid
3328 5649 3445 5703 dico
3483 5645 3579 5699 alia
3608 5642 3694 5695 be-

2133 5746 2339 5809 neficia,
2373 5760 2492 5800 cum
2520 5745 2677 5799 etiam
2698 5757 2909 5799 crucem
2938 5742 3106 5811 ipsam
3132 5739 3471 5805 sustinuerit,
3501 5745 3551 5790 et
3577 5740 3692 5784 ιιιιιο
