3956 6412
218 322 323 377 503

212 428 247 481 ὁ
275 423 370 478 τὸν
400 423 628 494 οὐρανὸν
657 425 749 478 καὶ
781 426 877 498 τὴν
909 427 1008 494 γῆν
1053 423 1289 496 πληρῶν,
1328 429 1355 480 6
1386 426 1659 496 πανταχοῦ
1693 443 1796 480 πα-

219 507 356 579 ρὼν,
391 509 420 560 6
450 508 624 576 λέγων
644 527 655 539 ·
691 510 833 573 Θεὸς
854 509 1095 579 ἑγγίζων
1119 508 1230 579 ἐγώ
1255 512 1394 577 εἰμι,
1426 511 1522 563 καί
1550 512 1622 563 οὐ
1658 508 1801 573 Θεὸς

217 593 556 659 πόρρωθεν·
612 593 673 643 Ὀ
712 591 1007 663 μετρήσας
1052 592 1155 645 τὸν
1198 594 1460 659 οὐρανὸν
1507 591 1798 660 σπιθαμῇ,

216 674 323 729 καὶ
359 674 473 743 τὴν
519 675 636 743 γῆν
682 674 883 742 δρακί·
928 678 960 728 o'
992 674 1258 744 κατέχων
1304 676 1411 728 τὸν
1461 675 1647 744 γῦρον
1690 675 1805 751 τῆς

215 765 338 834 τῆς
361 782 381 828 ;
422 766 558 818 Ἀλλ’
592 766 776 837 ἐπειδὴ
810 767 941 833 πρὸς
985 766 1268 830 Ἰουδαίους
1298 767 1446 837 αὐτῷ
1475 764 1540 837 ἦν
1566 769 1593 819 6
1621 767 1799 835 λόγος,

214 847 308 900 διὰ
331 847 487 901 τοῦτο
512 848 645 910 τέως
673 847 815 901 οὕτω
843 850 1106 919 κέχρηται
1134 848 1213 919 τῷ
1237 849 1376 919 λόγῳ
1390 886 1407 911 ,
1430 849 1568 902 κατὰ
1606 849 1800 920 μικρὸν

86 991 99 1000 _
214 931 442 998 ἀνάγων
467 930 647 983 αὐτῶν
672 932 770 1002 τὴν
792 931 1053 994 διάνοιαν,
1074 932 1168 984 καὶ
1194 931 1408 1002 πτερῶν
1430 934 1528 1001 τὴν
1550 932 1796 1001 γνώμην,

216 1012 318 1065 καὶ
345 1012 688 1076 ἀναϐιϐάζων
711 1013 913 1083 ἠρέμα.
943 1013 1042 1066 Διὰ
1069 1013 1133 1083 δὴ
1166 1013 1324 1081 τοῦτο
1361 1012 1479 1065 οὐδὲ
1509 1012 1693 1076 ἁπλῶς
1726 1011 1791 1066 εἷ-

217 1112 346 1161 πεν,
390 1095 451 1148 Ὀ
481 1096 551 1148 ἐν
601 1095 866 1163 ὑψηλοῖς
916 1094 1230 1158 κατοικῶν,
1281 1094 1380 1148 καὶ
1429 1095 1504 1148 τὰ
1550 1094 1803 1150 ταπεινὰ

214 1178 486 1246 ἐφορῶν·
516 1178 651 1232 ἀλλά
697 1180 963 1249 πρότερον
1010 1178 1199 1241 εἰπὼν,
1260 1179 1357 1244 Τίς
1386 1180 1467 1244 ὡς
1506 1181 1721 1246 Κύριος
1769 1184 1803 1235 ό

220 1262 367 1327 Θεὸς
400 1260 602 1331 ἡμῶν;
632 1263 751 1316 τότε
781 1263 1078 1332 ἐπήγαγεν,
1122 1262 1183 1315 '0
1212 1261 1282 1314 ἐν
1322 1262 1588 1330 ὑψηλοῖς
1608 1281 1803 1317 κατοιο

215 1344 366 1406 κῶν,
395 1345 495 1399 καὶ
520 1346 591 1399 τὰ
610 1346 857 1400 ταπεινὰ
881 1346 1114 1414 ἐφορῶν
1131 1360 1145 1374 ’
1176 1340 1296 1398 εἷπε
1321 1347 1378 1399 δὲ
1402 1349 1577 1399 ἐκεῖνο
1599 1346 1799 1417 δηλῶν,

213 1430 365 1492 τίνος
393 1429 577 1482 ἕνεκεν
601 1428 662 1482 τὸ
682 1428 931 1499 δεύτερον
961 1426 1103 1482 εἷπε.
1135 1429 1233 1482 Διά
1258 1429 1365 1501 γὰρ
1390 1430 1489 1500 τὴν
1518 1429 1802 1484 ἀσθένειαν

212 1513 318 1583 τὴν
369 1511 664 1583 Ἰουδαῖκην
683 1514 781 1584 τὴν
810 1511 947 1583 πρὸς
975 1512 1044 1564 τά
1094 1511 1288 1565 εἴδωλα
1315 1512 1674 1584 ἐπτοημένην,
1706 1513 1799 1567 καὶ

214 1595 379 1657 θεοὺς
410 1594 819 1664 προσκυνοῦσαν
845 1596 969 1658 τοὺς
1009 1597 1068 1647 ὲν
1093 1595 1281 1657 τόποις
1305 1595 1399 1647 καὶ
1421 1597 1569 1658 ναοῖς
1601 1611 1801 1663 συγκευ

211 1677 588 1747 κλεισμένους.
619 1677 717 1731 Διά
743 1676 808 1747 δὴ
824 1677 983 1730 τοῦτο
1000 1676 1145 1730 κατά
1172 1677 1368 1750 μικρὸν
1392 1675 1490 1749 τὴν
1514 1678 1800 1749 σύγκρισιν

211 1763 475 1820 ποιεῖται,
507 1760 684 1812 καίτοι
725 1760 1068 1830 ἀσυγκρίτως
1104 1760 1361 1814 ἀπάντων
1403 1762 1432 1813 ὁ
1459 1760 1593 1824 Θεὸς
1630 1762 1800 1835 ύπερ-

210 1845 332 1914 ἔχει
353 1862 367 1874 ·
396 1843 533 1897 άλλὰ
563 1844 703 1916 πρὸς
732 1844 831 1914 τὴν
860 1844 1145 1899 ἀσθένειαν
1175 1844 1285 1898 τῶν
1308 1844 1631 1911 ἀκουόντων,
1661 1848 1799 1920 ὅπερ

209 1927 387 1998 ἔφθην
424 1926 595 1980 εἰπὼν
622 1928 704 1999 (ού
734 1927 842 1999 γάρ
874 1927 1149 1997 παύσομαι
1196 1928 1434 1998 συνεχῶς
1458 1927 1522 1982 τὸ
1551 1929 1682 1983 αὐτὸ
1712 1930 1799 1983 λέ-

210 2010 373 2079 γων),
407 2009 659 2082 ῥυθμίζει
682 2009 775 2063 τὸν
798 2010 973 2079 λόγον.
1000 2011 1075 2064 Οὐ
1103 2010 1213 2083 γὰρ
1236 2010 1445 2081 ἐζήτει,
1477 2013 1626 2075 ὅπως
1649 2013 1798 2080 ἄξιόν

207 2111 263 2146 τι
291 2094 393 2163 τῆς
421 2093 578 2164 δόξης
610 2094 754 2147 εἷποι
789 2093 883 2146 τοῦ
913 2092 1048 2149 Θεοῦ
1074 2095 1235 2159 τέως,
1260 2093 1373 2146 ἀλλ’
1396 2093 1545 2157 ὅπως
1569 2095 1797 2159 ἐκείνοις

204 2176 461 2247 χωρητὸν
488 2176 732 2247 γένηται.
779 2176 876 2229 Διὰ
912 2174 976 2247 δὴ
1020 2176 1176 2230 τοῦτο
1204 2176 1343 2231 κατά
1376 2177 1570 2247 μικρὸν
1598 2178 1796 2241 αὐτοὺς

204 2262 426 2329 ἀνάγει.
476 2261 569 2313 καλ⁴
609 2262 758 2330 ὅμως
784 2261 906 2314 οὐδὲ
935 2260 1109 2325 οὕτως
1148 2262 1473 2333 ὲναπομένει
1498 2265 1564 2334 τῇ
1606 2281 1795 2317 ταπει-

206 2345 417 2414 νότητι,
449 2344 586 2398 ἀλλά
630 2345 956 2413 διανοίγνυσι
999 2345 1161 2399 πάλιν
1193 2345 1499 2418 ὑψηλότερα
1546 2347 1795 2417 νοήματα

204 2428 395 2498 ἕτερα.
431 2426 652 2499 Ἐπειδὴ
678 2427 785 2498 γὰρ
813 2423 986 2491 εἶπεν,
1022 2427 1084 2480 '0
1102 2428 1173 2481 ἐν
1190 2429 1453 2496 ὑψηλοῖς
1481 2427 1792 2496 κατοικῶν,

206 2511 309 2563 καί
342 2509 418 2563 τὰ
465 2509 715 2563 ταπεινὰ
750 2510 1002 2578 ἐφιῳῶν,
1033 2510 1196 2564 πάλιν
1237 2512 1329 2564 ἐπὶ
1359 2511 1420 2565 τὸ
1465 2512 1795 2584 ὑψηλότερον

207 2591 362 2660 ἄγων
386 2592 477 2646 τὸν
517 2592 695 2661 λόγον,
730 2594 924 2663 φησίν·
964 2594 1066 2647 Ἑν
1106 2593 1186 2660 τῷ
1218 2593 1454 2662 οὐρανῷ
1481 2596 1579 2649 καὶ
1618 2596 1687 2649 ἐν
1720 2593 1796 2665 τῇ

204 2676 285 2746 τῇ
307 2695 322 2707 ·
371 2676 584 2739 δεικνὺς
619 2676 700 2729 ὅτι
739 2676 1021 2747 πανταχοῦ
1050 2679 1187 2742 ἐστι,
1225 2680 1385 2732 κάκεῖ
1414 2679 1505 2732 καὶ
1535 2679 1789 2733 ἐνταῦθα.

206 2764 282 2815 Οὐ
305 2762 418 2832 γὰρ
451 2762 527 2824 ὡς
555 2761 619 2815 ἄν
646 2777 733 2824 τις
767 2762 825 2815 ἐν
865 2762 1079 2834 οὐρανῷ
1120 2763 1628 2834 συγκεκλεισμένος,
1661 2765 1796 2837 πόρσ

204 2846 385 2920 ρωθεν
420 2843 609 2915 βλέπει
654 2844 722 2897 τὰ
754 2845 812 2897 ὲν
854 2848 919 2918 τῇ
962 2848 1056 2918 γῇ,
1105 2845 1242 2900 ἀλλὰ
1273 2846 1547 2918 πανταχοῦ
1579 2846 1789 2920 παρὼν,

206 2931 303 2983 καὶ
332 2931 469 2982 πᾶσι
492 2930 915 2999 παριστάμενος.

276 3020 347 3080 γ’.
379 3010 529 3075 Εἶδες
545 3012 664 3074 πῶς
690 3012 830 3066 κατά
862 3012 1058 3085 μικρὸν
1092 3016 1284 3085 πτεροῖ
1303 3012 1401 3086 τὴν
1421 3015 1659 3069 διάνοιαν
1685 3016 1794 3071 τῶν

206 3096 545 3162 άκουόντωνς
579 3091 713 3149 Εἶτα
742 3097 1054 3167 ἀναστήσας
1081 3097 1190 3150 ἀπὸ
1214 3099 1315 3168 τῆς
1344 3097 1449 3167 γῆς
1474 3099 1566 3152 τὸν
1593 3100 1796 3168 ἀκροα-

206 3180 309 3250 τὴν
358 3181 447 3233 καὶ
503 3177 581 3250 τῷ
611 3178 825 3251 οὐρανῷ
879 3178 1258 3250 προσηλώσας,
1311 3180 1471 3234 πάλιν
1506 3182 1689 3252 μεῖζόν
1739 3200 1793 3236 τι
1840 3219 1850 3230 .

211 3260 573 3330 φαντάζεσθαι
617 3262 1068 3331 παρασκευάσας,
1101 3262 1185 3330 ἐφ’
1215 3262 1401 3334 ἕτερον
1448 3263 1663 3335 ἔρχεται
1693 3266 1793 3335 τῆς

206 3343 492 3415 δυνάμεως
513 3344 677 3397 αὑτοῦ
702 3343 920 3414 δεῖγμα,
947 3343 1122 3412 λέγων
1143 3361 1158 3375 ·
1194 3345 1246 3398 Ὁ
1272 3346 1515 3417 ἐγείρων
1533 3348 1650 3402 ἀπὸ
1680 3347 1794 3417 γῆς

205 3427 474 3497 πτωχὸν,
519 3428 617 3481 καί
653 3427 773 3482 ἀπὸ
802 3428 1056 3496 κοπρίας
1096 3427 1354 3498 ἁνυψῶν
1401 3429 1647 3500 πένητα.
1688 3432 1793 3486 Με-

203 3512 386 3584 γάλης
408 3512 517 3583 γὰρ
564 3512 845 3582 δυνάμεως
873 3511 968 3566 καὶ
988 3513 1193 3586 σφόδρα
1217 3515 1444 3583 ἀφάτου,
1476 3518 1570 3569 καὶ
1601 3517 1670 3570 τὰ
1707 3535 1793 3588 μι-

204 3596 319 3665 κρὰ
346 3596 612 3666 ἐπαίρειν.
649 3594 909 3665 Ἀλλαχοῦ
940 3600 1124 3667 μέντοι
1149 3597 1243 3650 καὶ
1281 3598 1343 3651 τὸ
1370 3599 1608 3652 ἐναντίον
1639 3600 1795 3672 τίθη-

206 3692 315 3733 σιν·
344 3680 428 3731 ὅτι
459 3679 551 3731 καὶ
577 3677 645 3731 τά
670 3678 880 3749 μεγάλα
902 3680 1166 3743 ταπεινοῖ,
1201 3678 1376 3748 λέγων
1406 3680 1608 3744 οὕτως·
1637 3684 1793 3736 Διαι-

199 3760 330 3830 ρῶν
383 3761 722 3830 σύντριμμα
766 3773 793 3802 ι
829 3760 929 3813 ἐπὶ
977 3760 1182 3829 ἰσχὺν,
1236 3761 1335 3815 καί
1384 3766 1794 3833 ταλαιπωρίαν

204 3842 309 3896 ἐπὶ
360 3844 634 3913 ὀχύρωμα
668 3841 924 3912 ἐπάγων.
978 3842 1131 3916 [291]
1179 3843 1443 3899 Ἐνταῦθα
1499 3846 1682 3916 μέντοι
1727 3865 1791 3917 γε

203 3928 447 3997 εἴρηται,
472 3926 554 3979 ὅτι
582 3927 705 3989 τοὺς
731 3927 961 3998 μικροὺς
997 3927 1204 3997 ἐπᾶραι
1234 3926 1475 3982 δύναται.
1514 3929 1669 3982 Ἔστι
1693 3931 1791 4000 μὲν

200 4005 300 4064 οὖν
333 4010 429 4062 καὶ
454 4008 737 4071 καθολικὸς
763 4010 795 4063 6
821 4009 975 4076 λόγος
1006 4009 1054 4061 ι).
1087 4011 1150 4062 EI
1175 4009 1232 4063 δέ
1259 4028 1342 4074 τις
1372 4012 1465 4064 καὶ
1496 4011 1638 4065 κατά
1661 4014 1791 4067 ἀνα-

201 4092 398 4161 γωγὴν
442 4092 602 4147 αὑτὸν
633 4091 883 4145 ἐκλαϐεῖν
928 4091 1236 4164 βουληθείη,
1268 4093 1457 4163 ὄψεται
1500 4094 1660 4149 τοῦτο
1700 4097 1793 4150 ἐπὶ

200 4174 316 4229 τῶν
347 4172 517 4227 ἐθνῶν
550 4174 852 4245 γινόμενον,
882 4175 1073 4245 ὕψεται
1118 4178 1274 4231 τοῦτο
1303 4179 1397 4233 ἐπὶ
1436 4179 1546 4233 τῶν
1577 4179 1790 4252 ἀνθρώ-

201 4274 328 4310 πων
360 4256 518 4326 ἡμῶν
545 4256 636 4309 ἐπὶ
664 4257 766 4327 τῆς
805 4258 1108 4329 παρουσίας
1146 4258 1242 4312 τοῦ
1290 4262 1547 4332 Χριστοῦ.
1589 4263 1655 4315 Τί
1682 4262 1790 4335 γὰρ

199 4341 305 4407 τῆς
333 4340 608 4412 ἡμετέρας
628 4339 841 4410 φύσεως
868 4343 1245 4414 πτωχότερονς
1285 4346 1426 4400 Ἀλλ’
1452 4347 1599 4416 ὅμως
1620 4346 1792 4419 αὐτὴν

199 4424 399 4494 ἦγειρε
424 4424 517 4476 καὶ
545 4425 787 4496 ἀνήγαγε
823 4424 964 4495 μετὰ
995 4426 1093 4496 τῆς
1120 4427 1375 4499 ἀπαρχῆς
1415 4430 1571 4500 ἡμῶν
1599 4430 1678 4493 είς
1702 4431 1792 4483 οὺ-

203 4505 395 4577 ρανδν,
424 4505 520 4559 καὶ
548 4506 899 4560 συνεκάθισεν
930 4510 1011 4570 εἰς
1033 4508 1125 4561 τὸν
1146 4511 1413 4580 πατρικὸν
1445 4511 1653 4583 θρόνον.
1680 4513 1791 4567 Καὶ

199 4591 329 4642 ἀπο
353 4588 606 4656 κοπρίας
629 4590 885 4658 ἀνυψῶν
914 4590 1143 4659 πένητα
1161 4607 1175 4621 ·
1205 4592 1312 4646 τοῦ
1342 4595 1581 4647 καθίσαι
1602 4595 1790 4649 αὐτὸν

196 4671 355 4742 μετὰ
381 4672 709 4741 ἀρχόντων,
735 4672 888 4739 μετὰ
917 4675 1227 4745 ἀρχόντων
1253 4676 1363 4731 τοῦ
1391 4677 1548 4732 λαοῦ
1576 4680 1784 4737 αὐτοῦ.

202 4755 459 4826 Κοπρίαν
498 4756 730 4810 ἐνταῦθα
756 4756 817 4810 τὸ
862 4757 1076 4820 εὐτελὲς
1118 4756 1287 4826 λέγει.
1326 4753 1423 4817 καὶ·
1447 4757 1554 4829 τὴν
1583 4759 1788 4813 ἐκεῖθεν

200 4839 405 4910 ἀθρόον
428 4839 715 4909 γινομένην
741 4839 1058 4909 μεταϐολὴν,
1082 4838 1294 4903 δεικνὺς
1322 4840 1404 4892 ὅτι
1433 4840 1612 4894 πάντα
1641 4841 1791 4912 αὐτῷ

203 4923 369 4995 ῥᾴδια
410 4922 504 4975 καὶ
548 4919 766 4976 εὕκολα.
816 4917 951 4975 Εἶτα
987 4922 1071 4990 ἐφ’
1105 4921 1293 4992 ἕτερον
1323 4921 1541 4996 ἔρχεται
1581 4923 1782 4993 μεῖζον.

199 5007 369 5061 Ποῖον
415 5004 482 5075 δὴ
511 5004 705 5070 τοῦτο;
747 5005 868 5058 Ὅτι
912 5005 973 5057 οὐ
1024 5004 1093 5057 τά
1127 5004 1427 5076 πράγματα
1477 5006 1790 5076 μεταθεῖναι

200 5090 450 5154 δύναται,
495 5088 615 5141 οὐδὲ
659 5087 756 5160 τὴν
786 5087 1061 5142 εὐτέλειαν
1084 5089 1164 5152 εἰς
1190 5088 1406 5159 ἀξίωμα
1452 5092 1789 5162 μεταστῆσαι

206 5174 395 5243 μόνον’
433 5171 568 5225 ἀλλά
596 5172 690 5225 καὶ
730 5172 898 5242 αὐτῆς
936 5171 1036 5241 τῆς
1081 5170 1295 5240 φύσεως
1327 5171 1635 5242 μεταθεῖναι
1663 5176 1790 5240 τοὺς

202 5257 390 5328 ὅρους,
419 5256 516 5308 καὶ
543 5257 761 5326 στεῖραν
807 5255 1030 5323 ποιῆσαι
1078 5254 1311 5324 μητέρα.
1346 5254 1546 5326 Διόπερ
1576 5256 1789 5328 ἐπήγα-

201 5356 305 5405 γεν
329 5355 345 5370 ·
389 5340 449 5392 '0
488 5335 832 5396 κατοικίζων
867 5336 1112 5405 στεῖραν
1141 5338 1212 5391 ἐν
1235 5337 1396 5404 οἴκῳ,
1435 5337 1666 5409 μητέρα
1687 5341 1786 5395 ἐπὶ

192 5421 441 5489 τέκνοις
455 5423 703 5490 εὐφραιν
713 5420 985 5490 ομένην.’⁹
999 5426 1149 5492 Οπερ
1166 5421 1387 5491 γέγονεν
1414 5424 1507 5476 ἐπὶ
1533 5425 1632 5495 τῆς
1658 5426 1787 5480 Ἀν-

270 5592 298 5656 _'
322 5592 377 5640 In
404 5572 675 5656 σφι-Πρω
691 5632 701 5656 ._
719 5587 906 5652 legitur
927 5587 1233 5656 σύντριμμόγ.

262 5652 292 5692 δ
317 5652 584 5719 {caecum};
600 5653 634 5719 ῤ
650 5648 802 5714 λόγοᾷ
824 5648 1061 5716 generalii
1079 5648 1254 5710 arma,
1276 5660 1389 5711 qua
1406 5650 1599 5706 scilicet
1616 5667 1788 5707 omnes

194 5717 405 5767 α.ηυὶηο
429 5715 654 5776 respicit.

1332 312 1698 369 EXPOSITIO
1739 311 1805 366 IN
1843 312 2189 370 PSAMIUM
2231 314 2414 370 CXIII.

3382 315 3486 371 3M

1907 443 2024 495 νης.
2069 428 2206 499 ὅπερ
2236 427 2455 497 γέγονεν
2488 426 2579 478 ἐπὶ
2621 422 2829 496 μυρίων
2869 424 3087 496 ἐτέρων.
3124 422 3272 489 Εἶδες
3321 428 3487 499 ὕμνον

1904 509 2349 579 ἀπηρτισμένον;
2389 505 2524 572 εἶδες
2557 507 2725 578 ὕμνον
2760 507 3223 579 πεπληρωμένονς
3256 506 3390 564 Εἷπε
3418 513 3487 568 τά

1907 591 2168 660 μέλλοντα
2199 590 2590 662 κατορθοῦσθαι
2618 593 2683 657 τῇ
2712 592 3028 663 οἰκουμένῃ,
3057 591 3173 655 πῶς
3195 594 3222 644 6
3261 595 3486 648 Ἰουδαῖ-

1908 675 2040 743 σμὸς
2090 674 2360 727 παύεσθαι
2411 673 2611 743 μέλλει,
2643 673 2759 736 πῶς
2807 673 2969 745 καινὴ
3021 675 3123 743 τῆς
3160 676 3484 746 Ἐκκλησίας

1903 757 2152 810 πολιτεία
2182 756 2527 827 διαλάμπειν.
2564 754 2678 818 πῶς
2708 754 2865 808 θυσία
2895 758 3172 828 πανταχοῦ
3211 761 3485 831 προσάγε-

1904 840 2048 892 σθαι.
2082 835 2216 892 Εἶτα
2247 838 2558 903 ἀξιόπιστον
2583 838 2750 890 ποιῶν
2783 839 2876 890 καὶ
2900 841 3012 900 τοῖς
3038 842 3363 910 παχυτέροις
3392 844 3486 896 τὸν

1907 922 2083 988 λόγον,
2108 922 2216 974 ἀπὸ
2249 923 2352 974 τῶν
2385 922 2484 992 ἤδη
2520 921 2819 992 γινομένων
2847 922 2941 974 καὶ
2971 923 3097 992 περὶ
3125 924 3234 975 τῶν
3264 925 3487 995 μελλόν-

1906 1021 2011 1057 των
2043 1004 2373 1075 βεόαιοῦται.
2408 1008 2473 1058 Ὃ
2504 1006 2559 1058 δὲ
2598 1005 2744 1073 λέγει
2775 1004 2928 1058 τοῦτό
2956 1007 3099 1058 ἐστι·
3124 1008 3215 1077 Μὴ
3245 1011 3481 1080 ἀπιστή-

1905 1104 2026 1158 σῃς,
2055 1087 2327 1157 ἄνθρωπε,
2361 1090 2441 1142 ὅτι
2481 1091 2716 1161 τοσαύτη
2763 1089 2915 1142 ἔσται
2956 1090 3243 1161 μεταϐολὴ,
3287 1095 3381 1146 καὶ
3412 1093 3482 1147 τά

1904 1171 2293 1242 ἀπερῤιμμένα
2317 1172 2441 1241 ἔθνη
2476 1174 2556 1235 είς
2581 1173 2736 1238 δόξαν
2761 1173 2877 1243 ἥξει
2910 1174 3191 1242 μεγίστην.
3216 1175 3327 1245 Οὐχ
3348 1178 3481 1247 ὁρᾷς

1903 1253 2024 1306 καθ’
2064 1255 2301 1325 ἑκάστην
2345 1254 2561 1326 ἡμέραν
2600 1254 2775 1308 ταῦτα
2800 1255 3090 1325 γινόμενας
3132 1259 3259 1319 τοὺς
3290 1275 3482 1311 ταπει-

1902 1336 2027 1400 νοὺς
2060 1337 2416 1407 ύψουμένους,
2463 1338 2559 1391 καὶ
2604 1337 2740 1408 μετὰ
2787 1338 3062 1409 ἀρχόντων
3107 1338 3481 1410 καθημένουςς

1902 1419 1999 1491 οὐχ
2031 1421 2162 1491 ὁρᾷς
2192 1420 2289 1492 τὴν
2339 1420 2499 1491 φύσιν
2534 1419 2885 1490 πηρουμένην
2928 1420 3021 1474 καὶ
3069 1420 3477 1495 διορθουμένην,

1903 1502 2122 1573 στείρας
2161 1504 2405 1575 μητέρας
2453 1504 2782 1573 γινομένας;
2824 1502 3077 1557 Τοιοῦτόν
3107 1521 3160 1556 τι
3207 1506 3302 1558 καὶ
3349 1507 3481 1577 ’περὶ⁸

1898 1586 2000 1656 τῆς
2037 1587 2361 1657 Ἐκκλησίας
2391 1587 2589 1657 συνέϐη
2610 1605 2623 1619 ·
2656 1589 2842 1658 στεῖρα
2876 1583 2962 1658 ἦν,
2993 1587 3105 1640 ἀλλ’
3138 1589 3350 1656 ἐγένετο
3380 1590 3481 1661 μή-

1900 1684 2005 1740 τηρ
2045 1669 2250 1749 τέκνων
2292 1670 2520 1722 πολλῶν.
2556 1669 2645 1722 Διὸ
2690 1671 2783 1723 καὶ
2826 1670 2974 1738 λέγει
3006 1672 3035 1725 6
3074 1671 3334 1734 Ἡσαΐας·
3367 1674 3477 1726 Εὺο
3570 1708 3575 1711 μ

1899 1751 2211 1821 φράνθητι,
2242 1752 2469 1819 στεῖρα,
2498 1751 2535 1818 ἡ
2566 1754 2636 1806 οὐ
2658 1754 2966 1807 τίκτουσα·
2992 1753 3191 1822 ῥῆξον
3212 1756 3307 1809 καί
3326 1756 3478 1823 ,ϐόη-

1900 1850 2036 1898 σον,
2069 1836 2109 1903 ἡ
2140 1837 2251 1888 οὐκ
2299 1834 2632 1889 ὠδίνουσα·
2661 1835 2749 1888 ὅτι
2796 1837 2997 1891 πολλὰ
3033 1840 3107 1892 τὰ
3148 1837 3328 1892 τέκνα
3364 1839 3476 1907 τῆς

1899 1916 2123 1987 ἐρήμου
2146 1917 2390 1986 μᾶλλιν
2414 1920 2451 1986 ἢ
2482 1917 2594 1984 τῆς
2625 1918 2893 1986 ἐχούσης
2927 1919 3033 1972 τὸν
3068 1919 3290 1988 ἄνδρα·
3316 1920 3476 1975 τοῦτο

1900 2001 1995 2053 καὶ
2026 2000 2119 2052 ἐπὶ
2147 2001 2249 2070 τῆς
2290 2000 2611 2072 Ἐκκλησίας
2638 2000 2893 2071 ἐσόμενον
2925 2002 3350 2072 προαναφωνῶν.
3375 2003 3475 2058 Διά

1898 2082 1962 2153 δὴ
1993 2082 2149 2136 τοῦτο
2174 2083 2268 2136 καὶ
2294 2078 2448 2147 οὗτος
2481 2082 2715 2137 ἐνταῦθα
2744 2083 2834 2137 τὸν
2870 2084 3026 2152 λόγον
3057 2085 3340 2151 κατέλυσε,
3373 2084 3477 2156 τὴν

1899 2165 2235 2236 προφητείαν
2273 2165 2582 2232 ἀξιόπιστον
2625 2166 2718 2220 καὶ
2747 2166 2996 2222 ἐντεῦθεν
3024 2167 3327 2239 ἀποφήνας,
3363 2169 3474 2221 ἀπὸ

1897 2250 2004 2302 τῶν
2036 2249 2132 2320 ἤδη
2181 2249 2508 2320 γενομένων,
2548 2249 2656 2303 ἀπὸ
2705 2250 2804 2319 τῆς
2853 2250 3239 2320 μεγαλωσύνης
3280 2251 3470 2307 αὐτοῦ.

1896 2333 2080 2386 Πάντα
2112 2333 2218 2404 γάρ
2240 2334 2339 2387 ὅσα
2374 2333 2439 2387 ἂν
2466 2332 2593 2406 δόξῃ
2621 2332 2696 2403 τῷ
2725 2333 2863 2405 Θεῷ,
2892 2335 3049 2406 ῥᾴδια
3075 2335 3318 2404 ποιῆσαι.
3360 2336 3473 2390 Καὶ

1895 2414 2004 2486 γὰρ
2040 2415 2201 2484 φύσιν
2233 2417 2543 2487 μεταθεῖναι
2574 2416 2811 2482 δύναται,
2859 2420 2953 2471 καὶ
2980 2418 3341 2488 ταπεινότητα
3376 2435 3472 2488 με-

1894 2499 2148 2553 ταϐαλεῖν
2174 2502 2253 2564 είς
2282 2500 2436 2570 ὕψος,
2464 2501 2557 2555 καὶ⁸
2584 2501 2874 2573 διορθῶσαι
2904 2502 3155 2573 τρόπους.
3189 2499 3352 2554 Ταῦτ’
3378 2497 3472 2554 οὖν

1895 2583 2094 2649 εἰδότες
2143 2583 2379 2649 ἅπαντα,
2423 2584 2492 2638 τὰ
2529 2585 2657 2657 παρ’
2707 2585 2914 2639 ἑαυτῶν
2968 2586 3329 2657 είσφέρωμεν,
3377 2585 3474 2639 καὶ

1895 2665 2077 2737 πάσης
2119 2666 2535 2738 ἀπολαυσόμεθα
2579 2668 2756 2741 δόξης,
2791 2669 2886 2721 καὶ
2924 2669 3057 2740 πρὸς
3101 2668 3308 2736 ἄφατον
3338 2667 3473 2738 ὕψος

1894 2749 2298 2820 ἁναϐησόμεθα,
2346 2751 2449 2819 τῆς
2486 2753 2657 2823 ῥοπῆς
2691 2750 3055 2815 ἀπολαύοντες
3088 2751 3180 2804 τοῦ
3228 2751 3391 2805 Θεοῦ·
3426 2745 3472 2818 ᾧ

1894 2834 1927 2903 ἡ
1962 2834 2087 2899 δόξα
2115 2835 2208 2887 καὶ
2232 2834 2293 2887 τὸ
2318 2834 2536 2906 κράτος,
2564 2834 2643 2905 τῷ
2670 2836 2865 2906 Πατρὶ,
2893 2835 3086 2904 καὶτῷ
3118 2834 3252 2904 Υίῷ,
3280 2836 3373 2888 καὶ
3391 2833 3473 2904 τῷ

1895 2917 2037 2985 ἁγίῳ
2062 2917 2361 2988 Πνεύματι,
2386 2918 2481 2972 νῦν
2501 2921 2597 2973 καὶ
2618 2919 2725 2981 ἀεὶ,
2753 2920 2848 2971 καὶ
2876 2919 2957 2982 είς
2984 2914 3109 2982 τοῦς
3137 2919 3338 2983 αίῶνας
3363 2918 3474 2972 τῶν

1895 2999 2126 3055 αἰώνων.
2165 3001 2354 3072 Ἀμήν.

2189 3089 2339 3163 [292]
2381 3091 2489 3144 ΕΙΣ
2525 3090 2664 3144 ΤΟΝ
2699 3091 2823 3145 PII"
2854 3089 3177 3145 ΨΑΛΜΟΝ.

1907 3171 2008 3225 Ἐν
2033 3171 2222 3236 ἐξόδῳ
2259 3172 2496 3240 Ἰσραὴλ
2532 3174 2601 3237 ἐξ
2621 3173 2943 3241 Αἰγύπτου.
2973 3174 3140 3228 οἴκου
3184 3172 3383 3228 Ἰακὼϐ
3402 3170 3493 3228 ἐκ

1961 3241 2116 3316 ,ίαρῦ
2139 3242 2475 3316 -βαρϐᾴρου,
2505 3243 2759 3316 ἐγενήθη
2803 3242 3062 3316 Ἰουδαία
3080 3246 3346 3316 ἀγίασμα
3366 3246 3475 3299 αὐ·

1965 3311 2093 3371 τοῦ.
2139 3311 2375 3379 Ἰσραὴλ
2399 3312 2651 3375 ἐξουσία
2671 3314 2878 3368 αὑτοῦ.

1964 3402 2032 3457 α’.
2048 3403 2306 3475 Μεγάλην
2324 3404 2554 3458 ἐνταῦθα
2574 3405 2664 3458 τοῦ
2683 3405 2815 3459 Θεοῦ
2836 3406 2933 3478 τὴν
2964 3407 3244 3480 πραότητα
3264 3423 3474 3478 μαρτυ-

1897 3488 1983 3558 ρεῖ
2017 3498 2039 3524 ο
2071 3487 2163 3540 καὶ
2185 3487 2523 3559 ἡμερότητα.
2556 3489 2723 3543 Ποίαν
2745 3489 2809 3561 δὴ
2834 3491 3075 3561 ταύτην;
3105 3491 3229 3546 ’Ότι
3260 3491 3475 3563 πρῶτον

1894 3569 2198 3636 ἀποδείξεις
2240 3572 2611 3642 παρεχόμενος
2643 3574 2741 3641 τῆς
2778 3573 2984 3637 οἰκείας
3022 3573 3322 3644 δυνάμεως,
3351 3575 3473 3629 τότε

1893 3653 2117 3705 ἀπαιτεῖ
2144 3652 2243 3723 τὴν
2275 3652 2665 3725 προσκύνησιν.
2695 3655 2863 3707 Τοῦτο
2893 3654 3002 3726 γὰρ
3040 3655 3213 3726 δηλῶν
3250 3656 3434 3723 ἔλεγεν
3456 3672 3472 3688 ·

1906 3738 2010 3789 Ἐν
2033 3736 2223 3801 ἐξόδῳ
2249 3737 2487 3802 Ἰσραὴλ
2503 3737 2571 3801 ἐξ
2590 3739 2909 3806 Αἰγύπτου,
2937 3738 3193 3808 ἐγενήθη
3224 3738 3475 3794 Ἰουδαία

1893 3819 2160 3887 άγίασμα
2185 3819 2395 3873 αὐτοῦ.
2423 3819 2557 3873 Τότε
2584 3820 2692 3891 γὰρ
2725 3820 2888 3885 ἔδειξε
2908 3819 3004 3892 τὴν
3032 3820 3256 3892 δύναμιν
3282 3821 3470 3888 αὐτοῦ,

1894 3901 2049 3971 φησὶ,
2083 3900 2172 3954 διὰ
2202 3900 2309 3954 τῶν
2338 3901 2396 3955 ὲν
2440 3902 2704 3973 Αἰγύπτῳ
2742 3905 3004 3973 σημείων,
3038 3903 3127 3957 διὰ
3158 3904 3267 3957 τῶν
3309 3904 3366 3959 ἐν
3402 3906 3470 3976 τῇ

1893 3984 2112 4054 ἐρήμῳ·
2139 3983 2261 4037 τότε
2293 3984 2388 4037 καὶ
2419 3984 2511 4037 τὸν
2542 3984 2670 4039 λαὸν
2696 3984 3026 4055 ᾠκειώσατο.
3059 3987 3228 4041 Τοῦτο
3257 3990 3350 4041 καὶ
3378 3990 3472 4042 ἐπὶ

1890 4064 1986 4118 τοῦ
2028 4064 2199 4137 Ἀδάμ
2236 4066 2479 4138 ἐποίησε.
2511 4068 2782 4140 Πρότερον
2809 4071 2914 4139 γὰρ
2953 4069 3043 4123 τὸν
3078 4071 3280 4142 κόσμον
3316 4072 3472 4143 ποιή-

1896 4164 2015 4210 σας,
2043 4149 2138 4201 καὶ
2167 4149 2345 4214 δείξας
2385 4150 2551 4203 αὐτοῦ
2587 4152 2681 4204 καὶ
2721 4152 2818 4220 τῆς
2849 4152 3039 4222 σοφίας
3069 4154 3164 4208 καὶ
3192 4153 3291 4225 τῆς
3316 4154 3472 4209 δυνά-

1896 4248 2041 4302 μεως
2072 4230 2170 4303 τὴν
2202 4233 2375 4303 ἰσχὺν,
2400 4232 2543 4287 οὕτω
2571 4236 2662 4289 τὸν
2687 4234 2976 4307 ἄνθρωπον
3008 4236 3226 4302 ἔπλασε,
3254 4238 3348 4291 καὶ
3372 4238 3473 4310 τὴν

1893 4313 2262 4387 προσκύνησιν
2302 4317 2604 4388 ἀπῄτησεν.
2641 4318 2796 4371 Οὕτω
2833 4319 2928 4373 καὶ
2954 4320 2982 4371 6
3023 4321 3316 4391 μονογενὴς
3343 4321 3473 4385 Υἱὸς

1891 4397 1985 4450 τοῦ
2017 4396 2151 4450 Θεοῦ
2186 4402 2387 4468 σημεῖα
2436 4400 2651 4470 πρῶτον
2696 4402 3110 4472 παρασχόμενος
3159 4402 3328 4454 πολλὰ
3376 4403 3472 4456 καὶ

1891 4479 2229 4545 παντοδαπὰ,
2264 4480 2385 4533 τότε
2426 4480 2527 4550 τὴν
2571 4483 2754 4535 πίστιν
2801 4482 3019 4553 ἀπῄτει.
3051 4484 3151 4537 Διά
3189 4502 3272 4537 τοι
3313 4484 3472 4538 τοῦτο

1891 4564 2003 4624 τοῖς
2033 4561 2132 4632 μὲν
2170 4562 2230 4627 ἐξ
2252 4563 2425 4634 ἀρχῆς
2454 4564 2791 4635 προσιοῦσιν,
2826 4566 2921 4619 ἅτε
2941 4567 3042 4620 οὐκ
3066 4567 3280 4637 ἔχουσιν
3307 4569 3471 4621 αὐτοῦ

1891 4644 2143 4716 ἐνέχυρα,
2171 4644 2291 4698 οὐδὲ
2324 4646 2598 4714 ἀπόδειξιν
2625 4649 2723 4718 τῆς
2750 4648 3021 4720 θεότητος,
3044 4651 3145 4703 οὐκ
3176 4650 3350 4721 ἔλεγε,
3382 4654 3474 4705 [Ic-

1894 4725 2133 4791 στεύετε,
2163 4728 2244 4780 ὅτι
2289 4725 2524 4800 δύναμαι
2556 4730 2714 4785 τοῦτο
2761 4731 3015 4802 ποιῆσαις
3051 4733 3186 4787 ἀλλά
3215 4734 3375 4804 μόνον
3404 4732 3474 4787 τά

1893 4812 2093 4880 σημεῖα
2122 4810 2423 4865 ἐπεδείκνυ.
2473 4814 2688 4885 Ἐπειδὴ
2733 4815 2790 4885 δὲ
2822 4817 3098 4889 πανταχοῦ
3128 4818 3226 4887 τῆς
3264 4818 3472 4872 Παλαι-

1893 4892 2079 4963 στίνης
2109 4893 2473 4966 ὑπομνήματα
2494 4899 2593 4969 τῆς
2623 4897 2815 4952 ἑαυτοῦ
2853 4899 3133 4972 δυνάμεως
3154 4902 3468 4965 ἐναπέθετο,

1892 4974 2120 5044 σώματα
2162 4978 2541 5049 πεπηρωμένα
2591 4979 2840 5052 διορθῶν,
2896 4984 3092 5037 κακίαν
3144 4983 3464 5047 ἐξελαύνων,

1890 5059 2020 5127 περὶ
2050 5057 2325 5126 βασιλείας
2354 5060 2754 5132 διαλεγόμενος,
2785 5065 2913 5128 τοὺς
2958 5062 3317 5137 σωτηριώδεις
3359 5067 3469 5118 εισ-

1890 5140 2041 5209 άγων
2070 5142 2288 5213 νόμους,
2313 5144 2433 5197 τότε
2459 5147 2552 5199 καὶ
2588 5145 2685 5217 τὴν
2728 5147 2912 5199 πίστιν
2949 5149 3144 5220 ἀπῄτει
3175 5149 3322 5219 παρὰ
3361 5148 3468 5202 τῶν

1891 5224 2246 5295 προσιόντων.
2293 5226 2604 5299 ’Ἄνθρωποι
2657 5229 2758 5299 μὲν
2815 5230 2919 5301 γὰρ
2961 5232 3223 5302 πρότερον
3280 5232 3466 5302 ἄρχειν

1890 5306 2154 5373 ἐθέλουσι,
2191 5310 2285 5362 καὶ
2328 5310 2451 5363 τότε
2488 5312 2796 5380 εὐεργετεῖν
2842 5311 3238 5380 ἐπιχειροῦσιν·
3278 5317 3306 5368 6
3333 5315 3466 5379 Θεὸς

1889 5390 1947 5442 δὲ
1974 5390 2084 5444 ἀπὸ
2127 5392 2237 5445 τῶν
2270 5392 2600 5463 εὐεργεσιῶν
2645 5394 2893 5463 ἄρχεται.
2928 5395 3038 5447 Καὶ
3087 5394 3138 5447 τί
3183 5396 3325 5464 λέγω
3366 5396 3465 5471 τᾲς

1889 5473 2056 5537 ἄλλας
2103 5475 2443 5543 εὐεργεσίας,
2483 5477 2616 5528 ὅπου
2660 5492 2724 5544 γε
2758 5480 2852 5530 καὶ
2897 5477 2990 5531 τὸν
3035 5479 3263 5550 σταυρὸν
3304 5480 3466 5535 αὑτὸν

1890 5557 2169 5630 ὑπέμεινε,
2196 5558 2291 5611 καὶ
2316 5557 2436 5611 τότε
2461 5558 2559 5631 τῆς
2579 5559 2903 5632 οἰκουμένης
2930 5561 3218 5633 ἐκράτησε,
3250 5562 3337 5617 διὰ
3357 5564 3464 5618 τῶν

1910 5686 1913 5689 Δ
1954 5717 1976 5748 ⁸
2001 5715 2126 5781 Reg.
2147 5714 2378 5767 δείκνυσι.
