3956 6400
554 308 659 362 ’505

544 431 730 502 -Ξργων
779 426 1185 497 ἐπιδειξάμενος
1231 426 1333 495 τὴν
1378 425 1737 495 κηδεμονίαν;
1785 425 1956 478 Τοῦτο
2005 422 2134 493 γοῦν

550 519 651 573 καὶ
696 516 725 569 ὁ
767 514 979 585 ψαλμὸς
1029 513 1262 568 ἐνταῦθα
1304 512 1479 583 δηλῶν
1532 513 1736 582 ἔλεγεν·
1795 514 1893 565 Ἐν
1951 512 2141 579 ἐξόδῳ

565 603 812 672 Ἰσραὴλ
840 602 910 665 ἐξ
925 604 1246 672 Αἰγύπτου,
1280 602 1452 656 οἴκου
1482 602 1692 656 Ἰακὼϐ
1717 601 1785 655 ἐκ
1805 605 1962 655 λαου
1985 601 2139 668 ,ϐαρ-

551 693 769 760 εείρου.
815 689 1067 760 ἐγενήθη
1121 688 1373 743 Ἰουδαία
1416 688 1683 758 ἁγίασμα
1724 687 1934 743 αὑτοῦ.
1966 688 2137 740 Τουτ-

551 780 719 840 έστιν,
738 779 794 829 ἐν
821 780 887 847 τῇ
920 775 1102 847 ἐξόδῳ,
1130 778 1188 829 ἐν
1215 779 1281 845 τῇ
1313 775 1623 845 ἀπαλλαγῇ,
1660 777 1718 827 ἐν
1741 778 1807 846 τῇ
1831 773 2135 846 ἐλευθερίᾳ,

548 865 650 935 τῆς
671 863 965 932 Αἰγύπτου.
990 863 1096 916 Kal
1123 864 1219 932 οὑχ
1241 862 1428 926 ἀπλῶς
1454 859 1627 927 εἶπεν,
1652 864 1976 932 Αἰγύπτου,
2001 861 2138 915 ἀλλά

550 951 880 1023 προσέθηκε,
917 949 1079 1006 Λαοῦ
1120 949 1458 1019 βαρϐάρου·
1496 950 1575 1020 τῷ
1613 950 1834 1021 ὀνόματι
1880 949 1989 1002 τῶν
2038 965 2137 1001 πο-

547 1039 751 1109 λεμίων
791 1037 888 1110 τὴν
929 1036 1255 1109 κηδεμονίαν
1289 1033 1663 1107 ἐνδειξάμενος
1698 1035 1792 1089 τοῦ
1820 1035 1978 1088 Θεοῦ.
2014 1033 2137 1089 Τῶν

547 1126 657 1197 γὰρ
689 1125 939 1195 χαλεπῶν
972 1125 1213 1187 ἐκείνων,
1248 1125 1339 1177 καὶ
1379 1124 1690 1195 ἀνημέρων,
1736 1123 1831 1176 καὶ
1866 1121 2136 1194 βαρϐαρι-

549 1212 789 1284 κώτερον
828 1211 1184 1281 διακειμένων
1216 1211 1525 1280 Αἰγυπτίων
1553 1211 1653 1264 οὑκ
1697 1210 1763 1264 ἂν
1795 1208 2136 1281 ἠδυνήθησαν

544 1301 952 1371 ἀπαλλαγῆναι,
986 1302 1035 1353 εί
1069 1300 1143 1371 μὴ
1173 1300 1272 1369 τῆς
1301 1300 1567 1369 κραταιᾶς
1599 1299 1920 1370 ἀπήλαυσαν
1942 1298 2136 1369 χειρὸς

550 1388 646 1441 καὶ
683 1389 780 1456 τῆς
812 1386 992 1464 δεξιᾶς
1038 1386 1134 1457 τῆς
1174 1386 1410 1457 ἀμάχου.
1453 1386 1563 1439 Kal
1609 1386 1717 1458 γὰρ
1756 1386 1960 1457 θηρίων
1994 1381 2136 1459 ἦσαν

549 1472 896 1544 ἀγριώτεροι,
936 1472 1030 1525 καὶ
1066 1474 1271 1544 πέτρας
1312 1473 1683 1547 σκληρότεροι,
1717 1474 1935 1546 μυρίαις
1979 1474 2137 1528 παιό-

555 1578 704 1632 μενοι
734 1561 988 1629 πληγαῖς,
1017 1562 1111 1616 καὶ
1149 1564 1249 1616 οὑκ
1286 1563 1596 1627 ἐνδιδόντες.
1624 1562 1807 1618 Εἰπὼν
1834 1563 2014 1619 τοίνυν
2042 1563 2136 1618 τὸν

549 1648 679 1704 λαὸν
700 1645 994 1718 βάρϐαρον,
1018 1648 1188 1716 ἔδειξε
1236 1649 1331 1703 τοῦ
1377 1651 1512 1705 Θεοῦ
1560 1652 1659 1722 τῆς
1707 1650 1989 1722 δυνάμεως
2035 1650 2137 1724 τήν

546 1736 879 1807 ὑπερϐολὴν,
904 1737 988 1789 ὅτι
1026 1736 1119 1790 τὸν
1152 1735 1294 1791 οὑτω
1336 1736 1630 1809 βάρϐαρον,
1665 1737 1756 1791 τὸν
1784 1736 1957 1801 οὑτως
1982 1737 2135 1808 ὠμὸν

545 1822 646 1877 νῦν
688 1824 786 1892 μὲν
829 1824 1035 1886 ἔπεισε,
1075 1823 1171 1877 νῦν
1217 1824 1277 1877 δὲ
1333 1826 1423 1879 καὶ
1470 1825 1674 1879 ἄκοντα
1719 1825 2133 1895 κατηνάγκασεν

546 1910 768 1977 ἀφεῖναι
796 1912 924 1973 τοὺς
950 1910 1191 1975 δούλους,
1224 1912 1319 1965 καὶ
1348 1912 1789 1982 φιλονεικοῦντας
1812 1913 2038 1985 ὓστερον
2064 1914 2132 1983 τῇ

548 1995 790 2068 θαλάττῃ
833 1997 1139 2070 παρέδωκε,
1170 2000 1267 2053 καὶ
1301 1999 1446 2053 οὑτω
1493 2000 1588 2055 τὸν
1620 2000 1749 2055 λαὸν
1792 1999 2133 2071 ἠλευθέρωσε

547 2085 640 2136 τὸν
669 2083 883 2138 ἐαυτοῦ.

619 2193 685 2246 Τί
711 2195 767 2248 δέ
800 2198 968 2259 ἐστιν,
1009 2195 1295 2266 Ἔγενήθη
1337 2195 1591 2251 Ἰουδαία
1618 2195 1884 2265 ἀγίασμα
1912 2194 2133 2259 avrai};

552 2281 708 2336 Ἀντί
736 2281 853 2346 τοῦ,
892 2283 1022 2346 λαὸς
1065 2284 1215 2356 αὑτῷ
1242 2284 1539 2356 λατρεύων,
1568 2281 1696 2346 λαὸς
1725 2281 1876 2353 αὑτῷ
1911 2282 2132 2336 ἀνακεί-

553 2386 733 2440 μενος,
767 2368 892 2434 λαὸς
933 2370 1084 2441 αὑτῷ
1122 2372 1490 2443 ᾠκειωμένος.
1527 2371 1803 2442 Ἀγίασμα
1834 2370 1893 2424 δέ
1930 2369 2134 2441 κυρίως

551 2455 767 2524 ἐλέγετο
789 2459 816 2510 ὁ
841 2457 989 2522 ναὸς,
1016 2458 1085 2511 τά
1101 2458 1290 2525 ἄδυτα,
1314 2458 1384 2513 τά
1413 2459 1583 2528 ’Ἅγια
1614 2457 1723 2511 τῶν
1744 2458 1935 2525 ἀγίων,
1970 2456 2137 2510 καθά-

551 2559 659 2614 περ
688 2541 837 2614 [295]
861 2546 955 2597 καὶ
974 2546 1248 2617 Ζαχαρίας
1272 2546 1480 2617 είσάγει
1498 2545 1651 2610 τινάς
1674 2545 2010 2617 ἐρωτῶντας,
2038 2544 2133 2598 καὶ

550 2627 825 2699 λέγοντας·
856 2631 1162 2701 Εἰσῆλθεν
1188 2627 1304 2687 ὧδε
1332 2634 1400 2689 τὸ
1432 2635 1717 2705 ἁγίασμα·
1735 2635 1774 2704 ἢ
1807 2634 2135 2701 νηστεύσο-

543 2734 662 2789 per
677 2734 697 2784 ;
722 2722 848 2791 περὶ
876 2720 977 2791 τῆς
998 2721 1261 2775 ἐπανόδου
1289 2722 1389 2792 τῆς
1418 2722 1652 2775 κιϐωτοῦ
1704 2724 1799 2776 καὶ
1821 2721 1930 2774 τῶν
1957 2719 2131 2774 ἄλλων

550 2807 806 2861 ἁπάντων
827 2809 1022 2879 δηλῶν.
1055 2808 1341 2879 Ἐγενήθη
1373 2810 1632 2865 Ἰουδαία
1645 2810 1909 2880 ἁγίασμα
1920 2809 2129 2864 αὑτοῦ.

550 2893 669 2963 Πρὸ
706 2893 816 2966 γάρ
870 2895 1064 2950 τούτου
1109 2897 1416 2969 ἀκάθαρτός
1463 2915 1548 2961 τις
1584 2893 1652 2969 ἦν
1705 2898 1798 2951 καὶ
1841 2897 2041 2967 ἐναγὴς
2097 2897 2132 2968 ἡ

549 2978 703 3052 χώρα
727 2998 741 3013 ο
773 2983 960 3055 ἐπειδὴ
999 2984 1055 3038 δὲ
1088 2984 1387 3056 ἐπανῆλθεν
1414 2986 1443 3039 δ
1481 2986 1627 3051 λαὸς,
1661 2985 1877 3053 ἐγένετο
1907 2987 1940 3055 ή
1979 2984 2133 3049 πόλις

547 3069 796 3140 ἀγίασμα
839 3070 1036 3125 αὑτοῦ·
1078 3073 1374 3139 τουτέστιν,
1415 3074 1666 3145 ἀγίασμα
1706 3074 1870 3143 ήγετο
1907 3073 1993 3127 διὰ
2034 3075 2132 3143 τῆς

547 3157 865 3222 ἐποπτείας,
927 3158 1016 3213 διὰ
1055 3159 1165 3214 τῶν
1211 3159 1431 3226 θυσιῶν,
1481 3161 1571 3215 διά
1598 3165 1697 3232 τῆς
1740 3161 2015 3232 λατρείας,
2045 3159 2133 3214 διά

547 3246 648 3314 τῆς
697 3244 864 3313 ἄλλης
907 3248 1177 3315 ἀγιστίας.
1217 3248 1464 3317 Ἰσραὴλ
1517 3248 1771 3313 ἐξουσία
1818 3247 2023 3303 αὑτοῦ.
2064 3248 2130 3302 Τί

549 3330 718 3393 ἐστιν,
761 3333 1000 3399 Ἰσραὴλ
1029 3335 1281 3399 ἐξουσία
1300 3336 1486 3390 αὐτοῦ
1500 3353 1520 3401 ;
1556 3337 1692 3390 Ὑπὸ
1716 3337 1814 3408 τὴν
1838 3336 2012 3407 ἀρχὴν
2035 3337 2133 3389 αὑ-

548 3415 666 3480 τοῦ,
698 3419 850 3487 φησί.
882 3422 1077 3475 Καίτοι
1121 3425 1272 3477 πάσα
1301 3426 1332 3495 ή
1364 3424 1654 3495 οἰκουμένη
1689 3424 1794 3477 ὑπὸ
1825 3424 1924 3491 τὴν
1965 3421 2129 3477 αὑτοῦ

548 3505 724 3575 ἀρχὴν
772 3500 862 3577 ἦν,
915 3508 1031 3561 ἀλλ’
1078 3506 1224 3563 οἷτοι
1273 3510 1367 3564 καὶ
1421 3513 1540 3564 κατ’
1586 3511 1861 3565 οίκείωσιν
1912 3511 2125 3583 ἑτέραν.

558 3587 777 3663 Ἐπειδὴ
806 3595 900 3648 καὶ
946 3596 1281 3667 προφητείας
1315 3597 1578 3668 ἐδέχοντο,
1606 3598 1699 3652 καὶ
1736 3597 2004 3666 διελέγετο
2033 3599 2131 3651 αὑ-

545 3683 681 3745 τοῖς,
716 3682 811 3735 καὶ
841 3681 912 3736 τά
943 3684 1064 3737 κατ’
1100 3684 1298 3747 αὑτοὺς
1346 3685 1614 3756 ᾠκονόμει
1675 3684 1960 3757 μειζόνως.
1994 3681 2128 3740 Εἶτα

547 3768 671 3823 καθ’
703 3768 888 3840 ἕτερον
933 3769 989 3823 δὲ
1022 3772 1220 3841 τρόπον
1262 3773 1355 3826 καὶ
1387 3772 1515 3836 λαὸς
1546 3773 1713 3828 αὑτοῦ
1762 3772 2125 3845 ἐχρημάτιζε.

546 3856 657 3909 Kal
695 3858 803 3928 γὰρ
832 3855 912 3927 τῷ
950 3858 1180 3929 νεύματι
1214 3857 1292 3930 τῷ
1344 3861 1556 3915 ἐκείνου
1604 3861 1866 3925 πολλάκις
1912 3863 2009 3916 καὶ
2046 3864 2128 3925 είς

548 3942 819 4013 πολέμους
861 3943 1113 4015 ἐξῄεσαν,
1148 3947 1243 3999 καὶ
1280 3948 1450 4001 πολλά
1479 3948 1586 4002 τῶν
1619 3950 1794 4004 ἀλλων
1831 3950 2122 4023 ἔπραττον.

546 4030 909 4103 Βαρϐαρικῶν
935 4033 1045 4103 γάρ
1071 4034 1267 4099 αὑτοὺς
1295 4034 1610 4103 ἀπαλλάξας
1643 4039 1862 4111 χειρῶν,
1892 4039 1985 4091 καὶ
2030 4054 2126 4093 τυ-

550 4119 817 4192 ραννίδος,
865 4120 960 4174 καὶ
995 4121 1263 4185 δουλείας,
1307 4124 1401 4177 καὶ
1444 4124 1690 4178 κινδύνου
1743 4127 1994 4197 ἐσχάτου,
2032 4127 2127 4181 καὶ

547 4210 869 4280 παρανόμου
900 4210 1145 4282 γνώμης.
1176 4212 1401 4279 γέγονεν
1434 4213 1614 4267 αὑτῶν
1648 4214 1921 4286 βασιλεύς.
1954 4218 2126 4273 Τοῦτο

544 4296 678 4369 γοῦν
711 4297 807 4352 καὶ
843 4297 1077 4369 ἀλλαχοῦ
1105 4297 1610 4370 δικαιολογούμενος
1638 4303 1735 4356 καὶ
1779 4303 2012 4371 δεικνὺς,
2043 4306 2125 4361 ὅτι

544 4385 812 4457 πρότερον
849 4387 919 4440 τά
953 4388 1085 4456 παρ’
1127 4386 1323 4439 ἐαυτοῦ
1366 4388 1775 4459 ἐπιδειξάμενος
1821 4393 2022 4464 ἀπῄτει
2056 4392 2126 4447 τά

543 4473 675 4542 παρ’
700 4473 946 4539 ἐκείνων,
971 4474 1124 4543 ἔλεγε
1142 4491 1156 4506 ·
1179 4474 1277 4541 Μὴ
1305 4474 1524 4543 ἕρημος
1551 4477 1844 4547 ἐγενόμην
1867 4479 1949 4544 τῷ
1978 4481 2126 4547 οῑκῳ

555 4561 831 4631 Ἰσραὴλ,
874 4562 915 4631 ἢ
952 4562 1031 4633 τῆ
1077 4564 1532 4634 κεχερσωμένη;
1566 4568 1633 4619 Ὃ
1675 4565 1734 4620 δι
1785 4567 1931 4637 λέγει
1961 4567 2124 4622 τοῦτό

541 4650 693 4704 ἐστι·
723 4651 817 4721 Μὴ
850 4653 1122 4724 ἄκαρπος,
1153 4653 1339 4725 φησὶν,
1367 4654 1497 4725 ὑμῖν
1530 4655 1832 4728 ἐγενόμην;
1859 4657 1921 4711 ού
1954 4659 2125 4730 μυρία

542 4738 727 4807 ἀγαθά
762 4740 845 4803 είς
885 4740 1031 4811 ὑμᾶς
1072 4741 1468 4814 ἐπεδειξάμηνς
1517 4744 1578 4796 οὑ
1616 4744 1716 4817 τὴν
1755 4746 1915 4816 φύσιν
1953 4747 2123 4820 αὐτὴν

544 4823 872 4896 μετέϐαλον;
901 4826 963 4879 οὑ
984 4826 1056 4879 τά
1079 4831 1317 4900 στοιχεῖα
1344 4831 1481 4900 πρὸς
1507 4831 1608 4904 τήν
1631 4834 1936 4906 ὑπηρεσίαν
1972 4836 2123 4907 ὑμῶν

542 4911 886 4985 ἐρῤύθμισω
925 4914 986 4966 οὑ
1020 4914 1297 4988 διαγωγήν
1344 4919 1474 4989 ὑμῖν
1523 4920 1866 4995 ἐχαρισάμην
1905 4925 2122 4998 ἀνθρωο

542 5000 715 5055 πίνων
747 5000 1179 5073 ἀπηλλαγμένην
1223 5003 1431 5073 πόνων;
1463 5007 1565 5061 Διά
1606 5008 1767 5064 τοῦτό
1815 5030 1950 5083 φησι
1971 5031 1986 5046 .
2022 5015 2120 5085 Μὴ

539 5089 764 5159 ἕρημος
792 5087 1090 5160 ἐγενόμην
1116 5089 1197 5157 τῷ
1232 5090 1375 5157 οἴκῳ
1409 5093 1687 5166 ἰσραήλ;
1713 5098 2029 5167 Τουτέστιν,
2059 5105 2119 5158 οὐ

544 5177 769 5250 μυρίους
800 5177 1008 5250 ήνεγκα
1041 5178 1320 5252 καρπούς;
1348 5181 1660 5256 ἐλευθερίαν
1693 5186 1789 5240 ἀπ’
1815 5188 2119 5259 Δίγύπτου,

539 5264 862 5340 ἀπαλλαγὴν
914 5267 1226 5341 βαρϐάρων,
1258 5269 1556 5341 θαυμάτων
1598 5273 1882 5342 ἐπίδειξιν,
1926 5277 2026 5348 τὴν
2060 5281 2121 5335 ἐν

538 5351 733 5423 ἐρήμῳ
758 5355 1059 5430 διαγωγὴν,
1086 5358 1184 5430 τήν
1207 5358 1309 5429 τῆς
1340 5358 1707 5432 Παλαιστίνης
1730 5362 2117 5437 κληρονομίαν,

536 5439 638 5511 τὴν
665 5439 774 5493 τῶν
815 5442 986 5497 ἐθνῶν
1019 5445 1307 5515 κράτησιν,
1354 5446 1423 5503 τά
1471 5451 1673 5521 συνεχῆ
1713 5451 1975 5521 τρόπαια,
2016 5456 2120 5521 τὰς

538 5527 873 5598 ἐπαλλήλους
900 5533 1079 5597 νίκας,
1106 5535 1175 5588 τά
1203 5536 1458 5609 θαύματα
1483 5539 1555 5594 τά
1586 5541 1888 5612 παράδοξα,
1918 5545 1988 5599 τά
2027 5563 2119 5601 τε·

538 5613 738 5703 ράστια
764 5616 835 5703 τὰ
878 5620 1098 5689 συνεχῆ,
1132 5624 1230 5692 τῆς
1273 5625 1378 5694 γῆς
1419 5628 1518 5699 τὴν
1551 5627 1861 5701 εὐετηρίαν,
1887 5632 1983 5686 τοῦ
2024 5635 2117 5703 γέ-

535 5710 666 5787 νους
693 5696 844 5768 ὑμῶν
875 5705 975 5776 τήν
1015 5706 1276 5776 ἐπίδοσιν,
1322 5712 1421 5784 τὴν
1456 5696 1740 5785 πανταχοῦ
1780 5718 1880 5791 τῆς
1930 5696 2114 5777 οίκόυ-

1267 310 1324 365 S.
1362 310 1645 366 JOANNIS
1680 306 2166 368 CHRYSOSTOMI
2203 308 2519 368 ARCHIBP.
2553 306 3103 369 CONSTANTINOP.
3678 314 3769 369 Ἰ)υά

2248 425 2416 496 μένης
2446 422 2623 488 δόξαν,
2650 423 2815 496 ἐτερα
2846 423 3041 496 μυρίας
3060 416 3227 486 Ἐἶδες
3255 422 3491 493 καρποὺς
3516 424 3603 476 τοῦ
3628 426 3766 497 Θεοῦς

2242 512 2338 565 Διά
2390 511 2548 565 τοῦτο
2595 512 2841 581 ἐπήγαγε
2864 528 2879 542 ·
2922 510 3020 579 Μὴ
3068 509 3144 580 γῆ
3180 512 3473 581 ἐγενόμην
3513 529 3769 582 κεχερσωο

2238 599 2431 670 μένης
2472 599 2784 664 Τουτέστιν,
2827 599 2904 653 Οὐ
2941 600 3167 670 μυρίους
3192 598 3481 669 ἐδρέψασθε
3510 602 3631 673 παρ’
3660 600 3770 675 ἐμοῦ

2246 686 2520 754 καρπούς;
2554 686 2655 740 οὑκ
2689 685 2969 756 ηὑλόγησα
3010 684 3110 757 τήν
3148 684 3347 739 εῖσοδον
3390 686 3538 755 ὑμῶν
3577 690 3664 741 καὶ
3693 696 3772 761 τήν

2240 772 2419 839 ἔξοδον
2469 773 2643 843 ὑμῶν,
2689 773 2761 825 τὰ
2809 772 3035 843 ποίμνια
3086 772 3262 843 ὑμῶν,
3309 772 3403 826 καὶ
3447 774 3516 827 τά
3561 775 3775 846 βουκόλια

2240 860 2413 931 ὑμῶν,
2460 860 2552 913 τὸν
2604 861 2767 931 ἄρτον
2813 859 2993 931 ὑμῶν,
3041 859 3138 914 καὶ
3178 859 3243 914 τὸ
3294 858 3439 931 ὕδωρ
3490 862 3661 932 ὑμῶν;
3693 866 3775 921 οὑκ

2237 947 2297 1003 ἐν
2339 946 2610 1020 ἀσφαλείᾳ
2655 947 2997 1018 κατέστησας
3031 947 3094 1000 οὑ
3129 948 3293 1000 πᾶσιν
3326 947 3651 1019 ίάχεσρὼτους
3680 950 3775 1021 sip.

2241 1035 2520 1106 γασάμην,
2571 1033 2632 1087 οὑ
2682 1033 2942 1106 φοϐεροὺς
2992 1034 3089 1087 καὶ
3137 1034 3507 1105 ἀμάχουςςοὺ
3546 1034 3775 1108 καθάπερ

2239 1122 2348 1177 ἀπὸ
2385 1122 2579 1193 πηγῶν
2614 1121 2791 1176 πάντα
2822 1123 2953 1192 ἡμῖν
2982 1122 3204 1192 ἐπέρρει
3230 1123 3298 1177 τά
3321 1122 3429 1178 ἀπὸ
3457 1118 3553 1196 τῆς
3586 1125 3699 1194 γῆς,
3721 1122 3777 1179 τὰ

2237 1209 2347 1264 ἀπὸ
2387 1210 2481 1264 τοῦ
2514 1210 2780 1283 οὑρανοῦ;
2810 1209 2915 1263 Τὸν
2951 1207 3061 1282 γάρ
3096 1211 3330 1281 ἄρχοντα
3375 1209 3544 1266 ταῦτα
3578 1213 3776 1283 μάλιστα

2236 1297 2497 1362 δείκνυσι,
2528 1300 2588 1352 τὸ
2624 1300 2870 1371 προνοεῖν
2896 1297 3006 1352 τῶν
3036 1299 3312 1370 ὑπηκόων,
3334 1299 3396 1353 τὸ
3428 1300 3674 1373 κήδεσθαι
3702 1319 3776 1356 κα.

2238 1386 2569 1459 φροντίζειν.

2309 1472 2378 1544 β’.
2402 1472 2495 1527 Διδ
2526 1473 2622 1527 καὶ
2647 1473 2677 1526 ό
2702 1471 2933 1545 Χριστὸς
2957 1470 3168 1542 ἔλεγεν·
3212 1472 3267 1526 Ὀ
3285 1473 3514 1544 ποιμὴν
3541 1476 3575 1529 ὀ
3599 1474 3775 1542 καλὸς,

2236 1561 2339 1616 οὑκ
2358 1556 2503 1627 εἶπε,
2537 1556 2776 1632 Τιμάται
2808 1561 2904 1614 καὶ
2934 1559 3318 1632 θεραπεύεται,
3358 1561 3519 1628 ἀλλά,
3553 1560 3659 1631 τὴν
3680 1565 3777 1631 ψυ-

2219 1683 2227 1691 ~
2236 1648 2359 1719 χὴν
2405 1648 2595 1703 αὐτοῦ
2646 1648 2889 1714 τίθησιν
2921 1646 3070 1715 ὑπὲρ
3117 1646 3239 1703 τῶν
3269 1649 3593 1717 προϐάτων.
3636 1648 3777 1703 Τοῦτο

2234 1735 2399 1808 ἀρχὴ.
2423 1735 2580 1789 τοῦτο
2609 1734 2945 1806 ποιμαντικὴ
2976 1735 3277 1806 ἐπιστήμη,
3301 1735 3364 1790 τὺ
3388 1735 3459 1790 τά
3485 1735 3643 1791 αὑτοῦ
3668 1753 3779 1807 παρ-

2232 1826 2385 1895 ορᾷν,
2409 1823 2503 1896 [29
2513 1823 2560 1895 ἐν]
2594 1824 2690 1879 καί
2711 1824 2778 1877 τά
2801 1823 2911 1877 τῶν
2934 1825 3252 1895 ἀρχομένων
3276 1826 3551 1897 μεριμνᾷν
3569 1836 3614 1879 ι.
3633 1826 3777 1895 Ὅπερ

2233 1915 2344 1983 γάο
2373 1916 2522 1967 ἐστιν
2552 1912 2757 1983 ἰατρὸς,
2783 1912 2941 1967 τοῦτό
2982 1915 3131 1968 ἐστιν
3156 1914 3370 1986 ἄρχων
3402 1915 3598 1985 μᾶλλον
3617 1915 3668 1969 δέ
3697 1913 3774 1969 καὶ

2234 1999 2424 2073 ίατροῦ
2455 2000 2637 2055 πλέον.
2675 1999 2733 2054 ‘0
2769 2002 2867 2071 μὲν
2896 2001 3006 2073 γάρ
3042 2000 3225 2074 ἰατρὸς
3256 2005 3324 2074 τῇ
3369 2002 3536 2076 τέχνῃ
3575 2005 3665 2073 τὴν
3693 2018 3776 2055 au-
3868 2062 3869 2065 η

2234 2089 2431 2160 τηρίαν
2475 2092 2875 2159 περιποιεῖται·
2904 2092 2934 2144 δ
2964 2090 3020 2144 δέ
3048 2091 3233 2162 ἄρχων
3282 2091 3379 2146 καὶ
3404 2093 3467 2146 ἐν
3509 2093 3617 2155 τοῖς
3655 2089 3775 2154 ἰδίοις

2233 2176 2520 2242 κινδύνοις.
2552 2178 2731 2248 Ὅπερ
2755 2179 2851 2231 zeal
2878 2178 2908 2231 δ
2954 2177 3189 2249 Χριστὸς
3218 2168 3467 2248 ἐποίησε,
3509 2178 3772 2249 ῥαπισθεὶς,

2235 2264 2590 2333 σταυρωθεὶς,
2616 2263 2688 2317 τά
2716 2265 2885 2336 μυρία
2914 2264 3123 2318 παθών.
3148 2264 3240 2318 Διὸ
3267 2265 3367 2319 zcal
3396 2265 3602 2329 Παῦλος
3621 2263 3774 2333 ἔλεγε·

2230 2352 2343 2407 Καὶ
2374 2352 2484 2422 γὰρ
2522 2356 2556 2407 ὀ
2586 2350 2843 2421 Χριστὸς
2866 2353 2982 2422 οὐχ
3026 2350 3217 2418 ἑαυεῷ
3255 2352 3504 2423 ἤρεσεν,
3528 2354 3677 2409 ἀλλὰ
3700 2366 3775 2406 κο-

2230 2438 2351 2505 θὼς
2382 2441 2703 2507 γέγραπται
2721 2455 2736 2470 ο
2775 2441 2842 2493 οι
2891 2438 3219 2507 ὀνειδισμοὶ
3252 2437 3374 2494 τῶν
3414 2437 3775 2497 ὀνειδιζόντων

2232 2542 2307 2581 σε
2343 2527 2646 2582 ἐπέπεσον
2679 2527 2773 2580 ἐπ’
2817 2526 2941 2596 ἐμέ.
2992 2526 3097 2581 Δύο
3137 2527 3322 2582 τοίνυν
3373 2528 3568 2598 μᾶλλον
3611 2527 3661 2581 δέ
3701 2524 3774 2578 καὶ

2231 2617 2379 2686 τρεῖς
2410 2614 2505 2667 καὶ
2553 2613 2751 2685 μυρίας
2792 2614 3006 2685 τίθησιν
3049 2614 3285 2669 ἐνταῦθα
3344 2615 3675 2688 εὐεργεσίας,
3709 2612 3773 2665 ὅτι

2234 2701 2525 2774 βαρϐάρων
2553 2700 2882 2772 ἀπήλλαξεν,
2925 2702 3006 2755 ὅτι
3046 2702 3146 2767 τῆς
3185 2700 3475 2774 ἀλλοτρίας
3511 2700 3772 2773 ἠλευθέρω-

2235 2806 2347 2851 σεν,
2379 2790 2459 2843 ὃτι
2482 2789 2727 2853 δουλείας
2760 2787 3147 2862 ἐξέϐαλενηὸτι
3179 2789 3378 2854 πόνους
3407 2788 3559 2843 ἔλυσε
3590 2788 3675 2842 καὶ
3699 2802 3772 2839 τα-

2230 2874 2557 2947 λαιπωρίας,
2588 2877 2668 2929 ὃτι
2711 2875 2879 2946 μυρία
2909 2876 3167 2946 θαύματα
3210 2876 3536 2948 είργάσατο·
3569 2871 3675 2929 εἶτα
3709 2872 3773 2925 ὅτι

2233 2966 2327 3020 καὶ
2358 2965 2607 3035 ἀγίασμα
2643 2964 2811 3018 αὑτοῦ
2860 2964 3058 3028 αὐτοὺς
3092 2963 3404 3033 κατηξίωσε
3439 2950 3773 3034 γενέσθαικαὶ

2232 3055 2528 3125 ὑπηκόους.
2559 3054 2671 3108 Kal
2703 3054 2812 3126 γάρ
2838 3055 2934 3107 καὶ
2973 3054 3132 3108 τοῦτο
3161 3056 3220 3107 οὑ
3260 3055 3460 3127 μικρὸν
3498 3051 3773 3125 εὐεργεσίας

2232 3135 2391 3205 εἶδος,
2413 3140 2475 3194 τὺ
2499 3141 2556 3194 ἐν
2583 3139 2735 3206 τάξει
2765 3140 2872 3195 τῶν
2903 3141 3161 3213 ὑπηκόων
3185 3142 3391 3207 αὑτοὺς
3419 3141 3714 3211 καταλέγειν
3730 3136 3768 3190 δ.

2241 3228 2313 3284 Ἦ
2330 3228 2614 3283 θάλασσα
2627 3224 2770 3292 εἶδε,
2792 3228 2891 3282 καί
2911 3228 3137 3298 ἔφυγεν
3150 3244 3163 3259 ⁸
3179 3231 3211 3283 ό
3226 3229 3531 3298 Ἰορδάνης
3542 3224 3769 3295 ἐστράφη

2228 3319 2315 3381 είς
2360 3316 2430 3370 τὰ
2479 3316 2691 3371 ὀπίσω.
2717 3317 2860 3386 Ὅρα
2902 3317 2992 3371 τὸν
3034 3316 3193 3387 λόγον
3238 3318 3655 3389 κορυφούμενον.
3696 3310 3770 3367 καὶ

2227 3406 2328 3473 τὴν
2378 3404 2696 3473 εὐεργεσίαν
2748 3404 3143 3474 αὐξανομένην.
3197 3403 3264 3458 Τί
3316 3406 3432 3477 γάρ
3479 3406 3559 3459 δεῖ
3602 3402 3766 3470 λέγειν,

2229 3492 2385 3562 φησὶ,
2417 3492 2547 3562 περὶ
2577 3489 2871 3563 βαρϐάρων
2899 3493 2995 3545 καὶ
3023 3490 3216 3557 ἐθνῶν,
3241 3493 3411 3547 ὁπότε
3441 3493 3535 3549 καὶ
3563 3494 3595 3562 ή
3625 3488 3769 3550 κτίσις

2228 3579 2572 3645 ὑπεξίστατο,
2607 3579 2700 3633 καὶ
2749 3578 3084 3651 παρεχώρει,
3136 3580 3235 3633 καὶ
3286 3581 3431 3653 πρὸς
3482 3580 3547 3635 τά
3587 3574 3769 3633 ἐναντία

2229 3667 2541 3739 μεθίστατο,
2569 3668 2662 3721 τὸν
2693 3665 3104 3738 στρατηγοῦντα
3147 3667 3362 3739 ὁρῶσα,
3412 3668 3509 3724 καὶ
3550 3665 3624 3738 τῷ
3659 3664 3767 3735 δημο

2226 3755 2431 3825 ἀγωγῷ
2462 3755 2896 3827 παραχωροῦσας
2926 3756 3109 3810 Πάντα
3135 3755 3246 3827 γὰρ
3271 3757 3400 3813 τότε
3430 3757 3509 3829 τῷ
3542 3757 3682 3827 δήμῳ
3705 3749 3766 3821 τῷ

2225 3842 2335 3896 τῶν
2370 3838 2636 3913 Ἐϐραίων
2674 3840 3001 3905 ὑπεξίστατο
3045 3843 3143 3898 καὶ
3190 3844 3531 3916 παρεχώρει,
3574 3844 3652 3897 ἵνα
3682 3837 3764 3910 μά·

2226 3929 2416 3995 θωσιν,
2445 3930 2532 3983 ὅτι
2559 3929 2662 3982 οὑκ
2705 3929 3058 4001 ἀνθρωπίνης
3095 3930 3426 3997 ἀκολουθίας
3458 3928 3526 4004 ἦν
3553 3930 3616 3984 τά
3649 3924 3764 3996 γινό-

2228 4032 2386 4088 μενα,
2426 4015 2561 4069 ἀλλά
2587 4016 2740 4080 θείας
2780 4017 2876 4069 καὶ
2907 4016 3222 4089 ἀπορρήτου
3264 4017 3550 4089 δυνάμεως
3572 4015 3634 4071 τά
3657 4010 3763 4066 θανο

2228 4103 2683 4176 ματουργοὺμενα
2714 4104 2949 4158 ἅπαντα.
2980 4105 3092 4158 Kal
3125 4104 3231 4175 δρα
3276 4105 3381 4176 τὴν
3429 4105 3652 4175 ἔμφασιν
3685 4097 3761 4167 τῆς

2223 4189 2444 4258 λέξεως,
2476 4190 2594 4255 πῶς
2622 4189 2860 4260 ἀρίστως
2887 4189 3056 4264 αὑτὴν
3089 4190 3357 4246 τέθεικεν.
3388 4193 3464 4245 Οὑ
3491 4191 3594 4263 γὰρ
3619 4183 3758 4241 εἶπενο

2238 4277 2634 4352 Ἀνεχώρησεν,
2653 4279 2797 4343 οὑδὲ,
2829 4279 3132 4351 ’Υπεξέστη
3150 4296 3163 4310 ⁸
3185 4279 3321 4335 ἀλλὰ
3333 4282 3387 4336 τί
3401 4299 3416 4315 ·
3449 4270 3763 4338 Ἡθὰλαάσιι

2222 4365 2365 4432 εἶδε,
2406 4370 2503 4423 καὶ
2556 4369 2773 4439 ἔφυτε·
2814 4368 2875 4422 τὺ
2919 4368 3084 4440 τάχος
3137 4369 3239 4441 τῆς
3292 4370 3673 4443 ἀναχωρήσεως
3707 4352 3760 4433 τῇ

2226 4458 2373 4526 φυγῇ
2407 4456 2756 4527 παραστῆσαι
2803 4455 3143 4527 βουλόμενος,
3190 4456 3251 4510 τὸ
3297 4456 3528 4529 μέγεθος
3565 4450 3653 4527 τῆς
3684 4454 3758 4505 ιε-

2226 4540 2495 4614 πλήξεως,
2526 4541 2587 4597 τὸ
2617 4540 2837 4595 εὑκολον
2867 4536 2967 4613 τῆς
2999 4542 3281 4617 ἐνεργείας
3312 4543 3411 4598 τοῦ
3441 4544 3592 4599 Θεοῦ.

2294 4628 2406 4684 Kal
2434 4628 2520 4683 ἴνα
2552 4629 2626 4701 μή
2660 4646 2745 4693 τις
2773 4629 2969 4701 νομίσῃ
2998 4632 3063 4684 ἐκ
3088 4630 3341 4703 περιόδου
3370 4634 3513 4697 τινὸς
3552 4630 3636 4686 καὶ
3667 4641 3760 4681 συν·

2221 4716 2417 4789 τυχίας
2448 4715 2607 4770 τοῦτο
2646 4716 2913 4786 γίνεσθαι,
2944 4716 3004 4782 ἐξ
3050 4718 3261 4772 ἐκείνου
3308 4720 3411 4774 οὑκ
3447 4719 3524 4773 ἐτι
3554 4718 3755 4786 γέγονεν.

2224 4805 2340 4859 ἀλλ’
2365 4803 2545 4871 ama,
2587 4804 2676 4858 ὅτε
2702 4804 2731 4856 ό
2770 4804 2903 4869 Θεὸς
2948 4805 3222 4871 ἐκέλευσε,
3261 4808 3358 4862 καὶ
3401 4809 3493 4862 ἐπὶ
3528 4801 3757 4873 διαφόρων

2224 4890 2552 4963 προσώπων.
2594 4891 2707 4946 Kal
2744 4892 2853 4964 γάρ
2892 4893 2926 4965 ή
2968 4892 3204 4960 ἄτακτος
3249 4895 3362 4949 τῶν
3408 4882 3606 4949 ὑδάτων
3636 4887 3755 4961 ῥύμη

2223 4978 2473 5048 καθάπερ
2501 4977 2689 5051 λογική
2717 4992 2806 5043 τις
2836 4980 2931 5034 καὶ
2958 4979 3221 5052 ἔμψυχος,
3261 4982 3357 5036 τοῦ
3386 4980 3518 5036 Θεοῦ
3549 4974 3756 5035 κελεύον-

2221 5083 2332 5131 τος,
2379 5064 2522 5119 οὑτω
2553 5066 2680 5129 τοὺς
2717 5067 2816 5137 μὲν
2866 5067 3059 5133 ἔσωσε,
3101 5070 3225 5132 τοὺς
3273 5069 3330 5123 δέ
3362 5067 3625 5131 ἀπώλλυε,
3663 5059 3754 5119 τοτε

2226 5156 2327 5227 μὲν
2357 5156 2548 5224 τάφος,
2588 5158 2702 5219 τοῖς
2734 5156 2793 5210 δὲ
2822 5156 3005 5227 δχημα
3043 5159 3324 5231 γινομένη.
3356 5158 3525 5213 Τοῦτο
3565 5152 3649 5210 καὶ
3676 5146 3753 5202 ἐπὶ

2220 5244 2322 5313 τῆς
2366 5242 2715 5306 Βαϐυλωνίας
2753 5243 2982 5315 καμίνου
3027 5244 3127 5299 ίδοι
3164 5260 3248 5310 τις
3298 5246 3385 5302 ἄν.
3427 5245 3533 5300 Καὶ
3572 5243 3667 5312 γὰρ
3702 5235 3751 5288 τὺ

2219 5331 2350 5402 πῦρ,
2376 5331 2449 5403 τδρ
2468 5331 2656 5395 ἁπλῶς
2687 5333 2782 5385 καὶ
2813 5332 2890 5395 ὡς
2918 5328 3080 5405 ετυχε
3115 5335 3433 5406 φερόμενον,
3473 5322 3748 5400 τϋολλὴνέῠ·

2217 5418 2408 5486 ταξίαν
2437 5418 2803 5483 ἐπεδείκνυτο,
2833 5420 2924 5473 ὅτε
2951 5419 2981 5472 ὁ
3008 5419 3145 5484 Θεὸς
3170 5420 3418 5486 ἐπέταξε,
3445 5419 3537 5484 οὓς
3563 5416 3652 5487 μὶν
3676 5409 3743 5463 εν-

2216 5502 2306 5557 δον
2333 5498 2448 5575 εἶχε
2493 5502 2779 5567 διασῶζον,
2821 5504 2948 5568 τοὺς
2982 5503 3039 5557 δὲ
3072 5504 3270 5571 ἔξωθεν
3317 5496 3745 5578 περικαθημένους

2278 5672 2306 5736 9
2330 5668 2453 5736 Εεε·
2473 5675 2625 5736 εστξὴ

2278 5730 2308 5773 ἱ
2331 5730 2451 5796 Rei.
2474 5730 2643 5793 αὐτοὺς
2664 5734 2990 5786 κατατάττειν.
