3956 6398
223 316 288 371 5(;
300 317 335 372 5

230 433 422 488 orbem
477 439 644 486 terra:
700 428 925 494 vicerit,
976 440 1146 496 quam.
1180 421 1398 494 gerebat
1444 435 1626 474 curam
1676 417 1827 472 factis

235 525 569 583 Ostendens?
598 524 710 578 IIoc
739 538 864 591 ergo
896 521 1132 574 Psalmus
1152 530 1360 587 quoque
1391 514 1477 570 hic
1503 513 1824 582 signiﬁcans,

240 619 455 674 dicebat
484 633 499 669 :
532 615 595 668 In
631 615 765 668 exitu
797 612 960 666 Israel
997 612 1059 663 de
1085 607 1345 679 ﬁgypto,
1373 606 1552 659 domus
1581 603 1740 656 Iacob
1766 603 1830 655 de

240 709 434 784 papula
461 707 697 772 barbaro,
728 706 864 773 [acta
892 712 963 756 est
991 701 1175 755 Iudaea
1201 698 1536 766 sanctiﬁcatio
1564 696 1690 766 ejus.
1717 694 1828 748 Hoc

235 812 356 866 est,
384 800 435 852 in
470 799 645 861 exitu,
675 795 727 849 in
758 808 1006 857 recessu,
1037 793 1090 845 in
1129 790 1440 845 liberatione
1475 787 1543 840 ab
1572 787 1823 856 Egypto.

236 892 355 947 Non
387 891 521 944 dixit
560 898 738 944 autem
769 888 939 942 solum
971 885 1045 939 De
1074 884 1337 955 tEgypto,
1366 881 1460 936 sed
1481 881 1675 951 adjecit
1705 900 1718 936 :
1745 879 1828 936 De

237 981 432 1056 populo
453 979 665 1034 barbaro
687 979 933 1034 :nomine
951 976 1190 1031 hostium
1200 975 1290 1029 Dei
1312 988 1493 1028 curam
1516 970 1822 1026 ostendens.

237 1075 322 1128 Ab
351 1073 454 1126 illis
484 1073 623 1126 enim
659 1069 961 1124 crudelibus
989 1077 1043 1121 et
1081 1067 1398 1121 immanibus
1425 1063 1692 1135 Egyptiis
1716 1078 1823 1118 non

239 1165 544 1235 potuissent
573 1162 810 1222 liberari,
845 1160 942 1213 nisi
989 1159 1299 1213 habuissent
1327 1171 1541 1210 manum
1589 1155 1779 1209 fortem
1805 1195 1819 1220 ,

236 1267 295 1311 et
323 1256 597 1310 dexteram
621 1252 1100 1323 inexpugnabilem.
1133 1250 1300 1304 Erant
1323 1250 1464 1303 enim
1491 1247 1618 1302 feris
1637 1247 1826 1302 sarrie-

237 1364 350 1414 rcs,
373 1358 428 1402 et
454 1347 617 1417 petris
638 1345 882 1399 duriores
911 1359 926 1397 :
957 1344 1183 1412 quicum
1204 1342 1594 1410 totaccipcrenl
1617 1340 1823 1410 plagas,

239 1441 463 1495 minime
487 1437 761 1492 cederent.
793 1435 1081 1504 Postquam
1111 1448 1238 1504 ergo
1264 1432 1395 1486 dixit
1425 1431 1675 1501 pepulum
1698 1430 1823 1484 bar-

239 1532 452 1595 barum,
485 1529 732 1593 ostendit,
753 1542 908 1596 quam
935 1542 1125 1596 magna
1155 1535 1297 1581 esset
1319 1525 1410 1579 Dei
1438 1525 1824 1595 pote'ntia,qu:e

238 1624 378 1678 adeo
408 1622 688 1676 barbarum
711 1661 724 1683 ,
757 1619 888 1673 adeo
909 1619 1184 1673 efferatum
1216 1617 1487 1671 hominem
1521 1630 1663 1670 nunc
1706 1616 1824 1684 qni-

246 1715 372 1768 dem
406 1711 687 1781 persuasit,
721 1726 858 1764 nunc
882 1725 1010 1763 vero
1037 1709 1120 1762 vel
1158 1708 1378 1762 invitum
1420 1707 1596 1776 coegit
1637 1720 1826 1760 servos

239 1805 532 1867 dimittere,
565 1812 618 1856 et
655 1800 1037 1856 contendentes
1065 1807 1248 1869 postea
1273 1797 1406 1852 mari
1437 1797 1637 1864 obruit,
1669 1806 1723 1852 et
1752 1797 1822 1849 ita

240 1913 398 1952 suum
422 1897 672 1966 populum
701 1894 966 1949 liberavit.

314 1988 579 2054 Quomodo
610 1985 794 2039 Iudaea
831 1983 1164 2052 sanctiﬁcatio
1199 1981 1337 2047 Dei;
1381 1980 1631 2051 quomodo
1659 1978 1824 2034 Israel

237 2083 398 2152 ipsius
430 2089 665 2149 potestas.
692 2107 758 2118 —-
780 2077 915 2144 Quid
962 2084 1047 2130 est
1083 2084 1280 2139 autem,
1309 2073 1472 2127 Facta
1517 2084 1589 2128 est
1635 2072 1824 2127 Judtea

237 2172 571 2242 sanctiﬁcatio
597 2171 753 2240 ejus?
776 2169 826 2223 Id
851 2177 952 2233 est,
983 2169 1221 2238 Populus
1241 2167 1290 2222 ei
1331 2167 1568 2222 serviens
1585 2208 1600 2233 ,
1626 2175 1680 2221 et
1700 2181 1820 2220 eum

236 2266 460 2319 colens:
493 2263 713 2331 populus
735 2262 782 2315 ei
815 2261 1054 2315 addictus
1074 2303 1088 2327 ,
1120 2261 1345 2335 populus
1389 2260 1435 2313 ei
1465 2259 1630 2313 factus
1657 2274 1820 2328 pecu-

237 2355 406 2410 liaris.
429 2353 784 2409 Sanctilicatio
800 2363 974 2406 autem
1004 2353 1215 2422 proprie
1234 2351 1526 2418 dicebatur,
1542 2346 1819 2418 templum,

236 2449 432 2518 adyta,
463 2456 641 2501 sancta
675 2456 1004 2512 sanctorum,
1048 2443 1499 2514 quemadmodum
1540 2443 1823 2497 Zacharias

237 2552 451 2608 quoque
480 2536 768 2591 introducit
805 2535 1010 2603 aliquos
1034 2543 1281 2604 rogantes
1300 2577 1315 2600 ,
1339 2543 1392 2590 et
1417 2535 1653 2589 dicentes
1686 2551 1700 2588 :
1731 2533 1823 2587 In-

234 2649 407 2703 gresso
420 2641 492 2684 est
509 2631 602 2683 huc
621 2631 972 2698 sanctiﬁcatio,
994 2645 1059 2682 an
1071 2629 1418 2698 jejunabimus
1436 2629 1452 2659 ¹
1471 2628 1649 2701 (Zach.
1671 2629 1723 2682 7.
1740 2628 1820 2699 5)?

233 2724 303 2778 de
331 2723 506 2777 reditu
542 2737 678 2776 arere
707 2731 759 2776 et
787 2722 1009 2776 aliorum
1040 2723 1276 2776 omnium
1306 2722 1626 2792 signiﬁcans.
1657 2720 1820 2775 Facta

234 2825 306 2869 est
352 2814 542 2868 Judtea
592 2815 922 2883 sanctiﬁcatio
960 2815 1068 2883 ejus
1095 2830 1114 2868 :
1147 2823 1261 2869 erat
1302 2815 1443 2869 enim
1487 2823 1641 2868 antea
1674 2815 1818 2884 regio

236 2907 440 2976 impura
473 2917 525 2961 et
550 2908 895 2973 exsecranda,
926 2907 1019 2962 sed
1049 2915 1326 2976 postquam
1357 2923 1604 2962 reversus
1629 2917 1707 2961 est
1727 2924 1822 2976 pO-

236 3000 412 3069 pulus,
444 2999 582 3053 facta
629 3008 711 3053 est
761 2998 947 3053 civitas
995 2999 1343 3053 sanctificatio
1395 2999 1511 3068 ejus
1543 3021 1555 3055 :
1587 2998 1689 3054 hoc
1713 3008 1814 3066 est,

237 3087 534 3141 introducta
557 3098 638 3142 est
663 3087 1009 3142 sanctiﬁcatio
1037 3103 1130 3156 per
1149 3087 1574 3143 observationem
1596 3087 1694 3160 (a),
1723 3105 1818 3157 per

240 3180 512 3243 sacriﬁcia,
541 3195 635 3249 per
656 3179 854 3232 cultum
880 3221 893 3243 ,
925 3180 1164 3248 aliosque
1201 3180 1336 3233 ritus
1369 3189 1423 3234 et
1464 3181 1812 3234 ceremonias.

242 3267 412 3324 Israel
442 3280 655 3340 potestas
697 3272 824 3340 ejus.
854 3270 989 3337 Quid
1039 3279 1140 3331 est,
1183 3269 1348 3324 Israel
1398 3281 1614 3340 potestas
1661 3272 1819 3342 ejus?

236 3361 349 3418 Sub
378 3362 490 3430 ejus
518 3363 740 3432 imperio
761 3405 776 3428 ,
819 3363 1007 3433 inquit.
1050 3363 1205 3432 Atqui
1232 3365 1512 3418 universus
1535 3363 1681 3419 orbis
1711 3373 1818 3420 ter-

235 3467 311 3506 ra:
335 3452 451 3522 ejus
484 3453 705 3522 imperio
734 3453 969 3520 suberat,
1004 3453 1096 3508 sed
1124 3454 1175 3507 lii
1207 3454 1365 3510 etiam
1398 3456 1645 3524 amplius,
1673 3455 1814 3526 quod

234 3562 330 3602 eos
361 3547 584 3600 haberet
623 3547 866 3617 proprios
915 3555 970 3601 et
1011 3546 1298 3602 familiares
1340 3566 1353 3602 :
1385 3548 1814 3618 quandoquidem

234 3649 290 3692 et
322 3637 628 3706 prephctias
658 3637 1036 3708 suscipiebant,
1069 3648 1260 3693 etcum
1289 3639 1368 3693 eis
1384 3639 1689 3694 disserebat
1713 3681 1729 3707 ,
1761 3649 1816 3694 et

232 3745 322 3786 res
346 3745 530 3784 eorum
556 3731 778 3800 amplius
799 3731 1221 3785 administrabat.
1251 3731 1552 3797 Quinetiam
1574 3731 1680 3786 alio
1703 3747 1818 3785 mo-

233 3822 304 3877 do
342 3822 637 3891 appellatur
668 3822 780 3891 ejus
810 3823 1052 3892 populus.
1083 3823 1228 3877 Illius
1260 3824 1401 3878 enim
1430 3833 1560 3878 nutu
1584 3839 1727 3894 smpe
1764 3837 1818 3881 et

233 3914 302 3967 ad
329 3914 522 3970 bellum
554 3914 929 3984 procedebant,
957 3923 1010 3970 et
1041 3917 1200 3970 multa
1224 3918 1324 3970 alia
1351 3917 1813 3974 administrabant.

232 4004 367 4060 Cum
413 4019 505 4059 eos
550 4007 692 4060 enim
736 4021 764 4059 a
795 4007 1087 4061 barbaricis
1128 4008 1393 4074 manibus,
1428 4009 1733 4079 tyrannide,
1762 4018 1817 4064 et

234 4095 491 4150 servitute
511 4137 526 4160 ,
550 4104 605 4150 et
634 4107 873 4152 extremo
919 4097 1172 4167 periculo,
1199 4106 1254 4152 et
1277 4109 1456 4153 mente
1487 4099 1646 4168 impia
1678 4100 1815 4155 libe-

232 4195 424 4252 rasset,
453 4187 561 4241 Rex
585 4202 769 4241 eorum
811 4188 978 4243 Iactus
1024 4197 1124 4242 est.
1157 4190 1267 4244 IIoc
1311 4190 1482 4260 ipsum
1507 4193 1666 4246 etiam
1691 4193 1815 4247 alibi

232 4292 386 4332 suam
412 4293 626 4333 causam
658 4294 818 4347 agens
843 4321 857 4343 ,
888 4288 943 4334 ει
979 4281 1266 4336 ostendens
1310 4298 1368 4337 se
1397 4299 1513 4352 qua?
1537 4298 1631 4338 sua
1662 4292 1817 4339 erant

233 4370 472 4439 primum
494 4370 824 4438 praestitisse,
855 4387 974 4440 qua‘
998 4371 1205 4425 illorum
1236 4382 1411 4427 autem
1434 4382 1603 4440 erant,
1634 4376 1816 4445 requi-

233 4474 378 4525 rere,
399 4459 608 4515 dicebat
646 4477 660 4512 :
699 4459 962 4527 Numquid
981 4461 1201 4515 solitudo
1224 4465 1298 4534 fui
1327 4465 1500 4518 domui
1525 4464 1708 4531 Israel,
1741 4467 1818 4522 vel

235 4557 372 4602 terra
397 4550 584 4603 inculta
601 4549 732 4620 (Jer.
763 4550 818 4605 2.
845 4551 936 4618 51)
958 4552 980 4605 ?
1005 4552 1156 4620 Quod
1185 4562 1361 4608 autem
1384 4555 1530 4622 dicit,
1559 4565 1641 4610 est
1668 4558 1814 4626 ejus-

233 4639 383 4694 modi
409 4657 423 4691 :
455 4639 588 4693 Nam
633 4639 705 4695 l'ui
750 4641 902 4696 vobis
931 4643 1169 4697 inutilis?
1194 4659 1370 4698 annon
1401 4645 1674 4702 innumera
1722 4649 1818 4703 bo-

236 4744 306 4783 na
335 4729 390 4783 in
425 4744 520 4784 vos
556 4731 792 4785 contuli?
846 4747 1022 4787 annon
1072 4733 1238 4802 ipsam
1293 4745 1532 4790 naturam
1579 4740 1818 4795 mutavit

237 4835 416 4874 annon
465 4822 725 4877 elementa
747 4833 804 4877 ut
827 4825 976 4880 vobis
1007 4828 1270 4882 servirent
1295 4829 1611 4897 composui?
1637 4846 1814 4886 annon

234 4909 358 4964 dedi
389 4911 539 4966 vobis
590 4912 750 4966 vitam
810 4915 877 4969 ab
929 4914 1178 4970 humanis
1225 4917 1497 4972 laboribus
1541 4921 1806 4976 liberam?

234 4997 524 5070 Pmpterea
563 5002 696 5057 dixit
727 5022 740 5057 :
766 5002 906 5058 Num
929 5005 1152 5060 solitudo
1172 5008 1247 5076 fui
1272 5009 1442 5063 domui
1472 5009 1636 5067 Israel
1656 5015 1851 5091 ?_IIoc.

236 5103 339 5154 est,
367 5094 557 5146 Annon
582 5093 779 5148 fructus
811 5096 906 5150 tuli
934 5097 1387 5155 innumerabiles?
1415 5102 1715 5158 libertatem
1747 5106 1815 5161 ab

235 5181 492 5253 Egypto,
523 5183 890 5240 liberationem
918 5187 1287 5256 barbarorum,
1321 5195 1682 5249 ostensionem
1713 5197 1816 5250 mi-

239 5273 564 5341 raculorum,
594 5276 754 5330 vitam
775 5277 826 5332 in
857 5278 1091 5347 deserto,
1124 5280 1472 5340 hereditatem
1496 5284 1813 5357 Palmstinte,

301 5415 578 5493 {timeam
599 5417 928 5493 jejuuqbimus
971 5425 1030 5484 (ἢ
1061 5425 1430 5493 ιςηστερσομεν),
1472 5443 1572 5480 non
1613 5440 1730 5483 sunt
1761 5433 1815 5485 in

237 5480 380 5525 textu
405 5477 544 5535 LXX,
573 5477 735 5542 nerine
756 5484 804 5530 in
828 5477 1058 5544 Hebraeo,
1083 5477 1174 5536 hoc
1197 5477 1321 5537 loco.

297 5549 382 5624 (at
400 5547 683 5624 In:
711 5556 859 5624 ξιξ-τῆς
884 5563 1088 5624 ιτετπειεες,
1115 5566 1201 5624 per
1219 5555 1572 5624 inspectionem,
1599 5568 1700 5612 aut.
1729 5575 1816 5624 per

231 5607 626 5674 observationem,
644 5610 691 5657 in
716 5607 854 5674 cultu
872 5607 1151 5674 adhibitan't.
1185 5618 1268 5665 Hic
1293 5607 1492 5667 videtur
1507 5607 1817 5674 es‘saééngﬁs

235 5663 438 5740 hujusce
467 5671 593 5740 vocis
611 5663 706 5718 hoc
728 5670 846 5740 loco.
890 5672 1029 5724 Multa
1070 5675 1199 5724 enim
1230 5663 1815 5740 'inspi'éiaiaﬁ't33;}:

241 5731 388 5779 sauia
413 5733 616 5786 erantin
641 5737 795 5782 veteri
817 5733 950 5796 lege.

1337 301 1698 362 EXPOSITIO
1735 299 1800 356 IN
1840 299 2159 359 PSALMUM
2197 304 2376 363 CXIII.

3425 316 3527 372 25M

1942 418 2326 488 subjectionem
2367 425 2627 495 gentium,
2649 430 2899 485 continua
2938 439 3172 502 troptea,
3217 432 3525 505 frequentes

1937 512 2204 580 victorias,
2249 514 2502 573 miracula
2560 519 2913 588 incredibilia,
2959 524 3210 579 continua
3259 525 3521 596 prodigia,

1939 613 2096 660 terra:
2119 605 2467 676 fertilitatem,
2491 614 2704 680 generis
2728 617 2888 670 vestri
2932 618 3316 674 incrementum
3339 664 3354 686 ,
3376 636 3519 686 eam,

1935 713 2056 767 quae
2085 699 2392 756 universum
2419 713 2678 758 terrarum
2709 709 2895 762 orbem
2937 713 3210 778 pervadit,
3261 712 3519 780 gloriam,

1935 791 2037 846 alia
2065 794 2381 850 innumera?
2405 796 2593 852 Vidisti
2615 798 2817 854 fruetus
2839 802 2970 855 Dei?
2991 801 3052 856 Et
3075 803 3194 857 ideo
3210 804 3508 872 subjnmtit:

1937 882 2200 953 Numquid
2224 887 2302 956 fui
2320 897 2453 941 terra
2471 889 2662 943 inculta
2683 892 2840 945 ?-Hoc
2864 903 2966 957 est,
2990 898 3179 947 Annon
3209 895 3518 950 innumera-

1933 976 2066 1030 biles
2097 976 2298 1033 l‘ructus
2325 995 2352 1033 a
2383 995 2470 1035 me
2502 980 2885 1051 decerpsistis?
2910 998 3085 1038 annon
3136 985 3380 1039 benedixi
3435 987 3520 1040 in-

1935 1069 2147 1122 troitum
2175 1080 2228 1123 et
2257 1071 2455 1126 exitum
2491 1082 2722 1128 vestrum
2743 1115 2758 1140 ,
2787 1090 2974 1145 greges
2995 1087 3202 1131 veSIros
3223 1087 3275 1130 et
3297 1093 3514 1132 armen-

1934 1169 1983 1215 ta
2007 1171 2202 1225 vestra,
2224 1177 2408 1230 panem
2431 1173 2688 1229 vestrum,
2718 1175 2772 1219 et
2824 1182 3026 1236 aquam
3047 1169 3314 1222 vestram?
3341 1184 3518 1224 annon

1931 1252 1985 1306 in
2041 1260 2153 1307 tuto
2202 1253 2492 1308 collocavi?
2547 1271 2724 1310 annon
2767 1255 2866 1311 feci
2924 1267 2982 1312 ut
3033 1258 3222 1312 essetis
3271 1260 3522 1313 omnibus

1931 1343 2385 1413 inexpugnabiles,
2411 1346 2590 1400 invicti
2619 1356 2674 1401 et
2701 1348 3008 1402 terribiles?
3033 1363 3210 1404 annon
3239 1357 3510 1420 tamquam

1930 1449 1994 1488 ex
2024 1433 2255 1490 fontibus
2275 1435 2450 1490 omnia
2487 1438 2636 1491 vobis
2664 1452 2696 1493 e
2723 1439 2855 1492 cado
2880 1447 2933 1493 et
2971 1455 3002 1494 e
3025 1446 3163 1493 terra
3185 1441 3521 1495 manabant?

1929 1524 2041 1581 Hoc
2070 1542 2210 1583 emm
2237 1529 2465 1582 maxime
2505 1529 2737 1583 ostendit
2770 1530 3064 1601 principem
3085 1571 3101 1596 ,
3125 1531 3266 1600 quod
3319 1533 3523 1587 scilicet

1929 1632 2148 1672 suorum
2177 1636 2358 1674 curam
2390 1631 2568 1691 gerat,
2591 1622 2775 1691 eisque
2803 1625 3086 1692 provideat
3109 1639 3174 1678 ac
3204 1626 3513 1694 proSpiciat.

1998 1711 2054 1767 2.
2096 1712 2163 1766 Ει
2201 1713 2324 1768 ideo
2371 1715 2581 1768 dicebat
2619 1715 2884 1780 Christus,
2932 1715 3124 1771 Pastor
3175 1719 3352 1784 bonus,
3407 1733 3520 1774 non

1927 1801 2084 1870 dixit,
2115 1803 2403 1859 honoratur
2430 1814 2480 1858 et
2508 1807 2717 1869 colitur,
2765 1806 2861 1861 sed
2904 1809 3126 1861 animam
3175 1825 3320 1862 suam
3369 1811 3510 1877 ponit

1929 1909 2022 1964 pro
2064 1894 2238 1947 ovibus
2285 1895 2390 1948 suis
2439 1894 2642 1966 (Joan.
2669 1897 2753 1951 10.
2787 1899 2845 1951 II
2875 1897 2918 1966 ).
2971 1898 3084 1952 Hoc
3130 1909 3209 1952 est
3253 1900 3522 1968 principa-

1929 1993 2034 2049 tus,
2079 1986 2178 2039 hoe
2225 1995 2307 2040 est
2370 1986 2616 2055 pascendi
2673 1989 2914 2053 scientia,
2965 2003 3058 2042 sua
3125 1989 3412 2058 negligere,
3465 1997 3520 2042 et

1927 2092 2112 2132 eorum
2179 2093 2312 2148 quos
2365 2078 2498 2148 regit
2546 2092 2726 2133 curam
2784 2095 2992 2150 gerere.
3041 2080 3192 2145 Quod
3235 2091 3322 2134 est
3374 2083 3518 2135 enim

1928 2168 2186 2235 medicus,
2236 2170 2338 2224 hoc
2393 2179 2474 2225 est
2519 2171 2915 2240 princeps;vel
2966 2171 3148 2242 potius
3198 2173 3314 2242 plus
3359 2188 3516 2242 quant

1927 2261 2184 2317 medicus.
2227 2262 2458 2317 Medicus
2478 2263 2617 2317 cnim
2645 2273 2760 2317 arte
2785 2263 3007 2318 salutem
3030 2273 3299 2332 comparat
3323 2282 3336 2329 ;
3361 2264 3512 2331 prin-

1926 2364 2056 2420 ceps
2109 2359 2286 2406 autem
2334 2351 2492 2407 etiam
2542 2353 2770 2422 prepriis
2823 2355 3092 2422 periculis.
3139 2353 3291 2419 Quod
3341 2355 3508 2408 etiam

1928 2439 2053 2496 fecit
2094 2441 2357 2509 Christus,
2404 2442 2570 2511 alapis
2620 2457 2923 2511 percussus,
2979 2443 3295 2507 cruciﬁxus,
3322 2452 3377 2498 et
3414 2445 3515 2496 alia

1926 2536 2332 2591 innumerabilia
2395 2551 2698 2606 perpessus.
2767 2537 3027 2602 Quocirca
3094 2535 3304 2591 dicebat
3375 2536 3517 2590 Pau-

1926 2630 2007 2683 lus
2036 2647 2049 2683 :
2080 2629 2280 2684 Etenim
2326 2629 2550 2686 Christus
2599 2648 2700 2685 non
2735 2633 2830 2686 sibi
2875 2632 3064 2703 placuit
3097 2674 3111 2696 ,
3144 2633 3234 2687 sed
3271 2634 3515 2704 quemad-

1924 2721 2127 2774 modum
2178 2723 2418 2792 scriptum
2477 2733 2588 2788 est,
2625 2723 2910 2791 Opprobria
2970 2726 3376 2795 exprobrantium
3428 2725 3516 2777 tibi

1923 2813 2208 2867 ceciderunt
2259 2830 2412 2883 super
2458 2813 2581 2885 me(
2624 2815 2773 2869 Rom.
2806 2817 2893 2871 I5.
2932 2819 3000 2882 ’ὃς
3033 2816 3180 2870 Psal.
3239 2817 3326 2870 68.
3380 2816 3445 2870 10
3471 2814 3512 2886 ).

1925 2902 2040 2957 Duo
2065 2917 2212 2972 ergo,
2237 2903 2343 2957 imo
2394 2919 2520 2958 vero
2565 2906 2683 2969 tria,
2734 2915 2895 2975 atque
2939 2905 3074 2960 adeo
3096 2907 3513 2960 innumerabilia

1929 2992 2018 3048 hic
2043 2995 2192 3063 ponit
2220 2995 2496 3062 beneﬁcia,
2525 2997 2667 3065 quod
2719 2999 2976 3067 eripuerit
3001 3013 3030 3052 a
3059 2999 3322 3064 barbaris,
3369 2999 3509 3067 quod

1921 3083 2228 3140 liberaverit
2255 3085 2319 3140 ab
2345 3087 2514 3141 aliena
2539 3097 2697 3153 terra,
2722 3089 2862 3156 quod
2898 3090 3156 3143 exemerit
3175 3103 3204 3142 a
3226 3090 3502 3152 servitute,

1921 3178 2062 3244 quod
2115 3175 2383 3231 laboribus
2429 3185 2484 3231 et
2538 3177 2915 3233 afﬂictionibus
2966 3179 3122 3234 linem
3175 3179 3510 3249 imposuerit,

1921 3265 2061 3336 quod
2089 3266 2366 3320 innumera
2411 3268 2593 3322 fecerit
2641 3269 2894 3323 miracula
2930 3290 2943 3325 :
2975 3269 3170 3325 deinde
3220 3272 3361 3340 quod
3413 3285 3509 3325 eos

1921 3357 2082 3412 etiam
2131 3373 2250 3412 esse
2299 3359 2526 3414 voluerit
2580 3359 2698 3429 ejus
2749 3360 3245 3428 sanctiﬁcatiouem,
3294 3371 3347 3416 et
3393 3362 3510 3430 ejus

1921 3464 2040 3504 esse
2063 3449 2206 3504 dicto
2233 3448 2561 3506 obedientes.
2605 3450 2737 3505 Nam
2778 3452 2878 3506 hoc
2905 3466 3120 3522 quoque
3143 3469 3246 3506 non
3282 3460 3365 3506 est
3393 3467 3512 3520 par-

1922 3557 2043 3595 vum
2093 3556 2260 3610 genus
2289 3541 2554 3607 beneﬁcii,
2574 3542 2773 3596 referre
2793 3558 2888 3597 eos
2917 3545 2970 3597 in
3006 3559 3281 3598 numerum
3298 3558 3510 3610 eorum,

1920 3634 2009 3703 qui
2039 3643 2162 3687 sunt
2190 3634 2288 3687 sub
2313 3635 2428 3701 ejus
2453 3634 2675 3688 ditione.
2702 3635 2753 3688 5.
2788 3634 2932 3688 .Ilare
2956 3635 3096 3698 vidit,
3129 3645 3173 3687 et
3201 3635 3328 3705 fugit
3353 3650 3372 3697 ;
3394 3634 3517 3686 .ior-
3599 3647 3602 3652 ‘

1921 3725 2067 3778 donis
2093 3742 2360 3779 conversus
2382 3735 2452 3779 est
2473 3736 2767 3778 retrorsum.
2802 3726 2933 3780 Vide
2986 3727 3280 3779 orationem
3337 3741 3507 3794 exag-

1921 3825 2178 3887 geratam,
2216 3825 2270 3869 et
2298 3817 2673 3886 ampliﬁcatum
2703 3817 3041 3872 beneﬁcium.
3069 3817 3203 3884 Quid
3225 3817 3391 3880 enim,
3425 3817 3510 3870 in-

1921 3908 2055 3978 quit,
2083 3907 2362 3961 dicendum
2409 3907 2583 3962 estde
2622 3907 2861 3961 barbaris
2902 3919 2956 3961 et
2980 3909 3248 3976 gentibus,
3293 3905 3508 3975 quando

1921 3998 2082 4053 cessit
2105 3999 2262 4052 etiam
2291 4008 2551 4063 creatura,
2579 4008 2630 4052 et
2655 3999 2824 4052 locum
2857 3998 3022 4064 dedit,
3051 4007 3104 4053 et
3129 4013 3389 4052 conversa
3422 4007 3506 4053 est

1920 4091 1985 4145 ad
2007 4093 2292 4158 contraria,
2320 4091 2608 4162 respiciens
2662 4091 2726 4145 ad
2778 4092 3172 4160 imperatorem,
3217 4099 3273 4144 et
3313 4089 3516 4144 cedens

1920 4184 2039 4238 duci
2069 4184 2284 4254 pepuli?
2310 4183 2436 4238 Harc
2461 4183 2601 4238 enim
2619 4182 2796 4238 omnia
2820 4191 2945 4236 tunc
2968 4182 3283 4237 eveniebant
3304 4180 3505 4249 populo

1923 4274 2286 4337 llebraaorum,
2322 4282 2378 4327 ut
2427 4273 2623 4327 scirent
2675 4287 2779 4327 non
2834 4271 2996 4326 fuisse
3044 4272 3288 4325 humana:
3314 4283 3511 4325 conse-

1919 4365 2151 4434 quentiae
2191 4379 2252 4418 ea
2293 4379 2412 4433 qua:
2435 4363 2772 4429 eveniebant,
2799 4362 2894 4416 sed
2927 4362 3104 4415 omnia
3151 4359 3315 4413 fuisse
3343 4356 3512 4411 mira-

1917 4458 2045 4514 bilia
2075 4471 2236 4521 Opera
2267 4456 2459 4509 divinae
2484 4465 2540 4510 et
2569 4454 2850 4510 ineﬁ'abilis
2874 4454 3145 4523 potentiae.
3171 4451 3302 4506 Vide
3328 4459 3509 4504 autem

1919 4549 2215 4620 emphasim
2245 4548 2512 4614 dictionis,
2541 4557 2594 4601 et
2619 4562 2775 4616 quam
2806 4547 2876 4600 sit
2907 4545 3108 4614 optime
3149 4544 3340 4613 posita.
3385 4542 3503 4598 Non

1921 4644 2054 4697 dixit
2081 4644 2244 4706 enim,
2273 4641 2463 4702 Cessit,
2494 4651 2601 4702 aut,
2635 4639 2883 4694 Substitit
2907 4656 2921 4693 :
2950 4639 3042 4693 sed
3073 4637 3404 4708 quid?Mare
3426 4638 3506 4691 νὶ-
3602 4637 3604 4640 ’

1916 4737 2016 4802 dit,
2045 4745 2090 4789 et
2115 4735 2245 4806 fugit
2270 4749 2288 4787 :
2317 4746 2560 4786 recessus
2587 4732 2911 4786 celeritatem
2941 4731 3060 4801 fuga
3093 4731 3276 4786 volens
3320 4739 3508 4785 osten-

1922 4825 2069 4888 dere,
2119 4823 2532 4893 magnitudinem
2559 4824 2944 4890 admirationis,
2991 4833 3045 4878 et
3071 4824 3372 4879 facilitatem
3415 4822 3509 4878 Del

1922 4918 2264 4988 operationis.

1997 5010 2250 5064 Miracula
2273 5025 2372 5064 non
2415 5019 2594 5065 temere
2627 5015 2784 5082 facta.
2808 5038 2880 5050 -—
2905 5010 2971 5064 Et
2999 5025 3064 5064 ne
3093 5011 3212 5080 quis
3239 5008 3508 5064 existimet

1924 5100 2027 5157 hoc
2051 5111 2199 5156 certo
2229 5102 2483 5171 temporis
2511 5103 2710 5156 ambitu
2736 5110 2826 5156 aut
2867 5102 3083 5156 fortuito
3111 5101 3388 5164 accidisse,
3439 5097 3510 5153 ab

1923 5193 2018 5248 illo
2061 5203 2300 5260 tempore
2349 5209 2454 5247 non
2495 5195 2722 5262 amplius
2770 5194 2964 5247 factum
3016 5201 3119 5257 est,
3169 5193 3264 5246 sed
3317 5191 3506 5256 semel,

1923 5286 2136 5354 quando
2166 5287 2305 5340 Deus
2337 5285 2515 5354 jussit,
2544 5285 2702 5354 idque
2728 5287 2873 5339 varie
2904 5285 2954 5336 in
2985 5283 3210 5337 diversis
3240 5282 3504 5351 personis.

1923 5374 2160 5432 lnsolens
2180 5379 2322 5432 enim
2354 5376 2612 5448 undarum
2647 5378 2892 5444 impetus,
2924 5375 3085 5429 veluti
3130 5376 3425 5440 animatus,
3454 5384 3509 5430 et

1923 5469 2130 5522 ratione
2159 5469 2426 5536 praeditus,
2459 5468 2568 5522 Deo
2593 5467 2829 5536 jubente,
2861 5467 2957 5520 hos
2984 5465 3196 5534 quidem
3229 5466 3505 5532 servavit,

1923 5559 2042 5613 illos
2094 5575 2224 5613 vero
2276 5559 2505 5628 perdidit
2557 5560 2575 5628 (
2600 5558 2767 5613 Exod.
2815 5559 2926 5630 M)
2959 5576 2974 5613 :
3005 5560 3123 5614 aliis
3167 5560 3506 5629 sepulcrum,

1923 5651 2040 5703 aliis
2073 5649 2166 5702 fuit
2205 5650 2522 5703 vehiculum.
2555 5649 2666 5703 Ilnc
2693 5649 2864 5718 ipsum
2893 5650 3052 5705 etiam
3081 5650 3272 5704 videtis
3298 5651 3350 5703 in
3401 5649 3509 5704 for-

1928 5755 2057 5795 nace
2085 5740 2400 5811 Babylonica
2454 5743 2473 5810 ί
2507 5738 2642 5794 Dan.
2676 5741 2710 5795 5
2739 5741 2774 5810 ).
2803 5741 2944 5811 Ignis
2973 5743 3114 5795 enim
3159 5743 3250 5814 qui
3301 5753 3501 5800 temere
