3956 6402
517 323 620 377 5οἹ

517 447 571 490 et
600 449 725 488 casu
756 433 1041 493 lerebatur,
1077 428 1492 482 moderationem
1522 436 1573 479 et
1599 436 1801 479 certum
1853 423 2092 475 ordinem

519 525 770 586 ostendit,
798 523 1009 592 quando
1037 522 1172 574 Deus
1199 519 1467 587 pnecepit,
1487 531 1581 570 eos
1605 515 1814 585 quidem
1839 515 1924 583 qui
1946 521 2098 566 erant

522 617 684 676 intus,
715 625 1072 673 conservans;
1102 625 1196 662 eos
1226 623 1352 662 vero
1377 608 1466 677 qui
1490 606 1618 660 foris
1648 605 1920 666 sedebant,
1951 605 2098 655 inva-

522 706 654 758 dens
675 714 726 758 et
751 717 1068 757 consumens
1089 698 1249 772 (Dan.
1273 699 1350 767 '5).
1379 697 1622 751 Jordanis
1635 711 1897 749 conversus
1921 702 1991 746 est
2019 709 2099 746 re-

520 804 754 846 trorsum.
775 792 957 844 Vidisti
987 801 1036 845 et
1067 788 1361 844 indiversis
1393 787 1716 856 temporibus
1740 785 1856 838 etin
1875 785 2098 838 diversis

518 886 646 938 locis
669 881 1152 938 iicrimiracula?Ut
1180 880 1320 934 enim
1340 878 1643 932 scirentDei
1676 876 1961 945 potentiam
1985 873 2096 926 ubi-

516 992 616 1042 que
630 988 747 1028 esse
771 985 1067 1032 exn-usam.
1091 983 1142 1026 et
1159 980 1274 1025 loco
1292 987 1394 1023 non
1413 969 1655 1024 concludi
1687 989 1698 1024 :
1723 977 1773 1020 et
1801 967 1850 1020 in
1875 966 2096 1019 barbara

518 1066 751 1135 regione,
772 1074 821 1119 et
845 1067 894 1118 iu
913 1064 1216 1129 solitudine,
1241 1073 1291 1118 et
1314 1063 1506 1132 ubique
1532 1061 1698 1115 adfuit
1717 1059 1916 1114 faciens
1933 1060 2096 1111 mira~

516 1159 652 1223 cula,
675 1168 729 1211 et
759 1165 883 1210 tunc
908 1156 1121 1224 quidem
1153 1156 1201 1208 in
1217 1155 1370 1220 mari,
1398 1169 1535 1207 nunc
1555 1161 1730 1206 autem
1748 1153 1798 1205 in
1829 1151 2017 1213 ﬂuviis,
2045 1157 2097 1204 et

516 1257 643 1302 tunc.
665 1247 878 1318 quidem
899 1247 996 1300 sub
1018 1246 1180 1312 Mose,
1199 1254 1378 1314 postea
1407 1253 1582 1297 autem
1611 1245 1709 1297 sub
1734 1243 1856 1296 Jesu
1877 1263 1889 1297 :
1914 1257 1976 1295 ac
2004 1257 2097 1309 per

517 1339 769 1393 miracula
801 1338 991 1405 ubique
1014 1335 1523 1398 transmittebantur,
1562 1345 1616 1388 ut
1631 1335 1776 1387 nullo
1788 1348 1944 1385 sensu
1965 1347 2098 1399 prae-

517 1429 680 1482 ditam
712 1437 965 1492 mentem,
997 1427 1292 1496 duramque
1319 1441 1469 1479 suam
1502 1423 1898 1493 intelligentiam
1931 1422 2096 1474 mira-

514 1522 648 1575 culis
670 1520 981 1584 emollitam,
999 1519 1262 1573 mitiorem
1281 1517 1562 1572 redderent
1587 1525 1638 1568 et
1665 1515 1830 1584 magis
1854 1515 2094 1568 idoneam

514 1610 580 1663 ad
603 1609 990 1678 suscipiendam
1011 1608 1100 1662 Dei
1119 1607 1492 1676 cognitionem.
1518 1606 1570 1660 4.
1594 1605 1789 1658 Montes
1815 1605 2096 1656 exsultave-

514 1711 634 1754 runt
653 1711 705 1754 ut
720 1703 918 1766 arietes,
938 1709 980 1753 et
1008 1699 1159 1754 colles
1185 1699 1314 1753 sicut
1342 1699 1461 1768 agni
1485 1698 1664 1750 ovium.
1689 1697 1783 1750 llic
1810 1695 1960 1750 nobis
1987 1696 2095 1748 ori-

515 1801 602 1845 tur
639 1805 742 1844 non
777 1805 934 1860 parva
961 1789 1204 1859 quaastio.
1235 1789 1480 1842 Nonnulli
1518 1789 1658 1842 enim
1684 1787 1984 1841 dubitantes
2011 1788 2095 1841 di-

513 1890 677 1934 cunt:
710 1882 892 1936 Priora
914 1883 1124 1950 quidem
1145 1880 1278 1934 facta
1307 1896 1426 1935 esse
1455 1881 1683 1944 scimus;
1714 1882 1927 1934 historia
1955 1881 2093 1933 enim

515 1972 758 2035 tradidit,
785 1981 836 2025 et
857 1972 1082 2025 divisum
1110 1971 1274 2025 fuisse
1305 1973 1356 2026 in
1401 1973 1546 2027 exitu
1571 1985 1715 2025 mare
1741 1972 2009 2034 Rubrum,
2042 1980 2096 2026 et

511 2062 797 2117 Jordanem
822 2063 984 2117 fuisse
1013 2072 1155 2117 retro
1179 2078 1516 2129 conversum,
1539 2063 1752 2134 quando
1773 2081 1892 2118 arca
1926 2075 2096 2121 trans-

513 2155 602 2208 ivit
649 2172 662 2207 :
704 2155 998 2214 exsultasse
1035 2163 1213 2209 autem
1271 2165 1477 2210 montes
1519 2165 1572 2209 et
1609 2158 1807 2220 colles,
1840 2159 1938 2211 hoc
1968 2173 2095 2211 nus-

513 2262 671 2315 quam
699 2248 953 2316 scriptum
975 2262 1098 2302 esse
1123 2248 1381 2304 videmus.
1406 2249 1538 2316 Quid
1564 2248 1662 2304 hoc
1682 2265 1810 2318 ergo
1828 2252 1925 2305 sibi
1952 2251 2096 2306 vult?

513 2335 713 2390 Volens
743 2336 998 2406 propheta
1029 2336 1263 2390 luititiam
1293 2347 1347 2392 et
1375 2339 1745 2393 miraculorum
1774 2341 2094 2411 magnitudi-

513 2439 635 2479 nem
664 2425 1006 2496 hyperbolice
1033 2426 1339 2489 ostendere,
1373 2429 1452 2480 vel
1483 2430 1591 2498 ipsa
1623 2430 1906 2486 inauimata
1939 2432 2091 2486 indu-

513 2515 584 2567 cit
621 2514 814 2568 choros
856 2516 1239 2584 propemodum
1265 2517 1508 2572 ducentia
1537 2528 1591 2574 et
1619 2521 1910 2575 exsilientia
1930 2564 1945 2588 ,
1973 2538 2092 2592 quae

513 2604 729 2673 quidem
770 2607 944 2660 solent
982 2608 1096 2660 fieri
1131 2608 1198 2661 ab
1235 2608 1297 2662 iis
1336 2609 1425 2678 qui
1455 2610 1632 2664 l;.etitia
1658 2612 1978 2668 afficiuntur.
2015 2616 2092 2670 Eo

513 2711 642 2765 ergo
673 2707 878 2765 spectat
919 2698 1149 2767 adjectio
1188 2700 1328 2754 illius
1363 2702 1750 2770 similitudinis,
1791 2705 1857 2760 Ut
1878 2709 2090 2774 arietes,

513 2798 559 2840 et
586 2796 640 2840 ut
667 2789 785 2858 agni
807 2791 990 2842 ovium.
1023 2788 1113 2843 Illa
1141 2791 1278 2844 enim
1301 2793 1547 2846 animalia
1575 2797 1786 2865 quando
1811 2799 2090 2867 lattantur,

514 2881 686 2934 solent
731 2880 951 2935 saltibus
998 2884 1282 2939 ostendere
1332 2885 1589 2942 laetitiam.
1637 2888 2091 2957 Quemadmodum

514 2987 642 3041 ergo
666 2973 800 3027 alius
825 2975 952 3029 dicit
979 2977 1030 3030 in
1060 2977 1448 3034 ealamitatibus
1483 2981 1687 3036 vincam
1719 2992 1774 3038 et
1801 2985 1976 3039 vinum
2010 2987 2092 3040 lu-

512 3063 688 3125 xisse,
732 3079 836 3117 non
876 3066 1016 3135 quod
1057 3069 1176 3123 vitis
1206 3069 1378 3140 lugeat
1400 3070 1548 3140 (Isai.
1579 3071 1668 3127 24.
1699 3073 1751 3141 7)
1780 3092 1794 3126 :
1826 3078 2093 3146 quomodo

512 3155 654 3208 enim
679 3156 848 3226 l-ngeat
872 3160 993 3212 vitis
1015 3161 1038 3213 ?
1059 3161 1151 3215 sed
1176 3163 1357 3216 volens
1379 3165 1634 3234 insignem
1660 3182 1942 3224 mcerorem
1964 3186 2092 3226 ocu-

513 3244 579 3297 lis
623 3247 782 3300 veluti
827 3249 1118 3319 subjicere,
1158 3254 1316 3308 etiam
1361 3257 1474 3325 ipsa
1513 3257 1796 3314 inanimata
1819 3277 1939 3315 eum
1966 3277 2092 3318 sen-

514 3336 648 3390 sisse
687 3336 811 3392 dicit
857 3340 1197 3410 hyperbolice
1235 3362 1248 3396 :
1278 3346 1346 3400 ita
1375 3346 1461 3400 hic
1485 3349 1642 3403 etiam
1665 3352 1864 3406 inducit
1887 3367 2095 3408 creatu-

513 3441 626 3480 ram
653 3443 771 3482 esse
796 3429 990 3485 lartitite
1015 3435 1342 3504 participem,
1375 3448 1432 3492 ut
1459 3442 1762 3496 ostenderet
1785 3447 1956 3514 gaudii
1985 3463 2096 3500 ma-

513 3520 866 3588 gnitudinem.
927 3524 1000 3580 lta
1053 3527 1211 3581 etiam
1273 3531 1507 3586 solemus
1567 3534 1788 3602 dicere,
1839 3555 1959 3608 quae
2009 3540 2094 3596 hic

514 3622 639 3665 sunt
665 3613 783 3666 laeta
815 3615 1088 3683 evasisse,
1123 3621 1334 3686 quando
1361 3623 1529 3677 virum
1561 3607 1872 3682 honoratum
1897 3629 2096 3684 videri-

515 3719 632 3756 mus
653 3706 940 3761 accessisse
982 3723 997 3762 :
1041 3709 1325 3778 lmplevisti
1365 3713 1579 3770 domum
1627 3716 1806 3772 lzetitia
1842 3737 1986 3776 :non
2027 3723 2096 3779 de

511 3794 803 3860 parietibus
829 3798 1101 3866 loquentes
1122 3841 1138 3864 ,
1169 3803 1261 3857 sed
1293 3805 1499 3874 insigne
1525 3809 1774 3876 gaudium
1801 3813 2094 3868 ostenden-

514 3894 615 3939 tes.
650 3887 704 3940 5.
740 3887 875 3953 Quid
902 3900 972 3944 est
1001 3893 1122 3957 tibi,
1155 3897 1454 3966 mare,quod
1483 3901 1684 3969 fugisti,
1714 3912 1761 3954 et
1791 3913 1842 3957 tu
1861 3946 1874 3967 ,
1905 3905 2096 3960 Jorda-

513 3981 623 4042 nis,
660 3983 778 4048 quia
803 3999 1066 4038 conversus
1095 4003 1146 4040 es
1205 3994 1518 4045 retrorsum?
1553 3995 1604 4046 6.
1645 3993 1841 4050 Montes
1870 3999 2095 4051 exsulta-

513 4075 603 4127 stis
640 4075 768 4126 sicut
806 4078 1014 4140 arietes,
1053 4087 1101 4131 et
1137 4081 1288 4134 colles
1353 4084 1482 4135 sicut
1507 4087 1628 4153 agni
1651 4088 1859 4141 ovium?
1890 4089 1988 4143 Per
2014 4092 2095 4144 in-

516 4164 924 4231 terrogationem
971 4167 1175 4234 profert
1211 4172 1535 4236 orationem,
1579 4185 1630 4228 et
1667 4192 1786 4230 cum
1817 4182 2096 4235 elementis

515 4254 774 4323 loquitur,
820 4257 1006 4311 eodem
1035 4273 1194 4313 sensu
1215 4301 1229 4323 ,
1257 4276 1362 4329 quo
1385 4277 1445 4316 ea
1476 4263 1607 4317 dixit
1632 4266 1866 4323 exsilire.
1896 4269 2092 4334 Quenv

513 4344 798 4400 admodum
830 4347 971 4400 enim
1001 4364 1060 4402 ea
1088 4349 1328 4414 diccbat,
1361 4368 1464 4405 non
1491 4354 1568 4407 eis
1597 4369 1812 4410 sensum
1838 4361 2094 4428 tribuens,

513 4436 604 4490 sed
631 4477 646 4498 ,
691 4445 748 4491 ut
788 4437 894 4506 jam
933 4439 1072 4505 dixi,
1121 4441 1378 4510 insignem
1422 4443 1654 4498 laetitiam
1695 4450 2013 4515 ostendens,
2045 4463 2098 4509 et

512 4543 691 4582 rerum
734 4539 1002 4598 gestarum
1046 4533 1460 4602 magnitudinem
1495 4554 1507 4589 :
1541 4537 1609 4592 ita
1649 4539 1808 4594 etiam
1839 4543 1916 4596 eis
1942 4544 2096 4600 affert

515 4621 980 4690 interrogationem
1012 4643 1024 4678 :
1057 4641 1160 4679 non
1193 4636 1250 4680 ut
1276 4643 1395 4697 qua:
1425 4631 1748 4698 respondere
1781 4637 2013 4702 rossint,
2043 4647 2098 4692 et

513 4724 726 4764 sensum
755 4714 1007 4778 habeant,
1040 4716 1132 4770 sed
1160 4726 1214 4771 ut
1233 4719 1372 4787 quod
1394 4719 1588 4775 dicitur
1611 4722 1806 4777 efficiat
1829 4727 2088 4794 apertius,

513 4814 566 4855 et
611 4802 855 4856 ostendat
899 4819 1010 4857 rem
1055 4821 1173 4860 esse
1208 4807 1608 4879 admirabilem,
1636 4823 1689 4867 et
1716 4829 1969 4885 superare
1995 4818 2094 4873 ho-

513 4891 714 4945 minum
742 4894 1067 4961 opinionem.

581 4985 632 5038 3.
680 4985 966 5054 Tamquam
1012 4996 1188 5043 autem
1232 5004 1318 5043 res
1363 5007 1493 5045 nova
1533 4991 1667 5048 facta
1695 5008 1872 5064 esset,
1902 5007 1954 5054 et
1987 5015 2093 5054 non

508 5091 572 5130 es
613 5087 868 5132 consueta
905 5085 1111 5132 natura:
1151 5086 1526 5150 consequentia
1554 5087 1846 5152 evenisset,
1875 5091 2094 5158 subjun-

508 5169 580 5234 git
627 5168 1126 5236 interrogationem,
1158 5179 1212 5224 et
1231 5171 1410 5240 adjicit
1440 5176 1862 5243 responsionem.
1887 5179 2093 5245 Quam-

503 5258 676 5312 nam?
739 5262 782 5313 1.
835 5259 880 5311 Α
925 5258 1054 5326 facie
1108 5258 1317 5314 Domini
1367 5273 1502 5316 mota
1551 5275 1623 5318 est
1672 5275 1838 5330 terra,
1888 5285 1919 5320 α
1963 5271 2093 5340 facis

509 5345 604 5400 Dei
649 5348 828 5404 Jacob.
880 5351 976 5406 Hic
1007 5369 1189 5408 rursus
1232 5354 1358 5409 dicit
1387 5367 1622 5422 molunt,
1663 5361 2088 5432 perculsionem,

505 5438 942 5508 admirationem,
977 5453 1030 5496 ut
1056 5445 1299 5500 ostendat
1326 5462 1503 5502 rerum
1533 5459 1801 5520 gestarum
1825 5455 2088 5522 magnitud-

502 5525 705 5580 dinem.

573 5614 716 5702 Deus
767 5619 926 5674 Jacob
955 5621 1202 5680 Dominus
1248 5644 1311 5681 ea:
1353 5632 1482 5685 servi
1533 5633 1732 5685 nomine
1781 5634 2086 5702 appellatus.

505 5726 572 5739 -—
597 5701 799 5760 Deinde
819 5720 1120 5769 monstrans
1145 5731 1339 5786 quanta
1367 5736 1453 5777 res
1480 5723 1548 5778 sit
1572 5725 1726 5780 unius
1757 5727 1852 5780 viri
1884 5727 2076 5796 virtus,

1295 315 1350 369 S.
1394 311 1670 368 JOA‘NNIS
1709 303 2179 364 CllﬂYSOSTOMl
2220 303 2530 359 ARCIIIEP.
2573 303 3103 362 CONSTANTINOP.
3649 311 3732 365 ΞΜ

2202 433 2266 470 es
2316 421 2450 472 servi
2495 422 2709 475 nomine
2752 423 3038 492 appellavit
3069 421 3362 476 Dominum.
3390 420 3535 490 Quod
3554 422 3735 493 quidem

2204 507 2397 560 Paulus
2437 525 2646 580 quoque
2683 512 2812 566 dicit
2840 514 2999 567 fuisse
3030 527 3125 581 pro
3149 512 3384 567 maximo
3415 516 3603 568 honore
3629 530 3738 569 con-

2201 614 2411 652 cessum
2439 600 2544 654 illis
2571 603 2768 656 sanctis
2787 645 2800 666 ,
2833 605 3081 672 quoniam
3110 603 3259 657 liberi
3281 611 3432 657 erant
3451 603 3741 658 abonmihns

2200 704 2318 756 qua:
2346 690 2410 742 ad
2435 689 2568 745 hanc
2589 693 2744 746 vitam
2763 694 3113 761 pertinebant.
3132 693 3245 748 Non
3259 695 3430 747 solum
3451 693 3580 747 enim
3600 699 3744 761 posait

2203 783 2345 835 illum
2373 782 2626 840 honorem
2649 825 2662 846 ,
2691 784 2786 839 sed
2815 786 2975 839 etiam
2995 787 3192 856 adjecit
3211 800 3425 838 causam
3456 786 3670 846 honoris,
3696 797 3744 840 ut

2200 874 2492 928 auditorem
2535 875 2751 928 doceret
2786 877 2950 937 viam,
3003 891 3098 945 per
3142 892 3298 943 quam
3341 885 3515 944 posset
3551 881 3744 945 primum

2204 963 2341 1017 hunc
2385 966 2553 1018 locum
2594 967 2853 1020 obtinere.
2893 967 3234 1033 Quemnam?
3278 967 3345 1024 Ut
3388 985 3452 1022 ex
3495 984 3739 1024 servorum

2203 1055 2416 1120 nomine
2463 1055 2718 1108 Dominus
2758 1065 2997 1110 vocetur.
3047 1059 3302 1124 Quocirca
3349 1057 3552 1112 dicebat
3595 1059 3747 1112 :Pro.

2201 1156 2310 1212 pter
2343 1163 2494 1215 quant
2527 1164 2730 1200 causam
2757 1164 2855 1200 non
2882 1147 3122 1201 erubescit
3152 1147 3288 1202 Deus
3307 1189 3323 1215 ,
3348 1148 3482 1201 Deus
3508 1165 3661 1203 eorum
3679 1167 3750 1202 eo.

2199 1237 2304 1288 cari
2357 1235 2546 1304 (Hebr.
2603 1239 2688 1291 11.
2739 1237 2846 1308 16).
2896 1237 3173 1304 Qoomodo
3228 1239 3585 1308 appellabatur
3634 1239 3747 1294 Deus

2201 1323 2479 1391 ipsorum?
2530 1326 2719 1380 Dicens
2765 1344 2777 1380 :
2828 1326 2938 1396 Ego
2981 1345 3095 1381 sum
3139 1326 3276 1382 Deus
3319 1328 3598 1396 Abraham,
3635 1327 3752 1384 Deus

2201 1414 2382 1484 Isaac,
2431 1427 2476 1471 et
2521 1418 2650 1470 Deus
2689 1419 2846 1472 Jacob
2897 1417 3088 1488 (Exod.
3137 1422 3190 1474 3.
3231 1419 3310 1490 6).
3343 1421 3540 1474 Deinde
3569 1435 3742 1490 ponens

2200 1508 2356 1562 etiam
2403 1512 2648 1578 superius
2681 1526 2894 1566 causam
2925 1513 3043 1566 talis
3071 1514 3362 1566 vocationis
3382 1555 3398 1578 ,
3429 1513 3557 1568 dixit
3584 1532 3595 1568 :
3623 1513 3681 1566 Et
3710 1515 3749 1566 ‘ti

2201 1615 2368 1654 amnes
2397 1602 2579 1654 mortui
2608 1612 2722 1655 sunt
2747 1645 2761 1664 ,
2791 1621 2891 1656 non
2924 1605 3142 1673 acceptis
3164 1606 3572 1674 promissionibus
3593 1649 3604 1670 ,
3627 1607 3702 1659 sed
3722 1623 3748 1659 ιι

2201 1693 2348 1762 longe
2385 1708 2471 1746 eas
2505 1694 2802 1760 aspicientes
2828 1706 2875 1748 et
2903 1698 3210 1764 salutantes,
3245 1709 3291 1750 et
3319 1699 3630 1764 conﬁtentes,
3653 1700 3748 1768 quia

2201 1785 2450 1854 peregrini
2474 1796 2589 1839 sunt
2610 1787 2888 1857 etltospites
2910 1787 3090 1856 (Hebr.
3118 1791 3203 1844 11.
3226 1791 3340 1861 13).
3365 1790 3488 1845 Ηςιιε
3503 1803 3745 1853 estcausa,

2199 1885 2253 1929 et
2297 1877 2414 1930 ideo
2459 1879 2729 1946 subjunxit
2757 1879 3011 1950 :Propter
3039 1887 3168 1935 hanc
3192 1898 3398 1936 causam
3425 1901 3522 1937 non
3545 1886 3750 1938 erubescit

2204 1967 2336 2022 Deus
2357 1971 2522 2022 vocari
2551 1969 2685 2024 Deus
2710 1987 2881 2025 eorum
2911 1972 3074 2042 (Ibid.
3103 1990 3149 2027 υ.
3182 1975 3290 2045 16).
3327 1976 3549 2045 Propter
3584 1977 3748 2045 quam?

2198 2064 2454 2126 Quoniam
2489 2064 2716 2120 confessi
2757 2076 2881 2120 sunt
2904 2083 3024 2124 esse
3050 2084 3108 2123 se
3139 2069 3377 2139 hospites
3402 2081 3453 2125 et
3483 2071 3750 2139 peregrinos

2200 2153 2358 2225 (Ibid.
2387 2171 2433 2207 υ.
2467 2156 2558 2225 15)
2578 2195 2592 2219 ,
2627 2165 2680 2210 et
2705 2156 2836 2210 nihil
2862 2157 3058 2212 habere
3099 2175 3387 2216 commune
3407 2177 3523 2216 cum
3545 2177 3745 2231 przeseu-

2199 2246 2338 2299 tibus
2371 2266 2383 2302 :
2414 2247 2507 2302 sed
2547 2248 2772 2317 sejuneti
2810 2249 2878 2304 ab
2919 2249 2985 2304 iis
3011 2267 3129 2321 qua:
3161 2252 3227 2306 ad
3262 2253 3404 2308 hanc
3431 2254 3583 2308 vitam
3611 2255 3747 2322 pertio

2198 2348 2356 2401 nent,
2390 2341 2460 2394 ita
2504 2339 2762 2409 degebant
2805 2342 2857 2396 in
2896 2343 3070 2398 aliena
3119 2353 3280 2398 terra.
3323 2345 3377 2400 8.
3410 2345 3506 2412 Qui
3545 2347 3747 2399 conuerti:

2196 2440 2386 2500 petram
2414 2431 2465 2483 in
2490 2441 2669 2501 stagna
2685 2448 2963 2498 aquarum,
2992 2443 3037 2486 et
3061 2451 3236 2502 rupem
3261 2437 3315 2488 in
3337 2436 3499 2505 fontes
3516 2453 3747 2505 aquarum.

2195 2519 2524 2587 Quamnam,
2567 2538 2782 2591 qumso,
2826 2525 3034 2578 veniam
3081 2537 3502 2596 consequentur,
3540 2529 3620 2598 qui
3645 2538 3746 2581 sunt

2195 2609 2347 2674 duri,
2379 2620 2431 2664 et
2476 2628 2580 2686 non
2625 2613 2775 2669 facile
2817 2615 3038 2680 cedunt,
3066 2631 3188 2672 cum
3227 2627 3280 2671 et
3327 2630 3473 2688 petra
3520 2627 3572 2672 et
3617 2632 3747 2686 rupes

2195 2716 2312 2770 qure
2342 2711 2424 2755 est
2451 2701 2580 2755 dura
2609 2714 2663 2758 et
2693 2705 2972 2772 resistens,
2995 2705 3150 2762 cedat
3173 2707 3347 2776 jussui
3377 2709 3594 2771 Domini,
3616 2708 3748 2762 homo

2195 2800 2401 2854 autem,
2446 2793 2533 2862 qni
2576 2803 2656 2848 est
2697 2795 2902 2849 ratione
2939 2806 3158 2851 ornatus
3183 2808 3239 2852 et
3265 2799 3514 2853 omnibus
3540 2812 3747 2852 mansue-

2197 2882 2327 2946 tior,
2372 2883 2473 2936 illis
2500 2883 2686 2937 evadat
2712 2884 2933 2940 durior?
2963 2887 3164 2956 Rupem
3193 2888 3339 2942 enim
3373 2889 3457 2944 hic
3483 2889 3630 2954 dicit,
3653 2901 3747 2956 qua:

2196 2974 2348 3028 facile
2375 2973 2516 3028 ferro
2538 2991 2640 3030 non
2671 2977 2846 3043 cedit,
2875 2979 2967 3033 sed
2998 2981 3083 3033 vix
3110 2980 3162 3033 in
3190 2981 3392 3036 vertice
3413 2980 3744 3050 confringitur.

2194 3064 2286 3120 llla
2337 3077 2507 3119 tamen
2556 3067 2608 3120 in
2664 3069 2984 3122 contrariam
3029 3078 3269 3124 naturam
3327 3070 3536 3126 redacta
3577 3075 3746 3133 cst,et

2196 3157 2370 3213 fontes
2411 3174 2665 3228 aquarum
2714 3160 2910 3214 emisit.
2963 3160 3176 3215 Natura:
3217 3163 3364 3216 enim
3403 3161 3748 3231 Opifex'potesi

2196 3250 2342 3319 ipsos
2381 3265 2593 3320 quoque
2633 3252 2922 3306 transferre
2958 3251 3246 3320 terminos,
3276 3265 3334 3308 et
3361 3269 3478 3323 qua:
3502 3261 3616 3307 sunt
3639 3265 3746 3305 con-

2199 3343 2360 3397 traria
2404 3342 2690 3396 ostendere
2739 3361 2752 3396 :
2799 3342 2941 3414 quod
2967 3357 3343 3412 smpenumero
3371 3345 3496 3400 fecit
3523 3345 3570 3398 in
3599 3342 3746 3396 multis

2198 3433 2363 3499 locis,
2411 3433 2700 3488 ostendens
2739 3448 2798 3489 se
2841 3450 2963 3490 eum
2999 3450 3150 3499 esse,
3185 3437 3274 3504 qui
3302 3451 3370 3491 ex
3403 3437 3465 3491 iis
3488 3477 3502 3502 ,
3531 3451 3638 3506 quin
3664 3445 3748 3487 non

2196 3533 2352 3589 sunt,
2400 3523 2526 3580 fecit
2569 3527 2768 3580 omnia.
2811 3526 3096 3596 Postquam
3136 3543 3263 3597 ergo
3288 3529 3428 3584 dixit
3452 3530 3648 3598 antiqua
3673 3525 3748 3578 be-

2197 3617 2385 3671 nclicia
2413 3657 2428 3684 ,
2479 3617 2762 3682 miracula,
2815 3617 3090 3688 prodigia,
3142 3619 3417 3689 quomodo
3465 3617 3684 3674 liberavit
3724 3628 3748 3667 a

2196 3708 2471 3763 barbarica
2513 3711 2803 3776 servitute,
2852 3712 3121 3780 quomodo
3138 3711 3422 3768 reduxitin
3455 3712 3745 3768 libertatem.

2197 3799 2466 3868 quomodo
2510 3801 2729 3854 mulavit
2766 3802 3062 3865 elementa,
3107 3812 3161 3857 et
3200 3804 3380 3858 omnia
3410 3803 3620 3874 replevit
3643 3797 3747 3854 heli-

2199 3893 2268 3946 tia
2289 3934 2304 3958 ,
2353 3904 2503 3962 rogat
2541 3896 2699 3948 etiam
2730 3910 2828 3966 pro
2864 3895 3212 3963 praesentibus
3251 3904 3303 3950 et
3332 3897 3399 3950 ad
3429 3909 3545 3949 eum
3573 3900 3747 3962 portum

2198 3985 2451 4054 Confugit.
2500 3984 2698 4039 Deinde
2737 3987 2987 4056 quoniam
3030 3985 3157 4040 illud
3197 4001 3413 4054 quoque
3443 3985 3624 4040 factum
3649 3988 3746 4044 est,

2201 4091 2304 4128 non
2339 4087 2552 4145 propter
2577 4077 2761 4133 merita
2792 4094 2976 4134 eorum
3002 4079 3091 4148 qui
3113 4077 3485 4133 afﬁciebantur
3507 4073 3746 4134 beneficio,

2199 4169 2292 4222 sed
2333 4179 2550 4238 propter
2588 4169 2680 4226 Dei
2721 4167 3098 4242 benignitatem
3129 4180 3182 4224 et
3211 4171 3577 4235 clementiam,
3603 4174 3649 4222 et
3671 4177 3748 4218 no-

2202 4274 2323 4314 men
2355 4261 2470 4329 ejus
2500 4278 2513 4315 :
2543 4261 2680 4330 quod
2705 4261 2918 4330 quidem
2946 4260 3110 4314 dixit:
3143 4259 3210 4314 Ut
3239 4277 3344 4314 non
3372 4262 3648 4331 profanetur
3671 4269 3746 4307 κοο

2200 4369 2313 4404 men
2358 4369 2523 4405 meum
2570 4351 2782 4422 (Ezeclt.
2822 4353 2910 4408 20.
2944 4352 2998 4422 9)
3023 4394 3036 4414 ,
3067 4352 3161 4406 sed
3191 4353 3364 4407 sciant
3392 4367 3572 4408 onmes
3598 4364 3678 4420 per
3697 4359 3744 4398 ea

2200 4461 2318 4513 qua:
2365 4443 2502 4498 facta
2545 4454 2698 4509 sunt,
2745 4445 2861 4514 ejus
2897 4445 3143 4498 virtutem
3169 4453 3221 4498 et
3249 4445 3570 4513 potentiam,
3599 4437 3746 4495 ethoc

2201 4536 2270 4589 sit
2301 4536 2512 4589 occasio
2533 4545 2584 4589 et
2603 4546 2972 4604 argumentum
2995 4535 3274 4599 doctrinm,
3305 4537 3440 4590 hanc
3459 4537 3607 4589 etiam
3631 4539 3745 4584 nunc

2199 4627 2354 4681 affert
2394 4627 2689 4688 rati0nem,
2736 4626 2921 4681 dicens
2963 4645 2976 4680 :
3019 4626 3238 4680 Etiamsi
3283 4641 3383 4680 nos
3409 4629 3509 4681 vita
3531 4620 3741 4677 deﬁciat,

2201 4734 2298 4773 nec
2345 4717 2634 4772 habeamus
2675 4733 2742 4772 ex
2788 4718 2986 4773 nostris
3022 4728 3166 4772 recte
3210 4718 3362 4774 factis
3391 4709 3744 4776 tidm:iam,fac

2199 4819 2416 4878 pronter
2460 4823 2650 4862 nomen
2697 4819 2879 4875 tuum,
2925 4809 3060 4863 sicut
3099 4808 3309 4863 dicebat
3349 4808 3538 4863 Moses.
3563 4803 3650 4858 Cui
3676 4800 3743 4853 lt'c

2199 4917 2408 4971 quoque
2447 4901 2630 4954 dicens
2673 4914 3060 4966 consentanea,
3091 4901 3165 4954 ait
3196 4918 3209 4954 :
3239 4903 3294 4957 9.
3328 4901 3450 4958 Non
3475 4898 3631 4962 nobis,
3661 4891 3743 4944 ου-

2198 4994 2330 5046 mine
2349 5034 2364 5056 ,
2397 5009 2494 5046 non
2522 4993 2660 5046 nobis
2678 5035 2691 5057 ,
2720 4994 2808 5046 sed
2838 4992 3028 5046 nomini
3054 5001 3139 5046 tuo
3165 4995 3232 5046 da
3254 4993 3482 5062 gloriam.
3513 4988 3618 5044 Non
3644 4997 3741 5055 pro-

2199 5094 2316 5152 pter
2359 5102 2488 5149 nos,
2539 5085 2742 5155 inquit,
2789 5100 2960 5154 neque
2999 5093 3054 5139 ut
3100 5100 3198 5139 nos
3234 5085 3425 5139 reddas
3448 5082 3676 5139 clariores
3700 5081 3741 5125 et

2198 5177 2366 5245 magis
2405 5176 2638 5245 insignes
2659 5218 2672 5241 ,
2702 5176 2794 5230 sed
2824 5187 2878 5229 ut
2909 5177 3022 5245 ipse
3052 5176 3248 5246 ubique
3278 5187 3416 5230 tuam
3447 5172 3624 5229 reddas
3649 5179 3739 5222 ma-

2200 5269 2444 5323 niiestam
2490 5268 2799 5336 potentiam.
2837 5267 3030 5322 Verum
3072 5267 3510 5336 quemadmodum
3538 5263 3642 5332 ejus
3662 5269 3738 5311 no-

2199 5378 2318 5414 men
2366 5362 2530 5430 gloria
2568 5370 2620 5414 et
2667 5362 2870 5415 honore
2911 5361 3173 5428 afficitur,
3216 5362 3337 5417 dum
3366 5363 3475 5430 ipse
3503 5359 3593 5413 fert
3614 5350 3736 5406 ausi-

2196 5452 2323 5505 lium
2375 5471 2388 5503 :
2433 5453 2500 5504 ita
2549 5467 2732 5506 rursus
2775 5453 2940 5521 gloria
2981 5467 3193 5522 quoque
3229 5452 3481 5512 afﬁcitur,
3521 5447 3632 5502 dum
3657 5451 3735 5494 nol

2197 5557 2340 5596 reete
2385 5551 2440 5596 et
2478 5557 2541 5595 ex
2590 5542 2784 5596 virtute
2831 5544 3089 5608 vivimus,
3128 5554 3182 5599 et
3229 5543 3491 5614 przrclaris
3519 5531 3732 5593 institutis

2193 5635 2320 5689 clari
2362 5651 2562 5690 sumus.
2607 5634 2795 5689 Luceat
2867 5636 3039 5699 enim,
3083 5637 3279 5707 inquit,
3308 5637 3393 5688 lux
3421 5642 3567 5687 vestra
3591 5635 3732 5680 eorum

2200 5729 2477 5785 hominibus
2501 5768 2516 5793 ,
2557 5737 2610 5780 ut
2648 5727 2847 5782 videant
2874 5743 3028 5798 opera
3054 5739 3212 5784 vestra
3236 5730 3362 5783 bona
3379 5768 3392 5794 ,
3423 5735 3467 5778 et
3489 5717 3728 5794 glori/5"”
