3956 6392
286 394 498 445 Patrem
527 398 757 451 restrmn,
787 387 956 457 quiest
978 387 1026 439 in
1054 386 1188 439 rwh's
1213 381 1421 453 (Matth.
1454 382 1507 435 3.
1538 381 1646 451 16).
1675 379 1870 444 Quem-

263 463 573 540 ~admodum
616 498 742 552 ergo
768 481 935 551 gloria
964 480 1031 534 ob
1061 479 1309 532 virtutem
1341 484 1576 529 nostram
1608 472 1867 531 ailicit‘ur,

276 577 357 628 ita
402 573 738 629 contumeliis
784 581 838 627 et
881 570 1172 625 maledictis
1211 567 1516 631 incessitur,
1559 564 1683 618 dum
1709 563 1870 615 vitam

277 668 338 721 in
382 668 513 721 vitio
549 664 906 734 transigimus.
938 662 1050 716 Hoc
1077 661 1248 732 ipsum
1277 670 1371 727 per
1397 654 1709 726 praphetam
1742 669 1872 721 quo-

277 768 387 826 que
430 757 774 829 signiﬁcans,
816 754 1026 810 dicebat
1067 769 1084 806 :
1131 751 1331 805 Nomen
1365 762 1531 804 meum
1560 757 1764 818 propter
1786 762 1872 800 vos

276 847 660 917 blasphematur
684 847 737 899 in
761 845 987 917 gentibus
1016 841 1165 915 (lsai.
1196 840 1287 896 52.
1315 838 1392 909 5).
1420 838 1556 892 Cum
1576 852 1704 907 ergo
1730 836 1869 889 nulla

278 942 385 995 alia
414 940 620 996 ratione
647 940 814 1009 possit
839 950 1022 992 eorum
1051 948 1264 990 causam
1295 931 1580 988 defendere
1600 970 1615 995 ,
1643 942 1710 985 eo
1738 940 1869 983 con-

272 1030 415 1102 Tugit
431 1073 444 1094 ,
468 1031 606 1085 sicut
635 1030 794 1084 etiam
816 1029 1008 1084 Moses.
1228 1082 1231 1083 ν

356 1122 514 1177 Salus
558 1120 819 1175 hominum
851 1120 959 1174 Deo
984 1120 1146 1191 magis
1174 1127 1246 1173 est
1272 1130 1439 1183 curre,
1465 1132 1616 1186 quant
1638 1130 1730 1169 sua
1756 1113 1871 1184 glo-

276 1214 381 1268 ria.
425 1244 498 1255 —
538 1212 643 1268 Sed
684 1228 789 1268 non
823 1212 966 1268 idem
995 1225 1213 1281 semper.
1233 1209 1357 1265 facit
1387 1210 1565 1276 Deus,
1596 1207 1871 1262 hominum

277 1305 474 1359 salutis
509 1318 692 1360 curam
733 1319 944 1374 gerens.
993 1303 1049 1360 Si
1086 1303 1228 1358 enim
1268 1315 1481 1372 semper
1513 1299 1617 1355 hoc
1642 1298 1868 1363 faceret,

278 1398 433 1452 multi
478 1397 730 1452 socordes
776 1396 964 1452 ﬁerent
1005 1395 1334 1461 deteriores,
1381 1393 1522 1464 quod
1570 1392 1701 1448 nihil
1744 1392 1870 1447 mali

280 1495 631 1559 paterentur,
664 1489 952 1543 maximum
994 1488 1183 1559 pignus
1230 1486 1523 1551 habentes,
1560 1499 1618 1540 se
1653 1491 1871 1555 prOpter

186 1650 191 1651 ί
273 1580 402 1649 ‘ejus
446 1580 666 1649 gloriam
710 1595 738 1632 a
785 1578 940 1633 malis
979 1587 1238 1649 perpetuo
1283 1575 1575 1633 servandos
1598 1590 1739 1631 esse.
1764 1573 1869 1629 Sed

274 1684 374 1726 res
400 1685 503 1724 non
531 1671 602 1725 ita
624 1685 684 1725 se
707 1670 881 1725 habet.
908 1669 1088 1740 Neque
1102 1670 1247 1725 enim
1272 1669 1381 1724 Deo
1400 1682 1495 1722 sua
1516 1665 1685 1738 gloria
1707 1674 1870 1720 tanta:

278 1770 370 1815 est
411 1772 552 1815 curae
576 1803 591 1827 ,
636 1769 847 1831 quanta:
878 1761 1022 1815 salus
1049 1759 1343 1814 hominum.
1369 1757 1426 1814 Si
1452 1758 1594 1813 enim
1627 1755 1870 1811 homines

276 1866 404 1905 eam
441 1860 820 1918 contemnunt,
868 1852 1035 1906 multo
1071 1851 1239 1921 magis
1268 1851 1409 1905 Deus
1432 1891 1446 1915 ,
1475 1849 1566 1921 qui
1596 1848 1745 1903 nullo
1774 1862 1873 1901 no-

277 1953 518 1996 strorutn
562 1942 760 2012 indiget
787 1959 800 1995 :
829 1942 946 2008 sed,
988 1942 1125 1997 sicut
1154 1941 1298 2009 dixi,
1328 1941 1579 2012 quoniam
1608 1938 1868 2010 pr0pheta

279 2043 462 2102 partes
501 2032 798 2088 defensoris
839 2032 1093 2101 suscipit,
1143 2046 1237 2088 eos
1264 2031 1332 2084 ah
1358 2032 1421 2085 iis
1443 2071 1459 2096 ,
1491 2045 1553 2085 ex
1583 2029 1775 2099 quibus
1802 2028 1868 2083 li-

277 2136 400 2188 cet,
441 2125 705 2192 defendit,
731 2137 783 2181 et
812 2126 1129 2196 repetitione
1151 2125 1315 2179 utitur
1333 2166 1348 2191 ,
1379 2124 1563 2179 dicens
1593 2138 1607 2177 :
1636 2122 1757 2176 Non
1779 2139 1871 2176 no-

278 2218 359 2270 bis
378 2257 393 2281 ,
430 2216 669 2282 Domine,
702 2234 801 2270 non
832 2217 972 2271 nobis
1003 2232 1022 2270 :
1046 2215 1334 2271 ostendens
1363 2229 1606 2285 magnam
1639 2213 1868 2284 indigni-

270 2314 444 2359 tatem
488 2320 672 2360 corum
716 2307 803 2377 qui
846 2316 1125 2361 servantur
1165 2323 1178 2359 :
1220 2306 1308 2360 sed
1337 2306 1526 2363 nomini
1554 2315 1640 2359 tuo
1668 2306 1736 2357 da
1760 2304 1871 2375 9ἰο-

274 2401 433 2452 riam.
473 2398 580 2454 Nos
606 2400 747 2454 enim
774 2414 960 2454 sumus
988 2399 1129 2468 digni
1160 2399 1313 2453 malis
1345 2397 1818 2452 innumerabilibus
1849 2413 1866 2464 ;

274 2492 378 2547 sed
411 2509 476 2546 ne
501 2492 812 2562 profanetur
840 2505 1033 2547 nomen
1068 2502 1236 2546 tuum.
1264 2490 1351 2547 10.
1384 2491 1553 2560 Super
1581 2491 1868 2544 misericor-

275 2584 372 2637 ‘dia
390 2595 478 2637 tua
504 2593 549 2637 et
575 2585 786 2661 veritate
799 2595 908 2638 tua.
942 2585 1090 2638 Alius
1114 2585 1379 2653 interpres
1398 2582 1475 2655 (a)
1497 2583 1571 2637 ait
1595 2597 1615 2636 :
1646 2581 1869 2651 Propter

273 2673 673 2728 misericordiam
696 2684 857 2728 tuam.
890 2673 1052 2729 Vides
1073 2689 1194 2729 eum
1218 2674 1319 2728 hoc
1344 2688 1554 2744 quoque
1580 2673 1736 2742 plane
1759 2673 1866 2728 sci-

274 2768 456 2831 visse,
499 2767 663 2821 Deum
694 2766 748 2821 id
778 2766 1158 2836 despicientem
1179 2805 1194 2831 ,
1228 2779 1391 2820 unum
1413 2764 1587 2820 solum
1614 2764 1714 2819 sibi
1740 2780 1867 2835 pro-

270 2872 500 2927 ponere,
532 2871 721 2928 nempe
759 2866 821 2912 ut
861 2858 1196 2927 corrigantur
1231 2867 1560 2928 peccatores.
1593 2856 1716 2912 ideo
1740 2856 1867 2911 sub-

269 2949 487 3019 iunxit,
538 2949 705 3017 Super
746 2948 1090 3003 misericordia
1135 2958 1221 3001 tua
1272 2957 1318 3001 et
1374 2949 1577 3002 ueritate
1617 2957 1722 3001 tua.
1752 2947 1865 3001 Hoc

268 3049 365 3093 cst
393 3057 405 3090 :
434 3038 659 3107 Propter
685 3038 1101 3093 misericordiam
1131 3047 1274 3092 tuam
1300 3037 1381 3093 fer
1405 3037 1562 3093 nobis
1579 3037 1858 3103 auxilium,

270 3132 384 3186 etsi
423 3145 523 3184 non
568 3131 637 3184 sit
677 3129 771 3183 tibi
816 3142 958 3183 curae
991 3129 1155 3198 gloria
1182 3128 1456 3182 hominum
1477 3168 1492 3194 ,
1524 3127 1615 3182 sed
1646 3137 1865 3198 propter

278 3220 697 3275 miscricordiam
738 3228 791 3275 et
813 3221 1091 3274 veritatem
1119 3228 1281 3273 tuam.
1314 3219 1473 3273 Potes
1502 3217 1644 3273 enim
1665 3260 1680 3285 ,
1714 3226 1865 3288 potes

279 3312 438 3366 etiam
484 3312 705 3381 puniens
729 3310 950 3380 gloriam
979 3311 1223 3379 accipere
1241 3350 1256 3377 ,
1287 3318 1342 3365 ct
1370 3324 1474 3364 non
1500 3309 1670 3364 solum
1701 3310 1862 3364 mise-

272 3417 420 3459 rens.
464 3402 566 3457 Sed
608 3414 713 3456 non
756 3403 866 3467 sic,
904 3401 1102 3470 inquit,
1129 3400 1223 3455 sed
1244 3402 1627 3471 propter'tuam
1656 3401 1865 3456 miseri-

271 3495 534 3550 cordiam.
560 3493 853 3564 Oportebat
876 3494 1017 3548 enim
1039 3508 1068 3546 a
1099 3492 1252 3547 nobis
1278 3491 1485 3547 nomini
1507 3502 1597 3547 tuo
1616 3492 1730 3546 dari
1752 3493 1863 3563 glo-

270 3590 409 3644 riam
455 3589 783 3658 perbonam
820 3587 944 3641 vita:
988 3586 1376 3641 institutionem
1421 3600 1438 3640 :
1480 3585 1578 3641 sed
1610 3587 1861 3656 quoniam

269 3680 378 3735 hac
418 3682 471 3734 in
495 3694 553 3735 re
578 3679 755 3734 ofﬁcio
782 3686 969 3733 nostro
996 3676 1160 3731 functi
1194 3693 1299 3731 non
1326 3690 1512 3730 sumus
1531 3716 1546 3742 ,
1576 3673 1659 3729 fac
1683 3675 1736 3729 id
1765 3689 1862 3744 per

268 3783 426 3826 tuum
448 3768 794 3839 patrocinium
820 3811 836 3837 ,
865 3783 961 3838 per
978 3766 1319 3823 clementiam
1340 3772 1394 3820 et
1413 3762 1855 3819 misericordiam.

275 3860 563 3932 Nequando
590 3861 758 3914 dicant
779 3868 948 3930 gentes
977 3875 996 3912 :
1027 3857 1123 3913 Ubi
1153 3866 1225 3911 est
1250 3856 1392 3911 Deus
1412 3871 1581 3910 eorum
1597 3855 1624 3907 ?

342 3955 397 4008 4.
428 3952 599 4007 Audio
626 3952 818 4006 multos
844 3966 986 4006 nunc
1010 3960 1224 4021 quoque
1244 3947 1509 4018 precando
1535 3946 1650 4001 htcc
1673 3946 1856 4001 dicen-

268 4055 392 4100 tes:
439 4044 547 4099 Sed
587 4044 747 4098 timeo
782 4059 849 4097 ne
876 4042 1228 4112 nequicquam
1258 4039 1470 4107 dicant,
1502 4037 1601 4093 Ubi
1624 4047 1696 4092 est
1719 4035 1859 4093 Deus

269 4136 489 4191 eorum?
529 4134 741 4205 quando
785 4131 936 4188 multi
980 4133 1221 4201 rapiunt,
1260 4139 1316 4186 et
1349 4130 1594 4200 iniuriam
1619 4128 1854 4195 faciunt,

268 4241 324 4285 et
348 4228 635 4283 admittunt
664 4224 864 4281 scelera
894 4221 1323 4279 innumerabilia.

338 4319 598 4376 Patientia
624 4317 736 4372 Dei.
754 4348 825 4357 —
842 4318 929 4372 11.
956 4315 1091 4370 Deus
1126 4326 1291 4369 autent
1324 4326 1491 4370 noster
1515 4315 1568 4369 in
1589 4315 1713 4369 catlo
1731 4323 1778 4369 et
1803 4314 1858 4369 in

264 4422 404 4464 terra
429 4410 639 4463 ‘omm’a
678 4423 998 4478 quacumque
1047 4408 1200 4461 uoluit
1257 4408 1395 4478 fecit.
1440 4407 1732 4462 Stultorum
1772 4407 1859 4461 hic

267 4518 507 4558 errorem
552 4498 786 4570 corrigit.
830 4500 1090 4566 Quoniam
1129 4498 1272 4553 enim
1314 4498 1468 4553 multi
1519 4499 1687 4553 Deum
1736 4513 1858 4554 esse

266 4595 547 4664 ignorant,
574 4592 733 4646 talem
772 4607 954 4645 eorum
984 4590 1300 4646 sententiam
1335 4591 1610 4662 corrigens
1632 4631 1648 4657 ,
1678 4590 1807 4645 dicit
1839 4608 1854 4646 :

267 4685 408 4739 Deus
424 4692 592 4739 autem
608 4690 773 4738 noster
798 4682 849 4735 in
868 4681 990 4735 cwlo
1011 4683 1180 4735 omnia
1197 4696 1523 4754 quaecumque
1541 4680 1697 4735 voluit
1715 4683 1853 4752 fecit.

265 4779 325 4835 Si
347 4789 524 4832 autem
556 4777 610 4831 in
635 4774 787 4842 caelo,
820 4773 987 4830 multo
1014 4775 1184 4846 magis
1211 4777 1261 4829 in
1294 4785 1454 4830 terra.
1487 4773 1623 4843 Quid
1650 4783 1732 4829 est
1756 4791 1853 4829 au-

267 4881 399 4938 tem,
418 4869 485 4925 In
502 4869 626 4924 ratio
644 4869 813 4924 omnia
829 4878 1147 4939 quaecumque
1175 4867 1329 4941 uoluit
1358 4863 1476 4937 fecit
1497 4867 1522 4919 ?
1540 4865 1635 4922 Vel
1663 4882 1853 4936 supcr-

264 4978 367 5017 nas
393 4962 563 5032 inquit
582 4961 825 5026 virtutes,
852 4968 907 5014 et
942 4959 1172 5015 inﬁnitas
1199 4957 1317 5013 illas
1348 4968 1547 5012 turmas
1566 5000 1582 5025 ,
1610 4956 1691 5012 vel
1722 4974 1859 5026 prte-

263 5065 419 5124 cepta
471 5070 591 5123 qua:
639 5068 759 5109 cum
806 5052 1056 5107 facilitate
1102 5060 1448 5121 peraguntur.
1476 5050 1533 5106 Si
1579 5060 1756 5105 autem
1800 5051 1852 5105 in

268 5160 412 5201 terra
443 5162 632 5218 magna
670 5155 752 5201 est
780 5143 1022 5200 confusio
1047 5144 1354 5214 ordinisque
1393 5145 1721 5216 perturbatio
1741 5186 1757 5213 ,
1789 5161 1854 5200 ne

264 5243 502 5297 mireris.
530 5242 573 5295 A
605 5239 837 5308 nequitia
868 5237 1009 5292 enim
1051 5236 1347 5302 hominum,
1368 5245 1424 5292 et
1450 5248 1657 5301 eorum,
1688 5238 1775 5307 qui
1804 5237 1851 5292 id

262 5341 459 5388 curant
478 5373 491 5395 ,
540 5330 875 5400 improbitate
895 5371 911 5394 ,
958 5344 1063 5383 non
1103 5337 1280 5383 autem
1308 5343 1338 5382 a
1365 5328 1459 5384 Dei
1490 5327 1853 5383 imbecillitate

232 5425 457 5484 -oritur.
500 5422 651 5490 Quod
686 5423 827 5475 enim
869 5422 939 5475 sit
979 5420 1129 5475 fortis
1153 5428 1208 5475 et
1236 5425 1461 5490 potens,
1493 5432 1612 5490 qua:
1642 5417 1693 5473 in
1720 5427 1850 5474 curto

332 5559 351 5589 ¹
391 5563 473 5604 ttae
490 5567 654 5615 voces,
669 5559 717 5604 et
736 5550 788 5604 in
808 5558 957 5614 terra,
982 5552 1162 5604 desunt
1178 5557 1230 5602 tu
1248 5554 1387 5603 Savil.

330 5639 409 5700 (a)
429 5637 636 5700 Quissit
672 5637 748 5685 hie
771 5638 1015 5700 interpres
1032 5639 1307 5698 ignoratur;
1348 5634 1463 5685 illud
1488 5647 1631 5700 vero,
1657 5642 1840 5700 propter

261 5697 651 5753 miscricordiam
669 5704 818 5758 tuam,
844 5697 1095 5760 prophetia
1117 5705 1334 5747 mentem
1353 5706 1464 5762 apte
1489 5698 1729 5758 exprimit.
1746 5697 1780 5737 Ἃ

1392 270 1752 345 nxr'osmo
1792 284 1855 337 IN
1896 284 2216 357 PSALMUM
2257 288 2434 343 cxut.

3472 290 3575 347 510

1986 378 2116 433 ﬁunt
2145 379 2194 433 ἰιΙ
2227 379 2542 449 signiﬁcant.
2574 380 2629 435 Si
2653 389 2827 436 autent
2852 395 2957 436 non
2987 383 3053 436 ita
3079 381 3170 438 ﬁat
3200 382 3248 436 in
3275 392 3412 437 terra
3436 425 3452 450 ,
3482 385 3574 454 qtti

1980 473 2185 543 seipsos
2232 474 2464 528 reddunt
2502 473 2747 545 indignos
2786 475 2837 528 in
2863 489 3021 530 causa
3050 485 3193 530 sunt.
3222 475 3391 531 Porro
3417 477 3575 532 aliter

1980 579 2190 634 quoque
2238 567 2374 619 sumi
2436 576 2610 635 potest
2665 565 2806 636 quod
2850 565 3076 631 dicitur,
3115 582 3308 639 nempe
3356 576 3576 638 propter

1983 658 2076 711 Dei
2120 658 2427 727 patientiam
2468 659 2630 712 multa
2658 674 2778 714 esse
2807 674 2924 730 quae
2947 660 3181 714 nondum
3202 661 3573 732 accipiuntju-

1979 761 2114 806 stam
2159 752 2663 807 remunerationem.
2707 752 2824 820 Quo
2872 752 2927 806 ﬁt
2962 761 3018 806 ut
3038 752 3170 823 justi
3198 753 3480 809 vincantur
3505 755 3576 809 ab

1980 843 2235 913 improbis
2260 885 2274 906 ,
2320 844 2445 899 dum
2492 859 2596 898 non
2625 844 2738 898 Vult.
2763 843 3022 915 benignus
3052 845 3192 901 Deus
3219 845 3286 901 de
3316 847 3573 901 uniuscu-
3607 846 3616 854 '

1948 982 1951 983 ν
1973 933 2168 1003 jusque
2190 934 2419 1004 peccatis
2444 948 2629 1004 [uenas
2658 950 2689 989 c
2718 935 2940 1004 vestigio
2965 949 3176 991 sumere
3206 949 3221 988 :
3248 951 3370 991 nam
3399 936 3444 991 si
3471 935 3575 993 hoc

1976 1028 2210 1095 faceret,
2257 1028 2520 1083 sublatum
2562 1035 2725 1101 esset_
2743 1025 2854 1096 jam
2883 1026 3087 1096 pridem
3113 1036 3350 1082 nostrum
3381 1044 3575 1099 genus.

1978 1119 2091 1174 Hoc
2118 1134 2245 1189 ergo
2274 1118 2361 1173 hic
2384 1117 2512 1173 dicit
2546 1136 2559 1170 :
2591 1117 2790 1172 Potens
2815 1116 3029 1187 quidem
3057 1126 3140 1172 cst
3165 1125 3219 1172 et
3247 1117 3453 1173 validus
3475 1156 3491 1184 ,
3516 1125 3573 1173 et

1977 1213 2066 1283 qui
2094 1211 2263 1282 possit
2289 1225 2471 1281 poenas
2490 1225 2740 1275 sumere;
2764 1209 2922 1280 idque
2943 1209 3279 1265 manifestum
3305 1220 3476 1267 estex
3503 1211 3572 1266 iis

1977 1322 2097 1376 quae
2136 1306 2189 1361 in
2231 1305 2375 1359 caelis
2412 1303 2544 1358 ﬁunt
2574 1319 2589 1358 :
2618 1303 2715 1358 sed
2750 1303 2853 1358 hoc
2880 1317 2987 1358 non
3014 1302 3173 1369 facit,
3205 1311 3364 1359 utens
3386 1305 3572 1373 utique

1977 1397 2194 1453 lenitate
2220 1408 2273 1451 et
2293 1397 2543 1467 patientia
2566 1438 2579 1461 ,
2603 1402 2657 1450 ct
2677 1393 2949 1449 attrahens
2969 1392 3035 1448 ad
3059 1394 3425 1463 paenitentiam
3443 1408 3539 1449 eos
3555 1436 3570 1455 ,

1976 1488 2065 1560 qui
2102 1489 2264 1543 vitam
2309 1472 2606 1558 transigunt
2651 1487 2704 1541 in
2737 1487 2959 1542 scelere.
3006 1485 3091 1541 12.
3126 1486 3420 1541 Simulacra
3445 1503 3576 1557 gen-

1978 1581 2103 1634 tium
2127 1588 2389 1652 argentum
2417 1588 2463 1632 et
2492 1595 2711 1646 aurum,
2734 1594 2889 1648 opera
2909 1594 3151 1631 manuum
3170 1577 3451 1632 hominum.
3480 1578 3568 1633 15.

1980 1671 2051 1727 0s
2085 1671 2300 1738 habent,
2343 1680 2390 1723 et
2432 1686 2533 1723 non
2568 1669 2832 1737 loquentur
2870 1684 2888 1721 :
2930 1668 3100 1722 oculos
3142 1666 3362 1735 habent,
3395 1676 3441 1721 et
3467 1684 3571 1721 non

1975 1765 2210 1819 uidebunt
2239 1778 2258 1817 :
2290 1762 2373 1817 M.
2409 1777 2556 1814 aures
2584 1761 2799 1826 habent,
2830 1769 2875 1814 et
2903 1775 3005 1813 non
3024 1759 3230 1813 audient
3255 1774 3274 1812 :
3302 1774 3451 1813 nares
3471 1758 3571 1811 ha-

1956 1857 2123 1921 bent,
2168 1864 2214 1911 et
2258 1871 2359 1909 non
2403 1852 2683 1907 odorabunt
2721 1867 2741 1904 :
2781 1851 2868 1907 15.
2916 1866 3096 1904 manus
3134 1849 3355 1918 habent,
3398 1858 3447 1903 et
3471 1864 3573 1903 non

1976 1949 2254 2020 palpabunt
2295 1960 2315 2001 .'
2355 1945 2504 2015 pedes
2547 1943 2764 2007 habent,
2815 1951 2861 1995 et
2910 1957 3008 1994 non
3050 1939 3379 1994 ambulabunt
3424 1954 3443 1992 :
3471 1955 3574 1992 non

1974 2041 2265 2098 clamabunt
2293 2039 2346 2092 in
2385 2048 2586 2109 gutture
2617 2052 2728 2090 suo.
2763 2033 2848 2089 16.
2880 2032 3088 2088 Similes
3117 2032 3188 2086 eis
3214 2031 3342 2101 ﬁant
3372 2033 3462 2101 qui
3486 2034 3570 2101 fa-

1973 2136 2113 2188 ciunt
2139 2150 2217 2186 ea.
2250 2130 2306 2186 in
2332 2129 2542 2185 Psalmo
2571 2127 2860 2182 centesimo
2890 2125 3075 2195 quinto
3094 2139 3281 2178 eorum
3309 2122 3570 2178 insaniam

1975 2239 2217 2291 narrans,
2236 2223 2368 2279 dixit
2391 2239 2405 2275 :
2437 2220 2599 2275 Filios
2624 2228 2670 2273 et
2691 2218 2826 2288 ﬁlias
2847 2232 2967 2271 suas
2992 2216 3344 2284 sacriﬁcarunt
3369 2214 3565 2268 dieme-

1975 2319 2071 2373 niis
2095 2318 2164 2392 (υ.
2209 2315 2299 2385 ’57)
2343 2332 2356 2368 :
2395 2315 2446 2367 in
2493 2310 2743 2383 przescnti
2767 2319 2945 2364 autem
2992 2307 3357 2378 stupiditatem
3384 2306 3564 2377 ,quod

1973 2407 2223 2464 inanimis
2269 2405 2505 2461 materiis
2547 2401 2691 2457 afﬁxi
2740 2409 2885 2455 sunt.
2934 2397 3124 2454 Omnia
3171 2404 3347 2451 autem
3380 2411 3565 2451 eorum

1972 2500 2209 2556 membra
2237 2498 2594 2570 persequitur,
2617 2509 2680 2551 ea
2712 2494 2878 2547 fusius
2905 2490 3201 2547 ludiﬁcans.
3219 2490 3423 2544 Deinde
3445 2490 3572 2544 sub-

1967 2596 2197 2664 jungcns
2216 2604 2427 2662 quoque
2446 2589 2594 2645 dicit.
2615 2586 2818 2642 Similes
2841 2585 2909 2638 eis
2935 2585 3062 2654 ﬁant
3081 2583 3166 2653 qui
3193 2583 3390 2653 faciunt
3420 2598 3500 2649 ea,
3522 2593 3571 2635 et

1972 2703 2143 2741 onmes
2183 2686 2269 2756 qui
2306 2685 2565 2752 conﬁdunt
2591 2682 2645 2735 in
2670 2681 2762 2735 eis.
2797 2679 2953 2750 Atqui
2983 2678 3150 2733 virtus
3172 2685 3279 2741 est,
3311 2676 3421 2730 Deo
3449 2689 3570 2730 esse

1973 2779 2200 2833 similem
2254 2793 2268 2831 :
2314 2776 2401 2829 hic
2447 2782 2626 2829 autem
2671 2780 2754 2827 est
2795 2769 3126 2841 imprecatio.
3173 2767 3357 2837 Cogita
3386 2777 3565 2820 autem

1971 2868 2155 2938 quales
2183 2869 2321 2933 sint,
2353 2878 2472 2921 cum
2496 2873 2554 2919 ut
2578 2863 2696 2934 quis
2721 2862 2797 2917 eis
2822 2860 3013 2916 evadat
3037 2859 3246 2924 similis,
3272 2860 3340 2913 sit
3358 2873 3566 2912 summa

1972 2960 2300 3030 imprecatio.
2322 2961 2494 3027 Atque
2523 2955 2819 3011 orationem
2847 2953 3062 3023 quidem
3090 2951 3165 3006 sic
3189 2950 3407 3019 pulchre
3429 2949 3565 3019 ﬁgu-

1970 3052 2106 3106 ravit
2130 3094 2145 3118 ,
2184 3064 2281 3105 eos
2318 3057 2573 3103 extremae
2612 3045 2859 3099 amentizc
2890 3041 3200 3097 insimulans
3221 3082 3236 3106 ,
3268 3049 3324 3095 ct
3346 3054 3466 3094 esse
3490 3040 3564 3094 ri-

1969 3143 2174 3198 diculos
2198 3140 2508 3195 ostendens.

2040 3233 2306 3287 ldotorum
2326 3226 2951 3302 pernicies.—-Quomodo
2970 3235 3146 3281 autem
3178 3239 3281 3278 non
3311 3233 3414 3290 est,
3436 3223 3523 3277 dic
3540 3263 3554 3287 ,

1969 3341 2172 3398 qumso,
2191 3323 2492 3388 ridiculum,
2524 3322 2757 3375 vinctum
2789 3317 2955 3372 teneri
2979 3331 3008 3370 a
3036 3326 3229 3382 statua,
3259 3330 3378 3385 qum
3399 3312 3564 3368 habet

1969 3418 2020 3472 in
2053 3431 2110 3471 se
2142 3414 2360 3484 ﬁguram
2399 3426 2620 3465 summm
2644 3407 3029 3478 turpitudinis?
3055 3406 3185 3472 Quis
3241 3404 3382 3459 enim
3433 3402 3562 3457 velit

1970 3508 2161 3562 nudam
2211 3505 2390 3559 videre
2433 3502 2737 3557 mulierem?
2759 3501 2978 3554 Dmmon
3003 3507 3181 3553 autem
3225 3496 3382 3551 nuda:
3424 3509 3562 3566 quo-

1969 3614 2072 3669 que
2103 3596 2285 3666 ﬁgura:
2314 3594 2534 3649 assidet.
2565 3593 2631 3646 Et
2661 3605 2802 3645 nunc
2828 3589 3042 3659 quidem
3067 3596 3254 3642 statum
3275 3595 3400 3641 sunt
3423 3586 3559 3639 ima-

1966 3689 2116 3758 gines
2145 3683 2536 3749 fornicationis,
2568 3696 2710 3736 nunc
2739 3680 2910 3734 insani
2944 3679 2997 3733 in
3029 3677 3295 3733 masculus
3336 3677 3558 3731 amoris.

1959 3777 2100 3845 Quid
2128 3776 2270 3831 enim
2299 3773 2401 3828 sibi
2430 3773 2544 3826 vult
2568 3769 2777 3841 aquila?
2804 3768 2929 3839 quid
2950 3784 3078 3823 vero
3094 3766 3432 3838 Ganymedes
3458 3762 3560 3839 (a)?

1965 3869 2093 3939 quid
2122 3866 2353 3936 Apoilo,
2409 3865 2498 3933 qui
2523 3862 2781 3931 virginem
2833 3857 3215 3929 persequitur?
3265 3857 3392 3928 quid
3440 3857 3573 3913 alia!

1965 3958 2310 4016 exsecrandae
2339 3956 2561 4026 ﬁguraz?
2587 3954 2795 4022 Ubique
2840 3951 3001 4007 libido
3021 3992 3035 4016 ,
3069 3950 3266 4021 ubique
3311 3949 3555 4016 lascivia,

1966 4052 2292 4109 nefariorum
2338 4046 2717 4104 concubituum
2741 4054 2793 4098 et
2818 4044 3125 4098 insanorum
3151 4056 3393 4096 amorum
3431 4049 3560 4096 sunt.

1965 4143 2163 4213 ubique
2192 4141 2396 4211 ﬁgurae.
2442 4139 2643 4193 Statua:
2667 4136 2832 4202 enim,
2883 4134 3037 4199 festa,
3089 4133 3286 4203 publici
3317 4147 3559 4188 conven-

1963 4243 2072 4300 tus,
2117 4241 2172 4287 et
2197 4232 2343 4287 initia
2372 4246 2434 4285 ac
2459 4228 2733 4301 mysteria,
2764 4226 3188 4296 turpissimarum
3209 4240 3383 4279 rerum
3416 4222 3558 4278 indi-

1963 4327 2045 4382 cia
2066 4333 2209 4391 sunt,
2236 4325 2564 4379 monimenta
2582 4331 2636 4377 et
2654 4321 2991 4375 documenta.
3020 4317 3131 4371 Nec
3154 4316 3325 4371 solum
3357 4315 3557 4370 docen-

1966 4426 2051 4472 tur
2084 4430 2171 4472 res
2193 4427 2396 4487 turpes,
2425 4413 2521 4469 sed
2543 4415 2703 4468 etiam
2735 4411 3010 4465 hominum
3034 4408 3209 4463 caules
3232 4424 3297 4462 ex
3326 4407 3407 4462 eis
3435 4407 3554 4462 edi-

1963 4519 2203 4567 scuntur.
2243 4507 2395 4564 Unde
2436 4506 2596 4561 etiam
2626 4511 2909 4559 versantur
2950 4501 3240 4556 dmmones.
3279 4498 3422 4554 Nihil
3473 4509 3557 4554 est

1964 4604 2105 4660 enim
2144 4600 2285 4655 aliud
2329 4598 2470 4669 apud
2511 4598 2652 4664 illos,
2691 4611 2852 4666 quam
2891 4593 3089 4661 libido,
3140 4593 3557 4663 intemperantes

1963 4694 2269 4757 ebrietates,
2297 4688 2604 4752 crudelitas,
2635 4685 3018 4751 inhumanitas,
3047 4693 3101 4738 et
3145 4682 3359 4749 credes;
3393 4691 3554 4753 atque

1965 4783 2089 4838 hinc
2133 4780 2302 4837 videri
2346 4785 2569 4848 possunt
2594 4775 2820 4832 conﬂata
2846 4789 2967 4830 esse
2995 4773 3151 4829 festa.
3208 4772 3343 4834 Cum
3374 4773 3554 4842 itaque

1963 4875 2246 4931 simulacra
2291 4872 2443 4927 nullo
2488 4881 2649 4925 sensu
2699 4869 2919 4940 prmditn
2944 4908 2960 4932 ,
2990 4876 3046 4922 et
3090 4881 3276 4922 eorum
3317 4866 3406 4935 qui
3450 4864 3556 4919 illis

1963 4966 2239 5021 conﬁdunt
2267 4963 2555 5018 amentiam
2600 4968 2744 5017 esset
2775 4959 3092 5023 ludiﬁcatus,
3136 4957 3203 5012 ad
3225 4957 3317 5013 Dei
3340 4954 3551 5010 laudem

1962 5058 2226 5114 convertit
2270 5054 2590 5113 orationem.
2644 5051 2828 5107 dicens
2859 5066 2873 5103 :
2910 5049 2996 5103 17.
3020 5047 3215 5101 Domus
3240 5044 3405 5099 Israel
3431 5060 3553 5112 spe-

1962 5150 2089 5204 rauit
2109 5149 2161 5203 in
2185 5146 2437 5211 Domino;
2467 5143 2675 5214 adjutor
2698 5157 2868 5196 eorum
2895 5148 2942 5193 et
2968 5146 3220 5208 protector
3246 5150 3423 5192 eorum
3454 5143 3547 5187 est.

1966 5242 2050 5296 18.
2085 5237 2280 5293 Domus
2307 5238 2478 5291 Aaron
2506 5236 2724 5304 speravit
2769 5233 2821 5284 in
2854 5228 3106 5293 Domino;
3145 5224 3350 5294 adjutor
3378 5240 3552 5278 eorum

1964 5344 2009 5387 et
2033 5341 2278 5403 protector
2311 5345 2484 5383 eorum
2504 5336 2594 5381 est.
2628 5325 2718 5380 19.
2754 5323 2853 5390 Qui
2874 5321 3049 5374 timent
3074 5317 3351 5372 Dominum
3370 5334 3550 5397 spera-

1963 5431 2139 5478 rei-unt
2164 5422 2216 5474 in
2249 5419 2469 5473 Domino
2490 5435 2510 5484 ;
2547 5417 2755 5479 adjutor
2789 5427 2963 5466 eorum
3001 5420 3048 5465 et
3087 5417 3339 5479 protector
3379 5424 3551 5461 eorum

2024 5576 2096 5637 (a)
2132 5573 2360 5637 infamem
2381 5568 2664 5632 Ganymedis
2708 5577 2762 5619 et
2804 5576 2996 5629 turpem
3041 5564 3263 5627 Daphnes

1961 5633 2111 5687 etiam
2133 5633 2276 5745 ittodie
2301 5639 2612 5684 monumenta
2653 5640 2877 5680 veterum
2916 5640 3029 5692 qutc
3072 5635 3337 5688 supersunt
3359 5638 3547 5688 repra-

1961 5706 2134 5749 sentan
2158 5731 2173 5745 .

2720 5806 2769 5820 α...
2793 5805 2827 5817 σα-

2388 5834 2478 5861 ,λ’
