3956 6422
492 350 586 404 3H

489 479 577 523 ett.
608 468 706 522 Per
730 466 846 521 hmc
873 467 1012 521 enim
1039 474 1090 521 et
1118 465 1209 521 Dei
1244 465 1532 534 potentiam
1558 464 1828 534 praedicat,
1859 470 1915 518 et
1957 463 2071 531 ejus

489 558 958 631 incomparabilem
991 565 1043 610 et
1087 571 1248 625 super
1284 570 1474 611 omnes
1522 555 1912 611 excellentiam.
1944 554 2074 621 Quae

486 651 627 703 enim
658 648 879 721 Judaico
900 646 1098 716 populo
1123 645 1261 700 facta
1282 655 1405 700 sunt
1434 647 1484 700 in
1518 645 1752 699 medium
1779 644 2070 709 adducens,

487 740 720 795 ostendit
764 739 881 808 ejus
918 738 1144 807 duplex,
1192 738 1300 791 imo
1327 752 1455 791 vero
1498 736 1687 805 triplex
1734 735 2072 789 beneficium.

488 834 719 888 Primum
756 831 995 901 quidem,
1022 830 1166 901 quod
1189 845 1281 884 eos
1316 830 1621 885 liberaverit
1647 844 1675 881 a
1702 828 2070 883 daemonibus:

482 924 697 989 deinde,
729 923 873 993 quod
903 923 1137 992 seipsum
1164 920 1582 975 manifestavcrit
1610 936 1623 972 :
1652 920 1807 974 tertio
1851 929 2029 974 autem
2051 960 2067 985 ,

483 1017 619 1085 quod
662 1019 739 1071 eis
759 1032 917 1071 suum
937 1015 1225 1086 praebuerit
1249 1015 1522 1069 auxilium.

474 1134 481 1145 η
552 1108 804 1163 Sacerdos
828 1109 1081 1178 privatum
1105 1108 1254 1178 longe
1277 1124 1335 1161 su
1342 1116 1500 1176 perat.
1526 1104 1850 1159 Providentia
1866 1114 1911 1158 et
1926 1104 2072 1158 bene-

483 1200 636 1253 dictio
653 1198 753 1254 Dei
775 1216 925 1270 super
940 1198 1102 1253 Israel
1117 1209 1161 1251 ct
1188 1201 1322 1269 ipsos
1355 1198 1664 1269 proselytos;
1691 1197 1965 1251 benedictio
1991 1213 2073 1250 ve-

480 1302 559 1365 tus
587 1300 630 1344 et
652 1305 879 1344 nova.——
896 1290 1087 1343 Dividit
1115 1298 1293 1344 autem
1316 1290 1609 1344 orationem
1641 1289 1692 1342 in
1719 1288 1986 1354 lsraclem,
2018 1297 2071 1342 et

479 1399 647 1451 genus
692 1383 1056 1448 sacerdotale,
1093 1391 1147 1437 ct
1190 1398 1283 1437 eos
1312 1384 1401 1453 qui
1433 1383 1499 1435 ad
1551 1398 1671 1436 eum
1712 1381 1969 1436 accedunt
2004 1397 2069 1434 ex

478 1475 751 1541 gentibus.
778 1473 891 1528 Non
916 1483 995 1527 cst
1021 1472 1163 1527 enim
1194 1473 1546 1527 conferendas
1580 1473 1812 1541 privatus
1841 1489 1957 1525 cum
1986 1488 2070 1525 sa-

483 1567 720 1633 cerdote,
750 1566 842 1620 sed
876 1566 961 1619 hic
992 1582 1113 1620 eum
1138 1566 1290 1634 longe
1330 1574 1543 1633 superat
1572 1580 1587 1616 :
1637 1573 1690 1617 et
1720 1563 1836 1616 ideo
1880 1562 2069 1615 merito

481 1673 598 1712 eam
619 1655 1091 1711 facitdivisionem.
1113 1654 1276 1724 Major
1298 1654 1438 1708 enim
1456 1662 1534 1707 est
1557 1653 1634 1708 eis
1652 1652 1823 1705 honor
1838 1650 2064 1703 habitus.

549 1748 602 1802 5.
648 1748 851 1804 Deinde
889 1747 1178 1801 ostendens
1206 1745 1591 1816 providentiam
1627 1760 1731 1797 non
1769 1758 1885 1795 esse
1908 1743 2068 1795 rebus

480 1849 683 1892 tantum
706 1838 944 1893 Judaicis
970 1836 1426 1904 circumscriptam
1450 1876 1463 1898 ,
1497 1835 1889 1904 prosclytorum
1931 1849 2064 1901 quo.-

479 1945 579 1998 qne
608 1930 868 1992 meminit,
903 1929 990 1998 qui
1035 1928 1296 1982 accedunt
1324 1943 1385 1981 ex
1408 1926 1675 1994 gentibus,
1712 1926 1966 1978 auxilium
2013 1935 2066 1978 et

479 2020 900 2074 benedictionem
946 2019 1138 2072 laetam
1172 2019 1223 2071 in
1250 2033 1435 2071 omnes
1466 2032 1582 2071 esse
1608 2017 1810 2069 dicens.
1839 2016 1930 2069 20.
1961 2014 2069 2066 Do-

476 2111 639 2167 minus
675 2125 864 2162 memor
907 2110 1065 2162 nostri
1092 2150 1105 2175 ,
1144 2108 1393 2162 benedixit
1414 2108 1571 2161 nobis.
1604 2104 1867 2160 Benedixit
1897 2107 2068 2158 domui

478 2201 663 2267 Israel,
684 2203 931 2257 benedixit
948 2202 1122 2256 domui
1142 2200 1337 2265 Aaron;
1353 2200 1413 2253 21
1429 2238 1442 2252 .
1460 2200 1705 2253 benedixit
1722 2201 1784 2252 iis
1797 2200 1883 2269 qui
1896 2198 2068 2250 tintent

478 2294 770 2349 Dominum.
793 2294 930 2361 Quid
958 2304 1057 2359 est,
1090 2293 1666 2362 Benedixit?lmplevit,
1698 2292 1884 2361 inquit,
1918 2290 2068 2345 bouis

477 2388 973 2442 innumerabilibus.
1000 2386 1209 2442 Etenim
1243 2385 1404 2439 homo
1420 2400 1630 2455 quoque
1666 2382 2068 2438 Dcumbeneali-

476 2483 569 2545 cit,
600 2489 656 2535 ut
677 2481 889 2550 quando
920 2481 1080 2546 dicit,
1131 2478 1388 2545 Benedic,
1419 2480 1591 2532 anima
1629 2494 1759 2544 mea,
1788 2476 2067 2530 Dominum

481 2572 651 2644 (Psat.
674 2572 795 2627 102.
816 2572 1015 2645 l).Sed
1037 2573 1124 2641 qui
1145 2573 1309 2626 Deum
1337 2572 1622 2637 benetlicit,
1658 2572 1772 2640 ipse
1797 2571 2062 2624 lucratnr:

479 2665 716 2733 seipsum
747 2664 888 2718 enim
916 2662 1086 2717 reddit
1111 2662 1412 2725 clariorem,
1449 2662 1518 2714 illi
1557 2670 1732 2714 autem
1757 2659 1883 2713 nihil
1911 2659 2068 2729 largi-

479 2763 583 2819 tur;
609 2755 746 2808 Deus
779 2762 957 2808 autem
985 2753 1329 2817 benedicens,
1350 2769 1447 2808 nos
1465 2752 1637 2807 reddit
1656 2752 1932 2815 clariores;
1957 2753 2067 2820 ipse

390 2878 393 2879 ν
477 2856 652 2900 autem
684 2846 811 2900 nihil
841 2847 1050 2914 accipit.
1083 2846 1221 2899 Deus
1251 2843 1392 2899 enim
1412 2845 1549 2898 nulla
1595 2860 1654 2899 re
1695 2843 1895 2913 indiget
1922 2858 1934 2895 :
1968 2843 2064 2896 ita-

477 2955 581 3009 que
614 2939 817 2993 lucrum
851 2939 1098 3008 utrinque
1127 2947 1364 2992 nostrum
1411 2946 1491 2991 est
1522 2954 1534 2989 :
1565 2936 1844 3003 Quomodo
1866 2933 1937 3005 (α)
1976 2950 2071 2987 au-

478 3042 582 3087 tem
613 3048 705 3087 eos
737 3031 1044 3087 benedixit?
1076 3031 1226 3086 Dedit
1274 3031 1351 3086 eis
1406 3046 1594 3100 panem
1627 3045 1657 3084 c
1694 3030 1844 3096 caelo,
1876 3044 2064 3098 aquam

477 3126 612 3194 pluit
650 3141 679 3179 e
713 3136 878 3194 petra,
907 3126 1179 3178 introitum
1216 3140 1399 3178 eorum
1428 3133 1478 3179 et
1510 3125 1707 3178 exitum
1740 3122 2023 3178 custodivit
2047 3162 2064 3188 ,

479 3226 719 3272 armenta
748 3227 802 3272 et
827 3233 1015 3288 greges
1042 3232 1226 3271 eorum
1263 3219 1428 3283 auxit,
1465 3218 1786 3285 peculiarem
1816 3216 2065 3284 populum

480 3309 793 3373 nominavit,
822 3318 875 3362 et
923 3308 1099 3377 regale
1129 3308 1509 3372 sacerdotium,
1542 3308 1712 3377 legem
1749 3307 1915 3373 dedit,
1946 3322 2068 3375 pro-

482 3400 668 3467 phetas
705 3400 868 3452 misit.
917 3399 1043 3452 H;cc
1080 3399 1238 3453 etiam
1278 3398 1398 3453 alibi
1433 3398 1727 3467 praedicans
1754 3398 1882 3451 dicit
1909 3413 1921 3449 :
1946 3397 2068 3449 Non

479 3490 595 3560 fecit
636 3488 803 3543 taliter
849 3490 984 3543 omni
1007 3489 1218 3552 nationi,
1268 3497 1313 3542 et
1331 3487 1531 3560 judicia
1577 3505 1670 3541 sua
1709 3505 1809 3541 non
1849 3488 2067 3554 manife-

478 3582 626 3634 stavit
651 3581 720 3633 eis
753 3580 769 3651 (
785 3580 932 3634 Psal.
960 3582 1081 3635 M7.
1106 3581 1139 3635 9
1189 3577 1304 3653 [20]
1323 3580 1365 3650 ).
1395 3578 1462 3632 Et
1490 3580 1655 3633 alius:
1680 3580 1922 3646 Quasnam
1949 3595 2068 3646 gens

479 3682 551 3726 est
578 3674 703 3728 adeo
733 3675 955 3744 sapiens,
979 3674 1060 3726 cui
1085 3673 1458 3743 appropinquat
1490 3672 1737 3726 Dominus
1757 3671 1936 3725 Deus?
1962 3671 2069 3724 Pu-

479 3767 607 3821 sillis
631 3782 744 3819 cum
778 3764 1056 3835 majoribus
1082 3765 1256 3833 (Deut.
1288 3766 1341 3820 4.
1366 3766 1441 3835 7).
1488 3764 1724 3830 Nullum,
1755 3764 1941 3832 inquit,
1970 3763 2068 3816 fuit

478 3872 647 3928 genus
684 3858 768 3913 cui
816 3857 1046 3912 doluerit
1080 3858 1418 3923 benedictio,
1472 3856 1563 3912 sed
1612 3857 1728 3912 hanc
1766 3857 1833 3910 ad
1878 3870 2067 3910 omnes

481 3961 700 4006 extensa
730 3960 872 4005 sunt.
924 3951 1015 4004 22.
1049 3950 1268 4019 Adjiciat
1292 3949 1540 4003 Dominus
1583 3965 1735 4018 super
1754 3964 1877 4013 vos;
1918 3964 2070 4023 super

482 4057 566 4095 tas
588 4084 602 4105 ,
637 4050 680 4094 ct
702 4057 852 4111 super
884 4042 1015 4109 filios
1036 4050 1247 4094 vestros.
1278 4039 1465 4093 Vidisti
1523 4040 1667 4092 aliud
1694 4055 1859 4109 genus
1901 4038 2065 4092 bene-

482 4133 752 4200 dictionis,
783 4148 973 4201 uempc
1002 4141 1056 4184 ut
1083 4139 1289 4186 creSt-at
1315 4131 1518 4200 genus?
1544 4130 1611 4183 Et
1630 4131 1750 4185 ideo
1775 4130 1913 4184 alius
1938 4146 2067 4187 con-

420 4208 427 4211 i
485 4225 706 4278 trarium
738 4240 837 4294 pro
867 4223 1129 4293 supplicio
1170 4222 1420 4285 atterens,
1452 4221 1579 4275 dicit
1607 4239 1621 4273 :
1650 4221 1715 4274 Et
1735 4222 2069 4275 diminutisuo

480 4333 614 4381 mus,
645 4327 691 4370 et
715 4332 892 4370 sumus
933 4315 1079 4385 pauci
1100 4314 1215 4384 plus
1239 4329 1390 4381 quam
1426 4328 1598 4365 omnes
1615 4314 1698 4379 qui
1726 4312 1949 4365 habitant
1971 4321 2069 4365 ter-

481 4424 590 4460 ram
619 4406 779 4480 (Dan.
807 4408 860 4463 5.
891 4404 1002 4477 57).
1031 4405 1138 4460 llac
1160 4404 1529 4459 benedictione
1558 4403 1864 4457 fruebantur
1907 4403 2065 4456 etiam

482 4514 603 4553 cum
629 4508 810 4553 essent
836 4499 886 4553 in
937 4498 1190 4569 Egypto,
1233 4496 1355 4552 licet
1414 4506 1595 4552 essent
1633 4496 1907 4550 innumera
1950 4513 2069 4567 quae

481 4590 861 4661 prohibebant,
889 4608 1071 4663 opera,
1102 4592 1317 4647 afﬂictio
1342 4599 1396 4647 et
1434 4590 1728 4656 calamitas,
1767 4605 1950 4646 earum
1982 4591 2067 4661 qui

482 4685 1045 4755 urgebantcrudelitas
1073 4700 1088 4737 ;
1120 4683 1215 4739 sed
1241 4683 1373 4738 nihil
1403 4698 1591 4741 eorum
1612 4683 1837 4739 verbum
1868 4683 1959 4738 Dei
1990 4684 2072 4737 in-

480 4778 733 4847 terrupit,
775 4777 867 4831 sed
909 4791 975 4831 eo
1002 4778 1266 4846 processit
1292 4777 1613 4841 benedictio,
1641 4788 1698 4831 ut
1734 4778 1786 4832 in
1830 4777 2071 4833 ducentis

483 4871 638 4923 annis
661 4870 851 4925 tierent
879 4878 1127 4922 sexcenta
1154 4869 1315 4922 millia
1350 4866 1541 4939 (Exod.
1570 4869 1655 4923 12.
1687 4869 1799 4941 57).
1820 4869 1923 4931 Sed
1948 4878 2072 4926 tunc

482 4960 696 5029 quidem
724 4959 779 5011 in
805 4957 886 5012 his
910 4958 1236 5013 consistebat
1265 4957 1584 5023 benedictio,
1620 4975 1761 5013 nunc
1808 4971 1984 5019 autem
2017 4962 2067 5015 in

483 5052 651 5117 Novo,
678 5054 731 5106 in
763 5052 930 5106 multo
960 5051 1288 5106 nielioribus.
1319 5050 1387 5104 Et
1417 5050 1537 5105 ideo
1561 5051 1690 5106 dicit
1717 5052 1945 5110 Paulus:
1975 5052 2070 5107 lue-

485 5147 715 5200 nedict'ns
757 5145 911 5210 Deus,
942 5145 1025 5215 qui
1060 5143 1310 5198 benedixit
1336 5160 1441 5198 nos
1466 5145 1519 5197 in
1544 5146 1681 5198 omni
1729 5144 2071 5201 benedictone

482 5231 814 5305 spiritualith
834 5235 1114 5289 caelestibus
1132 5235 1185 5289 in
1210 5233 1410 5289 Christo
1441 5235 1651 5307 (Ep/tes.
1685 5237 1729 5289 l.
1760 5236 1836 5305 5).
1865 5236 1932 5291 Et
1954 5253 2072 5291 rur-

482 5339 572 5379 sus
603 5341 614 5374 :
652 5324 717 5378 Ei
747 5335 910 5378 autem
953 5326 1039 5396 qui
1060 5336 1219 5396 potest
1242 5327 1417 5380 omnia
1442 5326 1608 5395 facere
1635 5326 1781 5398 longe
1806 5329 2070 5384 absurdam-

546 5518 729 5585 (a)}tic‘
743 5525 794 5565 et
816 5532 947 5585 pene
970 5519 1152 5580 ubique
1175 5521 1447 5585 omniasus
1462 5522 1626 5585 deque
1646 5529 1901 5571 vertuntur
1919 5523 1965 5571 in
1986 5531 2069 5572 Co-

482 5576 765 5648 dlc'e'negio
782 5592 794 5626 :
814 5576 965 5648 sorba
985 5576 1151 5648 textus
1167 5585 1313 5648 timet
1336 5584 1385 5630 in
1404 5582 1496 5631 alia
1517 5576 1780 5648 synonyma
1804 5590 2066 5648 metantur,

477 5632 730 5703 dictiones
750 5639 922 5703 minus
958 5642 1162 5703 propriae
1197 5643 1516 5703 traducuntur,
1544 5632 1617 5692 ita
1654 5632 1708 5694 tit
1738 5644 1802 5694 de
1833 5632 2070 5695 industria

480 5692 666 5811 iiii“
689 5693 906 5748 νίδθθωτ
922 5692 1167 5752 ἀπέωσε
1186 5705 1440 5769 quispiam.
1462 5692 1547 5768 ιιίιί
1569 5692 1705 5756 ιωηό
1719 5692 2071 5756 catastas:

1169 346 1223 402 S.
1266 343 1541 401 JOANNES
1580 341 2055 413 CIIRYSOSTOMI

2176 341 2410 397 ltililEP.
2457 343 2984 398 (ZONST.\N'i'l.\'OP.

3664 356 3780 416 3i!

2187 462 2283 516 tius
2310 479 2458 531 quam
2490 466 2701 533 petimus
2730 466 2806 520 rel
2842 468 3117 537 cogitamus
3144 511 3155 532 ,
3198 471 3240 522 ei
3270 472 3432 540 gloria
3458 476 3508 528 in
3536 475 3780 532 Ecclesia

2182 553 2397 631 (Ep/tes.
2424 556 2475 608 5.
2510 555 2596 607 21).
2629 556 2742 626 21).
2774 557 2839 609 Et
2879 558 2996 612 ideo
3021 560 3292 628 prolihetac
3315 578 3521 634 quoque
3542 568 3779 637 antiqui-

2183 655 2266 700 tus
2296 656 2601 713 quau'cntes
2634 648 2910 714 beneﬁcia,
2942 651 3252 720 praebebant
3271 652 3407 707 hanc
3434 658 3776 713 benedictio-

2179 752 2323 790 nem.
2371 738 2629 792 lleliszrus
2656 741 2796 793 enim
2827 757 2943 795 eam
2968 784 2984 805 ,
3016 760 3133 812 qua:
3169 745 3312 798 illum
3342 750 3578 817 suscepit
3610 791 3627 813 ,
3678 752 3770 805 ﬁlii

2178 828 2320 882 dono
2347 841 2715 885 rennineratus
2738 842 2815 884 est
2840 830 2917 903 (lt.
2952 831 3082 902 Reg.
3109 836 3160 887 4.
3198 836 3303 905 ltt).
3336 835 3390 889 In
3421 836 3569 892 Novo
3594 849 3775 894 autem

2181 937 2285 976 non
2316 922 2451 988 bzre,
2497 922 2589 976 sed
2620 925 2785 977 multo
2827 925 3052 993 ntajora.
3082 926 3260 994 Itaque
3305 931 3620 997 purpuraria
3669 946 3774 985 non

2178 1011 2293 1065 ha‘c
2325 1012 2538 1081 petebat
2568 1013 2635 1065 ab
2680 1014 2934 1082 apostolis
2957 1057 2970 1081 ,
3016 1016 3109 1070 sed
3152 1016 3316 1085 quid?
3347 1018 3407 1071 Si
3438 1035 3539 1071 non
3558 1020 3774 1088 judica-

2175 1106 2265 1158 stis
2292 1120 2369 1156 me
2392 1103 2652 1172 indignam
2693 1104 2933 1172 Domino,
2972 1106 3185 1174 ingressi
3207 1148 3222 1169 ,
3271 1118 3465 1162 manete
3505 1112 3657 1172 apud
3698 1128 3776 1165 me

2176 1194 2308 1267 (Αει.
2333 1196 2417 1251 16.
2442 1194 2550 1268 15).

2247 1286 2381 1341 Novi
2400 1284 2717 1345 Testamenti
2744 1290 2877 1346 bona
2901 1293 3031 1347 nihil
3048 1293 3237 1347 terreni
3252 1290 3463 1346 habent.
3488 1287 3773 1362 Virginita-

2174 1378 2237 1431 tis
2258 1378 2438 1430 bonum
2466 1382 2716 1447 quomodo
2738 1380 3097 1434 introductum.
3128 1379 3427 1435 Judazorum
3460 1385 3764 1439 carnalitas.

2173 1467 2464 1523 BenediCtio
2490 1470 3007 1526 hominum.-—-'\'idcs
3033 1480 3286 1539 quantum
3316 1473 3524 1527 intersit
3548 1482 3608 1528 et
3627 1491 3772 1543 qum-

2170 1577 2295 1615 nam
2318 1562 2529 1630 quidem
2558 1562 2805 1632 petebant
2835 1563 2923 1632 qui
2954 1573 3105 1617 erant
3128 1565 3179 1618 in
3199 1564 3379 1619 Veteri
3397 1606 3411 1629 ,
3435 1574 3489 1621 et
3517 1582 3767 1636 qumnam

2171 1654 2258 1722 qui
2280 1655 2329 1706 in
2350 1652 2536 1706 Novo?
2558 1654 2623 1708 Et
2648 1670 2831 1709 rursus
2848 1653 3092 1710 Christus
3111 1676 3124 1709 :
3146 1655 3369 1710 Gaudete
3384 1700 3397 1721 ,
3417 1659 3535 1727 quia
3564 1661 3768 1712 nontina

2172 1754 2332 1798 vestra
2360 1747 2549 1814 scripta
2575 1756 2690 1800 sunt
2725 1747 2778 1800 in
2805 1749 2940 1802 cadis
2969 1747 3134 1820 (Luc.
3167 1750 3253 1803 10.
3283 1749 3398 1821 20).
3432 1751 3498 1804 Ει
3528 1751 3762 1810 Paulus:

2173 1836 2311 1890 Deus
2333 1846 2500 1890 autem
2532 1838 2739 1908 impleat
2759 1856 2846 1892 ros
2868 1842 3005 1893 omni
3031 1842 3197 1912 gratia
3219 1850 3263 1895 et
3285 1859 3373 1910 spe
3397 1844 3451 1896 in
3490 1845 3763 1905 credendo,

2172 1937 2226 1981 ut
2255 1928 2517 1983 abnndetis
2537 1930 2589 1984 in
2618 1946 2723 2001 spe,
2752 1931 2804 1983 in
2829 1932 3005 1985 virtute
3035 1932 3261 2002 Spiritus
3288 1935 3450 1986 sancti
3475 1933 3656 2007 (Rom.
3680 1936 3760 1989 15.

2173 2022 2288 2089 15).
2322 2021 2508 2076 Vidisti
2534 2023 2641 2077 vim
2665 2023 3049 2078 benedictionis
3070 2040 3188 2094 qua:
3216 2025 3352 2079 bona
3381 2026 3610 2096 largitur
3637 2027 3763 2081 inei-

2171 2109 2382 2178 fabilia,
2417 2122 2471 2168 et
2498 2114 2628 2167 nihil
2675 2114 2836 2169 habet
2864 2117 3175 2171 terrenum?
3212 2126 3267 2170 et.
3309 2133 3496 2171 rursus
3524 2118 3758 2173 Paulus:

2170 2201 2310 2257 Deus
2338 2213 2501 2256 autem
2528 2212 2745 2257 conteret
2769 2215 3000 2258 satanam
3029 2204 3123 2257 sub
3162 2205 3368 2274 pedibus
3393 2206 3572 2260 vestris
3597 2208 3760 2261 celeri-

2174 2302 2248 2346 ter
2297 2293 2470 2366 (Rom.
2499 2296 2585 2348 16.
2619 2293 2734 2364 ‘20).
2758 2294 2862 2349 Sed
2898 2296 2948 2348 in
3004 2294 3217 2359 Veteri,
3250 2295 3465 2364 quando
3523 2296 3759 2349 homines

2168 2393 2331 2438 erant
2378 2386 2691 2447 crassiores,
2734 2401 2795 2439 ex
2844 2385 3128 2438 sensilibus
3175 2385 3564 2440 contexebatur
3606 2386 3758 2441 beue~

2173 2474 2353 2540 dictio,
2382 2483 2440 2529 et
2477 2476 2763 2528 multorum
2798 2476 3086 2529 liberorum
3112 2477 3385 2545 susceptio
3413 2475 3757 2530 existimaba-

2174 2573 2259 2618 tur
2288 2581 2406 2618 essc
2440 2581 2523 2618 res
2575 2565 2823 2618 maxima.
2864 2564 3123 2632 Quoniam
3153 2565 3294 2620 enim
3349 2581 3499 2620 mors
3530 2568 3755 2637 ingressa

2176 2665 2289 2708 erat
2335 2671 2396 2709 ex
2431 2664 2669 2724 peccatu.
2706 2657 2843 2709 Deus
2870 2670 3036 2725 genus
3062 2656 3364 2722 consolans,
3394 2666 3448 2710 et
3477 2657 3756 2711 ostendens

2173 2764 2287 2803 eam
2316 2764 2421 2801 non
2457 2748 2613 2801 modo
2646 2764 2749 2801 non
2780 2758 3239 2815 cnnsumpturam,
3264 2762 3362 2801 nec
3390 2749 3658 2801 interitmn
3686 2747 3755 2799 al-

2178 2839 2425 2903 laturam,
2457 2839 2549 2892 sed
2594 2839 2748 2907 longe
2794 2839 2953 2892 etiam
2982 2840 3157 2906 plures
3185 2853 3342 2905 quam
3371 2848 3496 2893 ante
3526 2837 3751 2897 futuros.

2173 2930 2360 2999 inquit,
2385 2928 2616 2993 Crescite,
2637 2939 2679 2983 et
2698 2930 3097 2999 multiplicamini
3122 2929 3269 2999 (Cen.
3296 2928 3348 2982 9.
3378 2930 3452 3000 1).
3480 2930 3750 2999 Postquam

2173 3029 2353 3075 autem
2382 3021 2649 3090 cognitum
2683 3020 2778 3074 fuit
2805 3031 3030 3075 mortem
3058 3036 3175 3074 esse
3202 3036 3472 3086 somnum,
3522 3019 3748 3073 introdu-

2173 3119 2314 3163 ctum
2353 3118 2436 3164 est
2473 3110 2666 3164 bonum
2700 3110 3034 3178 virginitatis.
3068 3110 3130 3165 Et
3156 3109 3274 3162 ideo
3295 3109 3507 3163 dicebat
3538 3108 3745 3163 Paulus:

2183 3201 2310 3256 Volo
2343 3211 2509 3256 autem
2531 3219 2701 3255 omnes
2728 3202 2952 3256 homines
2980 3218 3085 3255 esse
3113 3203 3162 3255 in
3195 3202 3524 3264 continentia,
3552 3203 3671 3254 sicut
3709 3205 3748 3250 ct

2171 3294 2438 3362 meipsum.
2472 3293 2539 3346 Et
2565 3309 2785 3346 rursus:
2814 3292 3014 3345 Bonum
3054 3302 3124 3345 est
3156 3292 3348 3344 homini
3384 3292 3633 3344 mulierem
3657 3305 3746 3341 non

2173 3394 2377 3456 tangere
2403 3384 2479 3458 (1.
2504 3385 2619 3438 Cor.
2642 3386 2692 3439 7.
2716 3386 2863 3455 7).Et
2890 3384 3130 3439 Christus
3160 3403 3173 3438 :
3200 3384 3333 3438 Sunt
3351 3383 3578 3447 eunuchi,
3605 3381 3686 3450 qui
3698 3391 3746 3431 sl

2175 3487 2463 3533 castrarunt
2485 3488 2688 3546 propter
2716 3494 2923 3548 regnum
2953 3478 3192 3531 rwlorum
3228 3476 3389 3546 (Ibid.
3416 3493 3464 3530 υ.
3489 3477 3538 3533 1.
3570 3472 3740 3526 Matth.

2172 3569 2260 3623 19.
2293 3567 2406 3639 12).
2427 3569 2754 3637 Quamquam
2781 3567 2976 3637 alioqui
2999 3567 3156 3621 etiam
3184 3567 3235 3619 in
3259 3567 3517 3635 principio
3540 3563 3746 3618 obscure

2172 3659 2491 3729 signiﬁcavit
2519 3673 2653 3728 opus
2681 3673 2802 3715 esse
2853 3659 3063 3720 virtute,
3109 3672 3214 3711 non
3246 3656 3477 3711 ﬁliorum
3524 3653 3742 3708 multitu-

2171 3750 2320 3805 dine.
2351 3749 2485 3803 Audi
2518 3760 2696 3803 autem
2723 3748 3008 3818 quomodo.
3065 3748 3201 3802 Dicit
3230 3748 3372 3801 enim
3407 3747 3617 3816 quidam
3661 3756 3737 3795 sa-

2171 3842 2326 3911 piens
2351 3858 2364 3894 :
2396 3839 2481 3893 Ne
2497 3841 2725 3894 desidera
2742 3840 3112 3894 multitudinem
3136 3840 3361 3906 ﬁliorum
3386 3838 3652 3899 inutilium,
3674 3833 3743 3885 ni-

2170 3933 2216 3986 si
2242 3932 2306 3985 sit
2332 3932 2484 3985 timor
2508 3930 2601 3984 Dei
2624 3948 2737 3986 cum
2758 3931 2878 4002 ipsis
2899 3948 2920 3981 ,ο
2941 3929 3015 4002 (a)
3043 3947 3200 3999 neque
3216 3928 3414 3982 attende
3434 3944 3604 3982 eorum
3624 3924 3741 3977 mut-

2172 4024 2454 4077 titudinem.
2500 4022 2684 4077 Melior
2725 4032 2797 4077 est
2831 4024 2963 4076 enim
3004 4040 3134 4076 unus
3162 4039 3314 4090 quam
3354 4020 3524 4086 mille,
3554 4029 3596 4073 et
3633 4011 3744 4069 mori

2175 4114 2284 4167 sine
2309 4113 2451 4181 ﬁliis,
2473 4130 2622 4182 quam
2651 4113 2834 4166 habere
2860 4114 2996 4181 ﬁlios
3014 4111 3197 4181 impios
3226 4126 3245 4166 :
3267 4124 3309 4163 et
3338 4111 3518 4163 melior
3544 4118 3608 4162 est
3632 4118 3743 4157 unus

2173 4206 2365 4275 faciens
2402 4205 2708 4257 voluntatem
2736 4204 2980 4269 Domini,
3008 4220 3159 4272 quam
3201 4201 3591 4255 innumerabiles
3619 4192 3743 4263 impii

2174 4296 2192 4367 (
2225 4296 2389 4349 Eccli.
2421 4295 2507 4350 16.
2538 4296 2659 4350 1-4
2685 4295 2731 4365 ).
2781 4294 2949 4349 Judmi
2991 4304 3167 4348 autem
3208 4293 3354 4347 nullo
3394 4292 3553 4361 plane
3602 4297 3737 4342 sensu

2174 4387 2407 4457 prmditi,
2451 4386 2517 4441 ad
2564 4401 2780 4440 carnem
2813 4400 3025 4453 semper
3052 4383 3369 4452 aspirantes,
3420 4392 3475 4438 ct
3513 4381 3730 4433 virtutem

2172 4482 2533 4550 negligentes,
2563 4480 2810 4534 dicebant
2837 4495 2850 4530 :
2881 4477 3013 4544 Quid
3043 4477 3222 4547 quierit
3252 4475 3392 4529 Deus
3419 4517 3435 4539 ,
3467 4473 3558 4528 nisi
3594 4480 3734 4523 semen

2174 4571 2431 4641 (Malach.
2459 4571 2513 4624 2.
2546 4570 2631 4642 15)
2656 4571 2677 4622 ?
2702 4570 2794 4623 Eis
2818 4569 3107 4623 ostendens
3154 4582 3211 4620 se
3241 4565 3343 4620 hoc
3364 4581 3472 4620 non
3501 4569 3731 4633 quaerere.

2174 4680 2270 4719 eos
2301 4664 2494 4717 millies
2534 4661 2798 4731 perdidit,
2853 4675 2971 4713 eum
3006 4660 3202 4711 virtute
3251 4664 3516 4710 carerent.
3547 4652 3626 4705 25.
3654 4644 3733 4697 Βε·

2176 4757 2358 4810 nedicti
2387 4771 2472 4810 vos
2504 4754 2740 4807 Domino.
2787 4752 2950 4805 Recte
2976 4749 3191 4817 adjecit,
3223 4747 3464 4801 Domino.
3494 4743 3614 4799 Nam
3651 4737 3732 4789 hoc

2176 4849 2513 4918 potissimum
2540 4855 2625 4900 est
2656 4842 2976 4898 benedictio.
3007 4842 3138 4894 Sunt
3164 4841 3305 4893 enim
3336 4838 3492 4893 etiam
3534 4830 3615 4903 qui
3646 4828 3731 4918 br-

2177 4915 2495 4991 nedicuntur
2523 4933 2660 5003 apud
2713 4924 2976 4995 homines,
3010 4929 3102 4984 sed
3146 4939 3271 4983 sunt
3306 4943 3393 4981 res
3424 4926 3618 4980 illorum
3646 4915 3727 4967 hu-

2178 5044 2371 5084 manm.
2403 5027 2527 5082 llzrc
2550 5036 2627 5080 est
2662 5034 2839 5078 autem
2886 5022 3114 5075 maxima
3146 5019 3466 5075 benedictio.
3510 5009 3726 5068 Homines

2176 5119 2388 5188 quidem
2423 5116 2763 5176 hcnedicunt,
2826 5113 2927 5166 hoc
2954 5122 3034 5167 est
3076 5110 3311 5173 laudant,
3356 5107 3613 5162 celebrant
3646 5108 3725 5188 ςυξ

2177 5226 2401 5279 (piorum
2435 5223 2641 5277 magnae
2681 5213 2800 5259 sunt
2833 5219 2994 5274 epes,
3039 5201 3205 5271 gloria
3249 5208 3301 5253 et
3352 5194 3594 5268 potentia.
3623 5180 3723 5279 _Scd

2176 5275 2292 5354 lucc
2321 5275 2619 5354 benedictio
2646 5305 2729 5350 est
2757 5303 3122 5362 temporanca,
3179 5290 3287 5343 imo
3333 5283 3538 5356 quando
3580 5275 3721 5330 adest.

2178 5392 2304 5447 nihil
2328 5390 2546 5445 omnino
2574 5387 2730 5442 alfert
2751 5386 2882 5441 lucri
2917 5401 2930 5438 :
2963 5383 3058 5438 Dei
3084 5390 3260 5437 autem
3285 5370 3631 5433 benevolentia

2179 5490 2455 5554 perpetua,
2487 5488 2539 5535 et
2568 5480 2621 5534 in
2642 5479 2799 5533 rebus
2822 5476 3068 5531 maximis
3096 5473 3296 5544 praebet
3319 5470 3604 5525 utilitatem.
3642 5452 3718 5517 θεέ

2177 5576 2291 5644 fecit
2313 5574 2488 5626 cadum
2517 5572 2787 5623 et’terram.

2220 5705 2311 5766 ·(α)
2348 5710 2397 5752 tu
2419 5703 2509 5751 hoc
2542 5700 2858 5758 ecclesiastici
2904 5696 3014 5747 loco
3051 5694 3204 5746 multa
3236 5688 3514 5755 interposita
3534 5667 3720 5740 praeterit

2178 5768 2556 5829 Chrysostomus.
