3956 6398
500 343 612 400 815

1209 349 1268 404 S.
1310 347 1594 404 JOANMS
1633 348 2123 406 CHRYSOSTOMI
2157 350 2484 407 ARCIIIEP.
2524 350 3072 412 CONSTANTINOP.
3635 363 3721 422 3N

572 463 653 529 ς’.
673 452 823 523 Εἶδες
839 461 937 535 ὅση
957 462 1058 531 τῆς
1073 463 1318 532 εὐλογίας
1344 466 1377 534 ἠ
1417 464 1572 536 ἰσχύς
1588 481 1601 530 ;
1620 465 1700 519 Τά
1725 465 1834 539 γὰρ
1865 470 2085 539 ῥήματα
2194 471 2302 541 πρὸ
2321 469 2422 539 τῆς
2442 469 2789 533 ἀναστάσεως
2807 471 2863 523 δὲ
2883 472 3132 526 ἐντεῦθεν
3152 474 3251 546 ἤδη
3277 474 3549 547 μετέστης,
3565 479 3648 532 καὶ
3672 482 3724 535 16

502 556 669 613 αὐτοῦ
702 557 842 630 ἔργα
863 559 1092 627 γίνεται.
1131 560 1233 613 Τὸν
1255 561 1385 629 γοῦν
1408 562 1639 633 οὐρανὸν
1661 563 1723 616 16
1746 564 1898 635 ῥῆμα
1921 565 2086 619 αὐτοῦ
2190 565 2409 635 ἀξίωμα
2445 564 2607 634 ἔχεις.
2646 563 2904 639 Καθάπερ
2923 567 3033 640 7&9
3054 569 3237 622 πολλοὶ
3258 569 3405 643 I502]
3439 572 3541 624 τῶν
3557 575 3724 646 εἰςτὴν

504 652 655 729 [501]
686 654 975 724 πεποίηκε.
1008 652 1091 735 Τῷ
1114 655 1279 726 λόγῳ
1306 656 1437 727 γὰρ,
1462 658 1617 729 φησὶ,
1649 657 1876 727 Κυρίου
1900 663 1954 714 οί
1981 662 2084 715 οὺ-

494 748 672 820 ρανοὶ
700 748 1173 817 ἐστερεώθησαν.
1228 752 1453 825 Ἐκείνῳ
1478 754 1556 824 τῷ
1583 754 1726 825 λόγῳ
1761 772 1819 808 σε
1844 756 2075 825 εὐλογεί,

412 884 415 885 ν
509 844 587 918 τῷ
607 844 842 899 τοσαῦτα
874 845 1179 918 δυναμένῳ.

581 1003 645 1056 '0
673 1002 932 1071 οὐρανὸς
952 1004 1058 1057 τοῦ
1079 1004 1339 1071 οὐρανοῦ
1375 1003 1456 1069 τῷ
1483 1006 1697 1072 Κυρίῳ,
1732 1005 1847 1073 τὴν
1871 1006 1939 1059 δὲ
1967 1004 2085 1076 γῆν

501 1098 685 1152 ἔδωκε
706 1097 832 1165 τοῖς
859 1098 1011 1165 υἱοῖς
1040 1098 1161 1152 τῶν
1184 1097 1531 1166 ἀνθρώπων.
1556 1100 1621 1153 Τί
1653 1100 1870 1169 λέγεις;
1902 1100 2079 1166 ἐξελέ-

501 1195 628 1259 ξατο
656 1194 748 1249 τὸν
775 1194 1005 1264 οὐρανὸν
1029 1194 1240 1266 οἴκημα
1267 1195 1467 1265 ἐαυτῷ,
1504 1196 1599 1250 καὶ
1630 1195 1698 1249 τά
1732 1195 1957 1267 ὑπερῶα
1988 1197 2084 1251 λα-

497 1289 633 1354 ϐὼν,
666 1291 803 1360 ἡμῖν
841 1289 1089 1362 ἀφώρισε
1130 1290 1199 1345 τά
1232 1290 1502 1357 ἐνταῦθα;
1531 1293 1779 1360 Ἄπαγε·
1824 1293 1924 1346 οὐκ
1966 1291 2082 1345 ἔστι

499 1387 687 1455 τοῦτο,
733 1385 872 1441 ἀλλά
902 1387 1364 1456 συγκαταϐἀσεως
1403 1389 1432 1441 6
1460 1388 1636 1455 λόγος.
1661 1389 1725 1442 Εἰ
1773 1388 1882 1459 γάρ
1924 1388 2082 1442 τοῦτό

499 1482 641 1547 ἐστι,
672 1478 791 1543 πῶς
808 1478 869 1533 τὸ
893 1480 1079 1551 ἕτερον
1102 1479 1301 1550 ἔστηκε
1325 1479 1387 1533 16
1408 1479 1558 1551 παρὰ
1576 1480 1668 1533 τοῦ
1686 1480 1821 1533 Θεοῦ
1853 1480 2082 1552 λεγόμε-

496 1591 623 1643 νονς
656 1573 804 1645 Οὐχί
827 1574 942 1629 τὸν
980 1574 1243 1642 οὐρανὸν
1272 1574 1369 1629 καί
1396 1574 1511 1644 τὴν
1546 1574 1666 1646 γῆν
1696 1575 1811 1645 ἐγὼ
1836 1575 2080 1644 πληρῶ;

496 1669 665 1738 λέγει
693 1670 935 1738 Κύριος.
977 1670 1185 1724 Ἐκεῖνο
1212 1669 1321 1742 γάρ
1356 1671 1599 1725 ἐναντίον
1627 1670 1821 1743 τούτῳ,
1858 1673 1908 1725 εἰ
1940 1671 2081 1725 κατά

494 1766 596 1836 τὴν
630 1766 921 1839 πρόχειρον
953 1766 1087 1820 αὐτὸ
1118 1766 1399 1839 προφορὰν
1443 1767 1813 1839 ἐκδεξώμεθα,
1852 1768 1947 1824 καὶ
2002 1768 2076 1841 μὴ

404 1904 417 1913 ς
494 1866 597 1935 τὴν
620 1864 995 1936 ἀποκειμένην
1022 1866 1208 1929 αὐτοῖς
1233 1866 1602 1938 σκοπήσωμεν
1629 1865 1963 1937 θεωρίαν.Τί
1984 1861 2080 1920 οῦν

495 1961 647 2021 ἐστιν
671 1961 700 2013 ὅ
727 1977 891 2030 φησιν
912 1978 927 1993 ο
964 1961 1026 2013 ὐ
1056 1962 1315 2028 οὐρανὸς
1332 1961 1438 2016 τοῦ
1463 1961 1728 2029 οὐρανοῦ
1756 1961 1841 2028 τῷ
1863 1962 2076 2031 Κυρίῳ,

494 2054 611 2122 τὴν
631 2054 701 2108 δὲ
720 2056 835 2126 γῆν
853 2055 1039 2110 ἔδωκε
1054 2055 1181 2123 τοῖς
1202 2057 1356 2125 υιοῖς
1380 2057 1498 2111 τῶν
1515 2057 1861 2126 ἀνθρώπων;
1876 2060 2080 2128 Συγκα-

495 2150 776 2222 ταϐατικῷ
813 2152 1079 2223 κέχρηται
1124 2154 1288 2226 λόγῳ,
1324 2155 1426 2209 οὐκ
1453 2154 1762 2211 ἀποκλείων
1797 2156 1854 2209 ἐν
1885 2156 1963 2226 τῷ
1996 2155 2081 2209 o6-

499 2249 646 2322 ρο.νῷ
665 2249 756 2307 τὸν
774 2248 927 2305 Θεόν.
954 2251 1089 2306 Οὐδὲ
1112 2251 1223 2323 7&9
1240 2252 1322 2315 16,
1345 2254 1613 2322 Οὐρανὸς
1637 2256 1849 2323 θρόνος
1867 2254 2076 2318 αὐτοῦ,

496 2346 598 2401 καὶ
639 2347 679 2414 ἠ
707 2343 784 2415 γῆ
814 2346 1152 2403 ὑποπόδιον
1171 2364 1185 2377 ’
1213 2349 1403 2421 ῶσπερ
1431 2348 1554 2402 οὐδὲ
1578 2349 1659 2413 16,
1684 2349 1959 2418 Οὐρανόν
1982 2348 2080 2403 καὶ

492 2442 611 2512 τὴν
638 2439 754 2513 γῆν
768 2442 885 2512 ἐγὼ
909 2441 1144 2511 π.1ηρῶ,
1176 2441 1343 2508 ἀξίως
1369 2444 1534 2501 06106
1557 2447 1771 2517 εἴρηται
1792 2463 1804 2477 ·
1833 2446 1969 2505 ἀλλά
1988 2447 2081 2500 καὶ

497 2538 631 2605 αὐτὸ
649 2537 1080 2606 ωγκατάϐασις.
1101 2538 1287 2592 Πάντα
1304 2541 1412 2612 γάρ
1430 2541 1593 2605 αὐτὸς
1609 2542 1880 2614 περιέχει,
1903 2542 2080 2597 πάντα

497 2637 680 2708 φέρει,
712 2635 773 2689 οὐ
808 2634 1064 2706 δεόμενος
1110 2635 1298 2701 τόπου,
1341 2636 1456 2689 ἀλλ’
1505 2638 1670 2702 αὐτὸς
1703 2638 1917 2692 ἅπαντα
1952 2655 2080 2707 συγ-

494 2732 715 2805 κρατῶν
736 2750 749 2763 ’
787 2731 925 2786 ἀλλά
950 2731 1169 2801 λέγεται
1189 2733 1219 2785 6
1250 2732 1478 2805 οὐρανὸς
1511 2734 1677 2787 06106
1713 2729 1882 2799 οἶκος,
1912 2734 1999 2787 διὰ
2020 2734 2082 2787 16

493 2830 737 2899 καθαρὸν
776 2827 917 2883 εἶναι
949 2831 1149 2901 χωρίον
1183 2831 1467 2902 πονηρίας.
1492 2832 1702 2904 Ὠσπερ
1729 2828 1822 2887 οὖν
1846 2831 2080 2887 ἐνταῦθα

494 2930 596 2986 οὐκ
622 2925 820 2997 ἐκλογὴ
840 2927 869 2979 6
888 2926 1117 2998 οὐρανός
1136 2944 1149 2958 ο
1174 2927 1345 2993 οὕτως
1372 2928 1493 2982 οὐδὲ
1522 2930 1650 2983 ὅταν
1675 2929 1827 3001 λέγῃ,
1862 2930 2081 2997 Ἔστη-

494 3039 610 3081 σεν
630 3023 762 3093 ὅρια
781 3022 976 3080 ἐθνῶν
1001 3025 1150 3093 κατὰ
1168 3025 1420 3096 ἀριθμὸν
1445 3026 1718 3096 ἀγγέλων
1746 3025 1970 3095 Θεοῦ,ἣ
1999 3026 2081 3079 ὅτι

505 3120 863 3188 Ἐξελέξατο
895 3122 1004 3176 τὸν
1042 3118 1214 3177 οἷκον
1255 3123 1480 3178 Ἰακώϐ.
1527 3123 1663 3178 Οὐδὲ
1704 3123 1816 3195 γὰρ
1847 3121 2083 3178 ἐνταῦθά

495 3237 631 3291 φησι
658 3217 839 3283 τοῦτο,
870 3218 953 3271 ὅτι
975 3217 1147 3289 οἱμὲν
1175 3218 1419 3272 Ἰουδαῖοι
1450 3219 1638 3287 αὐτοῦ,
1659 3222 1709 3273 οἱ
1735 3220 1792 3273 δὲ
1813 3219 1965 3274 ἄλλοι
1990 3219 2083 3274 ἀν-

495 3319 707 3388 θρωποι
719 3315 819 3368 οὐκ
830 3313 930 3367 έτν
950 3313 1065 3368 ἀλλ’
1081 3314 1277 3385 ἔρημοι
1287 3314 1388 3384 τῆς
1401 3314 1655 3385 προνοίας
1669 3313 1831 3369 αὐτοῦ
1846 3317 1972 3380 εἰσι,
1988 3314 2083 3368 καὶ⁵

496 3414 599 3483 τῆς
631 3409 997 3482 δημιουργίας
1028 3409 1455 3481 ἀπεστέρηνται.
1481 3411 1677 3474 Κοινὺς
1696 3411 1805 3483 γὰρ
1829 3411 2083 3466 ἀπάντων

497 3510 629 3576 Θεός
649 3510 791 3564 ἐστι·
808 3509 1076 3580 κέχρηται
1096 3507 1154 3561 δὲ
1170 3506 1247 3577 τῷ
1266 3508 1410 3581 λόγῳ
1432 3508 1627 3577 τούτῳ,
1646 3507 1860 3572 δεικνὺς
1882 3506 1969 3561 τὸν
1989 3508 2085 3561 πό-

496 3611 593 3665 θον
615 3606 708 3662 τδν
739 3606 871 3676 περὶ
891 3605 1112 3677 αὐτοὺς,
1140 3604 1331 3674 ἐπειδὴ
1356 3603 1605 3663 ὁπωσοῦν
1624 3603 1733 3657 τῶν
1758 3603 1934 3658 ἀλλων
1971 3604 2084 3657 ἐδό-

497 3722 632 3760 κουν
666 3701 808 3758 εἶναι
836 3701 1119 3774 ἀμείνους.
1146 3702 1269 3767 ’Ὀτι
1299 3701 1410 3775 γὰρ
1441 3701 1542 3766 οὐκ
1585 3702 1781 3765 αὐτοὺς
1805 3700 2086 3768 ἐξελέξατο

499 3802 728 3874 μόνους,
751 3800 889 3855 ἀλλά
906 3798 1124 3854 πάντων
1143 3794 1212 3870 ἦν
1228 3797 1504 3869 κηδεμὼν,
1528 3796 1764 3855 δείκνυσι
1789 3797 1886 3867 μὲν
1908 3797 2001 3849 καὶ
2018 3796 2087 3851 τὰ

512 3896 622 3968 πρὸ
650 3896 951 3961 Μωῦσέως,
976 3895 1075 3949 οὐκ
1100 3894 1318 3948 ἔλαττον
1345 3893 1401 3946 δὲ
1434 3892 1527 3946 καὶ
1547 3890 1617 3945 τά
1647 3894 1732 3945 ἐπ’
1762 3892 1928 3947 06106
1950 3909 1962 3922 ·
1990 3893 2085 3946 καὶ

504 3991 653 4063 μετά
700 3989 891 4045 τοῦτον
932 3990 1005 4045 τὰ
1047 3990 1384 4044 καθέκαστον
1430 3988 1709 4059 γινόμενα.
1746 3988 1850 4042 Τόν
1890 4004 1950 4041 τε
1977 3987 2085 4055 7&9

499 4098 672 4168 ἣλιον,
694 4095 793 4167 τὴν
830 4095 957 4165 γῆν,
979 4095 1080 4165 τὴν
1119 4090 1506 4156 θάλασσαν,τά
1543 4090 1680 4146 ἀλλα
1715 4091 1895 4157 πάντα
1934 4092 2085 4162 κοινῇ

502 4198 670 4251 πᾶσιν
708 4194 903 4259 ἔδωκε,
924 4192 1017 4247 τόν
1056 4209 1118 4245 τε
1156 4191 1385 4261 φυσικὸν
1417 4190 1581 4260 νόμον
1600 4179 1763 4244 πᾶσιν
1785 4191 2086 4261 ἐνέσπειρε.

503 4296 610 4351 Τόν
629 4312 689 4349 τε
723 4293 997 4366 Ἀϐραὰμ,
1018 4293 1236 4365 Πέρσην
1256 4291 1407 4356 ὄντα,
1429 4292 1525 4357 καὶ
1543 4292 1741 4362 ἐφίλει,
1759 4291 1851 4345 καὶ
1875 4291 2087 4362 μετετί-

503 4399 588 4453 θει
608 4415 623 4430 ⁸
659 4395 787 4460 τούς
807 4412 868 4450 τε
886 4395 997 4464 γάρ
1031 4392 1384 4461 Αἰγυπτίους,
1406 4391 1531 4455 τούς
1563 4408 1625 4445 τε
1657 4392 1716 4447 ἐν
1746 4394 1815 4463 τῇ
1846 4390 2085 4457 Χαναὰν,

502 4499 630 4564 τούς
665 4515 726 4552 τε
763 4496 872 4551 ἀπὸ
912 4494 1172 4566 Περσίδος
1213 4491 1467 4556 ἐλθόντας
1504 4492 1571 4551 δι’
1592 4491 1757 4553 06106
1776 4491 2083 4563 διώρθωσεο

503 4601 668 4655 πάλιν
702 4599 794 4652 διά
829 4615 888 4652 τε
927 4596 1020 4651 τοῦ
1068 4594 1256 4660 παιδὸς
1293 4593 1389 4647 τοῦ
1408 4594 1618 4648 ἐκείνου
1640 4594 1736 4649 καὶ
1754 4594 1848 4648 τοῦ
1866 4594 2088 4662 ἐκγόνου

505 4702 737 4764 πολλοὺς
777 4699 883 4752 τῶν
920 4700 1039 4751 ἐκεῖ
1074 4697 1335 4765 γειτόνων
1378 4694 1621 4765 βελτίους
1660 4695 1854 4761 ἐποίει,
1874 4694 1935 4749 16
1963 4693 2092 4764 γοῦν

506 4800 703 4855 ἑαυτοῦ
748 4799 932 4870 μέρος.
952 4795 1171 4867 Ἐπειδὴ
1208 4795 1265 4848 δὲ
1301 4812 1396 4848 και
1433 4795 1674 4864 Μωΰσῆς
1714 4794 1931 4865 ἐτέχθη,
1957 4793 2095 4864 μετὰ

505 4902 679 4958 ταῦτα
714 4900 803 4955 διὰ
839 4891 949 4952 τῶν
967 4902 1047 4963 εἰς
1065 4900 1191 4961 τούς
1222 4896 1511 4961 Ἰουδαίους
1530 4897 1831 4968 γινομένων
1850 4898 1975 4961 τοὺς
1996 4899 2094 4950 Αί-

505 5003 771 5074 γυπτίους
806 4998 943 5071 πρὸς
981 4997 1312 5067 θεογνωσίαν
1352 4996 1737 5069 ἐχειραγώγει,
1761 4999 1856 5051 καὶ
1880 4998 2005 5060 τοὺς
2037 4999 2094 5050 ἐν

508 5100 868 5175 Παλαιστίνῃ,
890 5099 985 5153 καὶ
1007 5097 1148 5170 μετά
1165 5096 1340 5151 ταῦτα
1358 5097 1485 5161 τοὺς
1506 5099 1564 5151 ἐν
1584 5097 1888 5150 Βαϐυλῶνι.
1909 5096 2096 5160 Οὕτως

508 5207 636 5259 ὃταν
654 5204 789 5275 λέγῃ
804 5241 822 5266 ,
847 5201 900 5254 Ὀ
928 5199 1185 5269 οὐρανὸς
1204 5198 1311 5253 τοῦ
1330 5197 1592 5267 οὐρανοῦ
1611 5197 1692 5262 τῷ
1711 5198 1926 5265 Κυρίῳ,
1938 5197 2097 5249 τοῦτο

510 5304 785 5373 λέγει,ὂτι
821 5301 911 5356 διά
949 5301 1111 5354 τοῦτο
1152 5297 1568 5352 ὲπαναπαύεται
1605 5301 1719 5360 τοῖς
1750 5299 1888 5362 ἐκεῖ,
1907 5295 2094 5368 ἐπειδὴ

513 5404 695 5473 πάσης
728 5402 837 5455 εἰσὶ
870 5400 1135 5472 πονηρίας
1155 5397 1587 5470 ἀπηλλαγμένοι.
1612 5398 1721 5451 Καὶ
1743 5398 1807 5451 σὺ
1829 5397 1908 5461 δὲ,
1931 5399 1998 5451 ἂν
2018 5396 2095 5467 μὴ

518 5504 585 5570 τῇ
614 5504 686 5571 γῇ
704 5514 730 5541 ει
755 5499 1178 5571 προσηλωμένος
1199 5495 1288 5570 ᾗς,
1328 5498 1443 5552 ἀλλ’
1465 5497 1694 5566 ἄγγελος
1713 5496 1865 5567 γένῃ,
1888 5496 2096 5566 ταχέως

496 5588 598 5660 ἐἰς
638 5600 730 5651 τὸν
770 5598 996 5670 οὐρανὸν
1032 5598 1125 5651 καὶ
1158 5598 1249 5651 16v
1277 5599 1528 5672 πατρῷον
1545 5595 1693 5653 οἶκον
1713 5596 1982 5668 ἀναϐήσῃ,
2005 5595 2097 5661 καὶ

589 5775 605 5805 ⁸
649 5771 756 5829 Ἐάν
782 5780 843 5845 μή
873 5778 1034 5845 μείνῃς
1050 5777 1289 5845 ἄνθρωπος
1311 5784 1393 5831 καὶ
1413 5788 1470 5844 τῇ
1492 5788 1549 5853 γῇ
1572 5783 1698 5846 Reg.

2193 662 2437 732 μεγάλην
2458 660 2760 731 σύγκλητον
2776 661 3090 729 τελούντων,
3107 664 3201 717 καὶ
3222 666 3280 718 ἐν
3298 667 3448 738 ἀγρῷ
3464 668 3725 739 διατρίϐον-

2186 772 2280 820 τες
2294 755 2516 825 ἀξίωμα
2554 754 2737 825 έχουσι
2753 771 2767 786 ο
2808 755 2951 810 οὕτω
2987 759 3082 811 καὶ
3101 761 3166 813 σὺ
3189 760 3282 814 ἐὰν
3302 760 3555 836 βουληθῇς
3586 767 3637 816 ὲν
3654 767 3727 818 n6-

2190 852 2337 925 ρανῷ
2359 850 2759 916 πολιτεύεσθαι,
2781 852 2874 906 καὶ
2892 852 3124 907 ἐνταῦθα
3157 854 3461 927 διατρίϐων,
3479 859 3727 937 ἀπολαύσῃ

2186 947 2285 1017 τῆς
2321 945 2478 1011 ἀξίας
2515 946 2750 1016 ἐκείνης.
2797 950 2945 1019 Οὐχί
2986 952 3041 1004 οι
3069 952 3266 1020 νεκροί
3303 952 3605 1010 αίνέσουσί
3631 971 3726 1025 σε,

2185 1044 2382 1112 Κύριε,
2404 1043 2546 1098 οὐδὲ
2563 1042 2787 1111 πάντες
2803 1047 2858 1099 οἱ
2875 1046 3330 1115 καταϐαίνοντες
3347 1052 3434 1116 είς
3450 1050 3607 1119 ᾅδου.

2269 1296 2419 1351 Ἀλλ’
2439 1297 2610 1366 ἡμεῖς
2648 1300 2703 1351 οί
2743 1297 2955 1365 ζῶντες
2980 1301 3396 1372 εὐλογήσομεν
3422 1305 3525 1358 τὸν
3541 1306 3731 1373 Κύριον

2184 1392 2305 1447 ἀπὸ
2342 1394 2452 1448 τοῦ
2487 1393 2608 1449 νῦν
2643 1394 2742 1449 καὶ
2778 1395 2889 1462 ἕως
2916 1397 3022 1451 τοῦ
3040 1397 3272 1465 αἰῶνος.
3296 1401 3534 1470 Νεκρούς
3550 1402 3607 1454 06
3624 1406 3731 1468 τοὺς

2182 1491 2639 1564 τετελευτηκότας
2673 1493 2858 1564 φησὶν,
2880 1494 3019 1548 ἀλλά
3037 1496 3164 1559 τοὺς
3184 1496 3243 1549 ἐν
3261 1497 3530 1561 ἀσεϐείαις
3561 1500 3731 1552 ἐναπο-
3766 1534 3773 1538 -

2184 1588 2467 1657 θανόντας,
2489 1590 2523 1662 ἢ
2545 1592 2673 1655 τοὺς
2693 1594 2751 1645 ἐν
2772 1592 3133 1665 ἁμαρτήμασι
3160 1596 3584 1660 κατασαπέντας.
3600 1597 3731 1650 Ἐπεὶ

2185 1687 2279 1740 καὶ
2301 1684 2555 1757 Ἀϐραὰμ
2572 1687 2979 1758 τετελευτηκὼς
2995 1683 3086 1760 ἦν,
3107 1691 3200 1745 καὶ
3228 1692 3416 1745 Ἰσαάκ
3435 1693 3523 1747 καὶ
3544 1691 3730 1761 Ἰακὼϐ,

2183 1781 2297 1836 ἀλλ’
2317 1782 2467 1852 ὅμως
2501 1782 2675 1846 οὕτως
2709 1783 2866 1849 ἕξων,
2888 1785 2964 1849 ὡς
2983 1786 3083 1857 τὴν
3102 1785 3325 1841 ἐκείνων
3348 1789 3559 1861 μνήμην
3590 1792 3733 1843 ποιεῖς

2184 1878 2309 1933 σθαι
2327 1880 2456 1943 τοὺς
2476 1879 2706 1943 ζῶντας.
2724 1878 2785 1935 ’0
2804 1879 2934 1949 γοῦν
2952 1882 3195 1954 Μωῦσῆς
3214 1884 3357 1955 ὑπὲρ
3374 1884 3468 1938 106
3487 1886 3574 1939 ὑπ’
3591 1884 3733 1940 αὐτοῦ

2181 1975 2684 2048 δημαγωγουμένου
2722 1974 2853 2031 λαοῦ
2898 1981 3356 2052 προσευχόμενος,
3377 1984 3443 2037 δι’
3461 1984 3627 2038 αὐτῶν
3654 1984 3733 2037 δυ-

2184 2078 2359 2135 σωπεῖ
2376 2078 2467 2128 16v
2488 2073 2642 2141 Θεὸν,
2666 2076 2746 2140 είς
2772 2076 3054 2149 ἱκετηρίαν
3076 2078 3272 2144 αὐτοὺς
3294 2082 3625 2152 προσλαϐών.
3644 2084 3734 2137 Καὶ

2181 2175 2231 2226 οι
2271 2175 2421 2249 τρεῖς
2458 2171 2516 2225 δὲ
2555 2172 2745 2237 παῖδες
2764 2172 2853 2226 διὰ
2873 2173 3096 2240 τούτους
3117 2174 3330 2241 ἀξιοῦσι
3365 2176 3733 2244 σώζεσθαιοδιδ

2183 2271 2277 2325 καὶ
2294 2270 2513 2339 λέγουσι
2530 2284 2543 2297 ·
2562 2268 2660 2338 Μὴ
2681 2270 3043 2340 ἀποστήσῃς
3060 2273 3127 2326 τὸ
3145 2274 3317 2338 ἔλεός
3331 2291 3449 2331 σου
3466 2278 3561 2346 ἀφ’
3574 2275 3733 2346 ἡμῶν,

2144 2377 2156 2384 ·
2182 2368 2256 2421 δι’
2304 2364 2560 2435 Ἀϐραὰμ
2600 2365 2708 2420 τὸν
2747 2367 3145 2437 ἠγαπημένον
3180 2371 3300 2425 ὑπὸ
3345 2372 3483 2443 σοῦ,
3533 2374 3622 2427 καί
3655 2373 3736 2426 διὰ

2195 2464 2394 2521 Ἰσαὰκ
2428 2464 2536 2518 τὸν
2571 2461 2801 2517 δοῦλόν
2833 2478 2950 2517 σου
2973 2504 2988 2529 ,
3040 2464 3141 2520 καὶ
3174 2466 3424 2536 Ἰσραὴλ
3458 2471 3561 2524 τὸν
3591 2470 3737 2539 ἅγιόν

2182 2575 2321 2615 σου.
2345 2559 2409 2614 Εἰ
2449 2559 2507 2619 δὲ
2547 2557 2817 2629 τοσαύτην
2854 2557 2998 2631 εἶχον
3041 2563 3213 2635 ίσχὺν,
3238 2565 3355 2630 πῶς
3392 2562 3529 2636 ἦσαν
3548 2566 3705 2636 νεκροί
3718 2581 3732 2631 ;

2183 2656 2295 2710 Καὶ
2336 2654 2498 2710 πάλιν
2533 2658 2561 2709 6
2592 2655 2863 2727 Χριστός’
2908 2658 3084 2727 Ἄφες
3116 2658 3258 2727 τοὺς
3295 2663 3544 2733 νεκροὺς
3580 2661 3735 2730 θάψαι

2182 2752 2326 2818 τοὺς
2362 2750 2595 2806 ἑαυτῶν
2626 2754 2899 2821 νεκρούς.
2920 2754 3018 2808 Διά
3050 2756 3209 2810 τοῦτο
3229 2759 3442 2825 Παῦλος
3474 2762 3594 2823 τοὺς
3626 2760 3736 2812 ἀπο-

2185 2848 2469 2913 θανόντας,
2490 2848 2553 2906 οὐ
2591 2848 2821 2922 νεκροὺς
2862 2849 3036 2915 καλεῖ,
3056 2851 3194 2906 ἀλλά
3229 2855 3358 2920 τούς
3389 2856 3732 2927 κοιμηθέντας,

2184 2945 2417 3016 γράφων
2440 2958 2455 2971 '
2493 2944 2575 2996 Οὐ
2612 2942 2765 2997 θέλω
2793 2944 2860 2999 δὲ
2888 2943 3044 3015 ὑμᾶς
3062 2947 3326 3017 ἀγνοεῖν,
3349 2951 3610 3021 ἀδελφοὶ,
3628 2949 3736 3015 περὶ

2183 3042 2304 3097 τῶν
2334 3041 2802 3110 κεκοιμημένων.
2820 3041 2879 3095 '0
2896 3041 3005 3113 7&9
3023 3042 3227 3110 δίκαιος
3248 3048 3355 3103 κᾶν
3372 3049 3671 3120 τελευτήσῃ,
3688 3046 3736 3098 o6

2183 3140 2467 3211 τέθνηκεν,
2491 3137 2627 3191 ἀλλά
2648 3136 2916 3192 καθεύδει.
2933 3140 2993 3193 Ὀ
3010 3139 3120 3212 γὰρ
3144 3142 3355 3213 μέλλων
3375 3148 3454 3209 εἰς
3484 3144 3616 3215 ζωὴν
3642 3142 3739 3214 βελ.

2184 3238 2335 3291 τίονα
2358 3233 2847 3308 παραπέμπεσθαι,
2872 3234 3154 3290 καθεύδει·
3181 3241 3209 3292 6
3227 3239 3283 3293 δὲ
3319 3243 3527 3313 μέλλων
3558 3244 3630 3305 εἰς
3658 3238 3737 3292 θά-

2186 3349 2347 3386 νατον
2386 3330 2654 3386 ἀθάνατον
2685 3330 3017 3399 ἀπάγεσθαι,
3040 3335 3134 3387 καὶ
3154 3335 3261 3400 ζῶν
3280 3339 3646 3407 τετελεύτηκε,
3663 3334 3738 3386 καὶ

2186 3428 2380 3498 νεκρός
2413 3427 2829 3480 ἐστιν.Ἐκεῖνοι
2868 3429 2948 3491 είς
2985 3427 3116 3500 ᾅδην
3155 3422 3737 3487 καταϐαίνουσιν-οὗτοι

2190 3529 2268 3590 εἰς
2308 3524 2539 3597 οὐρανὸν
2576 3523 2963 3593 ἀναϐήσονται,
2986 3527 3082 3580 καὶ
3105 3528 3242 3598 μετά
3261 3528 3499 3601 Χριστοῦ
3538 3529 3735 3581 ἔσονται.

2188 3621 2287 3676 Διά
2304 3622 2367 3691 δὴ
2386 3620 2544 3674 τοῦτο
2562 3620 2656 3675 καὶ
2675 3622 2704 3673 6
2717 3620 3007 3694 Προφήτης
3024 3622 3122 3694 οὐχ
3144 3624 3331 3690 ἁπλῶς
3351 3623 3521 3691 εἶπεν,
3538 3627 3598 3679 οι
3621 3621 3737 3689 ζῶν.

2190 3735 2310 3785 τες,
2346 3718 2486 3781 ἀλλ’,
2521 3716 2710 3786 Ἡμεῖς
2748 3719 2802 3771 οἱ
2829 3715 3065 3785 ζῶντες,
3080 3720 3176 3772 καὶ
3203 3720 3261 3774 16
3282 3721 3406 3775 καθ’
3428 3722 3609 3778 ἑαυτὸν
3626 3716 3734 3778 θείς.

2190 3816 2303 3872 Καὶ
2340 3814 2431 3869 διὰ
2469 3815 2522 3867 τί
2563 3815 2638 3886 μὴ
2662 3810 2854 3897 εἶπεν,
2878 3817 2944 3869 Ol
2972 3815 3202 3882 ζῶντες,
3242 3819 3381 3875 ἀλλὰ
3416 3819 3734 3891 προσέθηκεν,

2203 3913 2395 3981 Ἡμεῖς
2416 3930 2435 3978 ;
2456 3914 2579 3966 Ὅτι
2617 3912 2712 3965 καὶ
2745 3911 2958 3977 Παῦλος
2986 3913 3159 3980 οὔτως
3180 3910 3355 3983 εἶπεν,
3378 3918 3457 3971 ὅτι
3490 3914 3669 3987 Ἠμεῖς
3693 3913 3737 3965 οι

2191 4009 2422 4077 ζῶντες,
2461 4012 2516 4065 οὶ
2559 4014 3036 4081 περιλειπόμενοι
3058 4052 3073 4077 ,
3108 4014 3182 4066 οὐ
3216 4013 3303 4082 μὴ
3347 4013 3641 4083 φθάσομεν
3670 4010 3738 4073 είς

2193 4107 2307 4174 τὴν
2367 4107 2711 4174 παρουσίαν
2764 4107 2871 4162 τοῦ
2928 4108 3172 4175 Κυρίου.
3216 4109 3484 4180 Καθάπερ
3519 4110 3627 4162 ἐκεῖ
3655 4104 3733 4165 τὸ,

2207 4202 2419 4273 Ἡμεῖς,
2444 4205 2862 4275 προσκείμενον,
2882 4203 2983 4258 οὐκ
3018 4204 3213 4277 ἀφίησι
3234 4205 3295 4259 16
3332 4207 3612 4279 εἰρημένον
3636 4200 3737 4273 περὶ

2195 4301 2418 4357 πάντων
2457 4302 2734 4371 λέγεσθαι,
2755 4301 2893 4356 ἀλλά
2935 4303 3059 4374 περὶ
3095 4304 3205 4357 τῶν
3224 4304 3453 4371 πιστῶν,
3475 4281 3566 4359 καὶ
3581 4299 3738 4370 ἐκείνῳ

2194 4399 2339 4461 κατὰ
2377 4399 2477 4470 τὴν
2522 4398 2795 4452 πολιτείαν
2834 4399 3087 4454 ἐοικότων
3108 4417 3123 4432 ο
3160 4400 3301 4455 οὕτω
3333 4404 3428 4457 καὶ
3446 4399 3659 4456 ἐνταῦθα
3673 4394 3737 4458 τὸν

2206 4494 2402 4564 Ἡμεῖς
2423 4497 2478 4549 οί
2500 4492 2735 4561 ζῶντες,
2757 4494 2883 4558 τοὺς
2902 4494 3045 4549 κατά
3059 4494 3151 4549 τὸν
3171 4496 3334 4551 Δαυῒδ
3354 4498 3520 4566 λέγει,
3540 4492 3738 4550 καὶτοὺς

2196 4593 2256 4645 ἐν
2276 4591 2447 4662 ἀρετῇ
2471 4588 2700 4653 ζῶντας.
2719 4589 2854 4644 Ἀπὸ
2871 4589 2978 4645 τοῦ
2995 4590 3113 4645 νῦν
3131 4591 3230 4646 καὶ
3263 4592 3375 4659 ἕως
3407 4592 3511 4647 τοῦ
3539 4589 3735 4650 αἰῶνος·

2210 4687 2375 4758 Ὁρᾷς
2413 4686 2510 4743 καὶ
2545 4684 2647 4755 τὴν
2687 4685 2983 4755 ἐπαγωγὴν
3022 4684 3183 4740 τοῦτο
3236 4686 3527 4757 δηλοῦσαν;
3564 4683 3735 4742 Τοῦτον

2196 4786 2378 4843 ποῖονζ
2404 4783 2527 4837 Ὅτι
2562 4781 2692 4852 περὶ
2712 4781 2822 4835 τῶν
2852 4783 2973 4837 κατ’
2994 4783 3196 4854 ἀρετὴν
3234 4782 3450 4848 ζώντων
3481 4784 3632 4851 λέγει.
3653 4775 3737 4830 Οὐ·

2197 4881 2307 4944 δεὶς
2328 4878 2459 4948 γοῦν
2479 4878 2569 4932 τὸν
2591 4876 2763 4931 αἰῶνα
2798 4878 2863 4949 ζῇ
2900 4879 3000 4949 τὴν
3030 4879 3174 4951 ζωὴν
3206 4881 3431 4950 ταύτην,
3452 4879 3560 4934 ἀλλ’
3576 4877 3737 4931 ἐκεῖνοι

2202 4977 2376 5047 μόνοι,
2390 4975 2440 5028 οἳ
2463 4973 2558 5033 καὶ
2576 4973 2867 5038 διαπαντὸς
2887 4973 3021 5038 ζῶσι
3042 4973 3138 5045 τὴν
3162 4976 3299 5046 μετά
3315 4975 3472 5044 δόξης
3490 4974 3638 5044 ζωήν.
3650 4964 3738 5022 Καὶ

2199 5070 2310 5142 γὰρ
2349 5070 2443 5125 καὶ
2483 5071 2533 5123 οἱ
2574 5068 2891 5140 ἁμαρτωλοὶ
2908 5068 3103 5134 ζῶσιν·
3125 5070 3238 5123 ἀλλ’
3258 5072 3316 5124 ἐν
3351 5069 3563 5124 κολάσει
3578 5064 3737 5119 x0111-

2202 5168 2406 5241 μωρίᾳ,
2432 5167 2526 5223 καὶ
2543 5167 2621 5237 τῷ
2641 5164 2861 5237 βρύχειν
2879 5167 3006 5229 τοὺς
3024 5165 3243 5231 ὀδόντας
3267 5183 3281 5197 ·
3321 5160 3465 5223 οὗτοι
3483 5163 3537 5217 δὲ
3554 5163 3607 5215 ἐν
3623 5160 3739 5227 λαμ·

2201 5266 2432 5336 πρότητι
2470 5265 2564 5321 καὶ
2604 5262 2953 5335 περιφανείᾳ,
2977 5261 3136 5334 ἔργον
3156 5261 3370 5333 ἔχοντες
3401 5262 3462 5315 16
3500 5257 3626 5332 μετά
3652 5252 3737 5307 τῶν

2202 5360 2511 5431 ἀσωμάτων
2545 5359 2828 5430 δυνάμεων
2867 5359 2994 5421 τοὺς
3038 5359 3334 5428 μυστικοὺς
3372 5355 3647 5426 ἀναφέρειν
3678 5342 3737 5413 τῷ

2200 5457 2317 5528 Θεῷ
2338 5455 2685 5526 ῦμνους.’¹1να
2702 5449 2796 5520 οῦν
2833 5454 2929 5509 καὶ
2967 5455 3127 5525 ἡμεῖς
3163 5455 3365 5525 ταύτης
3385 5448 3737 5513 ἀπολαύσωμεν

2198 5555 2298 5625 τῆς
2340 5557 2535 5625 χαρᾶς,
2555 5551 2760 5624 ταύτην
2798 5549 3079 5622 διώξωμεν
3115 5552 3215 5621 τὴν
3251 5549 3411 5620 ζωὴν,
3432 5548 3516 5601 ἵνα
3554 5542 3637 5596 καί
3667 5530 3735 5590 ἐπ’

2200 5651 2416 5719 ἐκείνην
2436 5648 2681 5722 ἔλθωμεν
2718 5632 2814 5722 τὴν
2853 5649 3025 5719 λῆξιν,
3046 5650 3115 5721 ἣν
3152 5647 3273 5703 οὔτε
3294 5648 3464 5715 λόγος,
3487 5640 3597 5696 οὔτε
3616 5632 3731 5692 νοῦς.

2203 5749 2325 5822 οὐτε
2366 5746 2556 5825 ἕτερον
2592 5746 2743 5800 οὐδὲν
2783 5747 3131 5820 παραστῆσαι
3169 5748 3464 5815 δυνήσεται,
3500 5725 3732 5797 ἀλλἐξὲῐῆ
