3956 6408
230 356 364 416 313

319 479 379 533 6.
418 473 603 531 Vidisti
619 480 813 543 quanta
842 471 912 524 sit
937 469 1015 524 vis
1040 466 1466 523 benedictionis?
1489 463 1828 545 Verba'cnim

228 568 368 637 ejus
394 567 525 620 ﬁunt
569 578 749 635 upera.
789 560 985 616 Caelum
1016 557 1230 629 quidem
1259 568 1407 617 certe
1451 556 1668 611 verbum
1713 555 1830 623 ejus

230 659 444 714 olfecit.
491 653 674 721 Verbo,
708 653 897 724 inquit,
921 650 1129 706 Domini
1149 650 1257 706 cali
1282 649 1468 718 ﬁrmati
1508 656 1621 702 sunt
1647 645 1826 718 (Psal.

229 752 337 808 52.
369 751 446 821 ϐ).
478 749 573 804 lllo
603 748 764 803 verbo
793 757 843 802 te
868 745 1163 809 benedicit,
1215 742 1355 813 quod
1389 749 1529 796 tanta
1559 748 1753 811 potest.

317 840 432 907 Quo
461 856 610 895 sensu
628 840 808 892 calum
834 839 898 891 sit
921 836 1012 894 Dei
1035 835 1397 890 habitaculum.
1438 832 1576 887 Deus
1595 847 1825 886 commu-

227 932 322 986 nis
363 931 721 984 universorum.
750 927 930 981 -24.
960 925 1170 982 Caelum
1208 926 1319 980 creti
1363 924 1582 978 Domino
1602 965 1616 990 ,
1646 932 1831 976 terram

225 1031 410 1075 autem
451 1019 586 1076 dedit
620 1018 742 1089 filiis
770 1018 1050 1073 hominum.
1091 1015 1229 1085 Quid
1267 1015 1644 1070 dicis?ca:lum
1670 1015 1832 1084 elegit

227 1112 347 1167 sibi
391 1109 786 1176 habitaculum,
813 1117 866 1164 et
892 1106 1257 1177 superioribus
1300 1104 1531 1175 acceptis
1570 1104 1828 1175 partibus,

228 1202 402 1258 nobis
425 1216 543 1271 qute
570 1201 657 1256 hic
694 1208 819 1255 sunt
843 1198 1170 1269 assignavit?
1214 1197 1392 1262 Absit;
1420 1212 1523 1250 non
1546 1197 1621 1251 ita
1645 1194 1826 1261 habet,

225 1293 336 1349 sed
382 1301 464 1348 est
490 1292 663 1347 oratio
689 1306 809 1361 qua:
837 1304 896 1346 se
918 1289 1146 1344 demittit
1170 1288 1235 1342 ad
1262 1294 1473 1357 captum
1505 1286 1827 1341 auditorum.

226 1386 290 1440 Si
336 1383 482 1439 enim
526 1383 595 1436 ita
632 1382 873 1448 haberet,
915 1378 1181 1450 quomodo
1216 1388 1383 1433 staret
1423 1377 1586 1442 aliud,
1631 1375 1772 1447 quod
1798 1392 1829 1431 a

230 1475 361 1529 Deo
408 1472 643 1528 dicitur?
689 1469 875 1525 Nonne
916 1472 1093 1525 malum
1134 1479 1178 1525 et
1213 1479 1397 1523 terram
1441 1468 1671 1535 impleo?
1708 1468 1831 1521 dicit

229 1564 501 1619 Dominus
530 1561 770 1633 (Jer.25.
798 1558 912 1632 24).
948 1560 1078 1614 Illud
1132 1560 1285 1614 enim
1327 1567 1408 1613 est
1458 1558 1583 1612 huic
1619 1566 1832 1612 contra-
1864 1622 1867 1623 ν

228 1655 408 1718 rium,
460 1653 506 1708 si
538 1652 588 1707 id
616 1651 980 1721 acceperimus
1009 1658 1164 1718 prout
1195 1649 1497 1714 verborum,
1541 1663 1659 1717 qua:
1679 1663 1738 1703 se
1763 1646 1830 1701 ad

229 1758 464 1798 manum
504 1742 676 1808 ol'I'ert,
724 1750 880 1797 sonat
925 1741 1302 1810 pronuntiatio,
1335 1749 1390 1795 et
1440 1755 1545 1794 non
1585 1738 1832 1795 conside-

228 1834 546 1890 raverimus
593 1842 826 1888 mentem
852 1848 970 1902 quae
1011 1842 1093 1886 est
1141 1833 1191 1885 in
1237 1831 1314 1885 eis
1358 1830 1650 1886 recondita.
1692 1829 1827 1898 Quid

228 1935 325 1982 est
357 1941 487 1997 ergo
508 1925 648 1996 quod
678 1924 807 1979 dicit
836 1942 849 1976 :
882 1923 1074 1979 Cretum
1108 1923 1231 1979 cwli
1253 1923 1493 1989 Domino,
1523 1934 1706 1977 terram
1738 1939 1833 1977 au-

230 2031 347 2073 tem
388 2018 526 2071 dedit
568 2018 690 2086 ﬁliis
720 2017 1014 2072 hominum?
1053 2016 1189 2073 Usus
1233 2027 1316 2072 est
1340 2018 1581 2073 oratione
1610 2032 1726 2086 (pta:
1771 2032 1830 2072 se

228 2109 477 2165 demittit
516 2109 580 2162 ad
610 2116 822 2178 captum
849 2108 1148 2163 auditorum
1170 2149 1185 2174 ,
1219 2123 1323 2162 non
1370 2109 1533 2163 Deum
1570 2109 1701 2162 cmlo
1744 2108 1831 2162 in-

227 2202 487 2258 cludens.
537 2201 720 2272 Neque
772 2202 914 2256 enim
950 2201 1102 2268 illud,
1135 2200 1326 2255 Cwlum
1347 2210 1418 2254 est
1447 2203 1657 2262 tlu'onus
1695 2200 1826 2271 ejus,

230 2304 281 2349 et
335 2303 470 2348 terra
505 2293 777 2348 sc’abellum
817 2294 1002 2364 pedum
1047 2295 1157 2361 ejus
1201 2292 1350 2364 (lsai.
1383 2292 1472 2348 66.
1502 2292 1599 2363 i):
1640 2308 1829 2364 quem-

230 2385 530 2441 admodum
576 2400 674 2439 nec
702 2385 851 2453 illud,
899 2384 1088 2440 Ctelum
1135 2393 1181 2438 et
1217 2395 1401 2438 (errant
1448 2385 1673 2455 impleo,
1730 2400 1830 2455 pro

230 2474 361 2546 ejus
387 2475 642 2546 dignitate
686 2475 882 2530 dictum
915 2487 1033 2530 est:
1074 2476 1168 2531 sed
1196 2476 1368 2547 ipsum
1395 2491 1605 2547 quoque
1629 2487 1712 2532 est
1733 2476 1827 2532 de-

230 2570 433 2625 missio
460 2569 525 2624 ad
551 2580 760 2639 captum
815 2569 1094 2624 auditoris.
1124 2569 1242 2639 ipse
1284 2571 1426 2626 enim
1456 2571 1632 2626 omnia
1654 2571 1830 2627 conti-

233 2670 358 2728 net,
402 2661 579 2716 omnia
622 2661 758 2726 fert,
791 2677 896 2715 non
938 2676 1102 2730 egens
1146 2662 1305 2729 loco,
1348 2663 1440 2717 sed
1485 2663 1598 2732 ipse
1648 2664 1829 2719 omnia

233 2754 404 2809 simul
451 2770 638 2825 regens
668 2764 722 2809 et
760 2755 1044 2810 moderans
1076 2773 1088 2810 :
1116 2755 1209 2810 sed
1253 2756 1447 2812 dicitur
1487 2759 1674 2813 caalum
1713 2760 1830 2830 ejus

233 2850 457 2915 domus,
486 2849 625 2919 quod
656 2850 725 2903 sit
753 2850 900 2904 locus
932 2866 1092 2919 purus
1120 2866 1150 2904 a
1192 2851 1340 2906 vitio.
1367 2853 1828 2919 Quemadmodum

235 2955 375 3011 ergo
416 2940 511 3013 hic
559 2956 664 2995 non
705 2951 785 2996 est
812 2942 1002 2996 caelum
1034 2942 1182 2997 locus
1230 2942 1297 2997 ab
1339 2959 1405 2998 eo
1445 2944 1720 3000 delectus:
1756 2948 1827 3003 ita

235 3047 345 3086 nec
394 3032 605 3101 quando
631 3033 757 3087 dicit
786 3051 798 3086 :
832 3034 1020 3089 Statuit
1041 3035 1279 3089 terminos
1306 3037 1529 3107 gentium
1552 3041 1828 3095 secundum

237 3140 506 3178 numerum
540 3126 834 3196 angelorum
876 3125 970 3180 Dei
993 3125 1171 3195 (Deut.
1218 3126 1307 3182 52.
1339 3127 1433 3198 8),
1487 3130 1602 3197 vel,
1663 3130 1828 3203 Elegit

244 3214 451 3268 domum
470 3213 627 3269 Iacob
660 3215 828 3287 (Psal.
860 3217 982 3271 154.
1011 3216 1088 3287 4).
1121 3217 1302 3288 Neque
1327 3220 1468 3274 enim
1496 3219 1583 3276 hic
1612 3226 1714 3277 hoc
1741 3225 1828 3279 di-

240 3306 342 3369 cit,
388 3305 596 3361 Judazos
646 3306 860 3376 quidem
905 3323 1025 3363 esse
1068 3310 1204 3378 ejus,
1236 3320 1459 3367 caeteros
1498 3324 1674 3369 autem
1723 3296 1826 3371 hu-

235 3399 416 3453 mines
440 3414 542 3453 non
578 3399 783 3463 itidem,
814 3400 909 3455 sed
937 3416 1056 3456 esse
1083 3402 1200 3472 ejus
1226 3404 1559 3473 providentia
1590 3418 1643 3463 et
1672 3410 1827 3477 opiﬁ-

233 3493 326 3545 cio
371 3491 693 3547 nudatosct
735 3494 988 3563 privatos.
1033 3493 1132 3549 Est
1173 3498 1315 3551 enim
1358 3502 1656 3555 communis
1703 3498 1827 3558 uni?-

235 3596 521 3638 versorum
543 3583 685 3639 Deus
711 3601 723 3637 :
759 3584 858 3639 hac
887 3593 1065 3640 autem
1100 3588 1340 3646 oratione
1369 3606 1495 3645 usus
1525 3601 1607 3648 est
1639 3605 1821 3650 osten-

229 3674 377 3730 dens
420 3691 573 3730 suum
606 3677 656 3729 in
688 3692 782 3731 eos
810 3691 1068 3743 amorem,
1099 3680 1524 3751 quandoquidem
1566 3686 1823 3742 videban-

230 3776 329 3821 tur
357 3766 850 3838 quomodocumque
888 3769 1005 3824 aliis
1044 3784 1165 3826 esse
1192 3772 1463 3828 meliores.
1503 3776 1652 3844 Quod
1678 3781 1820 3834 enim

228 3876 347 3914 non
393 3872 486 3913 eos
529 3860 674 3914 solos
702 3860 962 3931 elegerit,
993 3861 1087 3917 sed
1137 3864 1374 3919 omnium
1414 3881 1597 3922 curam
1646 3881 1817 3939 gerat,

226 3950 599 4008 ostenduntet
622 3968 740 4022 qua:
766 3966 891 4009 ante
918 3954 1118 4009 Mosem
1140 3954 1274 4011 facta
1303 3966 1428 4012 sunt
1461 3978 1473 4013 :
1508 3975 1614 4014 non
1645 3964 1822 4018 minus

225 4052 413 4096 autem
443 4042 730 4097 ostendunt
755 4052 809 4098 et
832 4060 949 4114 quae
975 4044 1090 4114 ejus
1113 4054 1351 4117 tempore
1379 4049 1594 4118 fiebant,
1622 4061 1677 4106 et
1701 4070 1821 4121 quae

225 4143 359 4205 post
377 4150 495 4189 eum
522 4135 653 4189 ﬁunt
682 4135 732 4189 in
757 4138 995 4206 singulis.
1020 4137 1199 4195 Selem
1218 4141 1381 4206 enim,
1409 4151 1623 4213 terram,
1650 4163 1815 4213 mare,

223 4226 338 4280 alia
365 4225 543 4280 omnia
572 4225 718 4281 dedit
745 4227 992 4282 omnibus
1015 4231 1392 4299 communiter,
1422 4233 1699 4306 legemque
1721 4255 1818 4294 na-

224 4329 367 4372 turae
394 4317 640 4372 omnibus
666 4317 907 4373 inseruit.
940 4319 1318 4387 Abrahamnm,
1343 4339 1464 4379 cum
1486 4336 1629 4382 esset
1656 4328 1815 4385 Persa

224 4406 333 4478 (a),
353 4414 407 4462 et
434 4409 650 4473 amavit,
677 4416 730 4463 et
753 4424 784 4462 a
809 4423 905 4463 sua
932 4410 1147 4480 regione
1177 4412 1409 4470 traduxit
1435 4416 1587 4487 (Gen.
1617 4420 1702 4474 12.
1739 4422 1813 4493 l):

222 4513 355 4554 nam
387 4505 441 4553 et
467 4497 768 4568 Egyptius,
801 4509 855 4554 et
883 4515 976 4555 eos
1006 4502 1094 4572 qui
1118 4504 1426 4562 habitabant
1454 4510 1505 4563 in
1539 4509 1812 4578 Chanaan,

221 4600 281 4644 et
317 4588 504 4644 Persas
529 4604 626 4659 per
671 4590 841 4659 ipsum
873 4593 1139 4660 correxit;
1172 4603 1227 4650 et
1255 4582 1443 4653 rursus
1472 4616 1565 4669 per
1607 4602 1722 4672 ejus
1750 4605 1815 4658 ﬁ-

222 4678 358 4733 lium
412 4687 466 4733 et
496 4689 742 4749 nepotem
770 4680 965 4736 multos
1012 4698 1075 4738 ex
1124 4685 1311 4740 vicinis
1357 4690 1608 4746 meliores
1635 4694 1814 4750 reddi-

221 4774 327 4839 dit,
359 4772 499 4842 quod
528 4772 739 4843 quidem
779 4775 845 4828 ad
875 4791 994 4830 eum
1037 4778 1265 4833 attinuit.
1296 4780 1396 4837 Ubi
1423 4792 1599 4838 autem
1635 4786 1812 4845 Moses

221 4879 441 4935 quoque
461 4873 617 4919 natus
656 4874 760 4933 est,
790 4875 910 4936 post
952 4866 1069 4923 hazc
1111 4886 1206 4940 per
1233 4886 1295 4927 ea
1342 4890 1460 4944 qua:
1483 4875 1681 4933 Iudaeis
1715 4880 1814 4937 ﬁe-

222 4958 374 5023 bant,
404 4954 632 5011 ducebat
668 4956 946 5028 AZgypIios
972 4961 1043 5021 {ad
1093 4962 1185 5017 Dei
1224 4966 1603 5035 cognitionem,
1631 4980 1685 5025 et
1716 4989 1809 5029 eos

219 5047 314 5117 qui
343 5055 495 5101 erant
536 5047 589 5100 in
618 5047 893 5104 Palaestina
914 5092 930 5118 ,
973 5062 1027 5107 et
1075 5066 1193 5123 post
1237 5055 1351 5112 haec
1380 5037 1565 5116 rursus
1596 5078 1689 5121 eos
1718 5067 1807 5134 qui

218 5155 376 5201 erant
408 5148 459 5203 in
491 5149 789 5223 Babylone.
836 5151 911 5207 ita
937 5154 1095 5209 etiam
1146 5157 1358 5225 quando
1401 5159 1564 5227 dicit,
1615 5162 1806 5219 Cwlum

218 5237 332 5291 caeli
359 5236 599 5308 Domino,
626 5242 887 5311 signiﬁcat
913 5259 972 5299 se
996 5255 1273 5314 propterea
1294 5250 1343 5303 in
1366 5250 1472 5306 illis
1499 5254 1803 5323 requiesce-

218 5343 300 5394 re,
326 5329 448 5399 quia
469 5340 595 5385 sunt
619 5333 687 5387 ab
716 5334 859 5388 omni
892 5336 1019 5389 vitio
1040 5336 1212 5391 liberi.
1241 5341 1542 5405 Quinetiam
1590 5351 1642 5396 tu
1664 5361 1801 5415 quo-

219 5432 324 5485 que
370 5419 415 5473 si
447 5435 551 5475 non
584 5430 742 5477 terra:
785 5423 975 5479 afﬁxus
1019 5426 1179 5481 fueris
1207 5430 1223 5459 ¹
1245 5469 1261 5495 ,
1290 5430 1382 5485 sed
1433 5433 1652 5503 angelus
1686 5436 1814 5490 efﬁ-'

280 5532 299 5602 ξ
335 5537 451 5593 tteg.
480 5533 633 5602 :ﬂgmin
654 5535 816 5599 etiam,
843 5542 895 5587 tu
915 5550 1117 5602 quoque,
1147 5542 1192 5589 si
1219 5556 1312 5594 non
1351 5543 1491 5595 homo
1512 5549 1800 5600 remanseris

217 5596 263 5639 et
282 5591 429 5656 terra}
449 5591 640 5656 alligata,
677 5605 774 5647 etc.

386 5651 723 5733 inﬂigit-I191]?
734 5657 905 5730 solere
923 5661 1307 5733 Chrysostomnrn
1319 5667 1563 5733 Chaldaeos
1578 5677 1629 5719 et
1652 5673 1797 5733 hab}:-

388 5715 795 5768 indiscriminatim
842 5711 1032 5773 vocare.
1057 5711 1796 5783 persas?'Liiiit’ﬁﬁt‘étiiciﬁﬁx

220 5772 427 5825 duldaea
452 5789 668 5828 venerat.

1344 341 1703 401 EXPOSITIO
1743 340 1806 395 IN
1846 337 2168 395 PSALMUM
2205 338 2389 394 CXIII.

3419 351 3522 403 514

1941 463 2120 524 ciaris.
2138 463 2445 518 celeriterin
2461 474 2648 518 cretum
2665 474 2716 519 et
2732 465 2950 520 domum
2964 476 3239 535 paternam
3260 481 3525 522 conscen-

1937 553 2032 608 des
2055 570 2069 604 :
2093 569 2157 608 ac
2167 553 2251 609 vel
2262 563 2385 608 ante
2401 556 2845 611 resurrectionem
2861 574 2924 612 ex
2956 557 3055 612 hoc
3068 558 3175 627 jam
3195 556 3315 613 loco
3330 558 3526 626 migra.

1937 645 2028 711 sti,
2043 658 2207 715 esque
2219 648 2536 701 auctoritate
2546 656 2601 702 et
2615 646 2871 718 dignitate
2888 639 3528 718 prmditus.Quemadmo-

1936 736 2063 791 dum
2091 736 2232 791 enim
2260 737 2413 791 multi
2444 753 2630 792 eorum
2661 740 2748 807 qui
2776 747 2896 793 sunt
2930 740 2980 792 in
3026 754 3309 794 numerum
3347 739 3525 807 magni

1936 838 2152 884 senatus
2170 829 2344 895 relati,
2371 830 2471 885 etsi
2504 830 2613 884 ruri
2641 829 2898 897 habitent,
2923 831 3119 887 habent
3148 838 3326 886 tamen
3348 830 3524 900 digni-

1937 928 2098 989 tatem
2129 937 2143 974 :
2167 921 2237 975 ita
2279 922 2324 975 si
2369 929 2429 975 tu
2456 936 2668 991 quoque
2697 921 2929 975 volueris
2957 935 3076 975 esse
3108 920 3240 976 civis
3267 921 3522 982 caelestis,

1936 1011 2143 1067 etiamsi
2171 1010 2258 1065 hic
2306 1010 2544 1076 habites,
2598 1011 2685 1064 illa
2730 1010 2989 1081 dignitate
3040 1010 3235 1065 fruere.
3268 1011 3359 1065 25.
3404 1009 3525 1064 Non

1916 1103 2122 1158 mortui
2143 1101 2423 1159 laudabunt
2444 1113 2510 1170 te,
2543 1102 2782 1170 Domine,
2810 1120 2966 1174 neque
2985 1120 3154 1158 omnes
3194 1104 3280 1174 qui
3321 1101 3526 1157 descen-

1937 1197 2063 1251 dunt
2090 1197 2143 1250 in
2167 1197 2447 1266 infernum.
2508 1192 2513 1197 ’

2008 1288 2155 1343 Mors
2171 1288 2301 1360 justi
2326 1305 2551 1343 somnus.
2588 1320 2659 1330 —
2692 1288 2782 1344 26.
2815 1279 2920 1345 Sed
2948 1306 3039 1342 nos
3064 1289 3151 1359 qui
3187 1288 3416 1354 uiuimus,
3446 1288 3523 1340 be-

1935 1378 2222 1432 nedicentus
2250 1377 2469 1434 Domino
2494 1396 2556 1434 ex
2587 1381 2682 1433 hoc
2711 1396 2844 1434 nunc
2887 1389 2934 1433 et
2959 1395 3114 1446 usque
3154 1380 3208 1432 in
3255 1379 3515 1434 stcculum.

1936 1470 2176 1525 Mortuus
2200 1469 2329 1525 dicit
2357 1485 2462 1524 non
2490 1485 2605 1535 eos,
2661 1471 2749 1541 qui
2778 1470 2883 1525 vita
2915 1470 3077 1525 functi
3105 1478 3268 1536 sunt,
3292 1468 3385 1523 sed
3408 1483 3523 1532 eos,

1934 1561 2023 1632 qui
2056 1562 2248 1615 mortui
2288 1571 2412 1615 sunt
2439 1561 2491 1615 in
2523 1553 2902 1630 impietatibus,
2932 1560 3012 1614 vel
3039 1576 3153 1626 eos,
3201 1560 3288 1630 qni
3317 1559 3369 1613 in
3398 1572 3525 1627 pec-

1935 1653 2070 1707 catis
2098 1653 2208 1707 suis
2237 1663 2598 1708 mareuerunt.
2627 1653 2793 1708 Erant
2822 1655 2964 1707 enim
3009 1651 3202 1707 mortui
3232 1649 3522 1714 Abraham,

1936 1743 2084 1799 Isaac
2102 1753 2154 1798 et
2173 1743 2371 1800 .lacob:
2399 1745 2466 1798 ita
2491 1755 2667 1799 tamen
2697 1744 2967 1809 vivebant,
2999 1753 3054 1798 ut
3081 1744 3291 1798 illorum
3323 1757 3525 1795 memo-

1934 1835 2068 1889 riam
2100 1834 2195 1900 ilii,
2226 1835 2316 1904 qui
2371 1836 2476 1889 vivi
2521 1843 2696 1902 erant,
2749 1844 3082 1906 peragerent.
3134 1835 3308 1889 Moses
3348 1834 3527 1904 itaque

1935 1922 2094 1981 orans
2123 1942 2220 1996 pro
2249 1927 2446 1997 populo
2474 1942 2631 1997 quem
2661 1927 2901 1997 regebat,
2947 1942 3042 1996 per
3067 1942 3163 1982 eos
3201 1926 3365 1980 Demn
3414 1925 3525 1994 pla-

1934 2026 2039 2084 cat,
2063 2033 2183 2072 cum
2208 2032 2303 2073 eos
2332 2017 2667 2073 adhibuisset
2694 2018 2746 2072 in
2776 2018 3021 2087 precibus
3051 2015 3242 2089 (Exod.
3276 2017 3363 2072 '52.
3410 2016 3521 2085 15).

1935 2107 2069 2164 Tres
2093 2123 2305 2179 quoque
2320 2109 2471 2179 pueri
2498 2119 2688 2179 rogant
2716 2118 2772 2163 ut
2788 2115 3004 2178 propter
3029 2123 3123 2163 eos
3148 2118 3447 2173 serventur,
3473 2115 3527 2160 et

1935 2199 2056 2254 ideo
2081 2199 2301 2253 dicunt:
2338 2199 2418 2253 Ne
2459 2202 2663 2271 auferas
2703 2198 3106 2253 misericordiam
3131 2208 3319 2251 tuama
3360 2199 3520 2261 nobis,

1935 2300 2140 2361 propter
2160 2289 2414 2343 Abraham
2434 2292 2671 2345 dilectum
2694 2301 2854 2356 tuum,
2874 2302 2921 2344 ct
2937 2302 3140 2361 propter
3160 2289 3310 2344 Isaac
3331 2308 3397 2344 scr
3410 2306 3524 2343 vum

1936 2392 2100 2449 tuum,
2125 2391 2170 2436 et
2202 2380 2369 2436 Israel
2386 2392 2616 2436 sanctum
2646 2395 2787 2437 luunt
2817 2382 2974 2453 (Dan.
3020 2385 3073 2438 5.
3097 2384 3212 2453 55).
3245 2383 3299 2436 Si
3344 2393 3521 2438 autem

1937 2482 2081 2529 tanta
2111 2483 2227 2530 erat
2266 2491 2454 2530 eorum
2499 2476 2759 2546 potentia,
2799 2477 3067 2546 quomodo
3104 2487 3257 2533 erant
3282 2480 3524 2533 mortui?

1935 2566 2004 2621 Et
2031 2581 2219 2621 rursus
2266 2567 2554 2622 Christus:
2602 2567 2728 2623 Sine
2780 2581 3003 2624 mortuos
3045 2570 3256 2640 sepelire
3300 2580 3524 2624 mortuos

1934 2657 2284 2727 suos(Matth.
2311 2661 2365 2713 8.
2388 2657 2502 2731 22).
2529 2659 2595 2713 Ει
2622 2658 2744 2714 ideo
2777 2659 2972 2714 Paulus
2997 2675 3092 2715 eos
3113 2661 3202 2731 qni
3224 2670 3348 2715 sunt
3375 2677 3520 2716 mor-

1935 2750 2033 2818 tui,
2059 2766 2163 2805 non
2194 2764 2351 2806 vocat
2378 2760 2640 2819 mortuos,
2673 2752 2767 2808 sed
2793 2769 2887 2808 eos
2911 2756 3000 2824 qui
3022 2754 3373 2817 dormierunt,
3394 2760 3522 2813 scri—

1933 2841 2067 2897 bens
2107 2860 2120 2896 :
2156 2842 2295 2897 Nolo
2339 2853 2507 2898 autem
2544 2862 2631 2898 vos
2672 2846 2937 2915 ignorare,
2970 2848 3185 2916 fratres,
3228 2848 3291 2901 de
3334 2849 3398 2902 iis
3439 2850 3523 2917 qui

1933 2933 2245 2988 dormierunt
2272 2935 2349 3004 (I.
2379 2934 2555 2991 Thess.
2576 2937 2632 2990 4.
2668 2934 2781 3009 12).
2813 2937 2998 2993 Justus
3022 2939 3161 2992 enim
3190 2940 3289 2994 etsi
3309 2940 3521 3005 obierit,

1933 3038 2039 3077 non
2092 3034 2332 3080 mortuus
2357 3034 2458 3092 est,
2488 3027 2581 3081 sed
2612 3026 2831 3081 dormit.
2881 3028 3089 3083 Dormit
3119 3029 3283 3095 enim,
3334 3032 3424 3101 qui
3456 3033 3520 3085 ad

1931 3115 2210 3171 meliorem
2261 3116 2427 3171 vitam
2455 3125 2539 3173 est
2571 3118 3032 3175 transmittendus.
3083 3119 3182 3186 Qui
3226 3131 3404 3177 autem
3454 3124 3519 3178 ad

1932 3209 2286 3265 immortalem
2338 3220 2565 3266 mortem
2611 3220 2692 3266 est
2734 3211 3103 3279 abducendus,
3162 3215 3320 3268 etiam
3371 3215 3518 3269 vivus

1931 3301 2093 3356 vitam
2116 3302 2303 3369 ﬁnivit,
2328 3312 2489 3359 etest
2512 3312 2773 3359 mortuus.
2807 3304 2884 3359 illi
2908 3304 3242 3361 descendunt
3268 3305 3332 3360 ad
3384 3306 3517 3362 infe-

1932 3411 2023 3451 ros
2055 3413 2069 3450 :
2100 3396 2154 3450 hi
2181 3396 2232 3450 in
2280 3397 2467 3452 caelum
2513 3397 2822 3465 ascendent,
2873 3407 2927 3452 et
2954 3408 3110 3454 erunt
3135 3413 3259 3454 cum
3286 3399 3515 3455 Christo.

1930 3489 1999 3544 Et
2024 3488 2145 3545 ideo
2174 3490 2431 3561 propheta
2458 3508 2565 3546 non
2593 3492 2728 3547 dixit
2748 3493 3009 3557 absolute,
3050 3494 3149 3560 Qui
3178 3496 3379 3558 vivunt,
3426 3494 3519 3551 sed

1930 3580 2150 3650 adjecit,
2182 3581 2313 3647 Nos,
2339 3582 2441 3637 hoc
2465 3582 2533 3638 de
2560 3597 2618 3638 se
2642 3583 2848 3638 dicens.
2891 3584 2960 3638 Et
3003 3599 3168 3654 quare
3214 3601 3318 3641 non
3365 3586 3517 3649 dixit,

1928 3673 2028 3740 Qui
2052 3674 2255 3738 vivunt,
2279 3675 2373 3729 sed
2399 3675 2615 3745 adjecit,
2647 3674 2795 3730 Nos?
2812 3676 3073 3743 Quoniam
3095 3677 3287 3731 Paulus
3310 3694 3520 3753 quoque

1928 3767 2005 3821 sic
2025 3766 2191 3821 dixit:
2223 3765 2336 3820 Nos
2361 3769 2444 3837 qui
2469 3768 2696 3833 vivimus,
2729 3769 2815 3837 qui
2839 3768 3019 3834 reliqui
3044 3784 3240 3832 sumus,
3266 3787 3364 3823 non
3388 3786 3516 3839 prat~

1926 3859 2178 3911 veniemus
2198 3858 2251 3911 in
2271 3858 2536 3911 adventum
2561 3858 2767 3912 Domini
2805 3859 2883 3929 (1.
2911 3860 3088 3915 Thess.
3110 3861 3284 3932 4.16).
3316 3863 3516 3928 Quem-

1926 3947 2211 4002 admodum
2260 3948 2368 4003 illic
2416 3949 2547 4003 illud
2574 3993 2588 4015 ,
2621 3948 2749 4016 Nos,
2780 3951 2922 4020 quod
2949 3952 3216 4022 adjectum
3259 3963 3362 4019 est,
3409 3970 3515 4009 nun

1924 4039 2053 4095 sinit
2076 4039 2127 4094 id
2150 4040 2292 4110 quod
2323 4040 2524 4095 dictum
2547 4050 2630 4097 est
2652 4042 2756 4098 diei
2784 4042 2849 4098 de
2874 4044 3142 4105 omnibus.
3172 4045 3265 4100 sed
3290 4046 3358 4100 de
3383 4047 3516 4101 lide-

1926 4130 2084 4195 libus,
2115 4142 2167 4187 et
2194 4133 2258 4187 iis
2289 4134 2379 4204 qui
2409 4142 2534 4188 sunt
2562 4134 2683 4188 vita:
2704 4135 2960 4190 institutis
2978 4136 3207 4205 similes,
3238 4138 3308 4192 ita
3354 4140 3513 4209 etiam

1924 4219 2014 4277 hic
2037 4221 2188 4288 illud,
2216 4221 2327 4277 Nos
2351 4224 2438 4295 qui
2466 4225 2692 4291 vivimus,
2718 4224 2849 4280 dicit
2872 4240 2986 4290 eos,
3006 4227 3095 4296 qui
3110 4227 3332 4296 perinde
3358 4236 3516 4300 atque

1924 4312 2091 4368 David
2115 4314 2166 4368 in
2190 4315 2382 4371 virtute
2409 4315 2570 4371 vitam
2598 4327 2780 4388 agunt.
2826 4319 2909 4374 Ex
2932 4319 3026 4374 hoc
3051 4337 3185 4374 nunc
3211 4332 3258 4375 et
3279 4339 3437 4391 usque
3462 4318 3515 4377 in

1923 4408 2188 4462 steculum.
2233 4407 2395 4464 Vides
2417 4410 2578 4464 etiam
2609 4410 2712 4466 hoc
2741 4411 2881 4481 quod
2909 4413 3203 4482 subjunxit,
3230 4414 3281 4468 id
3308 4411 3514 4484 signiﬁ-

1922 4497 2085 4553 care?
2132 4498 2445 4566 Quidnam?
2492 4498 2545 4553 Id
2571 4499 2675 4555 dici
2696 4501 2765 4555 de
2814 4502 2877 4557 iis
2902 4504 2992 4571 qui
3036 4504 3200 4558 vitam
3231 4503 3283 4558 in
3314 4510 3511 4561 virtute

1923 4590 2239 4661 transigunt.
2267 4591 2438 4646 Nemo
2465 4592 2606 4646 cnim
2637 4592 2724 4647 hic
2768 4593 2895 4648 vivit
2940 4595 2993 4649 in
3022 4595 3298 4663 sa‘culum,
3329 4597 3428 4653 sed
3475 4598 3512 4653 ii

1921 4681 2019 4735 soli
2042 4683 2132 4751 qui
2159 4683 2598 4751 perpetuo-vitam
2621 4692 2785 4754 agunt
2810 4700 2929 4739 cum
2949 4687 3139 4757 gloria.
3165 4688 3296 4744 Nam
3326 4704 3512 4760 pecca-

1923 4780 2066 4826 tores
2087 4786 2298 4841 quoque
2321 4773 2539 4839 vivunt;
2571 4775 2663 4829 sed
2694 4774 2747 4829 in
2776 4790 2953 4845 poena,
2989 4777 3273 4848 supplicio,
3302 4791 3355 4837 et
3382 4784 3508 4838 stri-

1918 4863 2051 4917 dore
2075 4863 2314 4918 dentium
2346 4882 2358 4919 :
2390 4865 2444 4918 lti
2487 4874 2665 4921 autem
2720 4868 2774 4922 in
2819 4870 3065 4926 claritate
3098 4883 3154 4928 et
3196 4874 3505 4944 splendore,

1919 4963 2108 5023 utpote
2134 4971 2358 5025 quorum
2399 4957 2470 5012 sit
2516 4974 2709 5016 munus
2756 4977 2859 5016 uua
2886 4978 3005 5017 cum
3047 4953 3374 5036 incorporeis
3419 4986 3506 5040 po-

1917 5046 2196 5102 testatibus
2222 5047 2419 5103 oii‘erre
2446 5050 2556 5103 Deo
2585 5049 2811 5121 hymnos
2858 5056 3133 5125 mysticus.
3161 5056 3228 5112 Ut
3252 5044 3380 5127 ergo
3409 5076 3506 5114 nos

1912 5153 2125 5208 quoque
2149 5137 2513 5196 fruamurhoc
2549 5144 2743 5212 gaudio
2769 5145 2808 5209 ί,
2857 5143 2992 5199 hanc
3036 5145 3198 5200 vitam
3228 5162 3503 5220 persequa-

1915 5244 2054 5294 mur,
2081 5237 2140 5285 ut
2159 5229 2225 5285 ad
2255 5230 2399 5285 illam
2426 5247 2640 5301 quoque
2661 5233 2785 5287 vita:
2814 5234 3177 5290 conditionem
3196 5240 3499 5303 veniamus.

1913 5334 2072 5388 quam
2100 5335 2199 5373 nec
2225 5334 2404 5375 sermo
2424 5321 2716 5390 explicare,
2741 5338 2912 5391 neque
2937 5339 3091 5378 mens
3116 5328 3369 5397 cogitare,
3404 5346 3503 5385 nec

1983 5424 2454 5506 {Allegylhocfes‘to
2600 5432 2784 5495 ἑορτῆς)
2802 5447 2827 5503 _:
2849 5447 2960 5497 quae
2991 5437 3145 5506 lectio
3170 5452 3266 5506 nun
3314 5442 3504 5506 impru-

2110 5484 2329 5561 Vvi'detur:
2366 5484 2847 5561 _l_llam_'qu_o'que'_'__in
2868 5484 3139 5561 fmarginev

1917 5545 2211 5618 Hemi-certe
2237 5545 2586 5618 indeligendo:
2614 5545 2732 5603 Nam
2758 5554 2899 5618 illud,
2928 5545 2980 5608 hi
2997 5545 3503 5618 inlini

1916 5607 2467 5686 ςξξρζρτειζφτςτμιρόςς
2505 5627 2710 5686 quorum
2728 5614 2796 5686 sit
2825 5607 2997 5670 nimius
3030 5607 3255 5686 una-cuni
3278 5607 3501 5686 {hihi-i563

1919 5671 2016 5749 τρέε
2038 5672 2291 5749 potestati!
2306 5671 2366 5721 us
2388 5671 2564 5749 oﬂ'eri'e
2586 5679 2687 5726 Ifeo
2720 5676 2923 5749 hymnos
2944 5671 3339 5749 inystirosrquiti
3357 5671 3498 5741 ἶιἸῖιῙά

2030 5729 2159 5807 vult,
2181 5745 2331 5807 .qnam
2371 5729 2565 5785 sanctos
2606 5752 2716 5787 eum

1916 5795 2152 5851 mjstieos
2179 5795 2283 5847 Uco
2318 5811 2519 5861 cauere,
2554 5807 2703 5862 atque
2732 5795 2857 5854 adeo
2889 5795 3069 5856 festum
3094 5795 3300 5873 'agere'l—
3322 5801 3335 5813 ”
