3956 6398
511 338 607 394 8ιό

502 447 790 518 quidquam
819 449 960 502 aliud
989 456 1162 518 potest
1189 448 1445 516 indicare,
1495 449 1590 506 sed
1619 451 1731 522 ipsa
1775 453 1888 508 sola
1929 469 2084 524 expc-

500 539 692 598 rientia
719 539 952 593 ostendit
977 539 1093 608 ejus
1119 539 1501 595 beatitudinem
1529 559 1542 593 :
1567 556 1726 612 quam
1747 543 1908 599 detur
1935 545 2088 601 nobis

500 628 750 682 omnibus
794 628 1004 696 assequi
1031 629 1198 696 gratia
1241 638 1295 691 et
1336 629 1620 686 clementia
1669 633 1880 688 Domini
1921 637 2086 690 nostri

501 721 628 776 Iesu
657 722 874 788 Christi,
915 723 998 776 cui
1050 722 1219 792 gloria
1247 733 1302 778 et
1327 727 1585 794 potentia,
1617 743 1759 783 nunc
1779 738 1832 783 et
1853 744 2086 801 semper,

497 824 553 868 et
578 815 628 869 in
654 815 844 870 saecula
871 815 1210 870 seculorum.
1239 819 1430 873 Amen.

959 927 1026 982 lN
1065 925 1388 984 PSALMUM
1427 927 1610 986 CXIV.

665 1035 718 1094 1.
745 1038 937 1108 Dilexi,
967 1041 1206 1110 quoniam
1235 1043 1464 1098 exaudiet
1485 1038 1734 1100 Dominus
1761 1062 1926 1102 vocem

1099 1135 1343 1188 orationis
1371 1151 1516 1188 mete.

571 1243 624 1296 i.
647 1243 776 1309 Quae
793 1245 1168 1301 ueresintnobis
1189 1247 1541 1302 conducibilia.
1555 1249 1697 1304 —-Et
1713 1251 1957 1321 quisnam
1983 1263 2084 1318 est,

493 1337 821 1410 iuquies,qui
837 1339 965 1394 dum
983 1339 1295 1408 exauditur,
1310 1357 1412 1396 non
1427 1341 1628 1413 diligit?
1641 1343 1786 1398 Multi
1803 1346 2087 1402 saeculares

497 1428 762 1486 homines.
794 1431 990 1486 Nolunt
1023 1433 1164 1487 enim
1189 1433 1375 1489 audire
1400 1450 1463 1489 ea
1493 1450 1614 1506 qua:
1639 1435 1746 1490 illis
1769 1431 2080 1500 conferunt,

497 1523 596 1578 sed
634 1532 822 1593 rogant
842 1525 1058 1595 quidem
1087 1536 1146 1578 ut.
1172 1541 1234 1580 ea
1262 1528 1529 1594 eveniant,
1557 1543 1675 1597 qua:
1699 1543 1806 1584 non
1835 1537 1960 1584 sunt
1985 1531 2086 1586 sibi

495 1615 850 1670 conducibilia
871 1634 885 1672 :
903 1615 1097 1672 deinde
1111 1619 1196 1672 ubi
1214 1619 1511 1684 evenerint,
1529 1629 1794 1691 anguntur
1808 1632 1862 1676 et
1877 1623 2086 1692 tristitia

497 1707 817 1762 afﬁciuntur.
841 1709 912 1762 Ea
941 1709 1083 1763 enim
1111 1719 1233 1765 sunt
1259 1711 1632 1779 conducibilia,
1665 1730 1787 1784 qua:
1818 1715 1960 1772 Deus
1987 1718 2088 1773 scit

496 1797 650 1852 nobis
665 1798 987 1866 conducere,
1003 1801 1116 1857 sive
1127 1801 1323 1858 dixeris
1342 1814 1728 1874 paupertatem,
1742 1809 1853 1864 sive
1872 1809 2081 1876 famem,

496 1891 610 1946 sive
635 1892 898 1956 morbum,
929 1895 1042 1949 sive
1069 1896 1440 1967 quodcumque
1460 1898 1602 1960 aliud
1645 1900 1927 1970 ejusmodi.
1957 1903 2087 1971 Quae

496 1991 672 2036 autem
709 1983 849 2038 Deus
877 1992 932 2038 ut
957 1985 1309 2042 conducibilia
1340 1989 1644 2056 probaverit
1689 2003 1743 2046 et
1767 1991 1994 2060 dederit,
2023 2009 2087 2049 ea

495 2087 620 2129 sunt
667 2077 838 2130 utilia.
883 2078 1018 2132 Audi
1065 2080 1206 2133 enim
1257 2081 1382 2149 quid
1412 2081 1550 2137 dicat
1580 2084 1745 2139 Paulo
1776 2086 1835 2142 ‘z
1891 2085 2087 2156 Suﬂicit

494 2166 584 2220 tibi
607 2168 772 2236 gratia
797 2184 907 2222 mea
929 2185 948 2223 :
975 2171 1132 2225 virtus
1151 2172 1284 2226 enim
1305 2189 1416 2227 mea
1445 2175 1496 2227 in
1522 2175 1814 2243 inﬁrmitate
1829 2179 2088 2246 perﬁcitur

491 2257 1005 2331 (2.Cor.12.9).ﬂmc
1016 2263 1158 2316 enim
1175 2263 1224 2318 ei
1241 2263 1609 2335 conferebant,
1623 2259 2081 2338 persequutiones,

491 2347 808 2405 afﬁictiones
833 2392 848 2416 ,
879 2361 932 2406 et
959 2353 1235 2422 angustiae.
1283 2355 1382 2421 Qui
1424 2357 1584 2411 etiam
1627 2373 1746 2413 cum
1795 2360 2088 2416 audivisset

498 2456 560 2496 ea
585 2441 858 2506 conferre,
881 2445 1092 2498 dicebat
1117 2461 1130 2496 :
1165 2446 1485 2517 Quapropter
1505 2449 1677 2516 placeo
1703 2451 1827 2503 mihi
1851 2452 1904 2504 in
1935 2452 2084 2521 inﬁr-

496 2533 772 2598 mitatibus,
802 2533 856 2588 in
884 2535 1201 2589 contumeliis
1223 2577 1237 2602 ,
1267 2537 1320 2590 in
1347 2541 1808 2608 persequutionibus
1833 2541 2002 2612 (Ibid.
2035 2560 2084 2599 υ.

497 2622 610 2693 10).
638 2623 754 2678 Non
781 2634 862 2678 est
885 2639 1014 2696 ergo
1045 2627 1404 2696 quorumlibet
1431 2631 1683 2700 gaudere,
1707 2633 1920 2702 quando
1949 2635 2086 2690 Deus

495 2728 592 2769 eos
616 2715 936 2782 exaudierit,
962 2718 1207 2786 prmbens
1233 2735 1352 2788 qua:
1378 2731 1500 2774 sunt
1525 2723 1904 2778 conducibilia.
1936 2727 2085 2782 Multi

493 2804 709 2875 quidem
739 2818 886 2862 certe
913 2808 1101 2862 volunt
1125 2823 1186 2863 ea
1208 2825 1326 2880 qua:
1351 2819 1474 2864 sunt
1499 2812 1724 2877 inutilia,
1754 2824 1809 2868 et
1833 2816 1910 2869 eis
1938 2816 2083 2872 dele-

493 2905 744 2952 ctantur:
777 2899 1037 2970 propheta
1067 2911 1245 2957 autem
1277 2919 1382 2956 non
1412 2905 1509 2968 sic,
1557 2906 1651 2960 sed
1681 2907 1844 2976 quid?
1871 2909 2081 2977 Dilexit,

496 2989 750 3058 quoniam
797 2991 1069 3046 exaudivit
1093 3009 1216 3047 eum
1251 2993 1413 3062 Deus,
1442 2995 1576 3051 dans
1595 3013 1713 3066 qua:
1751 3009 1876 3053 sunt
1913 3001 2082 3055 utilia.

493 3079 548 3134 2.
584 3080 717 3146 Quia
763 3082 1022 3136 inclinavit
1051 3100 1224 3137 aurem
1253 3102 1399 3138 suam
1427 3087 1568 3140 milii.
1611 3087 1867 3144 llumanis
1900 3107 2085 3146 rursus

493 3171 674 3226 verbis
698 3171 788 3226 Dei
833 3181 1018 3226 nutum
1049 3175 1301 3228 ostendit.
1328 3174 1396 3230 Et
1433 3177 1576 3232 aliud
1611 3196 1821 3250 quoque
1847 3197 1943 3251 per
1985 3181 2087 3238 hoc

495 3259 655 3314 etiam
681 3262 905 3316 verbum
949 3263 1178 3319 obscure
1211 3266 1500 3334 signiﬁcat,
1555 3269 1738 3326 dicens
1767 3290 1781 3326 :
1809 3273 1925 3328 Non
1967 3288 2085 3329 sum

495 3349 688 3420 dignus
714 3351 806 3420 qui
845 3352 1124 3419 exaudiar,
1159 3353 1270 3424 ipse
1321 3365 1496 3412 tamen
1542 3358 1820 3416 descendit
1866 3363 1932 3417 ad
1978 3381 2083 3419 mc.

499 3439 570 3494 Et
597 3441 650 3494 in
678 3441 854 3495 diebus
876 3444 998 3497 meis
1023 3445 1283 3500 invocabo.
1317 3447 1452 3515 Quid
1495 3459 1596 3516 est,
1623 3449 1688 3504 In
1736 3451 1910 3508 diebus
1929 3456 2088 3508 meis?

499 3531 614 3587 Non
653 3533 928 3603 quoniam,
973 3535 1162 3604 inquit,
1208 3539 1490 3594 exauditus
1539 3557 1679 3609 sum,
1727 3545 1995 3612 resiliam,
2035 3557 2088 3602 et

502 3626 724 3682 cvadam
765 3629 1120 3698 negligentior
1145 3648 1160 3684 :
1187 3631 1283 3687 sed
1315 3633 1562 3690 omnibus
1589 3635 1776 3692 diebus
1803 3638 1926 3692 vitae
1954 3655 2086 3694 meae

498 3717 601 3772 hoc
627 3733 820 3773 munus
848 3719 1029 3775 obibo.

568 3809 830 3865 Invocatio
853 3811 950 3866 Dei
977 3829 1008 3864 a
1044 3813 1191 3868 malis
1221 3814 1416 3870 liberat.
1447 3847 1519 3858 —-
1557 3819 1609 3874 5.
1643 3819 2088 3877 Circumdederunt

496 3917 577 3956 me
589 3901 789 3956 dolores
806 3903 1000 3968 mortis,
1025 3906 1251 3972 pericula
1271 3907 1456 3977 inferni
1475 3909 1765 3964 invenerunt
1783 3929 1880 3966 me.
1908 3913 2090 3968 Tribu-

497 3994 737 4048 lationem
764 4003 812 4048 et
834 3996 1060 4050 dolorem
1086 3997 1253 4050 inveni
1275 4014 1294 4050 :
1321 3999 1374 4052 4.
1398 4009 1443 4054 et
1489 4017 1668 4055 nomen
1695 4001 1903 4058 Domini
1947 4005 2088 4059 invo-

499 4082 626 4136 cavi.
657 4083 846 4138 Vidisti
873 4099 1020 4139 arma
1059 4087 1268 4142 valida?
1299 4089 1472 4144 vidisti
1519 4094 1940 4150 consolationem
1968 4111 2087 4166 quae

498 4175 658 4229 solvit
697 4190 1045 4246 qumcumque
1087 4189 1212 4234 sunt
1244 4183 1471 4250 gravia?
1503 4183 1680 4238 vidisti
1730 4189 1967 4241 animnm
1998 4189 2085 4243 in-

501 4264 828 4320 ﬂammatum
851 4265 1121 4325 desiderio
1151 4271 1400 4327 Domini?
1429 4274 1582 4342 Quod
1610 4287 1786 4332 autem
1829 4279 1976 4345 dicit,
2005 4289 2088 4335 est

500 4357 761 4428 ejusmodi
797 4379 808 4414 :
842 4361 1047 4417 Sufﬁcit
1088 4364 1217 4418 mihi
1270 4365 1336 4419 ad
1379 4366 1478 4421 hoc
1509 4376 1564 4421 ut
1603 4368 1796 4424 liberer
1835 4387 1863 4423 a
1893 4372 2080 4436 malis,

501 4465 622 4520 quae
673 4466 760 4506 me
783 4452 1147 4519 circumstant,
1205 4455 1368 4510 Deum
1407 4457 1676 4514 invocare.
1711 4459 1976 4526 Quidnam
2007 4469 2090 4516 est

501 4555 632 4612 ergo
661 4541 714 4595 in
757 4557 936 4608 causa,
989 4546 1127 4614 quod
1177 4561 1298 4600 cum
1351 4548 1518 4602 Deum
1569 4566 1712 4619 saepe
1757 4551 2086 4619 invocemus,

503 4630 725 4686 inime
747 4641 923 4690 tamen
953 4649 983 4688 a
1006 4636 1160 4691 malis
1183 4637 1511 4692 liberemur?
1531 4639 1789 4708 Quoniam
1816 4658 1921 4696 non
1941 4645 2091 4699 invo-

505 4738 694 4778 camus
720 4732 779 4777 ut
802 4735 1012 4794 oportet
1057 4729 1322 4784 invocare.
1353 4731 1484 4784 Nam
1515 4741 1573 4786 ut
1613 4733 1749 4788 scias
1779 4750 1900 4789 eum
1933 4752 2092 4806 para-

507 4825 618 4872 tum
651 4831 773 4872 esse
800 4833 1014 4887 semper
1044 4821 1304 4884 prmbere,
1337 4824 1457 4876 audi
1487 4825 1611 4893 quid
1659 4825 1799 4880 dicat
1829 4828 1882 4880 in
1913 4829 2091 4882 Evan-

503 4907 694 4976 geliis:
725 4905 850 4974 Quis
870 4917 940 4962 est
961 4925 1023 4962 ea:
1045 4911 1199 4972 vobis,
1242 4929 1273 4964 a
1293 4929 1390 4983 quo
1406 4915 1448 4967 si
1475 4916 1668 4986 petierit
1697 4917 1836 4983 ﬁlius
1871 4920 1977 4989 ejus
2000 4937 2094 4990 pa-

507 5017 641 5065 nem,
674 5016 796 5053 num
827 4999 1050 5068 lapidem
1075 5002 1213 5056 dabit
1241 5005 1322 5058 ei?
1347 5007 1424 5060 vel
1448 5007 1492 5060 si
1513 5009 1708 5076 petierit
1735 5016 1940 5080 piscem,
1972 5029 2095 5066 nam

502 5101 782 5163 serpentem
811 5093 948 5146 dabit
977 5095 1064 5148 ei?
1091 5094 1152 5150 Si
1174 5107 1340 5150 autem
1366 5114 1470 5163 vos,
1498 5115 1612 5152 cum
1637 5103 1746 5156 sitis
1771 5105 1915 5170 mali,
1949 5107 2092 5160 scitis

511 5182 640 5237 bona
668 5185 803 5239 dona
829 5186 951 5240 dare
972 5188 1094 5256 ﬁliis
1115 5189 1290 5244 vestris
1315 5205 1332 5242 :
1358 5191 1516 5245 multo
1544 5193 1703 5263 magis
1736 5193 1895 5250 Pater
1937 5207 2096 5251 uester

511 5273 594 5343 qui
645 5283 719 5329 est
767 5275 820 5328 in
858 5277 1016 5344 oculis,
1048 5277 1187 5332 dabit
1226 5279 1356 5333 bona
1383 5283 1658 5350 petentibus
1707 5301 1762 5338 se
1789 5285 2003 5354 (Matth.
2037 5288 2090 5342 7.

508 5360 541 5414 9
571 5392 591 5401 -
621 5365 736 5432 11).
767 5365 928 5422 Vides
974 5377 1174 5438 quanta
1217 5371 1287 5424 sit
1341 5371 1454 5440 ejus
1481 5373 1710 5442 bonitas,
1741 5390 1861 5430 cum
1911 5389 2094 5434 nostra

515 5465 635 5505 cum
666 5453 753 5509 illa
774 5457 968 5510 collata
991 5459 1233 5515 videatur
1275 5461 1629 5532 improbitas?
1677 5469 1936 5532 Quoniam
1967 5485 2098 5539 ergo

509 5543 640 5596 talis
666 5553 749 5598 est
789 5557 973 5602 noster
1027 5547 1302 5621 Dominus,
1332 5554 1396 5608 ad
1429 5571 1548 5610 eum
1589 5571 1802 5630 semper
1825 5559 2100 5632 confugia-

583 5706 872 5792 Liicjeg:
893 5719 1118 5792 et‘s‘avil'.
1173 5721 1274 5776 Alii.
1300 5721 1508 5792 faunis.
1551 5736 1755 5792 Utraque
1795 5731 1938 5781 lectio
1980 5733 2097 5782 ferri

517 5773 662 5830 [uisse
684 5772 904 5840 videtur;
927 5779 1017 5826 sed
1042 5782 1171 5839 prior
1195 5772 1504 5846 praeferenda
1519 5772 1612 5838 est.

1217 339 1276 393 S.
1317 339 1595 396 JOANNIS
1635 339 2105 399 Clll‘iYSOSTOMl
2139 337 2450 406 ARClllEl’.
2493 353 3031 424 CONSTANTINUP.

3369 559 3384 585 ,
3412 525 3464 575 et
3503 537 3611 581 etnu
3648 548 3724 586 ua.

2325 548 2338 553 _
2419 581 2430 592 I
2583 548 2604 564 .
2656 548 2818 554 ---πη
2848 548 3018 559 -.μ-..η
3063 548 3384 585 "numnunc,
3412 548 3464 575 υι
3503 548 3611 581 eum
3647 548 3724 600 pa-

2198 587 2371 692 ratu'm
2416 587 2748 692 inveniemus
2795 591 2862 648 ad
2912 611 3010 652 nos
3055 605 3360 663 servandos.
3401 609 3452 666 Si
3491 617 3617 672 enim
3653 624 3726 692 qui

2198 669 2527 781 naufragium
2566 675 2826 748 fecerunt,
2859 695 2912 740 ct
2935 688 2984 742 iu
3018 692 3194 748 tabula
3223 699 3514 771 vehuntur,
3539 724 3622 762 eos
3655 669 3724 781 qui

2198 763 2382 825 procul
2427 774 2552 819 sunt
2593 772 2772 826 statim
2801 789 3075 848 vocantes,
3109 790 3428 853 persuadent
3476 763 3531 850 ut
3573 763 3730 856 hunia-

2197 851 2360 908 nitate
2382 867 2634 916 utantur:
2667 865 2768 920 etsi
2801 867 2930 923 nihil
2977 851 3232 931 intercos
3273 895 3549 942 commune
3588 891 3729 947 inter-

2195 946 2367 1012 cedat,
2395 951 2489 1005 sed
2525 956 2638 1010 sola
2662 959 2965 1020 calamitate
3006 970 3114 1022 noti
3146 971 3162 1001 ί
3188 973 3294 1028 sint
3319 1017 3334 1043 ,
3378 989 3566 1048 quanto
3594 990 3734 1057 magis

2195 1038 2283 1106 qui
2323 1051 2406 1095 est
2454 1043 2714 1116 benignus
2743 1061 2797 1106 et
2837 1054 3112 1122 clemens,
3163 1071 3222 1117 et
3259 1038 3481 1124 naturali
3527 1038 3733 1133 bonitth

2197 1131 2380 1196 utitur,
2415 1149 2508 1190 eos
2537 1139 2724 1208 eripiet
2748 1144 2834 1212 qui
2875 1149 3123 1216 gravibus
3153 1156 3519 1225 opprimuntur
3545 1167 3732 1223 calami-

2197 1221 2410 1291 tatibus,
2439 1227 2482 1280 si
2511 1230 2672 1285 modo
2697 1233 2763 1287 ad
2792 1251 2912 1290 eum
2941 1221 3238 1314 confugere
3255 1251 3528 1316 voluerint.
3550 1267 3600 1312 et
3632 1275 3733 1316 cum

2195 1321 2320 1368 vere
2341 1330 2402 1370 ac
2424 1319 2630 1376 sincere
2654 1325 2919 1395 invocare,
2947 1330 3175 1390 humana
3197 1353 3294 1408 spe
3318 1343 3492 1398 relicta
3511 1347 3738 1415 ?Quando

2194 1415 2322 1473 ergo
2345 1406 2394 1460 in
2429 1409 2758 1479 inepinatum
2781 1418 2992 1489 aliquod
3025 1427 3219 1480 malum
3251 1430 3515 1497 incideris,
3546 1456 3605 1491 ne
3629 1443 3727 1493 ani-

2194 1507 2338 1548 mum
2370 1499 2618 1567 ahjicias,
2654 1507 2746 1560 sed
2780 1517 2925 1564 tuum
2957 1516 3136 1568 statim
3185 1521 3426 1588 spiritum
3456 1529 3651 1596 erigas,
3693 1542 3736 1586 et

2194 1589 2464 1659 confugias
2492 1594 2558 1648 ad
2593 1601 2939 1668 tranquillum
2973 1617 3202 1674 portum,
3232 1613 3322 1680 qui
3352 1617 3506 1670 nullis
3536 1589 3738 1688 agitatur

2193 1678 2475 1750 ﬂuctibus,
2524 1699 2578 1742 et
2625 1689 2690 1742 ad
2747 1697 2930 1748 turrim
2982 1678 3272 1770 numquam
3320 1678 3728 1779 expugnabilem,

2193 1787 2386 1840 nempe
2413 1773 2503 1829 Dei
2525 1779 2797 1836 auxilium.
2842 1785 2966 1840 ideo
2989 1790 3131 1844 enim
3173 1773 3414 1861 permisit
3449 1773 3504 1854 ut
3527 1802 3736 1868 caderes,

2194 1869 2252 1915 ut
2279 1873 2330 1916 tu
2359 1880 2478 1919 eum
2502 1867 2797 1928 invocares.
2831 1871 2936 1931 Sed
2985 1879 3227 1952 plerique
3261 1896 3386 1944 tunc
3424 1894 3638 1950 maxime
3665 1895 3738 1951 de-

2188 1953 2476 2027 jiciuntur,
2529 1972 2582 2016 et
2622 1980 2737 2019 eam
2769 1983 2869 2037 qua
2909 1974 3114 2040 prcediti
3147 1990 3301 2034 erant
3345 1981 3584 2050 pietatem
3630 1988 3739 2056 abji-

2191 2046 2337 2101 ciunt
2359 2051 2401 2116 ²,
2440 2067 2558 2107 cum
2583 2067 2768 2113 contra
2789 2061 2859 2115 sit
2887 2062 3205 2122 faciendum.
3234 2071 3494 2137 Quoniam
3512 2078 3639 2132 enim
3660 2095 3738 2134 nos

2191 2141 2344 2240 valde
2397 2155 2560 2212 amat,
2595 2148 2714 2204 ideo
2744 2155 3005 2222 permittit
3031 2167 3092 2212 ut
3119 2159 3440 2233 afﬂigantur,
3485 2179 3542 2222 ut
3571 2171 3613 2224 ei
3641 2187 3738 2240 per-

2192 2227 2383 2288 fectius
2413 2235 2814 2310 corl'jungamur.
2848 2245 2979 2301 Nam
3011 2260 3209 2308 matres
3248 2271 3462 2328 quoque
3488 2227 3739 2317 solenlin-

2191 2328 2425 2386 solentes
2465 2347 2662 2400 pueros
2711 2338 2938 2397 diversis
2971 2344 3131 2402 larvis
3160 2359 3538 2417 perterrentes,
3577 2371 3738 2426 cogere

2192 2432 2306 2484 eos,
2328 2430 2382 2474 ut
2411 2423 2478 2476 ad
2506 2439 2657 2480 suum
2685 2432 2945 2498 gremium
2973 2435 3300 2508 confugiant,
3326 2458 3433 2498 non
3451 2460 3540 2498 eos
3557 2423 3738 2516 quidem

2190 2509 2434 2566 volentes
2459 2517 2702 2572 molestia
2732 2521 2967 2589 afﬁcere,
3021 2528 3112 2582 sed
3145 2529 3245 2585 hoc
3299 2537 3666 2605 excogitantes,
3693 2545 3739 2590 ut

2192 2601 2290 2671 ipsi
2321 2606 2399 2660 eis
2424 2608 2694 2665 assideant
2723 2631 2735 2665 :
2769 2614 2836 2667 ita
2869 2617 3027 2672 etiam
3058 2619 3196 2676 Dens
3227 2625 3411 2680 volens
3435 2643 3630 2697 semper
3656 2642 3736 2682 nos

2191 2694 2291 2749 sibi
2319 2698 2842 2791 conjungereavelut
2879 2721 3086 2766 amator
3121 2707 3438 2785 vehemens,
3490 2694 3566 2776 vel
3592 2722 3737 2794 potius

2191 2797 2432 2845 amatore
2461 2797 2650 2862 quovis
2679 2797 3068 2870 vehementior,
3102 2811 3366 2875 permittit
3397 2821 3451 2866 ut
3497 2811 3560 2866 ad
3609 2812 3736 2865 talem

2193 2878 2450 2949 redigaris
2475 2889 2850 2944 necessitatem
2870 2933 2882 2954 ,
2939 2895 2997 2947 ut
3050 2907 3310 2966 perpetuo
3342 2915 3494 2956 vaces
3522 2901 3736 2965 orationi,

2191 2981 2244 3025 et
2274 2985 2394 3027 eum
2427 2978 2640 3034 assidue
2675 2981 2910 3050 invoccs,
2937 2997 2988 3041 et
3015 2987 3136 3042 aliis
3157 2989 3362 3048 relictis
3387 2995 3460 3050 sis
3487 2994 3550 3050 de
3577 3011 3634 3049 eo
3648 2993 3737 3048 sol-

2189 3062 2386 3121 licitus.
2420 3067 2462 3122 0
2493 3067 2727 3139 Domine,
2761 3075 2918 3130 libera
2945 3081 3168 3134 animam
3192 3099 3378 3138 meam.
3425 3088 3570 3141 Alius
3605 3089 3738 3140 inter-

2189 3169 2334 3227 pres,
2387 3159 2568 3230 Rogo,
2599 3162 2857 3235 Domine,
2909 3171 3044 3242 eripe
3089 3173 3314 3228 animam
3363 3192 3540 3230 meam.
3583 3177 3739 3240 Alius,

2194 3247 2239 3302 0
2267 3247 2506 3321 Domine,
2533 3257 2674 3309 salva
2695 3258 2918 3313 animam
2955 3279 3134 3316 meum.

2263 3343 2448 3396 Anima
2469 3362 2582 3399 cum
2607 3342 3026 3416 primisscrvetur
3051 3357 3312 3410 illa'sa.~—
3343 3361 3527 3414 Vidisti
3557 3358 3738 3430 sapien-

2196 3439 2302 3488 tem
2332 3439 2564 3492 animam
2584 3480 2598 3504 ,
2621 3443 2890 3509 quomodo
2916 3447 3113 3502 relictis
3136 3451 3384 3508 oxnnibus
3406 3469 3523 3524 qua:
3546 3453 3604 3506 ad
3629 3455 3739 3506 hanc

2193 3527 2356 3581 vitam
2387 3531 2672 3598 pertinent,
2708 3549 2868 3588 unum
2903 3545 3102 3592 tantum
3137 3541 3288 3608 petit,
3344 3554 3402 3598 ut
3451 3545 3616 3598 anima
3651 3556 3741 3596 ma-

2191 3627 2314 3672 neat
2343 3619 2502 3674 illarsa
2525 3663 2539 3686 ,
2573 3631 2627 3676 et
2657 3623 2784 3678 nihil
2816 3629 3044 3697 patiatur
3084 3646 3270 3685 eorum
3305 3651 3424 3704 qua:
3469 3637 3538 3690 illi
3581 3649 3740 3690 noceri:

2194 3711 2448 3778 possunt?
2470 3713 2523 3768 Si
2553 3715 2694 3768 enim
2723 3716 2860 3772 bene
2885 3719 3097 3786 haheat,
3122 3725 3324 3794 reliqua
3343 3729 3518 3780 omnia
3543 3742 3738 3796 sequen-

2194 3810 2298 3866 tur,
2333 3811 2390 3856 nt
2428 3805 2471 3858 si
2518 3819 2622 3858 non
2679 3808 2816 3863 bene
2863 3807 3090 3878 haheat,
3125 3814 3252 3867 nihil
3285 3831 3384 3871 nos
3401 3815 3540 3886 juvat
3570 3817 3740 3884 reliqua

2192 3895 2519 3961 prosperitas
2554 3914 2566 3950 :
2601 3905 2656 3952 et
2685 3899 2804 3954 ideo
2841 3901 2968 3956 nihil
3002 3919 3106 3957 non
3138 3905 3317 3962 dicere
3344 3917 3398 3962 ct
3427 3910 3592 3965 facere
3612 3921 3742 3975 Opor-

2195 3991 2288 4050 tet,
2313 3993 2500 4040 uteam
2519 4001 2920 4046 conservemus.
2952 3993 3063 4049 Hoc
3085 3999 3224 4050 enim
3257 3999 3430 4055 innuit
3449 4017 3562 4056 cum
3586 3997 3738 4054 dicit':

2194 4073 2368 4131 Estote
2397 4081 2683 4148 prudentes,
2740 4085 2868 4138 sicut
2917 4099 3170 4158 serpentes
3223 4090 3244 4163 (
3287 4091 3474 4148 Matth.
3510 4094 3590 4148 l0.
3629 4090 3738 4161 16).

2193 4165 2653 4231 Quemadmodum
2700 4175 2841 4228 enim
2885 4175 2970 4230 ille
3015 4177 3276 4248 reliquum
3306 4197 3502 4252 corpus
3529 4180 3740 4251 projicit.

2194 4268 2252 4312 ut
2283 4271 2438 4330 caput
2465 4275 2748 4320 conservet
2780 4285 2792 4319 :
2823 4268 2892 4320 ita
2924 4279 3132 4338 oportet
3163 4281 3214 4326 te
3242 4290 3451 4344 quoque
3471 4275 3571 4330 alia
3595 4270 3740 4327 omnia

2195 4351 2321 4407 dare
2346 4368 2440 4424 pro
2485 4356 2652 4411 salute
2681 4360 2894 4414 animm.
2935 4357 3118 4433 Neque
3149 4365 3288 4420 enim
3336 4377 3638 4438 paupertas,
3664 4376 3740 4416 nec

2196 4446 2434 4514 morbus,
2467 4463 2567 4504 nrc
2597 4450 2737 4518 quod
2767 4453 2974 4507 videtur
2999 4470 3118 4510 esse
3146 4465 3304 4526 caput
3345 4461 3573 4514 omnium
3603 4455 3739 4510 malo-

2194 4551 2312 4591 rum
2339 4581 2354 4606 ,
2408 4553 2555 4594 mors
2587 4543 2776 4610 poterit
2817 4559 2938 4598 eum
2991 4546 3078 4614 qui
3123 4547 3374 4603 ceciderit
3418 4543 3740 4611 offendere,si

2195 4627 2286 4682 illa
2313 4640 2698 4686 conservetur:
2727 4633 3170 4702 quemadmodum
3216 4653 3314 4693 nec
3357 4656 3421 4694 ex
3459 4641 3558 4692 vita
3576 4632 3738 4705 aliquid

2197 4723 2462 4776 commodi
2495 4727 2776 4794 percipies,
2811 4727 2854 4782 si
2883 4745 2941 4782 ea
2967 4729 3203 4798 perierit,
3238 4743 3556 4804 corruptave
3588 4728 3736 4786 luerit-

2199 4809 2320 4867 ldeo
2345 4815 2554 4868 caeteris
2591 4815 2788 4870 relictis
2811 4859 2826 4882 ,
2851 4819 2915 4872 de
2944 4834 3005 4872 ea
3031 4821 3188 4874 verba
3231 4823 3387 4889 facit,
3429 4834 3665 4893 rogatque
3699 4825 3739 4869 ut

2200 4919 2305 4958 non
2334 4906 2492 4961 nimis
2511 4908 2735 4962 aeriaah
2761 4927 2820 4963 ea
2848 4912 3088 4981 exigatur
3113 4915 3269 4982 ratio,
3302 4926 3355 4968 et
3381 4915 3448 4969 ab
3473 4907 3740 4968 intolerabi-

2199 4993 2338 5048 libus
2372 4995 2629 5052 liberetur
2669 5001 2962 5068 suppliciis.
3014 4999 3068 5056 5.
3122 4999 3413 5058 Misericors
3455 5004 3676 5057 Dominus
3705 5003 3740 5048 ci

2192 5085 2384 5156 justus,
2415 5097 2462 5140 et
2493 5083 2629 5141 Deus
2656 5101 2822 5142 noster
2849 5092 3123 5144 miseretur.
3159 5091 3316 5147 Vides
3342 5094 3598 5164 quomodo
3616 5089 3737 5141 (locri

2203 5180 2498 5235 auditorem
2525 5223 2538 5248 ’
2595 5191 2650 5235 ιη
2689 5199 2859 5252 ιιοψιρ
2907 5183 3190 5255 desperet,
3222 5201 3393 5256 neque
3435 5187 3501 5239 sit
3543 5179 3736 5252 ignavior

2203 5283 2257 5326 et
2283 5275 2670 5344 negligentior?
2702 5275 2812 5330 lloc
2839 5277 2980 5330 enim
3014 5293 3178 5347 prope
3207 5278 3353 5341 dicit,
3387 5277 3460 5332 Ne
3487 5277 3736 5343 desperes:

2203 5375 2284 5420 est
2331 5368 2472 5421 enim
2539 5368 2674 5421 lteus
2734 5369 3036 5423 misericors
3081 5388 3093 5419 :
3143 5385 3244 5424 nec
3300 5371 3374 5424 sis
3427 5368 3626 5437 Segnis;
3678 5367 3738 5412 ρει

2203 5458 2343 5512 enim
2367 5461 2564 5528 justus.
2597 5459 2779 5529 Itaque
2810 5461 2958 5514 istius
2988 5463 3247 5516 exscindit
3277 5461 3562 5516 socordiam
3592 5451 3741 5508 :illius

2270 5553 2287 5583 ³
2322 5553 2395 5602 Sic
2417 5558 2562 5614 negt;
2587 5559 2636 5602 at
2661 5553 2798 5610 editi,
2821 5551 2920 5603 sola
2937 5554 3208 5606 calamitate
3223 5551 3501 5605 miserandi.

2245 5615 2300 5684 di
2322 5612 2463 5684 savii.
2487 5612 2647 5684 reiicit
2669 5615 2728 5684 ad
2750 5618 3020 5678 marginem
3048 5621 3318 5667 membrum
3342 5615 3452 5675 hoc,
3473 5617 3517 5664 et
3545 5621 3724 5662 ean..."

2205 5675 2441 5746 pietatem
2452 5675 2698 5746 objiciunt.

2235 5737 2290 5846 αδ
2323 5721 2812 5799 ςέιέἰιίίἳῆὶίὲιῖέὶυεε
2843 5747 2940 5789 Hoc
2965 5740 3090 5790 enim
3113 5747 3183 5792 est
3207 5741 3331 5804 quod
3352 5738 3405 5790 in
3425 5735 3653 5798 Scriptura
3681 5721 3742 5774 ἁ

2274 5810 2348 5846 ur.
3640 5838 3647 5846 -

2207 5810 2348 5846 cuur.
3640 5838 3647 5847 -
