3956 6406
562 341 663 399 3H

556 460 792 532 ἀναιρεῖ,
813 457 1151 529 ἑκατέρωθεν
1171 458 1268 530 τὴν
1289 462 1561 532 σωτηρίαν
1581 462 1739 533 ήμῶν
1759 467 2135 537 πραγματευό-

562 568 742 623 μενος.

624 701 692 773 νβ’.
707 696 840 757 Εἶτα
859 701 1069 765 δεικνὺς
1089 702 1146 755 τὸ
1158 719 1295 772 προς
1308 705 1406 775 τὴν
1419 705 1611 773 φιλανθ
1618 710 1832 779 ρωπίαν
1846 712 1935 762 ἐπ.
1940 711 2134 783 ρῤεπέ-

557 812 645 847 στε
656 812 765 864 ρον,
787 795 983 861 ἐπάγει
1003 792 1164 847 πάλιν
1182 794 1356 863 λέγων
1377 812 1389 825 ·
1412 798 1522 850 Καὶ
1546 801 1579 851 ό
1602 798 1745 864 Θεὸς
1764 799 1934 869 ἡμῶν
1950 801 2126 857 ἐλεεῖ.

552 885 663 937 Καὶ
683 881 863 946 καλῶς
883 878 1036 966 εἶπεν
1057 899 1070 913 ⁸
1106 882 1159 934 Ὀ
1182 883 1325 950 Θεὸς
1346 884 1534 954 ἡμῶν,
1558 887 1694 958 πρὸς
1726 889 2132 966 ἀντιδιαστολὴν

550 971 656 1024 τῶν
696 970 854 1036 θεῶν,
877 964 950 1024 ὧν
990 970 1178 1040 πρώην
1213 971 1477 1042 ἐμνήσθη.
1506 972 1764 1039 Ἑκείνοις
1797 978 1897 1048 μὲν
1929 977 2037 1049 γάρ
2067 964 2131 1032 τὸ

552 1063 778 1131 σφάζειν
798 1063 891 1116 καὶ
910 1063 1171 1132 ἀναιρεῖν,
1198 1063 1289 1116 καὶ
1322 1064 1608 1134 ἀκήρυκτα
1644 1067 1899 1139 πολεμεῖν
1932 1068 2089 1139 ἔργον
2109 1086 2124 1101 ·

546 1153 718 1223 τούτῳ
737 1153 796 1206 δέ
815 1152 876 1206 τὸ
894 1152 1453 1223 φιλανθρωπεύεσθαι,
1475 1158 1570 1210 καὶ
1593 1159 2008 1227 συγγινώσκειν,
2031 1161 2126 1215 καὶ

548 1244 807 1299 κινδύνων
843 1242 1172 1317 ἐξαρπάζειν
1210 1245 1489 1317 διηνεκῶς·
1529 1250 1564 1302 ἀ
1599 1250 1666 1319 δὴ
1709 1250 1942 1321 μάλιστα
1985 1253 2124 1321 μετά

545 1335 655 1389 τῶν
690 1335 866 1389 ἄλλων
900 1335 1140 1389 δείκνυσι
1174 1338 1299 1400 τοὺς
1321 1339 1419 1408 μέν
1438 1339 1697 1410 δαίμονας
1716 1341 1875 1405 ὄντας
1896 1344 1990 1395 καὶ
2010 1343 2126 1396 ἀλι-

546 1428 767 1498 τηρίους
785 1468 800 1491 ,
842 1429 932 1482 τὸν
968 1428 1024 1481 δὲ
1057 1428 1329 1499 κηδεμόνα
1368 1431 1463 1484 καὶ
1499 1432 1813 1503 προστάτην
1859 1435 1952 1487 καὶ
1990 1434 2122 1490 Θεὸν

545 1519 795 1591 ἀληθινόν
809 1532 857 1575 ι.

613 1676 957 1731 Φυλάσσων
991 1680 1065 1732 τὰ
1106 1678 1295 1745 νήπια
1332 1681 1366 1733 ό
1378 1678 1621 1748 ’Κύριος
1642 1696 1657 1711 ·
1692 1681 2117 1751 ἐταπεινώθην,

541 1765 641 1820 καὶ
674 1766 872 1820 ἔσωσέ
906 1785 1001 1835 με.
1020 1768 1282 1823 Ἐνταῦθα
1305 1768 1560 1839 μέγιστον
1579 1768 1716 1835 εἶδος
1738 1774 1996 1844 προνοίας
2018 1775 2117 1827 αὐ-

539 1855 634 1910 τοῦ
664 1857 923 1911 ἀνακινεῖ.
943 1858 1158 1928 Ἐπειδὴ
1179 1858 1289 1929 γὰρ
1309 1855 1460 1913 εἶπεν
1480 1878 1492 1890 ·
1547 1861 1852 1931 Ἐλεήμων
1893 1864 1989 1919 καὶ
2032 1863 2119 1917 δί-

539 1965 730 2014 καιος,
750 1949 850 2002 καὶ
869 1949 1045 2008 ἐλεεῖ,
1066 1949 1327 2019 μεγίστης
1349 1949 1512 2003 αὐτοῦ
1533 1951 1940 2023 φιλανθρωπίας
1960 1953 2117 2025 ἔργον

535 2039 797 2093 δείκνυσι.
820 2040 979 2093 Ποῖον
1017 2039 1081 2111 δὴ
1116 2040 1302 2108 τοῦτο;
1326 2042 1399 2094 Τὸ
1418 2043 1527 2095 τῶν
1546 2043 1772 2113 νηπίων.
1791 2046 1980 2115 Ἡμεῖς
2018 2045 2117 2115 μὲν

534 2130 644 2202 γὰρ
682 2131 775 2185 καὶ
810 2131 967 2200 λόγον
1007 2130 1202 2203 ἔχομεν
1227 2133 1295 2186 τά
1318 2134 1415 2203 μὲν
1437 2134 1817 2203 φυλάττεσθαι,
1839 2137 1905 2190 τὰ
1924 2137 1980 2191 δὲ
2000 2137 2117 2190 ἐλέ-

535 2222 662 2275 σθαι
712 2222 1034 2276 παιδεύοντα
1058 2263 1073 2285 ,
1116 2224 1207 2277 καὶ
1246 2224 1314 2277 τὰ
1350 2226 1692 2296 ἐπερχόμενα
1730 2228 2115 2302 διακρούεσθαι

534 2314 703 2381 κακά,
725 2316 820 2368 καὶ⁵
837 2317 904 2368 τά
924 2315 1165 2387 παρόντα
1184 2316 1453 2381 διαλῦσαι,
1476 2319 1570 2372 καὶ
1595 2322 1745 2389 ἰσχὺν
1773 2322 2113 2391 κεκτήμεθα,

535 2404 634 2458 καὶ
656 2404 861 2476 τέχνας
900 2406 1241 2477 ἐπιστάμεθα
1261 2424 1275 2437 ·
1315 2407 1380 2461 τὰ
1416 2409 1471 2461 δὲ
1505 2410 1693 2463 παιδία
1712 2411 1914 2464 τούτων
1935 2411 2115 2483 ἔρημα

534 2498 776 2565 πάντων,
797 2497 874 2562 ώς
894 2499 1305 2571 ἀπροστάτευτα
1320 2515 1333 2529 ·
1356 2499 1492 2553 ἀλλά
1526 2500 1615 2554 διὰ
1648 2503 1867 2556 πάντων
1885 2501 2000 2572 ἔχει
2017 2502 2113 2556 τοῦ

534 2588 672 2642 Θεοῦ
690 2589 787 2661 τὴν
811 2590 1084 2660 πρόνοιαν,
1102 2586 1169 2662 ἦς
1191 2591 1239 2643 εἰ
1262 2591 1337 2662 μὴ
1361 2591 1600 2662 συνεχῶς
1618 2591 1918 2663 ἀπήλαυον,
1938 2593 2115 2647 πάντα

533 2679 600 2734 ἂν
621 2680 907 2734 ἀπολώλει.
930 2682 1041 2735 Καὶ
1073 2683 1181 2753 γὰρ
1219 2683 1313 2735 καὶ
1347 2683 1469 2753 δφις
1489 2683 1554 2736 ἂν
1574 2684 1837 2753 ἠφάνισεν
1857 2688 1915 2738 ἐν
1938 2703 2113 2758 σπαρ-

532 2772 719 2840 γάνοις
759 2773 839 2827 ἐτι
876 2772 935 2827 δν
968 2773 1029 2826 τὸ
1073 2772 1301 2841 παιδίον,
1324 2776 1419 2828 καὶ
1457 2775 1784 2839 κατοικίδιος
1821 2776 1990 2846 δρνις,
2021 2779 2115 2830 καὶ

531 2864 704 2919 πολλὰ
736 2865 842 2919 τῶν
875 2866 1148 2936 ἑρπόντων
1175 2865 1339 2937 ἕτερα
1356 2867 1466 2920 τῶν
1484 2868 1623 2921 κατά
1642 2867 1740 2930 τάς
1760 2868 1954 2932 οἰκίας.
1979 2869 2115 2922 Οὐδέ

529 2958 641 3029 γὰρ
662 2959 821 3029 ἀρκεῖ
839 2957 959 3011 οὐτε
976 2958 1197 3029 τροφὸς,
1216 2957 1338 3011 οὔτε
1362 2959 1563 3030 μήτηρ,
1586 2958 1710 3013 οὐτε
1730 2960 1911 3031 ἕτερος
1940 2962 2114 3025 οὐδεὶς

530 3051 948 3122 ἀπηρτισμένην
968 3049 1371 3104 ἐπιδείκνυσθαι
1412 3052 1543 3121 περὶ
1580 3051 1720 3104 αὐτά
1743 3052 2023 3123 πρόνοιαν,
2047 3053 2113 3107 ἀν

534 3139 610 3211 μὴ
627 3140 728 3211 τῆς
747 3139 950 3194 ἀνωθεν
970 3139 1216 3210 ἀπολαύῃ
1241 3139 1434 3211 ῥοπῆς.
1458 3140 1612 3205 Τινὲς
1630 3141 1688 3194 δέ
1708 3160 1838 3211 φασι
1860 3143 1954 3197 καὶ
1986 3143 2114 3215 περὶ

528 3228 638 3280 τῶν
658 3227 916 3297 ἐμϐρύων
935 3228 1030 3280 καὶ
1052 3228 1217 3297 μήπω
1254 3228 1363 3297 τῆς,
1391 3230 1629 3300 γαστρὸς
1649 3230 1969 3295 ἐξελθόντων
1989 3233 2108 3285 τοῦ·

529 3333 623 3370 τον
654 3317 905 3389 εἰρῆσθαι
940 3317 1031 3370 τδν
1062 3317 1240 3386 λόγον.
1278 3318 1735 3389 Ἐταπεινώθην,
1781 3323 1878 3375 καί
1916 3324 2115 3379 ἔσωσέ

527 3427 625 3481 με.
668 3410 783 3463 Οὐκ
804 3405 957 3462 εἶπεν
982 3409 1130 3462 ὀὐκ
1167 3408 1349 3463 εἴασεν
1387 3413 1466 3475 εἰς
1504 3412 1778 3477 κινδύνους
1816 3416 2109 3485 ἐμπεσεῖν·

529 3500 688 3564 ἀλλά,
705 3500 861 3553 Μετὰ
878 3499 939 3553 τὸ
956 3502 1212 3571 ἐμπεσεῖν
1230 3499 1505 3556 διέσωσεν.
1523 3503 1739 3575 Ἐπειδὴ
1759 3504 1867 3576 γάρ
1886 3502 2003 3560 εἷπε
2016 3508 2114 3579 τὴν

531 3591 759 3645 καθόλου
780 3590 947 3645 αὐτοῦ
969 3591 1247 3662 πρόνοιαν,
1266 3594 1362 3646 καὶ
1380 3595 1472 3647 ἐπὶ
1485 3593 1580 3648 τοῦ
1599 3596 1801 3649 οἰκείου
1819 3599 2111 3670 προσώπου

532 3684 762 3754 προάγει
795 3683 887 3736 τὸν
906 3682 1085 3751 λόγον,
1105 3684 1240 3756 ὅπερ
1260 3684 1381 3749 ἐθος
1400 3685 1547 3758 αὐτῷ
1567 3688 1677 3742 ἀπό
1695 3707 1753 3743 τε
1772 3690 1881 3745 τῶν
1900 3692 2114 3746 καθολι-

529 3774 663 3839 κῶν,
685 3774 793 3828 ἀπό
825 3793 886 3828 τε
924 3774 1034 3829 τῶν
1073 3777 1315 3848 μερικῶν
1332 3778 1506 3833 ταῦτα
1528 3784 1801 3854 συνιστᾷν.
1823 3783 1916 3855 Μὴ
1935 3785 2112 3839 τοίνυν

528 3864 669 3935 μηδὲ
710 3864 773 3918 σὺ
809 3864 960 3936 ζήτει
999 3864 1091 3918 τὸν
1131 3865 1315 3930 ἀδείας
1332 3866 1570 3939 γέμοντα
1591 3868 1737 3939 βίον
1775 3872 1835 3924 οὐ
1867 3873 1975 3943 γάρ
1997 3874 2113 3926 ἐστί

529 3971 614 4008 σοι
633 3954 926 4018 λυσιτελές.
942 3956 1004 4008 Εἰ
1023 3955 1131 4027 γὰρ
1150 3959 1261 4021 τοῖς
1281 3961 1588 4030 προφήταις
1605 3962 1706 4015 οὐκ
1721 3957 1790 4033 ἦν
1810 3963 2109 4034 συμφέρον,

528 4043 712 4114 πολλῷ
755 4045 953 4115 μᾶλλον
973 4046 1055 4098 σοί
1063 4046 1205 4100 ,Ὅτι
1226 4047 1334 4120 γὰρ
1353 4051 1453 4102 οὐκ
1472 4046 1540 4120 ἦν
1561 4053 1858 4123 συμφέρον,
1880 4054 2112 4109 ἄκουσον

528 4136 584 4189 τί
604 4152 797 4207 φησιν·
848 4138 1100 4207 Ἀγαθόν
1127 4157 1249 4208 μοι,
1271 4139 1362 4193 ὅτι
1393 4141 1804 4210 ἐταπείνωσάς
1828 4162 1927 4213 με,
1952 4146 2113 4214 ὅπως

506 4226 609 4291 ,ἂν
638 4228 804 4297 μάθω
844 4227 917 4281 τὰ
950 4227 1307 4298 δικαιώματά
1344 4247 1481 4285 σου.
1505 4232 1678 4300 Διπλῆ
1719 4235 1752 4303 ή
1792 4235 2110 4307 εὐχαριστία

526 4316 782 4382 ἐνταῦθα,
804 4318 886 4370 ὅτι
919 4316 1102 4371 εἴασεν
1143 4320 1405 4389 ἐμπεσεῖν
1441 4322 1522 4383 εἰς
1565 4321 1863 4387 κινδύνους,
1898 4327 1993 4379 καὶ
2027 4327 2109 4381 ὄτι

533 4409 837 4481 ἐμπεσόντα
854 4409 914 4462 οὐ
932 4409 1241 4462 κατέλιπεν.
1261 4411 1568 4484 Ἀμφότερα
1586 4413 1642 4466 δέ
1661 4432 1776 4477 πως
1792 4417 2109 4487 εὐεργεσίας

525 4493 685 4565 εἶδος,
706 4501 800 4554 καὶ
835 4501 931 4555 τοῦ
958 4501 1107 4555 δευτέ
1117 4519 1208 4573 ρου
1229 4502 1290 4555 τὸ
1310 4503 1571 4576 πρότερον
1590 4508 1690 4560 οὐκ
1709 4506 1947 4573 ἔλαττον,
1970 4510 2106 4577 ἀλλ’,

526 4593 577 4643 εί
615 4592 697 4645 δεῖ
733 4609 787 4645 τι
823 4594 918 4646 καὶ.
956 4592 1105 4665 [506]
1145 4594 1456 4666 θαυμαστὸν
1475 4600 1669 4660 εἰπεῖν,
1695 4600 1788 4652 καὶ
1810 4601 2010 4670 μεῖζον.
2035 4603 2109 4657 Τὸ

531 4681 631 4752 μὲν
648 4683 760 4752 γάρ
781 4684 1056 4747 κινδύνους
1074 4685 1306 4750 διέλυσε,
1328 4686 1388 4739 τὸ
1405 4687 1463 4740 δὲ
1480 4687 1579 4759 τὴν
1597 4689 1775 4760 ψυχὴν
1809 4691 2110 4761 φιλοσοφω-

525 4775 691 4846 τέραν
727 4777 1038 4847 εἰργάσατο.
1057 4778 1474 4846 Ἐπίστρεψον,
1502 4781 1672 4849 ψυχή
1700 4800 1843 4849 μου,
1865 4786 1952 4849 εὶς
1993 4784 2109 4852 τὴν

524 4866 879 4921 ἀνάπαυσιν
915 4881 1050 4933 σου,
1089 4868 1178 4922 ὅτι
1220 4872 1437 4939 Κύριος
1470 4874 1835 4942 εὐηργέτησε
1863 4893 1957 4929 σε.
1980 4878 2109 4931 Ὅτι

523 4958 820 5026 ὲρῤύσατο
872 4958 987 5026 τὴν
1044 4960 1258 5030 ψυχήν
1312 4980 1431 5031 μου
1469 4963 1586 5016 ἀπὸ
1625 4964 1885 5019 θανάτου
1910 5010 1924 5032 ,
1965 4967 2107 5035 τοὺς

524 5048 874 5118 ὀφθαλμούς
898 5068 1018 5119 μου
1049 5052 1169 5105 ἀπὸ
1188 5051 1480 5122 δακρύων,
1501 5054 1597 5108 καί
1622 5056 1761 5118 τοὺς
1782 5057 1972 5124 πόδας
1983 5077 2104 5128 μου

523 5143 641 5197 ἀπὸ
682 5142 1104 5212 ὀλισθήματος.
1139 5145 1544 5214 Εὐαρεστήσω
1584 5146 1842 5202 ἐνώπιον
1881 5152 2105 5218 Κυρίου

523 5235 596 5287 ἐν
633 5234 793 5303 χώρᾳ
828 5232 1075 5294 ζώντων.
1092 5237 1152 5289 '0
1196 5236 1295 5307 μέν
1326 5237 1425 5307 τῆς
1466 5238 1703 5307 ἱστορίας
1743 5239 1900 5307 λόγος
1929 5241 2105 5312 δεινὴν

526 5325 845 5397 ἀπαλλαγήν
884 5343 1036 5398 φησι,
1060 5327 1152 5380 καὶ
1190 5326 1375 5381 ἄνεσίν
1402 5345 1525 5381 τινα
1561 5329 1655 5381 καὶ
1685 5329 2017 5400 ἐλευθερίαν.
2043 5331 2109 5384 Εἰ

527 5411 584 5464 δέ
623 5432 703 5478 τις
745 5416 886 5470 κατά
926 5417 1215 5487 ἀναγωγὴν
1246 5417 1406 5471 αὐτὸν
1426 5416 1667 5485 ἐκλάϐοι,
1685 5419 1969 5491 δυνήσεται
2006 5421 2104 5490 τὴν

601 5743 626 5771 ⁸
656 5747 801 5801 SaVil.
826 5758 905 5804 καὶ
926 5758 1075 5811 ὅντως
1095 5759 1233 5824 Θεὸντ

1263 340 1320 398 s.
1359 341 1643 399 JOANNIS
1680 302 2114 402 cmivsosma

2216 345 2533 404 ARCHIEP.
2572 347 3114 406 CONSTANTINOP.

3677 364 3767 425 318

2238 470 2484 525 ἐντεῦθεν
2521 469 2828 540 ἀποδημίαν
2866 467 3133 539 λύτρωσιν
3173 464 3367 536 λέγειν,
3387 469 3477 522 καὶ
3494 471 3761 528 ἀνάπαυσιν

2232 560 2432 630 ταύτην
2452 559 2655 613 καλεῖν.
2675 558 2986 629 Ἀπαλλαγὴ
3006 559 3113 629 γάρ
3132 561 3247 611 ἐστι
3267 559 3477 613 πάντων
3496 560 3592 613 τῶν
3606 562 3761 635 ἀδοκίγ

2230 671 2337 708 των
2366 654 2422 707 δε
2431 652 2574 710 ινῶν.
2597 655 2690 706 καὶ
2709 653 2810 705 οὐκ
2831 651 2909 705 ἔτι
2928 653 2996 723 τῇ
3016 651 3210 722 ἀδηλίᾳ
3227 650 3404 703 λοιπὸν
3423 652 3698 715 ὑπόκειται,
3714 656 3763 707 ἐν

2230 745 2501 817 ἀσφαλείᾳ
2518 743 2777 814 γεγονὼς,
2792 745 2820 797 6
2839 743 2978 815 μετά
2992 743 3234 814 χρηστῆς
3254 742 3547 805 καταλύσας
3562 743 3759 806 ἐλπίδος.

2229 839 2293 891 Εἰ
2330 837 2438 910 γάρ
2471 838 2563 891 καὶ
2600 835 2659 903 ἐξ
2688 836 2961 907 ἁμαρτίας
2982 838 3012 889 6
3030 835 3255 897 θάνατος
3276 835 3647 904 εἰσενήνεκται,
3667 836 3761 888 ἀλλ’

2227 929 2376 999 ὅμως
2411 931 2487 992 εἰς
2518 928 2836 999 εὐεργεσίαν
2854 927 3011 999 ήμῶν
3032 926 3179 996 αὐτῷ
3196 929 3225 980 6
3244 926 3374 989 Θεὸς
3395 927 3666 996 ἐχρήσατο.
3684 926 3763 979 Διὰ

2226 1017 2290 1089 δὴ
2328 1016 2486 1070 τοῦτο
2522 1017 2621 1070 οὐκ
2661 1016 2809 1087 αὐτῷ
2844 1017 3002 1086 μόνον
3020 1014 3285 1086 ἠρκέσθη,
3306 1014 3443 1070 ἀλλά
3462 1014 3652 1067 καὶτὸν
3670 1013 3763 1083 βίον

2227 1106 2520 1177 ἐπίμοχθον
2557 1106 2832 1174 ἐποίησεν,
2854 1106 2942 1159 ἴνα
2983 1105 3179 1177 μάθῃς,
3199 1104 3281 1157 ὅτι
3322 1105 3441 1158 οὐδὲ
3458 1104 3517 1157 τὸ
3536 1106 3764 1175 πρότερον

2227 1197 2602 1269 συνεχώρησεν
2622 1196 2708 1263 ἀν,
2731 1197 2779 1249 εἰ
2801 1195 2874 1266 μή
2897 1194 3100 1267 σφόδρα
3117 1196 3382 1266 χρήσιμον
3414 1191 3483 1266 ἦν
3519 1195 3660 1267 παρά
3684 1196 3764 1268 τὴν

2225 1289 2389 1343 αὐτοῦ
2412 1288 2604 1358 σοφίαν
2623 1289 2781 1343 τοῦτο
2799 1287 3106 1356 γενόμενον.
3130 1287 3230 1339 Διά
3248 1286 3310 1353 δὴ
3330 1286 3485 1341 τοῦτο
3503 1288 3684 1341 εἰπών·
3700 1283 3767 1360 ᾟ

2223 1378 2302 1433 ἂν
2318 1378 2509 1448 ἡμέρᾳ
2539 1377 2721 1447 φάγῃ,
2744 1375 2976 1442 θανάτῳ
2997 1374 3295 1443 ἀποθανῇ,
3315 1377 3415 1429 οὐκ
3448 1376 3672 1449 ἠρκέσθη
3701 1378 3766 1448 τῷ

2222 1470 2482 1539 ἐπιτιμίῳ
2499 1486 2512 1500 ·
2554 1467 2612 1521 τὸ
2630 1469 2739 1540 γὰρ
2756 1468 3028 1539 ἐπιτίμιον
3045 1467 3202 1520 τοῦτο
3217 1462 3286 1537 ἦν
3303 1481 3318 1496 ·
3353 1467 3445 1536 Γῆ
3481 1468 3551 1531 εἷ,
3575 1471 3663 1523 καὶ
3693 1471 3765 1534 εἰς

2223 1560 2340 1630 γῆν
2373 1561 2715 1628 ἀπελεύσῃ·
2756 1558 2850 1614 νῦν
2886 1559 2944 1613 δὲ
2981 1558 3076 1612 καὶ
3112 1557 3297 1629 ἓτερον
3335 1558 3571 1613 δείκνυσι
3587 1559 3762 1628 λέγων’

2234 1652 2329 1704 Ἐν
2366 1651 2562 1719 ἱδρῶτι
2597 1651 2703 1705 τοῦ
2740 1650 3063 1719 προσώπου
3115 1664 3232 1704 σου
3280 1647 3444 1720 φάγῃ
3480 1652 3584 1704 τὸν
3612 1652 3764 1718 ἄρτον

2219 1758 2358 1797 σου.
2376 1744 2656 1809 Ἀκάνθας
2692 1744 2790 1797 καὶ
2833 1744 3143 1811 τριϐόλους
3160 1741 3442 1798 ἀνατελεῖ
3455 1758 3551 1796 σοι
3567 1758 3578 1771 ·
3599 1744 3663 1796 ἐν
3674 1744 3763 1798 λύ-

2220 1856 2359 1906 παις
2394 1839 2554 1909 φάγῃ
2593 1839 2803 1905 αὑτήν.
2827 1840 2936 1893 Καὶ
2956 1842 3021 1911 τῇ
3043 1841 3260 1909 γυναικὶ
3287 1836 3411 1893 εἷπε
3432 1857 3447 1871 ο
3470 1842 3763 1907 Πληθύνων

2219 1931 2507 1999 πληθυνῶ
2526 1930 2630 1995 τὰς
2648 1931 2849 1996 λύπας
2871 1945 3008 1993 σου,
3033 1928 3129 1984 καὶ
3163 1932 3269 1985 τὸν
3300 1934 3632 2003 στεναγμόν
3646 1946 3757 1985 σου.

2231 2021 2329 2072 Ἐν
2344 2022 2567 2085 λύπαις
2588 2018 2731 2086 τέξῃ
2752 2019 2953 2074 τέκνα.
2977 2021 3051 2072 υύ
3072 2020 3179 2090 γάρ
3204 2020 3388 2074 ἱκανὸν
3406 2018 3475 2092 ἦν
3492 2022 3655 2074 ἐκεῖνο
3681 2021 3760 2073 αὐ·

2216 2111 2342 2175 τοὺς
2365 2109 2715 2183 σωφρονίσαι.
2735 2108 2970 2172 Πολλοὺς
2988 2107 3117 2176 γοῦν
3137 2110 3353 2181 ὁρῶμεν
3371 2110 3542 2182 ταύτῃ
3565 2110 3761 2181 μάλιστα

2216 2203 2530 2273 γινομένους
2553 2200 2810 2271 βελτίους.
2830 2201 2887 2254 Ὀ
2909 2202 3016 2272 γὰρ
3036 2200 3264 2263 θάνατος
3280 2202 3604 2273 ἀναισθησίᾳ
3617 2220 3760 2273 παρα-

2216 2297 2452 2357 δίδωσιν,
2473 2294 2695 2347 ἐπειδὰν
2734 2291 2935 2365 ἐπέλθῃ
2964 2311 2976 2323 ’
3011 2292 3183 2345 ταῦτα
3218 2292 3273 2345 δὲ
3312 2289 3524 2356 ζῶντας
3556 2293 3759 2363 βελτίους

2217 2387 2527 2458 ἐργάζεται.
2549 2385 2612 2439 Εἰ
2633 2384 2689 2437 δέ
2711 2383 2838 2452 φοδε
2848 2384 2938 2455 ρδν
2959 2383 3018 2437 τὸ
3038 2385 3269 2456 πρᾶγμα
3297 2377 3443 2438 εἶναι
3458 2385 3616 2445 δοκεῖ.
3639 2385 3760 2455 παρὰ

2215 2477 2312 2547 τὴν
2344 2474 2625 2528 ἀσθένειαν
2661 2473 2769 2526 τῶν
2805 2471 2949 2526 οὕτω
2985 2472 3369 2543 διακειμένων.
3393 2474 3512 2527 Ὀτι
3547 2475 3646 2545 γὰρ
3679 2472 3759 2540 τῆς

2216 2567 2496 2631 ἀσθενείας
2518 2564 2587 2639 ἦν
2606 2569 2634 2619 6
2654 2564 2838 2635 φόϐος,
2862 2565 3090 2619 ἄκουσον
3111 2564 3352 2632 Παύλου,
3377 2567 3470 2619 καὶ
3504 2566 3757 2636 εὐχομένου

2217 2658 2394 2723 τοῦτο,
2416 2658 2511 2711 καὶ
2548 2657 2848 2728 χαίροντος,
2879 2655 2953 2719 ὡς
2990 2656 3116 2708 ὅταν
3150 2654 3315 2727 λέγῃ·
3360 2657 3433 2710 Τὸ
3473 2656 3756 2719 ἀναλῦσαι,

2218 2750 2315 2805 καὶ
2356 2751 2478 2805 σὺν
2509 2749 2742 2819 Χριστῷ
2781 2744 2953 2812 εἶναι,
2975 2748 3181 2813 πολλῷ
3211 2746 3461 2815 μᾶλλον
3494 2748 3754 2819 κρεῖττον

2214 2844 2308 2897 καὶ
2331 2842 2490 2895 πάλιν
2510 2857 2522 2873 ·
2562 2842 2754 2909 Χαίρω
2790 2839 2889 2892 καὶ
2925 2840 3231 2910 συγχαίρω
3251 2840 3447 2895 ,πᾶσιν
3464 2841 3620 2910 ὑμῖν·
3641 2840 3695 2892 τὸ
3715 2838 3757 2891 δ’

2214 2932 2359 2987 αὐτό
2383 2932 2480 2986 καί
2500 2931 2669 3002 ὑμεῖς
2690 2931 2925 2999 χαίρετε
2944 2931 3042 2983 καὶ
3083 2932 3445 3000 συγχαίρετέ
3468 2952 3566 3003 μοι
3588 2954 3600 2965 ·
3621 2934 3699 2985 ἐπὶ
3713 2932 3756 2983 δὲ

2213 3029 2325 3090 τοῖς
2342 3025 2603 3088 ἐναντίοις
2621 3024 2911 3092 ἀλγοῦντος
2931 3043 2945 3056 ο
2972 3027 3053 3078 Οὐ
3067 3026 3261 3094 μόνον
3280 3026 3413 3097 γὰρ,
3434 3027 3607 3095 φησὶν,
3627 3023 3757 3078 ἀλλὰ

2215 3117 2313 3172 καὶ
2349 3120 2516 3171 αὐτοὶ
2536 3115 2605 3170 ἐν
2623 3116 2856 3181 ἑαυτοῖς
2876 3114 3255 3184 στενάζομεν,
3279 3118 3587 3169 υἱοθεσίαν
3603 3117 3755 3168 ἀπεκ-

2213 3210 2539 3280 δεχόμενοι,
2582 3206 2695 3275 τὴν
2715 3208 3134 3275 ἀπολύτρωσιν
3166 3206 3272 3261 τοῦ
3295 3208 3568 3277 σώματος
3589 3203 3752 3273 ἡμῶν·

2214 3302 2309 3356 καὶ
2330 3302 2510 3355 πάλιν·
2535 3304 2599 3354 οι
2620 3301 2791 3366 ὄντες
2808 3300 2879 3353 ἐν
2893 3296 2971 3365 τῷ
2989 3298 3200 3367 σκήνει
3222 3295 3756 3367 τούτῳ,στενάζομεν

2206 3392 2594 3461 βαρούμενοι.

2289 3547 2352 3617 γ’.
2367 3543 2519 3610 Εἶδες
2535 3547 2698 3600 πόσον
2719 3545 2833 3597 ἐστὶ
2853 3545 3140 3614 φιλοσοφία
3161 3545 3324 3599 καλόν
3346 3563 3361 3610 ;
3397 3546 3466 3599 Ἃ
3489 3552 3596 3612 τοῖς
3610 3544 3754 3603 ἄλλοις

2213 3638 2339 3705 ἀξια
2367 3637 2620 3710 δακρύων
2647 3633 2788 3691 εἶναι
2810 3636 2975 3701 δοκεῖ,
3003 3635 3175 3688 ταῦτα
3204 3636 3385 3708 τούτῳ
3407 3637 3569 3708 εὐχῆς
3589 3653 3601 3665 ·
3627 3631 3705 3688 καὶ
3726 3630 3754 3685 ἃ

2212 3733 2323 3793 τοῖς
2344 3728 2521 3792 ἄλλοις
2541 3729 2667 3796 ἀξια
2696 3728 3031 3800 εὐφροσύνης
3058 3728 3152 3781 καὶ
3178 3728 3393 3798 ἡδονῆς,
3425 3728 3589 3781 ταῦτα
3613 3724 3753 3792 τούτῳ

2214 3820 2555 3892 στεναγμῶν.
2595 3822 2663 3874 Ἦ
2694 3820 2794 3874 οὐκ
2825 3819 2949 3885 ἀξια
2982 3820 3011 3859 b
3047 3821 3370 3889 στεναγμῶν
3414 3821 3474 3873 τὸ
3506 3821 3591 3872 ἐπ’
3622 3815 3751 3869 ἀλλο·

2209 3914 2369 3987 τρίας
2409 3908 2566 3977 εἰναι,
2591 3914 2684 3965 καὶ
2726 3910 3009 3983 πόρρωθεν
3034 3910 3137 3982 τῆς
3178 3912 3455 3983 ἡμετέρας
3483 3907 3751 3981 ἀπῳκίσθαι

2210 4005 2498 4077 πατρίδος
2521 4005 2593 4058 Ἦ
2623 4005 2723 4058 οὐκ
2750 4004 2897 4069 ἀξιον
2927 4004 3263 4076 εὐφροσύνης
3296 4005 3358 4058 τὸ
3389 4005 3593 4076 ταχέως
3617 4014 3751 4055 κατα-

2211 4097 2437 4170 δραμεῖν
2460 4097 2553 4150 ἐπὶ
2573 4096 2664 4151 τὸν
2684 4096 2856 4152 εὐδιον
2883 4097 3096 4168 λιμένα,
3115 4098 3211 4151 καὶ
3235 4097 3531 4150 ἀπολαὸεῖν
3554 4096 3642 4164 τὴν
3661 4092 3750 4146 ἄνω

2212 4190 2387 4253 πόλιν,
2417 4189 2544 4243 ἔνθα
2573 4189 2783 4260 ἀπέδρα
2810 4188 2992 4258 ὀδύνη,
3015 4191 3109 4242 καὶ¹
3138 4188 3305 4259 λύπη,
3332 4190 3430 4242 καὶ
3454 4182 3745 4254 στεναγμός

2210 4280 2320 4334 Καὶ
2360 4280 2414 4333 τί
2448 4280 2584 4352 πρὸς
2630 4279 2749 4350 ἐμὲ,
2782 4280 2937 4351 φησὶ,
2986 4280 3078 4333 τὸν
3112 4278 3474 4350 ἀμαρτωλόν;
3514 4278 3660 4347 Ὁρᾷς
3684 4275 3748 4326 ὅτι

2209 4372 2308 4440 οὐχ
2334 4372 2362 4423 6
2394 4368 2624 4431 θάνατός
2654 4371 2799 4422 ἐστιν
2832 4371 2861 4422 6
2885 4368 3053 4421 ποιῶν
3080 4368 3177 4438 τὴν
3205 4368 3409 4438 λύπην,
3442 4367 3571 4421 ἀλλά
3592 4365 3646 4417 τὸ
3671 4378 3747 4414 πο·

2211 4460 2375 4531 νηρὸν
2411 4459 2685 4525 συνειδός;
2724 4459 2938 4513 Παῦσαι
2988 4455 3081 4512 οὖν
3126 4459 3220 4513 τοῦ
3258 4455 3400 4513 εἶναι
3442 4454 3743 4529 ἁμαρτωλὸς.

2211 4550 2305 4603 καὶ
2338 4549 2491 4602 ἔσται
2523 4566 2605 4602 σοι
2633 4549 2878 4612 ποθεινὸς
2905 4550 2933 4602 ὁ
2961 4548 3207 4613 θάνατος.
3248 4548 3403 4616 Τοὺς
3440 4541 3747 4617 ὀφθαλμούς

2212 4638 2365 4712 [507]
2392 4659 2514 4709 μου
2553 4638 2672 4694 ἀπὸ
2705 4638 3000 4709 δακρύων.
3034 4640 3272 4703 Εἰκότως
3301 4639 3477 4703 οὕτως
3508 4635 3668 4691 εἶπεν·
3699 4629 3745 4683 οὐ

2209 4730 2317 4799 γάρ
2350 4731 2497 4782 ἐστιν
2524 4731 2642 4781 ἐκεῖ
2668 4728 2835 4799 λύπη,
2865 4730 2987 4782 οὐδὲ
3016 4728 3244 4801 ἀθυμία,
3273 4729 3395 4782 οὐδὲ
3418 4729 3624 4801 θρῆνος.
3655 4719 3744 4774 Καὶ

2210 4820 2352 4888 τοὺς
2372 4820 2563 4887 πόδας
2578 4838 2698 4889 μου
2720 4821 2836 4874 ἀπὸ
2854 4819 3276 4890 ὀλισθήματος.
3294 4820 3466 4873 Τοῦτο
3480 4818 3568 4872 τοῦ
3585 4810 3749 4885 προτέ-

2213 4929 2305 4983 ρου
2330 4914 2533 4983 μεῖζον.
2563 4912 2723 4978 Πῶς;
2754 4913 2954 4966 Ὄτιού
2979 4914 3139 4982 μόνον
3157 4912 3332 4982 λύπης
3355 4912 3518 4982 ἐσμὲν
3538 4904 3731 4975 ἀπηλλαι

2205 5008 2417 5077 γμένοι,
2448 5006 2584 5061 ἀλλὰ
2605 5008 2699 5059 καὶ
2725 5004 2819 5058 τοῦ
2850 5003 3297 5067 ὑποσκελίζεσθαι
3321 5005 3415 5056 καὶ
3444 4993 3747 5055 ἐπιδουλεύε·

2209 5097 2350 5150 σθαι.
2383 5096 2503 5149 Ἐπὶ
2536 5096 2637 5166 τῆς
2678 5096 2883 5167 πέτρας
2913 5095 3109 5164 ἕστηκε
3148 5094 3256 5165 γὰρ
3286 5095 3316 5146 6
3358 5090 3597 5146 ἀπελθὼν
3634 5080 3743 5155 μετά

2207 5186 2648 5257 κατορθωμάτων
2667 5203 2680 5217 ·
2713 5186 2807 5240 τοῦ
2842 5186 3057 5255 λιμένος
3090 5185 3452 5253 ἐπείληπται·
3484 5180 3644 5234 πάντα
3667 5174 3741 5226 ἁν-

2206 5280 2406 5351 ῄρηται
2437 5279 2506 5332 τὰ
2546 5277 2845 5348 κωλύματα
2872 5277 3091 5330 λοιπόν
3122 5273 3358 5346 οὐδαμοῦ
3390 5271 3625 5343 θόρυϐος,
3646 5262 3741 5317 οὐδὲ

2205 5371 2446 5441 ταραχή·
2479 5369 2595 5422 ἀλλ’
2616 5372 2676 5423 ἐν
2704 5369 3054 5440 εὐδοκιμήσει
3078 5378 3101 5405 α
3126 5366 3365 5438 διηνεκεῖ
3388 5365 3531 5435 μένει
3555 5364 3579 5414 6
3601 5356 3741 5412 οὕτως

2266 5639 2296 5678 ⁸⁸
2318 5641 2469 5691 Savil.
2496 5641 2544 5689 in
2570 5606 2844 5703 margineé
2870 5641 2959 5689 οὐκ
2980 5606 3127 5695 ἄξιον.
3160 5639 3373 5701 Utraque
3414 5635 3555 5685 lecuo
3569 5629 3737 5691 quadrat

2205 5704 2565 5813 3038523311621»
2585 5764 2633 5813 ἐν
2657 5764 2967 5812 καταστάσει.
2986 5763 3153 5813 Ulram
3177 5762 3315 5811 malis
3334 5758 3464 5821 eiigc
3490 5755 3733 5805 lectionem.
