3956 6412
181 334 284 400 ἐριτ

174 489 355 536 autem
398 479 546 534 tollit
583 478 1005 549 desperationem
1030 518 1047 545 ,
1083 479 1307 535 salutem
1336 481 1488 536 nobis
1524 481 1769 550 utrinque

177 584 502 642 procurans.

240 659 297 716 2.
329 660 545 716 Deinde
571 660 851 715 ostendens
877 662 1040 718 Deum
1069 678 1188 717 esse
1219 677 1538 733 propensum
1565 663 1631 717 ad
1657 661 1769 733 cle-

177 752 433 807 mentiam
458 793 476 817 ,
510 750 779 820 subjungit
801 753 1000 819 dicens,
1033 752 1098 806 Et
1127 753 1264 807 Deus
1293 762 1460 806 noster
1486 754 1764 808 miseretur.

177 845 337 898 Recte
362 850 553 896 autem
578 841 729 907 dixit,
754 841 890 897 Deus
917 854 1085 897 noster
1109 859 1126 897 :
1159 852 1215 898 ut
1239 858 1359 898 eum
1388 843 1674 913 distinguat
1698 844 1769 899 ab

180 936 239 990 iis
266 934 408 1001 diis,
437 948 667 1005 quorum
698 936 852 1003 paulo
877 944 1001 991 ante
1022 937 1281 990 meminit.
1314 935 1451 991 Sunt
1477 936 1619 991 enim
1645 935 1767 991 illo-

177 1040 288 1078 rum
320 1033 510 1094 partes
530 1025 792 1089 occidere,
815 1026 881 1081 de
907 1026 1081 1081 medio
1102 1026 1311 1093 tollere,
1334 1036 1389 1081 et
1415 1026 1549 1082 bella
1575 1027 1768 1097 implaé

179 1115 360 1169 cabilia
402 1130 632 1186 gerere;
662 1115 818 1185 hujus
855 1124 1031 1172 autem
1056 1157 1071 1181 ,
1102 1119 1175 1171 uti
1213 1118 1492 1173 clementia
1517 1158 1533 1184 ,
1559 1117 1766 1172 condo-

179 1218 321 1271 nare,
350 1211 405 1257 et
425 1204 644 1260 assidue
663 1220 693 1259 a
723 1207 972 1275 periculis
991 1206 1198 1276 eripere
1221 1224 1235 1260 :
1258 1224 1375 1278 quae
1402 1208 1616 1278 quidem
1642 1225 1763 1264 cum

179 1293 290 1349 aliis
313 1294 557 1349 maxime
586 1297 873 1351 ostendunt
912 1297 1032 1351 illos
1057 1312 1179 1352 esse
1205 1296 1475 1353 daemones
1499 1307 1554 1353 et
1578 1299 1765 1353 exitio-

178 1400 281 1451 sos,
312 1385 458 1439 hunc
478 1395 661 1441 autem
684 1401 867 1441 curam
892 1403 1077 1458 gerere
1097 1397 1151 1443 et
1174 1389 1475 1458 providere,
1498 1398 1552 1446 et
1580 1405 1764 1445 verum

180 1490 289 1532 csse
319 1477 511 1532 Deum.

244 1566 516 1638 lnfantum
559 1586 619 1623 ac
664 1587 935 1642 puerorum
971 1581 1138 1627 custos
1175 1570 1334 1628 Deus.
1362 1573 1622 1628 Securitas
1651 1573 1765 1630 vita:

179 1676 273 1716 non
299 1669 369 1714 est
390 1663 688 1731 quwreuda.
713 1660 856 1717 Mors
876 1663 1101 1718 liberalia
1129 1674 1175 1718 et
1201 1666 1409 1732 requies.
1439 1664 1555 1719 Vita
1572 1684 1662 1721 cur
1680 1669 1762 1722 la-

181 1754 381 1808 boriosa.
400 1753 543 1808 --:6.
587 1746 884 1810 Custodiens
910 1756 1144 1824 parvulos
1164 1755 1409 1810 Dominus
1431 1775 1449 1812 :
1470 1758 1763 1814 humiliatus

182 1862 299 1911 sum,
321 1856 367 1899 et
390 1846 624 1901 liberavit
653 1864 751 1902 me.
796 1847 893 1902 llic
921 1857 1098 1902 movet
1140 1849 1426 1903 maximum
1451 1864 1620 1919 genus
1645 1850 1762 1921 ejus

185 1937 539 2005 providentiae.
563 1938 822 2006 Quoniam
850 1940 990 1993 enim
1014 1938 1166 2005 dixit,
1193 1939 1480 2004 Misericors
1502 1950 1549 1994 et
1567 1931 1757 2011 justus,

184 2036 223 2079 et
247 2028 536 2095 miseretur,
568 2028 685 2099 ejus
726 2029 969 2083 maxima:
1001 2029 1299 2085 clementia:
1335 2045 1470 2101 Opus
1509 2032 1760 2103 deinceps

184 2119 415 2172 ostendit.
443 2119 774 2187 Quodnam?
801 2119 855 2173 ld
881 2120 1128 2176 videlicet
1160 2137 1265 2191 quo
1299 2124 1465 2176 utitur
1500 2123 1553 2177 in
1584 2123 1759 2178 infan-

186 2217 254 2262 tes
270 2223 329 2263 ac
366 2224 565 2278 pueros
606 2227 619 2264 :
662 2224 767 2264 non
815 2211 955 2266 enim
999 2210 1259 2266 habemus
1300 2214 1559 2268 rationem
1591 2256 1605 2281 ,
1638 2231 1759 2285 quae

186 2315 271 2355 nos
305 2302 451 2357 docet
496 2303 619 2357 haec
648 2303 815 2358 vitare
834 2343 847 2366 ,
878 2304 961 2358 illa
985 2304 1182 2374 eligere
1206 2345 1221 2370 ,
1257 2315 1311 2358 et
1338 2306 1476 2360 mala
1510 2322 1629 2375 qua:
1658 2323 1758 2364 nos

187 2392 420 2449 invadunt
449 2396 770 2466 propulsare
791 2436 808 2462 ,
837 2403 890 2450 et
917 2410 1036 2466 quae
1066 2396 1258 2450 adsunt
1285 2406 1536 2453 excutere
1560 2416 1573 2451 :
1607 2407 1659 2453 et
1680 2400 1758 2453 vi-

187 2485 315 2541 ribus
336 2487 575 2544 valemus
600 2528 616 2554 ,
655 2496 709 2544 et
746 2498 890 2544 artes
926 2488 1162 2554 scimus;
1212 2489 1442 2545 infantes
1469 2501 1646 2546 autem
1691 2506 1755 2547 ac

186 2577 312 2646 pueri
339 2619 356 2646 ,
398 2578 597 2649 quibus
636 2578 753 2637 haec
797 2580 974 2635 omnia
1022 2579 1320 2646 deficiunt,
1369 2590 1493 2635 sunt
1534 2581 1755 2650 perinde

187 2684 241 2724 ac
271 2674 310 2725 si
341 2688 440 2757 qua
486 2672 753 2727 haberent
775 2662 865 2743 qui
894 2687 987 2728 eos
1017 2683 1224 2742 regeret
1255 2690 1268 2726 :
1301 2674 1397 2729 sed
1426 2673 1477 2726 in
1508 2674 1754 2730 omnibus

187 2759 365 2817 habent
386 2764 473 2819 Dei
506 2764 899 2835 providentiam
925 2806 941 2832 ,
972 2780 1076 2835 qua
1116 2764 1220 2820 nisi
1270 2765 1481 2820 assidue
1510 2767 1751 2821 frueren-

189 2856 276 2917 tur,
303 2866 477 2908 omnes
503 2854 816 2924 periissent.
854 2852 985 2908 Nam
1016 2863 1070 2909 et
1107 2869 1329 2924 serpens
1355 2857 1640 2924 perimeret
1673 2858 1754 2912 in-

190 2938 357 2997 fantem
397 2944 697 2999 involutum
735 2943 913 2999 fasciis
933 2986 948 3009 ,
979 2954 1049 3000 et.
1071 2946 1183 3001 avis
1209 2961 1329 3017 qua:
1356 2946 1502 3015 degit
1532 2947 1585 3000 in
1615 2947 1749 3001 azdi-

192 3030 274 3085 bus
298 3033 381 3105 (a).
407 3046 459 3090 et
500 3036 678 3090 multa
722 3036 822 3091 alia
851 3051 971 3106 qua:
1012 3046 1204 3107 repunt
1231 3052 1294 3090 ac
1324 3046 1543 3106 serpunt
1570 3038 1620 3091 in
1652 3038 1751 3094 do-

192 3124 358 3181 mibus.
382 3127 560 3199 Neque
584 3130 730 3183 enim
756 3128 953 3192 nutrix,
986 3143 1086 3184 nec
1111 3137 1299 3196 mater,
1329 3144 1432 3198 nec
1458 3131 1594 3197 ullus
1614 3130 1748 3185 alius

196 3212 365 3270 sufficit
386 3219 443 3273 ad
470 3235 667 3276 eorum
697 3218 983 3289 perfectam
1013 3219 1299 3291 gerendam
1330 3221 1736 3290 providentiam,

194 3303 280 3358 nisi
301 3321 511 3377 superno
533 3311 801 3381 juventur
826 3310 1050 3365 auxilio.
1080 3309 1329 3366 Nonnulli
1361 3321 1535 3366 autem
1564 3311 1750 3367 dicunt

192 3394 278 3453 hoc
295 3399 472 3459 dictum
499 3418 633 3459 esse
656 3400 728 3458 de
757 3401 975 3458 fletibus
1006 3403 1247 3459 nondum
1277 3403 1331 3458 in
1359 3405 1532 3459 lucem
1567 3405 1743 3462 editis.

194 3486 466 3549 Ilumiliatus
491 3511 646 3560 sum,
671 3505 717 3549 et
746 3495 973 3549 liberauit
1003 3511 1099 3548 me.
1126 3494 1243 3550 Non
1275 3494 1441 3562 dixit,
1473 3495 1592 3552 Non
1620 3512 1746 3566 per-

191 3581 310 3637 misit
327 3595 378 3639 ut
398 3586 693 3644 inciderem
724 3588 776 3642 in
805 3586 1040 3656 pericula
1067 3605 1080 3644 :
1111 3586 1229 3655 sed,
1249 3588 1534 3656 Postquam
1559 3588 1741 3658 incidi,

189 3678 404 3730 servavit.
438 3679 707 3747 Quoniam
748 3680 892 3734 enim
920 3677 1054 3733 dixit
1083 3678 1386 3748 generalem
1421 3677 1536 3746 ejus
1566 3679 1743 3748 provi-

189 3762 408 3836 dentiam,
435 3774 497 3828 ad
524 3786 685 3828 suam
723 3785 937 3841 quoque
965 3783 1247 3841 personam
1278 3769 1512 3825 extendit
1542 3770 1744 3825 oratio-

192 3870 321 3923 nem.
344 3862 473 3918 sicut
499 3881 573 3921 ex
606 3864 945 3934 generalibus
968 3873 1023 3918 et
1047 3878 1113 3918 ex
1135 3861 1490 3933 singularibus
1517 3862 1654 3918 solet
1680 3876 1745 3917 ea

190 3951 484 4010 confirmare.
513 3956 600 4012 Ne
627 3969 755 4025 ergo
783 3968 992 4025 quzeras
1022 3955 1182 4009 vitam
1213 3954 1357 4007 omni
1389 3969 1454 4011 ex
1482 3964 1634 4023 parte
1660 3969 1744 4009 se-

191 4052 378 4111 curam;
408 4062 509 4103 non
535 4056 624 4103 est
653 4047 795 4103 enim
829 4046 921 4101 tibi
960 4044 1315 4100 conducibile.
1357 4044 1415 4100 Si
1444 4045 1588 4100 enim
1635 4061 1741 4099 non

191 4142 284 4187 erat
304 4138 626 4194 conducibile
647 4138 939 4210 prophetis,
959 4137 1128 4192 multo
1153 4137 1320 4207 magis
1337 4152 1436 4192 nec
1454 4136 1565 4191 tibi.
1589 4136 1742 4204 Quod

192 4231 453 4286 autemnon
472 4239 621 4287 esset
647 4229 1000 4295 conducibile,
1027 4229 1149 4285 audi
1175 4229 1300 4300 quid
1330 4228 1473 4284 dicat
1501 4246 1518 4283 :
1540 4227 1743 4284 Bonum

190 4313 317 4381 mihi,
342 4321 453 4388 quia
479 4322 761 4376 humiliasti
793 4337 892 4388 me,
917 4330 974 4375 ut
1000 4321 1187 4375 discam
1209 4321 1601 4392 justiﬁcationes
1628 4330 1742 4376 tuas

193 4403 336 4471 (Paul.
368 4414 483 4470 iis.
513 4417 626 4487 71).
656 4414 858 4483 Duplex
889 4413 975 4468 hic
999 4423 1080 4468 est
1104 4413 1390 4483 gratiarum
1416 4413 1574 4478 actio,
1600 4412 1740 4482 quod

192 4501 306 4556 etin
335 4510 554 4575 pericula
583 4509 820 4564 incidere
844 4506 1170 4578 permiserit,
1199 4514 1255 4561 et
1281 4506 1421 4576 quod
1449 4519 1570 4561 cum
1595 4506 1741 4561 ceci-

193 4587 349 4658 disset,
374 4599 587 4655 minime
612 4598 974 4669 dereliquerit.
1007 4597 1103 4652 Est
1129 4605 1305 4651 autem
1334 4606 1618 4667 utrumque
1642 4596 1742 4652 ali-

194 4689 423 4748 ‘htomodo
450 4709 616 4762 genus
660 4692 939 4755 benelicii,
982 4706 1082 4746 nec
1121 4701 1204 4745 est
1247 4691 1393 4759 prius
1433 4691 1607 4745 minus
1650 4706 1739 4745 se-

196 4779 372 4846 cundo,
407 4784 509 4841 imo
537 4804 666 4843 vero
692 4830 706 4855 ,
742 4786 785 4841 si
816 4784 1058 4840 mirabile
1085 4783 1283 4853 aliquid
1311 4782 1594 4839 dicendum
1619 4791 1735 4847 est,

195 4867 328 4925 etiam
366 4878 547 4946 majus.
596 4880 707 4934 lloc
746 4878 888 4933 enim
930 4876 1177 4931 liberavit
1212 4890 1242 4929 a
1287 4873 1566 4943 periculis,
1609 4874 1738 4930 illud

196 4968 303 5012 vero
336 4967 550 5023 animam
592 4970 718 5026 fecit
762 4968 930 5039 magis
968 4968 1284 5036 sapientem.
1310 4967 1363 5019 7.
1402 4966 1735 5034 Convertere,

197 5050 337 5107 animo
359 5075 461 5113 mea
480 5104 494 5128 ,
528 5064 579 5117 in
612 5064 831 5134 requiem
874 5072 1030 5127 tuam,
1062 5061 1182 5131 quia
1229 5060 1471 5114 Dominus
1500 5060 1739 5131 benefecit

178 5138 287 5195 ἰὶῦίι
314 5146 362 5200 8.
399 5150 523 5217 Quia
563 5155 745 5223 eripuit
782 5154 1004 5207 animam
1049 5168 1210 5204 meam
1250 5152 1312 5205 de
1344 5161 1534 5217 morte,
1566 5153 1738 5207 oculos

199 5244 310 5319 meos
331 5254 358 5291 a
382 5241 624 5316 lacrymis,
653 5247 802 5319 pedes
828 5262 962 5299 meos
986 5264 1017 5298 a
1038 5248 1205 5316 lapsu.
1237 5245 1289 5300 9.
1326 5245 1542 5300 Placebo
1567 5263 1738 5300 coram

199 5315 384 5383 Domino
407 5335 455 5387 in
474 5315 667 5408 regione
685 5340 928 5393 vivorum.
953 5338 1195 5394 Historia:
1220 5339 1432 5409 quidem
1455 5342 1589 5394 ratio
1609 5340 1738 5396 dicit

250 5474 311 5556 ξς)
336 5486 428 5556 bon
444 5489 648 5556 absurde
669 5492 795 5544 forte
831 5498 1078 5556 quaeratur
1097 5505 1320 5555 quasnam
1344 5492 1423 5556 illa
1445 5495 1548 5543 avis
1566 5494 1735 5544 dome-

201 5534 648 5618 asseasse;
664 5534 959 5618 ρἓἶῖηὲιιὶῖξ
969 5534 1733 5618 ῖιῖξῖᾼῧδῖἶέίῶῖωῖίῶὶὶῖιίῖνρἶό-

201 5604 401 5687 Egilia.
418 5606 519 5662 Vox
539 5604 692 5686 Graeca
709 5657 721 5675 ,
746 5626 868 5687 ἤρας,
893 5604 1012 5687 quae
1037 5613 1277 5687 ltictavi‘s,
1295 5604 1733 5687 (interpretata'est,

415 5652 1347 5743 ιὶἑτὲαἷρἰῖὲἷέιιῖἷῐέειὶ.“¹ἱί”ιιίὲ’ἱῖΕἰὂὶίέ
1354 5652 1477 5728 iiiis
1491 5652 1734 5729 ἶνῐιῖἵῗηῖίῖἓ

224 5757 229 5763 ⁵
236 5757 284 5773 ⁵““ῗ
295 5757 394 5783 κξὶυ
406 5764 418 5786 ρ

1242 340 1597 399 EXPOSlTlO
1635 338 1700 395 ΙΝ
1742 339 2063 402 PSALMUM
2102 349 2292 406 CXIV.

3359 363 3464 421 518

1880 461 2188 526 praeclaram
2205 468 2487 534 quamdam
2505 469 2891 541 liberationem,
2917 478 3153 549 requiem
3174 477 3227 536 et
3249 482 3462 537 libertae

1879 557 2005 603 tem.
2040 551 2095 607 Si
2125 556 2243 623 quis
2271 566 2447 612 autem
2479 575 2595 614 eam
2625 567 2891 635 acceperit
2916 570 3237 640 anagogice,
3268 585 3465 637 poterit

1874 655 2152 697 excessum
2183 658 2248 698 ex
2289 646 2390 701 hac
2413 649 2516 704 vita
2558 667 2749 709 vocare
2792 656 3160 715 liberationem
3189 704 3203 720 .
3232 677 3461 730 eamque

1872 731 2143 799 appellare
2173 736 2429 806 requiem.
2477 740 2571 794 Est
2602 743 2742 797 enim
2772 746 2838 800 ab
2864 748 3110 804 omnibus
3141 752 3296 807 malis
3325 753 3460 809 libe-

1874 821 2010 875 ratio
2033 864 2049 886 ,
2077 838 2177 879 nec
2203 836 2285 881 est
2309 829 2537 898 amplius
2578 833 2933 892 incertitudini
2963 842 3254 911 olmoxius,
3286 857 3345 902 ut
3367 850 3460 919 qui

1873 911 1941 965 sit
1970 915 2308 971 securitatem
2338 932 2700 992 consequutus
2719 968 2733 993 ,
2763 929 2852 997 qui
2879 945 3000 983 cum
3038 933 3174 989 bona
3209 952 3304 1004 spe
3334 911 3461 995 hinc

1873 1006 2120 1059 excessit.
2149 1007 2263 1062 Etsi
2299 1011 2440 1066 enim
2484 1029 2630 1069 mors
2656 1016 2861 1074 invecta
2901 1035 2982 1075 est
3006 1038 3071 1078 ex
3104 1038 3354 1094 peccato,
3392 1047 3458 1087 ea

1875 1102 2050 1149 tamen
2082 1096 2223 1153 Deus
2248 1115 2374 1156 usus
2396 1115 2478 1157 est
2504 1105 2569 1159 ad
2603 1118 2841 1163 nostrum
2872 1111 3208 1170 beneficium.
3243 1120 3308 1174 Et
3337 1121 3457 1177 ideo

1871 1200 1979 1239 non
2002 1183 2101 1240 fuit
2119 1203 2183 1243 ea
2198 1191 2309 1245 sola
2335 1203 2638 1268 contentus,
2662 1200 2753 1255 sed
2772 1203 2929 1256 etiam
2953 1206 3111 1261 vitam
3134 1211 3360 1266 reddidit
3378 1215 3457 1267 la-

1870 1275 2137 1335 boriosam
2161 1322 2176 1348 ,
2204 1292 2261 1338 ut
2287 1287 2425 1341 scias
2451 1302 2574 1342 eum
2611 1307 2711 1346 nec
2740 1295 2888 1363 prius
2916 1299 3127 1367 quidem
3159 1308 3451 1371 permissu-

1869 1384 1988 1424 rum
2014 1371 2179 1429 fuisse
2208 1416 2224 1441 ,
2257 1378 2357 1432 nisi
2386 1379 2504 1450 ejus
2542 1384 2798 1452 sapientia
2837 1388 2889 1441 id
2919 1390 3073 1445 valde
3099 1394 3226 1447 utile
3257 1396 3453 1453 factum

1869 1475 2029 1522 esset.
2062 1464 2131 1519 Et
2158 1467 2279 1523 ideo
2299 1484 2417 1525 cum
2439 1472 2689 1543 dixisset,
2721 1477 2833 1543 Quo
2859 1480 2941 1534 die
2964 1485 3236 1539 comederis
3256 1530 3270 1551 ,
3300 1502 3460 1546 morte

1868 1556 2096 1648 morieris
2113 1556 2263 1629 (Gen.
2285 1559 2339 1613 2.
2362 1563 2451 1632 17)
2476 1579 2492 1618 :
2522 1567 2749 1622 nonfuit
2771 1584 2927 1638 paena
2950 1583 3274 1645 contentus;
3299 1596 3455 1648 ptena

1868 1647 2009 1701 enim
2025 1658 2159 1716 erat,
2188 1649 2343 1706 Terra
2357 1664 2488 1721 es,et
2512 1657 2565 1710 in
2591 1668 2774 1712 terram
2800 1666 3056 1719 reverteris
3081 1667 3239 1745 (Ibid.
3261 1671 3314 1726 5.
3336 1664 3450 1743 19)‘;

1867 1750 2010 1793 nunc
2035 1749 2214 1811 autem
2240 1744 2385 1799 aliud
2414 1762 2625 1818 quoque
2653 1749 2875 1820 adjicit,
2918 1756 3101 1814 dicens
3132 1777 3145 1813 :
3176 1744 3241 1815 In
3271 1765 3454 1820 sudore

1865 1827 2033 1883 vultus
2058 1833 2130 1884 tui
2150 1836 2360 1890 vesceris
2383 1854 2514 1907 pane
2542 1847 2648 1895 tuo.
2678 1840 2868 1911 Spinas
2891 1857 2936 1899 et
2955 1849 3166 1905 tribulos
3193 1857 3451 1923 germina-

1866 1918 1936 1972 bit
1953 1920 2041 1974 tibi
2067 1939 2086 1976 .-
2111 1924 2164 1977 in
2189 1926 2444 1983 laboribus
2462 1933 2690 1986 comedes
2712 1950 2774 1989 ea:
2791 1952 2850 1989 ea
2883 1937 3042 2011 (Ibid.
3075 1954 3121 1995 et
3146 1918 3306 2000 υξίε.
3336 1949 3449 2018 Π).

1866 2012 1934 2065 Ει
1972 2015 2181 2070 mulieri
2220 2017 2354 2073 dixit
2382 2036 2395 2071 :
2426 2020 2776 2092 Multiplicans
2819 2030 3161 2099 multiplicabo
3191 2012 3451 2092 terumnas

1865 2112 1995 2170 tuas,
2025 2115 2071 2159 et
2094 2109 2331 2177 gemitum
2361 2120 2523 2166 tuum.
2556 2113 2621 2168 In
2647 2116 2901 2172 doloribus
2933 2123 3097 2187 paries
3124 2123 3259 2192 ﬁlios
3283 2126 3448 2196 (Ibid.

1862 2211 1910 2249 υ.
1942 2197 2071 2268 16).
2113 2200 2294 2272 Neque
2331 2205 2473 2259 enim
2507 2206 2635 2261 illud
2663 2210 2792 2264 satis
2826 2220 2941 2265 erat
2969 2212 3034 2266 ad
3066 2229 3158 2268 eos
3187 2220 3449 2289 castigan-

1861 2288 1982 2344 dos.
2011 2291 2202 2347 Multos
2236 2295 2413 2365 itaque
2450 2299 2692 2354 videmus
2717 2317 2778 2356 ea
2819 2305 3026 2361 ratione
3069 2309 3294 2365 evadere
3332 2288 3448 2368 me-

1862 2380 2044 2436 liores.
2070 2384 2209 2439 Mors
2230 2388 2370 2441 enim
2394 2388 2482 2443 ubi
2509 2391 2804 2461 advenerit,
2836 2396 3033 2453 alienat
3061 2396 3271 2474 a'sensu
3298 2404 3448 2460 :hrrc

1859 2483 2037 2527 autem
2078 2475 2227 2529 vivos
2257 2478 2504 2534 meliores
2535 2480 2790 2538 efficiunt.
2829 2484 2981 2551 Quod
3024 2490 3067 2543 si
3112 2492 3320 2547 videtur
3363 2512 3449 2551 res

1860 2577 1980 2619 esse
2008 2567 2295 2633 terribilis,
2342 2569 2394 2624 id
2435 2571 2493 2626 lit
2519 2588 2584 2627 ex
2620 2574 2984 2634 imbecillitate
3014 2595 3197 2636 eorum
3237 2586 3325 2654 qui
3371 2587 3450 2642 sic

1857 2654 2029 2710 affecti
2047 2668 2200 2712 sunt.
2230 2660 2382 2728 Quod
2409 2663 2551 2717 enim
2598 2664 2683 2719 hic
2716 2676 2891 2722 metus
2928 2671 2997 2724 sit
3028 2672 3409 2732 imbecillitatis
3430 2719 3445 2745 ,

1855 2748 1979 2802 audi
2009 2749 2230 2806 Paulum
2261 2768 2378 2808 eam
2410 2765 2681 2825 aptantem
2705 2800 2718 2821 ,
2760 2769 2815 2814 et
2850 2759 2920 2816 de
2959 2777 3020 2817 ea
3050 2763 3318 2839 lmtantem
3339 2809 3353 2830 ,
3393 2780 3449 2823 ut

1855 2840 2069 2908 quando
2096 2841 2262 2897 dicit:
2294 2844 2496 2899 Resolvi
2513 2889 2527 2912 ,
2567 2858 2613 2902 et
2640 2865 2747 2904 esse
2771 2867 2884 2905 cum
2925 2853 3122 2909 Christo
3141 2897 3156 2921 ,
3187 2867 3259 2910 est
3288 2861 3447 2913 multo

1855 2930 2033 2985 melius
2059 2931 2328 3005 (Philipp.
2364 2938 2415 2991 Ι.
2444 2937 2554 3010 25)
2580 2956 2594 3006 ;
2626 2950 2682 2996 et
2710 2958 2915 3011 rursus,
2946 2944 3116 3000 Lwtor
3145 2957 3194 3002 et
3220 2950 3446 3004 colla'tor

1852 3037 1968 3075 cum
1997 3024 2136 3079 vobis
2164 3027 2423 3095 omnibus;
2449 3030 2621 3085 itidem
2650 3050 2736 3087 vos
2774 3050 2967 3106 quoque
2995 3038 3234 3093 lwtemini
3261 3051 3307 3094 et
3335 3045 3444 3096 col-

1855 3118 2091 3173 lwtemini
2132 3136 2326 3175 mecunt
2366 3121 2539 3195 (Ibid.
2596 3127 2651 3181 2.
2702 3129 2788 3181 17.
2851 3129 2956 3201 18)
2993 3149 3006 3197 ;
3058 3132 3125 3187 de
3163 3135 3469 3191 contrariis

1853 3220 2029 3266 autem
2057 3212 2327 3269 dolentem
2361 3233 2374 3270 :
2410 3216 2533 3271 Non
2561 3219 2725 3273 solum
2760 3220 2891 3274 enim
2912 3264 2926 3287 ,
2972 3223 3177 3293 inquit,
3217 3217 3306 3280 sed
3344 3229 3444 3297 ipsi

1852 3304 2002 3358 etiam
2029 3306 2083 3360 in
2109 3307 2249 3362 nobis
2277 3309 2402 3378 ipsis
2430 3309 2798 3381 ingemiscimus
2819 3355 2835 3379 ,
2866 3314 3092 3381 ﬁliorum
3120 3317 3442 3387 adeptionem

1853 3405 2214 3463 exspectantes,
2249 3398 2591 3454 liberationem
2614 3403 2839 3472 corporis
2868 3407 3027 3458 nostri
3048 3405 3222 3476 (Rom.
3247 3408 3441 3481 8.25);

1852 3494 1905 3540 et
1931 3501 2136 3553 rursus,
2166 3488 2266 3555 Qui
2293 3507 2465 3545 sumus
2493 3492 2544 3545 in
2573 3492 2668 3545 hoc
2694 3493 3046 3561 tabernaculo,
3071 3498 3443 3567 iugemiscimus

1849 3580 2046 3646 gravati
2074 3578 2150 3650 (2.
2177 3578 2294 3635 Cor.
2324 3583 2377 3637 5.
2408 3584 2502 3653 4).

1922 3671 1975 3724 5.
1999 3670 2201 3734 Quanta
2226 3689 2305 3726 res
2328 3683 2400 3728 est
2432 3675 2751 3746 philosophia
2772 3679 3066 3733 christiana.
3099 3680 3263 3737 Dolor
3285 3702 3385 3739 non
3410 3702 3442 3738 ιι

1849 3776 2007 3816 morte
2028 3803 2044 3829 ,
2078 3764 2168 3819 sed
2195 3781 2227 3818 a
2254 3768 2390 3819 mala
2415 3769 2738 3823 conscientia.
2760 3795 2836 3810 -——
2862 3772 3051 3827 Vidisti
3081 3787 3338 3844 quantum
3369 3780 3440 3832 sit

1848 3853 2048 3909 bonum
2077 3855 2412 3925 phiIOSOphia
2433 3857 2457 3910 ‘l
2478 3857 2607 3927 Quae
2628 3860 2746 3914 aliis
2770 3861 3020 3917 videntur
3043 3879 3162 3919 esse
3185 3865 3338 3934 digna
3363 3867 3439 3921 la-

1849 3947 2047 4016 crymis
2072 3988 2087 4010 ,
2131 3962 2193 4001 ea
2232 3946 2357 4002 huic
2391 3948 2636 4004 videntur
2673 3966 2794 4007 esse
2822 3952 3051 4022 optanda
3086 3973 3099 4009 :
3128 3964 3182 4010 et
3218 3967 3438 4027 propter

1848 4055 1968 4110 qua:
1991 4041 2083 4095 alii
2111 4056 2170 4096 se
2192 4041 2316 4112 jure
2344 4052 2531 4111 putant
2566 4044 2735 4099 lmtari
2774 4055 2828 4100 et
2866 4046 3142 4117 voluptate
3179 4047 3320 4103 affici
3344 4089 3359 4115 ,
3393 4050 3438 4104 is

1849 4142 2070 4202 propter
2087 4147 2150 4187 ea
2171 4133 2441 4188 existimat
2456 4149 2576 4190 esse
2597 4136 2789 4190 merito
2814 4136 3293 4207 ingemiscendum.
3328 4144 3439 4195 An-

1849 4241 1956 4281 non
2000 4235 2083 4282 est
2125 4228 2318 4283 merito
2357 4228 2811 4299 ingemiscendum
2837 4271 2851 4297 ,
2882 4230 3023 4301 quod
3067 4233 3239 4287 simus
3267 4232 3318 4287 in
3350 4249 3439 4288 re-

1847 4321 2005 4390 gione
2041 4321 2214 4376 aliena
2237 4362 2255 4386 ,
2295 4331 2348 4377 et
2388 4322 2441 4376 in
2482 4310 2676 4377 terram
2719 4324 2905 4394 procul
2944 4340 2974 4380 a
3014 4327 3181 4394 patria
3209 4327 3437 4396 positam

1848 4416 2156 4470 amendati?
2191 4416 2384 4471 Annon
2425 4426 2509 4471 est
2543 4416 2777 4472 maxime
2822 4417 3107 4472 laetandum
3133 4459 3149 4484 ,
3197 4419 3336 4488 quod
3384 4421 3435 4473 in

1846 4507 2187 4578 tranquillum
2227 4518 2437 4577 portum
2480 4523 2602 4562 eum
2643 4507 2873 4561 maxima
2917 4508 3191 4563 celeritate
3219 4523 3435 4564 cursum

1848 4611 2125 4656 teneamus
2148 4641 2163 4663 ,
2202 4611 2256 4656 et
2284 4615 2568 4669 supernam
2592 4600 2861 4655 civitatem
2889 4599 3209 4670 recipiamus
3230 4642 3245 4667 ,
3276 4617 3306 4655 a
3333 4616 3435 4671 qua

1845 4692 2051 4762 aufugit
2093 4691 2266 4755 dolor,
2301 4690 2549 4746 molestia
2573 4731 2587 4755 ,
2617 4701 2671 4745 et
2712 4691 2985 4760 gemitus?
3016 4691 3083 4745 Et
3111 4692 3236 4761 quid
3279 4708 3399 4746 mea
3426 4734 3441 4758 ,

1846 4782 2090 4854 inquies,
2131 4781 2298 4836 refert
2322 4823 2336 4847 ,
2365 4782 2452 4851 qui
2499 4797 2617 4836 sum
2655 4782 2943 4851 peccator?
2972 4781 3135 4838 Vides
3170 4798 3274 4838 non
3314 4799 3435 4839 esse

1844 4885 2071 4929 mortem
2112 4892 2230 4945 qua:
2265 4876 2507 4931 dolorem
2522 4876 2721 4954 afferat
2743 4918 2758 4941 ,
2791 4876 2884 4931 sed
2917 4877 3107 4932 malam
3147 4879 3431 4933 conscien-

1847 4968 2022 5022 tiam?
2064 4967 2256 5023 Desine
2294 4982 2422 5038 ergo
2465 4982 2687 5038 peccare
2710 5010 2724 5034 ,
2768 4977 2823 5023 et
2861 4969 2962 5022 erit
3005 4969 3100 5023 tibi
3135 4968 3433 5038 expetenda

1846 5075 2011 5114 mors.
2044 5058 2231 5113 Oculos
2268 5075 2405 5112 meos
2442 5074 2473 5111 a
2511 5059 2772 5128 lacrymis.
2802 5058 2988 5113 Merito
3026 5059 3096 5112 ita
3128 5059 3260 5112 dixit
3288 5077 3302 5112 :
3330 5072 3436 5113 non

1845 5162 1925 5206 est
1952 5151 2093 5206 enim
2113 5151 2221 5206 illic
2238 5150 2412 5217 dolor,
2435 5150 2670 5216 tristitia,
2701 5166 2799 5205 nec
2823 5150 3017 5204 luctus.
3042 5149 3110 5203 Et
3133 5150 3280 5218 pedes
3302 5166 3437 5204 meos

1845 5260 1878 5297 a
1893 5243 2062 5314 lapsu.
2085 5243 2196 5299 lloc
2211 5251 2293 5297 est
2312 5242 2486 5311 majus
2504 5243 2700 5309 priore.
2725 5234 3039 5308 Quomodo?
3060 5239 3211 5306 Quod
3238 5255 3343 5293 non
3368 5242 3437 5294 si-

1843 5350 1963 5389 mus
1986 5334 2158 5392 solum
2185 5331 2394 5387 liberati
2428 5347 2460 5386 a
2486 5331 2672 5386 dolore
2697 5372 2710 5395 ,
2740 5330 2831 5383 sed
2866 5330 3025 5384 etiam
3061 5344 3090 5382 a
3121 5329 3435 5398 supplanta-

1845 5427 1990 5483 tione
2014 5437 2070 5482 et
2089 5426 2155 5481 ab
2181 5423 2406 5479 insidiis.
2435 5423 2551 5478 Stat
2573 5421 2715 5478 enim
2744 5436 2906 5491 super
2928 5429 3162 5492 petram,
3190 5419 3282 5490 qui
3310 5435 3432 5477 cum

1844 5526 1991 5577 recte
2026 5518 2178 5574 factis
2216 5515 2478 5571 recessit:
2511 5523 2721 5585 portum
2764 5512 3120 5582 apprehendit
3153 5530 3166 5567 :
3212 5513 3435 5583 impedi.

1844 5620 2020 5669 menta
2063 5608 2243 5666 omnia
2285 5607 2336 5660 in
2386 5615 2656 5677 posterum
2703 5604 2909 5659 sublata
2959 5614 3120 5671 sunt;
3170 5619 3433 5675 nusquam

1845 5704 1994 5769 turba
2014 5745 2030 5772 ,
2065 5717 2163 5758 nec
2195 5699 2449 5757 tumultus
2484 5715 2496 5752 :
2528 5698 2580 5753 in
2610 5696 2898 5767 tranquillo
2926 5705 3067 5752 statu
3100 5706 3278 5752 manet
3308 5712 3432 5772 pcr-
