3956 6398
559 328 650 384 521
1256 322 1314 378 S.
1354 320 1638 377 JOANNIS
1676 315 2033 375 CllllYSOS'l
2049 310 2173 369 OM!
2207 312 2523 368 ARCIIIEP.
2564 311 3109 372 CONSTANTINOP.
3666 318 3748 372 32?.

556 440 875 511 τηδειῦτητα
896 439 1100 506 ταύτην
1121 435 1273 488 ἔλαϐε
1292 451 1306 464 ’
1329 437 1422 489 καὶ
1447 436 1635 507 ῶσπερ
1660 438 1693 506 ἠ
1721 437 1895 506 πέτρα
1919 432 2128 504 καρπὸν

555 531 655 583 οὐκ
684 529 882 601 ήνεγκέ
916 545 1066 590 ποτε,
1098 526 1267 590 οὔτως
1296 527 1419 579 οὔτε
1448 529 1476 579 ὁ
1512 527 1762 597 Ἀϐραὰμ
1792 523 1902 589 οἷός
1933 542 1993 578 τε
2023 522 2089 596 ἦν
2113 542 2124 555 ·

557 623 671 675 ἀλλ’
712 621 823 688 ἐγὼ
853 621 995 689 ὑμᾶς
1026 617 1235 671 ἐκεῖθεν
1275 619 1598 689 ἐξεκόλαψα,
1630 621 1723 673 καὶ
1754 620 1860 673 ἀπὸ
1893 618 1984 671 τοῦ
2014 619 2131 681 ἐνὸς

556 712 823 775 τοσαύτας
850 711 1124 779 ἐνέπλησα
1156 709 1357 781 χώρας.
1394 711 1679 764 Διάλτοῦτο
1722 712 1815 763 καὶ
1847 712 1936 764 τὸν
1974 708 2128 773 Ἰεζε-

561 804 683 873 κιὴλ
711 806 792 865 εἰς
824 802 883 854 τὸ
909 801 1088 854 πεδίον
1119 802 1325 869 ἐξάγει,
1362 790 1461 855 καῖ’
1483 802 1749 855 δείκνυσιν
1778 801 1924 871 αύτῷ
1958 801 2130 867 σωρόν

559 893 762 958 ὀστῶν,
805 892 899 946 και
930 890 1290 962 προφητεύων
1327 894 1598 962 ἀνίστησι,
1644 891 1712 945 τὰ
1763 889 1892 945 ὀστᾶ
1919 890 2131 952 δεικνὺς

559 986 761 1048 αὐτοῖς,
796 984 890 1036 καὶ
909 982 1104 1051 λέγων,
1129 984 1209 1036 ὃτι
1233 985 1299 1036 El
1337 984 1476 1049 τοὺς
1508 983 1755 1050 νεκροὺς
1779 982 1997 1051 ἐγεῖραι
2028 981 2131 1035 δύο

556 1091 756 1143 ναμαι,
786 1074 993 1139 πολλῷ
1020 1072 1262 1142 μᾶλλον
1287 1066 1443 1142 ὑμᾶς
1483 1073 1624 1138 τοὺς
1652 1070 1869 1138 ζῶντας
1909 1073 2130 1140 ἀνατα-

536 1162 704 1231 Δγεῗν.
774 1162 1000 1215 Ἐκεῖνοι
1047 1164 1145 1231 μὲν
1196 1162 1399 1225 οῦτωςο
1458 1164 1489 1215 6
1544 1161 1602 1213 δὲ
1646 1163 1928 1232 προφήτης
1977 1156 2131 1226 οὗτος

559 1253 676 1317 πῶς
697 1270 712 1318 ;
731 1253 1118 1312 Ἐπίστευσα,
1141 1251 1231 1304 διὸ
1250 1251 1546 1318 ἐλάλησα.
1568 1252 1854 1305 Τουτέστιο
1887 1253 2131 1315 Πίστεως

559 1344 717 1415 χρεία
753 1347 888 1413 πρὸς
919 1343 987 1396 τὰ
1025 1342 1469 1412 ἐπαγγελλόμενα
1492 1356 1505 1370 ⁸
1546 1344 1640 1396 καὶ
1671 1344 1779 1411 γὰρ
1813 1342 1923 1411 ἐγὼ
1957 1342 2133 1397 ταῦτα

562 1434 778 1496 ἐννοῶν,
810 1436 904 1486 καὶ
948 1432 1417 1503 ἀναλογιζόμενος,
1448 1434 1540 1486 καὶ
1572 1433 1670 1504 τὴν
1702 1433 1882 1487 π“στιν
1908 1437 2132 1502 εἰσαγα-

562 1526 694 1593 γὼν,
717 1526 892 1580 πάντα
913 1524 1141 1594 θόρυϐον
1169 1524 1454 1594 ἐξήγαγον.
1483 1525 1540 1576 '0
1556 1524 1733 1577 τοίνυν
1753 1524 1962 1589 Παῦλος
1978 1526 2133 1579 τοῦτό

562 1634 747 1689 φησιν,
776 1619 857 1669 ὅτι
898 1618 993 1670 καὶ
1034 1619 1090 1670 ἐν
1127 1619 1239 1679 τοῖς
1268 1617 1557 1687 ἡμετέροις
1582 1618 1695 1679 τοῖς
1737 1619 2011 1689 αἰσθητοῖς
2040 1619 2133 1670 καὶ

560 1709 854 1778 ὁρωμένοις
883 1707 1108 1776 ἀγαθοῖς
1148 1706 1381 1770 πίστεως
1415 1706 1593 1777 χρεία.
1629 1706 1691 1758 Εἰ
1722 1704 1782 1759 δέ
1820 1708 1877 1758 ἐν
1905 1708 2016 1768 τοῖς
2045 1708 2132 1758 αἰ-

564 1797 800 1866 σθητοῖς,
845 1796 1023 1863 πολλῷ
1065 1796 1263 1867 μᾶλλον
1297 1798 1354 1849 ἐν
1385 1799 1495 1859 τοῖς
1533 1798 1759 1866 νοεροῖς.
1799 1796 1863 1847 Εί
1892 1795 2001 1865 γὰρ
2047 1794 2135 1848 ἴνα

561 1888 981 1954 καταδέξωνται,
1003 1889 1084 1941 ὅτι
1111 1887 1209 1958 τὴν
1235 1885 1389 1939 πόλιν
1418 1886 1784 1957 ἀπολήψονται
1809 1886 1909 1957 τὴν
1932 1885 2131 1949 αὐτῶν,

564 1977 798 2040 πίστεως
829 1978 1011 2039 αὐτοῖς
1041 1976 1227 2047 ἐδέησε
1253 1992 1267 2006 ο
1299 1974 1478 2046 πολλῷ
1511 1976 1710 2046 μᾶλλον
1743 1977 1874 2046 ήμῖν
1901 1977 2014 2039 τοῖς
2045 1976 2134 2028 τὸν

561 2066 790 2136 οὐρανὸν
816 2066 1195 2137 ἀναμένουσιν.
1221 2065 1392 2118 Ὅταν
1418 2064 1526 2135 γὰρ
1557 2066 1698 2136 μέγα
1726 2083 1778 2118 τι
1811 2062 1869 2138 ᾖ,
1917 2065 2011 2118 καὶ
2037 2064 2135 2135 τὴν

559 2157 797 2210 διάνοιαν
822 2156 1169 2227 ύπερϐαῖνον,
1194 2156 1288 2210 καὶ
1312 2155 1586 2227 λογισμῶν
1613 2155 1902 2226 ἀνώτερον,
1932 2156 2136 2224 ταύτην

532 2294 537 2297 .
558 2247 639 2299 δεῖ
668 2247 1139 2318 παραλαμϐάνειν,
1159 2247 1296 2300 ἀλλά
1322 2248 1397 2317 μὴ
1417 2249 1483 2318 τῇ
1507 2245 1824 2319 ἀνθρωπίνῃ
1845 2244 2137 2316 ἀκολουθίᾳ

558 2337 627 2390 τὰ
650 2338 952 2407 πράγματα
981 2336 1273 2400 ἐξετάζειν.
1299 2337 1363 2390 Ἡ
1383 2337 1489 2407 γάρ
1514 2337 1608 2390 τοῦ
1637 2335 1772 2391 Θεοῦ
1802 2336 2144 2409 θαυματουρ-

560 2429 655 2494 γία
692 2428 907 2480 πάντων
945 2427 1149 2481 τούτων
1196 2427 1462 2498 ἀνωτέρα.
1503 2428 1664 2482 Ὥστε
1718 2428 1813 2481 καὶ
1858 2427 1947 2481 διὰ
1981 2428 2138 2481 τοῦτο

561 2518 1007 2588 ἐπιστομίζοντας
1039 2519 1163 2581 τοὺς
1191 2519 1481 2589 λογισμοὺς
1505 2519 1639 2589 πρὸς
1665 2519 1762 2589 τὴν
1795 2519 1975 2572 πίστιν
2005 2521 2138 2573 ἀνα-

560 2609 777 2680 τρέχειν
807 2609 906 2670 δεῖ,
933 2609 1027 2661 καὶ
1060 2608 1304 2673 δοξάζειν
1329 2610 1423 2663 τὸν
1449 2609 1600 2663 Θεόν.
1634 2610 1693 2666 Ὀ
1721 2610 1830 2681 γὰρ
1860 2611 2138 2682 λογισμοῖς

562 2700 882 2768 φιλονεικῶν
919 2700 986 2754 τὰ
1024 2701 1237 2753 ἐκείνου
1277 2700 1573 2771 εὑρίσκειν,
1606 2701 1665 2754 ού
1704 2699 1916 2765 δοξάζει
1951 2700 2132 2766 αὑτὸν,

557 2795 625 2864 τῇ
655 2792 762 2845 τῶν
801 2793 1014 2846 οίκείων
1056 2793 1333 2862 λογισμῶν
1375 2793 1723 2863 ταπεινότητι
1767 2793 1868 2856 τὰς
1898 2792 2136 2862 ἀφάτους

559 2884 867 2954 οἰκονομίας
889 2885 1051 2938 αὐτοῦ
1081 2884 1369 2938 ὑποϐαλεῖν
1388 2896 1413 2924 ι
1443 2884 1782 2955 βουλόμενος.

632 3066 694 3133 β’.
723 3067 813 3119 Aab
844 3067 969 3135 περὶ
998 3063 1091 3117 τοῦ
1143 3064 1392 3135 Ἀϐραὰμ
1420 3063 1798 3133 διαλεγόμενος
1828 3065 1856 3116 6
1904 3059 2133 3126 Παῦλος,

553 3159 741 3229 ἐπειδὴ
775 3159 846 3228 μὴ
877 3157 1034 3209 τοῦτο
1062 3156 1338 3225 ἐποίησεν,
1369 3155 1483 3207 ἀλλ’
1508 3155 1837 3223 ἐπιτιμήσας
1859 3156 1969 3214 τοῖς
1998 3153 2138 3221 λογι-

555 3253 731 3319 σμοῖς,
782 3248 916 3318 πρὸς
944 3246 1042 3317 τὴν
1079 3247 1308 3316 δύναμιν
1341 3241 1448 3297 εἶδε
1482 3244 1574 3297 τοῦ
1617 3242 2090 3313 ἐπαγγειλαμένου
2113 3276 2133 3307 ,

557 3338 706 3409 [310]
725 3341 805 3391 ὃτι
825 3338 981 3390 τοῦτο
1010 3335 1243 3406 μάλιστα
1272 3334 1489 3398 ἐδόξατε
1525 3334 1619 3387 τὸν
1651 3333 1805 3399 Θεὸν,
1840 3333 2008 3401 λέγει’
2030 3335 2134 3399 Εις

555 3430 668 3499 ⁴Γὸιρ
714 3429 829 3496 τὴν
874 3427 1241 3496 ἐπαγγελίαν
1280 3425 1388 3481 τοῦ
1443 3423 1590 3478 Θεοῦ
1638 3426 1710 3477 οὐ
1756 3423 2016 3492 διεκρίθη
2060 3422 2134 3491 τῇ

556 3520 827 3586 ἀπιστίᾳ,
850 3518 985 3572 ἀλλ’
1001 3517 1420 3586 ἐνεδυναμώθη
1448 3513 1523 3585 τῇ
1542 3516 1761 3579 πίστει,
1784 3513 1928 3579 δοὺς
1947 3513 2135 3579 δόξαν

556 3608 638 3675 τῷ
668 3609 808 3675 θεῷ,
840 3610 940 3662 καί
974 3607 1471 3676 πληροφορηθεὶς,
1509 3606 1597 3660 ὅτι
1639 3606 1671 3659 ὃ
1715 3606 2131 3676 ἐπηγγείλατο,

556 3702 814 3766 δυνατός
852 3701 983 3753 ἐστι
1014 3699 1113 3752 καὶ
1158 3697 1425 3768 ποιῆσαι.
1457 3697 1523 3750 Τί
1566 3696 1623 3750 δέ
1651 3698 1818 3761 ἐστιν,
1854 3698 2135 3765 Ἔχοντες

522 3810 527 3817 ·
556 3794 626 3846 δὲ
658 3793 721 3846 τὸ
748 3791 894 3845 αὑτό
920 3789 1165 3860 Πνεῦμα
1186 3788 1295 3859 τῆς
1315 3790 1573 3855 πίστεως
1602 3789 1753 3842 κατὰ
1780 3786 1847 3841 τὸ
1883 3803 2134 3858 γεγραμ-

520 3885 778 3955 ·μένον·
820 3884 1219 3948 Ἐπίστευσα,
1277 3881 1369 3934 διὸ
1423 3879 1736 3949 ἐλάλησα’
1804 3880 1905 3933 καὶ
1965 3881 2136 3949 ἡμεῖς

558 3976 938 4044 πιστεύομεν,
980 3973 1071 4027 διὸ
1100 3973 1199 4029 καὶ
1230 3972 1539 4041 λαλοῦμεν
1556 3988 1576 4037 ;

630 4152 790 4219 Μέγα
832 4168 885 4203 τι
938 4151 1232 4220 μυστήριον
1285 4152 1408 4219 ἡμῖν
1453 4149 1683 4202 ἐνταῦθα
1738 4146 2133 4203 ἀποκαλύπτει.

559 4249 718 4302 Ποῖον
742 4248 807 4317 δὴ
833 4247 990 4299 τοῦτο
1009 4263 1023 4312 ;
1060 4247 1181 4300 ’Ότι
1215 4245 1308 4296 τοῦ
1344 4242 1509 4298 αὐτοῦ
1546 4244 1859 4314 Πνεύματος
1892 4245 1925 4313 ἡ
1958 4245 2137 4313 Καινὴ

561 4341 658 4395 καὶ
703 4342 736 4409 ἡ
775 4338 1016 4403 Παλαιὰ,
1050 4338 1144 4391 καὶ
1191 4338 1251 4389 τὸ
1282 4337 1412 4389 αὐτὸ
1446 4335 1698 4405 Πνεῦμα,
1745 4336 1804 4388 τὸ
1851 4338 1908 4388 ἐν
1953 4336 2138 4408 ἐκείνῃ

563 4431 957 4502 φθεγξάμενον,
992 4431 1087 4484 καὶ
1122 4427 1351 4483 ἐνταῦθα
1379 4428 1628 4500 ἐλάλησε,
1659 4429 1753 4483 καὶ
1779 4429 1859 4481 ὅτι
1889 4429 1922 4492 ἡ
1954 4429 2137 4492 πίστις

563 4526 779 4578 πάντων
800 4524 917 4576 ἐστὶ
932 4521 1272 4584 διδάσκαλος,
1298 4523 1390 4575 καὶ
1408 4519 1610 4591 ταύτης
1628 4520 1756 4573 ἄνευ
1778 4520 1897 4573 οὐδὲ
1912 4519 2139 4591 λαλῆσαί

513 4633 519 4638 ’
561 4629 615 4665 τι
646 4611 939 4681 δυνάμεθα.
966 4611 1074 4665 Καὶ
1101 4611 1270 4680 ἡμεῖς
1302 4611 1428 4680 γὰρ,
1456 4610 1612 4681 φησὶ,
1634 4611 2017 4680 πιστεύομεν,
2047 4609 2139 4663 διὸ

563 4703 661 4757 καὶ
679 4703 1114 4771 λαλοῦμεν.“Αν
1132 4702 1241 4773 γὰρ
1269 4701 1472 4772 ταύτην
1496 4701 1710 4772 ἀνέλῃς,
1730 4703 1853 4757 ούδέ
1880 4702 2137 4768 διανοῖξαι

562 4795 624 4846 τὸ
658 4793 833 4862 στόμα
860 4792 1103 4846 δυνατόν.
1132 4792 1242 4845 Καὶ
1268 4791 1357 4845 διὰ
1381 4793 1435 4843 τί
1466 4790 1540 4862 μὴ
1582 4787 1763 4858 εἶπεν,
1799 4794 2051 4864 Ἔχοντες
2085 4791 2139 4844 δὲ

563 4885 661 4956 τὴν
683 4884 850 4955 αὐτὴν
875 4884 1076 4948 πίστιν,
1096 4884 1231 4947 ἀλλ’,
1251 4885 1533 4952 Ἔχοντες
1562 4883 1630 4936 δὲ
1650 4883 1716 4937 τὸ
1736 4884 1880 4940 αὐτὸ
1897 4883 2140 4952 Πνεῦμα

563 4975 675 5043 τῆς
698 4975 987 5038 πίστεως;
1022 4973 1206 5026 ταῦτά
1237 4991 1296 5025 τε
1319 4973 1387 5026 τά
1413 4973 1676 5044 εἰρημένα
1701 4974 1897 5045 δηλῶν,
1920 4973 2016 5028 καὶ
2034 4974 2142 5026 δει-

565 5068 717 5131 κνὺς,
747 5067 828 5119 ὅτι
860 5065 960 5136 τῆς
987 5065 1080 5119 τοῦ
1119 5064 1435 5135 Πνεύματος
1465 5066 1623 5136 χρεία
1658 5067 1924 5138 χορηγίας
1962 5068 2042 5130 είς
2078 5065 2141 5119 τὸ

566 5159 830 5229 ἀναϐῆναι
860 5157 995 5225 πρὸς
1025 5156 1087 5209 τὸ
1120 5155 1253 5225 ὕψος
1285 5157 1383 5227 τῆς
1428 5156 1692 5224 πίστεως,
1731 5160 1825 5211 καῖ
1858 5158 1966 5211 τῶν
1997 5158 2142 5225 λογι-

565 5248 719 5318 σμῶν
767 5247 866 5317 τὴν
903 5246 1184 5299 ἀσθένειαν
1229 5247 1515 5316 ἀτιμάσαι.
1574 5248 1665 5301 Διὸ
1711 5249 1806 5302 καὶ
1839 5248 2071 5319 ἀλλαχοῦ
2112 5247 2143 5302 6

566 5341 727 5401 αὑτός
750 5354 934 5409 φησιν’
979 5336 1242 5404 Ἐκάστφ
1265 5337 1334 5390 δὲ
1358 5337 1397 5404 ’ἡ
1424 5339 1755 5407 φανέρωσις
1785 5338 2013 5392 δίδοται
2035 5338 2140 5392 τοῦ

610 5648 653 5721 ᾗ
669 5648 814 5721 βεινίι.
834 5654 1087 5721 ῦπολαβεξν
1101 5654 1287 5721 ιιειιψιλςι
1305 5659 1393 5706 sed
1410 5659 1846 5721 ,τεειεᾲειιερὶειιιιις
1870 5666 1948 5708 ost
1968 5660 2143 5721 legen-

578 5710 687 5753 dum
707 5720 815 5756 essu
832 5714 1099 5772 ὑποϐαλεῖν,
1123 5724 1171 5763 ιιι
1193 5718 1342 5769 habet
1361 5719 1515 5768 editio
1534 5710 1745 5768 Μοτέιιὶ.

2243 429 2584 496 Πνεύματος
2610 430 2757 497 πρὸς
2778 429 2845 482 τὸ
2867 431 3195 499 συμφέρον.
3225 424 3296 501 ᾯ
3314 431 3429 499 μὲν
3447 434 3547 501 γάρ
3562 431 3648 486 διὰ
3668 433 3752 490 τοῦ

2237 520 2581 587 Πνεύματος
2600 520 2828 575 δίδοται
2863 522 3045 590 λόγος
3069 522 3310 590 σοφίας,
3340 521 3511 589 ἑτέρῳ
3529 521 3593 575 δὲ
3607 524 3755 594 λόγος

2238 607 2531 677 γνώσεως,
2552 610 2721 674 ἄλλῳ
2743 608 2811 663 δὲ
2834 611 3062 677 πίστις,
3082 611 3248 677 ἄλλῳ
3275 613 3599 681 χαρίσματα
3618 614 3754 682 lugd-

2238 715 2372 754 των.
2418 700 2557 753 Ἀλλ’
2587 699 2717 765 ἴσως
2757 701 2899 756 εἴποι
2926 719 3012 766 τις
3048 702 3135 768 ἂν,
3165 706 3301 777 ὅπερ
3335 700 3428 758 οῦν
3468 706 3556 759 καὶ
3596 705 3756 776 ἀληθές

2238 791 2405 854 ἐστιν,
2428 791 2508 842 ὅτι
2539 791 2733 862 ἑτέραν
2749 793 2933 847 πίστιν
2951 796 3103 866 φησι,
3126 795 3193 848 δι’
3212 793 3282 869 ἧς
3299 794 3546 866 θαύματα
3565 796 3754 865 ἐγίνετο.

2238 874 2369 930 οἶδα
2403 879 2495 933 καὶ
2528 879 2659 948 ἐγὼ,
2692 882 2775 935 ὅτι
2801 883 2965 954 ἐτέρα
2991 884 3196 955 ἐκείνη,
3218 886 3345 957 περὶ
3368 882 3437 957 ἧς
3466 886 3556 939 καὶ
3579 887 3623 939 οῖ
3651 878 3758 939 ἀπό-

2241 965 2414 1019 στολοι
2443 968 2647 1037 ἔλεγον·
2673 972 2941 1038 Πρόσθες
2960 970 3106 1042 ἡμῖν
3126 972 3353 1028 πίστιν·
3380 974 3537 1047 ἐτέρα
3556 975 3609 1029 δὲ
3628 976 3758 1047 αῦτη,

2238 1056 2361 1110 καθ’
2385 1058 2454 1128 ἢν
2480 1060 2678 1125 πάντες
2705 1060 2874 1131 ἐσμὲν
2908 1063 3110 1131 πιστοὶ,
3142 1067 3344 1137 σημεῖα
3377 1060 3475 1136 μὲν
3497 1067 3554 1120 οὐ
3584 1067 3762 1120 ποιοῦν-

2236 1163 2347 1212 τες,
2392 1148 2489 1220 τὴν
2515 1149 2571 1202 δέ
2598 1151 2798 1218 γνῶσιν
2828 1153 3041 1223 ἔχοντες
3073 1155 3172 1225 τῆς
3206 1155 3506 1221 εὐσεϐείαςσ
3542 1157 3667 1212 ἀλλᾶ
3689 1158 3763 1211 καὶ

2239 1238 2471 1294 ἐνταῦθα
2489 1242 2588 1311 τῆς
2618 1243 2712 1296 τοῦ
2732 1244 3044 1316 Πνεύματος
3074 1247 3232 1318 χρεία
3254 1248 3522 1320 βοηθείας.
3550 1250 3652 1305 Καὶ
3677 1252 3762 1322 γὰρ

2239 1331 2367 1403 περί
2387 1349 2529 1396 τινος
2556 1334 2586 1387 6
2621 1334 2834 1399 Λουκᾶς
2859 1338 3080 1407 γράφει,
3109 1340 3191 1392 ὅτι
3224 1340 3498 1408 Διήνοιξε
3522 1340 3627 1410 τὴν
3654 1359 3765 1412 iap-

2238 1424 2377 1478 δίαν
2402 1426 2612 1493 αὐτῆς,
2654 1427 2760 1481 τοῦ
2787 1429 3111 1498 προσέχειν
3154 1430 3279 1497 τοῖς
3318 1433 3646 1501 λεγομένοις
3671 1434 3764 1488 ὑπὸ

2239 1515 2347 1570 τοῦ
2376 1519 2638 1572 Παύλου.
2675 1520 2784 1572 Καὶ
2820 1522 2848 1572 ὁ
2879 1522 3131 1592 Χριστός⁸
3168 1523 3377 1588 Οὐδείς
3404 1524 3624 1593 ἔρχεται
3649 1527 3765 1594 πρός

2234 1624 2332 1676 με,
2365 1608 2473 1662 ἐὰν
2487 1610 2573 1678 μὴ
2610 1613 2643 1664 ὁ
2673 1610 2874 1679 Πατὴρ
2904 1613 3137 1681 ἐλκύσῃ
3161 1616 3364 1684 αὐτόν.
3401 1616 3601 1670 Οὐκοῦν
3630 1620 3671 1670 εἰ
3693 1618 3766 1672 τοῦ

2240 1698 2374 1751 θεοῦ
2425 1701 2538 1752 ἐστι
2560 1700 2750 1765 τοῦτο,
2801 1703 2854 1755 τί
2910 1704 3313 1775 ἁμαρτάνουσιν
3339 1707 3391 1759 οῖ
3425 1705 3764 1770 ἀπιστοῦντες,

2245 1791 2382 1861 μήτε
2417 1792 2511 1845 τοῦ
2544 1792 2860 1864 Πνεύματος
2890 1794 3240 1865 βοηθοῦντος,
3287 1799 3427 1867 μήτε
3466 1793 3556 1852 τοῦ
3596 1798 3767 1869 Πατρδς

2242 1879 2509 1945 ἕλκοντος,
2554 1884 2691 1952 μήτε
2722 1883 2814 1936 τοῦ
2849 1884 2980 1937 Υίοῦ
3012 1886 3370 1956 ὀδηγοῦντοςς
3406 1890 3514 1942 Καὶ
3547 1889 3643 1961 γὰρ
3670 1890 3769 1965 περὶ

2243 1972 2436 2025 ἑαυτοῦ
2475 1990 2659 2043 φησιν·
2713 1974 2852 2043 Ἐγώ
2885 1978 3004 2046 ειμι
3054 1978 3093 2046 ἠ
3139 1978 3301 2045 ὁδός.
3346 1979 3516 2033 Τοῦτο
3564 1981 3617 2034 δὲ
3654 1980 3767 2049 λέγει

2242 2064 2477 2129 δεικνὺς,
2509 2068 2592 2121 ὅτι
2621 2068 2785 2121 αὐτοῦ
2814 2071 2973 2141 χρεία
3004 2073 3082 2135 είς
3111 2072 3171 2125 τὸ
3199 2076 3576 2146 προσαχθῆναι
3601 2076 3667 2147 τῷ
3682 2077 3769 2132 Ila-

2243 2155 2351 2225 τρί.
2388 2155 2451 2209 Εἰ
2477 2157 2655 2212 τοίνυν
2679 2162 2706 2212 ὁ
2739 2161 2926 2234 Πατὴρ
2951 2162 3118 2229 ἐλκει,
3157 2164 3187 2216 ὁ
3210 2164 3341 2229 Υἱὸς
3384 2170 3704 2238 χειραγωγεῖ,
3723 2169 3769 2221 τὸ

2244 2246 2467 2319 Πνεῦμα
2496 2250 2742 2319 φωτίζει,
2764 2251 2815 2305 τί
2844 2254 3247 2327 ἁμαρτάνουσιν
3272 2258 3322 2310 οῖ
3362 2259 3499 2329 μήτε
3527 2258 3768 2313 ἐλκυσθὲν·

2242 2353 2354 2401 τες,
2390 2340 2527 2410 μήτε
2557 2343 3079 2414 χειραγωγηθέντες,
3104 2346 3239 2416 μήτε
3266 2348 3653 2417 φωτισθέντεςς
3675 2350 3769 2402 Ὅτι

2248 2429 2324 2499 μὴ
2355 2430 2682 2500 παρέχουσιν
2710 2431 2893 2498 ἀξίους
2931 2434 3158 2500 ἑαυτοὺς
3192 2436 3285 2489 τοῦ
3324 2437 3531 2510 ταύτην
3556 2437 3765 2503 δέξασθαι

2243 2520 2343 2590 τὴν
2379 2520 2662 2592 ἐλλαμψιν.
2692 2524 2834 2595 Ὅρα
2878 2525 3008 2593 γοῦν
3049 2527 3141 2578 ἐπὶ
3182 2526 3277 2580 τοῦ
3318 2528 3613 2600 Κορνηλίου
3648 2528 3769 2581 τοῦτο

2247 2612 2478 2682 συμϐάν·
2506 2615 2567 2667 οὐ
2600 2615 2709 2686 γάρ
2740 2616 2950 2669 οἴκοθεν
2980 2618 3185 2682 ἐκεῖνος
3220 2617 3385 2672 τοῦτο
3423 2616 3592 2690 εὗρεν,
3627 2618 3719 2672 ἀλλ’
3745 2619 3767 2670 ὁ

2244 2703 2377 2769 Θεὸς
2400 2705 2562 2760 αὑτὸν
2595 2706 2874 2772 ἐκάλεσεν,
2903 2708 3090 2780 ἐπειδὴ
3118 2710 3432 2783 προλαϐὼν,
3461 2711 3638 2766 ἐαυτὸν
3654 2710 3767 2776 ἀξιον

2245 2795 2644 2865 παρεσκεύασε.
2686 2797 2788 2851 Διά
2821 2798 2886 2870 δὴ
2924 2796 3084 2853 τοῦτο
3120 2801 3215 2855 καὶ
3254 2802 3284 2854 6
3324 2802 3533 2868 Παῦλος
3566 2803 3679 2875 περὶ
3701 2798 3768 2852 πίο

2248 2902 2419 2950 στεως
2450 2887 2828 2958 διαλεγόμενος
2851 2889 3027 2958 ἔλεγε·
3048 2891 3158 2946 Καὶ
3193 2890 3373 2948 τοῦτο
3397 2896 3508 2949 οὐκ
3532 2893 3595 2959 ἐξ
3619 2891 3765 2962 ὑμῶν,

2249 2978 2396 3033 Θεοῦ
2448 2979 2513 3032 τὸ
2543 2978 2753 3049 δῶρον.
2802 2981 2876 3035 Οὐ
2920 2982 3019 3052 μὲν
3066 2982 3272 3053 ἔρημόν
3321 3002 3383 3037 σε
3424 2983 3766 3055 καταλιμπάνει

2247 3067 2705 3138 κατορθωμάτων.
2735 3070 2799 3123 El
2828 3069 2938 3141 γὰρ
2971 3071 3134 3125 αὐτοῦ
3164 3075 3282 3126 ἐστι
3335 3075 3399 3128 τὸ
3446 3075 3654 3128 ἑλκύσαι
3696 3071 3765 3125 καὶ

2248 3159 2496 3226 ἐπαγαγέ
2509 3159 2644 3212 ιθαι·
2676 3159 2791 3214 ἀλλ’
2811 3160 2958 3230 ὅμως
2988 3162 3082 3215 καὶ
3100 3162 3280 3233 ψυχὴν
3303 3165 3531 3235 εὐπειθῆ
3549 3162 3764 3232 ἐπιζητεῖς

2247 3250 2339 3301 καὶ
2369 3250 2488 3302 τότε
2517 3251 2614 3320 τὴν
2644 3252 2772 3322 παρ’
2805 3251 2998 3305 ἐαυτοῦ
3031 3254 3352 3323 συμμαχίαν
3381 3255 3599 3323 εἰσάγει.

2316 3484 2405 3536 Διὸ
2431 3483 2523 3534 καῖ
2552 3482 2785 3553 ἀλλαχοῦ
2808 3501 2941 3553 φησι
2963 3483 3192 3547 Παῦλος
3224 3476 3352 3552 Τοῖς
3370 3483 3516 3538 κατὰ
3532 3483 3767 3552 πρόθεσιν

2243 3574 2488 3644 κλητοῖς
2516 3570 2716 3632 οὖσιν.
2752 3577 2828 3630 Οὐ
2864 3574 2972 3647 γὰρ
2998 3575 3063 3648 δὴ
3085 3576 3411 3650 ἠναγκάσθη
3447 3577 3515 3633 τὰ
3550 3575 3637 3647 τῆς
3667 3575 3765 3642 ἀρε·

2241 3667 2340 3736 τῆς
2367 3666 2460 3720 καὶ
2495 3668 2592 3738 τῆς
2624 3668 2897 3737 σωτηρίας
2931 3666 3082 3739 [3H]
3117 3667 3297 3738 ήμῶν.
3365 3669 3504 3722 Ἀλλ’
3534 3669 3580 3720 εί
3622 3665 3700 3719 καὶ
3723 3661 3766 3713 τὸ

2244 3758 2405 3812 πλέον
2438 3757 2600 3812 αὐτοῦ
2629 3760 2766 3822 ἐστι,
2794 3759 2978 3829 σχεδὸν
3005 3757 3060 3810 δέ
3097 3758 3274 3811 καὶτὸ
3304 3761 3433 3822 πᾶν,
3464 3761 3605 3829 ὅμως
3627 3749 3767 3822 ἀφῆκέ

2243 3866 2298 3901 τι
2321 3850 2413 3902 καὶ
2441 3850 2571 3919 ήμῖν
2601 3850 2813 3919 μικρὸν,
2862 3847 3002 3901 ὥστε
3041 3849 3135 3902 καὶ
3181 3849 3536 3920 εὐπρόσωπον
3565 3842 3768 3916 γενέσθαι

2243 3940 2352 3993 τῶν
2387 3939 2666 4008 στεφάνων
2705 3940 2805 4009 τὴν
2843 3941 3133 4010 πρόφασιν.
3175 3938 3275 3992 Διά
3310 3939 3377 4010 δὴ
3424 3939 3576 3993 τοῦτο
3603 3932 3767 3990 Παῦλος

2245 4031 2433 4085 εἰπών·
2456 4034 2743 4101 Ἔχοντες
2771 4032 2839 4085 δὲ
2870 4031 2936 4084 τὸ
2957 4029 3102 4084 αὐτὺ
3127 4031 3373 4101 Πνεῦμα
3394 4030 3500 4099 τῆς
3528 4030 3766 4087 πίστεως,

2245 4125 2526 4187 τουτέστι,
2560 4126 2619 4177 cl;
2666 4124 2759 4177 καὶ
2798 4124 2855 4177 ἐν
2896 4126 2962 4194 τῇ
2994 4124 3207 4195 Παλαιᾷ
3246 4123 3506 4195 λαλῆσαν,
3539 4121 3767 4191 ἐπήγαγε·

2246 4216 2356 4272 Καὶ
2384 4216 2552 4286 ἡμεῖς
2590 4217 2971 4286 πιστεύομεν,
3003 4214 3096 4269 διὸ
3137 4216 3235 4269 καί
3263 4216 3586 4286 λαλοῦμεν.
3624 4205 3769 4276 Πολλῷ

2250 4307 2356 4379 γάρ
2388 4306 2588 4378 μᾶλλον
2629 4306 2862 4361 ἐνταῦθα
2894 4307 3132 4370 πίστεως
3172 4308 3354 4378 χρεία,
3396 4308 3429 4379 ἢ
3466 4308 3592 4369 ἐκεῖ,
3627 4302 3701 4356 διά
3727 4313 3771 4351 τε

2247 4399 2347 4468 τὴν
2393 4395 2555 4466 φύσιν
2589 4395 2701 4449 τῶν
2747 4395 3086 4465 ἐπαγγελιῶν
3123 4394 3358 4468 ἀόρατόν
3411 4415 3469 4451 τε
3513 4393 3661 4451 οὖσαν
3701 4388 3770 4442 καὶ

2248 4488 2460 4559 νοεράην,
2491 4489 2580 4542 διά
2608 4506 2667 4541 τε
2704 4488 2803 4559 τὴν
2829 4488 2982 4554 τάξιν
3010 4488 3120 4541 τῶν
3147 4489 3378 4561 καιρῶν.
3419 4491 3490 4544 Οὐ
3522 4490 3621 4559 γὰρ
3650 4478 3771 4549 ἐντῷ

2250 4581 2484 4651 παρόντι
2534 4581 2653 4652 βίῳ,
2702 4581 2818 4634 ἀλλ’
2854 4582 2912 4634 ἐν
2945 4580 3021 4651 τῷ
3050 4581 3298 4652 μέλλοντι
3346 4579 3414 4655 ἦν
3440 4581 3508 4635 τὰ
3537 4576 3715 4633 ἔπαθλα
3731 4573 3767 4622 δ.

2248 4670 2465 4725 Μᾶλλον
2502 4671 2559 4723 δὲ
2592 4671 2688 4723 καὶ
2721 4672 2859 4743 ὑπὲρ
2901 4671 3010 4724 τῶν
3040 4670 3325 4742 παρόντων
3364 4672 3590 4733 πίστεως
3615 4663 3767 4737 χρεία’
3810 4670 3819 4681 ’

2249 4766 2342 4818 καὶ
2366 4766 2475 4835 γὰρ
2510 4762 2649 4818 αὐτά
2671 4763 2739 4815 τὰ
2764 4763 3014 4834 διδόμενα
3054 4764 3290 4827 πίστεως
3330 4762 3498 4816 ἐδεῖτο
3528 4761 3614 4815 καὶ
3642 4760 3691 4810 ἐν
3715 4750 3770 4820 τῷ

2249 4853 2507 4917 δίδοσθαι,
2553 4855 2588 4925 ἥ
2635 4869 2695 4907 τε
2746 4853 2855 4908 τῶν
2896 4853 3208 4926 μυστηρίων
3261 4855 3549 4920 κοινωνία,
3602 4847 3682 4903 τοῦ
3729 4858 3771 4895 τε

2251 4943 2623 5014 βαπτίσματος
2650 4946 2683 5014 ἡ
2714 4943 2909 5015 δωρεά.
2933 4943 3089 4998 Οὕτω
3116 4946 3290 5000 πάντα
3313 4944 3471 5014 λόγον
3502 4937 3773 5012 ὑπερέϐαινι

2249 5039 2356 5092 τῶν
2389 5038 2611 5107 ἀγαθῶν
2640 5040 2674 5111 ἡ
2705 5039 2952 5110 δύναμις.
2976 5039 3041 5094 Εί
3065 5036 3244 5092 τοίνυν
3271 5040 3330 5092 ἐν
3357 5042 3470 5102 τοῖς
3496 5032 3772 5106 παχυτάτοις

2250 5132 2479 5197 ἐκείνοις
2509 5132 2605 5185 καὶ
2633 5131 2911 5202 αἰσθητοῖς
2943 5129 3180 5196 πίστεως
3225 5122 3364 5194 ἔδει,
3411 5127 3583 5197 πολλῷ
3613 5119 3771 5195 poma?

2251 5222 2507 5277 ἐνταῦθα.
2553 5223 2687 5276 Ἀλλ’
2730 5226 2763 5293 ή
2812 5223 2910 5293 μὲν
2937 5222 3268 5293 ἀποστολικὴ
3306 5221 3450 5289 λέξις
3506 5218 3595 5288 τὴν
3637 5223 3770 5284 προσ·

2259 5315 2488 5382 ήκουσαν
2514 5310 2807 5382 ἑρμηνείαν
2831 5311 3069 5382 εἴληφεν·
3097 5312 3216 5382 ῶρα
3241 5311 3423 5365 λοιπὸν
3438 5308 3587 5363 πάλιν
3605 5303 3682 5359 καὶ
3701 5293 3769 5351 ἐπὶ

2249 5404 2350 5476 τὴν
2380 5404 2721 5475 προφητικὴν
2754 5404 2948 5471 ἐλθεῖν,
2992 5405 3087 5458 καὶ
3123 5406 3296 5457 εἰπεῖν
3325 5404 3378 5456 τί
3405 5417 3558 5471 φησιν
3582 5398 3607 5448 ὁ
3630 5385 3770 5464 μακά

2314 5721 2344 5761 ιν
2364 5715 2513 5771 Savil.
2539 5720 2588 5766 in
2610 5719 2833 5781 margine
2857 5716 2956 5766 60.70
2981 5717 3029 5765 ἐν
3050 5718 3118 5766 τῶ
3139 5713 3350 5779 μέλλοντί
3370 5713 3457 5761 εἰσι
3477 5709 3533 5757 τὰ
3556 5700 3715 5755 ἔπαθλα.
