3956 6408
195 341 302 398 ﬁt

200 457 269 512 Et
294 456 417 512 ideo
447 455 576 511 dicit
605 473 617 508 :
648 452 900 524 Respicite
922 451 988 504 ad
1013 449 1226 504 solidam
1256 457 1468 516 petram,
1497 459 1559 498 ex
1577 459 1674 513 qua
1701 457 1789 495 ex-

197 548 296 602 cisi
324 548 464 611 estis,
486 545 754 601 Abraham
774 545 843 597 ita
868 555 1065 598 vocans
1095 559 1108 594 :
1137 548 1183 592 et
1208 540 1395 610 fossam
1417 538 1579 598 lacus,
1610 550 1673 587 ea:
1693 548 1792 603 quo

195 637 378 703 effossi
407 637 526 690 estis
547 678 561 698 ,
614 636 827 690 Sarram
878 633 948 687 ita
994 632 1276 686 nominans
1306 627 1400 699 (α).
1428 624 1789 694 Quemadmo-

197 728 340 782 dum
372 727 516 783 enim
551 726 700 782 lacus
726 740 915 796 aquam
959 740 1053 794 per
1096 738 1155 778 se
1186 737 1289 775 non
1322 720 1501 786 habet,
1541 718 1638 773 sed
1672 730 1789 771 eam

198 820 435 888 suscipit
465 834 530 872 ex
560 820 802 886 supernis
845 815 1033 886 pluviis
1062 833 1076 868 :
1106 815 1175 867 ita
1200 813 1358 869 etiam
1390 811 1474 865 illa
1499 825 1619 864 eum
1651 816 1793 863 esset

197 911 411 978 privata
439 907 694 964 facultate
736 907 1005 980 gignendi,
1035 921 1063 959 a
1090 906 1338 975 supernis
1373 903 1581 973 accepit
1605 902 1788 961 illam;

195 1010 259 1056 et
287 997 741 1069 quemadmodum
773 1004 919 1067 petra
968 1009 1253 1065 numquam
1284 995 1513 1047 fructum
1551 992 1691 1056 tulit,
1722 990 1792 1043 ita

200 1104 307 1144 nec
338 1088 479 1143 ferre
507 1096 714 1158 poterat
740 1086 1009 1142 Abraham
1036 1103 1049 1140 :
1078 1101 1178 1154 ego
1200 1095 1373 1140 tamen
1402 1098 1497 1139 vos
1525 1083 1670 1137 illine
1694 1097 1790 1136 ex-

199 1180 400 1250 culpsi,
432 1190 487 1235 et
516 1196 579 1234 ex
611 1195 718 1234 uno
759 1187 837 1233 tot
862 1185 917 1234 et
961 1186 1134 1233 tantas
1162 1178 1408 1248 regiones
1456 1175 1692 1245 implevi.
1728 1174 1795 1227 Et

206 1272 335 1326 ideo
364 1271 700 1326 Ezechielem
722 1285 933 1341 quoque
956 1270 1007 1323 in
1036 1284 1284 1338 campum
1313 1268 1509 1333 educit,
1536 1276 1588 1322 et
1613 1275 1798 1321 osten-

199 1359 285 1414 dit
307 1361 357 1416 ei
385 1361 656 1415 cumulum
683 1360 905 1428 ossium,
936 1368 990 1416 et
1033 1359 1361 1429 pr0phetans
1408 1371 1528 1411 ossa
1571 1357 1788 1423 excitat,

201 1450 498 1506 ostendens
518 1451 618 1516 eis,
650 1461 703 1505 et
732 1451 917 1505 dicens
943 1468 956 1503 :
989 1449 1051 1505 Si
1076 1465 1281 1521 possunt
1301 1448 1520 1502 excitare
1544 1457 1791 1512 mortuos,

202 1544 369 1596 multo
395 1544 557 1613 magis
583 1558 689 1607 vos,
716 1544 801 1610 qui
840 1543 1021 1607 vivitis,
1048 1542 1283 1596 reducere
1310 1540 1523 1612 (Ezeclt.
1555 1540 1644 1594 57.
1681 1540 1791 1607 l5).

201 1632 284 1687 Illi
314 1632 527 1703 quidem
558 1634 635 1688 sic
664 1650 677 1686 :
711 1633 796 1687 hic
823 1642 999 1688 autem
1028 1632 1284 1702 propheta
1315 1630 1625 1701 quomodo?

282 1745 435 1799 Fidei
480 1747 744 1801 necessitas
770 1747 823 1799 in
853 1744 1287 1817 promissionibus.
1329 1743 1536 1797 Rationi
1561 1743 1797 1796 humanm

205 1854 311 1891 non
340 1837 658 1891 innitendum
685 1838 736 1891 in
774 1838 925 1891 rebus
968 1837 1169 1891 divinis.
1223 1866 1294 1878 -—
1338 1835 1562 1901 Credidi,
1591 1845 1795 1905 propter

201 1929 345 1990 quod
392 1928 628 1998 loquutus
672 1945 801 1982 sum.
863 1930 975 1985 Hoc
1022 1935 1143 1983 est:
1176 1926 1306 1982 Fide
1349 1942 1481 1995 opus
1510 1935 1592 1982 est
1637 1925 1703 1979 ad
1734 1940 1795 1979 ea

204 2034 327 2084 qua:
356 2019 774 2087 promittuntur:
806 2033 905 2087 ego
943 2019 1087 2077 enim
1133 2033 1193 2073 ea
1233 2018 1473 2088 cogitans
1515 2028 1570 2072 et
1614 2017 1795 2071 animo

205 2108 515 2174 revolvens,
550 2108 654 2164 ﬁde
700 2109 1001 2165 introducta
1045 2124 1260 2164 omnem
1308 2108 1484 2179 expuli
1512 2107 1793 2177 perturba-

206 2198 430 2253 tionem.
466 2199 576 2254 lloc
605 2215 732 2269 ergo
761 2200 891 2255 dicit
922 2200 1140 2266 Paulus,
1193 2200 1244 2253 in
1278 2197 1359 2252 his
1401 2197 1706 2264 sensilibus,
1743 2207 1795 2251 et

205 2304 331 2357 qua:
362 2290 606 2343 videntur
636 2291 811 2357 bonis,
861 2290 967 2345 ﬁde
995 2305 1129 2361 opus
1154 2305 1293 2345 esse.
1327 2289 1479 2357 Quod
1505 2290 1550 2344 si
1579 2290 1632 2343 in
1667 2303 1795 2344 seu-

200 2380 417 2446 silibus,
449 2381 615 2435 multo
635 2382 803 2452 magis
825 2382 875 2435 in
906 2381 1289 2451 spiritualibus.
1312 2380 1366 2436 Si
1385 2381 1525 2435 enim
1554 2390 1613 2435 ut
1644 2396 1794 2435 suam

198 2470 478 2525 civitatem
513 2487 572 2525 se
606 2482 1013 2542 recuperaturos
1042 2466 1405 2536 admitterent,
1435 2472 1513 2527 eis
1541 2471 1634 2525 fuit
1660 2485 1795 2540 opus

204 2560 315 2615 ﬁde
345 2577 360 2612 :
391 2560 560 2616 multo
598 2563 768 2632 magis
803 2563 976 2631 nobis,
1024 2564 1115 2634 qui
1164 2564 1354 2618 caelum
1398 2574 1791 2634 exSpectamus.

198 2651 434 2719 Quando
459 2667 585 2722 ergo
611 2662 693 2708 est
727 2653 924 2723 aliquid
953 2670 1223 2723 magnum,
1252 2664 1306 2710 et
1334 2654 1477 2725 quod
1513 2654 1793 2726 cogitatio-

200 2761 330 2799 nem
359 2755 412 2799 ct
437 2746 695 2799 rationem
737 2756 977 2815 superat,
1008 2756 1217 2816 oportet
1255 2764 1372 2803 eam
1412 2763 1710 2815 assumere,
1740 2757 1796 2803 et

198 2851 315 2891 non
344 2835 577 2891 lmmano
608 2838 795 2893 ordine
818 2853 903 2893 res
924 2840 1250 2895 examinare.
1279 2841 1625 2898 Admirabilia
1649 2842 1792 2897 enim

204 2928 301 2983 Dei
328 2943 491 2998 Opera
518 2938 644 2984 sunt
670 2930 734 2985 iis
762 2930 1013 2986 omnibus
1040 2932 1334 3001 superiora.
1364 2931 1588 3003 Oportet
1616 2933 1796 3003 itaque

205 3035 300 3073 ora
350 3021 646 3076 rationibus
694 3022 1035 3079 obstruentes
1076 3024 1141 3079 ad
1193 3024 1351 3078 ﬁdem
1404 3040 1705 3090 accurrere,
1741 3035 1795 3081 et

208 3111 381 3165 Deum
399 3111 572 3181 gloria
603 3111 840 3168 afﬁcere.
873 3113 971 3181 Qui
1001 3114 1143 3169 enim
1173 3114 1380 3170 ratione
1404 3116 1678 3170 contendit
1708 3131 1795 3171 res

204 3201 279 3255 ad
310 3202 454 3255 illum
475 3211 777 3272 spectantes
808 3204 1068 3269 invenire,
1096 3221 1434 3275 nequaquam
1470 3221 1592 3261 eum
1620 3207 1794 3277 gloria

209 3291 398 3357 afﬁcit,
427 3302 481 3348 ut
504 3295 593 3365 qui
632 3295 896 3349 ratiocinii
924 3296 1004 3351 sui
1035 3296 1319 3352 humilitati
1348 3298 1477 3354 velit
1503 3300 1793 3357 iuell'abilia

202 3383 328 3451 ejus
354 3386 665 3439 teconomize
690 3386 909 3440 consilia
930 3386 1218 3457 subjicere.

274 3497 329 3550 2.
378 3496 498 3551 Ideo
520 3497 583 3551 de
609 3497 878 3552 Abraham
907 3513 1117 3569 quoque
1148 3501 1373 3572 loquens
1416 3502 1632 3571 Paulus,
1658 3519 1795 3574 quo-

202 3589 351 3642 niam
386 3604 489 3642 non
519 3588 623 3643 hoc
652 3588 811 3657 fecit,
842 3591 937 3645 sed
965 3606 1089 3646 suas
1133 3594 1367 3649 rationes
1395 3595 1795 3665 reprehendens

199 3678 444 3746 respexit
462 3678 527 3731 ad
552 3680 841 3748 potentiam
864 3680 982 3749 ejus
1003 3681 1091 3751 qui
1117 3691 1198 3737 est
1218 3683 1504 3754 pollicitus,
1533 3694 1586 3740 ct
1610 3696 1793 3743 osten-

199 3770 342 3824 dens
370 3784 490 3823 eum
512 3768 609 3824 hac
633 3771 838 3826 ratione
868 3771 1037 3826 Deum
1066 3774 1296 3827 maxima
1326 3774 1493 3845 gloria
1524 3775 1788 3843 all‘ecisse,

200 3861 333 3916 dicit
363 3860 466 3915 ειη
496 3863 825 3932 promissione
853 3866 986 3918 enim
1013 3863 1110 3919 Dei
1141 3882 1241 3920 non
1271 3865 1522 3921 haesitavit
1548 3867 1789 3922 incredu-

192 3955 369 4019 litate,
397 3954 485 4008 sed
510 3955 708 4009 ualidus
746 3960 915 4027 factus
944 3967 1017 4010 est
1040 3959 1172 4027 ﬁde,
1206 3957 1335 4011 dans
1358 3960 1574 4029 gloriam
1598 3960 1726 4026 Deo,
1744 3969 1793 4016 et

199 4056 339 4100 certo
362 4061 659 4113 persuasus,
684 4048 847 4117 ipsum
876 4049 1014 4118 quod
1038 4048 1294 4119 pollicitus
1320 4059 1391 4105 est
1409 4093 1424 4117 ,
1466 4068 1612 4122 posse
1641 4053 1792 4108 etiam

200 4140 375 4207 facere
402 4136 574 4207 (Rom.
610 4139 662 4192 4.
681 4138 771 4193 20.
793 4139 1064 4210 2i).Quid
1093 4156 1252 4210 porro
1279 4152 1383 4209 est,
1409 4143 1660 4200 [labentes
1699 4162 1795 4200 au-

200 4238 302 4282 tem
331 4230 559 4282 eumdem
588 4229 840 4298 Spiritum
854 4231 996 4299 ﬁdei,
1015 4234 1141 4286 sicut
1165 4235 1406 4304 scriptum
1430 4245 1503 4290 est
1523 4252 1543 4291 .°
1564 4236 1790 4304 Credidi,

198 4330 413 4392 ,ποριεῖ
456 4322 599 4391 quod
638 4324 869 4393 loquutus
910 4340 1020 4377 sum
1043 4339 1062 4377 :
1092 4335 1137 4378 et
1176 4342 1268 4381 nos
1303 4328 1556 4384 credimus
1583 4342 1794 4402 propter

196 4413 342 4482 quod
366 4423 410 4466 et
441 4414 692 4484 loquimur
723 4414 797 4487 (2.
828 4414 947 4470 Cor.
974 4416 1183 4487 4.15)?

273 4524 504 4593 Spiritus
530 4525 667 4578 idem
689 4527 947 4596 utriusque
976 4527 1285 4584 Testamenti
1310 4531 1567 4587 conditor.
1598 4532 1779 4588 Gratia

193 4615 266 4668 ad
285 4614 440 4679 ﬁdem
456 4618 830 4670 necessaria.—
858 4618 954 4672 llic
983 4618 1139 4674 nobis
1174 4635 1423 4691 magnum
1445 4623 1650 4678 revelat
1673 4639 1792 4695 my-

195 4707 447 4760 sterium.
470 4706 749 4773 Quodnam
776 4707 880 4764 hoc
898 4709 920 4763 ?
940 4709 1191 4779 Ejusdem
1213 4726 1333 4768 esse
1347 4712 1576 4783 Spiritus
1597 4708 1793 4771 novum

197 4804 259 4849 et
297 4795 461 4849 Vetus
495 4796 894 4853 Testamentum
926 4817 941 4855 :
988 4808 1043 4856 et
1086 4802 1330 4857 eumdem
1383 4802 1677 4873 Spiritum,
1704 4808 1792 4877 qui

195 4894 280 4939 est
335 4888 386 4939 in
416 4900 481 4941 eo
528 4888 799 4957 loquutus,
824 4889 910 4944 hic
948 4906 1160 4962 quoque
1206 4893 1482 4963 loquutum
1528 4910 1688 4962 esse,
1730 4912 1794 4953 ac

200 4974 365 5030 ﬁdem
408 4992 527 5033 esse
570 4979 809 5033 omnium
854 4982 1182 5051 magistram,
1214 4998 1316 5039 nec
1349 4986 1551 5056 absque
1578 5001 1642 5041 ea
1694 5002 1793 5043 nos

197 5067 473 5136 quidpiam
522 5085 697 5139 posse.
750 5068 814 5126 Et
859 5088 948 5127 nos
1003 5074 1179 5139 enim,
1237 5074 1447 5144 inquit,
1501 5077 1791 5144 credimus,

198 5166 248 5211 et
297 5157 413 5212 ideo
456 5159 729 5230 loquimur.
779 5160 837 5215 Si
891 5177 1009 5217 eam
1057 5164 1199 5218 enim
1243 5165 1520 5221 sustuleris
1544 5207 1559 5231 ,
1619 5183 1686 5222 ne
1731 5182 1793 5223 os

196 5250 418 5320 quidem
465 5256 675 5323 aperire
726 5270 1030 5325 possumus.
1057 5259 1233 5327 Quare
1270 5270 1448 5316 autem
1497 5276 1603 5317 non
1635 5262 1789 5328 dixit,

197 5346 473 5403 [labentes
517 5359 694 5405 autem
739 5352 981 5407 eamdem
1036 5352 1649 5422 ﬁdem,sed,Habentes
1694 5373 1791 5411 au-

258 5501 335 5571 (ᾳ)
364 5508 477 5571 sar:
496 5501 697 5571 quidem
715 5502 897 5571 sterilis
910 5510 1035 5571 erat,
1050 5505 1305 5571 referente
1320 5509 1576 5571 Scriptura.
1602 5516 1658 5559 At
1673 5523 1791 5571 quo-

650 5565 884 5634 Abraham
903 5562 1056 5616 fuisse
1078 5568 1318 5634 sterilem,
1340 5579 1393 5619 et
1419 5562 1517 5619 non
1540 5562 1791 5634 magisfgi-

191 5624 381 5694 alendi
406 5622 635 5694 malum
658 5627 927 5687 preditum,
952 5640 1097 5694 quam
1136 5622 1375 5694 lapidein,
1400 5622 1791 5694 quandoq‘uidé'm

192 5692 307 5795 me:
318 5692 455 5794 ’sara:
476 5692 687 5737 mortem
705 5694 849 5738 aetate
872 5689 1098 5753 grandior
1115 5689 1206 5741 sex
1228 5691 1356 5742 ﬁlios
1373 5689 1590 5756 suscepit
1610 5689 1679 5744 ex
1700 5701 1790 5745 Ce-

1268 324 1622 385 EXPOSITIO
1661 323 1723 377 l.\'
1764 322 2079 379 PSALMUM
2117 324 2270 379 CXV.

3381 332 3487 388 322

1898 449 1995 493 tem
2045 442 2272 495 eumdem
2321 440 2570 511 Spiritum
2596 442 2763 513 ﬁdei?
2794 445 2858 499 Et
2904 460 2968 501 ea
2998 461 3118 517 qua:
3165 447 3303 503 dicta
3361 463 3482 505 sunt

1895 533 2221 601 signiﬁcans,
2260 546 2311 588 et
2365 535 2653 590 ostendens
2697 551 2833 606 Opus
2883 553 3005 593 esse
3058 538 3484 610 soppeditatione

1895 622 2126 692 Spiritus
2156 624 2222 679 ad
2260 626 2725 681 conscendendum
2773 628 2839 681 ad
2870 629 3202 684 altitudinem
3246 631 3402 699 ﬁdei,
3431 643 3487 689 et

1895 713 2319 782 vilipendendam
2351 716 2615 771 rationum
2660 718 3102 775 imbecillitatem.
3132 719 3200 774 Et
3222 721 3343 776 ideo
3372 723 3487 792 ipse

1895 820 2109 876 quoque
2138 808 2263 863 alibi
2292 808 2420 863 dicit
2452 825 2466 862 :
2499 807 2779 879 Unicuique
2804 821 2970 873 autem
2994 814 3335 885 manifestatio
3358 813 3487 885 Spi-

1894 898 2022 952 ritus
2047 897 2199 951 dutur
2219 900 2287 952 ad
2307 900 2592 954 utilitatem.
2619 900 2723 953 Alii
2753 903 2887 955 enim
2924 920 3012 972 per
3037 903 3294 973 Spiritum
3334 904 3491 959 datur

1894 1005 2059 1043 sermo
2079 990 2451 1058 sapientiw,alii
2472 1000 2638 1045 autem
2650 1007 2814 1045 sermo
2833 993 3078 1054 scientire,
3097 993 3189 1047 alii
3205 1011 3319 1048 vero
3337 996 3489 1062 ﬁdes,

1894 1079 1987 1133 alii
2005 1090 2173 1134 autem
2193 1081 2328 1134 dona
2356 1082 2676 1137 sanationum
2703 1082 2777 1152 (2.
2808 1080 2926 1136 Cor.
2949 1082 3038 1137 12.
3068 1085 3223 1154 7-9).
3243 1085 3349 1140 Sed
3379 1086 3488 1139 lor.
3520 1120 3529 1147 .,

1900 1180 2041 1227 tasse
2067 1172 2265 1227 dixerit
2290 1173 2575 1243 quiSpiam,
2602 1174 2743 1243 quod
2773 1175 2932 1229 etiam
2963 1191 3148 1231 verum
3179 1186 3282 1243 est,
3312 1177 3487 1247 ipsum
3522 1158 3529 1165 ’

1896 1264 2056 1319 aliam
2099 1263 2278 1319 dicere
2321 1264 2500 1330 ﬁdem,
2525 1279 2621 1334 per
2650 1281 2808 1335 quam
2829 1266 3026 1320 ﬁebant
3060 1266 3335 1321 miracula.
3362 1266 3489 1323 Scio

1897 1370 1997 1425 ego
2025 1370 2237 1426 quoque
2266 1357 2426 1410 aliam
2454 1371 2576 1412 esse
2598 1356 2781 1423 ﬁdem,
2814 1357 2882 1412 de
2921 1372 3024 1427 qua
3068 1358 3297 1427 apostoli
3345 1358 3491 1414 dice-

1898 1446 2047 1512 bant,
2073 1447 2253 1518 Adjicc
2282 1447 2427 1502 nobis
2456 1448 2610 1518 ﬁdem
2643 1447 2791 1520 (Luc.
2819 1450 2907 1504 l7.
2937 1450 2991 1518 5)
3020 1468 3033 1503 :
3058 1460 3114 1504 et
3139 1449 3298 1504 aliam
3330 1450 3489 1518 hanc,

1897 1551 1994 1606 per
2040 1552 2199 1606 quam
2245 1553 2433 1592 sumus
2474 1554 2664 1594 omnes
2693 1538 2915 1605 ﬁdeles,
2948 1540 3097 1610 signa
3128 1541 3342 1611 quidem
3388 1558 3493 1597 non

1899 1626 2186 1692 facientes,
2220 1628 2315 1681 sed
2362 1627 2618 1683 habentes
2656 1629 3015 1698 cognitionem
3060 1630 3269 1699 pietatis
3302 1649 3314 1684 :
3347 1632 3493 1702 atqui

1900 1718 1987 1773 hic
2037 1734 2251 1789 quoque
2280 1728 2364 1774 est
2396 1720 2550 1774 nobis
2577 1736 2712 1789 opus
2740 1722 2938 1776 auxilio
2979 1721 3233 1792 Spiritus.
3278 1722 3491 1777 Etenim

1897 1809 1965 1865 de
1995 1809 2224 1878 quadam
2252 1810 2436 1865 scribit
2457 1810 2648 1875 Lucas,
2681 1811 2892 1881 Aperuit
2918 1828 3005 1864 cor
3025 1814 3166 1882 ejus,
3191 1823 3246 1865 ut
3269 1813 3493 1867 attende-

1899 1909 1971 1953 ret
1994 1916 2074 1965 ea,
2102 1916 2216 1967 qua:
2245 1900 2585 1954 dicebantura
2609 1899 2778 1955 Paulo
2807 1901 2947 1971 (Act.
2972 1902 3059 1958 16.
3096 1904 3207 1973 14).
3243 1904 3306 1957 Ει
3335 1903 3492 1959 Chri-

1898 2000 2011 2046 stus
2037 2010 2052 2047 :
2086 1991 2251 2047 Nemo
2280 1994 2413 2047 venit
2437 1992 2506 2046 ad
2527 2010 2625 2061 me,
2648 1994 2746 2047 nisi
2776 1992 2934 2048 Pater
2948 1996 3157 2050 traxerit
3178 2012 3291 2050 eum
3309 1995 3491 2067 (Joau.

1899 2086 1952 2140 6.
1982 2087 2097 2154 44).
2127 2086 2184 2141 Si
2216 2087 2317 2141 hoc
2362 2101 2492 2157 ergo
2537 2087 2631 2141 Dei
2683 2095 2786 2153 est,
2810 2086 3078 2157 quomodo
3125 2098 3350 2158 pectant
3398 2091 3491 2160 qui

1899 2192 2008 2233 non
2037 2178 2302 2246 credunt,
2334 2194 2455 2234 cum
2488 2194 2589 2234 nec
2615 2179 2846 2249 Spiritus
2874 2194 3029 2249 opem
3054 2179 3220 2246 ferat,
3246 2196 3346 2236 nec
3386 2181 3491 2236 Pa-

1901 2277 1980 2322 ter
2007 2268 2201 2334 trahat,
2219 2284 2320 2324 nec
2341 2269 2393 2323 in
2420 2269 2558 2323 viam
2580 2269 2810 2325 deducat
2830 2270 3035 2325 Filius?
3057 2271 3132 2327 De
3152 2273 3329 2342 seipse
3348 2273 3493 2328 enim

1898 2359 2026 2413 dicit
2054 2377 2066 2413 :
2100 2360 2210 2431 Ego
2238 2377 2351 2415 sum
2378 2362 2458 2415 via
2488 2362 2505 2431 (
2534 2362 2692 2416 Joan.
2724 2363 2810 2418 14.
2838 2362 2873 2418 6
2899 2364 2939 2433 ).
2990 2362 3103 2418 Hoc
3142 2374 3320 2420 autem
3365 2365 3494 2421 dicit

1899 2452 2191 2506 ostendens
2236 2467 2296 2507 se
2336 2467 2470 2521 opus
2498 2468 2619 2509 esse
2666 2455 2731 2509 ad
2782 2454 2884 2509 hoc
2931 2463 2991 2509 ut
3048 2455 3380 2513 adducantur
3425 2458 3493 2513 ad

1900 2544 2136 2599 Patrem.
2157 2543 2212 2599 Si
2243 2560 2370 2615 ergo
2395 2546 2552 2601 Pater
2580 2547 2761 2616 trahit,
2794 2547 2958 2603 Filius
2987 2548 3234 2616 deducit,
3264 2549 3495 2621 Spiritus

1900 2634 2181 2701 illuminat,
2212 2635 2335 2701 quid
2376 2646 2599 2705 peccant
2626 2638 2716 2707 qui
2747 2652 2919 2708 neque
2948 2639 3104 2694 tracti
3132 2649 3287 2705 sunt,
3317 2653 3490 2711 neque

1898 2724 2146 2792 deducti,
2177 2742 2276 2782 nec
2317 2727 2642 2782 illmninati?
2673 2728 2934 2796 Quoniam
2971 2745 3077 2785 non
3120 2731 3360 2798 przebent
3404 2746 3492 2786 se-

1899 2815 2046 2884 ipsos
2072 2817 2284 2887 dignos,
2309 2827 2367 2871 ut
2388 2833 2510 2872 eam
2532 2819 2827 2887 suscipiant
2869 2820 3335 2876 illuminationem.
3363 2821 3495 2876 Vide

1899 2922 2029 2977 ergo
2085 2908 2187 2962 hoc
2236 2909 2482 2963 evenisse
2526 2909 2811 2964 Cornelio:
2846 2925 3022 2980 neque
3075 2910 3217 2966 enim
3262 2911 3363 2967 hoc
3404 2911 3494 2967 ille

1899 2997 2040 3066 apud
2065 3013 2124 3052 se
2152 2998 2387 3064 invenit,
2414 2998 2510 3054 sed
2536 3015 2657 3053 eum
2690 3000 2831 3054 Deus
2854 3001 3083 3067 vocavit,
3106 3003 3354 3071 quoniam
3380 3002 3495 3071 ipse

1901 3104 2283 3159 praeoccupans
2303 3132 2318 3156 ,
2347 3091 2582 3160 seipsum
2612 3090 2832 3161 dignum
2862 3090 3092 3147 reddidit
3119 3093 3254 3164 (Act.
3286 3094 3397 3163 t0).
3428 3094 3495 3148 Et

1900 3181 2020 3235 ideo
2049 3180 2244 3235 Paulus
2270 3196 2483 3251 quoque
2521 3181 2587 3236 de
2629 3182 2732 3237 ﬁde
2768 3182 3062 3249 disserens,
3093 3183 3263 3237 dixit:
3294 3184 3363 3238 Et
3401 3187 3493 3239 hoc

1899 3289 1999 3325 non
2019 3289 2083 3327 ea:
2109 3272 2264 3337 vobis,
2296 3271 2395 3326 Dei
2421 3282 2492 3326 est
2511 3273 2700 3327 donum
2731 3273 2948 3345 (Ep/tes.
2978 3274 3034 3328 2.
3065 3275 3142 3345 8).
3174 3275 3284 3331 Nec
3314 3284 3493 3331 tamen

1900 3373 1952 3419 te
1975 3366 2226 3435 relinquit
2254 3380 2479 3420 vacuum
2511 3365 2667 3420 bonis
2694 3366 3011 3422 actionibus.
3057 3367 3170 3420 Etsi
3200 3369 3342 3422 enim
3377 3368 3496 3437 ejus

1899 3465 1980 3511 est
2010 3456 2224 3510 trahere
2245 3465 2299 3510 ct
2319 3455 2576 3511 inducere
2611 3473 2631 3508 ι
2655 3457 2889 3511 animam
2913 3466 3088 3511 tamen
3116 3457 3340 3527 requirit
3368 3473 3492 3528 qua:

1899 3560 2103 3599 morem
2134 3554 2306 3614 gerat,
2332 3554 2385 3599 et
2413 3544 2567 3600 facile
2596 3553 2781 3615 pareat
2813 3564 2826 3599 :
2857 3555 2911 3600 et
2940 3554 3066 3600 tunc
3091 3560 3244 3601 suum
3271 3545 3495 3604 adhibet

1898 3636 2172 3690 auxilium.

1912 3736 1915 3739 '
1980 3724 2148 3779 Virtus
2169 3734 2215 3781 et
2237 3727 2374 3780 salus
2397 3735 2569 3780 nostra
2598 3725 2881 3781 necessitati
2910 3741 3010 3780 non
3035 3727 3316 3797 subjacent.
3365 3726 3496 3782 Fide

1899 3819 2062 3887 magis
2091 3835 2217 3888 Opus
2248 3822 2429 3871 habent
2459 3817 2735 3873 Christiani
2763 3834 2915 3888 quam
2941 3818 3492 3886 olimJudazi.—Quo-

1897 3910 2037 3964 circa
2064 3910 2187 3963 alibi
2206 3926 2417 3980 quoque
2437 3910 2563 3965 dicit
2580 3911 2775 3964 Paulus
2800 3928 2812 3963 :
2839 3911 3134 3964 Secundum
3165 3913 3485 3982 propositum

1897 4007 2081 4054 vocatis
2099 3999 2453 4072 (Ilom.8.28).
2473 4000 2655 4071 Neque
2677 4001 2821 4055 enim
2834 4001 3019 4065 virtus,
3037 4017 3138 4057 nec
3153 4002 3295 4056 salus
3313 4012 3449 4057 llOSll
3462 4019 3493 4058 a

1900 4096 2204 4150 necessitati
2222 4095 2617 4165 subjaeet.Nam
2636 4096 2738 4151 etsi
2761 4096 2990 4150 maxima
3018 4110 3161 4166 pars,
3178 4105 3335 4165 atque
3352 4097 3489 4150 adeo

1900 4184 2012 4240 fere
2029 4195 2193 4239 totum
2212 4186 2330 4255 ejus
2348 4187 2436 4254 sit,
2455 4186 2706 4256 exiguum
2727 4185 2854 4256 quid
2871 4178 3056 4241 tamen
3082 4187 3232 4241 nobis
3253 4187 3486 4255 reliquit,

1900 4285 1959 4332 ut
1984 4276 2174 4332 dandze
2216 4292 2430 4333 coronae
2466 4279 2710 4347 speciosa
2752 4277 2821 4332 sit
2847 4278 3078 4332 occasio.
3126 4277 3193 4331 Et
3225 4278 3342 4330 ideo
3368 4291 3489 4331 cum

1900 4369 2126 4425 dixisset
2167 4369 2364 4424 Paulus
2395 4387 2409 4422 :
2446 4368 2702 4424 Habentes
2745 4378 2914 4421 autem
2952 4370 3182 4421 eumdem
3234 4366 3490 4436 Spiritum

1899 4462 2021 4531 ﬁdei
2041 4461 2116 4532 (2.
2151 4460 2269 4516 Cor.
2301 4461 2355 4516 4.
2390 4461 2502 4531 15),
2527 4461 2631 4515 hoc
2651 4469 2768 4526 est,
2800 4459 2889 4529 qui
2919 4460 3077 4513 etiam
3126 4459 3379 4529 loquutus
3407 4472 3491 4512 est

1900 4553 1954 4607 in
1976 4552 2174 4615 Veteri,
2206 4550 2482 4620 subjttnxit
2513 4570 2526 4605 :
2559 4549 2628 4603 Et
2656 4567 2750 4604 nos
2788 4551 3043 4603 credimus
3063 4590 3078 4615 ,
3112 4558 3319 4619 propter
3353 4550 3493 4619 quod

1900 4655 1947 4699 et
1969 4645 2243 4712 loquimur.
2284 4642 2448 4697 Multo
2467 4643 2614 4697 enim
2640 4642 2806 4713 magis
2833 4642 2918 4697 hic
2948 4642 3051 4697 ﬁde
3076 4657 3209 4712 Opus
3234 4643 3495 4698 habemus

1900 4750 2059 4805 quam
2118 4734 2243 4798 illic,
2275 4741 2329 4786 et
2375 4740 2592 4802 propter
2642 4740 2885 4787 naturam
2932 4734 3343 4802 promissorum,
3373 4751 3493 4805 qua:

1899 4826 2000 4882 sub
2024 4826 2193 4881 visum
2222 4841 2326 4879 non
2359 4823 2588 4890 cadunt,
2621 4824 2715 4879 sed
2742 4824 2854 4879 sola
2883 4834 3060 4879 mente
3092 4826 3480 4895 percipiuntur;

1899 4927 1954 4971 et
1997 4923 2215 4987 prepter
2252 4915 2493 4969 ordinem
2542 4924 2863 4984 temporum.
2919 4914 3035 4968 Non
3090 4916 3236 4969 enim
3286 4915 3339 4968 in
3386 4917 3492 4969 vita

1902 5008 2186 5079 praesenti,
2212 5007 2305 5061 sed
2341 5009 2391 5060 in
2426 5005 2606 5061 futuro
2637 5018 2792 5061 erunt
2824 5008 3062 5076 praemia.
3093 5005 3205 5061 lmo
3227 5022 3354 5061 vero
3379 5014 3494 5059 erat

1900 5101 2060 5153 etiam
2091 5112 2225 5167 opus
2246 5098 2348 5152 ﬁde
2348 5104 2473 5186 βω
2495 5097 2848 5167 praesentibus
2880 5115 2891 5149 :
2919 5096 3118 5150 ctenim
3146 5112 3208 5186 ea
3238 5097 3351 5186 ipsa
3373 5110 3492 5164 qua:

1900 5190 2165 5245 dabantur
2193 5188 2318 5254 ﬁde,
2348 5185 2450 5244 ﬁde
2472 5203 2607 5259 opus
2635 5188 2919 5252 habebant,
2951 5186 3114 5241 etiam
3136 5185 3262 5240 dum
3288 5185 3493 5239 daban-

1903 5293 2011 5349 tur,
2043 5297 2238 5353 nempe
2274 5290 2327 5335 et
2356 5281 2734 5352 mysteriorum
2783 5280 3089 5333 communio
3111 5320 3125 5340 ,
3151 5286 3204 5331 et
3242 5277 3491 5346 baptismi

1900 5378 2121 5431 donum.
2148 5374 2221 5428 lla
2254 5388 2468 5428 omnem
2494 5373 2757 5428 rationem
2785 5371 3074 5441 superabat
3095 5372 3175 5424 vis
3198 5371 3484 5427 bonorum.

1902 5469 1958 5525 Si
1986 5471 2162 5539 itaque
2191 5469 2242 5521 in
2266 5467 2612 5526 crassissimis
2637 5450 2742 5521 illis
2784 5474 2839 5520 et
2864 5465 3206 5520 sensibilibus
3236 5465 3339 5522 ﬁde
3370 5475 3490 5522 erat

1901 5577 2055 5631 opus,
2090 5561 2258 5614 multo
2283 5558 2453 5628 magis
2478 5557 2588 5613 hic.
2612 5557 2721 5613 Sed
2764 5556 3055 5628 apostolica
3095 5558 3315 5628 quidem
3364 5574 3491 5613 sen-

1904 5653 2068 5707 tcntia
2082 5650 2490 5706 convenientem
2512 5649 2719 5720 accepit
2736 5649 3227 5717 interpretationem
3247 5669 3260 5705 :
3280 5657 3490 5719 tempus

1909 5757 1989 5802 est
2016 5756 2193 5801 autem
2215 5786 2228 5813 ,
2257 5752 2314 5798 ut
2339 5742 2620 5798 redeamus
2663 5741 2729 5797 ad
2771 5741 3104 5813 prophetiam
3126 5785 3139 5809 ,
3172 5753 3220 5798 et
3250 5742 3490 5799 dicamus
