3956 6400
527 328 634 386 $9.3

528 440 655 512 quid
683 440 811 495 dicit
856 439 944 494 hic
981 440 1184 493 beatus.
1230 431 1366 500 Quid
1396 445 1527 501 ergo
1546 429 1707 485 dicit?
1733 423 1952 484 Credidi,
1988 434 2108 489 pro-

527 542 638 602 pter
660 532 796 599 quod
814 532 1049 601 loquutus
1073 542 1203 581 sum.
1228 525 1387 594 Atqui
1410 522 1543 576 nihil
1575 529 1694 574 erat
1714 519 1891 572 adhuc
1919 519 2107 583 loquu-

530 634 615 675 tus
636 666 650 685 ,
680 622 772 676 sed
802 621 931 674 dicit
958 620 1005 672 id
1037 618 1176 686 quod
1218 626 1398 670 monte
1440 616 1551 684 jam
1579 630 1609 667 a
1634 629 1692 667 se
1722 612 1920 665 dictum
1970 618 2106 662 erat.

529 714 660 782 Quid
685 723 765 767 cst
791 720 967 764 autem
992 709 1133 776 quod
1162 709 1272 775 jam
1294 708 1493 761 dictum
1516 705 1722 759 fuerat?
1750 701 2103 768 Cum,inquit,

529 809 667 860 illaut
690 806 1047 858 calamitatem
1085 813 1137 856 et
1164 800 1441 856 Iudaicam
1466 798 1610 852 illam
1645 795 1954 865 tragoediam
1992 793 2109 846 ani-

528 913 610 950 mo
636 900 940 964 agitassem.
976 895 1233 962 illumque
1262 892 1533 945 interitum
1570 898 1621 943 et
1647 889 1910 942 excidium
1942 897 2112 940 estre-

527 1003 772 1054 mamqne
804 987 1133 1048 vastitatem,
1166 998 1269 1036 non
1300 982 1579 1050 desperavi
1613 980 1727 1032 fore
1752 1021 1764 1041 ,
1797 987 1852 1031 ut
1880 994 1966 1031 res
1991 994 2109 1029 tnu—

528 1090 730 1133 tztretur
756 1093 808 1131 In
843 1078 1073 1130 melius:
1104 1076 1210 1128 imo
1257 1088 1386 1126 vero
1432 1084 1487 1125 et
1523 1071 1730 1139 Speravi
1759 1111 1772 1134 ,
1800 1078 1856 1122 et
1897 1084 2111 1120 annun-

526 1176 671 1237 tiavi,
702 1181 755 1226 et
786 1173 1039 1237 loquutus
1063 1182 1200 1222 sum.
1229 1166 1362 1221 Nam
1404 1174 1457 1220 et
1502 1166 1552 1216 in
1588 1164 1853 1232 prioribus
1884 1162 2111 1215 Psalmis

528 1267 690 1319 multa
716 1266 781 1317 de
801 1265 883 1316 lns
906 1262 1133 1316 disserui
1160 1277 1174 1326 ;
1211 1261 1459 1329 loquutus
1482 1273 1603 1311 sum
1627 1268 1802 1309 autem
1829 1264 1882 1309 et
1906 1269 2115 1307 annun-

530 1358 654 1411 tiavi
686 1373 714 1409 a
745 1356 848 1408 ﬁde
876 1355 1140 1409 eruditus.

601 1451 654 1502 5.
699 1448 846 1502 Alius
874 1456 1074 1511 autem,
1103 1443 1192 1513 qui
1221 1458 1323 1495 non
1358 1454 1439 1495 est
1470 1442 1537 1495 ab
1563 1455 1623 1492 ca
1655 1436 1809 1491 valde
1831 1436 2072 1489 eruditus
2094 1474 2108 1497 ,

533 1539 657 1593 vide
690 1538 960 1602 quomodo
986 1536 1249 1589 claudicet
1277 1544 1331 1587 et
1360 1533 1717 1602 perturbetur.
1742 1530 1874 1583 Nam
1906 1529 2003 1585 etsi
2028 1527 2113 1579 di-

530 1635 602 1687 cit
651 1634 798 1686 illum
854 1632 1123 1685 Psalmum
1182 1628 1366 1693 David,
1402 1640 1506 1679 non
1551 1634 1725 1676 tamen
1779 1637 1844 1675 ex
1882 1635 2111 1690 persona

531 1726 765 1795 propria,
790 1722 884 1776 sed
919 1734 1142 1775 narrans
1172 1734 1357 1772 eorum
1382 1758 1394 1781 ,
1440 1716 1529 1785 qui
1573 1714 1909 1776 claudicant,
1949 1709 2111 1764 animi

532 1818 983 1887 perturbationes,
1017 1816 1095 1868 sic
1122 1814 1290 1866 dixit:
1324 1811 1488 1874 Quam
1514 1810 1672 1861 bonus
1702 1806 1835 1859 Deus
1866 1804 2030 1858 Israel
2055 1803 2114 1855 iis

531 1911 613 1979 qui
638 1918 752 1963 sunt
780 1918 910 1960 recto
933 1906 1101 1958 corde.
1134 1904 1237 1956 Mei
1282 1912 1449 1955 autem
1477 1917 1602 1971 pene
1637 1899 1758 1951 moti
1797 1908 1914 1950 sunt
1943 1897 2112 1965 pedes,

536 2017 658 2058 uene
684 1998 829 2063 e/fusi
856 2007 970 2049 sunt
995 2012 1194 2066 gressus
1222 1994 1320 2047 mei
1350 1992 1519 2065 (Psal.
1549 1990 1736 2059 72.9):
1761 2004 1864 2042 non
1894 1989 2118 2056 loquens

531 2092 596 2145 de
621 2092 842 2158 pedibus
866 2098 919 2144 et
944 2089 1232 2159 gressibus,
1253 2086 1345 2141 sed
1374 2087 1441 2139 de
1466 2081 1954 2139 ratiocinationibus
1974 2078 2121 2134 clau-

532 2182 851 2235 dit-antibus.
894 2179 1120 2234 Causam
1169 2189 1345 2232 autem
1390 2175 1662 2244 subjnnxit
1711 2173 1941 2227 dicens:
1978 2170 2117 2235 Quo-

534 2272 668 2323 niam
692 2271 847 2325 zelavi
878 2282 1084 2341 propter
1111 2270 1308 2339 iniquos
1327 2267 1485 2339 (Ibid.
1514 2283 1563 2319 υ.
1595 2268 1671 2335 5),
1701 2266 1800 2318 hoc
1822 2275 1907 2318 est
1933 2263 2121 2317 videns

535 2363 786 2417 florentes
813 2362 1088 2424 barbaros,
1117 2359 1354 2428 deiectos
1384 2370 1560 2412 autem
1587 2366 1641 2411 et
1670 2357 1863 2410 fractos
1883 2356 2116 2409 Iudaeos.

539 2455 597 2508 Et
629 2453 894 2523 quodnam
921 2468 1086 2520 genus
1114 2452 1241 2503 dicit
1267 2449 1701 2503 claudicationis?
1731 2446 1800 2500 Et
1818 2448 1964 2500 dixi:
1990 2446 2124 2499 Fru-

538 2556 642 2601 stra
668 2563 783 2615 ergo
799 2544 1077 2614 justiﬁcuvi
1106 2559 1193 2594 cor
1219 2556 1404 2606 meum,
1441 2550 1484 2593 et
1530 2541 1628 2593 lari
1668 2542 1796 2593 inter
1837 2541 2123 2592 innocentes

540 2652 717 2687 manus
750 2650 883 2686 ineas
909 2633 1011 2703 (Ib.
1042 2649 1087 2685 υ.
1125 2632 1235 2702 15).
1265 2633 1329 2684 Et
1357 2632 1605 2700 quidnam
1633 2631 1803 2699 ipsum
1831 2630 2116 2698 impulerit,

539 2734 599 2780 ut
627 2728 740 2779 haec
785 2726 1006 2787 diceret,
1035 2724 1165 2777 dicit
1199 2742 1210 2775 :
1245 2723 1492 2788 Quoniam
1516 2739 1628 2775 ecce
1664 2723 1716 2775 Iti
1760 2732 2043 2791 peccatores
2078 2729 2125 2775 et

539 2818 773 2885 ﬂorentes
816 2823 869 2867 in
912 2816 1152 2868 saxulum
1179 2813 1495 2867 obtinuerunt
1523 2813 1721 2866 divitias
1745 2812 1903 2883 (Ibid.
1932 2828 1978 2865 ν.
2012 2810 2122 2881 12).

542 2909 745 2963 Deinde
772 2909 890 2962 vide
912 2908 1179 2977 quomodo
1203 2909 1438 2976 seipsum
1459 2921 1642 2960 rursus
1667 2906 1888 2974 colligit.
1912 2905 1973 2959 Si
1993 2906 2128 2957 dice-

542 2999 676 3067 bam,
706 3000 923 3053 narrabo
947 3000 1017 3054 sic
1048 3015 1065 3053 :
1091 2998 1203 3052 Hoc
1231 3000 1372 3051 lubor
1398 3006 1492 3064 est,
1524 2996 1713 3065 inquit,
1747 3005 1862 3049 ante
1889 3013 1966 3048 me
1986 3037 1998 3060 ,
2032 2996 2126 3048 do-

546 3107 635 3142 nec
657 3091 908 3161 ingressus
938 3089 1117 3160 fuerint
1164 3091 1216 3141 in
1243 3089 1581 3141 sanctuarium
1615 3087 1729 3150 Dei,
1762 3097 1807 3140 et
1848 3085 2127 3153 intelligant

542 3181 597 3233 in
618 3189 840 3234 extrema
868 3182 1089 3249 ipsorum
1112 3178 1271 3247 (Ibid.
1298 3196 1343 3231 υ.
1372 3179 1577 3247 15-17).
1600 3179 1751 3243 Quod
1775 3187 1950 3231 autem
1980 3178 2126 3244 dicit,

545 3279 630 3325 est
682 3270 1300 3339 ejusmodiz-Vexabar,
1352 3270 1625 3338 afﬁigcbar
1674 3271 1725 3322 itt
1771 3269 2129 3322 ratiocinatio-

549 3360 875 3415 nihus.Tale
901 3361 1024 3429 quid
1063 3360 1204 3413 enim
1247 3369 1330 3414 est
1356 3361 1708 3414 ratiocinatio.
1745 3361 1941 3414 Deinde
1984 3362 2127 3431 cogi-

547 3452 652 3505 tavi
686 3466 771 3505 me
801 3452 973 3505 facere
996 3468 1106 3504 rem
1131 3451 1469 3505 laboriosam.
1489 3452 1563 3505 De
1585 3452 1647 3505 iis
1668 3451 1811 3505 enim
1837 3453 2128 3521 inquirens,

551 3542 680 3596 nihil
715 3551 899 3611 potero
915 3543 1045 3596 certi
1079 3543 1235 3607 scire,
1252 3542 1419 3596 donec
1433 3544 1581 3598 mein
1609 3544 1829 3612 patriam
1847 3559 2126 3613 recepero.

620 3653 721 3709 Res
750 3655 871 3723 ﬁdei
900 3672 998 3709 non
1029 3656 1397 3715 connuittendaz
1431 3658 1666 3711 Immanis
1689 3659 1988 3714 rationibus.
2040 3660 2134 3714 Fi-

548 3746 635 3798 des
661 3763 805 3799 sacra
835 3763 1042 3799 ancora.
1066 3778 1137 3787 —-
1161 3747 1321 3805 Vides
1347 3756 1600 3816 quantum
1628 3750 1697 3802 sit
1728 3750 2019 3818 perieulum
2046 3768 2132 3805 res

550 3840 673 3894 ﬁdei
702 3843 1007 3909 permittere
1037 3841 1282 3894 humanis
1313 3842 1606 3899 rationibus
1626 3883 1639 3906 ,
1665 3850 1719 3896 et
1746 3858 1850 3895 non
1885 3843 2049 3897 ﬁdei?
2077 3842 2132 3897 Si

550 3931 637 3985 ille
662 3930 802 3984 enim
834 3930 1021 3986 fuisset
1051 3933 1233 3986 firmus
1275 3942 1327 3986 et
1363 3945 1615 3989 constans
1639 3934 1693 3988 in
1726 3934 1828 3989 ﬁde
1848 3976 1863 4000 ,
1887 3951 1991 3989 non
2020 3934 2136 3990 haec

551 4021 737 4075 fuiSset
764 4022 1011 4089 loquutus
1032 4064 1046 4087 ,
1076 4039 1180 4075 non
1212 4022 1398 4076 fuisset
1428 4025 1764 4092 perturbatus
1794 4044 1806 4078 :
1838 4041 1941 4079 non
1983 4041 2133 4080 com-

554 4112 683 4165 moti
737 4120 917 4166 essent
970 4113 1084 4179 ejus
1131 4112 1324 4181 pedes,
1378 4129 1483 4167 non
1522 4124 1704 4168 essent
1752 4115 2134 4183 propemodum

555 4204 705 4256 rli'usi
748 4219 962 4271 gressus
1000 4205 1134 4273 ejus.
1160 4205 1265 4258 Sed
1318 4221 1420 4258 non
1463 4207 1532 4258 ita
1583 4206 1668 4260 hic
1715 4208 2006 4276 propheta,
2043 4207 2137 4261 sed

552 4312 702 4354 stans
731 4315 889 4369 supra
932 4304 1140 4369 petram
1172 4315 1276 4353 non
1309 4300 1756 4366 conturbabatur,
1787 4301 1878 4355 sed
1922 4316 2006 4354 res
2049 4300 2139 4354 Ju—

557 4390 794 4443 du-orum
828 4391 1012 4444 videns
1043 4391 1110 4443 ita
1135 4407 1254 4445 esse
1285 4391 1529 4453 affectas,
1564 4408 1650 4446 res
1679 4402 1855 4446 autem
1889 4393 2142 4446 barbaro-

552 4498 669 4536 rum
699 4497 872 4547 secus,
894 4483 960 4536 de
990 4482 1159 4536 reditu
1192 4482 1332 4536 clara
1363 4500 1491 4538 voce
1521 4486 1892 4554 constantique
1914 4495 1966 4539 et
1995 4494 2137 4543 certa

558 4584 737 4627 incute
770 4570 1073 4643 frequenter
1102 4575 1423 4644 prtedicahat
1477 4578 1526 4629 in
1572 4577 1750 4631 multis
1785 4579 2009 4633 Psalmis
2043 4597 2056 4633 :
2088 4590 2139 4633 et

554 4664 707 4717 valde
736 4664 1052 4730 confidebat,
1084 4682 1181 4721 nec
1207 4667 1346 4720 vires
1373 4668 1739 4733 barbarorum,
1766 4685 1863 4723 nec
1885 4670 2138 4723 vilitatem

556 4751 860 4805 .iuda‘m‘ttm
891 4755 1192 4819 attendens,
1224 4757 1317 4810 sed
1350 4757 1441 4810 Dei
1491 4759 1803 4825 potentiam,
1833 4759 1921 4828 qui
1958 4775 2018 4812 ca
2060 4768 2140 4812 est

557 4844 844 4912 pollicitus.
879 4844 941 4896 Et
983 4845 1099 4898 ideo
1130 4846 1283 4911 dicit,
1318 4846 1539 4910 Credidi,
1570 4850 1932 4919 prapter-quod
1960 4849 2141 4917 loquu-

558 4946 634 4986 tus
663 4949 775 4986 sum
797 4950 814 4986 :
837 4950 925 5003 ego
954 4945 1119 4988 autem
1147 4936 1437 4990 humiliatus
1464 4956 1573 4990 sum
1602 4940 1766 4993 valde.
1795 4941 1943 4993 Alius
1969 4941 2094 4994 dicit
2124 4959 2134 4993 :

562 5025 669 5097 Ego
697 5026 865 5093 utique
894 5027 1104 5097 aﬂlictus
1142 5044 1252 5080 sum
1282 5028 1445 5084 valde.
1477 5028 1530 5083 2.
1568 5030 1677 5100 Ego
1704 5048 1816 5083 vero
1840 5031 2021 5085 dixiin
2051 5049 2141 5085 ea:-

556 5136 694 5175 cessu
727 5134 833 5173 meo
854 5160 867 5181 ,
902 5118 1081 5173 Omnis
1107 5120 1254 5173 homo
1280 5122 1514 5175 mendax.
1545 5124 1726 5191 Alius,
1760 5124 1824 5177 Et
1856 5127 1962 5178 dimi
1987 5127 2145 5181 animi

557 5212 767 5276 anxius,
806 5209 981 5265 Omnis
1009 5213 1157 5264 homo
1179 5213 1436 5265 mentitur.
1478 5213 1571 5268 llic
1594 5213 1713 5267 ﬁdei
1741 5215 1994 5284 splendor
2023 5233 2142 5270 rur-

557 5315 648 5353 sus
679 5302 997 5365 ostenditur,
1027 5302 1168 5371 quod
1206 5319 1271 5358 ne
1319 5303 1624 5374 magnitudo
1667 5306 1879 5373 quidem
1930 5308 2146 5362 calami-

561 5392 682 5442 tatis
701 5406 820 5444 eum
852 5393 1175 5460 prmcipitem
1205 5392 1414 5448 dederit
1434 5394 1961 5463 indcsperationem.
1992 5398 2146 5467 Ejus-

564 5480 705 5534 modi
732 5483 873 5536 enim
906 5500 992 5537 res
1022 5493 1102 5536 est
1127 5485 1255 5539 fides
1286 5504 1299 5543 :
1329 5497 1410 5541 est
1452 5485 1691 5551 quredam
1723 5502 1871 5542 sacra
1911 5503 2104 5544 ancora
2126 5531 2141 5555 ,

563 5583 681 5636 qua:
716 5572 946 5641 undique
976 5585 1237 5630 sustentat
1279 5591 1508 5633 mentem
1550 5595 1667 5648 qua:
1694 5581 1744 5634 ei
1786 5581 2022 5636 adhaeret
2050 5600 2067 5637 :
2093 5592 2149 5638 et

569 5664 693 5709 tunc
720 5665 950 5717 maxime
992 5666 1288 5723 ostenditur
1324 5656 1541 5740 quando
1589 5672 1639 5724 in
1688 5675 1914 5729 maxima
1962 5690 2139 5730 rerum

1307 322 1363 377 s.
1402 314 1678 375 JOANNIS
1713 303 2190 367 CHRYSOSTOMI
2228 302 2545 360 saettter.
2588 302 3124 359 CONSTAN'HNUP.

3653 313 3740 368 521

2216 413 2531 468 difﬁcultate
2575 418 2624 471 ei
2657 415 2975 483 persuadet,
3008 419 3095 487 qui
3143 417 3231 474 illa
3276 431 3359 478 est
3405 423 3665 493 praeditus,
3698 442 3743 482 ut

2215 504 2409 565 bonam
2436 524 2587 578 spem
2618 510 2809 569 habeat
2829 553 2844 579 ,
2874 515 3094 584 expulsa
3125 516 3275 570 turba
3308 517 3741 575 ratiocinationum.

2215 600 2366 665 Quod
2394 603 2508 670 ipse
2534 619 2747 673 quoque
2773 608 3079 676 signiﬁcans
3100 651 3114 674 ,
3146 609 3271 665 dicit
3298 626 3310 660 :
3346 609 3452 680 Ego
3477 620 3627 664 autem
3649 614 3747 681 aﬂli.

2214 700 2324 746 ctus
2347 708 2460 745 sum
2486 695 2635 747 nimis
2664 696 2804 750 :hoe
2831 708 2932 759 est,
2955 699 3118 753 Valde
3144 700 3355 769 quidem
3386 702 3598 755 alllictus
3619 718 3716 759 sum
3733 746 3745 769 ,

2216 782 2313 838 sed
2340 801 2445 838 non
2466 786 2767 855 desperavi,
2788 806 2888 843 nec
2914 792 3149 845 animum
3181 792 3368 859 abjcci.
3399 794 3588 848 Deinde
3605 808 3751 850 osten-

2216 873 2349 928 dens
2375 890 2434 929 se
2464 891 2567 931 non
2597 876 2759 934 fuisse
2784 879 3120 935 solummodo
3148 882 3398 935 afflictum
3421 923 3435 947 ,
3467 884 3557 939 sed
3588 887 3753 952 gravis-

2216 968 2349 1021 sime
2376 967 2630 1025 afllictutn
2653 1010 2667 1034 ,
2700 972 2971 1037 subiunxit
2998 972 3183 1029 dicens
3213 971 3363 1042 :Ego
3394 984 3557 1027 autem
3592 975 3684 1029 disi
3713 978 3755 1027 in

2217 1074 2419 1113 excessu
2445 1075 2553 1115 meo
2574 1077 2593 1114 :
2626 1061 2802 1115 Omnis
2831 1062 2981 1117 homo
3006 1064 3243 1116 mendax.

2295 1148 2543 1205 tia-cessus
2568 1151 2712 1219 quid.
2772 1151 2940 1206 Homo
2969 1170 3059 1207 cur
3080 1156 3278 1207 dicatur
3301 1154 3533 1213 mendax.
3557 1184 3621 1195 —
3645 1154 3753 1217 Quid

2218 1249 2319 1307 est,
2344 1240 2410 1294 In
2438 1259 2646 1296 excessu
2673 1260 2782 1301 meo
2798 1242 2895 1298 tln
2927 1261 3154 1311 summa,
3186 1246 3377 1317 inquit,
3402 1245 3695 1311 calamitate,
3716 1256 3757 1300 et

2218 1332 2416 1401 ingenti
2459 1336 2717 1389 malorum
2766 1338 3149 1404 magnitudine.
3177 1338 3343 1392 Tanta
3399 1339 3568 1402 enim,
3598 1340 3756 1408 inquit,

2218 1438 2306 1483 me
2325 1424 2512 1477 adorta
2540 1435 2619 1478 est
2648 1428 2890 1489 tentatio,
2916 1436 2973 1480 ut
3000 1443 3281 1483 excessum
3321 1438 3377 1481 et
3404 1443 3610 1497 gravem
3632 1444 3759 1497 sopo-

2218 1530 2332 1571 rem
2365 1516 2416 1571 in
2450 1533 2536 1574 me
2562 1519 2822 1587 injiceret.
2855 1520 2995 1574 Dicit
3036 1522 3179 1576 enim
3223 1520 3313 1575 hic
3342 1536 3633 1585 excessum,
3657 1522 3759 1577 alic-

2218 1607 2487 1662 nationcm
2513 1622 2544 1661 a
2569 1623 2752 1675 sensu,
2777 1626 2896 1678 qua:
2920 1628 2985 1666 ex
3003 1613 3156 1669 malis
3177 1615 3368 1667 oritur.
3391 1613 3522 1669 Nam
3541 1614 3605 1669 de
3624 1614 3759 1671 Adam

2219 1713 2431 1767 quoque
2458 1702 2674 1768 quando
2701 1702 2896 1755 dicitur
2927 1703 3065 1757 Deus
3106 1705 3395 1759 immisisse
3438 1706 3490 1758 itt
3536 1719 3647 1759 eum
3689 1719 3761 1760 ex-

2221 1804 2430 1849 cessum
2454 1791 2605 1863 (Ceu.
2633 1792 2687 1846 2.
2712 1792 2805 1863 21)
2827 1834 2842 1859 ,
2877 1795 3051 1847 innuit
3093 1794 3381 1863 quamdam
3410 1811 3439 1849 a
3470 1811 3618 1850 sensu
3654 1796 3759 1849 alie-

2221 1882 2519 1937 nationem.
2554 1884 2785 1938 Ecstasis
2814 1887 2979 1950 enim,
3011 1900 3105 1940 seu
3138 1901 3393 1941 excessus
3420 1886 3621 1950 dicitur,
3646 1898 3758 1940 extr:

2222 1987 2281 2029 se
2311 1989 2430 2028 esse
2457 1976 2708 2043 positum.
2735 1976 3008 2032 immissus
3038 1988 3217 2032 autem
3248 1989 3366 2033 erat
3392 1987 3501 2033 tum
3528 1992 3759 2040 excessus,

2222 2082 2291 2121 ne
2319 2069 2543 2123 sentiret
2580 2084 2699 2123 cum
2727 2068 3027 2124 auferretur
3043 2079 3189 2125 costa
3209 2111 3223 2133 ,
3258 2086 3360 2126 nec
3389 2087 3456 2126 ex
3481 2086 3541 2125 ea
3568 2086 3621 2124 re
3645 2068 3761 2123 dolo-

2224 2178 2338 2217 rem
2361 2171 2615 2232 caperet:
2648 2178 2709 2219 ea
2747 2164 2958 2218 ratione
2983 2165 3121 2219 Deus
3153 2164 3425 2219 suﬁ'urans
3450 2177 3651 2219 sensum
3673 2178 3763 2214 mo-

2223 2255 2412 2321 lestite,
2448 2271 2513 2311 ne
2538 2264 2762 2325 aceepto
2788 2255 2975 2309 dolore
3008 2256 3206 2310 factum
3249 2257 3301 2309 id
3331 2271 3475 2325 aegre
3505 2256 3673 2311 ferret.
3689 2254 3763 2306 im-

2225 2348 2371 2401 misit
2395 2349 2598 2413 incum
2625 2362 2926 2403 excessum.
2960 2346 3027 2401 Et
3051 2362 3237 2402 rursus
3266 2349 3391 2402 alibi
3426 2366 3441 2403 :
3468 2347 3672 2412 Cecidit,
3700 2346 3762 2397 in-

2224 2441 2361 2508 quit,
2393 2456 2544 2509 super
2572 2440 2708 2509 ipsos
2728 2455 2959 2493 excessus
2985 2438 3119 2509 (Act.
3151 2439 3238 2493 10.
3268 2439 3382 2509 10).
3410 2440 3663 2509 Signiﬁcat
3684 2434 3763 2488 illic

2224 2549 2443 2602 gravem
2473 2533 2755 2602 quemdam
2784 2546 3031 2601 soporem
3051 2574 3066 2599 ,
3099 2540 3155 2587 et
3180 2547 3211 2585 a
3242 2547 3411 2588 sensu
3438 2532 3760 2589 remotionem.

2224 2627 2493 2682 Excessus
2531 2640 2689 2694 porro
2743 2625 2793 2678 id
2825 2625 3017 2693 ubique
3063 2622 3347 2692 significat.
3396 2623 3480 2679 Fit
3519 2630 3677 2675 autem
3701 2619 3760 2672 vel

2232 2721 2342 2774 Deo
2387 2719 2439 2773 id
2476 2721 2722 2785 faciente,
2746 2719 2830 2772 vel
2875 2719 3136 2771 malorum
3186 2716 3554 2786 magnitudine
3592 2725 3763 2783 gravem

2229 2827 2481 2881 soporem
2509 2827 2571 2866 ac
2604 2820 2870 2879 torporem
2889 2809 3165 2865 aﬁ‘erente.
3197 2807 3351 2862 Solet
3371 2808 3513 2873 enim
3539 2803 3764 2861 calamitas

2231 2922 2350 2962 esse
2379 2921 2535 2960 causa
2568 2919 2818 2959 excessus
2845 2912 2899 2957 et
2921 2902 3151 2970 soporis.
3183 2901 3281 2955 llic
3304 2916 3435 2971 ergo
3463 2901 3598 2955 dicit.
3622 2911 3766 2951 exces-

2233 3017 2350 3057 sum
2380 3041 2394 3065 ,
2446 2998 2865 3069 magnitudinem
2910 2997 3173 3051 malorum
3229 3010 3353 3063 qure
3405 3010 3524 3051 eum
3575 3003 3762 3058 oecupa-

2234 3101 2375 3146 runt.
2406 3091 2541 3158 Quid
2572 3102 2653 3145 est
2675 3098 2850 3144 autem
2880 3088 3020 3156 quod
3044 3086 3215 3153 dicit,
3256 3087 3438 3145 Omnis
3483 3088 3621 3139 homo
3660 3097 3766 3135 nuu-

2233 3187 2337 3241 dax
2360 3186 2385 3237 ?
2413 3184 2650 3239 Nemone
2680 3198 2839 3236 verax
2862 3181 2884 3233 ’ἶ
2904 3180 3184 3247 Quomodo
3215 3195 3346 3249 ergo
3391 3179 3489 3237 Job
3523 3175 3766 3242 descriptus

2236 3286 2319 3334 est
2355 3276 2444 3330 Vir
2470 3293 2641 3341 uerax,
2681 3278 2869 3345 justus,
2898 3274 3162 3343 religiosus
3192 3271 3312 3343 (Job
3343 3274 3394 3326 1.
3416 3272 3509 3342 i)?
3532 3267 3651 3337 Quid
3673 3276 3767 3319 vero

2236 3368 2476 3423 dicemus
2502 3366 2567 3420 de
2595 3364 2910 3434 prophetis?
2942 3364 2998 3418 Si
3044 3362 3118 3416 illi
3158 3362 3302 3419 enim
3351 3362 3640 3423 mendaces,
3666 3364 3709 3408 et
3731 3353 3768 3405 in

2239 3460 2302 3513 iis
2323 3475 2442 3530 qnze
2469 3458 2721 3511 dixerunt
2754 3455 2872 3517 falsi
2898 3462 3042 3519 sunt,
3067 3455 3246 3508 omnia
3270 3463 3520 3523 pereunt.
3537 3449 3657 3519 Quid
3674 3457 3768 3500 vero

2236 3550 2547 3605 Abraham?
2575 3548 2699 3618 quid
2725 3548 2851 3616 justi
2884 3546 3107 3600 omnes?
3135 3545 3295 3599 Vides
3322 3552 3571 3615 quantum
3598 3540 3657 3594 sit
3686 3549 3769 3589 ma-

2239 3641 2369 3704 lum,
2398 3641 2440 3695 si
2472 3640 2630 3694 dictio
2658 3641 2831 3694 solum
2861 3637 3181 3707 accipiatur.
3216 3643 3271 3689 et
3299 3650 3407 3689 non
3438 3647 3614 3689 sensus
3634 3624 3770 3683 consi-

2240 3733 2490 3787 deretnr?
2518 3730 2653 3798 Quid
2684 3739 2766 3784 est
2796 3744 2920 3797 ergo
2949 3726 3088 3797 quod
3127 3726 3280 3790 dixit,
3304 3724 3481 3778 Omnis
3507 3725 3643 3776 homo
3668 3732 3771 3768 men-

2242 3826 2389 3879 dax?
2421 3823 2475 3877 ld
2499 3823 2639 3891 quod
2669 3824 2782 3891 ipse
2825 3820 2953 3875 dicit
2981 3818 3107 3872 alibi
3139 3834 3153 3870 :
3188 3815 3361 3870 Homo
3404 3812 3603 3868 vanitati
3634 3803 3769 3862 similis

2243 3921 2405 3988 factus
2433 3926 2504 3969 est
2534 3914 2706 3984 (Psal.
2742 3914 2862 3967 MS.
2908 3913 2983 3983 4).
3008 3909 3160 3976 Quod
3203 3909 3363 3962 etiam
3410 3908 3541 3960 alios
3568 3900 3768 3988 propheta

2243 4009 2413 4063 dixit:
2449 4006 2625 4060 Omnis
2672 4021 2789 4058 caro
2837 4007 3058 4075 fetuum,
3113 4010 3161 4053 et
3202 4001 3371 4055 cumis
3409 3997 3567 4069 gloria
3604 3986 3770 4046 hominis

2243 4099 2385 4169 quasi
2433 4099 2528 4167 ﬂos
2566 4097 2684 4164 [mni
2707 4095 2856 4167 (Isai.
2887 4093 2974 4147 40.
2996 4093 3050 4162 6)
3080 4109 3093 4143 :
3128 4091 3231 4145 hoc
3280 4101 3384 4152 est,
3413 4104 3499 4143 res
3545 4082 3769 4139 vilissima,

2245 4186 2644 4258 praeterfluens,
2675 4185 2862 4239 similis
2890 4182 3089 4235 umhrm
3110 4221 3124 4245 ,
3159 4180 3369 4234 somnio
3391 4221 3410 4245 ,
3432 4188 3483 4232 et
3506 4173 3646 4228 alicui
3672 4171 3769 4220 inia-

2245 4278 2373 4348 gini.

2327 4368 2377 4422 4.
2408 4368 2475 4421 Et
2506 4376 2562 4419 ut
2605 4366 2744 4419 s‘cias
2787 4379 2870 4417 me
2910 4378 3016 4417 non
3059 4361 3165 4415 levi
3194 4361 3499 4433 conjectura
3541 4352 3771 4408 adductum

2247 4460 2362 4513 hate
2402 4459 2600 4522 dicere,
2634 4458 2769 4511 alius
2812 4456 3071 4522 interpres
3109 4452 3263 4519 dixit,
3313 4450 3523 4505 Falsum
3558 4447 3643 4517 (τι),
3671 4439 3772 4493 alius

2246 4563 2444 4613 autem,
2488 4548 2753 4612 Mentitur,
2780 4547 2933 4611 alius,
2983 4545 3224 4608 Fallitur,
3276 4544 3433 4606 alius,
3480 4536 3662 4607 Deﬁcit.
3690 4529 3770 4583 lluc

2247 4650 2423 4696 autem
2469 4639 2691 4693 multum
2733 4639 2798 4691 ab
2844 4637 2932 4690 illo
2970 4634 3163 4689 differt.
3195 4634 3403 4688 Mentiri
3435 4633 3571 4686 enim
3595 4631 3663 4679 est
3689 4616 3770 4670 viiii

2248 4731 2387 4801 quod
2417 4732 2466 4784 in
2494 4731 2672 4782 animo
2698 4731 2858 4784 situm
2886 4735 2966 4780 est
2998 4743 3012 4777 :
3046 4725 3276 4779 deﬁcere
3306 4733 3503 4788 autem,
3526 4728 3576 4774 et
3603 4721 3774 4801 praster-

2247 4823 2432 4890 ﬁuere,
2462 4832 2515 4878 et
2549 4837 2669 4877 esse
2717 4820 3003 4881 soumium,
3036 4817 3274 4870 umbram
3303 4825 3357 4869 et
3388 4813 3585 4874 ﬂorem,
3616 4799 3771 4890 signiti-

2247 4923 2331 4967 cat.
2371 4923 2571 4966 natura:
2619 4912 2895 4964 vilitatem.
2940 4908 3081 4961 ldem
3127 4915 3207 4959 est
3252 4902 3472 4957 enimid
3503 4896 3627 4968 quod

2250 4996 2522 5065 alius,Ego
2538 5010 2650 5048 sum
2673 5004 2804 5046 terra
2823 5003 2866 5045 et
2897 4990 3022 5044 cinis
3046 4988 3387 5061 (6011.18.27)
3412 5004 3424 5040 :
3453 4995 3504 5038 et
3529 4970 3771 5040 alios,Qnid

2248 5086 2470 5156 superbit
2517 5100 2650 5137 terra
2692 5079 2762 5138 et‘
2788 5084 2912 5135 cinis
2955 5080 3140 5141 (Ficeli.
3191 5080 3274 5133 10.
3318 5078 3417 5146 9)?
3456 5084 3505 5129 et
3539 5080 3699 5125 rursus
3734 5068 3773 5110 ιιι

2248 5178 2460 5248 quando
2485 5176 2613 5231 dicit
2639 5176 2723 5229 hic
2755 5173 3031 5244 propheta,
3066 5172 3201 5238 Quid
3237 5180 3307 5223 est
3334 5170 3498 5231 homo,
3538 5156 3659 5232 quod
3691 5164 3771 5248 me:

2249 5243 2361 5322 mor
2386 5271 2573 5339 es‘ejus
2601 5243 2769 5338 (Psal.
2803 5267 2854 5320 8.
2890 5264 2970 5334 5)?
2998 5263 3193 5332 ubique
3221 5270 3423 5315 natura:
3451 5255 3709 5342 vilitatem,
3732 5243 3772 5337 ξι

2249 5376 2366 5415 eam
2404 5333 2532 5414 nihil
2580 5333 2700 5413 esse
2746 5333 3071 5426 signiﬁcans.
3104 5353 3177 5406 De
3220 5350 3485 5419 segetibus
3512 5342 3639 5398 enim
3668 5333 3770 5387 dict-

2327 5561 2398 5621 (a)
2426 5562 2528 5609 Vox
2552 5560 2793 5609 Hebraiea
2826 5565 2920 5613 est.
2944 5560 3067 5623 ειη,
3108 5570 3262 5623 quam
3285 5554 3549 5623 dieidie-agn?!
3579 5544 3774 5623 ίηιςντρξῖ

2261 5600 2397 5733 baiuli
3362 5600 3385 5675 ί
3409 5600 3619 5666 salsius,
3644 5600 3762 5650 Τίιεο

2297 5694 2413 5733 QUO.
