  <div class='ocr_page' id='page_1' title='image "/cluster/home/n/w/nwhite01/storage/ocr_20150623/55:no.5/coo.31924054869551/318.png"; bbox 0 0 3956 6408; ppageno 0'>
   <div class='ocr_carea' id='block_1_1' title="bbox 261 234 370 289">
    <p class='ocr_par' dir='ltr' id='par_1_1' title="bbox 261 234 370 289">
     <span class='ocr_line' id='line_1_1' title="bbox 261 234 370 289; baseline -0.009 -1"><span class='ocrx_word' id='word_1_1' title='bbox 261 234 370 289; x_wconf 74' lang='grc' dir='ltr'><strong>5Ξ5</strong></span> 
     </span>
    </p>
   </div>
   <div class='ocr_carea' id='block_1_2' title="bbox 264 345 1852 418">
    <p class='ocr_par' dir='ltr' id='par_1_2' title="bbox 264 345 1852 418">
     <span class='ocr_line' id='line_1_2' title="bbox 264 345 1852 418; baseline -0.001 -16"><span class='ocrx_word' id='word_1_2' title='bbox 264 362 386 402; x_wconf 88' lang='lat' dir='ltr'><strong>mus</strong></span> <span class='ocrx_word' id='word_1_3' title='bbox 415 364 427 400; x_wconf 94' lang='lat'>:</span> <span class='ocrx_word' id='word_1_4' title='bbox 460 346 742 402; x_wconf 73' lang='lat' dir='ltr'><strong>Ementitre</strong></span> <span class='ocrx_word' id='word_1_5' title='bbox 765 353 890 402; x_wconf 86' lang='lat' dir='ltr'><strong>sunt</strong></span> <span class='ocrx_word' id='word_1_6' title='bbox 915 355 1146 418; x_wconf 72' lang='lat' dir='ltr'><strong>segetes,</strong></span> <span class='ocrx_word' id='word_1_7' title='bbox 1177 345 1280 403; x_wconf 90' lang='lat' dir='ltr'><strong>hoc</strong></span> <span class='ocrx_word' id='word_1_8' title='bbox 1305 356 1409 413; x_wconf 89' lang='lat' dir='ltr'><strong>est,</strong></span> <span class='ocrx_word' id='word_1_9' title='bbox 1437 363 1586 418; x_wconf 82' lang='lat' dir='ltr'><strong>spem</strong></span> <span class='ocrx_word' id='word_1_10' title='bbox 1612 356 1852 402; x_wconf 81' lang='lat' dir='ltr'><strong>nostram</strong></span> 
     </span>
    </p>
   </div>
   <div class='ocr_carea' id='block_1_3' title="bbox 262 437 1856 509">
    <p class='ocr_par' dir='ltr' id='par_1_3' title="bbox 262 437 1856 509">
     <span class='ocr_line' id='line_1_3' title="bbox 262 437 1856 509; baseline 0.001 -16"><span class='ocrx_word' id='word_1_11' title='bbox 262 437 593 505; x_wconf 72' lang='lat' dir='ltr'><strong>fefellerunt,</strong></span> <span class='ocrx_word' id='word_1_12' title='bbox 625 452 726 493; x_wconf 86' lang='lat' dir='ltr'><strong>nee</strong></span> <span class='ocrx_word' id='word_1_13' title='bbox 756 448 813 494; x_wconf 92' lang='lat' dir='ltr'><strong>ut</strong></span> <span class='ocrx_word' id='word_1_14' title='bbox 841 439 1209 509; x_wconf 85' lang='lat' dir='ltr'><strong>sperabamus,</strong></span> <span class='ocrx_word' id='word_1_15' title='bbox 1247 440 1484 495; x_wconf 89' lang='lat' dir='ltr'><strong>tulerunt</strong></span> <span class='ocrx_word' id='word_1_16' title='bbox 1515 457 1531 496; x_wconf 88' lang='lat'><strong>:</strong></span> <span class='ocrx_word' id='word_1_17' title='bbox 1564 448 1637 504; x_wconf 91' lang='lat' dir='ltr'><strong>et,</strong></span> <span class='ocrx_word' id='word_1_18' title='bbox 1669 441 1856 495; x_wconf 83' lang='lat' dir='ltr'>Annus</span> 
     </span>
    </p>
   </div>
   <div class='ocr_carea' id='block_1_4' title="bbox 268 529 1859 602">
    <p class='ocr_par' dir='ltr' id='par_1_4' title="bbox 268 529 1859 602">
     <span class='ocr_line' id='line_1_4' title="bbox 268 529 1859 602; baseline 0.001 -18"><span class='ocrx_word' id='word_1_19' title='bbox 268 539 357 585; x_wconf 81' lang='lat' dir='ltr'><strong>est</strong></span> <span class='ocrx_word' id='word_1_20' title='bbox 372 529 680 595; x_wconf 73' lang='lat' dir='ltr'><strong>ementitus,</strong></span> <span class='ocrx_word' id='word_1_21' title='bbox 709 529 812 584; x_wconf 87' lang='lat' dir='ltr'><strong>hoc</strong></span> <span class='ocrx_word' id='word_1_22' title='bbox 831 545 1017 587; x_wconf 86' lang='lat' dir='ltr'><strong>rursus</strong></span> <span class='ocrx_word' id='word_1_23' title='bbox 1040 531 1422 602; x_wconf 86' lang='lat' dir='ltr'><strong>signiﬁcantes.</strong></span> <span class='ocrx_word' id='word_1_24' title='bbox 1451 532 1712 598; x_wconf 81' lang='lat' dir='ltr'><strong>Quoniam</strong></span> <span class='ocrx_word' id='word_1_25' title='bbox 1730 546 1859 602; x_wconf 86' lang='lat' dir='ltr'><strong>ergo</strong></span> 
     </span>
    </p>
   </div>
   <div class='ocr_carea' id='block_1_5' title="bbox 267 621 1858 694">
    <p class='ocr_par' dir='ltr' id='par_1_5' title="bbox 267 621 1858 694">
     <span class='ocr_line' id='line_1_5' title="bbox 267 621 1858 694; baseline 0.003 -18"><span class='ocrx_word' id='word_1_26' title='bbox 267 621 431 676; x_wconf 92' lang='lat' dir='ltr'><strong>homo</strong></span> <span class='ocrx_word' id='word_1_27' title='bbox 481 637 569 680; x_wconf 88' lang='lat' dir='ltr'><strong>res</strong></span> <span class='ocrx_word' id='word_1_28' title='bbox 615 630 700 678; x_wconf 89' lang='lat' dir='ltr'><strong>est</strong></span> <span class='ocrx_word' id='word_1_29' title='bbox 746 624 884 688; x_wconf 82' lang='lat' dir='ltr'><strong>vilis,</strong></span> <span class='ocrx_word' id='word_1_30' title='bbox 935 633 1094 694; x_wconf 90' lang='lat' dir='ltr'><strong>atque</strong></span> <span class='ocrx_word' id='word_1_31' title='bbox 1125 624 1260 680; x_wconf 86' lang='lat' dir='ltr'><strong>adeo</strong></span> <span class='ocrx_word' id='word_1_32' title='bbox 1301 624 1501 691; x_wconf 88' lang='lat' dir='ltr'><strong>nihili;</strong></span> <span class='ocrx_word' id='word_1_33' title='bbox 1537 627 1637 680; x_wconf 88' lang='lat' dir='ltr'><strong>hac</strong></span> <span class='ocrx_word' id='word_1_34' title='bbox 1680 633 1858 680; x_wconf 89' lang='lat' dir='ltr'><strong>autem</strong></span> 
     </span>
    </p>
   </div>
   <div class='ocr_carea' id='block_1_6' title="bbox 267 713 1864 784">
    <p class='ocr_par' dir='ltr' id='par_1_6' title="bbox 267 713 1864 784">
     <span class='ocr_line' id='line_1_6' title="bbox 267 713 1864 784; baseline 0.004 -16"><span class='ocrx_word' id='word_1_35' title='bbox 267 713 606 784; x_wconf 83' lang='lat' dir='ltr'><strong>philosophia</strong></span> <span class='ocrx_word' id='word_1_36' title='bbox 657 716 893 772; x_wconf 78' lang='lat' dir='ltr'><strong>solemus</strong></span> <span class='ocrx_word' id='word_1_37' title='bbox 949 718 1023 772; x_wconf 93' lang='lat' dir='ltr'><strong>uti</strong></span> <span class='ocrx_word' id='word_1_38' title='bbox 1075 719 1307 774; x_wconf 77' lang='lat' dir='ltr'><strong>maxime</strong></span> <span class='ocrx_word' id='word_1_39' title='bbox 1350 719 1406 773; x_wconf 89' lang='lat' dir='ltr'><strong>in</strong></span> <span class='ocrx_word' id='word_1_40' title='bbox 1453 720 1776 782; x_wconf 90' lang='lat' dir='ltr'><strong>calamitate,</strong></span> <span class='ocrx_word' id='word_1_41' title='bbox 1808 729 1864 775; x_wconf 89' lang='lat' dir='ltr'><strong>et</strong></span> 
     </span>
    </p>
   </div>
   <div class='ocr_carea' id='block_1_7' title="bbox 263 803 1862 881">
    <p class='ocr_par' dir='ltr' id='par_1_7' title="bbox 263 803 1862 881">
     <span class='ocr_line' id='line_1_7' title="bbox 263 803 1862 881; baseline 0.003 -23"><span class='ocrx_word' id='word_1_42' title='bbox 263 821 424 873; x_wconf 87' lang='lat' dir='ltr'><strong>quam</strong></span> <span class='ocrx_word' id='word_1_43' title='bbox 448 805 519 860; x_wconf 89' lang='lat' dir='ltr'><strong>sit</strong></span> <span class='ocrx_word' id='word_1_44' title='bbox 547 803 758 860; x_wconf 81' lang='lat' dir='ltr'><strong>inﬁrma</strong></span> <span class='ocrx_word' id='word_1_45' title='bbox 787 818 971 862; x_wconf 90' lang='lat' dir='ltr'><strong>natura</strong></span> <span class='ocrx_word' id='word_1_46' title='bbox 999 808 1345 866; x_wconf 87' lang='lat' dir='ltr'><strong>considerare</strong></span> <span class='ocrx_word' id='word_1_47' title='bbox 1374 826 1388 866; x_wconf 88' lang='lat'><strong>:</strong></span> <span class='ocrx_word' id='word_1_48' title='bbox 1421 809 1541 866; x_wconf 91' lang='lat' dir='ltr'><strong>ideo</strong></span> <span class='ocrx_word' id='word_1_49' title='bbox 1571 811 1688 881; x_wconf 91' lang='lat' dir='ltr'><strong>ipse</strong></span> <span class='ocrx_word' id='word_1_50' title='bbox 1727 827 1862 881; x_wconf 87' lang='lat' dir='ltr'><strong>quo-</strong></span> 
     </span>
    </p>
   </div>
   <div class='ocr_carea' id='block_1_8' title="bbox 262 899 1856 971">
    <p class='ocr_par' dir='ltr' id='par_1_8' title="bbox 262 899 1856 971">
     <span class='ocr_line' id='line_1_8' title="bbox 262 899 1856 971; baseline 0.004 -21"><span class='ocrx_word' id='word_1_51' title='bbox 262 913 370 968; x_wconf 89' lang='lat' dir='ltr'><strong>que</strong></span> <span class='ocrx_word' id='word_1_52' title='bbox 411 912 536 954; x_wconf 89' lang='lat' dir='ltr'><strong>cum</strong></span> <span class='ocrx_word' id='word_1_53' title='bbox 577 907 721 954; x_wconf 87' lang='lat' dir='ltr'><strong>esset</strong></span> <span class='ocrx_word' id='word_1_54' title='bbox 759 899 921 954; x_wconf 88' lang='lat' dir='ltr'><strong>animi</strong></span> <span class='ocrx_word' id='word_1_55' title='bbox 948 900 1159 964; x_wconf 82' lang='lat' dir='ltr'><strong>anxius,</strong></span> <span class='ocrx_word' id='word_1_56' title='bbox 1189 911 1246 956; x_wconf 91' lang='lat' dir='ltr'><strong>et</strong></span> <span class='ocrx_word' id='word_1_57' title='bbox 1294 900 1504 956; x_wconf 80' lang='lat' dir='ltr'><strong>videret</strong></span> <span class='ocrx_word' id='word_1_58' title='bbox 1531 903 1678 971; x_wconf 81' lang='lat' dir='ltr'><strong>argui</strong></span> <span class='ocrx_word' id='word_1_59' title='bbox 1707 911 1856 956; x_wconf 86' lang='lat' dir='ltr'><strong>natu-</strong></span> 
     </span>
    </p>
   </div>
   <div class='ocr_carea' id='block_1_9' title="bbox 264 991 1857 1066">
    <p class='ocr_par' dir='ltr' id='par_1_9' title="bbox 264 991 1857 1066">
     <span class='ocr_line' id='line_1_9' title="bbox 264 991 1857 1066; baseline 0.004 -24"><span class='ocrx_word' id='word_1_60' title='bbox 264 1004 378 1043; x_wconf 90' lang='lat' dir='ltr'><strong>ram</strong></span> <span class='ocrx_word' id='word_1_61' title='bbox 411 1031 428 1056; x_wconf 96' lang='lat'><strong>,</strong></span> <span class='ocrx_word' id='word_1_62' title='bbox 474 998 529 1044; x_wconf 91' lang='lat' dir='ltr'><strong>et</strong></span> <span class='ocrx_word' id='word_1_63' title='bbox 553 1005 711 1060; x_wconf 89' lang='lat' dir='ltr'><strong>quam</strong></span> <span class='ocrx_word' id='word_1_64' title='bbox 740 991 862 1046; x_wconf 91' lang='lat' dir='ltr'><strong>vilis</strong></span> <span class='ocrx_word' id='word_1_65' title='bbox 885 1001 1028 1048; x_wconf 92' lang='lat' dir='ltr'><strong>esset</strong></span> <span class='ocrx_word' id='word_1_66' title='bbox 1056 1003 1107 1048; x_wconf 91' lang='lat' dir='ltr'><strong>et</strong></span> <span class='ocrx_word' id='word_1_67' title='bbox 1139 992 1293 1047; x_wconf 83' lang='lat' dir='ltr'><strong>nihili</strong></span> <span class='ocrx_word' id='word_1_68' title='bbox 1321 994 1466 1048; x_wconf 91' lang='lat' dir='ltr'><strong>omni</strong></span> <span class='ocrx_word' id='word_1_69' title='bbox 1495 1009 1560 1050; x_wconf 80' lang='lat' dir='ltr'><strong>ex</strong></span> <span class='ocrx_word' id='word_1_70' title='bbox 1590 1003 1751 1066; x_wconf 88' lang='lat' dir='ltr'><strong>parte</strong></span> <span class='ocrx_word' id='word_1_71' title='bbox 1776 1010 1857 1050; x_wconf 85' lang='lat' dir='ltr'><strong>os-</strong></span> 
     </span>
    </p>
   </div>
   <div class='ocr_carea' id='block_1_10' title="bbox 263 1083 1861 1154">
    <p class='ocr_par' dir='ltr' id='par_1_10' title="bbox 263 1083 1861 1154">
     <span class='ocr_line' id='line_1_10' title="bbox 263 1083 1861 1154; baseline 0.004 -18"><span class='ocrx_word' id='word_1_72' title='bbox 263 1084 450 1149; x_wconf 89' lang='lat' dir='ltr'><strong>tendit,</strong></span> <span class='ocrx_word' id='word_1_73' title='bbox 486 1083 684 1149; x_wconf 80' lang='lat' dir='ltr'><strong>Omnis,</strong></span> <span class='ocrx_word' id='word_1_74' title='bbox 721 1085 912 1154; x_wconf 87' lang='lat' dir='ltr'><strong>inquit,</strong></span> <span class='ocrx_word' id='word_1_75' title='bbox 946 1085 1097 1141; x_wconf 86' lang='lat' dir='ltr'><strong>homo</strong></span> <span class='ocrx_word' id='word_1_76' title='bbox 1128 1085 1350 1141; x_wconf 73' lang='lat' dir='ltr'><strong>mendax</strong></span> <span class='ocrx_word' id='word_1_77' title='bbox 1375 1102 1394 1141; x_wconf 91' lang='lat'><strong><em>:</em></strong></span> <span class='ocrx_word' id='word_1_78' title='bbox 1421 1085 1524 1142; x_wconf 91' lang='lat' dir='ltr'><strong>hoc</strong></span> <span class='ocrx_word' id='word_1_79' title='bbox 1550 1097 1652 1154; x_wconf 90' lang='lat' dir='ltr'><strong>est,</strong></span> <span class='ocrx_word' id='word_1_80' title='bbox 1685 1087 1861 1142; x_wconf 84' lang='lat' dir='ltr'><strong>Homo</strong></span> 
     </span>
    </p>
   </div>
   <div class='ocr_carea' id='block_1_11' title="bbox 262 1174 1856 1249">
    <p class='ocr_par' dir='ltr' id='par_1_11' title="bbox 262 1174 1856 1249">
     <span class='ocr_line' id='line_1_11' title="bbox 262 1174 1856 1249; baseline 0.003 -21"><span class='ocrx_word' id='word_1_81' title='bbox 262 1174 415 1229; x_wconf 89' lang='lat' dir='ltr'><strong>nihili</strong></span> <span class='ocrx_word' id='word_1_82' title='bbox 461 1183 567 1230; x_wconf 92' lang='lat' dir='ltr'><strong>est.</strong></span> <span class='ocrx_word' id='word_1_83' title='bbox 613 1175 874 1244; x_wconf 84' lang='lat' dir='ltr'><strong>Quocirca</strong></span> <span class='ocrx_word' id='word_1_84' title='bbox 919 1177 1032 1247; x_wconf 90' lang='lat' dir='ltr'><strong>ipse</strong></span> <span class='ocrx_word' id='word_1_85' title='bbox 1055 1193 1267 1249; x_wconf 88' lang='lat' dir='ltr'><strong>quoque</strong></span> <span class='ocrx_word' id='word_1_86' title='bbox 1306 1177 1432 1233; x_wconf 88' lang='lat' dir='ltr'><strong>alibi</strong></span> <span class='ocrx_word' id='word_1_87' title='bbox 1459 1178 1670 1234; x_wconf 87' lang='lat' dir='ltr'><strong>dicebat</strong></span> <span class='ocrx_word' id='word_1_88' title='bbox 1698 1195 1716 1232; x_wconf 91' lang='lat'><em>:</em></span> <span class='ocrx_word' id='word_1_89' title='bbox 1757 1178 1856 1232; x_wconf 84' lang='lat' dir='ltr'><strong>Ve-</strong></span> 
     </span>
    </p>
   </div>
   <div class='ocr_carea' id='block_1_12' title="bbox 260 1268 1854 1344">
    <p class='ocr_par' dir='ltr' id='par_1_12' title="bbox 260 1268 1854 1344">
     <span class='ocr_line' id='line_1_12' title="bbox 260 1268 1854 1344; baseline 0.003 -23"><span class='ocrx_word' id='word_1_90' title='bbox 260 1279 543 1322; x_wconf 80' lang='lat' dir='ltr'><strong>rumtamen</strong></span> <span class='ocrx_word' id='word_1_91' title='bbox 583 1269 636 1323; x_wconf 81' lang='lat' dir='ltr'><strong>in</strong></span> <span class='ocrx_word' id='word_1_92' title='bbox 676 1270 900 1340; x_wconf 74' lang='lat' dir='ltr'><strong>imagine</strong></span> <span class='ocrx_word' id='word_1_93' title='bbox 949 1277 1223 1338; x_wconf 78' lang='lat' dir='ltr'><strong>pertransit</strong></span> <span class='ocrx_word' id='word_1_94' title='bbox 1265 1271 1416 1325; x_wconf 88' lang='lat' dir='ltr'><strong>homo</strong></span> <span class='ocrx_word' id='word_1_95' title='bbox 1447 1268 1618 1344; x_wconf 86' lang='lat' dir='ltr'><strong>(Psal.</strong></span> <span class='ocrx_word' id='word_1_96' title='bbox 1652 1271 1740 1326; x_wconf 76' lang='lat'><strong>58.</strong></span> <span class='ocrx_word' id='word_1_97' title='bbox 1775 1271 1854 1342; x_wconf 88' lang='grc'><strong>7).</strong></span> 
     </span>
    </p>
   </div>
   <div class='ocr_carea' id='block_1_13' title="bbox 261 1359 1857 1434">
    <p class='ocr_par' dir='ltr' id='par_1_13' title="bbox 261 1359 1857 1434">
     <span class='ocr_line' id='line_1_13' title="bbox 261 1359 1857 1434; baseline 0.001 -18"><span class='ocrx_word' id='word_1_98' title='bbox 261 1361 315 1416; x_wconf 78' lang='lat'><strong>5.</strong></span> <span class='ocrx_word' id='word_1_99' title='bbox 348 1359 484 1427; x_wconf 87' lang='lat' dir='ltr'><strong>Quid</strong></span> <span class='ocrx_word' id='word_1_100' title='bbox 510 1361 781 1415; x_wconf 78' lang='lat' dir='ltr'><strong>retribuam</strong></span> <span class='ocrx_word' id='word_1_101' title='bbox 819 1361 1039 1417; x_wconf 90' lang='lat' dir='ltr'><strong>Domino</strong></span> <span class='ocrx_word' id='word_1_102' title='bbox 1068 1380 1161 1434; x_wconf 88' lang='lat' dir='ltr'><strong>pro</strong></span> <span class='ocrx_word' id='word_1_103' title='bbox 1201 1365 1431 1418; x_wconf 86' lang='lat' dir='ltr'><strong>omnibus</strong></span> <span class='ocrx_word' id='word_1_104' title='bbox 1471 1380 1586 1434; x_wconf 72' lang='lat' dir='ltr'><strong>quae</strong></span> <span class='ocrx_word' id='word_1_105' title='bbox 1628 1365 1857 1418; x_wconf 80' lang='lat' dir='ltr'><strong>retribuit</strong></span> 
     </span>
    </p>
   </div>
   <div class='ocr_carea' id='block_1_14' title="bbox 260 1453 1856 1529">
    <p class='ocr_par' dir='ltr' id='par_1_14' title="bbox 260 1453 1856 1529">
     <span class='ocr_line' id='line_1_14' title="bbox 260 1453 1856 1529; baseline 0.004 -22"><span class='ocrx_word' id='word_1_106' title='bbox 260 1455 441 1509; x_wconf 82' lang='lat' dir='ltr'><strong>mihi!</strong></span> <span class='ocrx_word' id='word_1_107' title='bbox 469 1453 606 1512; x_wconf 76' lang='lat' dir='ltr'><strong>Vide</strong></span> <span class='ocrx_word' id='word_1_108' title='bbox 649 1456 919 1526; x_wconf 86' lang='lat' dir='ltr'><strong>quomodo</strong></span> <span class='ocrx_word' id='word_1_109' title='bbox 960 1457 1194 1513; x_wconf 84' lang='lat' dir='ltr'><strong>ostendit</strong></span> <span class='ocrx_word' id='word_1_110' title='bbox 1233 1473 1486 1529; x_wconf 84' lang='lat' dir='ltr'><strong>magnum</strong></span> <span class='ocrx_word' id='word_1_111' title='bbox 1531 1458 1856 1515; x_wconf 89' lang='lat' dir='ltr'><strong>beneﬁcium</strong></span> 
     </span>
    </p>
   </div>
   <div class='ocr_carea' id='block_1_15' title="bbox 265 1548 1857 1622">
    <p class='ocr_par' dir='ltr' id='par_1_15' title="bbox 265 1548 1857 1622">
     <span class='ocr_line' id='line_1_15' title="bbox 265 1548 1857 1622; baseline 0.003 -18"><span class='ocrx_word' id='word_1_112' title='bbox 265 1561 374 1604; x_wconf 88' lang='lat' dir='ltr'><strong>non</strong></span> <span class='ocrx_word' id='word_1_113' title='bbox 401 1548 549 1603; x_wconf 79' lang='lat' dir='ltr'><strong>exiis</strong></span> <span class='ocrx_word' id='word_1_114' title='bbox 568 1550 740 1605; x_wconf 89' lang='lat' dir='ltr'><strong>solum</strong></span> <span class='ocrx_word' id='word_1_115' title='bbox 766 1565 885 1620; x_wconf 75' lang='lat' dir='ltr'><strong>qua:</strong></span> <span class='ocrx_word' id='word_1_116' title='bbox 913 1549 1050 1606; x_wconf 83' lang='lat' dir='ltr'><strong>facta</strong></span> <span class='ocrx_word' id='word_1_117' title='bbox 1077 1560 1221 1616; x_wconf 88' lang='lat' dir='ltr'><strong>sunt,</strong></span> <span class='ocrx_word' id='word_1_118' title='bbox 1246 1551 1338 1606; x_wconf 87' lang='lat' dir='ltr'><strong>sed</strong></span> <span class='ocrx_word' id='word_1_119' title='bbox 1357 1551 1518 1607; x_wconf 88' lang='lat' dir='ltr'><strong>etiam</strong></span> <span class='ocrx_word' id='word_1_120' title='bbox 1541 1567 1607 1606; x_wconf 80' lang='lat' dir='ltr'><strong>ex</strong></span> <span class='ocrx_word' id='word_1_121' title='bbox 1628 1567 1695 1608; x_wconf 91' lang='lat' dir='ltr'><strong>eo</strong></span> <span class='ocrx_word' id='word_1_122' title='bbox 1715 1553 1857 1622; x_wconf 92' lang='lat' dir='ltr'><strong>quod</strong></span> 
     </span>
    </p>
   </div>
   <div class='ocr_carea' id='block_1_16' title="bbox 260 1640 1854 1715">
    <p class='ocr_par' dir='ltr' id='par_1_16' title="bbox 260 1640 1854 1715">
     <span class='ocr_line' id='line_1_16' title="bbox 260 1640 1854 1715; baseline 0.004 -21"><span class='ocrx_word' id='word_1_123' title='bbox 260 1640 400 1696; x_wconf 79' lang='lat' dir='ltr'><strong>facta</strong></span> <span class='ocrx_word' id='word_1_124' title='bbox 452 1642 558 1698; x_wconf 89' lang='lat' dir='ltr'><strong>sint</strong></span> <span class='ocrx_word' id='word_1_125' title='bbox 598 1641 650 1696; x_wconf 86' lang='lat' dir='ltr'><strong>in</strong></span> <span class='ocrx_word' id='word_1_126' title='bbox 696 1656 817 1697; x_wconf 86' lang='lat' dir='ltr'><strong>eum</strong></span> <span class='ocrx_word' id='word_1_127' title='bbox 863 1644 952 1714; x_wconf 90' lang='lat' dir='ltr'><strong>qui</strong></span> <span class='ocrx_word' id='word_1_128' title='bbox 995 1652 1138 1699; x_wconf 82' lang='lat' dir='ltr'><strong>esset</strong></span> <span class='ocrx_word' id='word_1_129' title='bbox 1167 1643 1453 1714; x_wconf 87' lang='lat' dir='ltr'><strong>ejusmodi,</strong></span> <span class='ocrx_word' id='word_1_130' title='bbox 1484 1644 1604 1699; x_wconf 88' lang='lat' dir='ltr'><strong>aliis</strong></span> <span class='ocrx_word' id='word_1_131' title='bbox 1639 1643 1854 1715; x_wconf 88' lang='lat' dir='ltr'><strong>quidem</strong></span> 
     </span>
    </p>
   </div>
   <div class='ocr_carea' id='block_1_17' title="bbox 263 1734 1854 1806">
    <p class='ocr_par' dir='ltr' id='par_1_17' title="bbox 263 1734 1854 1806">
     <span class='ocr_line' id='line_1_17' title="bbox 263 1734 1854 1806; baseline 0.004 -20"><span class='ocrx_word' id='word_1_132' title='bbox 263 1734 464 1801; x_wconf 85' lang='lat' dir='ltr'><strong>verbis,</strong></span> <span class='ocrx_word' id='word_1_133' title='bbox 511 1734 605 1790; x_wconf 88' lang='lat' dir='ltr'><strong>sed</strong></span> <span class='ocrx_word' id='word_1_134' title='bbox 645 1735 836 1791; x_wconf 88' lang='lat' dir='ltr'><strong>eodem</strong></span> <span class='ocrx_word' id='word_1_135' title='bbox 879 1752 1041 1791; x_wconf 89' lang='lat' dir='ltr'><strong>sensu</strong></span> <span class='ocrx_word' id='word_1_136' title='bbox 1087 1752 1152 1792; x_wconf 88' lang='lat' dir='ltr'><strong>ea</strong></span> <span class='ocrx_word' id='word_1_137' title='bbox 1198 1752 1442 1800; x_wconf 88' lang='lat' dir='ltr'><strong>narrans,</strong></span> <span class='ocrx_word' id='word_1_138' title='bbox 1473 1753 1593 1806; x_wconf 64' lang='lat' dir='ltr'><strong>quae</strong></span> <span class='ocrx_word' id='word_1_139' title='bbox 1635 1746 1760 1792; x_wconf 90' lang='lat' dir='ltr'><strong>sunt</strong></span> <span class='ocrx_word' id='word_1_140' title='bbox 1803 1738 1854 1792; x_wconf 93' lang='lat' dir='ltr'><strong>in</strong></span> 
     </span>
    </p>
   </div>
   <div class='ocr_carea' id='block_1_18' title="bbox 259 1828 1850 1898">
    <p class='ocr_par' dir='ltr' id='par_1_18' title="bbox 259 1828 1850 1898">
     <span class='ocr_line' id='line_1_18' title="bbox 259 1828 1850 1898; baseline 0.002 -14"><span class='ocrx_word' id='word_1_141' title='bbox 259 1828 492 1884; x_wconf 79' lang='lat' dir='ltr'><strong>PSalmo.</strong></span> <span class='ocrx_word' id='word_1_142' title='bbox 523 1828 984 1895; x_wconf 75' lang='lat' dir='ltr'><strong>Quemadmodum</strong></span> <span class='ocrx_word' id='word_1_143' title='bbox 1015 1830 1160 1885; x_wconf 89' lang='lat' dir='ltr'><strong>enim</strong></span> <span class='ocrx_word' id='word_1_144' title='bbox 1189 1830 1295 1885; x_wconf 88' lang='lat' dir='ltr'><strong>illic</strong></span> <span class='ocrx_word' id='word_1_145' title='bbox 1321 1830 1531 1884; x_wconf 88' lang='lat' dir='ltr'><strong>dicebat</strong></span> <span class='ocrx_word' id='word_1_146' title='bbox 1570 1846 1587 1886; x_wconf 92' lang='lat'>:</span> <span class='ocrx_word' id='word_1_147' title='bbox 1621 1829 1756 1898; x_wconf 87' lang='lat' dir='ltr'><strong>Quid</strong></span> <span class='ocrx_word' id='word_1_148' title='bbox 1778 1841 1850 1887; x_wconf 84' lang='lat' dir='ltr'><strong>est</strong></span> 
     </span>
    </p>
   </div>
   <div class='ocr_carea' id='block_1_19' title="bbox 259 1920 1855 1993">
    <p class='ocr_par' dir='ltr' id='par_1_19' title="bbox 259 1920 1855 1993">
     <span class='ocr_line' id='line_1_19' title="bbox 259 1920 1855 1993; baseline 0.004 -22"><span class='ocrx_word' id='word_1_149' title='bbox 259 1920 413 1974; x_wconf 86' lang='lat' dir='ltr'><strong>homo</strong></span> <span class='ocrx_word' id='word_1_150' title='bbox 435 1920 571 1990; x_wconf 84' lang='lat' dir='ltr'><strong>quod</strong></span> <span class='ocrx_word' id='word_1_151' title='bbox 601 1937 790 1974; x_wconf 88' lang='lat' dir='ltr'><strong>memor</strong></span> <span class='ocrx_word' id='word_1_152' title='bbox 820 1938 873 1976; x_wconf 88' lang='lat' dir='ltr'><strong>es</strong></span> <span class='ocrx_word' id='word_1_153' title='bbox 891 1924 1024 1992; x_wconf 83' lang='lat' dir='ltr'><strong>ejus,</strong></span> <span class='ocrx_word' id='word_1_154' title='bbox 1053 1932 1142 1975; x_wconf 89' lang='lat' dir='ltr'><strong>aut</strong></span> <span class='ocrx_word' id='word_1_155' title='bbox 1166 1921 1307 1990; x_wconf 84' lang='lat' dir='ltr'><strong>ﬁlius</strong></span> <span class='ocrx_word' id='word_1_156' title='bbox 1346 1923 1584 1990; x_wconf 81' lang='lat' dir='ltr'><strong>hominis,</strong></span> <span class='ocrx_word' id='word_1_157' title='bbox 1615 1923 1855 1993; x_wconf 82' lang='lat' dir='ltr'><strong>quoniam</strong></span> 
     </span>
    </p>
   </div>
   <div class='ocr_carea' id='block_1_20' title="bbox 256 2013 1403 2085">
    <p class='ocr_par' dir='ltr' id='par_1_20' title="bbox 256 2013 1403 2085">
     <span class='ocr_line' id='line_1_20' title="bbox 256 2013 1403 2085; baseline 0 -18"><span class='ocrx_word' id='word_1_158' title='bbox 256 2013 430 2068; x_wconf 79' lang='lat' dir='ltr'><strong>oisitas</strong></span> <span class='ocrx_word' id='word_1_159' title='bbox 454 2031 568 2068; x_wconf 86' lang='lat' dir='ltr'><strong>eum</strong></span> <span class='ocrx_word' id='word_1_160' title='bbox 589 2013 766 2085; x_wconf 89' lang='lat' dir='ltr'><strong>(Psal.</strong></span> <span class='ocrx_word' id='word_1_161' title='bbox 798 2015 852 2069; x_wconf 87' lang='lat'><strong>8.</strong></span> <span class='ocrx_word' id='word_1_162' title='bbox 886 2015 972 2085; x_wconf 81' lang='lat'><strong>5)?</strong></span> <span class='ocrx_word' id='word_1_163' title='bbox 1003 2015 1072 2069; x_wconf 86' lang='lat' dir='ltr'><strong>ita</strong></span> <span class='ocrx_word' id='word_1_164' title='bbox 1107 2013 1194 2068; x_wconf 91' lang='lat' dir='ltr'><strong>hic</strong></span> <span class='ocrx_word' id='word_1_165' title='bbox 1220 2014 1403 2068; x_wconf 88' lang='lat' dir='ltr'><strong>etiam.</strong></span> 
     </span>
    </p>
   </div>
   <div class='ocr_carea' id='block_1_21' title="bbox 327 2105 1857 2178">
    <p class='ocr_par' dir='ltr' id='par_1_21' title="bbox 327 2105 1857 2178">
     <span class='ocr_line' id='line_1_21' title="bbox 327 2105 1857 2178; baseline 0.001 -18"><span class='ocrx_word' id='word_1_166' title='bbox 327 2105 582 2175; x_wconf 74' lang='lat' dir='ltr'><strong>Beneﬁcia</strong></span> <span class='ocrx_word' id='word_1_167' title='bbox 601 2117 655 2161; x_wconf 89' lang='lat' dir='ltr'><strong>ut</strong></span> <span class='ocrx_word' id='word_1_168' title='bbox 678 2107 1032 2177; x_wconf 78' lang='lat' dir='ltr'><strong>duplicentur;</strong></span> <span class='ocrx_word' id='word_1_169' title='bbox 1052 2107 1304 2178; x_wconf 86' lang='lat' dir='ltr'><strong>quomodo</strong></span> <span class='ocrx_word' id='word_1_170' title='bbox 1339 2122 1439 2161; x_wconf 67' lang='lat' dir='ltr'><strong>vos:</strong></span> <span class='ocrx_word' id='word_1_171' title='bbox 1459 2147 1474 2172; x_wconf 89' lang='lat'><strong>,</strong></span> <span class='ocrx_word' id='word_1_172' title='bbox 1511 2106 1752 2171; x_wconf 88' lang='lat' dir='ltr'><strong>calicem,</strong></span> <span class='ocrx_word' id='word_1_173' title='bbox 1776 2109 1857 2162; x_wconf 68' lang='lat' dir='ltr'><strong>in-</strong></span> 
     </span>
    </p>
   </div>
   <div class='ocr_carea' id='block_1_22' title="bbox 254 2197 1854 2268">
    <p class='ocr_par' dir='ltr' id='par_1_22' title="bbox 254 2197 1854 2268">
     <span class='ocr_line' id='line_1_22' title="bbox 254 2197 1854 2268; baseline 0.002 -17"><span class='ocrx_word' id='word_1_174' title='bbox 254 2197 528 2268; x_wconf 80' lang='lat' dir='ltr'><strong>telligenda</strong></span> <span class='ocrx_word' id='word_1_175' title='bbox 554 2199 653 2265; x_wconf 90' lang='lat' dir='ltr'><strong>sit,</strong></span> <span class='ocrx_word' id='word_1_176' title='bbox 681 2199 735 2252; x_wconf 89' lang='lat' dir='ltr'><strong>in</strong></span> <span class='ocrx_word' id='word_1_177' title='bbox 763 2215 909 2252; x_wconf 70' lang='lat' dir='ltr'><strong>versu</strong></span> <span class='ocrx_word' id='word_1_178' title='bbox 933 2200 1175 2268; x_wconf 77' lang='lat' dir='ltr'><strong>sequenti.</strong></span> <span class='ocrx_word' id='word_1_179' title='bbox 1200 2227 1272 2239; x_wconf 92' lang='lat'><strong>—-</strong></span> <span class='ocrx_word' id='word_1_180' title='bbox 1294 2198 1445 2253; x_wconf 86' lang='lat' dir='ltr'><strong>Tunc</strong></span> <span class='ocrx_word' id='word_1_181' title='bbox 1471 2209 1648 2253; x_wconf 89' lang='lat' dir='ltr'><strong>autem</strong></span> <span class='ocrx_word' id='word_1_182' title='bbox 1675 2209 1854 2254; x_wconf 82' lang='lat' dir='ltr'><strong>osten-</strong></span> 
     </span>
    </p>
   </div>
   <div class='ocr_carea' id='block_1_23' title="bbox 254 2290 1848 2362">
    <p class='ocr_par' dir='ltr' id='par_1_23' title="bbox 254 2290 1848 2362">
     <span class='ocr_line' id='line_1_23' title="bbox 254 2290 1848 2362; baseline 0.002 -18"><span class='ocrx_word' id='word_1_183' title='bbox 254 2290 455 2344; x_wconf 87' lang='lat' dir='ltr'><strong>duntur</strong></span> <span class='ocrx_word' id='word_1_184' title='bbox 471 2290 704 2362; x_wconf 84' lang='lat' dir='ltr'><strong>duplicia</strong></span> <span class='ocrx_word' id='word_1_185' title='bbox 733 2305 854 2346; x_wconf 86' lang='lat' dir='ltr'><strong>esse</strong></span> <span class='ocrx_word' id='word_1_186' title='bbox 885 2291 1167 2356; x_wconf 63' lang='lat' dir='ltr'><strong>beneﬁcia,</strong></span> <span class='ocrx_word' id='word_1_187' title='bbox 1193 2291 1406 2361; x_wconf 84' lang='lat' dir='ltr'><strong>quando</strong></span> <span class='ocrx_word' id='word_1_188' title='bbox 1431 2299 1488 2347; x_wconf 91' lang='lat' dir='ltr'><strong>et</strong></span> <span class='ocrx_word' id='word_1_189' title='bbox 1514 2299 1707 2346; x_wconf 88' lang='lat' dir='ltr'><strong>natura</strong></span> <span class='ocrx_word' id='word_1_190' title='bbox 1731 2309 1848 2347; x_wconf 86' lang='lat' dir='ltr'><strong>ma-</strong></span> 
     </span>
    </p>
   </div>
   <div class='ocr_carea' id='block_1_24' title="bbox 253 2381 1851 2454">
    <p class='ocr_par' dir='ltr' id='par_1_24' title="bbox 253 2381 1851 2454">
     <span class='ocr_line' id='line_1_24' title="bbox 253 2381 1851 2454; baseline 0.003 -20"><span class='ocrx_word' id='word_1_191' title='bbox 253 2397 357 2450; x_wconf 85' lang='lat' dir='ltr'><strong>gna</strong></span> <span class='ocrx_word' id='word_1_192' title='bbox 403 2393 547 2446; x_wconf 89' lang='lat' dir='ltr'><strong>sunt,</strong></span> <span class='ocrx_word' id='word_1_193' title='bbox 591 2389 647 2438; x_wconf 91' lang='lat' dir='ltr'><strong>et</strong></span> <span class='ocrx_word' id='word_1_194' title='bbox 669 2382 885 2452; x_wconf 83' lang='lat' dir='ltr'><strong>quando</strong></span> <span class='ocrx_word' id='word_1_195' title='bbox 910 2381 1260 2438; x_wconf 79' lang='lat' dir='ltr'><strong>conferuntur</strong></span> <span class='ocrx_word' id='word_1_196' title='bbox 1288 2384 1341 2437; x_wconf 90' lang='lat' dir='ltr'><strong>in</strong></span> <span class='ocrx_word' id='word_1_197' title='bbox 1373 2398 1497 2438; x_wconf 88' lang='lat' dir='ltr'><strong>eum</strong></span> <span class='ocrx_word' id='word_1_198' title='bbox 1538 2383 1629 2454; x_wconf 90' lang='lat' dir='ltr'><strong>qui</strong></span> <span class='ocrx_word' id='word_1_199' title='bbox 1667 2393 1751 2438; x_wconf 88' lang='lat' dir='ltr'><strong>est</strong></span> <span class='ocrx_word' id='word_1_200' title='bbox 1779 2384 1851 2438; x_wconf 81' lang='lat' dir='ltr'><strong>ni-</strong></span> 
     </span>
    </p>
   </div>
   <div class='ocr_carea' id='block_1_25' title="bbox 255 2472 1848 2547">
    <p class='ocr_par' dir='ltr' id='par_1_25' title="bbox 255 2472 1848 2547">
     <span class='ocr_line' id='line_1_25' title="bbox 255 2472 1848 2547; baseline 0.004 -21"><span class='ocrx_word' id='word_1_201' title='bbox 255 2472 346 2527; x_wconf 90' lang='lat' dir='ltr'><strong>hili</strong></span> <span class='ocrx_word' id='word_1_202' title='bbox 379 2489 396 2530; x_wconf 87' lang='lat'><strong>:</strong></span> <span class='ocrx_word' id='word_1_203' title='bbox 422 2474 567 2545; x_wconf 91' lang='lat' dir='ltr'><strong>quod</strong></span> <span class='ocrx_word' id='word_1_204' title='bbox 593 2475 807 2545; x_wconf 87' lang='lat' dir='ltr'><strong>quidem</strong></span> <span class='ocrx_word' id='word_1_205' title='bbox 837 2475 1155 2531; x_wconf 70' lang='lat' dir='ltr'><strong>beneficium</strong></span> <span class='ocrx_word' id='word_1_206' title='bbox 1185 2485 1240 2531; x_wconf 91' lang='lat' dir='ltr'><strong>et</strong></span> <span class='ocrx_word' id='word_1_207' title='bbox 1271 2476 1496 2546; x_wconf 81' lang='lat' dir='ltr'><strong>gratiam</strong></span> <span class='ocrx_word' id='word_1_208' title='bbox 1537 2477 1848 2547; x_wconf 89' lang='lat' dir='ltr'><strong>ampliﬁcat.</strong></span> 
     </span>
    </p>
   </div>
   <div class='ocr_carea' id='block_1_26' title="bbox 253 2563 1853 2634">
    <p class='ocr_par' dir='ltr' id='par_1_26' title="bbox 253 2563 1853 2634">
     <span class='ocr_line' id='line_1_26' title="bbox 253 2563 1853 2634; baseline 0.003 -15"><span class='ocrx_word' id='word_1_209' title='bbox 253 2565 369 2619; x_wconf 90' lang='lat' dir='ltr'><strong>lloe</strong></span> <span class='ocrx_word' id='word_1_210' title='bbox 410 2563 585 2634; x_wconf 86' lang='lat' dir='ltr'><strong>ipsum</strong></span> <span class='ocrx_word' id='word_1_211' title='bbox 614 2565 797 2621; x_wconf 85' lang='lat' dir='ltr'><strong>volens</strong></span> <span class='ocrx_word' id='word_1_212' title='bbox 837 2565 1142 2630; x_wconf 85' lang='lat' dir='ltr'><strong>ostendere,</strong></span> <span class='ocrx_word' id='word_1_213' title='bbox 1192 2566 1362 2622; x_wconf 89' lang='lat' dir='ltr'><strong>dicit:</strong></span> <span class='ocrx_word' id='word_1_214' title='bbox 1396 2567 1532 2633; x_wconf 84' lang='lat' dir='ltr'><strong>Quid</strong></span> <span class='ocrx_word' id='word_1_215' title='bbox 1573 2569 1853 2623; x_wconf 79' lang='lat' dir='ltr'><strong>retribuam</strong></span> 
     </span>
    </p>
   </div>
   <div class='ocr_carea' id='block_1_27' title="bbox 252 2653 1852 2728">
    <p class='ocr_par' dir='ltr' id='par_1_27' title="bbox 252 2653 1852 2728">
     <span class='ocr_line' id='line_1_27' title="bbox 252 2653 1852 2728; baseline 0.004 -20"><span class='ocrx_word' id='word_1_216' title='bbox 252 2653 519 2710; x_wconf 83' lang='lat' dir='ltr'><strong>Domino?</strong></span> <span class='ocrx_word' id='word_1_217' title='bbox 543 2655 846 2726; x_wconf 87' lang='lat' dir='ltr'><strong>signiﬁcans</strong></span> <span class='ocrx_word' id='word_1_218' title='bbox 896 2656 1068 2726; x_wconf 91' lang='lat' dir='ltr'><strong>ipsum</strong></span> <span class='ocrx_word' id='word_1_219' title='bbox 1104 2656 1374 2713; x_wconf 87' lang='lat' dir='ltr'><strong>hominem</strong></span> <span class='ocrx_word' id='word_1_220' title='bbox 1399 2699 1416 2724; x_wconf 94' lang='lat'><strong>,</strong></span> <span class='ocrx_word' id='word_1_221' title='bbox 1461 2659 1552 2728; x_wconf 85' lang='lat' dir='ltr'><strong>qui</strong></span> <span class='ocrx_word' id='word_1_222' title='bbox 1598 2668 1852 2714; x_wconf 82' lang='lat' dir='ltr'><strong>estmen-</strong></span> 
     </span>
    </p>
   </div>
   <div class='ocr_carea' id='block_1_28' title="bbox 249 2745 1847 2820">
    <p class='ocr_par' dir='ltr' id='par_1_28' title="bbox 249 2745 1847 2820">
     <span class='ocr_line' id='line_1_28' title="bbox 249 2745 1847 2820; baseline 0.004 -20"><span class='ocrx_word' id='word_1_223' title='bbox 249 2745 502 2814; x_wconf 56' lang='lat' dir='ltr'><strong>dacium,»</strong></span> <span class='ocrx_word' id='word_1_224' title='bbox 527 2747 616 2817; x_wconf 91' lang='lat' dir='ltr'><strong>qui</strong></span> <span class='ocrx_word' id='word_1_225' title='bbox 647 2757 731 2802; x_wconf 89' lang='lat' dir='ltr'><strong>est</strong></span> <span class='ocrx_word' id='word_1_226' title='bbox 753 2747 874 2801; x_wconf 84' lang='lat' dir='ltr'><strong>vilis</strong></span> <span class='ocrx_word' id='word_1_227' title='bbox 900 2757 1060 2818; x_wconf 86' lang='lat' dir='ltr'><strong>atque</strong></span> <span class='ocrx_word' id='word_1_228' title='bbox 1085 2747 1220 2802; x_wconf 87' lang='lat' dir='ltr'><strong>adeo</strong></span> <span class='ocrx_word' id='word_1_229' title='bbox 1248 2747 1419 2815; x_wconf 84' lang='lat' dir='ltr'><strong>nihili,</strong></span> <span class='ocrx_word' id='word_1_230' title='bbox 1443 2749 1662 2820; x_wconf 85' lang='lat' dir='ltr'><strong>dignum</strong></span> <span class='ocrx_word' id='word_1_231' title='bbox 1703 2759 1847 2806; x_wconf 87' lang='lat' dir='ltr'><strong>tanta</strong></span> 
     </span>
    </p>
   </div>
   <div class='ocr_carea' id='block_1_29' title="bbox 248 2837 1849 2910">
    <p class='ocr_par' dir='ltr' id='par_1_29' title="bbox 248 2837 1849 2910">
     <span class='ocr_line' id='line_1_29' title="bbox 248 2837 1849 2910; baseline 0.004 -17"><span class='ocrx_word' id='word_1_232' title='bbox 248 2838 526 2893; x_wconf 85' lang='lat' dir='ltr'><strong>censuisse</strong></span> <span class='ocrx_word' id='word_1_233' title='bbox 551 2839 742 2908; x_wconf 80' lang='lat' dir='ltr'><strong>gratia.</strong></span> <span class='ocrx_word' id='word_1_234' title='bbox 775 2837 884 2893; x_wconf 90' lang='lat' dir='ltr'><strong>Pro</strong></span> <span class='ocrx_word' id='word_1_235' title='bbox 913 2838 1144 2894; x_wconf 74' lang='lat' dir='ltr'><strong>omnibus</strong></span> <span class='ocrx_word' id='word_1_236' title='bbox 1169 2855 1286 2910; x_wconf 73' lang='lat' dir='ltr'><strong>qua:</strong></span> <span class='ocrx_word' id='word_1_237' title='bbox 1301 2840 1534 2895; x_wconf 79' lang='lat' dir='ltr'><strong>retribuit</strong></span> <span class='ocrx_word' id='word_1_238' title='bbox 1565 2841 1712 2896; x_wconf 87' lang='lat' dir='ltr'><strong>mihi.</strong></span> <span class='ocrx_word' id='word_1_239' title='bbox 1734 2842 1849 2899; x_wconf 79' lang='lat' dir='ltr'><strong>l-loe</strong></span> 
     </span>
    </p>
   </div>
   <div class='ocr_carea' id='block_1_30' title="bbox 249 2929 1851 3003">
    <p class='ocr_par' dir='ltr' id='par_1_30' title="bbox 249 2929 1851 3003">
     <span class='ocr_line' id='line_1_30' title="bbox 249 2929 1851 3003; baseline 0.004 -20"><span class='ocrx_word' id='word_1_240' title='bbox 249 2937 333 2984; x_wconf 88' lang='lat' dir='ltr'><strong>est</strong></span> <span class='ocrx_word' id='word_1_241' title='bbox 369 2929 505 3000; x_wconf 81' lang='lat' dir='ltr'><strong>grati</strong></span> <span class='ocrx_word' id='word_1_242' title='bbox 529 2930 714 2995; x_wconf 92' lang='lat' dir='ltr'><strong>animi,</strong></span> <span class='ocrx_word' id='word_1_243' title='bbox 745 2930 994 2995; x_wconf 86' lang='lat' dir='ltr'><strong>circuire,</strong></span> <span class='ocrx_word' id='word_1_244' title='bbox 1022 2941 1078 2986; x_wconf 90' lang='lat' dir='ltr'><strong>et</strong></span> <span class='ocrx_word' id='word_1_245' title='bbox 1108 2946 1204 3001; x_wconf 89' lang='lat' dir='ltr'><strong>pro</strong></span> <span class='ocrx_word' id='word_1_246' title='bbox 1229 2932 1293 2986; x_wconf 89' lang='lat' dir='ltr'><strong>iis</strong></span> <span class='ocrx_word' id='word_1_247' title='bbox 1321 2947 1441 3003; x_wconf 66' lang='lat' dir='ltr'><strong>qua:</strong></span> <span class='ocrx_word' id='word_1_248' title='bbox 1463 2933 1670 3003; x_wconf 87' lang='lat' dir='ltr'><strong>accepit</strong></span> <span class='ocrx_word' id='word_1_249' title='bbox 1693 2934 1851 2990; x_wconf 89' lang='lat' dir='ltr'><strong>bene-</strong></span> 
     </span>
    </p>
   </div>
   <div class='ocr_carea' id='block_1_31' title="bbox 247 3019 1841 3094">
    <p class='ocr_par' dir='ltr' id='par_1_31' title="bbox 247 3019 1841 3094">
     <span class='ocr_line' id='line_1_31' title="bbox 247 3019 1841 3094; baseline 0.005 -21"><span class='ocrx_word' id='word_1_250' title='bbox 247 3019 387 3074; x_wconf 81' lang='lat' dir='ltr'><strong>ﬁciis</strong></span> <span class='ocrx_word' id='word_1_251' title='bbox 422 3035 666 3090; x_wconf 66' lang='lat' dir='ltr'><strong>quaerere</strong></span> <span class='ocrx_word' id='word_1_252' title='bbox 697 3020 1022 3077; x_wconf 82' lang='lat' dir='ltr'><strong>benefactori</strong></span> <span class='ocrx_word' id='word_1_253' title='bbox 1063 3023 1294 3093; x_wconf 83' lang='lat' dir='ltr'><strong>aliquam</strong></span> <span class='ocrx_word' id='word_1_254' title='bbox 1334 3024 1540 3080; x_wconf 77' lang='lat' dir='ltr'><strong>referre</strong></span> <span class='ocrx_word' id='word_1_255' title='bbox 1567 3025 1796 3094; x_wconf 78' lang='lat' dir='ltr'><strong>gratiam</strong></span> <span class='ocrx_word' id='word_1_256' title='bbox 1827 3043 1841 3081; x_wconf 92' lang='lat'><strong>:</strong></span> 
     </span>
    </p>
   </div>
   <div class='ocr_carea' id='block_1_32' title="bbox 245 3112 1841 3184">
    <p class='ocr_par' dir='ltr' id='par_1_32' title="bbox 245 3112 1841 3184">
     <span class='ocr_line' id='line_1_32' title="bbox 245 3112 1841 3184; baseline 0.004 -18"><span class='ocrx_word' id='word_1_257' title='bbox 245 3120 306 3166; x_wconf 88' lang='lat' dir='ltr'><strong>et</strong></span> <span class='ocrx_word' id='word_1_258' title='bbox 333 3125 456 3165; x_wconf 90' lang='lat' dir='ltr'><strong>cum</strong></span> <span class='ocrx_word' id='word_1_259' title='bbox 481 3112 658 3166; x_wconf 91' lang='lat' dir='ltr'><strong>omnia</strong></span> <span class='ocrx_word' id='word_1_260' title='bbox 689 3113 1012 3179; x_wconf 82' lang='lat' dir='ltr'><strong>exsolverit,</strong></span> <span class='ocrx_word' id='word_1_261' title='bbox 1042 3123 1232 3184; x_wconf 81' lang='lat' dir='ltr'><strong>putare</strong></span> <span class='ocrx_word' id='word_1_262' title='bbox 1259 3131 1320 3171; x_wconf 88' lang='lat' dir='ltr'><strong>se</strong></span> <span class='ocrx_word' id='word_1_263' title='bbox 1346 3115 1478 3170; x_wconf 87' lang='lat' dir='ltr'><strong>nihil</strong></span> <span class='ocrx_word' id='word_1_264' title='bbox 1508 3115 1658 3172; x_wconf 89' lang='lat' dir='ltr'><strong>dare.</strong></span> <span class='ocrx_word' id='word_1_265' title='bbox 1688 3116 1841 3184; x_wconf 85' lang='lat' dir='ltr'><strong>Quod</strong></span> 
     </span>
    </p>
   </div>
   <div class='ocr_carea' id='block_1_33' title="bbox 250 3205 1845 3277">
    <p class='ocr_par' dir='ltr' id='par_1_33' title="bbox 250 3205 1845 3277">
     <span class='ocr_line' id='line_1_33' title="bbox 250 3205 1845 3277; baseline 0.004 -19"><span class='ocrx_word' id='word_1_266' title='bbox 250 3218 375 3258; x_wconf 89' lang='lat' dir='ltr'><strong>cum</strong></span> <span class='ocrx_word' id='word_1_267' title='bbox 402 3219 465 3258; x_wconf 79' lang='lat' dir='ltr'><strong>ex</strong></span> <span class='ocrx_word' id='word_1_268' title='bbox 497 3205 864 3262; x_wconf 88' lang='lat' dir='ltr'><strong>retributionis</strong></span> <span class='ocrx_word' id='word_1_269' title='bbox 896 3207 1160 3276; x_wconf 87' lang='lat' dir='ltr'><strong>principio</strong></span> <span class='ocrx_word' id='word_1_270' title='bbox 1186 3207 1578 3264; x_wconf 87' lang='lat' dir='ltr'><strong>subindieasset</strong></span> <span class='ocrx_word' id='word_1_271' title='bbox 1607 3251 1624 3276; x_wconf 91' lang='lat'><strong>,</strong></span> <span class='ocrx_word' id='word_1_272' title='bbox 1656 3225 1845 3277; x_wconf 83' lang='lat' dir='ltr'><strong>proce-</strong></span> 
     </span>
    </p>
   </div>
   <div class='ocr_carea' id='block_1_34' title="bbox 163 3287 1850 3367">
    <p class='ocr_par' dir='ltr' id='par_1_34' title="bbox 163 3287 1850 3367">
     <span class='ocr_line' id='line_1_34' title="bbox 163 3287 1850 3367; baseline 0.004 -17"><span class='ocrx_word' id='word_1_273' title='bbox 163 3287 178 3294; x_wconf 59' lang='grc'><strong>“</strong></span> <span class='ocrx_word' id='word_1_274' title='bbox 251 3297 388 3350; x_wconf 88' lang='lat' dir='ltr'><strong>dens</strong></span> <span class='ocrx_word' id='word_1_275' title='bbox 414 3296 668 3367; x_wconf 87' lang='lat' dir='ltr'><strong>signiﬁcat</strong></span> <span class='ocrx_word' id='word_1_276' title='bbox 695 3311 759 3353; x_wconf 87' lang='lat' dir='ltr'><strong>se</strong></span> <span class='ocrx_word' id='word_1_277' title='bbox 793 3297 846 3353; x_wconf 84' lang='lat' dir='ltr'><strong>id</strong></span> <span class='ocrx_word' id='word_1_278' title='bbox 869 3299 1268 3354; x_wconf 82' lang='lat' dir='ltr'><strong>exsoluturum.</strong></span> <span class='ocrx_word' id='word_1_279' title='bbox 1298 3299 1545 3354; x_wconf 82' lang='lat' dir='ltr'><strong>Ostendit</strong></span> <span class='ocrx_word' id='word_1_280' title='bbox 1579 3303 1722 3355; x_wconf 87' lang='lat' dir='ltr'><strong>enim</strong></span> <span class='ocrx_word' id='word_1_281' title='bbox 1747 3301 1850 3356; x_wconf 90' lang='lat' dir='ltr'><strong>du-</strong></span> 
     </span>
    </p>
   </div>
   <div class='ocr_carea' id='block_1_35' title="bbox 245 3389 1854 3464">
    <p class='ocr_par' dir='ltr' id='par_1_35' title="bbox 245 3389 1854 3464">
     <span class='ocr_line' id='line_1_35' title="bbox 245 3389 1854 3464; baseline 0.002 -20"><span class='ocrx_word' id='word_1_282' title='bbox 245 3389 440 3458; x_wconf 89' lang='lat' dir='ltr'><strong>plicem</strong></span> <span class='ocrx_word' id='word_1_283' title='bbox 471 3391 765 3460; x_wconf 76' lang='lat' dir='ltr'><strong>gratiarum</strong></span> <span class='ocrx_word' id='word_1_284' title='bbox 790 3391 1079 3456; x_wconf 88' lang='lat' dir='ltr'><strong>actionem,</strong></span> <span class='ocrx_word' id='word_1_285' title='bbox 1121 3402 1176 3446; x_wconf 90' lang='lat' dir='ltr'><strong>et</strong></span> <span class='ocrx_word' id='word_1_286' title='bbox 1209 3393 1353 3462; x_wconf 88' lang='lat' dir='ltr'><strong>quod</strong></span> <span class='ocrx_word' id='word_1_287' title='bbox 1382 3407 1446 3448; x_wconf 87' lang='lat' dir='ltr'><strong>ea</strong></span> <span class='ocrx_word' id='word_1_288' title='bbox 1471 3393 1581 3458; x_wconf 89' lang='lat' dir='ltr'><strong>det,</strong></span> <span class='ocrx_word' id='word_1_289' title='bbox 1613 3410 1735 3464; x_wconf 69' lang='lat' dir='ltr'><strong>qua:</strong></span> <span class='ocrx_word' id='word_1_290' title='bbox 1758 3410 1854 3464; x_wconf 58' lang='lat' dir='ltr'><strong>po-~</strong></span> 
     </span>
    </p>
   </div>
   <div class='ocr_carea' id='block_1_36' title="bbox 245 3483 1846 3556">
    <p class='ocr_par' dir='ltr' id='par_1_36' title="bbox 245 3483 1846 3556">
     <span class='ocr_line' id='line_1_36' title="bbox 245 3483 1846 3556; baseline 0.004 -21"><span class='ocrx_word' id='word_1_291' title='bbox 245 3491 370 3546; x_wconf 90' lang='lat' dir='ltr'><strong>test,</strong></span> <span class='ocrx_word' id='word_1_292' title='bbox 405 3492 460 3539; x_wconf 91' lang='lat' dir='ltr'><strong>et</strong></span> <span class='ocrx_word' id='word_1_293' title='bbox 483 3483 623 3552; x_wconf 90' lang='lat' dir='ltr'><strong>quod</strong></span> <span class='ocrx_word' id='word_1_294' title='bbox 666 3499 790 3540; x_wconf 91' lang='lat' dir='ltr'><strong>cum</strong></span> <span class='ocrx_word' id='word_1_295' title='bbox 818 3500 880 3538; x_wconf 89' lang='lat' dir='ltr'><strong>ea</strong></span> <span class='ocrx_word' id='word_1_296' title='bbox 907 3483 1017 3549; x_wconf 83' lang='lat' dir='ltr'><strong>det,</strong></span> <span class='ocrx_word' id='word_1_297' title='bbox 1046 3500 1106 3540; x_wconf 85' lang='lat' dir='ltr'><strong>se</strong></span> <span class='ocrx_word' id='word_1_298' title='bbox 1136 3485 1270 3539; x_wconf 89' lang='lat' dir='ltr'><strong>nihil</strong></span> <span class='ocrx_word' id='word_1_299' title='bbox 1309 3485 1528 3556; x_wconf 81' lang='lat' dir='ltr'><strong>dignum</strong></span> <span class='ocrx_word' id='word_1_300' title='bbox 1557 3487 1690 3542; x_wconf 88' lang='lat' dir='ltr'><strong>dare</strong></span> <span class='ocrx_word' id='word_1_301' title='bbox 1726 3488 1846 3542; x_wconf 81' lang='lat' dir='ltr'><strong>exi-</strong></span> 
     </span>
    </p>
   </div>
   <div class='ocr_carea' id='block_1_37' title="bbox 242 3575 1841 3647">
    <p class='ocr_par' dir='ltr' id='par_1_37' title="bbox 242 3575 1841 3647">
     <span class='ocr_line' id='line_1_37' title="bbox 242 3575 1841 3647; baseline 0.004 -18"><span class='ocrx_word' id='word_1_302' title='bbox 242 3576 446 3630; x_wconf 85' lang='lat' dir='ltr'><strong>stimet.</strong></span> <span class='ocrx_word' id='word_1_303' title='bbox 468 3575 602 3643; x_wconf 87' lang='lat' dir='ltr'><strong>Quid</strong></span> <span class='ocrx_word' id='word_1_304' title='bbox 625 3584 858 3646; x_wconf 88' lang='lat' dir='ltr'><strong>estergo</strong></span> <span class='ocrx_word' id='word_1_305' title='bbox 883 3577 1022 3647; x_wconf 86' lang='lat' dir='ltr'><strong>quod</strong></span> <span class='ocrx_word' id='word_1_306' title='bbox 1051 3585 1134 3632; x_wconf 88' lang='lat' dir='ltr'><strong>est</strong></span> <span class='ocrx_word' id='word_1_307' title='bbox 1155 3578 1412 3634; x_wconf 83' lang='lat' dir='ltr'><strong>daturus?</strong></span> <span class='ocrx_word' id='word_1_308' title='bbox 1438 3579 1573 3634; x_wconf 80' lang='lat' dir='ltr'><strong>Audi</strong></span> <span class='ocrx_word' id='word_1_309' title='bbox 1602 3595 1726 3634; x_wconf 88' lang='lat' dir='ltr'><strong>eum</strong></span> <span class='ocrx_word' id='word_1_310' title='bbox 1752 3579 1841 3635; x_wconf 90' lang='lat' dir='ltr'><strong>di-</strong></span> 
     </span>
    </p>
   </div>
   <div class='ocr_carea' id='block_1_38' title="bbox 241 3669 1840 3743">
    <p class='ocr_par' dir='ltr' id='par_1_38' title="bbox 241 3669 1840 3743">
     <span class='ocr_line' id='line_1_38' title="bbox 241 3669 1840 3743; baseline 0.003 -21"><span class='ocrx_word' id='word_1_311' title='bbox 241 3677 486 3734; x_wconf 87' lang='lat' dir='ltr'><strong>centem;</strong></span> <span class='ocrx_word' id='word_1_312' title='bbox 517 3669 944 3738; x_wconf 81' lang='lat' dir='ltr'><strong>snbjungitenim</strong></span> <span class='ocrx_word' id='word_1_313' title='bbox 973 3672 1060 3726; x_wconf 71' lang='grc' dir='ltr'><strong>τι.</strong></span> <span class='ocrx_word' id='word_1_314' title='bbox 1085 3670 1308 3726; x_wconf 78' lang='lat' dir='ltr'><strong>Calicem</strong></span> <span class='ocrx_word' id='word_1_315' title='bbox 1321 3672 1840 3743; x_wconf 79' lang='lat' dir='ltr'><strong>salutarisuccipiam,</strong></span> 
     </span>
    </p>
   </div>
   <div class='ocr_carea' id='block_1_39' title="bbox 242 3760 1846 3834">
    <p class='ocr_par' dir='ltr' id='par_1_39' title="bbox 242 3760 1846 3834">
     <span class='ocr_line' id='line_1_39' title="bbox 242 3760 1846 3834; baseline 0.005 -22"><span class='ocrx_word' id='word_1_316' title='bbox 242 3769 288 3813; x_wconf 82' lang='lat' dir='ltr'><strong>et</strong></span> <span class='ocrx_word' id='word_1_317' title='bbox 314 3777 497 3814; x_wconf 86' lang='lat' dir='ltr'><strong>nomen</strong></span> <span class='ocrx_word' id='word_1_318' title='bbox 514 3760 721 3815; x_wconf 81' lang='lat' dir='ltr'><strong>Domini</strong></span> <span class='ocrx_word' id='word_1_319' title='bbox 737 3762 1000 3816; x_wconf 82' lang='lat' dir='ltr'><strong>invocabo.</strong></span> <span class='ocrx_word' id='word_1_320' title='bbox 1023 3762 1122 3830; x_wconf 86' lang='lat' dir='ltr'><strong>Qui</strong></span> <span class='ocrx_word' id='word_1_321' title='bbox 1143 3763 1286 3834; x_wconf 89' lang='lat' dir='ltr'><strong>quod</strong></span> <span class='ocrx_word' id='word_1_322' title='bbox 1307 3764 1508 3819; x_wconf 87' lang='lat' dir='ltr'><strong>dictum</strong></span> <span class='ocrx_word' id='word_1_323' title='bbox 1527 3775 1608 3819; x_wconf 90' lang='lat' dir='ltr'><strong>est</strong></span> <span class='ocrx_word' id='word_1_324' title='bbox 1628 3775 1846 3820; x_wconf 81' lang='lat' dir='ltr'><strong>sumunt</strong></span> 
     </span>
    </p>
   </div>
   <div class='ocr_carea' id='block_1_40' title="bbox 241 3853 1855 3928">
    <p class='ocr_par' dir='ltr' id='par_1_40' title="bbox 241 3853 1855 3928">
     <span class='ocr_line' id='line_1_40' title="bbox 241 3853 1855 3928; baseline 0.005 -23"><span class='ocrx_word' id='word_1_325' title='bbox 241 3853 562 3922; x_wconf 78' lang='lat' dir='ltr'><strong>anagogice,</strong></span> <span class='ocrx_word' id='word_1_326' title='bbox 589 3854 777 3910; x_wconf 90' lang='lat' dir='ltr'><strong>dicunt</strong></span> <span class='ocrx_word' id='word_1_327' title='bbox 805 3871 926 3912; x_wconf 87' lang='lat' dir='ltr'><strong>esse</strong></span> <span class='ocrx_word' id='word_1_328' title='bbox 963 3859 1398 3912; x_wconf 86' lang='lat' dir='ltr'><strong>communionem</strong></span> <span class='ocrx_word' id='word_1_329' title='bbox 1440 3859 1855 3928; x_wconf 78' lang='lat' dir='ltr'><strong>mySteriorum.‘</strong></span> 
     </span>
    </p>
   </div>
   <div class='ocr_carea' id='block_1_41' title="bbox 242 3945 1841 4018">
    <p class='ocr_par' dir='ltr' id='par_1_41' title="bbox 242 3945 1841 4018">
     <span class='ocr_line' id='line_1_41' title="bbox 242 3945 1841 4018; baseline 0.006 -20"><span class='ocrx_word' id='word_1_330' title='bbox 242 3945 356 4000; x_wconf 78' lang='lat' dir='ltr'><strong>Nos</strong></span> <span class='ocrx_word' id='word_1_331' title='bbox 371 3956 545 4002; x_wconf 86' lang='lat' dir='ltr'><strong>autem</strong></span> <span class='ocrx_word' id='word_1_332' title='bbox 562 3946 840 4001; x_wconf 84' lang='lat' dir='ltr'><strong>historiam</strong></span> <span class='ocrx_word' id='word_1_333' title='bbox 857 3958 1164 4018; x_wconf 81' lang='lat' dir='ltr'><strong>sequentes,</strong></span> <span class='ocrx_word' id='word_1_334' title='bbox 1185 3950 1411 4004; x_wconf 81' lang='lat' dir='ltr'><strong>dicimus</strong></span> <span class='ocrx_word' id='word_1_335' title='bbox 1423 3966 1543 4004; x_wconf 81' lang='lat' dir='ltr'><strong>eum</strong></span> <span class='ocrx_word' id='word_1_336' title='bbox 1560 3951 1648 4007; x_wconf 90' lang='lat' dir='ltr'><strong>hic</strong></span> <span class='ocrx_word' id='word_1_337' title='bbox 1662 3951 1841 4008; x_wconf 83' lang='lat' dir='ltr'><strong>dicere</strong></span> 
     </span>
    </p>
   </div>
   <div class='ocr_carea' id='block_1_42' title="bbox 242 4037 1834 4112">
    <p class='ocr_par' dir='ltr' id='par_1_42' title="bbox 242 4037 1834 4112">
     <span class='ocr_line' id='line_1_42' title="bbox 242 4037 1834 4112; baseline 0.003 -21"><span class='ocrx_word' id='word_1_338' title='bbox 242 4037 497 4092; x_wconf 87' lang='lat' dir='ltr'><strong>libamina</strong></span> <span class='ocrx_word' id='word_1_339' title='bbox 539 4049 593 4093; x_wconf 90' lang='lat' dir='ltr'><strong>et</strong></span> <span class='ocrx_word' id='word_1_340' title='bbox 623 4038 901 4104; x_wconf 84' lang='lat' dir='ltr'><strong>sacriﬁcia,</strong></span> <span class='ocrx_word' id='word_1_341' title='bbox 927 4049 984 4094; x_wconf 90' lang='lat' dir='ltr'><strong>et</strong></span> <span class='ocrx_word' id='word_1_342' title='bbox 1006 4041 1235 4111; x_wconf 87' lang='lat' dir='ltr'><strong>hymnos</strong></span> <span class='ocrx_word' id='word_1_343' title='bbox 1263 4043 1553 4112; x_wconf 82' lang='lat' dir='ltr'><strong>gratiarum</strong></span> <span class='ocrx_word' id='word_1_344' title='bbox 1587 4043 1834 4096; x_wconf 87' lang='lat' dir='ltr'><strong>actionis.</strong></span> 
     </span>
    </p>
   </div>
   <div class='ocr_carea' id='block_1_43' title="bbox 245 4130 1836 4202">
    <p class='ocr_par' dir='ltr' id='par_1_43' title="bbox 245 4130 1836 4202">
     <span class='ocr_line' id='line_1_43' title="bbox 245 4130 1836 4202; baseline 0.004 -18"><span class='ocrx_word' id='word_1_345' title='bbox 245 4130 415 4184; x_wconf 80' lang='lat' dir='ltr'><strong>Erant</strong></span> <span class='ocrx_word' id='word_1_346' title='bbox 434 4131 630 4201; x_wconf 86' lang='lat' dir='ltr'><strong>quippe</strong></span> <span class='ocrx_word' id='word_1_347' title='bbox 657 4132 952 4202; x_wconf 85' lang='lat' dir='ltr'><strong>antiquitus</strong></span> <span class='ocrx_word' id='word_1_348' title='bbox 981 4132 1204 4188; x_wconf 88' lang='lat' dir='ltr'><strong>diversa</strong></span> <span class='ocrx_word' id='word_1_349' title='bbox 1227 4134 1525 4188; x_wconf 85' lang='lat' dir='ltr'><strong>sacriﬁcia:</strong></span> <span class='ocrx_word' id='word_1_350' title='bbox 1555 4144 1673 4190; x_wconf 82' lang='lat' dir='ltr'><strong>erat</strong></span> <span class='ocrx_word' id='word_1_351' title='bbox 1693 4136 1836 4191; x_wconf 86' lang='lat' dir='ltr'><strong>enim</strong></span> 
     </span>
    </p>
   </div>
   <div class='ocr_carea' id='block_1_44' title="bbox 241 4221 1843 4295">
    <p class='ocr_par' dir='ltr' id='par_1_44' title="bbox 241 4221 1843 4295">
     <span class='ocr_line' id='line_1_44' title="bbox 241 4221 1843 4295; baseline 0.004 -21"><span class='ocrx_word' id='word_1_352' title='bbox 241 4221 566 4278; x_wconf 85' lang='lat' dir='ltr'><strong>sacriﬁcium</strong></span> <span class='ocrx_word' id='word_1_353' title='bbox 613 4223 804 4287; x_wconf 87' lang='lat' dir='ltr'><strong>laudis,</strong></span> <span class='ocrx_word' id='word_1_354' title='bbox 847 4239 944 4292; x_wconf 89' lang='lat' dir='ltr'><strong>pro</strong></span> <span class='ocrx_word' id='word_1_355' title='bbox 977 4225 1231 4294; x_wconf 89' lang='lat' dir='ltr'><strong>peccatis,</strong></span> <span class='ocrx_word' id='word_1_356' title='bbox 1266 4224 1600 4292; x_wconf 84' lang='lat' dir='ltr'><strong>holocausta,</strong></span> <span class='ocrx_word' id='word_1_357' title='bbox 1636 4241 1733 4295; x_wconf 85' lang='lat' dir='ltr'><strong>pro</strong></span> <span class='ocrx_word' id='word_1_358' title='bbox 1756 4241 1843 4280; x_wconf 89' lang='lat' dir='ltr'><strong>sa-</strong></span> 
     </span>
    </p>
   </div>
   <div class='ocr_carea' id='block_1_45' title="bbox 244 4312 1839 4388">
    <p class='ocr_par' dir='ltr' id='par_1_45' title="bbox 244 4312 1839 4388">
     <span class='ocr_line' id='line_1_45' title="bbox 244 4312 1839 4388; baseline 0.005 -24"><span class='ocrx_word' id='word_1_359' title='bbox 244 4312 376 4375; x_wconf 87' lang='lat' dir='ltr'><strong>lute,</strong></span> <span class='ocrx_word' id='word_1_360' title='bbox 415 4321 470 4368; x_wconf 84' lang='lat' dir='ltr'><strong>et</strong></span> <span class='ocrx_word' id='word_1_361' title='bbox 487 4313 728 4382; x_wconf 89' lang='lat' dir='ltr'><strong>paciﬁca,</strong></span> <span class='ocrx_word' id='word_1_362' title='bbox 761 4322 811 4369; x_wconf 88' lang='lat' dir='ltr'><strong>et</strong></span> <span class='ocrx_word' id='word_1_363' title='bbox 840 4316 992 4382; x_wconf 81' lang='lat' dir='ltr'><strong>plura</strong></span> <span class='ocrx_word' id='word_1_364' title='bbox 1014 4317 1139 4370; x_wconf 85' lang='lat' dir='ltr'><strong>alia.</strong></span> <span class='ocrx_word' id='word_1_365' title='bbox 1173 4315 1286 4370; x_wconf 80' lang='lat' dir='ltr'><strong>Hoc</strong></span> <span class='ocrx_word' id='word_1_366' title='bbox 1311 4327 1395 4372; x_wconf 85' lang='lat' dir='ltr'><strong>est</strong></span> <span class='ocrx_word' id='word_1_367' title='bbox 1423 4332 1555 4388; x_wconf 85' lang='lat' dir='ltr'><strong>ergo</strong></span> <span class='ocrx_word' id='word_1_368' title='bbox 1579 4317 1724 4387; x_wconf 89' lang='lat' dir='ltr'><strong>quod</strong></span> <span class='ocrx_word' id='word_1_369' title='bbox 1753 4317 1839 4372; x_wconf 79' lang='lat' dir='ltr'><strong>di-</strong></span> 
     </span>
    </p>
   </div>
   <div class='ocr_carea' id='block_1_46' title="bbox 241 4396 1842 4479">
    <p class='ocr_par' dir='ltr' id='par_1_46' title="bbox 241 4396 1842 4479">
     <span class='ocr_line' id='line_1_46' title="bbox 241 4396 1842 4479; baseline 0.006 -23"><span class='ocrx_word' id='word_1_370' title='bbox 241 4403 316 4456; x_wconf 92' lang='lat' dir='ltr'><strong>cit</strong></span> <span class='ocrx_word' id='word_1_371' title='bbox 355 4417 372 4454; x_wconf 82' lang='lat'><strong>:</strong></span> <span class='ocrx_word' id='word_1_372' title='bbox 408 4403 523 4458; x_wconf 72' lang='lat' dir='ltr'><strong>[\on</strong></span> <span class='ocrx_word' id='word_1_373' title='bbox 570 4396 801 4474; x_wconf 76' lang='lat' dir='ltr'><strong>possum&#39;</strong></span> <span class='ocrx_word' id='word_1_374' title='bbox 831 4405 1048 4474; x_wconf 87' lang='lat' dir='ltr'><strong>quidem</strong></span> <span class='ocrx_word' id='word_1_375' title='bbox 1093 4406 1235 4476; x_wconf 87' lang='lat' dir='ltr'><strong>qod</strong></span> <span class='ocrx_word' id='word_1_376' title='bbox 1272 4407 1492 4476; x_wconf 83' lang='lat' dir='ltr'><strong>dignum</strong></span> <span class='ocrx_word' id='word_1_377' title='bbox 1533 4418 1618 4464; x_wconf 87' lang='lat' dir='ltr'><strong>est</strong></span> <span class='ocrx_word' id='word_1_378' title='bbox 1645 4410 1842 4479; x_wconf 86' lang='lat' dir='ltr'><strong>persol-</strong></span> 
     </span>
    </p>
   </div>
   <div class='ocr_carea' id='block_1_47' title="bbox 240 4497 1840 4569">
    <p class='ocr_par' dir='ltr' id='par_1_47' title="bbox 240 4497 1840 4569">
     <span class='ocr_line' id='line_1_47' title="bbox 240 4497 1840 4569; baseline 0.006 -21"><span class='ocrx_word' id='word_1_379' title='bbox 240 4510 393 4562; x_wconf 87' lang='lat' dir='ltr'><strong>vere,</strong></span> <span class='ocrx_word' id='word_1_380' title='bbox 425 4497 574 4552; x_wconf 90' lang='lat' dir='ltr'><strong>solvo</strong></span> <span class='ocrx_word' id='word_1_381' title='bbox 610 4509 788 4554; x_wconf 90' lang='lat' dir='ltr'><strong>autem</strong></span> <span class='ocrx_word' id='word_1_382' title='bbox 834 4499 976 4568; x_wconf 90' lang='lat' dir='ltr'><strong>quod</strong></span> <span class='ocrx_word' id='word_1_383' title='bbox 1004 4514 1241 4569; x_wconf 84' lang='lat' dir='ltr'><strong>possum.</strong></span> <span class='ocrx_word' id='word_1_384' title='bbox 1275 4499 1508 4556; x_wconf 84' lang='lat' dir='ltr'><strong>Oll&#39;eram</strong></span> <span class='ocrx_word' id='word_1_385' title='bbox 1543 4501 1688 4556; x_wconf 91' lang='lat' dir='ltr'><strong>enim</strong></span> <span class='ocrx_word' id='word_1_386' title='bbox 1730 4501 1840 4557; x_wconf 85' lang='lat' dir='ltr'><strong>Deo</strong></span> 
     </span>
    </p>
   </div>
   <div class='ocr_carea' id='block_1_48' title="bbox 239 4589 1840 4659">
    <p class='ocr_par' dir='ltr' id='par_1_48' title="bbox 239 4589 1840 4659">
     <span class='ocr_line' id='line_1_48' title="bbox 239 4589 1840 4659; baseline 0.003 -17"><span class='ocrx_word' id='word_1_387' title='bbox 239 4589 566 4644; x_wconf 87' lang='lat' dir='ltr'><strong>sacriﬁcium</strong></span> <span class='ocrx_word' id='word_1_388' title='bbox 610 4592 904 4659; x_wconf 74' lang='lat' dir='ltr'><strong>gratiarum</strong></span> <span class='ocrx_word' id='word_1_389' title='bbox 954 4592 1203 4655; x_wconf 85' lang='lat' dir='ltr'><strong>actionis,</strong></span> <span class='ocrx_word' id='word_1_390' title='bbox 1240 4601 1294 4647; x_wconf 86' lang='lat' dir='ltr'><strong>et.</strong></span> <span class='ocrx_word' id='word_1_391' title='bbox 1323 4593 1513 4648; x_wconf 85' lang='lat' dir='ltr'><strong>salutis</strong></span> <span class='ocrx_word' id='word_1_392' title='bbox 1540 4609 1666 4649; x_wconf 89' lang='lat' dir='ltr'><strong>eum</strong></span> <span class='ocrx_word' id='word_1_393' title='bbox 1690 4609 1840 4649; x_wconf 79' lang='lat' dir='ltr'><strong>com-</strong></span> 
     </span>
    </p>
   </div>
   <div class='ocr_carea' id='block_1_49' title="bbox 238 4680 1840 4741">
    <p class='ocr_par' dir='ltr' id='par_1_49' title="bbox 238 4680 1840 4741">
     <span class='ocr_line' id='line_1_49' title="bbox 238 4680 1840 4741; baseline 0.003 -5"><span class='ocrx_word' id='word_1_394' title='bbox 238 4680 615 4738; x_wconf 80' lang='lat' dir='ltr'><strong>monefaciam.</strong></span> <span class='ocrx_word' id='word_1_395' title='bbox 647 4683 704 4738; x_wconf 81' lang='lat'><strong>5.</strong></span> <span class='ocrx_word' id='word_1_396' title='bbox 738 4682 992 4738; x_wconf 79' lang='lat' dir='ltr'><strong>Votatnea</strong></span> <span class='ocrx_word' id='word_1_397' title='bbox 1018 4683 1240 4738; x_wconf 82' lang='lat' dir='ltr'><strong>Domino</strong></span> <span class='ocrx_word' id='word_1_398' title='bbox 1257 4685 1469 4740; x_wconf 86' lang='lat' dir='ltr'><strong>reddant</strong></span> <span class='ocrx_word' id='word_1_399' title='bbox 1497 4702 1672 4741; x_wconf 81' lang='lat' dir='ltr'><strong>coram</strong></span> <span class='ocrx_word' id='word_1_400' title='bbox 1700 4688 1840 4741; x_wconf 77' lang='lat' dir='ltr'><strong>omni</strong></span> 
     </span>
    </p>
   </div>
   <div class='ocr_carea' id='block_1_50' title="bbox 238 4772 1837 4845">
    <p class='ocr_par' dir='ltr' id='par_1_50' title="bbox 238 4772 1837 4845">
     <span class='ocr_line' id='line_1_50' title="bbox 238 4772 1837 4845; baseline 0.004 -21"><span class='ocrx_word' id='word_1_401' title='bbox 238 4772 435 4842; x_wconf 78' lang='lat' dir='ltr'><strong>populo</strong></span> <span class='ocrx_word' id='word_1_402' title='bbox 457 4773 584 4842; x_wconf 81' lang='lat' dir='ltr'><strong>ejus.</strong></span> <span class='ocrx_word' id='word_1_403' title='bbox 621 4773 754 4830; x_wconf 84' lang='lat' dir='ltr'><strong>Vota</strong></span> <span class='ocrx_word' id='word_1_404' title='bbox 785 4775 872 4829; x_wconf 90' lang='lat' dir='ltr'><strong>hic</strong></span> <span class='ocrx_word' id='word_1_405' title='bbox 893 4775 1023 4830; x_wconf 85' lang='lat' dir='ltr'><strong>dicit</strong></span> <span class='ocrx_word' id='word_1_406' title='bbox 1046 4777 1308 4845; x_wconf 84' lang='lat' dir='ltr'><strong>promissa</strong></span> <span class='ocrx_word' id='word_1_407' title='bbox 1333 4787 1384 4832; x_wconf 82' lang='lat' dir='ltr'><strong>et</strong></span> <span class='ocrx_word' id='word_1_408' title='bbox 1405 4777 1837 4844; x_wconf 82' lang='lat' dir='ltr'><strong>pollicitationes.</strong></span> 
     </span>
    </p>
   </div>
   <div class='ocr_carea' id='block_1_51' title="bbox 239 4865 1840 4940">
    <p class='ocr_par' dir='ltr' id='par_1_51' title="bbox 239 4865 1840 4940">
     <span class='ocr_line' id='line_1_51' title="bbox 239 4865 1840 4940; baseline 0.005 -22"><span class='ocrx_word' id='word_1_409' title='bbox 239 4865 298 4919; x_wconf 87' lang='lat' dir='ltr'><strong>In</strong></span> <span class='ocrx_word' id='word_1_410' title='bbox 325 4865 408 4918; x_wconf 89' lang='lat' dir='ltr'><strong>his</strong></span> <span class='ocrx_word' id='word_1_411' title='bbox 428 4866 570 4922; x_wconf 89' lang='lat' dir='ltr'><strong>enim</strong></span> <span class='ocrx_word' id='word_1_412' title='bbox 599 4869 852 4924; x_wconf 72' lang='lat' dir='ltr'><strong>aerumnis</strong></span> <span class='ocrx_word' id='word_1_413' title='bbox 865 4868 931 4924; x_wconf 89' lang='lat' dir='ltr'><strong>ad</strong></span> <span class='ocrx_word' id='word_1_414' title='bbox 958 4869 1122 4923; x_wconf 90' lang='lat' dir='ltr'><strong>Deum</strong></span> <span class='ocrx_word' id='word_1_415' title='bbox 1148 4868 1506 4940; x_wconf 82' lang='lat' dir='ltr'><strong>confugiebat.</strong></span> <span class='ocrx_word' id='word_1_416' title='bbox 1534 4879 1588 4926; x_wconf 87' lang='lat' dir='ltr'><strong>et</strong></span> <span class='ocrx_word' id='word_1_417' title='bbox 1612 4885 1671 4927; x_wconf 85' lang='lat' dir='ltr'><strong>se</strong></span> <span class='ocrx_word' id='word_1_418' title='bbox 1689 4871 1840 4926; x_wconf 88' lang='lat' dir='ltr'><strong>dehi-</strong></span> 
     </span>
    </p>
   </div>
   <div class='ocr_carea' id='block_1_52' title="bbox 239 4959 1834 5033">
    <p class='ocr_par' dir='ltr' id='par_1_52' title="bbox 239 4959 1834 5033">
     <span class='ocr_line' id='line_1_52' title="bbox 239 4959 1834 5033; baseline 0.006 -24"><span class='ocrx_word' id='word_1_419' title='bbox 239 4965 415 5012; x_wconf 80' lang='lat' dir='ltr'><strong>toretn</strong></span> <span class='ocrx_word' id='word_1_420' title='bbox 445 4959 493 5014; x_wconf 86' lang='lat' dir='ltr'><strong>ei</strong></span> <span class='ocrx_word' id='word_1_421' title='bbox 516 4959 874 5014; x_wconf 84' lang='lat' dir='ltr'><strong>constituebat</strong></span> <span class='ocrx_word' id='word_1_422' title='bbox 901 5002 916 5025; x_wconf 94' lang='lat'><strong>,</strong></span> <span class='ocrx_word' id='word_1_423' title='bbox 948 4960 1209 5030; x_wconf 87' lang='lat' dir='ltr'><strong>pollicens</strong></span> <span class='ocrx_word' id='word_1_424' title='bbox 1234 4961 1276 5016; x_wconf 90' lang='lat' dir='ltr'><strong>si</strong></span> <span class='ocrx_word' id='word_1_425' title='bbox 1303 4976 1367 5016; x_wconf 88' lang='lat' dir='ltr'><strong>ea</strong></span> <span class='ocrx_word' id='word_1_426' title='bbox 1395 4961 1535 5017; x_wconf 84' lang='lat' dir='ltr'><strong>mala</strong></span> <span class='ocrx_word' id='word_1_427' title='bbox 1555 4962 1834 5033; x_wconf 73' lang='lat' dir='ltr'><strong>eﬁ‘ugeret,</strong></span> 
     </span>
    </p>
   </div>
   <div class='ocr_carea' id='block_1_53' title="bbox 235 5046 1835 5126">
    <p class='ocr_par' dir='ltr' id='par_1_53' title="bbox 235 5046 1835 5126">
     <span class='ocr_line' id='line_1_53' title="bbox 235 5046 1835 5126; baseline 0.005 -24"><span class='ocrx_word' id='word_1_428' title='bbox 235 5061 302 5102; x_wconf 86' lang='lat' dir='ltr'><strong>se</strong></span> <span class='ocrx_word' id='word_1_429' title='bbox 338 5046 455 5101; x_wconf 76' lang='lat' dir='ltr'><strong>lucc</strong></span> <span class='ocrx_word' id='word_1_430' title='bbox 489 5050 856 5106; x_wconf 77' lang='lat' dir='ltr'><strong>exsoluturum</strong></span> <span class='ocrx_word' id='word_1_431' title='bbox 885 5067 1006 5108; x_wconf 83' lang='lat' dir='ltr'><strong>esse</strong></span> <span class='ocrx_word' id='word_1_432' title='bbox 1050 5053 1335 5110; x_wconf 83' lang='lat' dir='ltr'><strong>sacriﬁcia.</strong></span> <span class='ocrx_word' id='word_1_433' title='bbox 1374 5055 1636 5122; x_wconf 85' lang='lat' dir='ltr'><strong>Quoniam</strong></span> <span class='ocrx_word' id='word_1_434' title='bbox 1685 5071 1835 5126; x_wconf 85' lang='lat' dir='ltr'><strong>ergo,</strong></span> 
     </span>
    </p>
   </div>
   <div class='ocr_carea' id='block_1_54' title="bbox 238 5141 1837 5210">
    <p class='ocr_par' dir='ltr' id='par_1_54' title="bbox 238 5141 1837 5210">
     <span class='ocr_line' id='line_1_54' title="bbox 238 5141 1837 5210; baseline 0.004 -14"><span class='ocrx_word' id='word_1_435' title='bbox 238 5141 438 5210; x_wconf 85' lang='lat' dir='ltr'><strong>inquit,</strong></span> <span class='ocrx_word' id='word_1_436' title='bbox 464 5141 693 5197; x_wconf 81' lang='lat' dir='ltr'><strong>cessavit</strong></span> <span class='ocrx_word' id='word_1_437' title='bbox 726 5144 1028 5210; x_wconf 82' lang='lat' dir='ltr'><strong>calamitas,</strong></span> <span class='ocrx_word' id='word_1_438' title='bbox 1061 5144 1190 5198; x_wconf 85' lang='lat' dir='ltr'><strong>Vota</strong></span> <span class='ocrx_word' id='word_1_439' title='bbox 1229 5163 1341 5199; x_wconf 80' lang='lat' dir='ltr'><strong>mea</strong></span> <span class='ocrx_word' id='word_1_440' title='bbox 1367 5147 1577 5202; x_wconf 83' lang='lat' dir='ltr'><strong>reddam</strong></span> <span class='ocrx_word' id='word_1_441' title='bbox 1619 5146 1837 5203; x_wconf 81' lang='lat' dir='ltr'><strong>Domino</strong></span> 
     </span>
    </p>
   </div>
   <div class='ocr_carea' id='block_1_55' title="bbox 235 5234 1838 5309">
    <p class='ocr_par' dir='ltr' id='par_1_55' title="bbox 235 5234 1838 5309">
     <span class='ocr_line' id='line_1_55' title="bbox 235 5234 1838 5309; baseline 0.006 -25"><span class='ocrx_word' id='word_1_442' title='bbox 235 5248 412 5286; x_wconf 85' lang='lat' dir='ltr'><strong>coram</strong></span> <span class='ocrx_word' id='word_1_443' title='bbox 433 5234 571 5287; x_wconf 81' lang='lat' dir='ltr'><strong>omni</strong></span> <span class='ocrx_word' id='word_1_444' title='bbox 585 5237 778 5304; x_wconf 78' lang='lat' dir='ltr'><strong>populo</strong></span> <span class='ocrx_word' id='word_1_445' title='bbox 791 5236 917 5303; x_wconf 77' lang='lat' dir='ltr'><strong>ejus.</strong></span> <span class='ocrx_word' id='word_1_446' title='bbox 938 5235 990 5290; x_wconf 89' lang='lat'><strong>6.</strong></span> <span class='ocrx_word' id='word_1_447' title='bbox 1015 5234 1250 5292; x_wconf 77' lang='lat' dir='ltr'><strong>Pretiosa</strong></span> <span class='ocrx_word' id='word_1_448' title='bbox 1266 5239 1316 5290; x_wconf 87' lang='lat' dir='ltr'><strong>in</strong></span> <span class='ocrx_word' id='word_1_449' title='bbox 1339 5247 1606 5309; x_wconf 65' lang='lat' dir='ltr'><strong>corwpeetu</strong></span> <span class='ocrx_word' id='word_1_450' title='bbox 1629 5238 1838 5294; x_wconf 84' lang='lat' dir='ltr'><strong>Domini</strong></span> 
     </span>
    </p>
   </div>
   <div class='ocr_carea' id='block_1_56' title="bbox 235 5325 1833 5394">
    <p class='ocr_par' dir='ltr' id='par_1_56' title="bbox 235 5325 1833 5394">
     <span class='ocr_line' id='line_1_56' title="bbox 235 5325 1833 5394; baseline 0.006 -20"><span class='ocrx_word' id='word_1_451' title='bbox 235 5339 380 5375; x_wconf 83' lang='lat' dir='ltr'><strong>mors</strong></span> <span class='ocrx_word' id='word_1_452' title='bbox 405 5333 696 5391; x_wconf 72' lang='lat' dir='ltr'><strong>mactarunt</strong></span> <span class='ocrx_word' id='word_1_453' title='bbox 734 5341 866 5394; x_wconf 66' lang='lat' dir='ltr'><strong>qus.</strong></span> <span class='ocrx_word' id='word_1_454' title='bbox 895 5326 1069 5390; x_wconf 82' lang='lat' dir='ltr'><strong>Alius,</strong></span> <span class='ocrx_word' id='word_1_455' title='bbox 1106 5325 1371 5382; x_wconf 82' lang='lat' dir='ltr'><strong>Honorata</strong></span> <span class='ocrx_word' id='word_1_456' title='bbox 1397 5344 1568 5382; x_wconf 82' lang='lat' dir='ltr'><strong>coram</strong></span> <span class='ocrx_word' id='word_1_457' title='bbox 1594 5327 1833 5384; x_wconf 81' lang='lat' dir='ltr'><strong>Domino.</strong></span> 
     </span>
    </p>
   </div>
   <div class='ocr_carea' id='block_1_57' title="bbox 231 5415 1839 5489">
    <p class='ocr_par' dir='ltr' id='par_1_57' title="bbox 231 5415 1839 5489">
     <span class='ocr_line' id='line_1_57' title="bbox 231 5415 1839 5489; baseline 0.006 -23"><span class='ocrx_word' id='word_1_458' title='bbox 231 5415 496 5480; x_wconf 66' lang='lat' dir='ltr'><strong>Quaenam</strong></span> <span class='ocrx_word' id='word_1_459' title='bbox 539 5424 621 5468; x_wconf 90' lang='lat' dir='ltr'><strong>est</strong></span> <span class='ocrx_word' id='word_1_460' title='bbox 656 5425 833 5469; x_wconf 79' lang='lat' dir='ltr'><strong>autem</strong></span> <span class='ocrx_word' id='word_1_461' title='bbox 881 5416 996 5471; x_wconf 72' lang='lat' dir='ltr'><strong>hare</strong></span> <span class='ocrx_word' id='word_1_462' title='bbox 1017 5419 1415 5487; x_wconf 89' lang='lat' dir='ltr'><strong>consequentia,</strong></span> <span class='ocrx_word' id='word_1_463' title='bbox 1440 5429 1494 5475; x_wconf 90' lang='lat' dir='ltr'><strong>et</strong></span> <span class='ocrx_word' id='word_1_464' title='bbox 1517 5421 1643 5489; x_wconf 91' lang='lat' dir='ltr'><strong>quid</strong></span> <span class='ocrx_word' id='word_1_465' title='bbox 1678 5421 1839 5476; x_wconf 81' lang='lat' dir='ltr'><strong>habet</strong></span> 
     </span>
    </p>
   </div>
   <div class='ocr_carea' id='block_1_58' title="bbox 232 5505 1837 5583">
    <p class='ocr_par' dir='ltr' id='par_1_58' title="bbox 232 5505 1837 5583">
     <span class='ocr_line' id='line_1_58' title="bbox 232 5505 1837 5583; baseline 0.006 -23"><span class='ocrx_word' id='word_1_466' title='bbox 232 5505 380 5575; x_wconf 84' lang='lat' dir='ltr'><strong>quod</strong></span> <span class='ocrx_word' id='word_1_467' title='bbox 423 5521 560 5559; x_wconf 90' lang='lat' dir='ltr'><strong>cum-</strong></span> <span class='ocrx_word' id='word_1_468' title='bbox 585 5508 848 5576; x_wconf 84' lang='lat' dir='ltr'><strong>prioribus</strong></span> <span class='ocrx_word' id='word_1_469' title='bbox 887 5511 1218 5563; x_wconf 85' lang='lat' dir='ltr'><strong>conveniat?</strong></span> <span class='ocrx_word' id='word_1_470' title='bbox 1255 5510 1310 5566; x_wconf 82' lang='lat' dir='ltr'><strong>Si</strong></span> <span class='ocrx_word' id='word_1_471' title='bbox 1361 5514 1482 5583; x_wconf 89' lang='lat' dir='ltr'><strong>quis</strong></span> <span class='ocrx_word' id='word_1_472' title='bbox 1512 5511 1563 5568; x_wconf 89' lang='lat' dir='ltr'><strong>id</strong></span> <span class='ocrx_word' id='word_1_473' title='bbox 1591 5527 1837 5571; x_wconf 83' lang='lat' dir='ltr'><strong>accurate</strong></span> 
     </span>
    </p>
   </div>
   <div class='ocr_carea' id='block_1_59' title="bbox 226 5599 1836 5674">
    <p class='ocr_par' dir='ltr' id='par_1_59' title="bbox 226 5599 1836 5674">
     <span class='ocr_line' id='line_1_59' title="bbox 226 5599 1836 5674; baseline 0.005 -19"><span class='ocrx_word' id='word_1_474' title='bbox 226 5599 651 5662; x_wconf 77' lang='lat' dir='ltr'><strong>exnminaverit,</strong></span> <span class='ocrx_word' id='word_1_475' title='bbox 694 5601 978 5655; x_wconf 78' lang='lat' dir='ltr'><strong>maximam</strong></span> <span class='ocrx_word' id='word_1_476' title='bbox 1005 5601 1249 5658; x_wconf 87' lang='lat' dir='ltr'><strong>inveniet</strong></span> <span class='ocrx_word' id='word_1_477' title='bbox 1269 5605 1670 5674; x_wconf 79' lang='lat' dir='ltr'><strong>cognationem.</strong></span> <span class='ocrx_word' id='word_1_478' title='bbox 1700 5607 1836 5674; x_wconf 84' lang='lat' dir='ltr'><strong>Quia</strong></span> 
     </span>
    </p>
   </div>
   <div class='ocr_carea' id='block_1_60' title="bbox 226 5680 1835 5766">
    <p class='ocr_par' dir='ltr' id='par_1_60' title="bbox 226 5680 1835 5766">
     <span class='ocr_line' id='line_1_60' title="bbox 226 5680 1835 5766; baseline 0.006 -20"><span class='ocrx_word' id='word_1_479' title='bbox 226 5690 382 5746; x_wconf 86' lang='lat' dir='ltr'><strong>enim</strong></span> <span class='ocrx_word' id='word_1_480' title='bbox 431 5689 658 5756; x_wconf 79' lang='lat' dir='ltr'><strong>dixerat,</strong></span> <span class='ocrx_word' id='word_1_481' title='bbox 705 5680 1158 5758; x_wconf 27' lang='lat' dir='ltr'><strong>Quid’retrib&#39;uam</strong></span> <span class='ocrx_word' id='word_1_482' title='bbox 1208 5694 1425 5751; x_wconf 80' lang='lat' dir='ltr'><strong>Domino</strong></span> <span class='ocrx_word' id='word_1_483' title='bbox 1468 5714 1563 5766; x_wconf 83' lang='lat' dir='ltr'><strong>pro</strong></span> <span class='ocrx_word' id='word_1_484' title='bbox 1605 5701 1835 5755; x_wconf 70' lang='lat' dir='ltr'><strong>omnibus</strong></span> 
     </span>
    </p>
   </div>
   <div class='ocr_carea' id='block_1_61' title="bbox 1399 229 2424 292">
    <p class='ocr_par' dir='ltr' id='par_1_61' title="bbox 1399 229 2424 292">
     <span class='ocr_line' id='line_1_61' title="bbox 1399 229 2424 292; baseline 0.002 -4"><span class='ocrx_word' id='word_1_485' title='bbox 1399 229 1761 289; x_wconf 79' lang='lat' dir='ltr'><strong>EXPOSITIO</strong></span> <span class='ocrx_word' id='word_1_486' title='bbox 1802 229 1866 284; x_wconf 82' lang='lat' dir='ltr'><strong>IN</strong></span> <span class='ocrx_word' id='word_1_487' title='bbox 1906 230 2227 291; x_wconf 75' lang='lat' dir='ltr'><strong>PSALMUM</strong></span> <span class='ocrx_word' id='word_1_488' title='bbox 2265 229 2424 292; x_wconf 75' lang='lat' dir='ltr'><strong>CXV.</strong></span> 
     </span>
    </p>
   </div>
   <div class='ocr_carea' id='block_1_62' title="bbox 3461 252 3568 308">
    <p class='ocr_par' dir='ltr' id='par_1_62' title="bbox 3461 252 3568 308">
     <span class='ocr_line' id='line_1_62' title="bbox 3461 252 3568 308; baseline 0 -1"><span class='ocrx_word' id='word_1_489' title='bbox 3461 252 3568 308; x_wconf 79' lang='lat'><strong>5&#39;26</strong></span> 
     </span>
    </p>
   </div>
   <div class='ocr_carea' id='block_1_63' title="bbox 1965 352 3563 430">
    <p class='ocr_par' dir='ltr' id='par_1_63' title="bbox 1965 352 3563 430">
     <span class='ocr_line' id='line_1_63' title="bbox 1965 352 3563 430; baseline 0.018 -30"><span class='ocrx_word' id='word_1_490' title='bbox 1965 363 2080 417; x_wconf 66' lang='lat' dir='ltr'><strong>quia</strong></span> <span class='ocrx_word' id='word_1_491' title='bbox 2100 352 2328 406; x_wconf 78' lang='lat' dir='ltr'><strong>retribuit</strong></span> <span class='ocrx_word' id='word_1_492' title='bbox 2348 353 2515 407; x_wconf 82' lang='lat' dir='ltr'><strong>mihi?</strong></span> <span class='ocrx_word' id='word_1_493' title='bbox 2539 356 2829 414; x_wconf 85' lang='lat' dir='ltr'><strong>ostendens</strong></span> <span class='ocrx_word' id='word_1_494' title='bbox 2857 358 2974 429; x_wconf 81' lang='lat' dir='ltr'><strong>ejus</strong></span> <span class='ocrx_word' id='word_1_495' title='bbox 2999 361 3279 430; x_wconf 87' lang='lat' dir='ltr'><strong>beneﬁcia,</strong></span> <span class='ocrx_word' id='word_1_496' title='bbox 3308 365 3436 425; x_wconf 88' lang='lat' dir='ltr'><strong>dicit</strong></span> <span class='ocrx_word' id='word_1_497' title='bbox 3454 388 3563 429; x_wconf 82' lang='lat' dir='ltr'><strong>non</strong></span> 
     </span>
    </p>
   </div>
   <div class='ocr_carea' id='block_1_64' title="bbox 1965 439 3565 519">
    <p class='ocr_par' dir='ltr' id='par_1_64' title="bbox 1965 439 3565 519">
     <span class='ocr_line' id='line_1_64' title="bbox 1965 439 3565 519; baseline 0.018 -28"><span class='ocrx_word' id='word_1_498' title='bbox 1965 439 2140 496; x_wconf 88' lang='lat' dir='ltr'><strong>solum</strong></span> <span class='ocrx_word' id='word_1_499' title='bbox 2168 442 2354 508; x_wconf 84' lang='lat' dir='ltr'><strong>vitam,</strong></span> <span class='ocrx_word' id='word_1_500' title='bbox 2384 445 2477 500; x_wconf 88' lang='lat' dir='ltr'><strong>sed</strong></span> <span class='ocrx_word' id='word_1_501' title='bbox 2508 447 2668 501; x_wconf 84' lang='lat' dir='ltr'><strong>etiam</strong></span> <span class='ocrx_word' id='word_1_502' title='bbox 2702 459 2930 505; x_wconf 78' lang='lat' dir='ltr'><strong>inertem</strong></span> <span class='ocrx_word' id='word_1_503' title='bbox 2965 463 3273 512; x_wconf 87' lang='lat' dir='ltr'><strong>sanctorum</strong></span> <span class='ocrx_word' id='word_1_504' title='bbox 3305 458 3413 514; x_wconf 90' lang='lat' dir='ltr'><strong>Deo</strong></span> <span class='ocrx_word' id='word_1_505' title='bbox 3443 477 3565 519; x_wconf 49' lang='lat' dir='ltr'><strong>esse</strong></span> 
     </span>
    </p>
   </div>
   <div class='ocr_carea' id='block_1_65' title="bbox 1963 537 3563 620">
    <p class='ocr_par' dir='ltr' id='par_1_65' title="bbox 1963 537 3563 620">
     <span class='ocr_line' id='line_1_65' title="bbox 1963 537 3563 620; baseline 0.017 -38"><span class='ocrx_word' id='word_1_506' title='bbox 1963 544 2130 597; x_wconf 68' lang='lat' dir='ltr'><strong>curae,</strong></span> <span class='ocrx_word' id='word_1_507' title='bbox 2169 547 2275 587; x_wconf 90' lang='lat' dir='ltr'><strong>non</strong></span> <span class='ocrx_word' id='word_1_508' title='bbox 2312 548 2428 588; x_wconf 91' lang='lat' dir='ltr'><strong>eam</strong></span> <span class='ocrx_word' id='word_1_509' title='bbox 2455 537 2626 591; x_wconf 90' lang='lat' dir='ltr'><strong>solum</strong></span> <span class='ocrx_word' id='word_1_510' title='bbox 2671 555 2794 608; x_wconf 77' lang='lat' dir='ltr'><strong>quae</strong></span> <span class='ocrx_word' id='word_1_511' title='bbox 2827 539 2943 612; x_wconf 87' lang='lat' dir='ltr'><strong>lege</strong></span> <span class='ocrx_word' id='word_1_512' title='bbox 2972 554 3179 601; x_wconf 67' lang='lat' dir='ltr'><strong>natura:</strong></span> <span class='ocrx_word' id='word_1_513' title='bbox 3205 548 3440 620; x_wconf 81' lang='lat' dir='ltr'><strong>advenit,</strong></span> <span class='ocrx_word' id='word_1_514' title='bbox 3468 557 3563 609; x_wconf 91' lang='lat' dir='ltr'><strong>scd</strong></span> 
     </span>
    </p>
   </div>
   <div class='ocr_carea' id='block_1_66' title="bbox 1965 624 3562 706">
    <p class='ocr_par' dir='ltr' id='par_1_66' title="bbox 1965 624 3562 706">
     <span class='ocr_line' id='line_1_66' title="bbox 1965 624 3562 706; baseline 0.016 -29"><span class='ocrx_word' id='word_1_515' title='bbox 1965 624 2126 678; x_wconf 87' lang='lat' dir='ltr'><strong>etiam</strong></span> <span class='ocrx_word' id='word_1_516' title='bbox 2167 640 2288 696; x_wconf 72' lang='lat' dir='ltr'><strong>qua:</strong></span> <span class='ocrx_word' id='word_1_517' title='bbox 2328 627 2447 697; x_wconf 89' lang='lat' dir='ltr'><strong>ejus</strong></span> <span class='ocrx_word' id='word_1_518' title='bbox 2491 629 2768 687; x_wconf 82' lang='lat' dir='ltr'><strong>voluntate</strong></span> <span class='ocrx_word' id='word_1_519' title='bbox 2804 637 3111 706; x_wconf 85' lang='lat' dir='ltr'><strong>suscipitur.</strong></span> <span class='ocrx_word' id='word_1_520' title='bbox 3169 641 3360 699; x_wconf 84' lang='lat' dir='ltr'><strong>Annon</strong></span> <span class='ocrx_word' id='word_1_521' title='bbox 3408 647 3562 704; x_wconf 82' lang='lat' dir='ltr'><strong>audis</strong></span> 
     </span>
    </p>
   </div>
   <div class='ocr_carea' id='block_1_67' title="bbox 1967 717 3564 811">
    <p class='ocr_par' dir='ltr' id='par_1_67' title="bbox 1967 717 3564 811">
     <span class='ocr_line' id='line_1_67' title="bbox 1967 717 3564 811; baseline 0.016 -41"><span class='ocrx_word' id='word_1_522' title='bbox 1967 717 2187 772; x_wconf 88' lang='lat' dir='ltr'><strong>Paulum</strong></span> <span class='ocrx_word' id='word_1_523' title='bbox 2212 718 2480 777; x_wconf 87' lang='lat' dir='ltr'><strong>dicentem</strong></span> <span class='ocrx_word' id='word_1_524' title='bbox 2513 739 2527 776; x_wconf 89' lang='lat'><strong>:</strong></span> <span class='ocrx_word' id='word_1_525' title='bbox 2560 722 2626 777; x_wconf 80' lang='lat' dir='ltr'><strong>In</strong></span> <span class='ocrx_word' id='word_1_526' title='bbox 2654 741 2806 782; x_wconf 85' lang='lat' dir='ltr'><strong>carne</strong></span> <span class='ocrx_word' id='word_1_527' title='bbox 2839 739 3008 784; x_wconf 87' lang='lat' dir='ltr'><strong>autem</strong></span> <span class='ocrx_word' id='word_1_528' title='bbox 3033 748 3254 802; x_wconf 85' lang='lat' dir='ltr'><strong>manere,</strong></span> <span class='ocrx_word' id='word_1_529' title='bbox 3286 741 3448 811; x_wconf 87' lang='lat' dir='ltr'><strong>magis</strong></span> <span class='ocrx_word' id='word_1_530' title='bbox 3475 759 3564 796; x_wconf 84' lang='lat' dir='ltr'><strong>ne—</strong></span> 
     </span>
    </p>
   </div>
   <div class='ocr_carea' id='block_1_68' title="bbox 1965 812 3561 900">
    <p class='ocr_par' dir='ltr' id='par_1_68' title="bbox 1965 812 3561 900">
     <span class='ocr_line' id='line_1_68' title="bbox 1965 812 3561 900; baseline 0.016 -37"><span class='ocrx_word' id='word_1_531' title='bbox 1965 812 2239 865; x_wconf 82' lang='lat' dir='ltr'><strong>cessarium</strong></span> <span class='ocrx_word' id='word_1_532' title='bbox 2259 822 2464 885; x_wconf 83' lang='lat' dir='ltr'><strong>prapter</strong></span> <span class='ocrx_word' id='word_1_533' title='bbox 2480 830 2584 884; x_wconf 79' lang='lat' dir='ltr'><strong>vos,</strong></span> <span class='ocrx_word' id='word_1_534' title='bbox 2612 825 2658 872; x_wconf 89' lang='lat' dir='ltr'><strong>et</strong></span> <span class='ocrx_word' id='word_1_535' title='bbox 2682 835 2738 873; x_wconf 92' lang='lat' dir='ltr'><strong>eo</strong></span> <span class='ocrx_word' id='word_1_536' title='bbox 2756 819 2938 889; x_wconf 80' lang='lat' dir='ltr'><strong>fretus,</strong></span> <span class='ocrx_word' id='word_1_537' title='bbox 2967 826 3071 878; x_wconf 84' lang='lat' dir='ltr'><strong>scio</strong></span> <span class='ocrx_word' id='word_1_538' title='bbox 3092 829 3230 896; x_wconf 85' lang='lat' dir='ltr'><strong>quod</strong></span> <span class='ocrx_word' id='word_1_539' title='bbox 3257 833 3487 900; x_wconf 88' lang='lat' dir='ltr'><strong>manebo,</strong></span> <span class='ocrx_word' id='word_1_540' title='bbox 3514 844 3561 889; x_wconf 91' lang='lat' dir='ltr'><strong>et</strong></span> 
     </span>
    </p>
   </div>
   <div class='ocr_carea' id='block_1_69' title="bbox 1965 903 3559 994">
    <p class='ocr_par' dir='ltr' id='par_1_69' title="bbox 1965 903 3559 994">
     <span class='ocr_line' id='line_1_69' title="bbox 1965 903 3559 994; baseline 0.015 -40"><span class='ocrx_word' id='word_1_541' title='bbox 1965 903 2266 994; x_wconf 85' lang='lat' dir='ltr'><strong>permanebo</strong></span> <span class='ocrx_word' id='word_1_542' title='bbox 2305 919 2407 958; x_wconf 81' lang='lat' dir='ltr'><strong>una</strong></span> <span class='ocrx_word' id='word_1_543' title='bbox 2444 906 2697 962; x_wconf 83' lang='lat' dir='ltr'><strong>vobiscum</strong></span> <span class='ocrx_word' id='word_1_544' title='bbox 2729 908 2951 982; x_wconf 85' lang='lat' dir='ltr'><strong>(Philip.</strong></span> <span class='ocrx_word' id='word_1_545' title='bbox 2998 916 3045 969; x_wconf 87' lang='grc'><strong>1.</strong></span> <span class='ocrx_word' id='word_1_546' title='bbox 3071 916 3160 972; x_wconf 72' lang='grc'><strong>21.</strong></span> <span class='ocrx_word' id='word_1_547' title='bbox 3185 919 3297 990; x_wconf 75' lang='grc'><strong>23).</strong></span> <span class='ocrx_word' id='word_1_548' title='bbox 3327 921 3392 976; x_wconf 87' lang='lat' dir='ltr'><strong>Et</strong></span> <span class='ocrx_word' id='word_1_549' title='bbox 3432 923 3559 994; x_wconf 91' lang='lat' dir='ltr'><strong>quid</strong></span> 
     </span>
    </p>
   </div>
   <div class='ocr_carea' id='block_1_70' title="bbox 1965 993 3556 1072">
    <p class='ocr_par' dir='ltr' id='par_1_70' title="bbox 1965 993 3556 1072">
     <span class='ocr_line' id='line_1_70' title="bbox 1965 993 3556 1072; baseline 0.015 -27"><span class='ocrx_word' id='word_1_550' title='bbox 1965 994 2177 1048; x_wconf 89' lang='lat' dir='ltr'><strong>miraris</strong></span> <span class='ocrx_word' id='word_1_551' title='bbox 2204 993 2250 1049; x_wconf 90' lang='lat' dir='ltr'><strong>si</strong></span> <span class='ocrx_word' id='word_1_552' title='bbox 2277 1010 2442 1063; x_wconf 88' lang='lat' dir='ltr'><strong>mors,</strong></span> <span class='ocrx_word' id='word_1_553' title='bbox 2466 1012 2588 1052; x_wconf 88' lang='lat' dir='ltr'><strong>cum</strong></span> <span class='ocrx_word' id='word_1_554' title='bbox 2628 1015 2727 1055; x_wconf 89' lang='lat' dir='ltr'><strong>nec</strong></span> <span class='ocrx_word' id='word_1_555' title='bbox 2752 1004 3028 1072; x_wconf 83' lang='lat' dir='ltr'><strong>generatio</strong></span> <span class='ocrx_word' id='word_1_556' title='bbox 3060 993 3556 1068; x_wconf 80' lang='lat' dir='ltr'><strong>nonnullorumna-</strong></span> 
     </span>
    </p>
   </div>
   <div class='ocr_carea' id='block_1_71' title="bbox 1965 1083 3557 1168">
    <p class='ocr_par' dir='ltr' id='par_1_71' title="bbox 1965 1083 3557 1168">
     <span class='ocr_line' id='line_1_71' title="bbox 1965 1083 3557 1168; baseline 0.016 -33"><span class='ocrx_word' id='word_1_557' title='bbox 1965 1090 2098 1137; x_wconf 72' lang='lat' dir='ltr'><strong>turos</strong></span> <span class='ocrx_word' id='word_1_558' title='bbox 2125 1083 2242 1154; x_wconf 81' lang='lat' dir='ltr'><strong>lege</strong></span> <span class='ocrx_word' id='word_1_559' title='bbox 2265 1096 2478 1154; x_wconf 87' lang='lat' dir='ltr'><strong>peracta</strong></span> <span class='ocrx_word' id='word_1_560' title='bbox 2503 1089 2590 1155; x_wconf 88' lang='lat' dir='ltr'><strong>sit,</strong></span> <span class='ocrx_word' id='word_1_561' title='bbox 2618 1093 3071 1160; x_wconf 89' lang='lat' dir='ltr'><strong>quemadmodum</strong></span> <span class='ocrx_word' id='word_1_562' title='bbox 3098 1102 3370 1168; x_wconf 82' lang='lat' dir='ltr'><strong>generatio</strong></span> <span class='ocrx_word' id='word_1_563' title='bbox 3394 1102 3557 1161; x_wconf 74' lang='lat' dir='ltr'><strong>lsaari</strong></span> 
     </span>
    </p>
   </div>
   <div class='ocr_carea' id='block_1_72' title="bbox 1962 1177 3557 1268">
    <p class='ocr_par' dir='ltr' id='par_1_72' title="bbox 1962 1177 3557 1268">
     <span class='ocr_line' id='line_1_72' title="bbox 1962 1177 3557 1268; baseline 0.014 -40"><span class='ocrx_word' id='word_1_564' title='bbox 1962 1183 2018 1229; x_wconf 91' lang='lat' dir='ltr'><strong>et</strong></span> <span class='ocrx_word' id='word_1_565' title='bbox 2040 1177 2317 1246; x_wconf 82' lang='lat' dir='ltr'><strong>generatio</strong></span> <span class='ocrx_word' id='word_1_566' title='bbox 2353 1179 2618 1236; x_wconf 91' lang='lat' dir='ltr'><strong>Samuelis</strong></span> <span class='ocrx_word' id='word_1_567' title='bbox 2659 1181 2811 1256; x_wconf 81' lang='lat' dir='ltr'><strong>(Gen.</strong></span> <span class='ocrx_word' id='word_1_568' title='bbox 2857 1200 2904 1237; x_wconf 79' lang='grc' dir='ltr'><strong>ε.</strong></span> <span class='ocrx_word' id='word_1_569' title='bbox 2931 1185 3021 1240; x_wconf 72' lang='lat'><strong>27.</strong></span> <span class='ocrx_word' id='word_1_570' title='bbox 3053 1197 3100 1242; x_wconf 83' lang='lat' dir='ltr'><strong>et</strong></span> <span class='ocrx_word' id='word_1_571' title='bbox 3145 1191 3315 1259; x_wconf 74' lang='lat' dir='ltr'><strong>c.18;</strong></span> <span class='ocrx_word' id='word_1_572' title='bbox 3349 1195 3398 1249; x_wconf 87' lang='grc'><strong>1.</strong></span> <span class='ocrx_word' id='word_1_573' title='bbox 3427 1195 3557 1268; x_wconf 85' lang='lat' dir='ltr'><strong>Reg.</strong></span> 
     </span>
    </p>
   </div>
   <div class='ocr_carea' id='block_1_73' title="bbox 1963 1265 3556 1356">
    <p class='ocr_par' dir='ltr' id='par_1_73' title="bbox 1963 1265 3556 1356">
     <span class='ocr_line' id='line_1_73' title="bbox 1963 1265 3556 1356; baseline 0.014 -35"><span class='ocrx_word' id='word_1_574' title='bbox 1963 1265 2017 1321; x_wconf 84' lang='lat'><strong>5.</strong></span> <span class='ocrx_word' id='word_1_575' title='bbox 2039 1268 2131 1336; x_wconf 70' lang='lat'><strong>20)</strong></span> <span class='ocrx_word' id='word_1_576' title='bbox 2157 1268 2180 1321; x_wconf 79' lang='lat' dir='ltr'><strong>‘i</strong></span> <span class='ocrx_word' id='word_1_577' title='bbox 2223 1269 2484 1336; x_wconf 88' lang='lat' dir='ltr'><strong>Quocirca</strong></span> <span class='ocrx_word' id='word_1_578' title='bbox 2523 1289 2624 1330; x_wconf 87' lang='lat' dir='ltr'><strong>nec</strong></span> <span class='ocrx_word' id='word_1_579' title='bbox 2643 1277 2820 1332; x_wconf 87' lang='lat' dir='ltr'><strong>carnis</strong></span> <span class='ocrx_word' id='word_1_580' title='bbox 2859 1277 3074 1347; x_wconf 87' lang='lat' dir='ltr'><strong>quidem</strong></span> <span class='ocrx_word' id='word_1_581' title='bbox 3105 1296 3198 1336; x_wconf 89' lang='lat' dir='ltr'><strong>eos</strong></span> <span class='ocrx_word' id='word_1_582' title='bbox 3219 1295 3372 1340; x_wconf 89' lang='lat' dir='ltr'><strong>vocat</strong></span> <span class='ocrx_word' id='word_1_583' title='bbox 3398 1265 3556 1356; x_wconf 71' lang='lat' dir='ltr'><strong>ﬁlios,</strong></span> 
     </span>
    </p>
   </div>
   <div class='ocr_carea' id='block_1_74' title="bbox 1963 1358 3558 1439">
    <p class='ocr_par' dir='ltr' id='par_1_74' title="bbox 1963 1358 3558 1439">
     <span class='ocr_line' id='line_1_74' title="bbox 1963 1358 3558 1439; baseline 0.016 -28"><span class='ocrx_word' id='word_1_584' title='bbox 1963 1358 2058 1413; x_wconf 87' lang='lat' dir='ltr'><strong>sed</strong></span> <span class='ocrx_word' id='word_1_585' title='bbox 2105 1360 2246 1416; x_wconf 85' lang='lat' dir='ltr'><strong>ﬁlios</strong></span> <span class='ocrx_word' id='word_1_586' title='bbox 2283 1364 2653 1432; x_wconf 82' lang='lat' dir='ltr'><strong>promissionis</strong></span> <span class='ocrx_word' id='word_1_587' title='bbox 2690 1367 2868 1438; x_wconf 79' lang='lat' dir='ltr'><strong>(Rom.</strong></span> <span class='ocrx_word' id='word_1_588' title='bbox 2893 1367 2944 1425; x_wconf 93' lang='lat'><strong>9.</strong></span> <span class='ocrx_word' id='word_1_589' title='bbox 2976 1371 3056 1439; x_wconf 90' lang='lat'><strong>8).</strong></span> <span class='ocrx_word' id='word_1_590' title='bbox 3085 1371 3160 1426; x_wconf 87' lang='lat' dir='ltr'><strong>lta</strong></span> <span class='ocrx_word' id='word_1_591' title='bbox 3195 1375 3356 1432; x_wconf 91' lang='lat' dir='ltr'><strong>etiam</strong></span> <span class='ocrx_word' id='word_1_592' title='bbox 3381 1377 3558 1436; x_wconf 82' lang='lat' dir='ltr'><strong>Moses</strong></span> 
     </span>
    </p>
   </div>
   <div class='ocr_carea' id='block_1_75' title="bbox 1962 1453 3555 1535">
    <p class='ocr_par' dir='ltr' id='par_1_75' title="bbox 1962 1453 3555 1535">
     <span class='ocr_line' id='line_1_75' title="bbox 1962 1453 3555 1535; baseline 0.014 -31"><span class='ocrx_word' id='word_1_593' title='bbox 1962 1463 2069 1504; x_wconf 86' lang='lat' dir='ltr'><strong>non</strong></span> <span class='ocrx_word' id='word_1_594' title='bbox 2099 1461 2183 1507; x_wconf 91' lang='lat' dir='ltr'><strong>est</strong></span> <span class='ocrx_word' id='word_1_595' title='bbox 2207 1453 2529 1524; x_wconf 89' lang='lat' dir='ltr'><strong>simpliciter</strong></span> <span class='ocrx_word' id='word_1_596' title='bbox 2562 1467 2615 1512; x_wconf 89' lang='lat' dir='ltr'><strong>et</strong></span> <span class='ocrx_word' id='word_1_597' title='bbox 2645 1458 2889 1515; x_wconf 87' lang='lat' dir='ltr'><strong>absolute</strong></span> <span class='ocrx_word' id='word_1_598' title='bbox 2928 1471 3171 1520; x_wconf 88' lang='lat' dir='ltr'><strong>mortuus</strong></span> <span class='ocrx_word' id='word_1_599' title='bbox 3202 1465 3436 1535; x_wconf 82' lang='lat' dir='ltr'><strong>(Denter.</strong></span> <span class='ocrx_word' id='word_1_600' title='bbox 3465 1473 3555 1528; x_wconf 75' lang='lat'><strong>3‘2.</strong></span> 
     </span>
    </p>
   </div>
   <div class='ocr_carea' id='block_1_76' title="bbox 1969 1540 3557 1628">
    <p class='ocr_par' dir='ltr' id='par_1_76' title="bbox 1969 1540 3557 1628">
     <span class='ocr_line' id='line_1_76' title="bbox 1969 1540 3557 1628; baseline 0.015 -33"><span class='ocrx_word' id='word_1_601' title='bbox 1969 1540 2059 1596; x_wconf 69' lang='grc'><strong>69.</strong></span> <span class='ocrx_word' id='word_1_602' title='bbox 2091 1540 2206 1615; x_wconf 81' lang='lat'><strong>50);</strong></span> <span class='ocrx_word' id='word_1_603' title='bbox 2233 1545 2328 1600; x_wconf 87' lang='lat' dir='ltr'><strong>sed</strong></span> <span class='ocrx_word' id='word_1_604' title='bbox 2355 1561 2477 1601; x_wconf 87' lang='lat' dir='ltr'><strong>eum</strong></span> <span class='ocrx_word' id='word_1_605' title='bbox 2500 1548 2640 1603; x_wconf 86' lang='lat' dir='ltr'><strong>Deus</strong></span> <span class='ocrx_word' id='word_1_606' title='bbox 2655 1549 2902 1619; x_wconf 72' lang='lat' dir='ltr'><strong>iussisset</strong></span> <span class='ocrx_word' id='word_1_607' title='bbox 2931 1570 2946 1605; x_wconf 92' lang='lat'><strong>:</strong></span> <span class='ocrx_word' id='word_1_608' title='bbox 2975 1569 3148 1625; x_wconf 85' lang='lat' dir='ltr'><strong>neque</strong></span> <span class='ocrx_word' id='word_1_609' title='bbox 3176 1557 3440 1628; x_wconf 81' lang='lat' dir='ltr'><strong>Joannes,</strong></span> <span class='ocrx_word' id='word_1_610' title='bbox 3464 1566 3557 1618; x_wconf 88' lang='lat' dir='ltr'><strong>sed</strong></span> 
     </span>
    </p>
   </div>
   <div class='ocr_carea' id='block_1_77' title="bbox 1959 1635 3555 1721">
    <p class='ocr_par' dir='ltr' id='par_1_77' title="bbox 1959 1635 3555 1721">
     <span class='ocr_line' id='line_1_77' title="bbox 1959 1635 3555 1721; baseline 0.014 -32"><span class='ocrx_word' id='word_1_611' title='bbox 1959 1648 2081 1689; x_wconf 89' lang='lat' dir='ltr'><strong>cum</strong></span> <span class='ocrx_word' id='word_1_612' title='bbox 2115 1635 2228 1705; x_wconf 85' lang='lat' dir='ltr'><strong>ipse</strong></span> <span class='ocrx_word' id='word_1_613' title='bbox 2260 1640 2612 1708; x_wconf 87' lang='lat' dir='ltr'><strong>permisisset.</strong></span> <span class='ocrx_word' id='word_1_614' title='bbox 2646 1645 2803 1715; x_wconf 84' lang='lat' dir='ltr'><strong>Atqui</strong></span> <span class='ocrx_word' id='word_1_615' title='bbox 2833 1645 2932 1702; x_wconf 83' lang='lat' dir='ltr'><strong>fuit</strong></span> <span class='ocrx_word' id='word_1_616' title='bbox 2976 1664 3186 1706; x_wconf 75' lang='lat' dir='ltr'><strong>merces</strong></span> <span class='ocrx_word' id='word_1_617' title='bbox 3214 1656 3555 1721; x_wconf 85' lang='lat' dir='ltr'><strong>meretricis;</strong></span> 
     </span>
    </p>
   </div>
   <div class='ocr_carea' id='block_1_78' title="bbox 1961 1725 3554 1815">
    <p class='ocr_par' dir='ltr' id='par_1_78' title="bbox 1961 1725 3554 1815">
     <span class='ocr_line' id='line_1_78' title="bbox 1961 1725 3554 1815; baseline 0.015 -35"><span class='ocrx_word' id='word_1_618' title='bbox 1961 1725 2062 1781; x_wconf 80' lang='lat' dir='ltr'><strong>fuit</strong></span> <span class='ocrx_word' id='word_1_619' title='bbox 2092 1735 2272 1784; x_wconf 86' lang='lat' dir='ltr'><strong>tamen</strong></span> <span class='ocrx_word' id='word_1_620' title='bbox 2309 1732 2479 1787; x_wconf 88' lang='lat' dir='ltr'><strong>nihilo</strong></span> <span class='ocrx_word' id='word_1_621' title='bbox 2507 1735 2682 1789; x_wconf 83' lang='lat' dir='ltr'><strong>secius</strong></span> <span class='ocrx_word' id='word_1_622' title='bbox 2713 1735 2996 1794; x_wconf 84' lang='lat' dir='ltr'><strong>honorata.</strong></span> <span class='ocrx_word' id='word_1_623' title='bbox 3027 1740 3141 1797; x_wconf 86' lang='lat' dir='ltr'><strong>Hoc</strong></span> <span class='ocrx_word' id='word_1_624' title='bbox 3170 1743 3344 1815; x_wconf 85' lang='lat' dir='ltr'><strong>ipsum</strong></span> <span class='ocrx_word' id='word_1_625' title='bbox 3375 1759 3554 1804; x_wconf 86' lang='lat' dir='ltr'><strong>autem</strong></span> 
     </span>
    </p>
   </div>
   <div class='ocr_carea' id='block_1_79' title="bbox 1960 1819 3552 1903">
    <p class='ocr_par' dir='ltr' id='par_1_79' title="bbox 1960 1819 3552 1903">
     <span class='ocr_line' id='line_1_79' title="bbox 1960 1819 3552 1903; baseline 0.014 -31"><span class='ocrx_word' id='word_1_626' title='bbox 1960 1827 2042 1872; x_wconf 88' lang='lat' dir='ltr'><strong>est</strong></span> <span class='ocrx_word' id='word_1_627' title='bbox 2067 1819 2404 1888; x_wconf 87' lang='lat' dir='ltr'><strong>admirabile,</strong></span> <span class='ocrx_word' id='word_1_628' title='bbox 2428 1824 2570 1894; x_wconf 91' lang='lat' dir='ltr'><strong>quod</strong></span> <span class='ocrx_word' id='word_1_629' title='bbox 2599 1827 2683 1881; x_wconf 89' lang='lat' dir='ltr'><strong>vel</strong></span> <span class='ocrx_word' id='word_1_630' title='bbox 2712 1829 2788 1882; x_wconf 92' lang='lat' dir='ltr'><strong>sic</strong></span> <span class='ocrx_word' id='word_1_631' title='bbox 2817 1842 3058 1886; x_wconf 88' lang='lat' dir='ltr'><strong>mortuus</strong></span> <span class='ocrx_word' id='word_1_632' title='bbox 3084 1832 3381 1892; x_wconf 88' lang='lat' dir='ltr'><strong>honoratus</strong></span> <span class='ocrx_word' id='word_1_633' title='bbox 3408 1837 3508 1894; x_wconf 83' lang='lat' dir='ltr'><strong>fuit</strong></span> <span class='ocrx_word' id='word_1_634' title='bbox 3539 1857 3552 1903; x_wconf 89' lang='lat'><strong>;</strong></span> 
     </span>
    </p>
   </div>
   <div class='ocr_carea' id='block_1_80' title="bbox 1959 1911 3559 1999">
    <p class='ocr_par' dir='ltr' id='par_1_80' title="bbox 1959 1911 3559 1999">
     <span class='ocr_line' id='line_1_80' title="bbox 1959 1911 3559 1999; baseline 0.013 -33"><span class='ocrx_word' id='word_1_635' title='bbox 1959 1911 2222 1982; x_wconf 83' lang='lat' dir='ltr'><strong>siquidem</strong></span> <span class='ocrx_word' id='word_1_636' title='bbox 2250 1931 2346 1985; x_wconf 90' lang='lat' dir='ltr'><strong>pro</strong></span> <span class='ocrx_word' id='word_1_637' title='bbox 2377 1918 2599 1974; x_wconf 86' lang='lat' dir='ltr'><strong>veritate</strong></span> <span class='ocrx_word' id='word_1_638' title='bbox 2621 1922 2779 1975; x_wconf 82' lang='lat' dir='ltr'><strong>vitam</strong></span> <span class='ocrx_word' id='word_1_639' title='bbox 2821 1921 2992 1980; x_wconf 79' lang='lat' dir='ltr'><strong>ﬁnivit</strong></span> <span class='ocrx_word' id='word_1_640' title='bbox 3011 1966 3026 1991; x_wconf 97' lang='lat'><strong>,</strong></span> <span class='ocrx_word' id='word_1_641' title='bbox 3062 1935 3316 1999; x_wconf 88' lang='lat' dir='ltr'><strong>tantoque</strong></span> <span class='ocrx_word' id='word_1_642' title='bbox 3346 1930 3559 1987; x_wconf 82' lang='lat' dir='ltr'><strong>habitus</strong></span> 
     </span>
    </p>
   </div>
   <div class='ocr_carea' id='block_1_81' title="bbox 1962 2006 3558 2096">
    <p class='ocr_par' dir='ltr' id='par_1_81' title="bbox 1962 2006 3558 2096">
     <span class='ocr_line' id='line_1_81' title="bbox 1962 2006 3558 2096; baseline 0.012 -38"><span class='ocrx_word' id='word_1_643' title='bbox 1962 2013 2046 2060; x_wconf 89' lang='lat' dir='ltr'><strong>est</strong></span> <span class='ocrx_word' id='word_1_644' title='bbox 2073 2006 2125 2060; x_wconf 90' lang='lat' dir='ltr'><strong>in</strong></span> <span class='ocrx_word' id='word_1_645' title='bbox 2170 2006 2394 2072; x_wconf 89' lang='lat' dir='ltr'><strong>honore,</strong></span> <span class='ocrx_word' id='word_1_646' title='bbox 2426 2021 2482 2066; x_wconf 89' lang='lat' dir='ltr'><strong>ut</strong></span> <span class='ocrx_word' id='word_1_647' title='bbox 2504 2013 2618 2083; x_wconf 87' lang='lat' dir='ltr'><strong>ipse</strong></span> <span class='ocrx_word' id='word_1_648' title='bbox 2642 2016 2802 2070; x_wconf 85' lang='lat' dir='ltr'><strong>etiam</strong></span> <span class='ocrx_word' id='word_1_649' title='bbox 2826 2018 2916 2088; x_wconf 91' lang='lat' dir='ltr'><strong>qui</strong></span> <span class='ocrx_word' id='word_1_650' title='bbox 2938 2035 3064 2074; x_wconf 89' lang='lat' dir='ltr'><strong>eum</strong></span> <span class='ocrx_word' id='word_1_651' title='bbox 3088 2021 3452 2092; x_wconf 77' lang='lat' dir='ltr'><strong>interfecerat,</strong></span> <span class='ocrx_word' id='word_1_652' title='bbox 3478 2027 3558 2096; x_wconf 84' lang='lat' dir='ltr'><strong>ip-</strong></span> 
     </span>
    </p>
   </div>
   <div class='ocr_carea' id='block_1_82' title="bbox 1959 2100 3552 2190">
    <p class='ocr_par' dir='ltr' id='par_1_82' title="bbox 1959 2100 3552 2190">
     <span class='ocr_line' id='line_1_82' title="bbox 1959 2100 3552 2190; baseline 0.014 -38"><span class='ocrx_word' id='word_1_653' title='bbox 1959 2113 2078 2156; x_wconf 88' lang='lat' dir='ltr'><strong>sum</strong></span> <span class='ocrx_word' id='word_1_654' title='bbox 2108 2100 2340 2158; x_wconf 88' lang='lat' dir='ltr'><strong>timeret.</strong></span> <span class='ocrx_word' id='word_1_655' title='bbox 2368 2103 2522 2172; x_wconf 91' lang='lat' dir='ltr'><strong>Quod</strong></span> <span class='ocrx_word' id='word_1_656' title='bbox 2549 2117 2727 2164; x_wconf 89' lang='lat' dir='ltr'><strong>autem</strong></span> <span class='ocrx_word' id='word_1_657' title='bbox 2762 2111 2996 2178; x_wconf 86' lang='lat' dir='ltr'><strong>timeret,</strong></span> <span class='ocrx_word' id='word_1_658' title='bbox 3024 2115 3146 2170; x_wconf 91' lang='lat' dir='ltr'><strong>audi</strong></span> <span class='ocrx_word' id='word_1_659' title='bbox 3175 2117 3300 2186; x_wconf 92' lang='lat' dir='ltr'><strong>quid</strong></span> <span class='ocrx_word' id='word_1_660' title='bbox 3331 2129 3552 2190; x_wconf 39' lang='lat' dir='ltr'><strong>evangev</strong></span> 
     </span>
    </p>
   </div>
   <div class='ocr_carea' id='block_1_83' title="bbox 1957 2189 3556 2281">
    <p class='ocr_par' dir='ltr' id='par_1_83' title="bbox 1957 2189 3556 2281">
     <span class='ocr_line' id='line_1_83' title="bbox 1957 2189 3556 2281; baseline 0.016 -38"><span class='ocrx_word' id='word_1_661' title='bbox 1957 2189 2079 2245; x_wconf 87' lang='lat' dir='ltr'><strong>iista</strong></span> <span class='ocrx_word' id='word_1_662' title='bbox 2101 2192 2244 2249; x_wconf 85' lang='lat' dir='ltr'><strong>dicat</strong></span> <span class='ocrx_word' id='word_1_663' title='bbox 2288 2195 2356 2251; x_wconf 91' lang='lat' dir='ltr'><strong>de</strong></span> <span class='ocrx_word' id='word_1_664' title='bbox 2397 2197 2608 2255; x_wconf 76' lang='lat' dir='ltr'><strong>Herode</strong></span> <span class='ocrx_word' id='word_1_665' title='bbox 2635 2219 2647 2255; x_wconf 93' lang='lat'>:</span> <span class='ocrx_word' id='word_1_666' title='bbox 2671 2200 2884 2258; x_wconf 86' lang='lat' dir='ltr'><strong>Dicebat</strong></span> <span class='ocrx_word' id='word_1_667' title='bbox 2909 2207 3064 2274; x_wconf 88' lang='lat' dir='ltr'><strong>enim,</strong></span> <span class='ocrx_word' id='word_1_668' title='bbox 3092 2209 3231 2278; x_wconf 87' lang='lat' dir='ltr'><strong>quod</strong></span> <span class='ocrx_word' id='word_1_669' title='bbox 3251 2211 3358 2281; x_wconf 75' lang='lat' dir='ltr'><strong>ipse</strong></span> <span class='ocrx_word' id='word_1_670' title='bbox 3395 2189 3556 2268; x_wconf 74' lang='lat' dir='ltr'><strong>resur-</strong></span> 
     </span>
    </p>
   </div>
   <div class='ocr_carea' id='block_1_84' title="bbox 1957 2284 3554 2376">
    <p class='ocr_par' dir='ltr' id='par_1_84' title="bbox 1957 2284 3554 2376">
     <span class='ocr_line' id='line_1_84' title="bbox 1957 2284 3554 2376; baseline 0.014 -41"><span class='ocrx_word' id='word_1_671' title='bbox 1957 2284 2089 2337; x_wconf 70' lang='lat' dir='ltr'><strong>rexit</strong></span> <span class='ocrx_word' id='word_1_672' title='bbox 2115 2301 2148 2338; x_wconf 90' lang='lat' dir='ltr'><strong>a</strong></span> <span class='ocrx_word' id='word_1_673' title='bbox 2177 2288 2410 2354; x_wconf 85' lang='lat' dir='ltr'><strong>mortuis,</strong></span> <span class='ocrx_word' id='word_1_674' title='bbox 2448 2299 2494 2343; x_wconf 88' lang='lat' dir='ltr'><strong>et</strong></span> <span class='ocrx_word' id='word_1_675' title='bbox 2535 2304 2802 2362; x_wconf 85' lang='lat' dir='ltr'><strong>prapterea</strong></span> <span class='ocrx_word' id='word_1_676' title='bbox 2823 2297 3030 2353; x_wconf 80' lang='lat' dir='ltr'><strong>virtutes</strong></span> <span class='ocrx_word' id='word_1_677' title='bbox 3063 2313 3340 2368; x_wconf 85' lang='lat' dir='ltr'><strong>aperantur</strong></span> <span class='ocrx_word' id='word_1_678' title='bbox 3362 2304 3414 2358; x_wconf 89' lang='lat' dir='ltr'><strong>in</strong></span> <span class='ocrx_word' id='word_1_679' title='bbox 3442 2305 3554 2376; x_wconf 86' lang='lat' dir='ltr'><strong>ipso</strong></span> 
     </span>
    </p>
   </div>
   <div class='ocr_carea' id='block_1_85' title="bbox 1959 2373 3554 2453">
    <p class='ocr_par' dir='ltr' id='par_1_85' title="bbox 1959 2373 3554 2453">
     <span class='ocr_line' id='line_1_85' title="bbox 1959 2373 3554 2453; baseline 0.014 -27"><span class='ocrx_word' id='word_1_680' title='bbox 1959 2373 2148 2444; x_wconf 82' lang='lat' dir='ltr'><strong>(Marc.</strong></span> <span class='ocrx_word' id='word_1_681' title='bbox 2180 2376 2232 2432; x_wconf 89' lang='lat'><strong>6.</strong></span> <span class='ocrx_word' id='word_1_682' title='bbox 2269 2379 2382 2447; x_wconf 72' lang='lat' dir='ltr'><strong>tt).</strong></span> <span class='ocrx_word' id='word_1_683' title='bbox 2410 2380 2540 2437; x_wconf 77' lang='lat' dir='ltr'><strong>\‘ide</strong></span> <span class='ocrx_word' id='word_1_684' title='bbox 2561 2387 2831 2453; x_wconf 83' lang='lat' dir='ltr'><strong>quomodo</strong></span> <span class='ocrx_word' id='word_1_685' title='bbox 2849 2387 3006 2442; x_wconf 89' lang='lat' dir='ltr'><strong>etiam</strong></span> <span class='ocrx_word' id='word_1_686' title='bbox 3033 2391 3084 2444; x_wconf 92' lang='lat' dir='ltr'><strong>in</strong></span> <span class='ocrx_word' id='word_1_687' title='bbox 3110 2391 3242 2448; x_wconf 87' lang='lat' dir='ltr'><strong>Abel</strong></span> <span class='ocrx_word' id='word_1_688' title='bbox 3273 2405 3390 2449; x_wconf 87' lang='lat' dir='ltr'><strong>erat</strong></span> <span class='ocrx_word' id='word_1_689' title='bbox 3410 2373 3554 2451; x_wconf 72' lang='lat' dir='ltr'><strong>mors</strong></span> 
     </span>
    </p>
   </div>
   <div class='ocr_carea' id='block_1_86' title="bbox 1959 2467 3556 2554">
    <p class='ocr_par' dir='ltr' id='par_1_86' title="bbox 1959 2467 3556 2554">
     <span class='ocr_line' id='line_1_86' title="bbox 1959 2467 3556 2554; baseline 0.016 -34"><span class='ocrx_word' id='word_1_690' title='bbox 1959 2467 2190 2534; x_wconf 84' lang='lat' dir='ltr'><strong>pretiosa</strong></span> <span class='ocrx_word' id='word_1_691' title='bbox 2235 2478 2288 2524; x_wconf 90' lang='lat' dir='ltr'><strong>ct</strong></span> <span class='ocrx_word' id='word_1_692' title='bbox 2330 2472 2613 2530; x_wconf 87' lang='lat' dir='ltr'><strong>honorata.</strong></span> <span class='ocrx_word' id='word_1_693' title='bbox 2658 2477 2757 2532; x_wconf 84' lang='lat' dir='ltr'><strong>Ubi</strong></span> <span class='ocrx_word' id='word_1_694' title='bbox 2779 2488 2853 2534; x_wconf 86' lang='lat' dir='ltr'><strong>est</strong></span> <span class='ocrx_word' id='word_1_695' title='bbox 2880 2480 3005 2537; x_wconf 82' lang='lat' dir='ltr'><strong>Abel</strong></span> <span class='ocrx_word' id='word_1_696' title='bbox 3041 2485 3202 2554; x_wconf 77' lang='lat' dir='ltr'><strong>frater</strong></span> <span class='ocrx_word' id='word_1_697' title='bbox 3243 2496 3358 2542; x_wconf 83' lang='lat' dir='ltr'><strong>tuus</strong></span> <span class='ocrx_word' id='word_1_698' title='bbox 3385 2490 3410 2542; x_wconf 87' lang='lat'><strong><em>?</em></strong></span> <span class='ocrx_word' id='word_1_699' title='bbox 3449 2489 3556 2545; x_wconf 74' lang='lat' dir='ltr'><strong>Vox</strong></span> 
     </span>
    </p>
   </div>
   <div class='ocr_carea' id='block_1_87' title="bbox 1954 2559 3408 2654">
    <p class='ocr_par' dir='ltr' id='par_1_87' title="bbox 1954 2559 3408 2654">
     <span class='ocr_line' id='line_1_87' title="bbox 1954 2559 3408 2654; baseline 0.017 -43"><span class='ocrx_word' id='word_1_700' title='bbox 1954 2559 2217 2629; x_wconf 82' lang='lat' dir='ltr'><strong>sanguinis</strong></span> <span class='ocrx_word' id='word_1_701' title='bbox 2237 2564 2415 2632; x_wconf 80' lang='lat' dir='ltr'><strong>fratris</strong></span> <span class='ocrx_word' id='word_1_702' title='bbox 2439 2569 2512 2619; x_wconf 83' lang='lat' dir='ltr'><strong>tui</strong></span> <span class='ocrx_word' id='word_1_703' title='bbox 2546 2568 2733 2624; x_wconf 78' lang='lat' dir='ltr'><strong>clantat</strong></span> <span class='ocrx_word' id='word_1_704' title='bbox 2753 2572 2822 2624; x_wconf 88' lang='lat' dir='ltr'><strong>ad</strong></span> <span class='ocrx_word' id='word_1_705' title='bbox 2847 2589 2926 2627; x_wconf 86' lang='lat' dir='ltr'><strong>me</strong></span> <span class='ocrx_word' id='word_1_706' title='bbox 2953 2573 3104 2647; x_wconf 77' lang='lat' dir='ltr'><strong>(Gen.</strong></span> <span class='ocrx_word' id='word_1_707' title='bbox 3135 2578 3188 2633; x_wconf 66' lang='grc'><strong>4.</strong></span> <span class='ocrx_word' id='word_1_708' title='bbox 3215 2579 3268 2634; x_wconf 83' lang='grc'><strong>9.</strong></span> <span class='ocrx_word' id='word_1_709' title='bbox 3296 2579 3408 2654; x_wconf 90' lang='grc'><strong>10).</strong></span> 
     </span>
    </p>
   </div>
   <div class='ocr_carea' id='block_1_88' title="bbox 2027 2652 3551 2731">
    <p class='ocr_par' dir='ltr' id='par_1_88' title="bbox 2027 2652 3551 2731">
     <span class='ocr_line' id='line_1_88' title="bbox 2027 2652 3551 2731; baseline 0.016 -25"><span class='ocrx_word' id='word_1_710' title='bbox 2027 2652 2082 2706; x_wconf 82' lang='grc'><strong>5.</strong></span> <span class='ocrx_word' id='word_1_711' title='bbox 2113 2652 2365 2724; x_wconf 83' lang='lat' dir='ltr'><strong>Sepulcra</strong></span> <span class='ocrx_word' id='word_1_712' title='bbox 2391 2669 2674 2731; x_wconf 77' lang='lat' dir='ltr'><strong>martyrum</strong></span> <span class='ocrx_word' id='word_1_713' title='bbox 2702 2663 3038 2722; x_wconf 79' lang='lat' dir='ltr'><strong>honorabilia.</strong></span> <span class='ocrx_word' id='word_1_714' title='bbox 3061 2699 3133 2709; x_wconf 89' lang='lat'><strong>-—</strong></span> <span class='ocrx_word' id='word_1_715' title='bbox 3155 2669 3285 2727; x_wconf 73' lang='lat' dir='ltr'><strong>Vide</strong></span> <span class='ocrx_word' id='word_1_716' title='bbox 3311 2652 3470 2730; x_wconf 85' lang='lat' dir='ltr'><strong>etiam</strong></span> <span class='ocrx_word' id='word_1_717' title='bbox 3498 2678 3551 2731; x_wconf 89' lang='lat' dir='ltr'><strong>in</strong></span> 
     </span>
    </p>
   </div>
   <div class='ocr_carea' id='block_1_89' title="bbox 1953 2740 3554 2834">
    <p class='ocr_par' dir='ltr' id='par_1_89' title="bbox 1953 2740 3554 2834">
     <span class='ocr_line' id='line_1_89' title="bbox 1953 2740 3554 2834; baseline 0.017 -37"><span class='ocrx_word' id='word_1_718' title='bbox 1953 2740 2193 2811; x_wconf 81' lang='lat' dir='ltr'><strong>Lazaro,</strong></span> <span class='ocrx_word' id='word_1_719' title='bbox 2225 2751 2494 2818; x_wconf 85' lang='lat' dir='ltr'><strong>quomodo</strong></span> <span class='ocrx_word' id='word_1_720' title='bbox 2524 2763 2644 2822; x_wconf 88' lang='lat' dir='ltr'><strong>post</strong></span> <span class='ocrx_word' id='word_1_721' title='bbox 2674 2755 2791 2825; x_wconf 88' lang='lat' dir='ltr'><strong>ejus</strong></span> <span class='ocrx_word' id='word_1_722' title='bbox 2822 2768 3048 2815; x_wconf 90' lang='lat' dir='ltr'><strong>mortem</strong></span> <span class='ocrx_word' id='word_1_723' title='bbox 3078 2764 3255 2834; x_wconf 80' lang='lat' dir='ltr'><strong>angeli</strong></span> <span class='ocrx_word' id='word_1_724' title='bbox 3288 2779 3408 2820; x_wconf 88' lang='lat' dir='ltr'><strong>eum</strong></span> <span class='ocrx_word' id='word_1_725' title='bbox 3458 2768 3554 2824; x_wconf 90' lang='lat' dir='ltr'><strong>dc-</strong></span> 
     </span>
    </p>
   </div>
   <div class='ocr_carea' id='block_1_90' title="bbox 1956 2835 3552 2922">
    <p class='ocr_par' dir='ltr' id='par_1_90' title="bbox 1956 2835 3552 2922">
     <span class='ocr_line' id='line_1_90' title="bbox 1956 2835 3552 2922; baseline 0.016 -31"><span class='ocrx_word' id='word_1_726' title='bbox 1956 2835 2226 2894; x_wconf 85' lang='lat' dir='ltr'><strong>ducebant</strong></span> <span class='ocrx_word' id='word_1_727' title='bbox 2251 2841 2270 2914; x_wconf 95' lang='lat'><strong>(</strong></span> <span class='ocrx_word' id='word_1_728' title='bbox 2289 2840 2416 2896; x_wconf 84' lang='lat' dir='ltr'><strong>Luc.</strong></span> <span class='ocrx_word' id='word_1_729' title='bbox 2447 2843 2532 2898; x_wconf 82' lang='grc'><strong>16.</strong></span> <span class='ocrx_word' id='word_1_730' title='bbox 2556 2845 2686 2920; x_wconf 71' lang='grc'>22).</span> <span class='ocrx_word' id='word_1_731' title='bbox 2719 2848 3092 2922; x_wconf 81' lang='lat' dir='ltr'><strong>Contemplare</strong></span> <span class='ocrx_word' id='word_1_732' title='bbox 3119 2858 3278 2911; x_wconf 88' lang='lat' dir='ltr'><strong>etiam</strong></span> <span class='ocrx_word' id='word_1_733' title='bbox 3309 2860 3552 2917; x_wconf 79' lang='lat' dir='ltr'><strong>civitates</strong></span> 
     </span>
    </p>
   </div>
   <div class='ocr_carea' id='block_1_91' title="bbox 1953 2927 3552 3020">
    <p class='ocr_par' dir='ltr' id='par_1_91' title="bbox 1953 2927 3552 3020">
     <span class='ocr_line' id='line_1_91' title="bbox 1953 2927 3552 3020; baseline 0.017 -38"><span class='ocrx_word' id='word_1_734' title='bbox 1953 2927 2021 2984; x_wconf 91' lang='lat' dir='ltr'><strong>ad</strong></span> <span class='ocrx_word' id='word_1_735' title='bbox 2051 2939 2346 3002; x_wconf 84' lang='lat' dir='ltr'><strong>martyrum</strong></span> <span class='ocrx_word' id='word_1_736' title='bbox 2391 2937 2638 3006; x_wconf 78' lang='lat' dir='ltr'><strong>sepulcra</strong></span> <span class='ocrx_word' id='word_1_737' title='bbox 2679 2954 3094 3013; x_wconf 87' lang='lat' dir='ltr'><strong>concurrentes,</strong></span> <span class='ocrx_word' id='word_1_738' title='bbox 3128 2956 3180 3002; x_wconf 91' lang='lat' dir='ltr'><strong>et</strong></span> <span class='ocrx_word' id='word_1_739' title='bbox 3205 2951 3429 3020; x_wconf 82' lang='lat' dir='ltr'><strong>pupulas</strong></span> <span class='ocrx_word' id='word_1_740' title='bbox 3459 2969 3552 3008; x_wconf 89' lang='lat' dir='ltr'><strong>co-</strong></span> 
     </span>
    </p>
   </div>
   <div class='ocr_carea' id='block_1_92' title="bbox 1951 3025 3546 3111">
    <p class='ocr_par' dir='ltr' id='par_1_92' title="bbox 1951 3025 3546 3111">
     <span class='ocr_line' id='line_1_92' title="bbox 1951 3025 3546 3111; baseline 0.019 -40"><span class='ocrx_word' id='word_1_741' title='bbox 1951 3034 2070 3111; x_wconf 76' lang='lat' dir='ltr'><strong>rum</strong></span> <span class='ocrx_word' id='word_1_742' title='bbox 2111 3037 2294 3079; x_wconf 90' lang='lat' dir='ltr'><strong>amore</strong></span> <span class='ocrx_word' id='word_1_743' title='bbox 2322 3025 2702 3087; x_wconf 82' lang='lat' dir='ltr'><strong>inﬂammatos.</strong></span> <span class='ocrx_word' id='word_1_744' title='bbox 2748 3032 2862 3089; x_wconf 83' lang='lat' dir='ltr'><strong>Hoc</strong></span> <span class='ocrx_word' id='word_1_745' title='bbox 2901 3044 2986 3091; x_wconf 90' lang='lat' dir='ltr'><strong>est</strong></span> <span class='ocrx_word' id='word_1_746' title='bbox 3029 3054 3161 3110; x_wconf 82' lang='lat' dir='ltr'><strong>ergo</strong></span> <span class='ocrx_word' id='word_1_747' title='bbox 3199 3043 3341 3111; x_wconf 90' lang='lat' dir='ltr'><strong>quod</strong></span> <span class='ocrx_word' id='word_1_748' title='bbox 3379 3043 3546 3100; x_wconf 89' lang='lat' dir='ltr'><strong>dicit:</strong></span> 
     </span>
    </p>
   </div>
   <div class='ocr_carea' id='block_1_93' title="bbox 1954 3110 3550 3205">
    <p class='ocr_par' dir='ltr' id='par_1_93' title="bbox 1954 3110 3550 3205">
     <span class='ocr_line' id='line_1_93' title="bbox 1954 3110 3550 3205; baseline 0.017 -40"><span class='ocrx_word' id='word_1_749' title='bbox 1954 3110 2094 3166; x_wconf 88' lang='lat' dir='ltr'><strong>Deus</strong></span> <span class='ocrx_word' id='word_1_750' title='bbox 2120 3128 2364 3184; x_wconf 82' lang='lat' dir='ltr'><strong>magnam</strong></span> <span class='ocrx_word' id='word_1_751' title='bbox 2390 3119 2803 3178; x_wconf 86' lang='lat' dir='ltr'><strong>sollicitudinem</strong></span> <span class='ocrx_word' id='word_1_752' title='bbox 2831 3135 2880 3180; x_wconf 89' lang='lat' dir='ltr'><strong>et</strong></span> <span class='ocrx_word' id='word_1_753' title='bbox 2903 3142 3085 3183; x_wconf 86' lang='lat' dir='ltr'><strong>curam</strong></span> <span class='ocrx_word' id='word_1_754' title='bbox 3111 3110 3250 3202; x_wconf 83' lang='lat' dir='ltr'><strong>gerit</strong></span> <span class='ocrx_word' id='word_1_755' title='bbox 3270 3135 3351 3189; x_wconf 91' lang='lat' dir='ltr'><strong>vel</strong></span> <span class='ocrx_word' id='word_1_756' title='bbox 3378 3134 3550 3205; x_wconf 87' lang='lat' dir='ltr'><strong>ipsius</strong></span> 
     </span>
    </p>
   </div>
   <div class='ocr_carea' id='block_1_94' title="bbox 1954 3205 3547 3297">
    <p class='ocr_par' dir='ltr' id='par_1_94' title="bbox 1954 3205 3547 3297">
     <span class='ocr_line' id='line_1_94' title="bbox 1954 3205 3547 3297; baseline 0.018 -42"><span class='ocrx_word' id='word_1_757' title='bbox 1954 3205 2143 3260; x_wconf 85' lang='lat' dir='ltr'><strong>mortis</strong></span> <span class='ocrx_word' id='word_1_758' title='bbox 2171 3219 2503 3266; x_wconf 85' lang='lat' dir='ltr'><strong>sanctorum.</strong></span> <span class='ocrx_word' id='word_1_759' title='bbox 2540 3213 2723 3285; x_wconf 74' lang='lat' dir='ltr'><strong>Neque</strong></span> <span class='ocrx_word' id='word_1_760' title='bbox 2748 3217 2890 3272; x_wconf 89' lang='lat' dir='ltr'><strong>enim</strong></span> <span class='ocrx_word' id='word_1_761' title='bbox 2919 3222 3417 3297; x_wconf 88' lang='lat' dir='ltr'><strong>quomodocumque</strong></span> <span class='ocrx_word' id='word_1_762' title='bbox 3447 3244 3547 3284; x_wconf 88' lang='lat' dir='ltr'><strong>nec</strong></span> 
     </span>
    </p>
   </div>
   <div class='ocr_carea' id='block_1_95' title="bbox 1952 3296 3548 3392">
    <p class='ocr_par' dir='ltr' id='par_1_95' title="bbox 1952 3296 3548 3392">
     <span class='ocr_line' id='line_1_95' title="bbox 1952 3296 3548 3392; baseline 0.017 -42"><span class='ocrx_word' id='word_1_763' title='bbox 1952 3296 2172 3353; x_wconf 83' lang='lat' dir='ltr'><strong>fortuito</strong></span> <span class='ocrx_word' id='word_1_764' title='bbox 2193 3301 2510 3365; x_wconf 88' lang='lat' dir='ltr'><strong>moriuntur.</strong></span> <span class='ocrx_word' id='word_1_765' title='bbox 2535 3306 2629 3361; x_wconf 87' lang='lat' dir='ltr'><strong>sed</strong></span> <span class='ocrx_word' id='word_1_766' title='bbox 2653 3309 2868 3378; x_wconf 88' lang='lat' dir='ltr'><strong>quando</strong></span> <span class='ocrx_word' id='word_1_767' title='bbox 2891 3312 3004 3382; x_wconf 89' lang='lat' dir='ltr'><strong>ipse</strong></span> <span class='ocrx_word' id='word_1_768' title='bbox 3034 3313 3082 3369; x_wconf 92' lang='lat' dir='ltr'><strong>id</strong></span> <span class='ocrx_word' id='word_1_769' title='bbox 3104 3329 3171 3370; x_wconf 80' lang='lat' dir='ltr'><strong>ex</strong></span> <span class='ocrx_word' id='word_1_770' title='bbox 3198 3331 3310 3372; x_wconf 74' lang='lat' dir='ltr'><strong>sua:</strong></span> <span class='ocrx_word' id='word_1_771' title='bbox 3330 3318 3548 3392; x_wconf 85' lang='lat' dir='ltr'><strong>dispen-</strong></span> 
     </span>
    </p>
   </div>
   <div class='ocr_carea' id='block_1_96' title="bbox 1951 3389 3548 3476">
    <p class='ocr_par' dir='ltr' id='par_1_96' title="bbox 1951 3389 3548 3476">
     <span class='ocr_line' id='line_1_96' title="bbox 1951 3389 3548 3476; baseline 0.016 -34"><span class='ocrx_word' id='word_1_772' title='bbox 1951 3389 2176 3444; x_wconf 87' lang='lat' dir='ltr'><strong>sationis</strong></span> <span class='ocrx_word' id='word_1_773' title='bbox 2201 3394 2430 3448; x_wconf 89' lang='lat' dir='ltr'><strong>consilio</strong></span> <span class='ocrx_word' id='word_1_774' title='bbox 2458 3399 2778 3465; x_wconf 84' lang='lat' dir='ltr'><strong>permiserit.</strong></span> <span class='ocrx_word' id='word_1_775' title='bbox 2813 3402 2878 3457; x_wconf 87' lang='lat' dir='ltr'><strong>Et</strong></span> <span class='ocrx_word' id='word_1_776' title='bbox 2910 3404 3028 3459; x_wconf 90' lang='lat' dir='ltr'><strong>ideo</strong></span> <span class='ocrx_word' id='word_1_777' title='bbox 3056 3405 3269 3464; x_wconf 84' lang='lat' dir='ltr'><strong>dicebat</strong></span> <span class='ocrx_word' id='word_1_778' title='bbox 3289 3452 3303 3476; x_wconf 93' lang='lat'><strong>,</strong></span> <span class='ocrx_word' id='word_1_779' title='bbox 3335 3409 3402 3466; x_wconf 86' lang='lat' dir='ltr'><strong>In</strong></span> <span class='ocrx_word' id='word_1_780' title='bbox 3415 3389 3548 3467; x_wconf 30' lang='lat' dir='ltr'><strong>icon-</strong></span> 
     </span>
    </p>
   </div>
   <div class='ocr_carea' id='block_1_97' title="bbox 1949 3483 3544 3570">
    <p class='ocr_par' dir='ltr' id='par_1_97' title="bbox 1949 3483 3544 3570">
     <span class='ocr_line' id='line_1_97' title="bbox 1949 3483 3544 3570; baseline 0.017 -36"><span class='ocrx_word' id='word_1_781' title='bbox 1949 3493 2123 3552; x_wconf 81' lang='lat' dir='ltr'><strong>speetu</strong></span> <span class='ocrx_word' id='word_1_782' title='bbox 2152 3483 2362 3541; x_wconf 86' lang='lat' dir='ltr'><strong>Domini</strong></span> <span class='ocrx_word' id='word_1_783' title='bbox 2379 3531 2394 3554; x_wconf 96' lang='lat'><strong>,</strong></span> <span class='ocrx_word' id='word_1_784' title='bbox 2442 3489 2544 3545; x_wconf 88' lang='lat' dir='ltr'><strong>hoc</strong></span> <span class='ocrx_word' id='word_1_785' title='bbox 2569 3494 2755 3549; x_wconf 84' lang='lat' dir='ltr'><strong>volens</strong></span> <span class='ocrx_word' id='word_1_786' title='bbox 2797 3499 3081 3555; x_wconf 86' lang='lat' dir='ltr'><strong>ostendere</strong></span> <span class='ocrx_word' id='word_1_787' title='bbox 3100 3542 3113 3566; x_wconf 98' lang='lat'><strong>,</strong></span> <span class='ocrx_word' id='word_1_788' title='bbox 3148 3501 3199 3555; x_wconf 81' lang='grc'><strong>7.</strong></span> <span class='ocrx_word' id='word_1_789' title='bbox 3236 3501 3280 3556; x_wconf 87' lang='lat'><em>0</em></span> <span class='ocrx_word' id='word_1_790' title='bbox 3307 3504 3544 3570; x_wconf 81' lang='lat' dir='ltr'><strong>Domine,</strong></span> 
     </span>
    </p>
   </div>
   <div class='ocr_carea' id='block_1_98' title="bbox 1950 3591 3539 3661">
    <p class='ocr_par' dir='ltr' id='par_1_98' title="bbox 1950 3591 3539 3661">
     <span class='ocr_line' id='line_1_98' title="bbox 1950 3591 3539 3661; baseline 0.016 -32"><span class='ocrx_word' id='word_1_791' title='bbox 1950 3592 2041 3648; x_wconf 77' lang='lat' dir='ltr'><strong>ego</strong></span> <span class='ocrx_word' id='word_1_792' title='bbox 2067 3594 2238 3634; x_wconf 82' lang='lat' dir='ltr'><strong>seruus</strong></span> <span class='ocrx_word' id='word_1_793' title='bbox 2264 3591 2379 3636; x_wconf 88' lang='lat' dir='ltr'><strong>tuus</strong></span> <span class='ocrx_word' id='word_1_794' title='bbox 2397 3623 2411 3647; x_wconf 96' lang='lat'><strong>,</strong></span> <span class='ocrx_word' id='word_1_795' title='bbox 2455 3599 2546 3653; x_wconf 83' lang='lat' dir='ltr'><strong>ego</strong></span> <span class='ocrx_word' id='word_1_796' title='bbox 2574 3603 2742 3642; x_wconf 85' lang='lat' dir='ltr'><strong>servus</strong></span> <span class='ocrx_word' id='word_1_797' title='bbox 2771 3599 2887 3643; x_wconf 82' lang='lat' dir='ltr'><strong>tuus</strong></span> <span class='ocrx_word' id='word_1_798' title='bbox 2907 3632 2920 3656; x_wconf 95' lang='lat'><strong>,</strong></span> <span class='ocrx_word' id='word_1_799' title='bbox 2953 3601 3002 3645; x_wconf 87' lang='lat' dir='ltr'><strong>et</strong></span> <span class='ocrx_word' id='word_1_800' title='bbox 3029 3593 3170 3661; x_wconf 73' lang='lat' dir='ltr'><strong>filias</strong></span> <span class='ocrx_word' id='word_1_801' title='bbox 3193 3597 3395 3652; x_wconf 74' lang='lat' dir='ltr'><strong>ancilla:</strong></span> <span class='ocrx_word' id='word_1_802' title='bbox 3422 3609 3539 3654; x_wconf 76' lang='lat' dir='ltr'><strong>tute.</strong></span> 
     </span>
    </p>
   </div>
   <div class='ocr_carea' id='block_1_99' title="bbox 1947 3669 3544 3757">
    <p class='ocr_par' dir='ltr' id='par_1_99' title="bbox 1947 3669 3544 3757">
     <span class='ocr_line' id='line_1_99' title="bbox 1947 3669 3544 3757; baseline 0.013 -33"><span class='ocrx_word' id='word_1_803' title='bbox 1947 3669 2065 3727; x_wconf 86' lang='lat' dir='ltr'><strong>Non</strong></span> <span class='ocrx_word' id='word_1_804' title='bbox 2090 3672 2217 3727; x_wconf 90' lang='lat' dir='ltr'><strong>dicit</strong></span> <span class='ocrx_word' id='word_1_805' title='bbox 2238 3689 2580 3732; x_wconf 89' lang='lat' dir='ltr'><strong>communem</strong></span> <span class='ocrx_word' id='word_1_806' title='bbox 2604 3681 2936 3746; x_wconf 86' lang='lat' dir='ltr'><strong>servitutem,</strong></span> <span class='ocrx_word' id='word_1_807' title='bbox 2970 3685 3066 3740; x_wconf 83' lang='lat' dir='ltr'><strong>sed</strong></span> <span class='ocrx_word' id='word_1_808' title='bbox 3091 3701 3206 3740; x_wconf 84' lang='lat' dir='ltr'><strong>eam</strong></span> <span class='ocrx_word' id='word_1_809' title='bbox 3233 3703 3350 3757; x_wconf 81' lang='lat' dir='ltr'><strong>quae</strong></span> <span class='ocrx_word' id='word_1_810' title='bbox 3375 3692 3544 3745; x_wconf 88' lang='lat' dir='ltr'><strong>oritur</strong></span> 
     </span>
    </p>
   </div>
   <div class='ocr_carea' id='block_1_100' title="bbox 1949 3771 3546 3846">
    <p class='ocr_par' dir='ltr' id='par_1_100' title="bbox 1949 3771 3546 3846">
     <span class='ocr_line' id='line_1_100' title="bbox 1949 3771 3546 3846; baseline 0.016 -30"><span class='ocrx_word' id='word_1_811' title='bbox 1949 3778 2016 3818; x_wconf 74' lang='lat' dir='ltr'><strong>ex</strong></span> <span class='ocrx_word' id='word_1_812' title='bbox 2047 3779 2239 3836; x_wconf 86' lang='lat' dir='ltr'><strong>magno</strong></span> <span class='ocrx_word' id='word_1_813' title='bbox 2265 3783 2450 3825; x_wconf 89' lang='lat' dir='ltr'><strong>amore</strong></span> <span class='ocrx_word' id='word_1_814' title='bbox 2478 3779 2533 3825; x_wconf 91' lang='lat' dir='ltr'><strong>et</strong></span> <span class='ocrx_word' id='word_1_815' title='bbox 2562 3771 2870 3840; x_wconf 75' lang='lat' dir='ltr'><strong>affectione,</strong></span> <span class='ocrx_word' id='word_1_816' title='bbox 2905 3791 3099 3846; x_wconf 84' lang='lat' dir='ltr'><strong>magno</strong></span> <span class='ocrx_word' id='word_1_817' title='bbox 3128 3779 3375 3836; x_wconf 89' lang='lat' dir='ltr'><strong>incensus</strong></span> <span class='ocrx_word' id='word_1_818' title='bbox 3402 3783 3546 3840; x_wconf 77' lang='lat' dir='ltr'><strong>desi-</strong></span> 
     </span>
    </p>
   </div>
   <div class='ocr_carea' id='block_1_101' title="bbox 1949 3855 3544 3941">
    <p class='ocr_par' dir='ltr' id='par_1_101' title="bbox 1949 3855 3544 3941">
     <span class='ocr_line' id='line_1_101' title="bbox 1949 3855 3544 3941; baseline 0.014 -32"><span class='ocrx_word' id='word_1_819' title='bbox 1949 3855 2122 3925; x_wconf 87' lang='lat' dir='ltr'><strong>derio,</strong></span> <span class='ocrx_word' id='word_1_820' title='bbox 2151 3860 2291 3928; x_wconf 86' lang='lat' dir='ltr'><strong>quod</strong></span> <span class='ocrx_word' id='word_1_821' title='bbox 2320 3870 2402 3916; x_wconf 90' lang='lat' dir='ltr'><strong>est</strong></span> <span class='ocrx_word' id='word_1_822' title='bbox 2429 3877 2626 3918; x_wconf 88' lang='lat' dir='ltr'><strong>corona</strong></span> <span class='ocrx_word' id='word_1_823' title='bbox 2660 3868 2920 3935; x_wconf 80' lang='lat' dir='ltr'><strong>maxima,</strong></span> <span class='ocrx_word' id='word_1_824' title='bbox 2950 3879 3000 3924; x_wconf 90' lang='lat' dir='ltr'><strong>et</strong></span> <span class='ocrx_word' id='word_1_825' title='bbox 3030 3873 3218 3941; x_wconf 83' lang='lat' dir='ltr'><strong>quovis</strong></span> <span class='ocrx_word' id='word_1_826' title='bbox 3244 3873 3544 3931; x_wconf 77' lang='lat' dir='ltr'><strong>diademate</strong></span> 
     </span>
    </p>
   </div>
   <div class='ocr_carea' id='block_1_102' title="bbox 1948 3952 3546 4036">
    <p class='ocr_par' dir='ltr' id='par_1_102' title="bbox 1948 3952 3546 4036">
     <span class='ocr_line' id='line_1_102' title="bbox 1948 3952 3546 4036; baseline 0.011 -32"><span class='ocrx_word' id='word_1_827' title='bbox 1948 3952 2272 4018; x_wconf 65' lang='lat' dir='ltr'><strong>praeclarius.</strong></span> <span class='ocrx_word' id='word_1_828' title='bbox 2308 3955 2567 4022; x_wconf 83' lang='lat' dir='ltr'><strong>Quocirca</strong></span> <span class='ocrx_word' id='word_1_829' title='bbox 2601 3959 2739 4013; x_wconf 88' lang='lat' dir='ltr'><strong>Deus</strong></span> <span class='ocrx_word' id='word_1_830' title='bbox 2765 3974 2977 4031; x_wconf 87' lang='lat' dir='ltr'><strong>quoque</strong></span> <span class='ocrx_word' id='word_1_831' title='bbox 3005 3963 3054 4018; x_wconf 89' lang='lat' dir='ltr'><strong>id</strong></span> <span class='ocrx_word' id='word_1_832' title='bbox 3087 3966 3260 4034; x_wconf 89' lang='lat' dir='ltr'><strong>posuit</strong></span> <span class='ocrx_word' id='word_1_833' title='bbox 3295 3980 3395 4036; x_wconf 88' lang='lat' dir='ltr'><strong>pro</strong></span> <span class='ocrx_word' id='word_1_834' title='bbox 3433 3983 3546 4021; x_wconf 84' lang='lat' dir='ltr'><strong>ma-</strong></span> 
     </span>
    </p>
   </div>
   <div class='ocr_carea' id='block_1_103' title="bbox 1949 4040 3540 4114">
    <p class='ocr_par' dir='ltr' id='par_1_103' title="bbox 1949 4040 3540 4114">
     <span class='ocr_line' id='line_1_103' title="bbox 1949 4040 3540 4114; baseline 0.012 -21"><span class='ocrx_word' id='word_1_835' title='bbox 1949 4040 2090 4095; x_wconf 82' lang='lat' dir='ltr'><strong>xima</strong></span> <span class='ocrx_word' id='word_1_836' title='bbox 2121 4042 2274 4098; x_wconf 87' lang='lat' dir='ltr'><strong>laude</strong></span> <span class='ocrx_word' id='word_1_837' title='bbox 2298 4085 2313 4108; x_wconf 94' lang='lat'><strong>,</strong></span> <span class='ocrx_word' id='word_1_838' title='bbox 2358 4043 2544 4101; x_wconf 89' lang='lat' dir='ltr'><strong>dicens</strong></span> <span class='ocrx_word' id='word_1_839' title='bbox 2563 4088 2579 4114; x_wconf 93' lang='lat'><strong>,</strong></span> <span class='ocrx_word' id='word_1_840' title='bbox 2617 4048 2786 4104; x_wconf 81' lang='lat' dir='ltr'><strong>Moses</strong></span> <span class='ocrx_word' id='word_1_841' title='bbox 2823 4065 2994 4106; x_wconf 81' lang='lat' dir='ltr'><strong>servus</strong></span> <span class='ocrx_word' id='word_1_842' title='bbox 3024 4070 3163 4108; x_wconf 86' lang='lat' dir='ltr'><strong>meus</strong></span> <span class='ocrx_word' id='word_1_843' title='bbox 3192 4066 3418 4111; x_wconf 86' lang='lat' dir='ltr'><strong>mortuus</strong></span> <span class='ocrx_word' id='word_1_844' title='bbox 3447 4070 3540 4112; x_wconf 85' lang='lat' dir='ltr'><strong>est.</strong></span> 
     </span>
    </p>
   </div>
   <div class='ocr_carea' id='block_1_104' title="bbox 1946 4131 3542 4215">
    <p class='ocr_par' dir='ltr' id='par_1_104' title="bbox 1946 4131 3542 4215">
     <span class='ocr_line' id='line_1_104' title="bbox 1946 4131 3542 4215; baseline 0.012 -28"><span class='ocrx_word' id='word_1_845' title='bbox 1946 4131 2017 4188; x_wconf 84' lang='lat' dir='ltr'><strong>Et</strong></span> <span class='ocrx_word' id='word_1_846' title='bbox 2043 4135 2181 4204; x_wconf 84' lang='lat' dir='ltr'><strong>ﬁlius</strong></span> <span class='ocrx_word' id='word_1_847' title='bbox 2209 4139 2412 4192; x_wconf 69' lang='lat' dir='ltr'><strong>ancillae</strong></span> <span class='ocrx_word' id='word_1_848' title='bbox 2441 4151 2542 4194; x_wconf 71' lang='lat' dir='ltr'><strong>tate</strong></span> <span class='ocrx_word' id='word_1_849' title='bbox 2568 4139 2758 4214; x_wconf 73' lang='lat' dir='ltr'><strong>(Iosue</strong></span> <span class='ocrx_word' id='word_1_850' title='bbox 2803 4144 2853 4198; x_wconf 91' lang='grc'><strong>1.</strong></span> <span class='ocrx_word' id='word_1_851' title='bbox 2876 4144 2910 4197; x_wconf 72' lang='lat'><strong>2</strong></span> <span class='ocrx_word' id='word_1_852' title='bbox 2929 4145 2968 4215; x_wconf 88' lang='lat'><strong>).</strong></span> <span class='ocrx_word' id='word_1_853' title='bbox 3004 4146 3118 4202; x_wconf 81' lang='lat' dir='ltr'><strong>Hoc</strong></span> <span class='ocrx_word' id='word_1_854' title='bbox 3145 4161 3255 4214; x_wconf 72' lang='grc' dir='ltr'><strong>ρει,</strong></span> <span class='ocrx_word' id='word_1_855' title='bbox 3289 4151 3332 4204; x_wconf 84' lang='grc' dir='ltr'><strong>Λ</strong></span> <span class='ocrx_word' id='word_1_856' title='bbox 3362 4152 3542 4206; x_wconf 81' lang='lat' dir='ltr'><strong>multis</strong></span> 
     </span>
    </p>
   </div>
   <div class='ocr_carea' id='block_1_105' title="bbox 1947 4230 3542 4304">
    <p class='ocr_par' dir='ltr' id='par_1_105' title="bbox 1947 4230 3542 4304">
     <span class='ocr_line' id='line_1_105' title="bbox 1947 4230 3542 4304; baseline 0.01 -24"><span class='ocrx_word' id='word_1_857' title='bbox 1947 4237 2090 4301; x_wconf 81' lang='lat' dir='ltr'><strong>retro</strong></span> <span class='ocrx_word' id='word_1_858' title='bbox 2133 4230 2376 4295; x_wconf 64' lang='lat' dir='ltr'><strong>sacculis,</strong></span> <span class='ocrx_word' id='word_1_859' title='bbox 2417 4245 2447 4285; x_wconf 88' lang='lat' dir='ltr'><strong>a</strong></span> <span class='ocrx_word' id='word_1_860' title='bbox 2493 4241 2734 4301; x_wconf 87' lang='lat' dir='ltr'><strong>tempore</strong></span> <span class='ocrx_word' id='word_1_861' title='bbox 2765 4235 3026 4304; x_wconf 78' lang='lat' dir='ltr'><strong>majorum</strong></span> <span class='ocrx_word' id='word_1_862' title='bbox 3067 4254 3306 4294; x_wconf 86' lang='lat' dir='ltr'><strong>meorum</strong></span> <span class='ocrx_word' id='word_1_863' title='bbox 3345 4239 3542 4296; x_wconf 89' lang='lat' dir='ltr'><strong>addicti</strong></span> 
     </span>
    </p>
   </div>
   <div class='ocr_carea' id='block_1_106' title="bbox 1946 4324 3539 4400">
    <p class='ocr_par' dir='ltr' id='par_1_106' title="bbox 1946 4324 3539 4400">
     <span class='ocr_line' id='line_1_106' title="bbox 1946 4324 3539 4400; baseline 0.009 -29"><span class='ocrx_word' id='word_1_864' title='bbox 1946 4334 2131 4374; x_wconf 90' lang='lat' dir='ltr'><strong>sumus</strong></span> <span class='ocrx_word' id='word_1_865' title='bbox 2177 4330 2281 4375; x_wconf 75' lang='lat' dir='ltr'><strong>tua:</strong></span> <span class='ocrx_word' id='word_1_866' title='bbox 2323 4324 2584 4377; x_wconf 87' lang='lat' dir='ltr'><strong>servituti.</strong></span> <span class='ocrx_word' id='word_1_867' title='bbox 2633 4325 2790 4392; x_wconf 89' lang='lat' dir='ltr'><strong>Quod</strong></span> <span class='ocrx_word' id='word_1_868' title='bbox 2834 4327 2996 4383; x_wconf 76' lang='lat' dir='ltr'><strong>etiam</strong></span> <span class='ocrx_word' id='word_1_869' title='bbox 3030 4329 3225 4385; x_wconf 85' lang='lat' dir='ltr'><strong>Paulus</strong></span> <span class='ocrx_word' id='word_1_870' title='bbox 3270 4333 3446 4400; x_wconf 90' lang='lat' dir='ltr'><strong>posuit</strong></span> <span class='ocrx_word' id='word_1_871' title='bbox 3489 4335 3539 4386; x_wconf 87' lang='lat' dir='ltr'><strong>in</strong></span> 
     </span>
    </p>
   </div>
   <div class='ocr_carea' id='block_1_107' title="bbox 1945 4409 3535 4482">
    <p class='ocr_par' dir='ltr' id='par_1_107' title="bbox 1945 4409 3535 4482">
     <span class='ocr_line' id='line_1_107' title="bbox 1945 4409 3535 4482; baseline 0.006 -17"><span class='ocrx_word' id='word_1_872' title='bbox 1945 4409 2230 4466; x_wconf 86' lang='lat' dir='ltr'><strong>Timotheo</strong></span> <span class='ocrx_word' id='word_1_873' title='bbox 2259 4428 2354 4482; x_wconf 90' lang='lat' dir='ltr'><strong>pro</strong></span> <span class='ocrx_word' id='word_1_874' title='bbox 2381 4417 2612 4469; x_wconf 85' lang='lat' dir='ltr'><strong>maxime</strong></span> <span class='ocrx_word' id='word_1_875' title='bbox 2640 4428 2958 4472; x_wconf 82' lang='lat' dir='ltr'><strong>ornamento</strong></span> <span class='ocrx_word' id='word_1_876' title='bbox 2977 4459 2990 4481; x_wconf 91' lang='lat'><strong>,</strong></span> <span class='ocrx_word' id='word_1_877' title='bbox 3021 4419 3204 4474; x_wconf 86' lang='lat' dir='ltr'><strong>dicens</strong></span> <span class='ocrx_word' id='word_1_878' title='bbox 3236 4439 3247 4474; x_wconf 87' lang='lat'>:</span> <span class='ocrx_word' id='word_1_879' title='bbox 3278 4421 3535 4476; x_wconf 82' lang='lat' dir='ltr'><strong>Recorda-</strong></span> 
     </span>
    </p>
   </div>
   <div class='ocr_carea' id='block_1_108' title="bbox 1946 4504 3542 4581">
    <p class='ocr_par' dir='ltr' id='par_1_108' title="bbox 1946 4504 3542 4581">
     <span class='ocr_line' id='line_1_108' title="bbox 1946 4504 3542 4581; baseline 0.009 -26"><span class='ocrx_word' id='word_1_880' title='bbox 1946 4504 2133 4558; x_wconf 86' lang='lat' dir='ltr'><strong>tionem</strong></span> <span class='ocrx_word' id='word_1_881' title='bbox 2160 4506 2348 4559; x_wconf 84' lang='lat' dir='ltr'><strong>habens</strong></span> <span class='ocrx_word' id='word_1_882' title='bbox 2373 4507 2494 4575; x_wconf 82' lang='lat' dir='ltr'><strong>ﬁdei</strong></span> <span class='ocrx_word' id='word_1_883' title='bbox 2517 4525 2632 4578; x_wconf 72' lang='lat' dir='ltr'><strong>qua!</strong></span> <span class='ocrx_word' id='word_1_884' title='bbox 2661 4519 2733 4562; x_wconf 88' lang='lat' dir='ltr'><strong>est</strong></span> <span class='ocrx_word' id='word_1_885' title='bbox 2758 4511 2809 4563; x_wconf 88' lang='lat' dir='ltr'><strong>in</strong></span> <span class='ocrx_word' id='word_1_886' title='bbox 2838 4521 2884 4563; x_wconf 91' lang='lat' dir='ltr'><strong>te</strong></span> <span class='ocrx_word' id='word_1_887' title='bbox 2910 4527 3009 4564; x_wconf 90' lang='lat' dir='ltr'><strong>non</strong></span> <span class='ocrx_word' id='word_1_888' title='bbox 3039 4513 3175 4578; x_wconf 79' lang='lat' dir='ltr'><strong>ﬁcta,</strong></span> <span class='ocrx_word' id='word_1_889' title='bbox 3205 4529 3319 4581; x_wconf 76' lang='lat' dir='ltr'><strong>qua:</strong></span> <span class='ocrx_word' id='word_1_890' title='bbox 3342 4513 3542 4569; x_wconf 84' lang='lat' dir='ltr'><strong>habita-</strong></span> 
     </span>
    </p>
   </div>
   <div class='ocr_carea' id='block_1_109' title="bbox 1944 4595 3538 4668">
    <p class='ocr_par' dir='ltr' id='par_1_109' title="bbox 1944 4595 3538 4668">
     <span class='ocr_line' id='line_1_109' title="bbox 1944 4595 3538 4668; baseline 0.008 -21"><span class='ocrx_word' id='word_1_891' title='bbox 1944 4595 2012 4648; x_wconf 77' lang='lat' dir='ltr'><strong>vit</strong></span> <span class='ocrx_word' id='word_1_892' title='bbox 2043 4596 2262 4662; x_wconf 84' lang='lat' dir='ltr'><strong>primum</strong></span> <span class='ocrx_word' id='word_1_893' title='bbox 2304 4596 2354 4648; x_wconf 88' lang='lat' dir='ltr'><strong>in</strong></span> <span class='ocrx_word' id='word_1_894' title='bbox 2399 4597 2513 4650; x_wconf 80' lang='lat' dir='ltr'><strong>avia</strong></span> <span class='ocrx_word' id='word_1_895' title='bbox 2555 4612 2642 4651; x_wconf 90' lang='lat' dir='ltr'><strong>tua</strong></span> <span class='ocrx_word' id='word_1_896' title='bbox 2679 4597 2838 4653; x_wconf 85' lang='lat' dir='ltr'><strong>Laide</strong></span> <span class='ocrx_word' id='word_1_897' title='bbox 2861 4641 2876 4668; x_wconf 90' lang='lat'><strong>,</strong></span> <span class='ocrx_word' id='word_1_898' title='bbox 2921 4611 2967 4655; x_wconf 88' lang='lat' dir='ltr'><strong>et</strong></span> <span class='ocrx_word' id='word_1_899' title='bbox 3007 4613 3168 4656; x_wconf 81' lang='lat' dir='ltr'><strong>matre</strong></span> <span class='ocrx_word' id='word_1_900' title='bbox 3205 4613 3294 4657; x_wconf 85' lang='lat' dir='ltr'><strong>tua</strong></span> <span class='ocrx_word' id='word_1_901' title='bbox 3323 4603 3538 4660; x_wconf 85' lang='lat' dir='ltr'><strong>Eunice.</strong></span> 
     </span>
    </p>
   </div>
   <div class='ocr_carea' id='block_1_110' title="bbox 1950 4685 3541 4764">
    <p class='ocr_par' dir='ltr' id='par_1_110' title="bbox 1950 4685 3541 4764">
     <span class='ocr_line' id='line_1_110' title="bbox 1950 4685 3541 4764; baseline 0.008 -25"><span class='ocrx_word' id='word_1_902' title='bbox 1950 4685 2257 4740; x_wconf 79' lang='lat' dir='ltr'><strong>Persuasum</strong></span> <span class='ocrx_word' id='word_1_903' title='bbox 2286 4698 2456 4740; x_wconf 85' lang='lat' dir='ltr'><strong>autem</strong></span> <span class='ocrx_word' id='word_1_904' title='bbox 2499 4689 2656 4744; x_wconf 82' lang='lat' dir='ltr'><strong>habeo</strong></span> <span class='ocrx_word' id='word_1_905' title='bbox 2683 4691 2816 4761; x_wconf 86' lang='lat' dir='ltr'><strong>quod</strong></span> <span class='ocrx_word' id='word_1_906' title='bbox 2843 4702 2888 4745; x_wconf 88' lang='lat' dir='ltr'><strong>et</strong></span> <span class='ocrx_word' id='word_1_907' title='bbox 2929 4691 2979 4745; x_wconf 89' lang='lat' dir='ltr'><strong>in</strong></span> <span class='ocrx_word' id='word_1_908' title='bbox 3011 4703 3086 4758; x_wconf 93' lang='lat' dir='ltr'><strong>te,</strong></span> <span class='ocrx_word' id='word_1_909' title='bbox 3133 4703 3176 4748; x_wconf 76' lang='lat' dir='ltr'><strong>et</strong></span> <span class='ocrx_word' id='word_1_910' title='bbox 3203 4697 3338 4764; x_wconf 83' lang='lat' dir='ltr'><strong>quod</strong></span> <span class='ocrx_word' id='word_1_911' title='bbox 3367 4698 3429 4750; x_wconf 88' lang='lat' dir='ltr'><strong>ab</strong></span> <span class='ocrx_word' id='word_1_912' title='bbox 3456 4699 3541 4752; x_wconf 85' lang='lat' dir='ltr'><strong>in-</strong></span> 
     </span>
    </p>
   </div>
   <div class='ocr_carea' id='block_1_111' title="bbox 1947 4780 3538 4861">
    <p class='ocr_par' dir='ltr' id='par_1_111' title="bbox 1947 4780 3538 4861">
     <span class='ocr_line' id='line_1_111' title="bbox 1947 4780 3538 4861; baseline 0.008 -30"><span class='ocrx_word' id='word_1_913' title='bbox 1947 4781 2109 4850; x_wconf 74' lang='lat' dir='ltr'><strong>fantia</strong></span> <span class='ocrx_word' id='word_1_914' title='bbox 2148 4780 2370 4836; x_wconf 85' lang='lat' dir='ltr'><strong>didicisti</strong></span> <span class='ocrx_word' id='word_1_915' title='bbox 2414 4798 2585 4836; x_wconf 82' lang='lat' dir='ltr'><strong>sacras</strong></span> <span class='ocrx_word' id='word_1_916' title='bbox 2631 4782 2802 4837; x_wconf 82' lang='lat' dir='ltr'><strong>literas</strong></span> <span class='ocrx_word' id='word_1_917' title='bbox 2829 4785 2915 4855; x_wconf 74' lang='grc'><strong>(2.</strong></span> <span class='ocrx_word' id='word_1_918' title='bbox 2940 4785 3075 4840; x_wconf 88' lang='lat' dir='ltr'><strong>Tim.</strong></span> <span class='ocrx_word' id='word_1_919' title='bbox 3102 4788 3152 4842; x_wconf 92' lang='grc'><strong>1.</strong></span> <span class='ocrx_word' id='word_1_920' title='bbox 3179 4788 3234 4842; x_wconf 82' lang='grc'><strong>5.</strong></span> <span class='ocrx_word' id='word_1_921' title='bbox 3261 4800 3306 4842; x_wconf 87' lang='lat' dir='ltr'><strong>ct</strong></span> <span class='ocrx_word' id='word_1_922' title='bbox 3326 4791 3380 4845; x_wconf 76' lang='grc'><strong>5.</strong></span> <span class='ocrx_word' id='word_1_923' title='bbox 3413 4791 3538 4861; x_wconf 75' lang='grc'><strong>15).</strong></span> 
     </span>
    </p>
   </div>
   <div class='ocr_carea' id='block_1_112' title="bbox 1947 4870 3538 4951">
    <p class='ocr_par' dir='ltr' id='par_1_112' title="bbox 1947 4870 3538 4951">
     <span class='ocr_line' id='line_1_112' title="bbox 1947 4870 3538 4951; baseline 0.008 -29"><span class='ocrx_word' id='word_1_924' title='bbox 1947 4870 2014 4923; x_wconf 86' lang='lat' dir='ltr'><strong>Et</strong></span> <span class='ocrx_word' id='word_1_925' title='bbox 2052 4885 2236 4925; x_wconf 86' lang='lat' dir='ltr'><strong>rursus</strong></span> <span class='ocrx_word' id='word_1_926' title='bbox 2264 4871 2332 4926; x_wconf 90' lang='lat' dir='ltr'><strong>de</strong></span> <span class='ocrx_word' id='word_1_927' title='bbox 2373 4872 2550 4942; x_wconf 81' lang='lat' dir='ltr'><strong>seipse</strong></span> <span class='ocrx_word' id='word_1_928' title='bbox 2579 4870 2594 4924; x_wconf 73' lang='grc' dir='ltr'><strong><em>ἑ</em></strong></span> <span class='ocrx_word' id='word_1_929' title='bbox 2625 4872 2873 4930; x_wconf 75' lang='lat' dir='ltr'><strong>Hebrqu</strong></span> <span class='ocrx_word' id='word_1_930' title='bbox 2912 4894 2976 4931; x_wconf 77' lang='lat' dir='ltr'><strong>ea:</strong></span> <span class='ocrx_word' id='word_1_931' title='bbox 3008 4873 3236 4933; x_wconf 75' lang='lat' dir='ltr'><strong>Hebra&#39;t&#39;s</strong></span> <span class='ocrx_word' id='word_1_932' title='bbox 3263 4880 3278 4949; x_wconf 90' lang='lat'><strong>(</strong></span> <span class='ocrx_word' id='word_1_933' title='bbox 3307 4881 3538 4951; x_wconf 77' lang='lat' dir='ltr'><strong>Philipp.</strong></span> 
     </span>
    </p>
   </div>
   <div class='ocr_carea' id='block_1_113' title="bbox 1945 4963 3538 5041">
    <p class='ocr_par' dir='ltr' id='par_1_113' title="bbox 1945 4963 3538 5041">
     <span class='ocr_line' id='line_1_113' title="bbox 1945 4963 3538 5041; baseline 0.003 -24"><span class='ocrx_word' id='word_1_934' title='bbox 1945 4963 1997 5017; x_wconf 82' lang='lat'><strong>5.</strong></span> <span class='ocrx_word' id='word_1_935' title='bbox 2029 4963 2062 5014; x_wconf 79' lang='grc'><strong>5</strong></span> <span class='ocrx_word' id='word_1_936' title='bbox 2081 4965 2120 5032; x_wconf 93' lang='grc'><strong>).</strong></span> <span class='ocrx_word' id='word_1_937' title='bbox 2158 4963 2222 5016; x_wconf 83' lang='lat' dir='ltr'><strong>Et</strong></span> <span class='ocrx_word' id='word_1_938' title='bbox 2249 4977 2454 5030; x_wconf 82' lang='lat' dir='ltr'><strong>rursus,</strong></span> <span class='ocrx_word' id='word_1_939' title='bbox 2488 4963 2693 5020; x_wconf 68' lang='lat' dir='ltr'><strong>Hebraei</strong></span> <span class='ocrx_word' id='word_1_940' title='bbox 2718 4979 2833 5021; x_wconf 79' lang='lat' dir='ltr'><strong>sunt</strong></span> <span class='ocrx_word' id='word_1_941' title='bbox 2850 5011 2864 5034; x_wconf 94' lang='lat'><strong>,</strong></span> <span class='ocrx_word' id='word_1_942' title='bbox 2895 4979 2940 5022; x_wconf 88' lang='lat' dir='ltr'><strong>et</strong></span> <span class='ocrx_word' id='word_1_943' title='bbox 2966 4986 3056 5041; x_wconf 86' lang='lat' dir='ltr'><strong>ego</strong></span> <span class='ocrx_word' id='word_1_944' title='bbox 3081 4986 3100 5023; x_wconf 88' lang='lat'><strong><em>:</em></strong></span> <span class='ocrx_word' id='word_1_945' title='bbox 3123 4967 3379 5026; x_wconf 74' lang='lat' dir='ltr'><strong>Israe&#39;lita:</strong></span> <span class='ocrx_word' id='word_1_946' title='bbox 3402 4984 3538 5038; x_wconf 74' lang='lat' dir='ltr'><strong>sunt,</strong></span> 
     </span>
    </p>
   </div>
   <div class='ocr_carea' id='block_1_114' title="bbox 1944 5055 3541 5132">
    <p class='ocr_par' dir='ltr' id='par_1_114' title="bbox 1944 5055 3541 5132">
     <span class='ocr_line' id='line_1_114' title="bbox 1944 5055 3541 5132; baseline 0.006 -24"><span class='ocrx_word' id='word_1_947' title='bbox 1944 5065 2111 5126; x_wconf 85' lang='lat' dir='ltr'><strong>et-ego</strong></span> <span class='ocrx_word' id='word_1_948' title='bbox 2145 5055 2218 5126; x_wconf 77' lang='lat'><strong>(2.</strong></span> <span class='ocrx_word' id='word_1_949' title='bbox 2245 5055 2366 5110; x_wconf 84' lang='lat' dir='ltr'><strong>Cor.</strong></span> <span class='ocrx_word' id='word_1_950' title='bbox 2393 5059 2476 5111; x_wconf 89' lang='grc'><strong>11.</strong></span> <span class='ocrx_word' id='word_1_951' title='bbox 2507 5057 2635 5130; x_wconf 70' lang='lat'><strong>9.2).</strong></span> <span class='ocrx_word' id='word_1_952' title='bbox 2667 5062 2909 5130; x_wconf 86' lang='lat' dir='ltr'><strong>Amplius</strong></span> <span class='ocrx_word' id='word_1_953' title='bbox 2939 5063 3080 5116; x_wconf 87' lang='lat' dir='ltr'><strong>enim</strong></span> <span class='ocrx_word' id='word_1_954' title='bbox 3104 5063 3351 5132; x_wconf 88' lang='lat' dir='ltr'><strong>qniddatn</strong></span> <span class='ocrx_word' id='word_1_955' title='bbox 3381 5063 3541 5117; x_wconf 86' lang='lat' dir='ltr'><strong>habe-</strong></span> 
     </span>
    </p>
   </div>
   <div class='ocr_carea' id='block_1_115' title="bbox 1943 5148 3539 5223">
    <p class='ocr_par' dir='ltr' id='par_1_115' title="bbox 1943 5148 3539 5223">
     <span class='ocr_line' id='line_1_115' title="bbox 1943 5148 3539 5223; baseline 0.004 -21"><span class='ocrx_word' id='word_1_956' title='bbox 1943 5148 2091 5216; x_wconf 85' lang='lat' dir='ltr'><strong>bant,</strong></span> <span class='ocrx_word' id='word_1_957' title='bbox 2115 5164 2275 5219; x_wconf 82' lang='lat' dir='ltr'><strong>quam</strong></span> <span class='ocrx_word' id='word_1_958' title='bbox 2299 5151 2571 5223; x_wconf 84' lang='lat' dir='ltr'><strong>proselyti,</strong></span> <span class='ocrx_word' id='word_1_959' title='bbox 2597 5153 2686 5222; x_wconf 89' lang='lat' dir='ltr'><strong>qui</strong></span> <span class='ocrx_word' id='word_1_960' title='bbox 2711 5170 2740 5208; x_wconf 87' lang='lat' dir='ltr'><strong>a</strong></span> <span class='ocrx_word' id='word_1_961' title='bbox 2761 5156 2874 5209; x_wconf 89' lang='lat' dir='ltr'><strong>suis</strong></span> <span class='ocrx_word' id='word_1_962' title='bbox 2894 5155 3186 5223; x_wconf 84' lang='lat' dir='ltr'><strong>majoribus</strong></span> <span class='ocrx_word' id='word_1_963' title='bbox 3209 5155 3340 5209; x_wconf 72' lang='lat' dir='ltr'><strong>talus</strong></span> <span class='ocrx_word' id='word_1_964' title='bbox 3365 5164 3539 5209; x_wconf 85' lang='lat' dir='ltr'><strong>erant.</strong></span> 
     </span>
    </p>
   </div>
   <div class='ocr_carea' id='block_1_116' title="bbox 1946 5243 3338 5317">
    <p class='ocr_par' dir='ltr' id='par_1_116' title="bbox 1946 5243 3338 5317">
     <span class='ocr_line' id='line_1_116' title="bbox 1946 5243 3338 5317; baseline 0.002 -18"><span class='ocrx_word' id='word_1_965' title='bbox 1946 5245 2013 5299; x_wconf 88' lang='lat' dir='ltr'><strong>Et</strong></span> <span class='ocrx_word' id='word_1_966' title='bbox 2043 5243 2162 5299; x_wconf 89' lang='lat' dir='ltr'><strong>ideo</strong></span> <span class='ocrx_word' id='word_1_967' title='bbox 2191 5245 2276 5300; x_wconf 88' lang='lat' dir='ltr'><strong>hic</strong></span> <span class='ocrx_word' id='word_1_968' title='bbox 2301 5259 2511 5317; x_wconf 85' lang='lat' dir='ltr'><strong>quoque</strong></span> <span class='ocrx_word' id='word_1_969' title='bbox 2539 5247 2665 5302; x_wconf 89' lang='lat' dir='ltr'><strong>dicit</strong></span> <span class='ocrx_word' id='word_1_970' title='bbox 2691 5266 2704 5300; x_wconf 91' lang='lat'><strong>:</strong></span> <span class='ocrx_word' id='word_1_971' title='bbox 2733 5247 2796 5301; x_wconf 80' lang='lat' dir='ltr'><strong>Et</strong></span> <span class='ocrx_word' id='word_1_972' title='bbox 2826 5247 2968 5317; x_wconf 77' lang='lat' dir='ltr'><strong>ﬁlius</strong></span> <span class='ocrx_word' id='word_1_973' title='bbox 2993 5249 3196 5301; x_wconf 72' lang='lat' dir='ltr'><strong>ancilla:</strong></span> <span class='ocrx_word' id='word_1_974' title='bbox 3220 5260 3338 5302; x_wconf 65' lang='lat' dir='ltr'><strong>tuas.</strong></span> 
     </span>
    </p>
   </div>
   <div class='ocr_carea' id='block_1_117' title="bbox 2018 5334 3540 5408">
    <p class='ocr_par' dir='ltr' id='par_1_117' title="bbox 2018 5334 3540 5408">
     <span class='ocr_line' id='line_1_117' title="bbox 2018 5334 3540 5408; baseline 0.003 -19"><span class='ocrx_word' id='word_1_975' title='bbox 2018 5334 2150 5389; x_wconf 86' lang='lat' dir='ltr'><strong>Sunt</strong></span> <span class='ocrx_word' id='word_1_976' title='bbox 2188 5336 2318 5390; x_wconf 82' lang='lat' dir='ltr'><strong>bona</strong></span> <span class='ocrx_word' id='word_1_977' title='bbox 2345 5346 2393 5390; x_wconf 90' lang='lat' dir='ltr'><strong>et</strong></span> <span class='ocrx_word' id='word_1_978' title='bbox 2432 5336 2569 5390; x_wconf 85' lang='lat' dir='ltr'><strong>mala</strong></span> <span class='ocrx_word' id='word_1_979' title='bbox 2598 5337 2842 5400; x_wconf 65' lang='lat' dir='ltr'><strong>vhiculo;</strong></span> <span class='ocrx_word' id='word_1_980' title='bbox 2880 5349 3052 5408; x_wconf 86' lang='lat' dir='ltr'><strong>gratus</strong></span> <span class='ocrx_word' id='word_1_981' title='bbox 3093 5340 3292 5392; x_wconf 84' lang='lat' dir='ltr'><strong>animus</strong></span> <span class='ocrx_word' id='word_1_982' title='bbox 3323 5340 3540 5398; x_wconf 60' lang='lat' dir='ltr'><strong>umﬁme</strong></span> 
     </span>
    </p>
   </div>
   <div class='ocr_carea' id='block_1_118' title="bbox 1944 5425 3541 5498">
    <p class='ocr_par' dir='ltr' id='par_1_118' title="bbox 1944 5425 3541 5498">
     <span class='ocr_line' id='line_1_118' title="bbox 1944 5425 3541 5498; baseline 0.005 -18"><span class='ocrx_word' id='word_1_983' title='bbox 1944 5425 2052 5480; x_wconf 80' lang='lat' dir='ltr'><strong>Deo</strong></span> <span class='ocrx_word' id='word_1_984' title='bbox 2078 5430 2332 5496; x_wconf 73' lang='lat' dir='ltr'><strong>placet.--</strong></span> <span class='ocrx_word' id='word_1_985' title='bbox 2360 5425 2614 5498; x_wconf 80' lang='lat' dir='ltr'><strong>Dirupisti</strong></span> <span class='ocrx_word' id='word_1_986' title='bbox 2652 5429 2853 5483; x_wconf 80' lang='lat' dir='ltr'><strong>vincula</strong></span> <span class='ocrx_word' id='word_1_987' title='bbox 2897 5445 3027 5484; x_wconf 85' lang='lat' dir='ltr'><strong>mea.</strong></span> <span class='ocrx_word' id='word_1_988' title='bbox 3070 5430 3183 5485; x_wconf 79' lang='lat' dir='ltr'><strong>Non</strong></span> <span class='ocrx_word' id='word_1_989' title='bbox 3205 5432 3356 5494; x_wconf 84' lang='lat' dir='ltr'><strong>dixit.</strong></span> <span class='ocrx_word' id='word_1_990' title='bbox 3398 5430 3541 5488; x_wconf 87' lang='lat' dir='ltr'><strong>Con-</strong></span> 
     </span>
    </p>
   </div>
   <div class='ocr_carea' id='block_1_119' title="bbox 1941 5519 3591 5592">
    <p class='ocr_par' dir='ltr' id='par_1_119' title="bbox 1941 5519 3591 5592">
     <span class='ocr_line' id='line_1_119' title="bbox 1941 5519 3591 5592; baseline 0.002 -18"><span class='ocrx_word' id='word_1_991' title='bbox 1941 5520 2175 5582; x_wconf 83' lang='lat' dir='ltr'><strong>cussisti,</strong></span> <span class='ocrx_word' id='word_1_992' title='bbox 2208 5519 2322 5584; x_wconf 90' lang='lat' dir='ltr'><strong>sed,</strong></span> <span class='ocrx_word' id='word_1_993' title='bbox 2351 5520 2600 5590; x_wconf 82' lang='lat' dir='ltr'><strong>Dirupisti</strong></span> <span class='ocrx_word' id='word_1_994' title='bbox 2620 5521 2971 5591; x_wconf 80' lang='lat' dir='ltr'><strong>,signiﬁcans</strong></span> <span class='ocrx_word' id='word_1_995' title='bbox 2995 5538 3058 5579; x_wconf 86' lang='lat' dir='ltr'><strong>ea</strong></span> <span class='ocrx_word' id='word_1_996' title='bbox 3091 5526 3158 5580; x_wconf 86' lang='lat' dir='ltr'><strong>ita</strong></span> <span class='ocrx_word' id='word_1_997' title='bbox 3190 5526 3348 5581; x_wconf 86' lang='lat' dir='ltr'><strong>etiam</strong></span> <span class='ocrx_word' id='word_1_998' title='bbox 3379 5525 3537 5592; x_wconf 80' lang='lat' dir='ltr'><strong>facta,</strong></span> <span class='ocrx_word' id='word_1_999' title='bbox 3585 5527 3591 5542; x_wconf 74' lang='lat'><strong>‘</strong></span> 
     </span>
    </p>
   </div>
   <div class='ocr_carea' id='block_1_120' title="bbox 1944 5611 3539 5682">
    <p class='ocr_par' dir='ltr' id='par_1_120' title="bbox 1944 5611 3539 5682">
     <span class='ocr_line' id='line_1_120' title="bbox 1944 5611 3539 5682; baseline 0.004 -18"><span class='ocrx_word' id='word_1_1000' title='bbox 1944 5621 2002 5664; x_wconf 91' lang='lat' dir='ltr'><strong>ut</strong></span> <span class='ocrx_word' id='word_1_1001' title='bbox 2029 5611 2457 5665; x_wconf 85' lang='lat' dir='ltr'><strong>essentiuutilia.</strong></span> <span class='ocrx_word' id='word_1_1002' title='bbox 2481 5611 2701 5667; x_wconf 74' lang='lat' dir='ltr'><strong>Vincula</strong></span> <span class='ocrx_word' id='word_1_1003' title='bbox 2731 5623 2908 5668; x_wconf 88' lang='lat' dir='ltr'><strong>autem</strong></span> <span class='ocrx_word' id='word_1_1004' title='bbox 2940 5613 3026 5671; x_wconf 90' lang='lat' dir='ltr'><strong>hic</strong></span> <span class='ocrx_word' id='word_1_1005' title='bbox 3051 5614 3174 5670; x_wconf 78' lang='lat' dir='ltr'><strong>dicit</strong></span> <span class='ocrx_word' id='word_1_1006' title='bbox 3203 5615 3539 5682; x_wconf 72' lang='lat' dir='ltr'><strong>alﬂicdones,</strong></span> 
     </span>
    </p>
   </div>
   <div class='ocr_carea' id='block_1_121' title="bbox 1947 5701 3539 5780">
    <p class='ocr_par' dir='ltr' id='par_1_121' title="bbox 1947 5701 3539 5780">
     <span class='ocr_line' id='line_1_121' title="bbox 1947 5701 3539 5780; baseline 0.004 -22"><span class='ocrx_word' id='word_1_1007' title='bbox 1947 5701 2287 5768; x_wconf 85' lang='lat' dir='ltr'><strong>tentationes,</strong></span> <span class='ocrx_word' id='word_1_1008' title='bbox 2320 5701 2576 5772; x_wconf 86' lang='lat' dir='ltr'><strong>pericula.</strong></span> <span class='ocrx_word' id='word_1_1009' title='bbox 2606 5703 2701 5759; x_wconf 87' lang='lat' dir='ltr'><strong>Est</strong></span> <span class='ocrx_word' id='word_1_1010' title='bbox 2725 5703 2866 5759; x_wconf 89' lang='lat' dir='ltr'><strong>enim</strong></span> <span class='ocrx_word' id='word_1_1011' title='bbox 2897 5706 3092 5762; x_wconf 87' lang='lat' dir='ltr'><strong>bonum</strong></span> <span class='ocrx_word' id='word_1_1012' title='bbox 3114 5705 3404 5778; x_wconf 83' lang='lat' dir='ltr'><strong>vinculum,</strong></span> <span class='ocrx_word' id='word_1_1013' title='bbox 3431 5723 3539 5780; x_wconf 86' lang='lat' dir='ltr'><strong>quo</strong></span> 
     </span>
    </p>
   </div>
  </div>
