3956 6416
341 471 446 527 323

340 586 567 657 gentiam
594 600 658 640 ne
685 583 909 639 abici-itis
930 597 953 637 :
971 582 1037 636 ite
1064 580 1232 651 potius
1270 577 1343 630 ad
1370 591 1486 630 oves
1519 588 1635 645 qua
1669 571 1922 644 perierunt

342 681 524 734 damus
548 677 717 733 Israel
745 674 965 747 (Matth.
992 672 1078 728 l0.
1106 670 1213 742 5);
1242 679 1297 726 et
1324 668 1637 723 Chaunum
1663 680 1678 716 :
1704 661 1825 716 Non
1853 668 1927 716 est

344 773 532 825 bonum
553 769 784 838 accipere
807 782 986 839 panem
1013 765 1237 832 ﬁliorum
1260 772 1306 816 et
1330 760 1454 814 dare
1479 758 1686 813 canibus
1710 752 1947 827 (Matth;

344 864 436 918 15.
463 861 578 931 26).
607 860 801 915 Omnia
830 857 974 913 enim
1009 855 1196 927 agebat
1228 861 1284 908 et
1325 848 1643 921 procumbat
1681 861 1780 916 pro
1805 845 1923 899 illm-

344 968 462 1008 rum
492 952 685 1007 salute.
728 949 879 1019 Quod
905 948 950 1002 si
975 947 1076 1001 visi
1104 952 1231 1000 sunt
1261 942 1458 1012 indigni
1488 938 1749 996 beneficio
1769 975 1785 1003 ,
1815 935 1927 990 suis

346 1043 640 1099 sceleribus
687 1042 947 1110 imputent
970 1078 988 1105 ,
1031 1045 1088 1092 et
1125 1044 1342 1090 summo
1384 1046 1483 1087 suo
1525 1028 1718 1100 ingrati
1763 1023 1929 1080 animi

342 1133 578 1189 crimini.

417 1222 702 1280 Sarerdotil
729 1220 971 1293 dignitas.
995 1217 1144 1273 --5.
1197 1214 1341 1269 Dicat
1365 1213 1546 1267 dom
1584 1208 1758 1263 Aaron
1800 1221 1925 1276 quo-

344 1317 485 1369 niam
524 1314 682 1368 bonus
699 1354 715 1380 ,
743 1312 984 1383 quoniam
1028 1309 1081 1364 in
1129 1307 1372 1368 amulum
1413 1299 1758 1357 misericordia
1795 1299 1924 1368 ejus.

346 1408 444 1462 llic
474 1414 628 1462 vocat
663 1404 968 1460 sacerdotes
1010 1401 1297 1472 separatim
1338 1399 1404 1452 ad
1432 1395 1613 1450 laudes
1638 1391 1925 1456 canendas,

345 1499 636 1555 ostendens
662 1512 819 1568 quam
854 1494 925 1551 sit
962 1493 1233 1550 excellens
1261 1487 1636 1545 sacerdotium.
1661 1483 1794 1539 Nam
1822 1496 1929 1552 quo

345 1604 501 1647 erant
527 1590 642 1645 aliis
686 1588 919 1658 majores
937 1627 953 1650 ,
982 1600 1049 1641 eo
1077 1586 1336 1651 majorem
1362 1596 1392 1635 a
1420 1580 1532 1635 Deo
1557 1576 1778 1648 gloriam
1803 1589 1930 1630 cnn-

345 1683 557 1754 sequuti
584 1692 724 1745 sunt,
753 1695 860 1735 non
886 1679 1058 1733 solum
1084 1675 1224 1747 quod
1252 1673 1318 1728 ad
1344 1670 1698 1727 sacerdotium
1720 1666 1925 1730 attinet,

346 1774 443 1830 sed
468 1773 627 1827 etiam
659 1770 799 1842 quod
835 1769 903 1824 ad
926 1768 1029 1822 alia
1066 1767 1264 1821 omnia.
1310 1763 1522 1818 Etenim
1546 1758 1759 1831 quando
1796 1756 1931 1827 ignis

347 1867 613 1921 demissus
629 1872 731 1930 est,
757 1871 973 1935 propter
990 1875 1085 1916 eos
1106 1859 1368 1914 demissus
1387 1865 1489 1921 est,
1510 1862 1564 1910 et
1587 1863 1725 1909 terra
1749 1859 1930 1922 aperta

348 1966 454 2019 est.
484 1966 538 2011 et
558 1955 704 2025 virga
732 1952 1049 2025 germinavit
1075 1950 1219 2023 (Leo.
1246 1949 1333 2004 10.
1359 1947 1437 2013 2;
1467 1946 1629 2001 Nam.
1655 1944 1743 1999 l6.
1769 1943 1858 1999 52.
1884 1950 1932 1996 et

350 2051 442 2104 17.
467 2046 579 2120 18),
606 2057 660 2103 et
682 2047 782 2100 alia
811 2046 1086 2103 innumera
1114 2049 1330 2113 propter
1354 2039 1520 2109 ipsos,
1548 2038 1656 2091 imo
1681 2049 1810 2089 vero
1834 2047 1933 2102 pro

350 2141 481 2210 ipsis
506 2137 758 2194 miracula
781 2140 924 2197 facta
951 2141 1095 2188 sunt.
1135 2132 1190 2187 4.
1224 2129 1414 2184 Dicant
1437 2143 1611 2183 omnes
1645 2126 1732 2196 qui
1759 2124 1933 2178 timent

350 2231 626 2285 Dominum
642 2268 659 2295 ,
678 2228 932 2297 quoniam
959 2226 1116 2279 bonus
1134 2264 1150 2289 ,
1180 2221 1415 2292 quoniam
1439 2219 1494 2273 in
1519 2212 1759 2274 sarculum
1784 2214 1934 2269 mise-

347 2308 574 2375 ricordia
597 2319 728 2389 ejus.
758 2317 801 2372 li
825 2317 967 2371 enim
994 2324 1119 2370 sunt
1142 2314 1235 2384 qui
1258 2312 1487 2367 maxime
1505 2317 1727 2380 possunt
1751 2307 1934 2362 videre

349 2414 469 2485 ejus
511 2412 890 2482 benignitatem
911 2449 928 2477 ,
965 2416 1020 2463 et
1046 2423 1145 2479 per
1175 2405 1353 2461 omnia
1379 2404 1586 2460 discere
1618 2401 1930 2457 bonitatem.

346 2505 487 2575 Quid
528 2512 610 2560 est
650 2513 829 2559 autem
852 2541 873 2568 ,
918 2500 1170 2569 Quoniam
1211 2503 1266 2552 in
1307 2495 1548 2553 saeculum
1588 2490 1935 2548 misericordia

348 2598 462 2668 ejus
481 2596 508 2651 2
538 2594 821 2665 Perpetua,
848 2593 1046 2662 inquit,
1080 2607 1186 2646 non
1215 2591 1531 2658 interrupta,
1561 2586 1655 2642 sed
1678 2585 1732 2641 in
1756 2584 1935 2639 omni-

349 2688 452 2743 bus
474 2695 529 2744 et
554 2701 652 2758 per
675 2684 854 2741 omnia
880 2683 1225 2754 resplendens
1240 2722 1255 2747 ,
1279 2690 1336 2737 et
1360 2695 1420 2735 se
1443 2677 1751 2733 ostendens.
1782 2673 1936 2745 Quod

349 2780 396 2836 si
423 2778 576 2834 multi
605 2794 723 2835 eam
750 2792 860 2834 non
894 2784 1156 2841 cernunt,
1188 2781 1408 2844 prapter
1432 2768 1695 2828 ratiocinii
1720 2768 1811 2823 sui
1832 2768 1934 2823 im-

347 2871 694 2927 becillitatem
721 2884 829 2924 non
852 2875 1099 2923 cernunt.
1143 2864 1278 2922 Nam
1307 2863 1346 2919 ii
1370 2863 1529 2918 etiam
1559 2874 1784 2932 quorum
1808 2856 1934 2929 agri

348 2972 479 3018 sunt
505 2961 644 3018 oculi
666 3001 684 3026 ,
724 2976 789 3017 ea
816 2961 1047 3015 maxime
1074 2957 1144 3013 de
1170 2971 1333 3012 causa
1371 2956 1538 3010 solem
1568 2968 1676 3007 non
1711 2950 1893 3007 vident
1917 2965 1934 3004 :

272 3119 281 3132 ,
348 3052 802 3124 quemadmodum
837 3066 939 3108 nec
979 3050 1068 3122 qui
1106 3050 1221 3107 sani
1264 3055 1428 3116 sunt,
1469 3060 1687 3115 semper
1713 3050 1938 3114 possunt

352 3162 475 3202 eum
494 3146 662 3202 oculis
685 3144 900 3214 intueri,
929 3151 1148 3216 propter
1174 3154 1442 3197 summum
1464 3137 1841 3209 splendorem:
1863 3136 1936 3190 ita

359 3254 461 3294 nec
496 3239 740 3295 universa
782 3237 878 3294 Dei
917 3235 1249 3308 providentia
1288 3234 1524 3306 perfecte
1569 3231 1695 3287 sciri
1740 3236 1933 3300 potest,

356 3332 494 3404 quod
513 3347 726 3388 omnem
749 3332 767 3364 ¹
791 3331 1078 3386 humanam
1104 3330 1365 3384 rationem
1390 3326 1547 3398 longe
1565 3333 1780 3395 superet
1798 3322 1936 3378 illius

352 3422 652 3495 prudentia:
678 3429 734 3477 et
763 3421 1038 3492 sapientiai
1066 3417 1393 3490 magnitudo.

427 3513 727 3581 Affectiones
763 3513 963 3568 oculata
997 3512 1173 3567 mentis
1197 3520 1500 3568 ea:ch
1539 3518 1659 3580 quot
1704 3516 1838 3562 sunt.
1868 3536 1941 3547 —

352 3605 493 3661 Sunt
506 3607 665 3661 etiam
681 3605 862 3661 multa:
878 3603 1205 3669 aﬂ'ed'tiones,
1217 3618 1337 3673 quae
1349 3601 1526 3657 stultis
1542 3614 1685 3670 smne
1694 3598 1942 3655 tenebras

353 3696 655 3761 offundunt,
673 3707 728 3752 et
746 3695 984 3752 efﬁciunt
1009 3706 1067 3751 ut
1080 3710 1199 3751 eam
1215 3694 1434 3749 omnino
1453 3693 1631 3748 videre
1652 3698 1936 3762 nequeant.

355 3789 593 3845 Primum
631 3788 846 3859 quidem
899 3802 1054 3842 arnor
1098 3771 1384 3854 voluptatis
1432 3800 1447 3836 :
1485 3781 1734 3853 quocirca
1780 3782 1941 3837 etiam

354 3895 477 3949 quae
495 3887 620 3934 sunt
637 3878 884 3934 omnibus
911 3875 1191 3933 manifesta
1220 3884 1563 3947 praetereunt.
1590 3872 1791 3928 Deinde
1818 3886 1938 3927 cum

358 3972 423 4026 iis
448 3980 533 4028 est
557 3971 874 4041 ignorantia,
901 3978 957 4025 et
980 3970 1179 4025 mentis
1202 3967 1538 4039 perversitas.
1567 3966 1757 4021 Annon
1786 3964 1944 4035 igitur

356 4061 646 4118 absurdum
672 4071 776 4127 est,
806 4061 851 4115 si
875 4059 1059 4115 videns
1086 4060 1299 4130 quidem
1326 4065 1531 4128 patrem
1558 4055 1723 4110 lilium
1750 4053 1942 4110 verbe-

358 4162 584 4223 rantem,
613 4153 667 4209 id
694 4152 919 4223 probare
945 4161 1001 4207 et
1025 4151 1260 4214 laudare,
1288 4159 1344 4207 et
1372 4149 1456 4204 vel
1480 4163 1545 4204 eo
1578 4148 1807 4203 maxime
1840 4162 1945 4201 no-

360 4246 505 4301 mine
532 4254 735 4317 patrem
764 4244 1071 4301 exiStimare
1111 4261 1126 4298 :
1170 4243 1213 4296 si
1257 4242 1396 4297 Deus
1422 4251 1597 4296 autem
1623 4239 1751 4295 velit
1779 4238 1847 4293 de
1878 4238 1943 4295 iis

361 4351 481 4407 quae
519 4336 653 4391 facta
693 4343 860 4401 sunt,
908 4348 1097 4405 poenas
1146 4348 1378 4397 sumere,
1428 4332 1683 4403 indignari
1715 4337 1772 4386 et
1803 4344 1947 4401 :egre

364 4426 541 4484 ferre?
563 4426 700 4496 Quid
728 4435 907 4482 autem
942 4424 1107 4497 possit
1135 4440 1256 4481 esse
1293 4423 1393 4479 hac
1421 4421 1767 4494 perversitate
1792 4420 1944 4476 dete-

361 4521 494 4587 rius,
519 4502 645 4575 cum
672 4534 737 4576 ea
777 4534 899 4589 quae
938 4527 1064 4573 sunt
1097 4517 1238 4573 inter
1265 4532 1325 4573 se
1351 4516 1639 4581 contraria,
1684 4528 1826 4585 aegre
1867 4512 1949 4569 fe-

364 4618 505 4672 rant,
531 4624 674 4664 nunc
712 4608 930 4681 quidem
955 4607 1217 4671 dolentes,
1249 4606 1389 4678 quod
1415 4604 1672 4676 supplicia
1704 4603 1949 4658 nonexi-

365 4708 475 4769 gat,
503 4716 644 4756 nunc
663 4699 1041 4771 αυιεηιναυοᾶ
1059 4699 1276 4771 exigat?
1296 4699 1520 4767 Quando
1547 4697 1688 4753 enim
1718 4695 1949 4751 viderint

364 4793 570 4863 aliquos
597 4792 884 4861 rapientes,
911 4800 965 4847 et
991 4792 1044 4847 iu
1076 4790 1213 4846 bona
1237 4790 1460 4845 aliorum
1492 4787 1821 4853 invadentes,
1851 4802 1950 4842 vo-

366 4882 484 4938 lunt
504 4898 599 4938 eos
620 4882 748 4938 dare
773 4897 991 4952 pmnas;
1019 4882 1233 4951 quando
1252 4895 1381 4935 vero
1407 4880 1615 4950 seipsos
1641 4886 1945 4948 peccantes,

367 4974 584 5029 minime
614 4991 628 5028 :
654 4973 796 5041 quod
829 4972 1043 5045 quidem
1072 4983 1155 5028 est
1181 4972 1451 5043 depravati
1478 4981 1533 5027 et
1556 4971 1793 5042 corrupti
1831 4970 1951 5025 ani-

369 5067 467 5120 mi.
489 5067 713 5123 Accedit
750 5065 832 5121 his
859 5065 1096 5135 tertium,
1128 5064 1267 5134 quod
1306 5062 1546 5118 nesciant
1579 5060 1704 5133 quid
1748 5062 1818 5117 sit
1860 5063 1955 5117 bo-

369 5172 519 5218 num,
550 5156 676 5228 quid
700 5156 772 5211 sit
809 5155 1030 5222 malum,
1055 5154 1152 5210 sed
1179 5155 1233 5209 in
1260 5169 1437 5209 rerum
1460 5152 1661 5224 judicio
1687 5153 1953 5217 labantur,

369 5249 511 5320 quod
555 5249 695 5305 malo
737 5248 1090 5315 delectentur,
1122 5256 1178 5303 et
1217 5247 1326 5302 sint
1358 5245 1613 5317 propensi
1641 5244 1710 5301 ad
1749 5245 1954 5301 vitium.

369 5328 670 5410 Quartum,
712 5340 854 5411 quod
899 5355 1119 5396 suorum
1170 5348 1509 5408 peccatorum
1550 5337 1811 5393 rationem
1852 5352 1960 5391 non

372 5436 580 5489 ineunt.
624 5433 873 5501 Quintum
901 5475 919 5500 ,
968 5430 1113 5502 quod
1152 5441 1362 5485 vastum
1415 5431 1487 5485 sit
1533 5437 1589 5485 et
1640 5431 1960 5484 immensum

372 5520 450 5593 id,
477 5522 621 5595 quod
651 5524 789 5579 inter
816 5524 983 5579 Deum
1012 5533 1067 5578 et
1096 5522 1339 5577 homines
1377 5516 1677 5577 intercedit.
1718 5518 1959 5584 Sextum,

372 5617 518 5690 quod
563 5631 669 5671 non
697 5616 826 5672 velit
865 5615 1009 5670 Deus
1048 5615 1225 5668 omnia
1269 5613 1468 5683 ubique
1503 5610 1810 5676 ostendere,
1836 5611 1961 5681 quia

374 5722 572 5779 nempe
599 5706 872 5763 sufﬁciunt
896 5720 1015 5776 quia:
1037 5702 1173 5760 ﬁunt
1193 5704 1484 5775 sigillatim.

447 5803 504 5857 2.
533 5796 629 5855 Dei
650 5798 1016 5853 administratio
1032 5806 1087 5850 ut
1103 5796 1494 5867 contemplanda
1511 5803 1557 5852 et
1580 5794 1930 5867 investiganda
1944 5806 1975 5860 ς.

449 5917 465 5948 ⁸
487 5922 592 5973 Vox
637 5927 839 5977 attinent,
851 5912 998 5965 deest
1015 5916 1069 5961 tu
1086 5904 1227 5967 savii.

1434 456 1792 515 ΕΧΡΟΒΠΊΟ
1831 454 1896 510 IN
1933 452 2253 512 ΡδΑιδιωι
2288 454 2497 514 CXVII.

3502 458 3608 518 330

2029 567 2169 625 Deus
2192 579 2379 640 quanto
2398 567 2682 625 hominibus
2706 570 3032 637 elementior;
3052 571 3367 643 (imminuent
3382 578 3473 629 cur
3493 590 3610 645 per-

2028 660 2192 713 mittat
2219 660 2374 715 Deus.
2401 660 2605 715 -Non
2631 670 2840 729 oportet
2866 677 2993 732 ergo
3018 663 3236 718 nimium
3260 664 3607 730 contendere,

2028 760 2086 805 ut
2115 750 2167 804 in
2199 751 2445 806 omnibus
2481 752 2654 807 discas
2685 753 2779 809 Dei
2798 752 3308 811 administrationem
3328 755 3421 829 (de
3450 757 3613 813 rebus

2029 841 2170 896 enim
2211 842 2484 898 immensis
2506 844 2897 912 contendimus,
2924 853 2979 901 et
3000 860 3119 916 qua:
3143 856 3376 904 creatam
3396 862 3611 906 omnem

2029 940 2272 987 naturam
2326 933 2481 1004 longe
2524 944 2802 1005 superant)
2838 953 2855 991 :
2898 951 2991 992 eos
3033 946 3212 994 autem
3256 940 3347 1011 qui
3381 955 3502 996 eam
3525 943 3611 998 vel

2028 1025 2204 1093 aliqua
2234 1041 2301 1081 ex
2327 1035 2480 1096 parte
2515 1034 2641 1083 sunt
2686 1026 2971 1097 cognituri,
2999 1032 3212 1098 oportet
3254 1045 3377 1087 esse
3413 1030 3614 1089 liberos

2029 1114 2099 1169 ab
2124 1114 2187 1169 iis
2215 1129 2348 1185 quas
2370 1115 2481 1185 jam
2518 1115 2754 1183 diximus
2780 1117 3168 1187 aﬂ'ectionibus,
3219 1132 3276 1179 et
3309 1137 3435 1179 eam
3457 1123 3611 1180 vide-

2029 1200 2162 1262 bunt
2187 1208 2303 1264 sole
2321 1209 2535 1277 clarius,
2565 1210 2691 1266 licet
2721 1227 2829 1267 non
2853 1227 3066 1270 onmem
3102 1233 3119 1271 :
3153 1224 3211 1272 et
3240 1230 3366 1272 cum
3387 1231 3505 1273 eam
3543 1233 3612 1274 ex

2031 1306 2183 1368 parte
2225 1297 2531 1366 didicerint,
2577 1315 2676 1371 pro
2717 1303 2966 1359 universa
3002 1314 3161 1376 agent
3191 1307 3411 1377 gratias.
3443 1308 3498 1365 Β.
3535 1307 3616 1364 De

2031 1390 2355 1446 tribulatione
2376 1395 2603 1449 invocavi
2631 1394 2927 1463 Dominum,
2955 1407 3003 1452 et
3040 1400 3300 1455 exaudiuit
3318 1412 3398 1457 me
3419 1402 3474 1457 in
3498 1402 3614 1457 lati-

2032 1481 2223 1536 tudine.
2254 1481 2447 1538 Vidisti
2482 1483 2775 1541 bonitatem
2817 1496 2872 1542 et
2898 1487 3276 1546 clementiam?
3314 1490 3431 1547 Non
3457 1492 3612 1562 dixit,

2036 1574 2193 1630 Eram
2217 1574 2442 1646 dignus;
2472 1593 2578 1633 non
2598 1578 2748 1644 dixit,
2769 1578 2882 1635 Idea
2903 1590 3048 1636 recte
3074 1580 3209 1637 facta
3227 1584 3436 1640 ostendi
3460 1601 3475 1651 ;
3496 1586 3614 1653 sed,

2033 1666 2292 1734 Inuocaui,
2314 1670 2506 1734 solum,
2535 1679 2590 1725 et
2627 1672 2755 1726 satis
2780 1670 2879 1726 fuit
2900 1673 3071 1729 oratio
3093 1689 3209 1731 mea
3237 1676 3303 1731 ad
3327 1676 3615 1733 tollendam

2033 1759 2407 1815 calamitatem.
2444 1760 2594 1827 Quod
2635 1762 2795 1817 etiam
2833 1763 2962 1819 dicit
3003 1765 3056 1820 in
3087 1764 3395 1838 ASgyptiis:
3431 1765 3618 1822 Videns

2034 1849 2137 1903 vidi
2159 1849 2473 1920 aﬂiictionem
2512 1852 2690 1923 pepuli
2730 1853 2853 1921 mei,
2896 1864 2945 1909 et
2990 1855 3226 1911 descendi
3267 1866 3327 1913 ut
3371 1859 3615 1928 eriperent

2035 1957 2119 1997 eos
2165 1940 2359 2015 (Exod.
2386 1944 2442 1999 5.
2488 1944 2566 2015 7).
2610 1943 2726 2000 Non
2773 1946 2944 2001 dixit:
2976 1947 3095 2003 Vidi
3139 1949 3390 2004 virtutem
3434 1951 3616 2021 populi

2036 2036 2161 2099 mei,
2189 2036 2272 2091 vel
2292 2036 2409 2105 ejus
2430 2039 2775 2094 mutationem
2804 2040 2872 2096 ad
2892 2041 2951 2096 id
2970 2042 3111 2112 quod
3136 2050 3220 2098 est
3244 2044 3474 2099 melius:
3498 2043 3616 2110 sed,

2035 2125 2409 2194 Afﬂictionem,
2432 2137 2488 2184 et
2507 2144 2691 2185 eorum
2717 2131 3006 2188 clamorem
3032 2124 3295 2188 exaudivi.
3329 2132 3487 2190 Vides
3520 2150 3617 2205 pa-

2038 2228 2172 2275 trem
2200 2218 2487 2290 benig‘num
2504 2232 2558 2278 et
2576 2223 2999 2291 misericordem,
3026 2225 3116 2295 qui
3137 2225 3308 2280 solum
3333 2222 3436 2281 fert
3460 2241 3617 2297 opem

2038 2322 2256 2380 propter
2275 2313 2645 2368 calamitates?
2663 2316 2820 2385 Atqui
2848 2300 2948 2372 nec
2976 2317 3113 2386 apud
3139 2317 3381 2373 homines
3403 2318 3618 2389 quidem

2037 2404 2360 2474 quicumque
2385 2404 2659 2476 afﬂigitur,
2697 2406 2892 2477 dignus
2935 2414 3020 2463 est
3057 2409 3148 2478 qui
3181 2418 3448 2465 servetur.
3484 2410 3619 2465 Cum

2037 2494 2234 2549 multos
2258 2494 2437 2565 itaque
2455 2495 2697 2551 videmus
2719 2496 2945 2554 lamules
2976 2496 3157 2568 ﬂagris
3184 2498 3317 2554 ctedi
3341 2508 3396 2555 et
3426 2515 3616 2556 excruo

2036 2584 2188 2653 ciari,
2216 2600 2312 2642 eos
2353 2601 2459 2642 non
2504 2581 2841 2662 dimittimus,
2879 2587 3280 2647 considerantes
3318 2605 3478 2661 quam
3503 2608 3626 2662 gra-

2038 2676 2181 2733 viter
2224 2678 2497 2749 peccarint
2525 2696 2540 2734 :
2571 2679 2713 2735 Deus
2754 2687 2933 2735 autem
2979 2695 3048 2737 ex
3088 2682 3203 2737 sola
3232 2681 3524 2739 afﬂictione
3544 2683 3626 2738 di-

2040 2768 2220 2824 misit:
2251 2784 2423 2840 neque
2445 2785 2514 2826 ex
2550 2769 2840 2828 afﬂictione
2874 2772 3240 2829 tantummodo
3263 2773 3494 2844 eripuit.
3527 2773 3622 2829 sed

2040 2873 2282 2930 magnam
2313 2861 2475 2916 etiam
2518 2861 2856 2917 securitatem
2894 2861 3169 2931 impertiit.
3216 2860 3513 2929 Exaudirit,
3542 2864 3624 2920 in-

2038 2949 2176 3020 quit,
2212 2966 2294 3004 me
2336 2950 2392 3006 in
2426 2950 2712 3007 latitudine.
2759 2951 3058 3018 Quinetiam
3101 2951 3321 3010 afﬂictio
3365 2953 3488 3010 ideo
3526 2953 3626 3009 luit

2038 3055 2316 3107 concessa,
2342 3050 2402 3098 ut
2437 3057 2533 3098 eos
2560 3043 2650 3113 qui
2679 3041 2985 3113 afﬂiguntur
3008 3044 3260 3101 meliores
3297 3045 3544 3102 redderet
3570 3055 3627 3102 et

2038 3134 2389 3203 sapientiores
2415 3133 2456 3188 ⁸.
2485 3133 2543 3189 6.
2582 3132 2835 3189 Dominus
2877 3133 2999 3188 mihi
3028 3135 3253 3206 adjutor,
3296 3152 3399 3191 non
3443 3137 3624 3191 timebo

2038 3227 2159 3295 quid
2177 3225 2332 3295 faciat
2355 3227 2479 3281 mihi
2510 3227 2678 3282 homo.
2712 3226 2898 3283 Vidisti
2930 3227 3122 3283 mentis
3144 3227 3517 3285 altitudinem?
3541 3230 3625 3286 vi-

2039 3319 2163 3375 disti
2185 3335 2431 3391 magnum
2456 3321 2721 3390 spiritum,
2745 3322 2834 3392 qui
2861 3321 2931 3378 ita
2952 3337 3109 3392 supra
3131 3320 3412 3378 humanam
3431 3338 3626 3381 ascen-

2040 3409 2118 3465 dit
2145 3409 2582 3479 imbecillitatem,
2605 3421 2661 3468 ut
2681 3426 2895 3468 omnem
2921 3422 3163 3468 naturam
3189 3413 3626 3485 despiciatlllaic

2041 3520 2150 3560 non
2173 3504 2346 3560 solum
2376 3506 2711 3561 sueeinamus
2743 3504 2837 3579 (a),
2879 3506 2972 3562 sed
3002 3506 3155 3562 factis
3187 3507 3345 3563 etiam
3369 3507 3627 3564 ostenda-

2042 3611 2181 3652 mus.
2212 3596 2329 3651 Non
2357 3596 2507 3663 dixit,
2533 3596 2614 3652 Nil
2640 3598 2851 3667 patiar:
2881 3597 2995 3660 sed.
3041 3596 3170 3663 Non
3193 3598 3375 3654 timeba
3397 3599 3519 3669 quid
3555 3601 3629 3671 fa-

2043 3688 2145 3742 ciat
2171 3688 2296 3742 mihi
2316 3687 2486 3742 homo.
2509 3688 2623 3743 Hoc
2639 3697 2741 3753 est,
2770 3687 2989 3743 Etiamsi
3019 3689 3211 3758 patiar,
3237 3704 3345 3743 non
3373 3688 3573 3743 timebo
3603 3706 3618 3742 :

2046 3780 2096 3835 id
2121 3781 2294 3852 ipsum
2314 3778 2498 3835 dicens
2519 3779 2661 3851 quod
2686 3779 2884 3835 Paulus
2909 3797 2924 3834 :
2957 3778 3018 3834 Si
3047 3778 3187 3834 Deus
3211 3795 3309 3849 pro
3332 3778 3494 3843 nobis,
3516 3780 3629 3852 quis

2042 3882 2220 3926 contra
2240 3887 2332 3927 nos
2351 3871 2529 3943 (Rom.
2556 3870 2613 3927 8.
2641 3869 2778 3941 δην
2807 3869 2965 3940 Atqui
2990 3879 3172 3926 contra
3200 3871 3343 3940 ipsos
3367 3880 3522 3927 erant
3545 3872 3631 3926 in-

2045 3961 2423 4028 numerabiles,
2452 3960 2546 4016 sed
2573 3974 2668 4016 eos
2691 3959 2822 4015 nihil
2849 3959 3169 4015 offendebat.
3186 3958 3465 4028 Quomodo
3483 3961 3627 4016 enim

2047 4068 2152 4109 non
2174 4053 2334 4109 fuerit
2357 4051 2520 4107 animi
2543 4051 2698 4107 valde
2723 4051 2898 4122 pusilli
2935 4062 2991 4106 et
3013 4050 3227 4120 abjecti,
3258 4059 3316 4107 ut
3354 4052 3443 4122 qui
3471 4050 3633 4107 habet

2048 4146 2330 4201 Dominum
2360 4143 2645 4215 propitium
2674 4158 2737 4199 ac
2766 4142 3080 4198 benevolum
3101 4182 3116 4208 ,
3145 4156 3431 4198 conservos
3462 4143 3630 4214 porti-

2048 4236 2281 4293 mescati
2308 4235 2414 4293 Sed
2453 4235 2540 4291 hic
2562 4250 2670 4290 non
2699 4242 2781 4290 est
2811 4233 3108 4304 ejusmodi;
3136 4233 3231 4289 sed
3267 4241 3350 4289 est
3382 4233 3630 4289 omnibus

2046 4329 2308 4400 ejusmodi
2330 4328 2610 4385 timoribus
2635 4327 2780 4383 omni
2823 4341 2891 4382 ex
2916 4337 3067 4397 parte
3103 4325 3365 4394 superior.
3400 4325 3510 4379 Hoc
3545 4325 3628 4395 ip-

2047 4435 2166 4475 sum
2218 4433 2319 4476 nos
2344 4433 2555 4490 quoque
2596 4415 2891 4483 faciamus,
2938 4430 3010 4471 ne
3035 4429 3135 4470 nos
3182 4414 3389 4470 Domini
3432 4415 3631 4469 auxilio

2051 4511 2339 4582 privemus,
2365 4507 2508 4580 quod
2550 4505 2780 4561 humana
2808 4504 3176 4560 formidamus.
3217 4502 3329 4559 Hoc
3371 4512 3456 4559 est
3489 4505 3630 4558 enim
3712 4548 3721 4559 .

2051 4615 2239 4659 eorum
2267 4600 2356 4669 qui
2408 4599 2499 4655 Dei
2544 4596 2799 4652 auxilium
2825 4594 3152 4651 contumelia
3183 4593 3439 4649 afficiunt.
3487 4594 3637 4662 Quo-

2052 4693 2198 4748 circa
2215 4690 2407 4746 dicitur
2449 4685 2705 4744 Ezechias
2751 4699 2939 4755 passus
2984 4699 3108 4741 esse
3143 4700 3264 4755 quae
3305 4698 3492 4755 passus
3530 4694 3631 4751 est,

2053 4784 2194 4858 quod
2234 4798 2357 4839 cum
2398 4782 2480 4838 sol
2522 4779 2801 4836 resiliisset
2847 4786 2902 4834 et
2946 4778 3348 4835 retrocessisset
3386 4777 3637 4850 gradibus

2120 4908 3639 4982 ξωφρίωιίοςοε,ωωιειτίι.ῳωιιιε.,ᾳαοαεαωῃωοσεαιι.
3746 4887 3748 4890 ’

2121 4979 2194 5041 (α)
2227 4970 2277 5027 tn
2297 4970 2736 5041 inmoratam—Hcce
2756 4985 2852 5024 non
2869 4970 3027 5041 stium
3044 4970 3365 5041 succinum“,
3391 4980 3512 5041 etc.,_
3527 4986 3642 5035 gra-
3697 5004 3707 5017 .

2153 5028 2306 5104 oritur
2326 5028 2599 5104 difﬁcultas.
2754 5045 2882 5104 quin
2903 5028 2988 5083 ille
3011 5028 3114 5104 vult
3136 5028 3363 5104 populum
3382 5028 3643 5104 succidere

2057 5101 2151 5174 hoc
2166 5099 2294 5174 toro:
2317 5100 2608 5174 mtrem!
2987 5093 3646 5174 Eii’éff‘jﬂ‘ffxl‘ﬁ'ifi’ll‘i'i"

2058 5166 2176 5226 quid
2193 5155 2341 5228 faciat
2495 5161 2652 5228 homo.
2674 5155 2809 5228 unde
2820 5157 2968 5228 sequi
2989 5155 3179 5228 videtur
3197 5155 3325 5228 hunc
3341 5168 3539 5206 versum
3564 5168 3645 5206 es.

2058 5216 2428 5289 sta-responsum
2460 5223 2605 5287 hujus
2627 5219 2815 5278 Psalmi,
2843 5216 2915 5268 et‘
2929 5225 3035 5280 post
3065 5216 3288 5290 singulos
3309 5229 3482 5288 versus
3512 5230 3539 5266 a
3560 5231 3649 5280 po-

2060 5287 2177 5329 nntn
2198 5286 2351 5329 fuisse
2371 5284 2690 5329 recitandum.
2715 5287 2770 5329 ut
2810 5287 2955 5329 antea
2977 5283 3249 5329 notavimus
3270 5280 3318 5329 in
3333 5275 3650 5329 bxnositione

2063 5287 2177 5354 pulo
2198 5280 2351 5337 fuisse
2371 5280 2690 5342 recitandum,
2715 5287 2770 5332 ut
2810 5287 2955 5329 antea
2977 5280 3249 5329 notavimus
3270 5280 3318 5329 in
3333 5280 3649 5348 Expositione

2063 5349 2341 5418 ῐωιωίμεὲ
2369 5361 2392 5418 ἱ
2415 5347 2549 5418 aut?“
2571 5346 2716 5418 ΜΨ
2739 5346 3376 5418 ν.εέΐῗ⁵ἱ¹⁵ζῖίῖξβ9ξ¹ἓὲξξῖέθῖἓε
3390 5342 3649 5418 βὲέθφ

2063 5402 2208 5472 'quam
2229 5408 2342 5475 fecit
2369 5402 2612 5479 Dominus,
2636 5402 2734 5455 etc.
2760 5405 2878 5476 Hinc
2908 5414 3026 5452 vero
3037 5402 3262 5461 sequitur
3284 5402 3413 5477 hunc
3432 5414 3650 5453 versum.

2065 5471 2296 5523 nantium
2317 5468 2438 5520 mihi
2451 5470 2664 5527 adjutor,
2681 5479 2778 5516 non
2800 5463 2953 5527 fuisse
2973 5473 3260 5527 responsum
3282 5462 3429 5527 hujus
3449 5462 3648 5527 Paulini:

2065 5469 2296 5523 nam
2451 5469 2664 5531 adjutor,
2681 5479 2778 5516 non
2800 5469 2952 5513 finisse
2973 5473 3260 5524 responsum
3283 5469 3429 5538 hujus
3449 5469 3648 5537 Psauiii:

2066 5531 2502 5645 summas:
2526 5524 3654 5645 animamanimam

2068 5593 2198 5646 unde
2220 5595 2313 5643 hoc
2334 5593 2486 5655 possit
2526 5593 2717 5650 induci;
2749 5599 2922 5638 verum
2958 5598 3018 5636 an
3057 5598 3172 5634 uror
3202 5599 3492 5650 responsum
3515 5593 3657 5649 hujus

2068 5656 2239 5725 psam
2259 5653 2430 5725 ξιιίδεον
2446 5648 2698 5725 ticam;
2722 5647 2850 5725 (τειοά
2875 5656 2983 5725 νοεῖ
3243 5656 3416 5725 unus
3436 5662 3464 5725 ε
3485 5648 3658 5725 iure}?

2070 5711 2435 5786 ὲιιᾳὶὶηβῢὲιωὶ
2454 5713 2570 5786 illud
2589 5723 2726 5773 νετον
2999 5711 3357 5786 ηὲξξδὲβαῑυίρνν
3378 5711 3660 5786 “With”?

2071 5780 2190 5845 quid
2213 5776 2359 5845 faciat
2382 5773 2515 5845 mihi
2531 5776 2698 5831 homo,
2729 5776 2839 5845 quia
2873 5774 2931 5823 ad
2961 5774 3228 5845 institutum
3252 5775 3364 5823 vitae
3385 5773 3659 5845 christiana

2071 5833 2530 5908 opportunissimum
2545 5845 2666 5908 emt,
2680 5833 2838 5908 semel
2860 5836 3125 5908 repetitum
3147 5833 3298 5887 misse
3319 5848 3345 5884 a
3369 5833 3543 5899 populo
3556 5844 3659 5883 euo-

2056 5898 2296 5959 -c'iueutc.
2322 5905 2368 5954 td
2390 5903 2684 5966 comatum
2707 5904 2889 5950 tantum
2912 5898 3018 5948 luco
3035 5900 3116 5948 sit.
