3956 6410
383 444 481 501 551

382 572 518 628 quos
546 555 897 613 descenderat
929 555 1005 625 (4.
1051 552 1178 623 Reg.
1233 554 1324 608 9.0.
1369 553 1483 621 li),
1514 561 1569 607 et
1609 553 1803 606 factum
1832 557 1975 604 esset

383 650 595 721 signum
613 648 753 720 quod
773 657 948 718 posset
971 661 1161 702 omnes
1187 645 1589 714 obstupefacere
1600 658 1696 697 eos
1710 645 1796 712 qui
1815 656 1978 698 vene-

383 750 524 808 rant,
549 749 604 796 ut
627 741 741 796 hmc
757 739 1131 809 intelligerent,
1157 753 1262 792 non
1276 754 1340 792 ex
1358 737 1434 792 eis
1451 752 1568 807 quae
1587 736 1836 791 divinitus
1849 751 1975 791 eve-

385 841 594 897 nerant,
613 831 708 887 sed
729 847 796 888 ex
817 831 976 886 rebus
1003 829 1248 884 humanis
1271 829 1441 883 voluit
1463 839 1779 899 perterrere,
1799 837 1852 880 et
1875 826 1974 881 ad-

384 923 582 979 ducere
607 924 660 978 in
690 922 1122 990 admirationem,
1153 922 1346 976 timens
1376 935 1443 975 ne
1481 919 1548 974 ab
1576 921 1655 974 eis
1693 919 1976 974 invadere-

379 1025 497 1081 tur;
525 1029 580 1072 et
605 1015 726 1071 ideo
755 1015 835 1070 eis
861 1013 1142 1069 thesauros
1189 1012 1442 1076 ostendit,
1487 1013 1688 1066 habens
1723 1027 1872 1080 spem
1920 1012 1972 1066 in

380 1108 664 1163 thesauris.
693 1107 868 1173 Quare
891 1107 1028 1160 Deus
1055 1105 1312 1170 irritatus,
1341 1104 1620 1174 Accipient,
1645 1105 1833 1172 inquit.
1865 1103 1973 1157 [uec

375 1199 545 1252 omnia
566 1198 645 1269 (4.
685 1198 817 1269 Reg.
843 1198 936 1253 20.
972 1197 1058 1267 17)
1095 1216 1108 1252 :
1149 1197 1248 1251 hoc
1280 1204 1382 1261 est,
1419 1211 1480 1250 ea
1510 1197 1561 1250 in
1595 1196 1785 1266 quibus
1827 1205 1970 1250 tuam

372 1308 523 1361 Spem
549 1292 786 1362 reponis,
816 1291 1009 1361 quibus
1053 1289 1298 1346 conﬁdis.
1333 1289 1494 1344 lsrael
1523 1303 1733 1359 quoque
1756 1303 1973 1342 accusa-

374 1394 481 1447 tur,
512 1383 654 1454 quod
688 1383 927 1454 pecuniis
953 1392 1006 1438 et
1034 1383 1186 1453 equis
1207 1381 1560 1436 conﬁderent.
1595 1380 1851 1447 Quocirca
1875 1396 1970 1435 eos

378 1480 627 1532 admonet
652 1476 906 1548 propheta
932 1518 948 1544 ,
977 1484 1034 1530 ut
1055 1492 1118 1531 ex
1149 1477 1213 1530 iis
1233 1491 1350 1546 qua:
1375 1484 1498 1530 sunt
1518 1475 1780 1529 contraria
1804 1475 1968 1529 Deum

377 1571 618 1634 placent,
651 1579 707 1624 et
729 1569 906 1624 dicant
929 1586 942 1622 :
970 1568 1137 1638 Super
1157 1583 1308 1639 equos
1324 1584 1424 1620 non
1444 1567 1768 1622 ascendemus
1797 1564 1948 1632 (Osee

376 1663 462 1717 Η.
505 1661 584 1732 Ai).
619 1662 760 1716 Deus
790 1669 843 1715 te
874 1660 1122 1726 honorat,
1152 1668 1207 1715 et
1227 1668 1283 1713 tu
1313 1675 1434 1714 eum
1465 1659 1804 1713 contemnis?
1829 1659 1968 1714 Deus

375 1764 427 1806 te
454 1752 701 1816 honorat,
731 1767 886 1806 suum
915 1751 1006 1805 tibi
1045 1750 1299 1804 auxilium
1322 1751 1644 1820 promittens
1676 1767 1689 1803 :
1721 1760 1775 1806 et
1811 1760 1865 1806 tu
1900 1751 1964 1806 ad

375 1845 634 1898 humanas
661 1859 785 1912 spes
814 1841 1078 1913 confugis,
1119 1850 1172 1897 et
1212 1842 1460 1896 inanima:
1488 1842 1745 1906 materiae,
1774 1858 1968 1912 nempe

373 1937 633 2008 pecuniis,
665 1937 853 1991 salutis
890 1951 1040 2006 spem
1073 1934 1408 1991 committis?
1449 1934 1564 1989 Non
1603 1937 1796 2004 quaerit
1823 1936 1964 1991 enim

370 2031 544 2086 solum
570 2044 806 2094 scrvare,
836 2029 928 2082 sed
960 2028 1010 2082 id
1037 2027 1200 2081 etiam
1241 2027 1464 2082 honeste
1486 2026 1682 2082 facere.
1718 2027 1884 2082 Valde
1915 2037 1966 2082 te

370 2133 535 2189 amat,
576 2132 628 2178 et
677 2122 797 2178 ideo
824 2131 877 2176 te
911 2122 979 2177 ab
1014 2121 1262 2177 omnibus
1302 2120 1595 2187 abducens,
1629 2121 1834 2190 sibiipsi
1866 2121 1962 2174 ad-

365 2217 538 2284 jungit
565 2232 579 2268 :
611 2223 666 2270 et
704 2214 881 2268 omnia
910 2222 1213 2283 amputans,
1243 2211 1311 2266 ad
1339 2213 1573 2281 seipsum
1601 2211 1834 2276 adducit,
1868 2228 1964 2282 per

368 2327 429 2363 ea
456 2323 575 2380 quae
603 2307 727 2363 facit
755 2304 1136 2377 propemodum
1166 2304 1350 2358 dicens
1381 2321 1396 2360 :
1425 2304 1480 2358 In
1510 2319 1596 2359 me
1622 2319 1770 2374 spem
1800 2303 1958 2370 habe,

367 2411 420 2452 et
446 2415 532 2456 me
573 2411 833 2470 perpetuo
853 2398 1076 2451 observa
1104 2408 1158 2450 et
1182 2395 1417 2451 attende.
1448 2396 1500 2449 7.
1543 2394 1792 2449 Dominus
1838 2398 1964 2450 mihi

367 2495 594 2564 adjutor,
644 2503 690 2547 et
737 2509 827 2562 ego
855 2491 1128 2560 despiciam
1174 2488 1404 2543 inimicos
1453 2504 1608 2542 meos.
1654 2488 1810 2543 Vides
1837 2504 1960 2544 eum

369 2603 474 2640 non
502 2585 870 2646 ulciscentem,
894 2597 1068 2652 neque
1090 2595 1274 2651 pmnas
1297 2588 1622 2646 sumentem,
1644 2581 1736 2635 sed
1760 2581 1868 2636 Deo
1893 2579 1962 2638 de

366 2680 478 2735 suis
505 2677 735 2734 inimicis
759 2675 1046 2731 vindictam
1073 2674 1457 2729 remittentem.

437 2771 570 2842 Spes
591 2771 645 2824 in
677 2767 782 2824 Deo
809 2769 938 2824 bona
957 2785 974 2832 ;
995 2783 1108 2838 spes
1135 2767 1188 2820 in
1209 2767 1408 2820 homine
1430 2764 1747 2835 periculosa;
1771 2766 1824 2819 in
1847 2763 1958 2820 Do-

365 2865 503 2919 mino
546 2872 602 2916 ut
641 2859 969 2932 sperandum.
1018 2887 1091 2899 —
1135 2857 1190 2914 8.
1243 2855 1445 2910 Bonum
1489 2865 1560 2911 est
1608 2857 1863 2924 conﬁdere
1905 2857 1960 2911 in

371 2956 614 3020 Domino,
640 2970 792 3025 quam
821 2951 1075 3021 conlidere
1097 2950 1151 3004 in
1181 2949 1401 3004 homine.
1427 2947 1481 3004 9.
1521 2947 1720 3002 Bonum
1744 2957 1818 3004 est
1840 2965 1958 3019 spe-

363 3065 479 3103 rare
524 3048 578 3101 in
627 3046 863 3111 Domino,
895 3060 1046 3113 quam
1089 3058 1296 3113 sperare
1358 3042 1411 3095 in
1466 3041 1796 3112 principibus.
1840 3042 1956 3096 Non

365 3141 482 3196 haec
501 3138 628 3193 dicit
647 3151 744 3206 per
770 3135 1244 3206 comparationem,
1270 3132 1363 3187 sed
1391 3135 1665 3188 consuevit
1683 3133 1955 3204 Scriptura

365 3234 465 3286 hac
491 3230 566 3285 uti
593 3230 758 3299 ﬁgura
787 3229 839 3282 in
867 3228 933 3282 iis
959 3227 1118 3282 etiam
1147 3241 1269 3296 qua:
1297 3241 1400 3280 non
1428 3225 1712 3281 admittunt
1734 3243 1952 3297 compa-

363 3322 649 3386 rationem,
681 3327 898 3389 propter
924 3317 1341 3372 imbecillitatem
1367 3332 1555 3372 eorum
1586 3319 1676 3388 qui
1707 3328 1832 3374 tunc
1860 3335 1956 3374 au-

270 3423 280 3431 ‘
363 3414 534 3468 diunt.
562 3411 679 3466 Non
707 3410 810 3464 hoc
830 3424 957 3478 ergo
977 3409 1106 3464 dicit
1130 3422 1467 3477 comparans,
1500 3409 1595 3464 sed
1642 3425 1702 3464 se
1739 3410 1805 3464 ad
1831 3411 1953 3465 illo-

363 3521 478 3562 rum
500 3512 712 3573 captum
736 3499 1041 3556 demittens.
1070 3499 1136 3554 Et
1165 3499 1286 3553 ideo
1305 3499 1440 3553 alius
1457 3515 1668 3570 quoque
1693 3501 1951 3570 propheta

361 3597 494 3652 dixit
520 3613 535 3650 :
565 3593 868 3648 Maledictns
896 3591 1059 3646 omnis
1080 3591 1167 3662 qui
1193 3600 1362 3660 sperat
1391 3591 1444 3646 in
1483 3591 1682 3646 homine
1704 3591 1834 3664 (Jer.
1860 3595 1949 3648 17.

360 3691 414 3759 5)
443 3705 459 3746 :
489 3688 620 3744 nihil
647 3693 730 3742 est
752 3686 894 3741 enim
927 3699 989 3741 ea
1017 3700 1112 3754 spe
1136 3684 1384 3751 debilius,
1408 3693 1491 3740 est
1516 3687 1708 3757 quippe
1730 3688 1813 3742 vel
1845 3689 1947 3743 tela

358 3795 570 3835 aranea:
619 3777 972 3834 imbecillior:
1003 3777 1110 3831 imo
1153 3791 1284 3831 vero
1322 3792 1426 3831 non
1457 3789 1539 3832 est
1567 3779 1737 3833 solum
1784 3779 1952 3835 imbe-

358 3871 502 3934 cilla,
535 3870 881 3926 verumetiam
912 3868 1230 3938 periculosa.
1277 3867 1466 3924 Sciunt
1485 3879 1660 3924 autem
1688 3870 1774 3940 qui
1807 3885 1950 3941 saepe

359 3963 413 4016 in
443 3960 747 4016 hominibus
769 3959 1123 4023 conﬁderunt,
1152 3973 1274 4014 cum
1296 3960 1488 4029 quibus
1513 3961 1673 4015 simul
1703 3971 1826 4017 sunt
1854 3963 1950 4018 de—

361 4053 552 4122 pressi.
580 4053 718 4124 Spes
746 4061 925 4107 autem
968 4052 1021 4105 in
1055 4053 1218 4106 Deum
1266 4068 1374 4107 non
1421 4061 1506 4108 est
1552 4055 1725 4109 solum
1752 4055 1946 4122 valida,

356 4157 552 4199 verum
570 4143 731 4197 etiam
754 4150 888 4207 tuta,
909 4151 968 4196 ut
992 4157 1112 4211 qua:
1133 4142 1330 4196 nullam
1353 4143 1550 4197 habeat
1579 4145 1945 4201 mutationem.

364 4237 432 4291 Et
470 4235 592 4291 ideo
623 4235 816 4290 Paulus
842 4249 1053 4305 quoque
1078 4234 1288 4289 dicebat
1317 4251 1330 4286 :
1357 4235 1490 4304 Spes
1511 4245 1678 4291 autem
1705 4255 1804 4292 non
1830 4256 1951 4294 con-

363 4327 532 4400 fundit
563 4326 738 4400 (Rom.
772 4326 828 4382 5.
856 4326 936 4395 5).
966 4325 1116 4380 Alius
1144 4341 1272 4380 vero
1299 4326 1530 4394 sapiens,
1563 4327 1834 4398 Respicite,
1866 4331 1948 4384 in-

357 4419 492 4488 quit,
516 4419 584 4472 ad
607 4419 842 4488 antiquas
872 4417 1236 4488 generationes,
1267 4425 1314 4471 et
1341 4416 1502 4472 videte
1528 4419 1641 4488 quis
1677 4423 1951 4487 speraverit

355 4515 410 4566 in
433 4511 726 4578 Dominum,
767 4522 815 4566 et
839 4513 1034 4582 pudore
1072 4511 1284 4578 affectus
1312 4521 1383 4566 est
1414 4511 1600 4583 (Eccli.
1631 4512 1686 4567 2.
1721 4513 1834 4587 10).
1881 4517 1951 4569 At

356 4617 478 4672 ego,
521 4602 711 4672 inquit,
757 4603 986 4672 speravi,
1027 4611 1081 4657 et
1127 4617 1243 4658 sum
1293 4603 1498 4672 pudore
1534 4604 1772 4660 allectus.
1803 4605 1947 4660 Bona

355 4695 539 4759 verba,
569 4708 771 4763 quaeso,
797 4694 975 4758 homo,
999 4709 1069 4749 ne
1086 4695 1281 4750 divinae
1305 4695 1592 4766 Scripturae
1613 4697 1942 4768 obloquaris.

357 4783 580 4839 Etiamsi
608 4783 814 4854 pudore
841 4783 1060 4840 allectus
1102 4785 1194 4851 sis,
1245 4785 1297 4841 id
1347 4788 1544 4852 evenit,
1585 4789 1728 4859 quod
1759 4804 1864 4845 non
1893 4800 1950 4845 ut

353 4877 594 4948 oportuit
618 4877 943 4947 speraveris,
987 4877 1130 4945 quod
1173 4881 1424 4942 cesseris,
1462 4882 1604 4950 quod
1651 4882 1810 4939 ﬁnem
1841 4899 1945 4938 non

339 4968 774 5038 -cx5pectaveris,
797 4967 938 5037 quod
961 4968 1150 5038 pusillo
1170 4970 1352 5025 animo
1377 4970 1560 5026 fueris.
1604 4972 1710 5028 Sed
1739 4991 1843 5029 non
1877 4977 1947 5030 ita

355 5062 556 5116 facias:
587 5075 772 5116 verum
793 5059 1006 5130 quando
1025 5059 1222 5116 videris
1248 5077 1368 5130 quas
1395 5074 1518 5116 sunt
1558 5066 1694 5129 mala
1720 5074 1780 5120 et
1803 5067 1946 5121 difﬁ-

353 5153 476 5208 cilia
502 5153 803 5219 imminere,
845 5167 915 5207 ne
957 5152 1194 5206 animum
1239 5152 1506 5208 demittas.
1550 5155 1662 5210 Hoc
1690 5158 1831 5212 enim
1864 5161 1947 5214 vel

355 5246 585 5301 maxime
607 5253 690 5301 est
715 5259 956 5316 sperare,
988 5244 1202 5314 quando
1243 5245 1294 5298 in
1324 5245 1494 5302 media
1521 5248 1657 5301 mala
1688 5261 1740 5304 et
1769 5253 1944 5320 gravia

355 5336 590 5405 pericula
619 5337 780 5391 fueris
800 5335 1092 5406 coniectus,
1125 5345 1249 5390 tunc
1278 5336 1428 5407 erigi.

427 5427 482 5481 5.
513 5426 650 5494 Quid
673 5427 913 5482 barbaris
952 5427 1077 5492 illis,
1130 5425 1400 5494 Ninivitis,
1435 5429 1668 5500 inquam,
1700 5443 1815 5488 erat
1843 5435 1946 5488 mi-

353 5519 567 5573 serius?
599 5519 665 5573 Et
689 5527 864 5573 tamen
886 5532 1008 5572 cum
1040 5517 1150 5586 jam
1172 5529 1353 5575 essent
1378 5521 1493 5591 ipso
1520 5522 1707 5593 laqueo
1736 5525 1944 5590 irretiti,

353 5621 410 5666 et
458 5611 713 5666 ruituram
750 5613 1019 5668 civitatem
1061 5624 1452 5682 exSpectareut,
1503 5633 1571 5671 ne
1619 5618 1696 5674 sic
1731 5619 1946 5690 quidem

355 5695 726 5773 despcrarunt,
755 5703 847 5758 sed
882 5716 1147 5758 summam
1180 5706 1529 5761 ostenderunt
1558 5712 1943 5778 pmnitentiam,

353 5805 411 5846 et
433 5794 723 5851 effecerunt
748 5803 804 5847 ut
847 5793 988 5847 Deus
1019 5805 1203 5848 rursus
1239 5812 1389 5850 suam
1434 5810 1710 5856 revocaret
1733 5810 1947 5857 senten-

355 5883 503 5945 tiam.
532 5883 719 5940 Vidisti
750 5894 958 5954 quanta:
995 5880 1104 5935 sint
1130 5887 1240 5951 spei
1272 5887 1449 5944 vires?
1488 5890 1623 5955 Quid
1665 5906 1788 5948 ιρι-ο
1828 5895 1941 5964 ᾕρεε

1090 440 1145 497 S.
1189 439 1466 496 JOANNIS
1503 435 1982 495 CHRYSOSTOMI
2021 437 2339 498 ARCHIEP.
2381 443 2921 506 CONSTANTINOP.
3539 464 3629 521 ’ὅδε

2089 551 2386 641 propheta?
2413 570 2590 611 annon
2637 574 2760 613 cum
2801 571 2944 616 esset
2989 563 3039 618 in
3083 573 3268 622 ventre
3303 569 3404 624 ceti
3431 571 3630 641 (Jon.2.

2083 639 2161 712 5),
2197 644 2376 713 templi
2404 656 2460 700 et
2485 662 2596 702 sua:
2625 648 3018 726 Jerosolymam
3053 657 3370 714 reversionis
3403 639 3632 720 memine-

2083 734 2204 788 rat?
2225 734 2294 789 Et
2321 745 2374 790 tu
2403 752 2550 806 ergo,
2582 743 2824 810 quamvis
2853 741 2939 797 vel
2969 745 3033 797 ad
3063 739 3228 810 ipsam
3256 760 3470 806 mortem
3495 753 3635 811 deve-

2085 825 2250 887 neris.
2300 837 2354 882 et
2403 830 2635 900 undique
2673 832 2906 888 maxima
2953 835 3263 894 immineant
3310 845 3549 914 pericula,
3575 864 3634 902 ne

2082 914 2472 986 desperaveris.
2513 921 2694 977 Potest
2721 926 2864 979 enim
2891 926 3031 982 Deus
3053 929 3103 983 iu
3133 931 3288 987 rebus
3314 936 3391 989 vel
3416 937 3636 994 difﬁcilli-

2081 1008 2182 1061 mis
2211 996 2408 1062 exitum
2438 1011 2676 1068 invenire
2703 1032 2717 1068 :
2757 1026 2811 1070 et
2853 1017 2973 1071 ideo
3001 1020 3128 1075 dicit
3170 1024 3380 1092 quidam
3406 1031 3634 1098 sapiens:

2080 1097 2124 1150 Α
2169 1115 2317 1152 mane
2346 1118 2500 1172 usque
2537 1105 2604 1157 ad
2650 1121 2907 1174 vesperam
2953 1114 3253 1167 mutationes
3291 1119 3472 1184 mulae,
3517 1131 3556 1173 et
3591 1124 3636 1176 in

2078 1201 2347 1257 conspectu
2377 1195 2487 1262 ejus
2511 1206 2631 1249 sunt
2659 1199 2830 1252 omnia
2866 1201 3042 1269 [acilia
3065 1202 3252 1275 (Eccli.
3286 1208 3370 1263 l8.
3401 1209 3507 1279 26).
3534 1212 3635 1268 Non

2079 1280 2255 1334 vidisti
2307 1285 2572 1340 tribunum
2601 1288 2676 1359 (a)
2707 1290 2759 1344 in
2799 1305 3005 1347 summa
3051 1312 3226 1351 rerum
3265 1301 3411 1370 c0pia
3456 1303 3637 1358 fameli-

2077 1389 2195 1436 cum
2223 1377 2300 1447 (4.
2329 1375 2456 1449 Reg.
2486 1379 2580 1447 7)?
2624 1397 2727 1436 non
2767 1383 2938 1440 vidisti
2979 1386 3188 1443 viduam
3221 1392 3271 1445 iu
3310 1392 3447 1450 fame
3480 1397 3637 1450 abun-

2075 1465 2290 1522 dantem
2325 1469 2399 1540 (5.
2429 1469 2560 1542 Reg.
2593 1473 2726 1544 i7)?
2763 1476 2986 1544 Quando
3025 1496 3113 1536 res
3139 1482 3188 1535 in
3220 1490 3493 1541 maximam
3523 1490 3637 1544 inci-

2074 1557 2252 1614 derint
2294 1562 2550 1631 inOpiam,
2603 1575 2726 1622 tunc
2774 1579 2826 1623 tu
2873 1585 3028 1639 spera
3075 1577 3318 1632 maxime.
3346 1579 3488 1638 Tunc
3510 1586 3634 1639 enim

2076 1651 2217 1706 Deus
2242 1655 2470 1711 maxime
2513 1672 2663 1713 suam
2702 1662 2934 1717 ostendit
2977 1667 3285 1733 potentiam,
3327 1685 3427 1726 non
3478 1689 3506 1728 a
3544 1678 3638 1744 pri-

2075 1744 2302 1807 mordio,
2331 1747 2425 1801 sed
2455 1751 2668 1818 quando
2691 1761 2791 1807 ’res
2841 1754 3038 1810 fuerint
3087 1758 3240 1826 plane
3275 1761 3556 1832 desperata!
3579 1769 3638 1823 ab

2073 1832 2394 1892 hominibus.
2448 1839 2560 1896 Hoc
2607 1853 2689 1898 est
2735 1846 2874 1900 enim
2915 1857 3121 1918 tempus
3158 1852 3320 1908 divini
3365 1859 3553 1913 auxilii.
3581 1859 3638 1914 Et

2072 1927 2192 2020 ideo
2232 1945 2334 1986 nec
2380 1947 2574 2001 pueros
2617 1936 2813 2006 eripuit
2849 1953 2880 1992 a
2927 1942 3207 2012 principio,
3249 1947 3343 2001 sed
3383 1959 3636 2020 postquam

2068 2017 2281 2074 fuerunt
2327 2022 2378 2075 in
2410 2022 2679 2080 fornacem
2705 2030 2934 2097 conjecti
2967 2030 3129 2102 (Dan.
3171 2034 3224 2088 5.
3256 2035 3347 2103 93)
3383 2017 3397 2091 ξ
3434 2017 3526 2093 nec
3551 2041 3637 2094 Da-

2069 2111 2285 2204 nielem,
2315 2123 2598 2185 antequam
2643 2130 2786 2174 esset
2832 2122 3122 2188 immissus,
3164 2128 3258 2183 sed
3306 2141 3502 2200 septem
3531 2144 3639 2204 post

2067 2200 2256 2258 diebus
2285 2204 2444 2276 (Dan.
2492 2208 2583 2263 H.
2614 2207 2736 2282 39):
2775 2211 2884 2267 Nec
2917 2217 3132 2272 attende
3181 2235 3359 2276 rerum
3392 2200 3634 2292 naturam,

2066 2312 2185 2366 qua:
2213 2301 2513 2372 praecipites
2535 2304 2643 2374 agit
2669 2306 2719 2359 in
2747 2306 3192 2394 desperationem,
3220 2317 3318 2370 sed
3349 2318 3436 2372 Dei
3469 2327 3635 2389 poten-

2069 2390 2215 2455 tiam,
2244 2407 2362 2462 quze
2392 2411 2453 2450 ea
2474 2412 2594 2466 quae
2631 2409 2755 2454 sunt
2780 2390 3082 2471 desperata,
3113 2407 3330 2465 adducit
3374 2413 3423 2466 iu
3460 2414 3635 2469 bonam

2065 2500 2234 2554 spem.
2261 2488 2371 2544 Hoc
2391 2491 2549 2546 etiam
2571 2495 2860 2552 ostendens
2891 2499 3356 2572 psalmographus,
3381 2517 3432 2562 et
3457 2523 3634 2578 quanta

2063 2580 2134 2633 sit
2162 2579 2253 2634 Dei
2278 2583 2529 2650 potentiae
2558 2583 2782 2642 facilitas
2805 2590 2986 2644 volens
3007 2605 3329 2658 monstrare,
3358 2598 3494 2668 quod
3510 2601 3634 2654 scili-

2063 2680 2148 2726 cet
2169 2687 2259 2726 eos
2285 2674 2444 2729 etiam
2470 2677 2556 2745 qui
2584 2677 2636 2732 in
2666 2681 2845 2749 gravia
2887 2684 3023 2738 mala
3064 2684 3386 2752 inciderunt,
3416 2699 3634 2760 prostra-

2065 2764 2208 2833 tique
2231 2773 2285 2820 et
2311 2769 2605 2825 conculcati
2639 2782 2784 2837 sunt,
2832 2776 2998 2842 possit
3023 2775 3272 2842 educere,
3301 2789 3357 2835 et
3400 2797 3498 2836 non
3528 2793 3633 2836 tan-

2063 2865 2174 2912 tum
2225 2873 2254 2912 a
2295 2860 2573 2932 principio,
2625 2865 2746 2921 audi
2795 2868 2920 2936 quid
2972 2870 3299 2941 subjungat:
3346 2875 3430 2931 10.
3466 2876 3633 2931 Omnes

2060 2961 2231 3021 gentes
2269 2953 2708 3010 circumdederunt
2736 2973 2832 3014 me.
2862 2958 3050 3016 Vidisti
3092 2964 3384 3030 periculum
3428 2967 3632 3023 inevita-

2061 3043 2204 3099 bile?
2227 3044 2410 3115 Neque
2437 3047 2578 3101 enim
2605 3057 2718 3103 erat
2755 3050 2870 3106 acie
2896 3052 3308 3123 conﬂigendum.
3347 3073 3512 3128 neque
3539 3066 3633 3113 sta-

2059 3133 2190 3189 bant
2233 3135 2432 3192 inimici
2472 3152 2503 3192 e
2526 3139 2764 3209 regione,
2792 3143 2885 3197 sed
2912 3153 3027 3198 erat
3056 3145 3402 3217 interceptus,
3430 3160 3480 3205 et
3508 3159 3630 3204 tam-

2058 3242 2215 3296 quam
2241 3243 2434 3299 sagena
2454 3230 2627 3300 aliqua
2653 3233 3031 3303 circumdatus,
3059 3252 3120 3290 ac
3151 3240 3312 3294 veluti
3335 3241 3630 3311 quibusdam

2057 3323 2258 3379 retibus
2279 3324 2716 3395 comprehensus,
2737 3343 2844 3382 non
2867 3329 2932 3385 ab
2956 3345 3083 3394 uno,
3108 3331 3316 3388 duobus
3337 3343 3431 3389 aut
3459 3335 3628 3399 trilms,

2055 3415 2150 3470 sed
2191 3416 2260 3472 ab
2304 3417 2551 3473 omnibus
2594 3421 2840 3488 gentibus
2873 3439 2885 3475 :
2918 3432 3044 3478 sunt
3089 3433 3262 3479 tamen
3317 3427 3431 3481 haec
3469 3427 3630 3480 omnia

2054 3509 2264 3564 vincula
2299 3509 2568 3567 confracta
2605 3527 2636 3567 a
2667 3527 2760 3581 Spe
2791 3514 2841 3568 in
2875 3514 3062 3570 Deum.
3109 3515 3175 3570 Et
3210 3520 3419 3577 nomine
3445 3517 3633 3572 Domini

2054 3602 2195 3656 ultus
2207 3615 2322 3653 sum
2341 3602 2396 3656 in
2408 3618 2514 3658 eos.
2535 3604 2621 3660 11.
2642 3605 3025 3662 Circumdantes
3063 3599 3501 3666 circumdederunt
3545 3626 3630 3671 nte,

2055 3706 2101 3752 et
2125 3697 2327 3751 nomine
2345 3696 2552 3752 Domini
2577 3698 2714 3753 ultus
2736 3717 2847 3753 sum
2872 3703 2924 3755 in
2950 3718 3053 3756 eos.
3081 3701 3167 3756 12.
3198 3703 3633 3759 (.‘ircumdedernnt

2056 3805 2136 3843 me
2163 3791 2292 3844 sicut
2315 3806 2434 3858 apes
2462 3790 2653 3859 favum,
2681 3800 2725 3845 et
2753 3803 3048 3847 exarserunt
3072 3796 3202 3848 sicut
3229 3797 3362 3866 ignis
3391 3797 3442 3850 in
3466 3797 3628 3867 spinis,
3687 3867 3689 3870 Q

2052 3892 2099 3936 et
2123 3883 2175 3936 in
2198 3883 2400 3936 nomine
2429 3881 2632 3936 Domini
2662 3884 2797 3938 ultus
2817 3902 2924 3938 sum
2945 3888 2998 3939 in
3013 3903 3117 3940 eos.
3159 3886 3353 3944 Vidisti
3381 3888 3631 3959 quomodo

2052 3972 2304 4028 describit
2331 3989 2684 4028 aerumnarum
2712 3976 3167 4043 magnitudinem?
3195 3977 3310 4032 Non
3341 3982 3480 4035 enim
3507 3979 3628 4033 dixit

2051 4064 2408 4131 solummodo,
2436 4063 2885 4120 Circumdederunt
2916 4084 2935 4121 :
2963 4068 3076 4134 sed,
3109 4068 3255 4123 Sicut
3280 4087 3421 4140 apes,
3444 4079 3489 4124 et
3513 4071 3626 4123 sicut

2052 4157 2185 4226 ignis
2205 4157 2256 4210 in
2283 4157 2442 4227 spinis
2463 4173 2482 4210 :
2512 4173 2606 4226 per
2644 4173 2770 4227 apes
2799 4159 3010 4230 quidem
3063 4177 3308 4231 magnam
3341 4163 3499 4217 animi
3529 4163 3627 4214 ala-

2052 4249 2317 4315 critatem,
2363 4265 2457 4319 per
2489 4251 2669 4319 spinas
2697 4267 2824 4307 vero
2867 4253 2997 4307 iram
3028 4254 3439 4323 intolerabilem,
3470 4265 3522 4311 et
3547 4253 3626 4324 qui

2053 4341 2322 4411 exstingui
2356 4357 2458 4395 non
2491 4342 2845 4411 poterat.bilis
2875 4345 3120 4399 ardorem
3153 4346 3480 4415 signiﬁcans.
3509 4346 3627 4413 Quis

2053 4432 2196 4485 enim
2218 4431 2515 4488 cohibuerit
2536 4435 2728 4504 ignem,
2753 4435 2844 4504 qui
2885 4435 2938 4489 in
2963 4436 3144 4504 spinas
3175 4436 3402 4492 incidit?
3431 4437 3533 4491 Eos
3557 4443 3629 4489 ta-

2053 4539 2198 4587 men,
2231 4524 2422 4593 inquit,
2454 4533 2559 4579 tam
2587 4526 2932 4582 vehementer
2957 4537 3009 4582 et
3038 4536 3144 4582 tam
3175 4529 3424 4584 celeriter
3448 4542 3626 4582 accen-

2052 4627 2163 4681 sos,
2196 4630 2315 4670 cum
2347 4631 2433 4671 me
2456 4615 2689 4671 medium
2744 4619 3170 4687 intercepissent,
3212 4633 3318 4673 non
3362 4620 3530 4673 solum
3559 4615 3629 4671 ef—

2052 4706 2180 4776 fugi,
2209 4707 2301 4762 sed
2330 4708 2491 4763 etiam
2522 4707 2661 4763 ultus
2687 4723 2826 4762 sum.
2853 4707 2985 4762 Vide
3016 4709 3117 4763 hoc
3147 4709 3318 4773 ipsum
3343 4710 3454 4765 ﬁeri
3477 4709 3623 4764 etiam

2053 4798 2104 4852 in
2135 4799 2378 4853 materia.
2409 4797 2546 4869 Ignis
2568 4800 2709 4853 enim
2746 4799 2934 4854 rubum
2958 4799 3166 4866 urebat,
3201 4810 3254 4856 et
3280 4816 3454 4872 neque
3477 4799 3623 4855 rubus

2049 4889 2464 4944 comburebatnr
2485 4887 2678 4962 (Exod.
2703 4889 2784 4961 5),
2814 4905 2913 4946 nec
2951 4891 3040 4947 ille
3060 4893 3512 4961 exstinguebatur,
3539 4888 3622 4942 sed

2051 4989 2276 5050 utraque
2317 4991 2440 5035 tunc
2487 4981 2778 5035 manebant
2815 4981 2970 5035 simul
3005 4985 3408 5048 conversantia,
3444 4995 3536 5035 nec
3571 4995 3622 5033 se

2050 5072 2437 5125 consumentia.
2467 5072 2623 5141 Atqui
2651 5072 2778 5142 quid
2810 5081 2893 5126 est
2916 5073 3051 5127 rubo
3081 5073 3250 5144 magis
3275 5074 3545 5129 ilaccidum
3574 5082 3621 5126 et

2051 5162 2416 5217 imbecillum?
2435 5163 2559 5233 quid
2585 5172 2761 5218 autem
2794 5164 2915 5234 igne
2940 5172 3022 5219 est
3041 5165 3354 5220 ardentius?
3383 5165 3618 5220 Admira-

2052 5254 2172 5310 bilis
2208 5264 2382 5309 tamen
2428 5255 2518 5310 Dei
2569 5257 2824 5325 potentia,
2878 5271 2998 5325 qua:
3041 5273 3128 5311 res
3158 5257 3282 5313 facit
3327 5259 3617 5328 Opinionem

2115 5415 2188 5477 (il)
2221 5414 2304 5462 Hic
2324 5426 2469 5476 porro
2491 5411 2818 5477 tribunustlle
2837 5420 2939 5477 est,
2973 5427 3048 5462 cui
3088 5417 3286 5464 innixus
3313 5427 3403 5464 rex
3436 5411 3619 5462 lsraelis

2049 5474 2270 5526 Elismum
2310 5474 2596 5538 prophetam
2635 5475 2782 5538 adiit,
2821 5474 2935 5524 dum
2973 5477 3281 5538 obsideretur
3315 5478 3538 5538 Samaria,
3571 5479 3616 5521 et

2049 5511 2714 5596 δίιῑῖίιῖιέτῑῖὲιὶιννεηςηξξς
2735 5511 2952 5599 "una;
2973 5511 3455 5606 manafz‘nar'i
3475 5537 3505 5606 ε

2050 5612 2218 5662 ἀπαρίνοη
2277 5612 2485 5663 τρωτρτης,
2503 5611 2554 5663 ις
2578 5611 2618 5647 ὃν
2636 5610 2656 5647 ὅ
2682 5611 2847 5663 paulng
2874 5597 3135 5655 iuvenilium.
3148 5605 3193 5663 ξι
3219 5597 3616 5663 νεερὸτιάίιμρνὶὺκ-

2050 5659 2243 5712 miscui
2262 5659 2353 5710 rex
2373 5659 2679 5722 innitebatur.
2713 5660 2941 5722 Nimirum
2971 5673 3083 5708 cum
3118 5659 3310 5711 Elisazus
3342 5659 3615 5722 praediceret

2051 5725 2344 5784 insequente
2375 5722 2457 5769 die
2493 5719 2597 5770 fore
2627 5731 2792 5784 rerum
2825 5719 3264 5784 alimentorumque
3286 5719 3494 5783 coiiam,
3519 5723 3614 5784 post

2052 5781 2232 5834 tantam
2270 5783 2473 5846 famem;
2497 5796 2606 5832 cum
2639 5782 2722 5831 ille
2752 5784 2967 5846 sedictis
2991 5781 3241 5846 prepbeize
3263 5781 3512 5846 ﬁdemnon
3537 5781 3612 5846 ha-

2052 5846 2176 5894 bere
2216 5844 2583 5901 testificaretur,
2618 5845 2866 5907 respondit
2903 5842 3124 5904 elisieus,
3171 5855 3236 5895 Tu
3273 5844 3446 5898 videbis
3475 5842 3616 5894 oculis

2053 5907 2163 5970 tuis,
2189 5914 2232 5957 et
2265 5920 2357 5957 non
2379 5907 2623 5970 gustabis,‘
2651 5908 2695 5956 id
2720 5907 2845 5970 quod
2875 5910 3018 5957 etiam
3044 5908 3226 5959 evenit.
