3956 6404
210 467 274 523 51
864 498 867 503 -
1199 462 1565 522 EXPOSITIO
1604 464 1674 521 IN
1709 466 1738 523 ῐ

1842 451 2040 527 mum
2077 471 2285 533 cxvn.

166 586 277 640 τῶν
311 581 462 653 παρά
488 579 586 634 τοῦ
612 577 745 634 Θεοῦ
766 578 1107 651 συμϐάντων,
1133 579 1244 636 ἀλλ’
1267 581 1375 635 ἀπὸ
1399 575 1508 636 τῶν
1533 582 1742 656 ἀνθρω-

168 680 344 733 πίνων
394 676 735 749 καταπλῆξαι
790 675 1041 731 ἐϐούλετο
1062 718 1077 743 ,
1116 677 1371 743 δεδοικὼς
1420 678 1599 733 αὐτῶν
1648 679 1749 752 τὴν

168 777 357 848 εφοδον
379 792 396 808 ·
428 774 509 829 διὸ
549 775 641 829 καὶ
672 776 795 840 τοὺς
825 774 1131 847 θησαυροὺς
1162 776 1343 839 αὐτοῖς
1375 774 1662 838 ἐδείκνυεν,
1690 777 1748 828 ἐν

166 880 280 939 τοῖς
302 876 598 948 θησαυροῖς
616 876 715 936 τὰς
750 872 970 936 ἐλπίδας
1007 872 1167 943 ἔχων.
1199 873 1290 926 Διὸ
1319 872 1383 944 δὴ
1412 873 1507 927 καὶ
1549 875 1577 927 6
1615 873 1749 938 Θεὸς

168 971 525 1045 παροξυνθείς
558 988 720 1040 φησι,
754 969 1063 1039 Λήψονται
1097 968 1284 1023 ταῦτα
1330 969 1553 1023 πάντα⁶
1594 987 1748 1024 τουτ-

168 1073 312 1135 ἐστι,
356 1068 495 1141 Παρ’
526 1064 608 1133 οἷς
646 1067 882 1138 ήλπισας
904 1106 919 1131 ,
959 1060 1041 1129 οἷς
1085 1064 1323 1139 θαρρεῖς.
1368 1066 1540 1121 Τοῦτο
1589 1067 1683 1121 καὶ
1718 1069 1747 1120 6

186 1166 398 1240 Ἰσραὴλ
447 1164 790 1235 ἐγκαλεῖται,
824 1164 907 1217 ὅτι
945 1162 1009 1234 δὴ
1043 1163 1291 1233 χρήμασι
1338 1163 1604 1236 ἐθάρρουν
1652 1163 1747 1217 καὶ¹

172 1265 375 1329 ἵπποις.
408 1261 500 1316 Διὸ
536 1263 630 1315 καὶ
656 1260 887 1332 παρῄνει
916 1260 1101 1323 αὐτοῖς
1126 1261 1155 1312 6
1181 1262 1484 1331 προφήτης,
1523 1262 1637 1323 τοῖς
1659 1261 1747 1314 ἐν·

112 1336 117 1340 ἢ
167 1360 366 1423 αντίοις
391 1355 724 1425 ἐξιλεοῦσθαι
745 1357 837 1410 τὸν
861 1357 1013 1423 Θεὸν,
1038 1357 1131 1411 καὶ
1155 1356 1331 1426 λέγειν
1347 1376 1360 1390 ·
1393 1359 1518 1428 Ἐφ’
1539 1358 1745 1424 ἵπποις

165 1459 277 1512 οὐκ
322 1456 763 1523 ἀναϐησόμεθα.
792 1449 854 1507 Ὀ
880 1453 1012 1518 Θεός
1043 1472 1101 1506 σε
1133 1456 1285 1525 τιμᾷ,
1326 1455 1419 1509 καὶ
1454 1455 1517 1508 σὺ
1553 1454 1745 1507 σαυτὸν

164 1555 482 1624 ἀτιμάζειςς
517 1553 545 1604 6
578 1550 709 1614 Θεός
742 1568 803 1604 σε
838 1551 991 1621 τιμᾷ,
1020 1552 1118 1622 τήν
1160 1552 1288 1623 παρ’
1322 1552 1486 1605 αὑτοῦ
1520 1568 1744 1621 συμμα-

162 1650 286 1721 χίαν
324 1645 777 1718 ὑπισχνούμενος,
812 1646 906 1700 καὶ
936 1647 999 1700 σὺ
1040 1647 1176 1717 πρὸς
1205 1648 1549 1718 ἀνθρωπίνας
1584 1666 1745 1703 κατα-

163 1745 386 1815 φεύγεις
414 1742 653 1809 ἐλπίδας,
696 1744 791 1796 καὶ
826 1742 1019 1814 ἀψύχῳ
1053 1742 1157 1819 ῦλῃ
1196 1748 1307 1807 τοῖς
1357 1746 1603 1817 χρήμασι
1646 1744 1744 1816 τὴν

163 1841 353 1894 ἐλπίδα
383 1857 478 1894 σου
511 1840 612 1911 τῆς
646 1841 920 1910 σωτηρίας
948 1841 1260 1903 πιστεύεις;
1287 1840 1362 1893 Οὐ
1397 1840 1506 1912 γὰρ
1540 1841 1605 1914 δὴ
1643 1844 1745 1896 σῶ-

166 1957 251 1993 σαι
280 1939 440 2009 ζητεῖ
484 1938 666 2010 μόνον,
711 1936 846 1990 ἀλλά
875 1937 969 1989 καὶ
1017 1936 1254 2004 ἐντίμως
1297 1936 1458 1991 τοῦτο
1493 1940 1737 2011 ποιῆσαι.

164 2038 376 2108 Σφόδρα
404 2052 464 2089 σε
511 2034 674 2104 φιλεῖ,
715 2033 809 2086 καὶ
837 2033 924 2087 διὰ
950 2032 1108 2086 τοῦτό
1141 2050 1199 2086 σε
1238 2033 1455 2089 πάντων
1488 2035 1737 2104 ἀπάγων,

160 2137 340 2207 ἐαυτῷ
360 2134 644 2206 προσηλοῖ,
670 2133 763 2186 καὶ
787 2131 964 2185 πάντα
990 2132 1359 2203 περικόπτων,
1390 2133 1527 2207 πρὸς
1550 2134 1740 2189 ἐαυτὸν

160 2236 302 2302 ἀγει,
352 2230 640 2302 μονονουχὶ
682 2228 841 2281 τοῦτο
890 2227 1063 2297 λέγων
1094 2229 1160 2281 δι’
1193 2221 1269 2282 ὧν
1292 2232 1452 2283 ποιεῖ·
1499 2231 1587 2284 Ἐν
1614 2231 1740 2301 ἐμοὶ

159 2334 256 2395 τὰς
283 2330 509 2392 ἐλπίδας
531 2328 644 2398 ἔχε,
675 2326 770 2379 καὶ
799 2327 924 2396 ἐμοὶ
950 2327 1183 2398 πρόσεχε
1213 2327 1498 2399 διηνεκῶς.
1523 2329 1740 2398 Κύριος

159 2430 289 2500 ἐμοὶ
318 2428 571 2497 βοηθὸς,
603 2425 764 2494 κάγὼ
792 2424 1090 2494 ἐπόψομαι
1139 2424 1283 2490 τοὺς
1311 2426 1563 2494 ἐχθρούς
1594 2444 1735 2495 μου.

169 2529 331 2601 Ὁρᾷς
352 2528 455 2581 οὐκ
473 2512 636 2578 αὐτὸν
665 2521 1026 2594 ἀμυνόμενον,
1055 2522 1175 2576 οὐδὲ
1195 2524 1570 2590 ἐπεξελθόντα,
1602 2526 1739 2581 ἀλλά

156 2627 233 2699 τῷ
260 2623 384 2695 Θεῷ
414 2620 725 2694 ἀμύνασθαι
754 2619 1189 2691 παραχωροῦντα
1223 2622 1348 2684 τοὺς
1374 2621 1630 2693 ἐχθρούς

239 2721 483 2794 Ἀγαθὸν
517 2718 858 2774 πεποιθέναι
889 2718 989 2772 ἐπὶ
1028 2720 1250 2787 Κύριον
1268 2761 1283 2785 ,
1322 2721 1360 2789 ἢ
1390 2720 1737 2778 πεποιθέναι

156 2820 247 2875 ἐπ’
289 2818 629 2886 ἄνθρωπον.
670 2814 911 2884 Ἀγαθὸν
958 2812 1220 2876 ἐλπίζειν
1265 2816 1364 2894 ἐπὶ
1408 2819 1659 2886 Κύριον,
1694 2819 1735 2890 ἣ

154 2919 416 2980 ἐλπίζειν
461 2915 556 2971 ἐπ’
593 2914 906 2985 ἄρχουσιν.
944 2914 1019 2968 06
1064 2915 1206 2969 κατά
1247 2914 1534 2988 σύγκρισιν
1563 2916 1739 2973 ταῦτα

156 3016 424 3087 προάγει,
465 3012 581 3067 ἀλλ’
610 3011 731 3075 ἔθος
774 3013 840 3082 τῇ
872 3011 1062 3082 Γραφῇ
1103 3010 1279 3083 τούτῳ
1314 3014 1615 3087 κεχρῆσθαι
1658 3015 1737 3087 τῷ

150 3115 346 3185 τρόπῳ
378 3112 471 3166 καὶ
507 3111 601 3164 ἐπὶ
640 3108 751 3164 τῶν
802 3108 1150 3180 ἀσυγκρίτων
1181 3109 1270 3163 διὰ
1307 3113 1406 3183 τὴν
1453 3112 1736 3168 ἀσθένειαν

153 3214 270 3268 τῶν
294 3211 419 3264 τότε
457 3208 781 3263 ἀκουόντων.
806 3207 917 3261 Ούκ
962 3207 1074 3278 ἄρα
1103 3207 1408 3279 συγκρίνων
1439 3209 1597 3264 τοῦτό
1632 3228 1737 3282 φη-

158 3326 273 3373 σιν,
303 3306 439 3361 ἀλλά
460 3303 909 3374 συγκαταϐαίνων
941 3302 1191 3367 ἐκείνοις.
1224 3304 1322 3358 Διά
1353 3305 1415 3378 δὴ
1447 3305 1605 3362 τοῦτο
1642 3309 1735 3363 καί⁹

151 3406 347 3477 ἔτερος
373 3405 654 3474 προφήτης
680 3400 893 3469 ἐλεγενο
942 3401 1401 3470 Ἐπικατάρατος
1428 3402 1546 3470 πᾶς
1579 3408 1613 3459 ὁ
1637 3406 1738 3460 ἐλ-

150 3502 336 3565 πίζων
362 3501 457 3555 ἐπ’
492 3494 808 3568 ἄνθρωπον
826 3514 842 3530 σ
875 3497 1028 3552 οὐδὲν
1057 3497 1168 3570 γὰρ
1196 3498 1402 3571 ταύτης
1429 3500 1737 3556 εὐτελέστε-

154 3617 246 3670 ρον
296 3599 401 3669 τῆς
445 3595 685 3658 ἐλπίδος·
723 3594 815 3647 καὶ
854 3593 963 3663 γὰρ
1001 3595 1096 3649 καὶ
1143 3595 1314 3666 αὐτῆς
1348 3596 1447 3666 τῆς
1494 3597 1738 3668 ἀράχνης

154 3693 515 3765 εὐτελεστὲρα
543 3692 659 3745 ἐστί
676 3708 689 3722 ο
715 3690 988 3761 μᾶλλονδὲ
1016 3691 1116 3745 οὐκ
1136 3692 1368 3764 ἀσθενὴς
1393 3694 1572 3763 μόνον,
1599 3694 1736 3751 ἀλλά

152 3808 248 3847 και
276 3790 609 3861 ἐπισφαλής.
647 3789 758 3843 Καὶ
784 3790 962 3843 ἴσασιν
983 3789 1101 3844 ὅσοι
1134 3789 1391 3854 πολλάκις
1415 3791 1502 3845 ἐπ’
1522 3791 1735 3864 ἀνθρώ-

152 3882 277 3955 ποις
301 3889 699 3960 θαρρήσαντες,
730 3887 914 3950 αὐτοῖς
942 3886 1172 3949 ἐκείνοις
1192 3888 1731 3960 συγκατηνέχθησαν.

160 3990 231 4043 Ἦ
258 3988 317 4041 δέ
350 3988 431 4049 είς
454 3985 546 4039 τὸν
569 3983 701 4038 Θεὸν
722 3984 876 4048 ἐλπὶς
899 3983 1000 4038 οὐκ
1032 3984 1227 4055 ίσχυρά
1255 3985 1413 4055 μόνον
1441 3988 1577 4051 ἐστὶ,
1598 3987 1736 4042 ἀλλά

152 4086 249 4140 καὶ¹
282 4083 552 4154 ἀσφαλὴς,
583 4082 685 4136 οὐκ
714 4080 914 4152 ἔχουσά
944 4097 1067 4134 τινα
1100 4080 1424 4152 μεταϐολήν.
1465 4083 1557 4137 Διὸ
1581 4086 1677 4138 καὶ
1706 4088 1735 4141 6

150 4180 372 4243 Παῦλος
402 4177 585 4246 ἔλεγεν
603 4193 618 4209 ·
647 4176 717 4230 ἸΙ
753 4175 822 4229 δὲ
848 4174 1025 4242 ἐλπὶς
1047 4178 1120 4230 οὐ
1149 4180 1558 4248 καταισχύνει.
1578 4181 1735 4234 Ἔτε-

150 4293 245 4346 ρος
270 4273 331 4327 δέ
371 4289 455 4337 τις
489 4272 673 4342 σοφὸς,
722 4270 1113 4340 Ἐμϐλέψατε,
1153 4274 1334 4343 φησιν,
1366 4276 1453 4339 εὶς
1483 4274 1734 4345 ἀρχαίας

148 4372 386 4442 γενεὰς,
431 4370 528 4424 καὶ
564 4368 739 4433 laets,
770 4369 863 4435 τίς
902 4366 1169 4437 ἤλπισεν
1202 4368 1302 4422 ἐπί
1346 4372 1598 4439 Κύριον,
1633 4372 1732 4426 καὶ

146 4465 573 4537 κατῃσχύνθη.
607 4464 745 4518 Ἀλλ’
777 4463 919 4533 ἐγὼ,
969 4463 1165 4534 φησὶν,
1202 4465 1427 4535 ήλπισα,
1472 4468 1566 4523 καὶ
1599 4486 1733 4522 κατ·
1768 4502 1771 4503 ν

144 4564 451 4639 ῃσχύνθην.
471 4562 740 4631 Εὐφήμει,
760 4560 1035 4630 ἄνθρωπε,
1055 4562 1128 4631 μή
1146 4561 1505 4632 ἀντιφθέγγου
1525 4568 1590 4636 τῇ
1614 4565 1734 4639 θείᾳ

144 4663 369 4735 Γραφῇ·
404 4660 454 4713 εί
495 4659 587 4712 καὶ
619 4656 999 4730 κατῃσχύνθης
1021 4668 1072 4721 ⁸,
1119 4659 1185 4711 ἐκ
1220 4659 1315 4712 τοῦ
1350 4661 1427 4733 μὴ
1459 4662 1536 4727 ὡς
1566 4664 1733 4735 ἐχρῆν

142 4762 407 4824 ἐλπίσαι,
458 4759 523 4811 ἐκ
555 4756 649 4810 τοῦ
687 4755 966 4823 ἐνδοῦναι,
1003 4757 1069 4809 ἐκ
1103 4755 1198 4809 τοῦ
1237 4756 1312 4829 μὴ
1352 4759 1641 4827 ἀναμεῖναι
1672 4761 1734 4814 τὸ

137 4858 323 4922 τέλος,
364 4858 430 4910 ἐκ
460 4854 556 4909 τοῦ
594 4851 1016 4925 μικροψυχῆσαι.
1056 4852 1216 4906 Ἀλλά
1250 4854 1325 4925 μὴ
1363 4853 1520 4908 τοῦτο
1553 4856 1730 4909 ποίειο

138 4954 263 5008 ἀλλ’
290 4954 422 5007 ὅταν
450 4951 565 5025 ίδῃς
591 4950 659 5003 τά
681 4948 832 5003 δεινά
855 4948 1198 5020 ἐπικείμενα,
1232 4949 1308 5020 μὴ
1338 4951 1653 5025 καταπέσῃς
1678 4960 1729 5010 b,

138 5051 324 5104 Τοῦτο
351 5050 463 5120 γάρ
493 5046 729 5119 μάλιστά
750 5046 903 5099 ’ἐστιν
926 5045 1165 5113 ἐλπίσαι,
1197 5045 1260 5100 τὸ
1292 5050 1351 5102 ἐν
1378 5047 1530 5122 μέσῳ
1562 5050 1730 5122 ἐμϐε..

139 5148 363 5217 ϐηκότα
394 5149 508 5210 τοῖς
532 5145 788 5217 χαλεποῖς
812 5147 1126 5219 ὀρθοῦσθαι.

212 5246 281 5311 γ’.
317 5242 384 5294 Τί
414 5240 522 5294 τῶν
545 5241 834 5313 βαρϐάρων
852 5244 1095 5310 ἐκείνων,
1114 5244 1221 5298 τῶν
1251 5244 1546 5301 Νινευῖτῶν
1564 5248 1729 5317 λέγω,

132 5334 480 5407 ἀθλιώτερον
520 5330 620 5407 ἧνς
654 5336 767 5390 ἀλλ’
794 5338 944 5408 ὅμως
991 5341 1050 5395 ἐν
1076 5341 1212 5413 αὐτῇ
1252 5343 1486 5408 ἑστῶτες
1521 5346 1590 5414 τῇ
1626 5361 1731 5397 πα-

132 5433 275 5501 γίδι,
299 5432 457 5505 [521]
494 5434 590 5487 καὶ
623 5433 1049 5505 προσδοκῶντες,
1090 5438 1174 5491 ὅτι
1202 5442 1447 5494 πεσεῖται
1481 5442 1513 5511 ἡ
1551 5440 1727 5505 πόλις.

130 5530 263 5583 οὐδὲ
306 5529 482 5594 οὕτως
510 5531 858 5600 ἀπέγνωσαν,
893 5535 1029 5591 ἀλλὰ
1068 5537 1357 5607 μετάνοιαν
1389 5539 1730 5604 ἐπεδείξαντο

131 5627 240 5697 τὴν
261 5626 470 5699 ἀκριϐῆ
490 5644 503 5659 ·
524 5627 606 5682 διὸ
631 5630 724 5682 καὶ
744 5630 838 5683 τοῦ
869 5631 1006 5686 Θεοῦ
1028 5633 1127 5703 τὴν
1148 5634 1420 5704 ἀπόφασιν
1440 5638 1522 5701 εἰς
1543 5637 1604 5692 τὸ
1628 5638 1729 5691 πά-

199 5778 230 5849 ξ
256 5777 344 5823 Sic
368 5775 518 5849 SaviQ.
561 5779 915 5849 ηεξαίοκὶξοςθι.
940 5783 981 5849 εἰ
1002 5782 1054 5830 δὲ
1091 5784 1172 5832 καὶ
1191 5799 1323 5844 κατ..
1364 5798 1474 5848 qua:
1494 5787 1730 5849 particula

127 5835 179 5882 δέ
211 5842 369 5886 lotam
396 5840 694 5887 senlenliam
719 5840 1053 5893 labefac-Iabat.

194 5899 226 5942 δ
254 5901 415 5949 Savll.
443 5903 554 5949 τότε
579 5917 646 5956 μη
668 5906 959 5967 καταπέσῃ.
1058 5951 1069 5961 _

3316 490 3427 546 552

1852 582 1936 638 λιν
1957 586 2294 662 ὑποστρέψαι
2310 592 2749 663 παρεσκεύασαν.
2768 591 2919 660 Εἶδες
2935 596 3074 672 πόση
3095 601 3193 674 τῆς
3212 602 3426 675 ἐλπίδος

1850 682 1884 751 ἡ
1926 683 2111 755 ίσχύς;
2134 688 2200 740 Τί
2223 687 2279 741 δὲ
2319 687 2528 752 αύτὺςό
2564 692 2883 763 προφήτης;
2920 695 3020 748 οὐκ
3054 699 3112 750 ἐν
3140 702 3205 770 τῇ
3244 701 3426 775 κοιλίᾳ

1849 778 1942 831 τοῦ
1978 781 2177 850 κήτους
2206 782 2303 848 ὣν,
2330 783 2424 837 τοῦ
2457 784 2586 838 ναοῦ
2617 788 2711 840 καὶ
2742 786 2835 858 τῆς
2863 789 2942 852 εἰς
2973 790 3041 845 τὰ
3075 788 3426 868 Ἰεροσόλυμα

1850 875 2110 930 ἐπανόδου
2158 878 2468 950 ἐμέμνητο;
2513 881 2623 934 Καὶ
2662 883 2726 936 σὺ
2759 884 2959 951 τοίνυν,
3003 887 3108 941 κᾶν
3140 891 3220 953 είς
3261 889 3425 944 αὐτὸν

1847 969 2024 1041 ἐμϐᾔς
2050 972 2142 1026 τὸν
2170 972 2417 1039 θάνατον,
2436 976 2530 1029 καὶ⁸
2557 978 2825 1031 τοσούτων
2846 981 3224 1056 ἐπικρεμασθῇ
3250 985 3427 1040 κινδύ-

1849 1081 1956 1118 νων
1986 1066 2236 1137 μέγεθος,
2267 1069 2347 1142 μὴ
2375 1071 2650 1142 ἀπογνῷς.
2674 1074 2907 1128 Δυνατὸν
2940 1076 3048 1148 γάρ
3078 1077 3154 1149 τῷ
3185 1079 3303 1151 Θεῷ
3328 1082 3425 1137 καὶ

1854 1161 1914 1228 ἐξ
1951 1163 2174 1234 ἀπόρων
2205 1165 2371 1235 πόρον
2412 1167 2616 1238 εὑρεῖν.
2640 1167 2730 1221 Διὸ
2764 1170 2860 1224 καί
2885 1187 2969 1236 τις
3004 1173 3166 1241 σοφὸς
3204 1174 3422 1245 ἐλεγεν⁶

1859 1256 1993 1315 Ἀπὸ
2019 1261 2172 1325 πρωϊ
2187 1269 2208 1298 ε
2232 1258 2342 1327 ἓως
2361 1262 2478 1330 ὀψὲ
2492 1264 2817 1332 μεταϐολαί
2837 1268 3086 1327 πολλαὶ.
3103 1269 3200 1323 καί
3229 1271 3426 1325 πάντα

1845 1353 2060 1422 ταχινὰ
2081 1354 2340 1411 ἐνώπιον
2358 1357 2564 1412 αὐτοῦ.
2583 1359 2697 1412 Οὐκ
2718 1356 2856 1426 εἶδες
2881 1362 2971 1416 τὸν
3006 1364 3340 1438 περιστάτην
3366 1369 3424 1421 ἐν

1845 1449 2076 1521 ἀφθονίᾳ
2106 1450 2478 1523 λιμώττοντα;
2515 1455 2616 1508 οὐκ
2658 1450 2797 1522 εἶδες
2836 1458 2936 1528 τὴν
2965 1460 3135 1530 χήραν
3168 1461 3311 1535 λιμῷ
3335 1463 3426 1516 εύ-

1846 1546 2218 1619 θηνουμένην;
2251 1550 2421 1604 Ὅταν
2453 1551 2532 1614 είς
2552 1550 2785 1622 ἀπορίαν
2811 1553 2879 1606 τὰ
2914 1555 3217 1629 πράγματα
3249 1559 3427 1630 ἐμπέ-

1847 1654 1937 1714 σῃ,
1962 1643 2083 1696 τότε
2119 1644 2356 1715 μάλιστα
2404 1645 2613 1711 ἔλπιζε.
2645 1649 2781 1703 Τότε
2809 1649 2919 1722 γὰρ
2961 1653 3196 1724 μάλιστα
3233 1656 3263 1710 6
3291 1655 3425 1722 Θεὸς

1844 1740 2213 1795 ἐπιδείκνυται
2251 1743 2350 1815 τήν
2379 1744 2575 1798 ἐαυτοῦ
2603 1745 2852 1820 δύναμιν,
2876 1750 2976 1804 οὐκ
3000 1752 3066 1805 ἐκ
3099 1752 3422 1825 προοιμίων,

1843 1835 1960 1889 ἀλλ’
1985 1837 2113 1891 ὅταν
2137 1837 2205 1892 τά
2234 1841 2386 1914 παρά
2413 1840 2523 1894 τῶν
2552 1841 2855 1915 ἀνθρώπιον
2883 1846 3234 1919 ἀπογνωσθῇ.
3254 1842 3423 1913 Οὗτος

1844 1931 1956 2004 γάρ
1974 1933 2082 2004 πῆς
2121 1933 2215 1988 τοῦ
2246 1934 2381 1988 Θεοῦ
2429 1936 2679 2008 βοηθείας
2708 1941 2736 1993 6
2769 1941 2978 2012 καιρός.
3025 1943 3124 1997 Διά
3165 1943 3230 2015 δὴ
3267 1943 3424 1998 τοῦτο

1841 2027 1965 2081 οὔτε
2001 2030 2126 2094 τοὺς
2163 2031 2357 2094 παῖδας
2394 2033 2459 2086 ἐκ
2501 2034 2798 2106 προοιμίων
2836 2037 3105 2108 ἥρπασεν,
3126 2039 3262 2093 ἀλλά
3283 2039 3423 2111 μετά

1839 2123 1939 2194 τὴν
1975 2124 2203 2195 κάμινον
2223 2142 2236 2156 ·
2274 2125 2399 2180 οὔτε
2434 2128 2526 2182 τὸν
2564 2129 2762 2201 Δανιὴλ
2782 2133 2909 2203 πρὶν
2928 2133 2961 2204 ἢ
2983 2135 3263 2204 ἐμπεσεῖν,
3285 2134 3422 2187 ἀλλά

1845 2221 1982 2290 μετά
2020 2221 2117 2284 τὰς
2154 2223 2296 2278 ἐπτά
2334 2225 2569 2298 ἡμέρας.
2590 2227 2682 2296 Μὴ
2714 2227 2778 2299 δὴ
2798 2230 3030 2300 πρόσεχε
3048 2233 3112 2300 τῇ
3135 2231 3294 2299 φύσει
3311 2230 3422 2285 τῶν

1841 2316 2182 2387 πραγμάτων
2220 2321 2299 2384 είς
2335 2322 2644 2391 ἀπόγνωσιν
2666 2324 3064 2395 ἐμϐαλλόντων,
3089 2326 3225 2382 ἀλλά
3243 2332 3311 2399 τῇ
3330 2328 3423 2383 δυο

1838 2414 2001 2482 νάμει
2021 2413 2115 2467 τοῦ
2134 2414 2268 2469 Θεοῦ
2289 2419 2354 2489 τῇ
2376 2417 2444 2470 τά
2463 2420 2861 2492 ἀπεγνωσμένα
2880 2423 2959 2486 είς
2978 2422 3196 2488 ἐλπίδας
3212 2425 3423 2501 ἀγούσῃ

1839 2509 2101 2578 χρηστάς.
2123 2509 2294 2564 Τοῦτο
2312 2512 2376 2584 δὴ
2397 2512 2838 2587 καὶόΨαλμῳδὸς
2857 2517 3090 2583 δεικνὺς,
3114 2518 3209 2573 καὶ
3248 2520 3310 2573 16
3326 2519 3421 2574 εῦ-

1805 2607 1816 2616 “
1840 2620 2007 2674 πορον
2038 2606 2139 2677 τῆς
2171 2605 2264 2660 τοῦ
2285 2607 2419 2662 Θεοῦ
2448 2609 2732 2682 δυνάμεως
2754 2614 3103 2686 παραστῆσαι
3125 2615 3313 2684 θέλων,
3336 2618 3422 2673 ὅτι

1840 2703 1934 2755 καὶ
1971 2704 2051 2768 εἰς
2088 2705 2229 2760 αὐτὰ
2246 2705 2316 2759 τά
2332 2706 2480 2761 δεινά
2499 2710 2856 2780 ἐμπεσόντας,
2879 2713 2972 2766 καὶ
3013 2716 3421 2780 καταποθέντας

1839 2782 2213 2870 ἀνιμήσασθαι
2229 2802 2472 2868 δύναται,
2495 2806 2595 2857 οὐκ
2628 2807 2692 2860 ἐκ
2726 2808 3024 2878 προοιμίων
3046 2811 3229 2880 μόνον,
3251 2810 3419 2865 ἀκου-

1840 2909 1933 2947 σον
1964 2895 2018 2947 τί
2052 2896 2297 2967 ἐπήγαγε
2318 2914 2333 2929 ο
2354 2897 2559 2951 Πάντα
2576 2902 2647 2954 τὰ
2666 2900 2810 2969 ἔθνη
2833 2901 3189 2957 ἐκύκλωσαν
3204 2922 3300 2974 με.
3325 2900 3421 2959 Εἷ-

1836 2988 1921 3053 δες
1957 2988 2224 3060 ἄφευκτον
2267 2992 2544 3059 κίνδυνον;
2582 2996 2655 3048 Οὐ
2694 2995 2803 3068 γὰρ
2822 2999 2886 3051 ἐκ
2906 2999 3264 3067 παρατάξεως
3294 2996 3361 3072 ἦν
3380 3001 3416 3072 ή

1840 3084 2010 3156 μάχη,
2029 3086 2150 3141 οὐδὲ
2168 3087 2228 3152 ἐξ
2247 3086 2462 3152 εὐθείας
2490 3088 2759 3153 ἑστώτων,
2780 3092 2895 3146 ἀλλ’
2914 3092 3061 3148 ἔνδον
3093 3095 3415 3166 ἀπείληπτο,

1837 3182 1929 3236 καὶ
1945 3183 2021 3245 ὡς
2040 3184 2248 3255 σαγήνῃ
2278 3184 2382 3237 τινὶ⁵
2418 3185 2824 3258 περιεϐέϐλητο,
2847 3190 2941 3243 καὶ
2973 3189 3162 3262 ὥσπερ
3201 3192 3305 3246 ὑπὸ
3339 3193 3419 3245 δι-

1837 3277 2014 3331 κτύων
2036 3280 2327 3350 συνείχετο,
2349 3281 2447 3352 οὐχ
2467 3282 2554 3351 ὑφ’
2571 3283 2710 3349 ἐνὸς,
2731 3285 2957 3352 καὶδύο,
2976 3288 3070 3342 καὶ
3088 3288 3277 3359 τριῶν,
3300 3290 3416 3344 ἀλλ’

1836 3373 1940 3427 ὑπὸ
1960 3376 2068 3429 τῶν
2089 3377 2255 3430 ἐθνῶν
2278 3379 2532 3434 ἁπάντων
2552 3397 2566 3410 ·
2590 3381 2703 3435 ἀλλ’
2724 3384 2872 3455 ὅμως
2895 3365 3071 3438 πάντα
3093 3385 3416 3458 διερρήγνυ-

1835 3488 1896 3524 το
1915 3469 1982 3524 τά
2002 3472 2174 3543 δεσμὰ
2192 3474 2365 3527 ταῦτα
2383 3478 2448 3546 τῇ
2470 3479 2550 3541 εἰς
2569 3478 2700 3531 Θεὸν
2719 3479 2914 3534 ἐλπίδι.
2939 3481 3048 3536 Καὶ
3068 3481 3148 3548 τῷ
3171 3485 3418 3552 ὀνόματι

1836 3568 2056 3635 Κυρίου
2076 3569 2399 3639 ἠμυνάμην
2430 3574 2670 3639 αὐτούς.
2690 3574 3131 3642 Κυκλώσαντες
3149 3579 3415 3633 ἐκύκλω-

1836 3661 1958 3716 σάν
1971 3680 2068 3731 με,
2094 3664 2193 3718 καί
2218 3664 2296 3730 τῷ
2321 3668 2562 3736 ὀνόματι
2590 3671 2811 3736 Κυρίου
2830 3671 3152 3741 ἠμυνάμην
3171 3676 3412 3741 αὐτούς,

1850 3758 2233 3813 Ἐκύκλωσάν
2248 3779 2323 3830 με
2341 3763 2482 3816 ὡσεί
2498 3763 2791 3831 μέλισσαι
2814 3768 3043 3834 κηρίον,
3058 3769 3156 3821 καί
3176 3770 3419 3833 ἐξεκαύ-

1836 3858 2035 3923 θησαν
2054 3857 2135 3923 ὠς
2155 3857 2272 3925 πῦρ
2293 3859 2362 3911 ἐν
2381 3860 2661 3927 ἀκάνθαις
2675 3902 2690 3927 ,
2714 3862 2811 3915 καὶ
2834 3862 2912 3928 τῷ
2932 3865 3175 3934 ὀνόματι
3190 3868 3413 3935 Κυρίου

1834 3952 2155 4021 ἠμυνάμην
2172 3957 2412 4021 αὐτούς.
2439 3951 2588 4021 Εἶδες
2610 3956 2725 4021 πῶς
2763 3958 3050 4029 διαγράφει
3085 3960 3190 4015 τῶν
3224 3962 3414 4017 δεινῶν

1834 4048 1896 4101 τὸ
1920 4048 2147 4119 μέγεθος
2166 4067 2182 4117 ;
2216 4052 2290 4103 Οὐ
2325 4054 2431 4122 γὰρ
2451 4052 2636 4116 ἁπλῶς
2658 4048 2830 4118 εἶπεν,
2848 4055 3252 4121 Ἐκ-ύκλωσαν,
3274 4058 3412 4127 ἀλλ’,

1847 4144 2003 4199 Ὠσεί
2033 4147 2346 4216 μέλισσαι,
2369 4148 2468 4202 καὶ
2505 4149 2586 4215 ὡς
2621 4151 2740 4219 πῦρ
2763 4151 2833 4205 ἐν
2854 4152 3145 4220 ἀκάνθαις
3164 4172 3178 4186 ⁸
3207 4157 3296 4211 διὰ
3316 4156 3415 4229 μὲν

1833 4243 1943 4297 τῶν
1980 4245 2247 4315 μελισσῶν
2277 4246 2338 4298 τὸ
2372 4245 2601 4317 σφοδρὸν
2632 4247 2731 4318 τῆς
2769 4251 3098 4323 προθυμίας,
3117 4253 3206 4307 διὰ
3231 4255 3287 4309 δὲ
3307 4256 3414 4310 τῶν

1836 4340 2085 4395 ἀκανθῶν
2104 4340 2164 4395 τὸ
2182 4342 2452 4414 ἀφόρητον
2472 4343 2566 4397 τοῦ
2589 4343 2784 4417 θυμοῦ,
2808 4348 2904 4400 καὶ
2939 4349 3002 4401 τὸ
3032 4349 3296 4405 ἄσϐεστον
3315 4353 3416 4424 τῆς

1835 4437 2004 4508 ὀργῆς
2023 4439 2408 4509 αἰνιττόμενος,
2432 4440 2528 4504 Τίς
2545 4441 2654 4512 γὰρ
2676 4441 2857 4512 ὑφέξει
2878 4444 2989 4515 πῦρ
3016 4445 3279 4510 ἀκάνθαις
3311 4451 3412 4520 ἐμ-

1836 4534 2033 4601 πεσόν;
2065 4534 2203 4587 Ἀλλ’
2220 4537 2389 4606 ὅμως,
2405 4538 2590 4607 φησὶν,
2607 4537 2747 4590 οῦτω
2768 4539 3033 4611 σφοδρῶς,
3045 4540 3187 4595 οῦτω
3206 4545 3414 4615 ταχέως

1835 4630 2173 4699 ἀναφθέντας
2211 4632 2307 4685 καὶ
2344 4633 2403 4685 ἐν
2442 4631 2593 4703 μέσῳ
2625 4634 3054 4706 περιλαϐόνταςᾶ
3078 4638 3137 4690 o6
3163 4641 3322 4710 μόνον
3342 4640 3417 4694 δι-

1834 4726 2056 4795 έφυγον,
2079 4726 2214 4780 ἀλλά
2254 4727 2347 4780 καὶ
2386 4728 2700 4800 ἠμυνάμην.
2722 4729 2892 4784 Τοῦτο
2918 4731 3021 4802 ὅρα
3054 4735 3149 4788 καὶ
3184 4737 3278 4790 ἐπὶ
3305 4737 3415 4809 τῆς

1835 4821 1969 4892 ὕλης
2003 4822 2176 4892 αὐτῆς
2213 4824 2516 4893 γινόμενον.
2537 4825 2648 4878 Καὶ
2673 4825 2782 4898 γὰρ
2816 4826 2926 4899 πῦρ
2949 4829 3110 4899 βάτον
3128 4831 3298 4900 ἔκαιε,
3318 4836 3416 4888 καὶ

1833 4916 1957 4970 οὔτε
1976 4919 2011 4989 ἡ
2033 4916 2192 4988 βάτος
2213 4916 2362 4990 [522]
2382 4918 2616 4985 ἐκαίετο,
2634 4919 2757 4975 οὔτε
2777 4923 2956 4977 ἐκεῖνο
2973 4926 3276 4992 ἐσϐέννυτο,
3296 4929 3411 4984 ἀλλ’

1832 5014 2120 5086 ἀμφότερα
2135 5014 2231 5086 ἔμε
2240 5013 2396 5088 [ι]νεν
2412 5016 2703 5088 ὁμιλοῦντα
2718 5019 2989 5092 ἀλλήλοις,
3008 5027 3102 5079 καὶ
3115 5028 3215 5080 οὐκ
3228 5028 3414 5081 ἀναλι-

1835 5111 2096 5183 σκόμενα.
2124 5112 2318 5166 Καίτοι
2359 5111 2413 5167 τί
2455 5113 2779 5186 σαθρότερον
2820 5117 3015 5189 βάτου;
3054 5123 3107 5173 τί
3142 5123 3198 5175 δὲ
3239 5123 3410 5193 πυρὸς

1832 5208 2302 5283 καυστικώτερονς
2349 5210 2488 5265 Ἀλλ’
2506 5212 2656 5284 ὅμως
2677 5215 2710 5285 ή
2731 5213 3142 5286 θαυματουργὺς
3163 5217 3252 5269 τοῦ
3272 5216 3408 5272 Θεοῦ

1896 5469 1919 5499 ο
1947 5466 2244 5536 ln_ed_ilione
2264 5468 2480 5536 Bgmana
2498 5469 2689 5536 )ggiﬁnr
2704 5470 2799 5536 ἀπὸ
2817 5470 3038 5536 πρωΐθεν,
3064 5479 3115 5522 et
3143 5481 3314 5536 postea
3326 5480 3406 5527 καὶ

1829 5531 1984 5597 πάντα
2002 5530 2103 5578 ἐστὶ
2125 5532 2293 5597 ταχινὰ
2496 5530 2687 5597 κυρίου.
2714 5533 2819 5597 Mog
2844 5530 2925 5581 τὸν
2959 5530 3212 5597 τρίστάὲην
3252 5537 3403 5589 Savil.

1830 5594 1882 5641 in
1902 5604 2081 5666 _matg_:_
2203 5592 2582 5666 3366161116,}:
2613 5595 2686 5666 sig
2722 5595 2904 5656 legisse
2931 5592 3128 5666 ῇίιειυι·
3158 5592 3406 5666 Ηριξνείιιε

1828 5652 2106 5718 ψήχει-ιη,
2128 5652 2429 5718 ρνωῖοοιιιηι,
2462 5652 2557 5703 etsi
2580 5652 2902 5705 certum'nun
2921 5654 2990 5708 sit
3008 5663 3118 5708 utro
3149 5662 3296 5711 modo
3328 5665 3405 5713 le-

1827 5714 1976 5779 gerit.

1890 5789 1917 5829 ὁ
1934 5790 2093 5856 Βανὶι.
2117 5789 2451 5856 λαϐόντας-εί
2470 5791 2696 5856 ίηᾷιηυτε.
2723 5793 3074 5856 περιλαϐόντας.
3098 5795 3220 5845 Infra
3247 5797 3402 5849 Savﬂ.

2120 5829 2322 5838 ...πη-
2400 5829 2451 5840 ...
2686 5829 2696 5840 .
2729 5829 2783 5840 ..ε
2815 5829 3034 5843 ...κυνηι
3064 5834 3074 5843 .
3248 5829 3360 5847 ...η
3390 5836 3401 5849 .

1828 5856 1858 5908 ἡ
1887 5853 2028 5923 βάτος
2047 5829 2475 5923 κατεκαίετοΤΪΜυτ
2521 5829 2691 5904 δῖοι-οῖ.
2719 5829 2823 5905 ἀλλ”
2863 5857 2990 5920 ὅμως
3013 5830 3120 5908 τότε
3143 5861 3206 5921 ἀμ
3217 5829 3401 5923 ρὸτεγὶ·

1832 5916 1982 5965 Sam.
2018 5916 2198 5964 melius
2219 5915 2320 5963 ἀλλ’
2339 5916 2596 5980 ἀμφότερα.
