3956 6422
215 499 326 557 335

224 617 571 684 superantes,
602 609 845 683 permisit
863 615 918 663 ut
939 616 1160 676 utraque
1181 611 1478 660 manerent.
1501 595 1814 668 Huiusmodi

227 721 444 780 quoque
472 714 604 761 tunc
639 703 828 763 accidit
850 701 1186 756 miraculum.
1216 696 1366 752 Sicut
1393 694 1528 765 ignis
1550 693 1693 747 enim
1723 706 1818 745 ac-

230 798 540 862 currebant,
572 796 712 851 sicut
739 806 867 863 apes
884 806 1004 846 cum
1042 803 1231 860 magna
1256 787 1416 841 animi
1442 785 1715 840 alacritate
1741 783 1822 837 in-

233 894 520 955 vadebant,
547 891 688 943 intus
706 888 1051 956 interceptum
1081 881 1351 947 tenebant,
1374 894 1475 937 nec
1496 876 1692 949 aliquid
1722 891 1819 947 po-

235 993 453 1040 tuerunt
479 981 672 1036 facere.
714 981 874 1034 Arma
899 976 1039 1033 enim
1068 975 1283 1040 invicta,
1314 958 1571 1027 auxilium
1600 970 1824 1038 inexpu-

232 1076 468 1148 gnabile,
496 1073 587 1127 Dei
611 1086 803 1126 nomen
824 1070 967 1139 ipsos
981 1080 1168 1123 omnes
1187 1063 1407 1134 expulit.
1426 1063 1512 1117 l5.
1537 1060 1818 1130 lmpulsus,

237 1186 440 1227 eversus
460 1183 571 1222 sum
597 1174 653 1218 ut
680 1164 930 1228 caderem,
958 1169 1003 1217 et
1027 1159 1277 1214 Dominus
1314 1158 1533 1225 suscepit
1554 1172 1653 1208 me.
1685 1154 1826 1208 Dixit

236 1262 502 1316 maiorum
535 1254 944 1326 magnitudinem
974 1267 1003 1306 a
1043 1250 1412 1313 multitudine,
1447 1263 1477 1302 a
1523 1248 1720 1317 figura,
1757 1245 1826 1298 ab

236 1352 403 1406 animi
433 1349 724 1410 alacritate,
754 1345 824 1399 ab
866 1344 946 1399 ira
990 1354 1175 1399 eorum
1225 1341 1317 1411 qui
1361 1338 1617 1394 invadunt
1650 1354 1664 1390 :
1696 1336 1823 1391 dicit

234 1444 400 1499 etiam
431 1442 500 1495 ab
520 1441 584 1494 iis
610 1453 730 1509 quae
756 1436 870 1507 ipse
892 1451 1078 1505 passus
1099 1442 1201 1489 est.
1227 1434 1321 1495 ita,
1356 1433 1543 1502 inquit,
1573 1446 1660 1486 me
1688 1430 1824 1483 maia

236 1533 425 1588 adorta
456 1537 600 1595 sunt,
633 1538 690 1583 ut
729 1541 915 1597 parum
949 1510 1196 1587 abfuerit,
1225 1522 1350 1594 quin
1378 1522 1625 1577 caderem
1648 1529 1703 1574 et
1730 1520 1825 1574 de-

240 1624 507 1680 turbarer.
542 1621 801 1690 impulsus
826 1619 990 1685 enim,
1037 1618 1109 1673 ita
1152 1614 1230 1671 fui
1276 1630 1512 1679 eversus,
1543 1621 1603 1668 ut
1649 1627 1824 1669 essem

238 1719 402 1773 etiam
433 1730 652 1771 casurus
677 1732 690 1767 :
720 1712 813 1769 sed
841 1727 963 1768 cum
1000 1711 1110 1781 jam
1140 1725 1312 1765 essem
1353 1710 1403 1763 in
1432 1718 1605 1779 genua
1646 1707 1828 1777 lapsu-

240 1823 357 1870 rus,
384 1816 439 1862 et
462 1805 767 1871 iuclinarer,
807 1811 863 1858 et
895 1818 1075 1858 rermn
1122 1801 1472 1855 lmmanarum
1511 1799 1657 1854 nulla
1682 1806 1827 1852 esset

240 1914 368 1968 spes
395 1898 598 1963 relicta,
627 1906 750 1949 tunc
774 1908 927 1949 suum
954 1892 1190 1948 ostendit
1211 1891 1485 1947 auxilium.
1514 1889 1627 1946 Hoc
1646 1896 1825 1943 autem

241 1989 371 2045 facit
405 1989 577 2054 Deus,
608 2001 678 2041 ne
709 1986 847 2040 ullus
883 1985 1000 2055 ejus
1027 1984 1127 2039 sibi
1169 1983 1390 2054 gloriam
1431 1981 1679 2038 vindicet.
1716 1978 1827 2035 Hoc

239 2082 406 2138 etiam
435 2081 487 2134 in
513 2079 730 2133 historia
751 2076 992 2133 Judicum
1023 2075 1147 2131 fecit
1172 2076 1225 2130 in
1252 2071 1715 2145 Gedeone(Judic.
1744 2072 1824 2142 7).

241 2173 533 2242 Propterea
558 2178 814 2241 regnante
837 2183 1050 2239 quoque
1077 2166 1300 2222 Ezechia
1324 2167 1500 2221 erexit
1535 2173 1693 2221 noctu
1720 2174 1829 2219 tro-

239 2276 419 2333 paeum
449 2262 526 2329 (4.
559 2259 685 2331 Reg.
712 2259 797 2315 i9.
825 2257 936 2332 55).
959 2258 1015 2314 Si
1039 2260 1183 2313 enim
1213 2258 1305 2313 ille
1331 2270 1452 2311 cum
1482 2256 1615 2310 nihil
1641 2255 1704 2310 ad
1740 2254 1826 2309 vi-

242 2361 490 2415 ctoriam,
512 2352 646 2408 nihil
672 2353 737 2407 ad
768 2352 964 2408 bellum
999 2352 1329 2416 contulisset,
1358 2347 1618 2421 superbus
1646 2358 1827 2405 tamen

242 2454 299 2499 et
324 2458 579 2514 arrogans
603 2442 774 2497 factus
801 2451 884 2498 est
915 2458 929 2495 :
966 2442 1009 2497 si
1036 2442 1219 2512 praelia
1246 2450 1451 2496 tantum
1478 2439 1824 2505 interfuisset,

242 2537 287 2590 si
332 2535 584 2590 cadentes
617 2534 837 2589 vidisset
873 2548 967 2591 eos
1007 2535 1097 2604 qui
1146 2533 1615 2599 interficiebantur,
1646 2545 1827 2589 annon

243 2628 351 2683 hoc
370 2628 422 2682 ei
466 2627 638 2681 multo
663 2628 831 2697 magis
865 2625 1189 2681 accidisset?
1228 2624 1456 2693 Quando
1481 2638 1609 2695 ergo
1636 2623 1704 2677 ab
1731 2623 1830 2678 htt-

242 2736 400 2777 tnana
427 2735 524 2789 Spe
553 2735 642 2775 res
666 2730 789 2775 sunt
815 2719 1124 2788 deploratae,
1146 2718 1311 2773 suum
1339 2727 1464 2772 tunc
1492 2717 1646 2772 ali‘ert
1670 2716 1822 2770 auxi—

244 2813 399 2867 lium.
432 2811 547 2866 Hoc
586 2810 713 2867 fecit
754 2811 806 2865 in
840 2809 1055 2867 Golith
1093 2812 1173 2878 (l.
1205 2808 1332 2880 Reg.
1367 2808 1456 2879 17)
1486 2827 1501 2860 :
1534 2808 1637 2864 hoc
1661 2808 1825 2862 etiam

242 2905 369 2959 fecit
393 2904 446 2957 in
472 2903 746 2973 apostolis.
775 2903 841 2958 Et
882 2901 1003 2958 ideo
1032 2904 1240 2959 dicebat
1262 2903 1456 2958 Paulus
1480 2922 1493 2957 :
1519 2902 1625 2957 Sed
1648 2903 1746 2974 ipsi
1773 2902 1828 2956 in

242 2995 513 3065 nobisipsis
549 3009 840 3064 responsum
865 2996 1043 3048 mortis
1074 2993 1344 3048 habuimus
1372 2995 1471 3063 (a),
1495 3003 1551 3047 ut
1576 3010 1678 3048 non
1707 3009 1830 3047 con-

243 3089 520 3157 ﬁderemus
536 3086 591 3141 in
617 3085 902 3156 nobisipsis,
936 3088 1026 3142 sed
1053 3089 1107 3141 in
1133 3085 1245 3141 Deo
1278 3087 1366 3157 qui
1390 3088 1577 3141 excitat
1604 3096 1829 3139 mortuos

247 3178 332 3247 (2.
364 3177 480 3232 Cor.
510 3180 561 3233 1.
593 3177 672 3249 9).
698 3178 787 3233 li.
817 3176 1089 3233 Fortitudo
1127 3193 1259 3244 mea,
1289 3188 1336 3233 et
1365 3177 1478 3232 laus
1516 3193 1628 3231 mea
1652 3176 1831 3231 Domi-

251 3286 373 3331 nus,
397 3278 442 3323 et
468 3272 629 3340 [actus
652 3280 724 3324 est
745 3269 871 3323 mihi
894 3272 949 3324 in
985 3270 1219 3325 salutem.
1259 3270 1421 3338 Quasi
1447 3269 1669 3335 diceret,
1707 3269 1827 3324 Fuit

246 3359 383 3414 mihi
427 3361 539 3429 ipse
573 3364 819 3424 virtuset
845 3361 1122 3417 auxilium.
1166 3359 1302 3431 Quid
1347 3371 1431 3418 est
1465 3369 1641 3418 autem
1687 3362 1828 3433 quod

242 3452 404 3519 dicit,
455 3453 592 3507 Laus
634 3453 784 3507 mea?
822 3452 1000 3509 Gloria
1043 3467 1200 3519 mea,
1255 3454 1648 3509 commendatio
1686 3470 1824 3522 mea,
1872 3496 1875 3503 .

242 3542 410 3598 decus
434 3559 635 3609 meum,
659 3558 810 3601 meus
845 3544 1118 3615 splendor.
1149 3544 1264 3599 Non
1285 3547 1457 3601 solum
1477 3547 1618 3601 enim
1640 3546 1830 3602 liberat

242 3650 274 3691 a
304 3636 575 3706 periculis,
611 3636 703 3691 sed
727 3638 901 3692 claros
925 3638 1087 3693 etiam
1113 3635 1239 3693 facit
1261 3647 1316 3694 et
1351 3639 1620 3705 illustres;
1647 3648 1702 3694 et
1730 3638 1832 3693 hoc

244 3729 444 3798 ubique
473 3729 636 3785 videri
664 3738 857 3799 potest,
883 3729 1002 3785 dari
1028 3745 1151 3786 cum
1176 3732 1340 3801 gloria
1365 3731 1615 3788 salutem.
1662 3731 1831 3786 Porro

244 3819 390 3874 aliud
414 3835 627 3890 quoque
661 3836 757 3891 per
780 3822 881 3876 hoc
907 3822 1136 3878 obscure
1173 3823 1519 3893 significatur.
1549 3823 1828 3891 Quodnam

243 3911 389 3967 hoc?
414 3912 526 3967 lloc
543 3924 645 3976 est,
672 3913 858 3984 inquit,
887 3914 1017 3969 mihi
1046 3925 1360 3986 perpetuum
1385 3915 1650 3971 canticum
1668 3956 1683 3982 ,
1731 3916 1832 3971 hoc

243 4012 332 4057 est
360 4003 491 4057 mihi
514 4019 618 4058 vox
661 4016 949 4075 perpetua,
1000 4007 1230 4079 hymnus
1259 4008 1347 4079 qui
1389 4007 1458 4064 de
1499 4022 1567 4064 eo
1602 4008 1832 4077 canitur,

244 4092 354 4148 hoc
380 4106 461 4149 est
484 4095 612 4150 mihi
642 4107 957 4167 perpetuum
996 4111 1207 4164 munus,
1232 4115 1354 4155 eum
1381 4100 1619 4156 laudare.

316 4186 377 4240 ι.
419 4184 651 4242 Audiam
696 4191 786 4259 qui
838 4190 1089 4245 satanicis
1127 4193 1348 4248 canticis
1388 4202 1827 4263 corrumpuntur,

242 4285 504 4345 quantum
531 4277 711 4334 damni
754 4279 977 4347 faciant,
1000 4292 1254 4352 quantum
1297 4284 1404 4339 sint
1432 4286 1629 4356 indigni
1655 4286 1829 4353 venia,

246 4381 394 4432 cum,
428 4369 530 4424 isto
567 4380 894 4427 servatorem
924 4383 1182 4444 perpetuo
1208 4375 1457 4432 laudante
1476 4418 1491 4441 ,
1520 4378 1596 4433 illi
1626 4378 1680 4433 in
1722 4377 1835 4434 daa-

246 4474 468 4515 monutn
491 4463 712 4518 canticis
739 4474 998 4535 perpetuo
1017 4467 1336 4523 volutentur.
1364 4469 1453 4523 15.
1485 4468 1594 4524 Vos:
1612 4469 1835 4524 exsulta-

247 4553 403 4607 tiouis
431 4565 477 4608 et
504 4557 679 4611 salutis
706 4558 759 4611 in
793 4559 1129 4614 tabernaculis
1143 4561 1419 4631 justorum.
1446 4561 1670 4630 Quando
1689 4564 1831 4616 enim

246 4662 340 4702 res
373 4648 616 4703 universa
643 4664 672 4703 a
696 4650 806 4705 Deo
829 4652 1082 4721 pra'clare
1105 4660 1253 4723 gesta
1276 4652 1465 4708 fuerit:
1492 4654 1581 4723 qui
1611 4655 1833 4709 victoria

248 4739 518 4807 fruuntur,
538 4741 789 4809 gaudent,
814 4744 1099 4809 exsultant,
1118 4745 1313 4815 duplici
1338 4744 1519 4799 laetitia
1545 4744 1740 4811 affecti,
1769 4751 1825 4801 et

246 4831 394 4897 quod
422 4833 619 4887 servati
648 4844 788 4898 sunt,
808 4835 1022 4906 etquod
1053 4851 1147 4905 per
1174 4838 1336 4893 Deum
1361 4839 1580 4894 servati.
1611 4838 1835 4894 Latitia:

246 4924 330 4977 eis
353 4938 511 4981 causa
551 4937 631 4983 est
679 4930 744 4996 is,
772 4931 862 5000 qui
908 4941 1164 5000 tropaeum
1192 4935 1381 4989 erexit.
1412 4933 1615 4989 Deinde
1653 4945 1838 4989 osten-

244 5017 387 5072 dens
413 5018 666 5089 quidnam
704 5036 825 5077 eum
848 5023 1119 5093 impulerit
1150 5025 1215 5079 ad
1246 5024 1348 5080 hoc
1381 5025 1658 5081 ferendum
1687 5026 1840 5081 auxi-

246 5111 405 5178 lium,
428 5112 720 5183 subiunxit,
756 5115 819 5171 In
845 5118 1181 5173 tabernaculis
1210 5120 1481 5190 justorum.
1521 5117 1639 5174 Non
1682 5119 1833 5186 dixit,

248 5203 311 5259 In
361 5205 628 5277 domibus,
656 5210 785 5277 sed,
819 5208 888 5265 In
929 5211 1297 5279 tabernaculis,
1324 5212 1511 5267 volens
1553 5213 1840 5270 ostendere

254 5303 675 5372 extemporalem
703 5313 942 5374 paratam
975 5304 1377 5369 habitationem.
1424 5305 1554 5361 Tale
1598 5316 1710 5362 erat
1755 5315 1838 5361 ta-

253 5393 602 5450 bernaculum
636 5395 887 5465 Abrahae,
912 5397 1126 5466 quando
1155 5397 1384 5475 redibat,
1414 5398 1677 5468 superatis
1700 5400 1839 5470 regi-

258 5486 382 5551 bus,
428 5501 673 5555 magnam
715 5503 781 5542 ex
819 5487 981 5543 rebus
1007 5490 1171 5557 gestis
1215 5488 1437 5559 gloriam
1478 5499 1839 5560 consequutus

252 5577 414 5647 (Gen.
445 5579 530 5634 11.
557 5576 673 5651 16).
699 5578 826 5636 Tale
854 5590 971 5636 erat
1006 5580 1153 5637 Pauli
1187 5581 1605 5649 tabernaculum,
1627 5581 1840 5651 quando

255 5670 635 5727 revertebatur
655 5676 915 5740 superatis
935 5672 1289 5739 daemonibus,
1315 5689 1552 5729 errorem
1575 5672 1644 5729 de
1664 5674 1840 5730 medio

256 5764 486 5830 tollens,
518 5775 572 5816 et
592 5765 843 5832 praeclara
894 5765 1136 5823 referens
1189 5764 1447 5822 facinora.
1498 5764 1586 5822 16.
1618 5765 1842 5820 Dextera

318 5897 512 5969 (ﬁlii-ie
544 5894 679 5949 locns
715 5901 1053 5969 explicabitur
1074 5904 1122 5969 in
1160 5899 1463 5969 uomiiiisin
1484 5898 1746 5969 secundum
1783 5898 1845 5949 ad

253 5958 549 6011 Corinthios.
573 5969 683 6013 Sam
698 5965 761 6017 de
784 5958 912 6018 illius
933 5966 1279 6032 Signiﬁcatione
1293 5965 1485 6029 quidam
1500 5961 1839 6023 digiadiautur.

1348 482 1709 543 sxrosmo
1745 480 1813 537 lN
1851 478 2171 538 PSALMUM
2200 440 2408 539 cxvn.

3405 492 3475 547 33
3481 495 3513 548 ,1

1926 595 2135 652 Domini
2152 601 2267 672 fecit
2282 601 2525 667 virtutem,
2545 601 2751 656 dextera
2777 600 2983 658 Domini
3009 604 3241 659 exultavit
3279 606 3517 663 nte.Vide

1925 691 2259 746 occasionem
2281 691 2671 747 exsultationis.
2705 693 2846 748 Idem
2868 695 3009 748 enim
3032 708 3173 751 nunc
3199 696 3346 763 dicit,
3371 698 3514 767 quod

1927 789 2083 837 antea
2104 780 2337 851 dicebat,
2365 784 2653 840 ostendens
2695 783 2811 840 haec
2834 801 2864 840 a
2896 787 3004 841 Deo
3031 786 3196 843 fuisse
3233 799 3401 858 gesta.
3428 787 3516 844 Vi-

1928 875 2023 930 des
2049 890 2154 930 non
2195 877 2366 931 solum
2402 874 2454 931 in
2485 874 2800 931 liberatione
2842 893 2871 932 a
2915 878 3100 944 malis,
3146 880 3242 934 sed
3268 881 3431 935 etiam
3461 881 3514 934 in

1928 967 2277 1036 acquisitione
2306 968 2492 1038 gloriae
2519 975 2575 1023 et
2607 968 2908 1038 splendoris
2950 971 3245 1027 consistere
3268 974 3385 1040 ejus
3417 972 3513 1025 be-

1933 1060 2225 1115 neficium?
2256 1060 2386 1115 Cum
2417 1061 2559 1116 enim
2609 1059 2830 1117 dixisset
2859 1078 2874 1117 :
2913 1060 3133 1119 Dextera
3176 1065 3377 1119 Domini
3397 1065 3516 1134 fecit

1928 1150 2185 1214 virtutem,
2215 1152 2509 1220 subiunxit,
2550 1148 2774 1207 Dextera
2802 1153 3015 1208 Domini
3045 1158 3284 1209 exultavit
3325 1172 3423 1221 me,
3446 1163 3510 1208 ut

1930 1243 2239 1297 ostenderet
2288 1240 2510 1311 gloriam
2548 1256 2667 1312 quae
2693 1243 2760 1297 ad
2798 1256 2857 1298 se
2886 1251 3223 1313 pervenerat.
3254 1243 3520 1301 Emltarit

1939 1335 2072 1388 enim
2113 1351 2227 1399 me,
2275 1334 2574 1405 significat,
2604 1334 2687 1389 Me
2735 1336 2900 1404 gloria
2945 1334 3140 1390 aﬂ‘ecit.
3188 1335 3307 1392 Non
3342 1336 3512 1392 solum

1931 1426 2074 1482 enim
2100 1424 2229 1483 fecit
2258 1436 2522 1498 potentes,
2546 1428 2639 1482 sed
2667 1428 2824 1481 etiam
2856 1428 3031 1482 claros
3051 1437 3104 1483 et
3132 1427 3384 1484 illustres.

2008 1520 2411 1574 Resurrectionis
2435 1520 2639 1590 imago;
2671 1520 2959 1573 tentationis
2985 1530 3033 1574 et
3062 1498 3406 1591 castigationit
3432 1521 3517 1574 lu-

1931 1624 2094 1664 crum.
2110 1638 2184 1651 —
2211 1610 2299 1665 17.
2337 1609 2460 1664 Non
2503 1612 2713 1675 moriar,
2747 1610 2836 1665 sed
2852 1611 3035 1676 vivom,
3059 1621 3107 1666 et
3123 1612 3341 1666 narrabo
3361 1628 3517 1682 opera

1931 1700 2159 1757 Domini.
2212 1702 2451 1757 Pericula
2498 1702 2756 1772 quidem,
2823 1704 3027 1773 inquit,
3070 1713 3297 1759 mortem
3343 1706 3516 1759 mina-

1930 1793 2124 1849 bantur
2150 1810 2164 1848 :
2193 1808 2294 1864 ego
2319 1789 2497 1848 auter'n
2530 1792 2653 1847 Non
2682 1794 2893 1859 moriar,
2923 1794 3012 1849 sed
3035 1796 3221 1848 visam.
3254 1795 3368 1850 Hoc
3410 1805 3513 1861 est,

1933 1887 2063 1941 Tum
2088 1901 2280 1956 magna
2309 1895 2364 1940 et
2405 1886 2737 1941 admirabilia
2766 1885 2891 1942 fecit
2923 1887 3182 1942 Dominus
3209 1928 3223 1949 .
3255 1896 3315 1942 ut
3340 1889 3421 1943 vel
3450 1887 3519 1943 ab

1932 1979 2046 2047 ipsa
2090 1990 2260 2032 morte
2282 1978 2577 2048 eripuerit,
2605 1979 2765 2033 etiam
2802 1986 2928 2032 ante
2966 1978 3171 2034 Novum
3202 1978 3517 2035 Testamen-

1932 2080 2045 2125 tum
2097 2071 2152 2125 in
2201 2070 2452 2138 periculis
2502 2070 2807 2139 Opinionem
2841 2084 3057 2125 omnem
3106 2071 3515 2140 superantibus,

1931 2166 2342 2222 resurrectiOnis
2394 2165 2679 2234 imaginem
2743 2164 3111 2234 prteligurans.
3175 2163 3330 2218 Dedit
3374 2164 3517 2218 enim

1932 2260 2087 2314 nobis
2106 2258 2191 2312 vel
2221 2274 2249 2310 a
2279 2257 2538 2327 principio
2562 2257 2862 2326 aenigmata,
2883 2255 3099 2324 quando
3123 2255 3304 2310 Enoch
3338 2263 3517 2309 trans-

1932 2351 2052 2406 tulit
2083 2351 2102 2423 (
2130 2349 2259 2405 Gen.
2290 2351 2341 2406 5.
2375 2350 2446 2405 9.4
2472 2348 2512 2419 ).
2557 2349 2612 2404 Si
2641 2348 2784 2403 enim
2824 2363 2930 2401 non
2971 2347 3149 2403 credis
3192 2345 3308 2401 ﬂeri
3358 2361 3519 2416 posse

1936 2453 1994 2497 ut
2018 2457 2243 2511 corpora
2288 2448 2601 2511 resurgant,
2635 2454 2705 2493 ex
2752 2453 2818 2493 eo
2845 2437 3027 2493 crede.
3057 2436 3341 2505 Quomodo
3375 2436 3517 2491 enim

1932 2543 2081 2590 tanto
2123 2545 2367 2603 tempore
2407 2531 2701 2603 permansit
2762 2529 2894 2585 illud
2943 2528 3186 2598 corpus?
3226 2528 3344 2584 Non
3395 2534 3522 2583 sunt

1932 2628 2075 2684 enim
2100 2626 2344 2697 aequalia,
2382 2625 2599 2681 domum
2644 2640 2763 2695 qua
2793 2623 2992 2678 interiit
3021 2632 3075 2678 et
3104 2631 3187 2677 est
3213 2622 3388 2678 diruta
3419 2635 3518 2676 ex-

1932 2722 2136 2777 citare:
2186 2728 2243 2774 et
2286 2729 2521 2774 veterem
2572 2732 2636 2772 ac
2682 2717 3035 2771 collabentem
3080 2723 3230 2769 tanto
3268 2723 3510 2784 tempore

1933 2826 2273 2870 ccuservare.
2307 2813 2499 2866 Annon
2525 2809 2837 2865 consideras
2861 2820 2985 2862 eum
3006 2808 3155 2862 illum
3183 2806 3398 2870 fecisse,
3422 2805 3517 2876 qui

1936 2920 2040 2959 non
2070 2914 2187 2959 erat
2212 2904 2236 2956 ?
2266 2902 2430 2957 Multo
2458 2901 2627 2970 magis
2655 2913 2786 2970 ergo
2811 2898 2961 2953 illum
2986 2898 3246 2952 suscitare
3271 2904 3326 2951 et
3356 2895 3518 2949 resti-

1936 3005 2088 3051 tuere
2140 2994 2353 3064 poterit.
2400 2993 2573 3048 Habes
2609 2991 2769 3045 etiam
2814 2990 2974 3044 aliam
3023 2989 3306 3058 imaginem
3338 3002 3520 3042 resur-

1934 3086 2207 3149 rectionis,
2236 3099 2428 3152 nempe
2454 3083 2619 3137 lleliaz
2636 3091 2866 3151 raptum,
2891 3081 2979 3150 qui
3005 3095 3102 3134 nec
3124 3079 3175 3132 in
3203 3078 3518 3135 hodiernum

1935 3192 2102 3242 usque
2122 3177 2264 3231 diem
2284 3184 2366 3229 est
2393 3183 2635 3229 mortuus
2666 3174 2742 3243 (1.
2774 3172 2903 3243 Reg.
2933 3172 2990 3227 2.
3024 3170 3146 3245 11).
3176 3172 3364 3226 Omnia
3396 3180 3520 3226 sunt

1934 3269 2180 3338 expedita
2211 3268 2323 3323 Deo
2346 3277 2400 3323 ct
2425 3267 2625 3322 facilia.
2657 3264 2779 3320 Non
2807 3267 2902 3320 erit
2925 3307 2941 3332 ,
2971 3266 3180 3334 inquit,
3209 3264 3520 3335 impossibile

1934 3360 2075 3430 apud
2102 3360 2266 3415 Deum
2285 3376 2434 3414 omne
2449 3358 2649 3413 uerbum
2675 3360 2693 3430 (
2719 3357 2842 3411 Luc.
2874 3358 2928 3412 1.
2967 3358 3035 3412 57
3067 3360 3105 3426 ).
3140 3356 3205 3411 Et
3232 3355 3518 3427 propheta,

1938 3455 2275 3521 Quacumque
2317 3453 2514 3518 coluit,
2551 3452 2669 3523 fecit
2718 3450 2740 3525 (
2784 3449 2939 3505 Psal.
2971 3450 3093 3503 115.
3143 3449 3231 3503 11.
3260 3448 3294 3503 '5
3319 3447 3359 3517 ).
3402 3445 3521 3501 Non

1938 3549 2091 3602 vides
2113 3545 2250 3601 fabri
2288 3560 2453 3617 opera
2486 3559 2605 3600 esse
2635 3543 2731 3598 tibi
2762 3540 2999 3597 diflicilia
3028 3540 3052 3594 τ
3092 3539 3185 3594 sed
3219 3549 3395 3593 tamen
3419 3537 3523 3592 arti

1935 3641 2104 3696 cedis.
2147 3639 2294 3694 Itane
2327 3637 2573 3694 conservi
2594 3635 2809 3706 quidem
2839 3635 2915 3689 tui
2943 3635 3045 3688 arti
3070 3647 3179 3687 non
3222 3631 3519 3687 concedis:

1935 3747 1965 3785 a
1997 3730 2203 3785 Domini
2223 3738 2398 3784 autem
2430 3727 2689 3796 sapientia
2716 3725 2977 3779 rationem
3005 3723 3195 3792 exigis,
3224 3731 3277 3776 et
3304 3721 3354 3775 id
3377 3720 3519 3789 quod

1936 3822 1996 3877 fit
2026 3821 2129 3876 fide
2154 3834 2261 3874 non
2288 3817 2571 3873 admittis?
2618 3815 2841 3884 Quanta:
2884 3822 3009 3867 sunt
3053 3812 3169 3866 iure
3204 3810 3524 3865 dementiae?
3602 3886 3615 3893 ᾗ

1939 3914 2061 3969 Non
2085 3913 2296 3978 moriar,
2324 3910 2414 3967 sed
2438 3910 2623 3965 vivam.
2670 3907 2727 3963 Si
2756 3906 2874 3977 quis
2920 3905 2973 3961 id
3002 3905 3146 3976 quod
3194 3903 3392 3959 dictum
3437 3908 3522 3957 est

1933 4005 2167 4081 yolncrit
2216 4004 2379 4060 etiam
2408 4016 2623 4057 sumere
2658 4000 2947 4071 anagogice
2966 4038 2981 4064 ,
3012 4014 3119 4054 non
3146 3996 3367 4053 errabit.
3408 3994 3523 4050 Etsi

1940 4098 2042 4152 hoc
2069 4097 2214 4151 enim
2244 4095 2313 4151 de
2338 4092 2733 4150 resurrectione
2759 4091 2960 4146 dictum
2983 4102 3067 4147 cst
3100 4087 3119 4160 (
3152 4088 3281 4144 illud
3333 4089 3477 4144 enim
3507 4124 3523 4152 ,

1940 4190 2064 4245 Non
2094 4188 2304 4253 moriar,
2333 4196 2417 4242 est
2451 4182 2803 4255 significantis
2844 4192 3069 4238 mortem
3103 4197 3207 4236 non
3233 4195 3354 4237 esse
3381 4192 3529 4235 mor-

1941 4298 2043 4339 tem
2067 4282 2112 4355 ),
2144 4281 2252 4337 alio
2303 4290 2478 4336 tamen
2507 4279 2668 4334 etiam
2700 4276 2860 4332 modo
2906 4274 3239 4345 intelligitur.
3271 4271 3394 4326 Non
3418 4288 3527 4325 mo-

1938 4375 2045 4430 riar
2070 4373 2236 4438 enim,
2267 4372 2470 4442 inquit,
2493 4369 2663 4424 altera
2693 4377 2866 4424 morte
2893 4385 2907 4421 :
2934 4380 3093 4447 quam
3119 4363 3362 4418 Christus
3389 4374 3526 4432 quo-

1939 4481 2044 4536 que
2081 4465 2387 4534 significans
2409 4501 2425 4529 ,
2474 4460 2684 4516 dicebat
2714 4476 2728 4512 :
2760 4458 2858 4524 Qui
2906 4457 3066 4510 credit
3114 4451 3167 4508 in
3206 4469 3303 4516 me,
3335 4453 3523 4522 inquit,

1941 4557 2135 4611 etiamsi
2156 4564 2384 4608 mortuus
2413 4553 2588 4622 fuerit,
2608 4552 2734 4604 uiuet
2756 4566 2776 4603 :
2799 4558 2844 4601 et
2873 4548 3035 4601 omnis
3051 4547 3136 4616 qui
3160 4546 3276 4599 uiuit
3291 4555 3338 4598 et
3367 4544 3529 4597 credit

1941 4652 1996 4706 in
2021 4666 2102 4704 me
2121 4689 2138 4713 ,
2161 4662 2262 4702 non
2294 4647 2537 4701 morietur
2559 4644 2578 4712 (
2599 4644 2755 4698 Joan.
2787 4643 2874 4698 11.
2904 4639 2996 4695 9.5.
3026 4639 3097 4695 26
3126 4638 3167 4710 ).
3209 4636 3278 4693 Et
3309 4639 3527 4692 narrabo

1941 4760 2094 4818 opera
2122 4743 2347 4798 Domini.
2380 4740 2495 4796 Hoc
2522 4748 2605 4794 est
2630 4739 2860 4793 maxime
2882 4737 3010 4802 vita,
3038 4750 3160 4790 eum
3187 4735 3405 4788 laudare
3426 4773 3442 4799 ,
3473 4738 3529 4788 et

1942 4842 2059 4909 ejus
2087 4835 2342 4892 miracula
2385 4833 2634 4888 omnibus
2662 4829 2998 4886 annuntiare.
3031 4828 3285 4897 Qumnam
3311 4836 3472 4896 opera
3494 4826 3521 4877 ἲ

1942 4933 2051 4997 dic,
2077 4942 2280 4999 quaso.
2310 4926 2386 4983 Ea
2408 4940 2528 4997 quae
2556 4933 2639 4981 cst
2667 4932 3003 4990 narraturus,
3034 4921 3361 4990 subjungens
3383 4958 3401 4984 ,
3432 4918 3521 4973 18.

1943 5024 2204 5094 Castigaus
2231 5019 2491 5090 castigavit
2518 5033 2598 5071 me
2628 5014 2896 5081 Dominus,
2929 5022 2977 5068 et
3006 5015 3154 5066 morti
3194 5027 3294 5065 non
3319 5009 3533 5063 tradidit

1947 5131 2046 5170 nte.
2082 5112 2269 5168 Vidisti
2296 5125 2453 5180 quam
2480 5106 2811 5163 admirabilia
2840 5104 3070 5159 fecerit?
3099 5101 3276 5156 vidisti
3309 5113 3431 5170 qua:
3457 5113 3525 5153 ex

1944 5206 2024 5263 eis
2049 5205 2256 5275 capitur
2274 5200 2512 5257 utilitas?
2533 5199 2646 5254 Non
2674 5199 2847 5252 solum
2873 5196 3013 5249 enim
3035 5194 3143 5261 agit
3167 5193 3365 5263 gratias
3383 5190 3526 5260 quod

1946 5297 2106 5354 fuerit
2130 5296 2407 5358 liberatus,
2437 5291 2531 5346 sed
2560 5290 2720 5347 etiam
2747 5286 2886 5357 quod
2912 5284 3202 5347 ceciderit,
3233 5281 3525 5335 maximum

1947 5390 2187 5462 agnoscit
2213 5386 2533 5443 beneficium
2558 5426 2572 5449 ,
2601 5390 2656 5436 et
2679 5388 2940 5435 memorat
2962 5377 3167 5431 lucrum
3197 5374 3525 5430 tentationis.

1947 5484 2227 5553 Quodnam
2256 5480 2401 5535 hoc?
2424 5478 2689 5547 Castigans
2732 5470 2994 5541 castigavit
3034 5486 3116 5524 me
3143 5510 3158 5533 ,
3189 5462 3390 5538 inquit,
3421 5465 3533 5521 Do-

1949 5577 2134 5630 minus.
2172 5573 2299 5628 Htcc
2333 5578 2417 5625 est
2443 5568 2643 5623 utilitas
2668 5564 3027 5636 periculorum
3046 5604 3061 5624 ,
3094 5554 3237 5632 quod
3263 5576 3385 5615 eum
3413 5572 3530 5614 me-

1949 5671 2138 5724 liorem
2195 5664 2439 5721 lecerint.
2503 5660 2692 5715 Vidisti
2762 5657 3012 5724 utrinque
3073 5658 3190 5722 ejus
3243 5652 3533 5722 potentiam

1949 5770 2005 5817 et
2068 5754 2438 5815 curationem?
2501 5751 2568 5808 Et
2622 5747 2863 5820 permisit
2910 5754 2968 5801 ut
3026 5744 3525 5814 apprehenderetnr

1950 5869 1979 5908 a
2007 5852 2182 5911 malis,
2212 5855 2267 5902 et
2294 5861 2416 5903 eum
2437 5858 2624 5899 rursus
2643 5840 2903 5896 liberavit.
2933 5837 3097 5892 Morti
3131 5837 3298 5898 enim,
3329 5835 3519 5903 inquit,

1954 5964 2055 6003 non
2122 5940 2330 5996 tradidit
2385 5954 2485 5994 me.
2542 5936 2612 5992 Et
2655 5945 2799 5992 recte
2864 5932 2997 5988 dixit
3052 5929 3191 5984 alius
3244 5926 3530 5993 interpres,

2600 6128 2627 6157 /
