3956 6404
475 458 581 514 ass

482 569 644 624 Morti
673 579 844 625 autem
873 583 972 622 non
999 564 1134 620 dedit
1171 580 1272 630 me,
1303 571 1364 619 ut
1404 561 1712 618 ostenderet
1738 559 1920 613 omnia
1942 572 2067 612 esse

479 662 579 715 sita
609 661 662 715 in
693 660 808 728 ejus
840 666 1118 729 potestate.
1147 655 1507 721 Quamobrem
1533 652 1798 721 duplicem
1830 649 2069 704 lucratus

483 762 566 808 est
589 752 834 816 salutem,
878 764 1072 818 nempe
1113 747 1482 802 liberationem
1511 760 1540 799 a
1590 744 1770 808 malis,
1792 750 1846 798 et
1875 742 2068 796 libera-

493 844 691 898 tionem
747 857 775 895 a
818 841 964 895 vitio.
1011 839 1272 908 Quocirca
1322 838 1534 892 dicebat
1589 835 1786 891 Paulus
1829 833 2076 890 scribens.

486 934 723 989 Hebraeis
747 951 759 986 :
790 932 853 988 Si
879 941 1044 985 autent
1085 940 1230 985 extra
1258 930 1578 999 disciplinam
1614 928 1731 982 estis
1750 969 1764 990 ,
1793 925 2070 980 adulterini

479 1045 598 1098 ergo
617 1030 756 1095 estis,
771 1041 814 1082 et
836 1045 938 1082 non
955 1028 1047 1096 ﬁlii
1070 1025 1326 1095 (Heb.12.
1346 1022 1420 1095 8).
1440 1024 1526 1080 19.
1545 1023 1747 1093 Aperite
1761 1021 1884 1075 mihi
1899 1030 2070 1091 portas

480 1122 694 1191 justitice
718 1137 740 1188 ,°
765 1122 1019 1190 ingressus
1045 1119 1097 1172 in
1126 1135 1210 1173 eas
1233 1115 1505 1185 conﬁtebor
1525 1114 1766 1169 Domino.
1791 1113 1858 1167 Iis
1879 1112 1967 1184 qui
1990 1127 2073 1166 ca-

485 1212 750 1282 stigantur
773 1223 943 1283 porta:
972 1209 1302 1280 aperiuntur,
1326 1209 1391 1262 iis
1413 1208 1502 1278 qui
1530 1215 1743 1277 peccata
1773 1205 2068 1275 deponunt.

561 1303 617 1358 ὅ.
669 1302 772 1369 Qui
822 1301 1155 1372 disciplinam
1211 1299 1484 1369 suscepit,
1526 1304 1701 1366 potest
1741 1295 2073 1351 confidenter

483 1396 665 1452 dicere
697 1413 709 1449 :
742 1395 946 1466 Aperite
974 1397 1098 1450 mihi
1121 1407 1293 1468 portas
1305 1396 1546 1468 justitiae.
1569 1395 1683 1450 Hoc
1703 1395 1906 1450 dictum
1929 1399 2070 1449 enim

488 1486 804 1543 sumendum
841 1496 923 1542 est
965 1489 1286 1558 anagogice,
1336 1497 1391 1542 et
1444 1487 1696 1543 caelorum
1737 1495 1903 1556 portae
1947 1494 2077 1540 sunt

488 1582 847 1652 intelligendas
870 1624 886 1647 ,
915 1597 1036 1652 qua:
1089 1589 1213 1636 sunt
1256 1582 1452 1637 clausa:
1496 1581 1777 1650 improbis,
1805 1595 1925 1650 quo:
1948 1587 2076 1634 sunt

491 1672 764 1740 pulsanda:
792 1688 887 1742 per
914 1674 1185 1737 virtutem,
1217 1688 1312 1742 per
1336 1673 1729 1744 eleemosynam
1760 1713 1774 1736 ,
1804 1685 1899 1742 per
1920 1671 2077 1740 justi-

491 1765 640 1833 tiam.
671 1762 765 1818 ΞΟ.
799 1762 934 1823 [hac
963 1773 1108 1835 porta
1136 1762 1340 1818 Domini
1367 1781 1386 1828 ;
1421 1764 1551 1835 justi
1577 1765 1833 1817 intrabunt
1860 1763 1914 1816 in
1940 1779 2074 1817 eant.

491 1857 628 1912 Sunt
651 1865 816 1926 portze
842 1858 1053 1924 mortis,
1079 1867 1210 1914 sunt
1238 1867 1404 1928 porta:
1431 1860 1674 1912 interitus
1697 1899 1714 1924 ,
1754 1867 1878 1913 sunt
1906 1868 2074 1928 porta:

491 1951 636 2016 vitae,
687 1961 809 2006 sunt
854 1961 1022 2021 portat
1071 1960 1234 2006 arcta:
1261 1959 1316 2006 et
1359 1961 1619 2022 angustae.
1649 1953 1908 2020 Quoniam
1946 1967 2078 2021 ergo

489 2052 611 2098 sunt
633 2044 831 2110 multa},
850 2043 976 2098 dicit
1005 2045 1212 2115 insigne
1227 2045 1457 2100 civitatis
1478 2046 1711 2111 Domini,
1726 2045 2072 2115 subjungens:

501 2132 627 2188 Ηωσ
669 2144 814 2206 porta
861 2133 1089 2190 Domini.
1147 2135 1255 2191 Illa:
1295 2137 1441 2191 enim
1490 2153 1600 2192 non
1655 2147 1783 2193 sunt
1840 2137 2074 2193 Domini.

489 2225 768 2293 Quodnam
796 2236 880 2282 est
920 2238 1096 2283 autem
1138 2229 1254 2299 ejus
1298 2230 1548 2301 insigne?
1576 2232 1728 2301 Quod
1774 2233 1867 2302 qui
1911 2233 2076 2287 casti-

498 2328 726 2388 gantur,
759 2321 847 2389 qui
887 2319 1230 2391 afﬂiguntur,
1278 2337 1374 2392 per
1399 2339 1519 2379 eam
1555 2325 1944 2394 ingrediuntur.
1981 2325 2077 2381 Est

499 2411 642 2464 enim
668 2422 816 2465 arcta
844 2420 898 2466 et
919 2421 1141 2483 angusta
1171 2430 1185 2467 :
1214 2413 1260 2468 si
1291 2425 1469 2471 autem
1511 2427 1594 2471 est
1618 2428 1764 2472 arcta
1784 2459 1798 2483 ,
1825 2419 1915 2487 qui
1952 2427 2078 2472 sunt

493 2503 680 2556 afflicti
702 2511 756 2557 et
801 2506 1040 2572 oppressi
1066 2546 1082 2571 ,
1114 2520 1210 2575 per
1237 2521 1354 2562 eam
1383 2507 1780 2578 ingredientur:
1813 2511 2074 2579 quemad-

497 2592 715 2648 modum
737 2609 855 2662 qme
879 2595 1023 2650 ducit
1043 2596 1110 2650 ad
1152 2596 1423 2653 interitum
1447 2640 1461 2662 ,
1495 2600 1598 2655 lata
1632 2608 1716 2656 est
1740 2610 1794 2656 et
1819 2603 2074 2670 spatiosa.

566 2683 856 2738 Gratiarum
889 2686 1020 2740 actio
1045 2688 1321 2742 maximum
1339 2691 1674 2759 sacri/icium;
1700 2695 1977 2762 prophetia:
1989 2711 2080 2748 cur

493 2775 785 2843 plerumque
827 2776 1084 2843 obscura;
1134 2777 1363 2836 Christus
1399 2781 1530 2854 lapis
1575 2785 1956 2854 angularis.—
1982 2785 2072 2841 2|.

494 2864 783 2935 ϐοηριεὸον
808 2870 896 2923 tibi
929 2873 1166 2940 quoniam
1196 2872 1448 2927 exaudisti
1481 2891 1581 2939 me,
1631 2885 1678 2928 et
1696 2879 1860 2948 factus
1882 2893 1932 2930 es
1956 2878 2081 2932 mihi

493 2958 548 3011 in
578 2958 807 3012 salutem.
851 2961 965 3015 Non
1002 2962 1130 3018 dicit
1152 2963 1507 3032 solummodo,
1529 2965 1817 3030 Exaudisti,
1843 2969 1936 3022 sed
1957 2984 2080 3024 cum

495 3049 641 3116 prius
655 3052 967 3121 castigasset
987 3062 1041 3108 et
1061 3055 1333 3110 meliorem
1357 3057 1586 3112 fecisset.
1609 3057 1674 3111 Et
1699 3059 1816 3113 ideo
1837 3061 1944 3130 agit
1962 3076 2084 3130 gra-

499 3143 598 3196 tias
619 3183 635 3208 ,
669 3159 776 3218 non
805 3145 975 3200 solum
1007 3147 1148 3217 quod
1177 3148 1246 3202 sit
1274 3149 1554 3205 exauditus
1577 3191 1592 3217 ,
1625 3150 1718 3205 sed
1753 3150 1912 3206 etiam
1939 3153 2078 3221 quod

498 3233 657 3290 fuerit
679 3238 987 3307 castigatus.
1019 3239 1140 3294 ldeo
1167 3256 1396 3311 namque
1421 3241 1518 3296 fuit
1543 3243 1822 3298 exauditus
1846 3255 1932 3300 :et
1962 3245 2082 3299 ubi-

498 3341 602 3394 que
643 3343 889 3397 magmnn
933 3337 1014 3383 est
1050 3331 1189 3400 apud
1229 3333 1399 3400 ipsum
1444 3333 1546 3388 hoc
1589 3349 1757 3404 genus
1795 3337 2080 3406 gratiarum

500 3417 742 3471 actionis.
784 3419 1237 3487 Quemadmodum
1267 3424 1408 3478 enim
1439 3424 1583 3490 dixi,
1625 3441 1722 3480 nec
1749 3427 1968 3482 cessabo
1996 3428 2080 3481 di-

501 3524 642 3572 cere,
663 3509 762 3565 hoc
779 3519 861 3566 est
878 3513 1164 3567 maximum
1182 3515 1499 3570 sacriﬁcium
1528 3527 1582 3571 et
1605 3517 1824 3572 oblatio.
1852 3518 1940 3572 2‘2.
1977 3519 2081 3572 La-

502 3601 670 3670 pidem
692 3620 836 3672 quem
860 3604 1251 3674 reprobaverunt
1277 3607 1606 3673 aediﬁcantes,
1632 3608 1714 3661 hic
1742 3612 1905 3678 factus
1931 3619 2000 3663 est
2028 3609 2083 3663 in

500 3702 651 3763 caput
677 3694 870 3766 anguli.
894 3695 1044 3763 Quod
1069 3696 1168 3752 hoc
1202 3698 1269 3753 de
1289 3697 1501 3753 Christo
1521 3699 1720 3754 dictum
1755 3701 1843 3767 sit,
1872 3709 1955 3756 est
1972 3702 2084 3755 cui-

499 3784 581 3838 vis
610 3785 962 3841 manifestum.
997 3786 1112 3857 Ipse
1143 3789 1283 3843 enim
1312 3791 1362 3843 in
1380 3790 1677 3861 Evangeliis
1709 3789 1923 3846 adducit
1946 3791 2082 3848 hanc

505 3875 860 3944 prophetiam,
883 3877 1065 3933 dicens
1090 3897 1102 3932 τ
1136 3878 1427 3950 Numquam
1451 3881 1659 3952 legistis,
1669 3881 1912 3952 Lapidem
1932 3900 2081 3953 quem

499 3965 886 4034 reprobaverunt
905 3969 1233 4037 adiﬁcantes,
1262 3972 1342 4024 hic
1370 3975 1536 4042 [actus
1555 3981 1626 4026 est
1650 3973 1703 4027 in
1723 3983 1876 4043 caput
1903 3975 2080 4044 anguli

499 4056 712 4122 (Matth.
738 4061 826 4113 2L
853 4060 953 4124 42;
983 4059 1106 4115 Luc.
1134 4062 1224 4117 20.
1259 4057 1393 4126 l7)?
1418 4062 1473 4116 Si
1503 4073 1679 4118 autem
1708 4064 1850 4133 quod
1881 4065 2077 4120 dictum

417 4207 442 4220 Α
498 4159 616 4212 est,
651 4165 756 4204 non
783 4151 991 4207 videtur
1017 4153 1250 4220 pendere
1292 4169 1360 4208 ex
1398 4153 1636 4221 historia,
1667 4156 1759 4210 sed
1790 4157 1963 4211 media
1995 4158 2078 4212 in-

501 4251 736 4311 terrupta
763 4257 944 4297 rerum
973 4247 1110 4299 serie
1137 4245 1370 4313 ingressa
1399 4260 1518 4300 esse
1547 4247 1847 4317 prophetia,
1870 4264 1974 4303 non
1995 4259 2080 4305 est

499 4333 710 4399 mirum,
737 4350 837 4390 nec
859 4351 1085 4392 novum:
1107 4337 1364 4406 siquidem
1391 4339 1659 4410 pleraeque
1685 4341 1762 4395 sic
1791 4343 2078 4398 enuntiatae

497 4432 624 4477 sunt
649 4424 701 4478 in
732 4424 910 4480 Veteri
937 4426 1278 4482 Testamento
1304 4429 1618 4499 prophetiae,
1635 4431 1777 4502 quod
1806 4443 2080 4500 oporteret

498 4523 625 4570 tunc
651 4519 905 4587 temporis
935 4519 1003 4572 ita
1027 4519 1238 4590 obtegi,
1268 4527 1324 4574 ut
1353 4536 1456 4574 non
1487 4521 1646 4576 etiam
1674 4522 1773 4592 ipsi
1800 4523 1919 4578 libri
1945 4525 2079 4580 abo-

497 4605 747 4662 lerentur.
782 4608 860 4663 De
884 4609 998 4678 ejus
1022 4611 1163 4666 enim
1191 4621 1309 4665 ortu
1335 4611 1610 4683 prophetia
1627 4613 1837 4670 videtur
1862 4617 2078 4686 quidem

497 4697 731 4765 pendere
757 4699 823 4753 ab
853 4699 1095 4766 historia,
1124 4701 1256 4757 nihil
1282 4713 1458 4758 autem
1482 4703 1640 4760 habet
1659 4720 1940 4763 commune
1955 4723 2081 4764 cum

498 4785 608 4850 illa,
637 4796 695 4842 ut
716 4787 865 4854 illud,
895 4789 1026 4844 Ecce
1050 4793 1188 4862 uirgo
1208 4793 1260 4847 in
1289 4803 1431 4847 utero
1457 4796 1725 4866 concipiet,
1754 4809 1804 4852 et
1827 4799 1988 4868 pariet
2012 4801 2076 4867 ﬁ-

498 4876 642 4940 lium,
664 4889 712 4934 et
732 4881 976 4933 uocabunt
998 4882 1014 4912 ί
1051 4899 1230 4937 nomen
1259 4885 1368 4948 eius
1393 4883 1695 4941 Emmanuel
1721 4886 1872 4959 (Isai.
1892 4890 1944 4942 7.
1965 4891 2078 4959 M),

497 4969 639 5038 quod
685 4979 770 5025 est
811 4970 1249 5040 interpretatum,
1295 4975 1580 5030 Nobiscum
1624 4977 1786 5033 Deus.
1834 4977 2080 5050 Lapidem

495 5077 648 5130 quem
670 5063 1061 5134 reprobaverunt
1081 5067 1392 5134 aediﬁcantes
1422 5069 1634 5137 (Matth.
1661 5071 1710 5125 1.
1739 5070 1854 5143 25).
1883 5071 2079 5128 ίΕᾶίῆ-

495 5165 682 5209 cantes
709 5154 795 5210 hic
823 5157 952 5211 dicit
974 5157 1206 5223 Judaeos,
1239 5160 1368 5230 legis
1393 5161 1656 5224 doctores,
1688 5163 1908 5227 scribas,
1941 5165 2081 5220 Pha-

495 5246 700 5316 rismos,
729 5250 1155 5320 quandoquidem
1183 5251 1534 5321 reprobarunt
1561 5252 1731 5322 ipsum
1751 5293 1766 5317 ,
1793 5253 2034 5311 dicentes
2061 5273 2076 5310 :

494 5338 854 5394 Samaritanus
882 5357 934 5394 es
954 5350 1007 5418 tu
1026 5382 1044 5407 _.
1069 5351 1116 5394 et
1145 5342 1450 5396 da’monium
1479 5343 1630 5396 habes
1661 5343 1838 5401 (Joan.
1865 5345 1917 5399 8.
1946 5347 2037 5417 48)
2059 5389 2074 5412 ,

494 5439 545 5483 et
571 5445 757 5486 rursus
787 5449 798 5484 :
834 5431 932 5486 Hic
971 5449 1072 5486 non
1114 5443 1186 5487 est
1231 5450 1294 5488 ea:
1338 5433 1478 5501 Deo,
1517 5434 1607 5488 sed
1645 5434 1839 5489 seducit
1878 5437 2077 5491 turbam

495 5521 672 5588 (Joan.
701 5525 753 5579 7.
786 5525 897 5596 12).
929 5526 1027 5581 Hic
1050 5536 1225 5581 tamen
1257 5527 1570 5595 reprobatus
1596 5527 1729 5585 adeo
1760 5531 1956 5600 probus
1981 5547 2076 5601 ap-

495 5615 684 5682 paruit,
714 5626 771 5672 ut
810 5620 962 5675 fleret
1001 5607 1159 5688 caput
1185 5620 1383 5690 anguli.
1415 5619 1530 5675 Non
1560 5621 1702 5675 enim
1731 5637 1905 5677 omnis
1940 5622 2074 5692 lapis

493 5717 646 5772 aptus
669 5719 751 5765 est
777 5709 843 5764 ad
873 5713 1120 5781 angulum
1143 5752 1158 5777 ,
1198 5713 1291 5768 sed
1321 5713 1407 5784 qui
1434 5723 1516 5768 est
1545 5713 1946 5783 probatissimus
1971 5711 1992 5779 ζ
2017 5726 2073 5772 et

494 5807 664 5862 potest
693 5815 872 5855 muros
899 5800 1162 5858 revincire
1191 5819 1256 5859 cx
1282 5812 1504 5876 utroque
1532 5805 1714 5860 latere.
1761 5805 1913 5872 Quod
1943 5821 2069 5877 ergo

555 5899 570 5928 ί
605 5897 764 5958 Savil.,
786 5905 834 5950 et
855 5901 1061 5950 vocab:s.

1192 450 1251 507 s.
1290 446 1568 506 JOANNIS
1605 435 2088 502 cnnrsosront
2124 435 2439 494 ancnmr.
2479 438 3017 498 CONSTANTINOP.
3205 458 3224 468 -
3625 451 3710 508 εδδ

2174 550 2302 606 dicit
2332 554 2608 624 propheta,
2636 555 2738 610 tale
2763 566 2846 613 est
2875 574 2890 613 :
2918 556 3017 626 Qui
3039 564 3120 612 est
3147 571 3180 614 a
3198 556 3392 615 Judznls
3415 563 3711 637 reprobatns,

2174 651 2226 696 et
2252 657 2348 712 pro
2377 643 2544 698 nihilo
2571 644 2804 711 habitus,
2827 648 3076 718 apparuit
3100 648 3237 704 adeo
3263 652 3530 720 mirabilis,
3557 666 3607 710 ut
3627 672 3713 714 non

2173 735 2347 789 solum
2376 747 2686 793 contexeret
2722 739 3006 795 aediﬁcium
3029 782 3044 806 ,
3072 743 3166 798 sed
3190 743 3322 799 duos
3344 746 3498 801 etiam
3522 751 3719 818 parietes

2174 827 2524 898 conjungeret
2550 844 2613 884 ac
2637 830 2941 887 revinciret.
2964 833 3110 900 Quos
3134 835 3346 891 tandem
3377 838 3620 907 parietes?
3644 842 3720 898 lu-

2175 918 2323 975 dmos
2368 922 2592 988 scilicet,
2623 931 2679 979 et
2728 939 2822 979 eos
2873 926 2964 994 qui
3009 927 3296 982 credebant
3350 945 3416 984 ex
3463 933 3718 1000 gentibus:

2175 1013 2622 1083 quemadmodum
2645 1015 2840 1072 Paulus
2859 1033 3071 1090 quoque
3088 1019 3220 1076 dicit
3243 1039 3255 1075 :
3274 1019 3395 1092 Ipse
3415 1025 3538 1078 enim
3555 1036 3622 1080 est
3640 1045 3723 1096 pas

2176 1117 2366 1168 nostra,
2399 1109 2486 1180 qui
2509 1110 2626 1180 fecit
2649 1122 2858 1180 utraque
2883 1128 3060 1179 unum,
3079 1123 3126 1166 et
3149 1115 3280 1183 scpis
3299 1116 3441 1170 solvit
3468 1121 3721 1186 maceriam,

2177 1200 2468 1256 inimicitias
2495 1203 2548 1257 in
2572 1219 2724 1258 carne
2750 1220 2863 1266 sua,
2892 1206 3052 1275 legem
3075 1207 3445 1276 mandatorum,
3475 1228 3580 1281 quat
3599 1214 3724 1268 estin

2177 1280 2409 1359 decretis,
2430 1294 2634 1348 abolens
2659 1311 2677 1348 :
2697 1306 2751 1350 ut
2773 1296 2858 1366 qui
2887 1296 2989 1350 duo
3012 1308 3176 1364 erant,
3193 1280 3492 1356 construeret
3520 1304 3571 1356 in
3596 1321 3725 1358 unum

2177 1397 2360 1435 novum
2387 1383 2638 1438 hominem
2663 1385 2876 1455 (Ephes.
2904 1386 2958 1441 Ξ.
2988 1388 3070 1442 14.
3097 1389 3209 1459 15).
3237 1389 3304 1444 Et
3333 1393 3727 1464 rursus:Super-

2177 1472 2419 1542 wdiﬁcati
2444 1491 2598 1542 super
2621 1475 3005 1545 fundamentum
3031 1481 3378 1547 apostolorum
3409 1492 3454 1536 et
3483 1485 3724 1554 prapheta-

2178 1580 2310 1625 rum,
2339 1566 2450 1636 ipso
2475 1583 2671 1621 summa
2699 1571 2936 1640 angulari
2965 1571 3134 1641 lapide
3161 1572 3359 1627 Christo
3389 1574 3514 1630 Jesu
3538 1576 3722 1646 (Ephes.

2177 1654 2230 1709 2.
2264 1655 2378 1725 9.0).
2405 1655 2507 1711 Per
2535 1657 2637 1713 hoc
2660 1667 2838 1714 autem
2859 1660 3003 1730 quod
3029 1662 3228 1718 dictum
3249 1673 3330 1719 est
3357 1669 3578 1722 maxime
3597 1681 3726 1723 accn-

2178 1757 2364 1802 santur
2389 1750 2592 1819 Judaei,
2621 1752 2761 1822 quod
2788 1768 2909 1808 cum
2939 1754 3265 1813 aedificarent
3284 1799 3299 1824 ,
3330 1770 3507 1829 aptum
3534 1760 3726 1830 lapidem

2179 1855 2285 1894 non
2316 1841 2691 1911 dijudicarunt,
2714 1844 2809 1900 sed
2837 1861 2959 1900 eum
2985 1848 3142 1902 etiam
3166 1857 3230 1904 ut
3250 1851 3530 1919 reprobum
3556 1853 3728 1923 rejeoe-

2179 1943 2322 1999 runt,
2353 1937 2440 2004 qui
2468 1945 2675 2005 poterat
2704 1937 2811 1992 tale
2835 1938 3117 1994 aedificium
3146 1943 3440 1999 continuem.
3473 1943 3526 1998 Si
3553 1960 3624 1999 vus
3647 1959 3726 1997 au-

2182 2035 2288 2080 tem
2332 2026 2471 2080 scire
2513 2027 2728 2097 quinam
2771 2029 2884 2084 sint
2922 2030 2957 2084 ii
3008 2031 3115 2085 duo
3155 2033 3419 2100 parietes,
3445 2033 3562 2089 audi
3585 2033 3726 2103 ipsum

2180 2132 2390 2188 quoque
2430 2116 2701 2173 Christum
2745 2119 3009 2176 dicentem
3039 2139 3053 2176 :
3083 2122 3226 2177 Alias
3251 2125 3402 2178 etiam
3428 2141 3538 2179 oves
3565 2125 3726 2188 habeo,

2179 2224 2293 2278 qua:
2317 2226 2418 2264 non
2451 2220 2568 2264 sunt
2605 2211 2670 2265 de
2709 2211 2803 2265 hoc
2836 2213 2987 2280 ovili,
3019 2223 3066 2268 et
3095 2231 3175 2269 me
3219 2215 3337 2270 illas
3363 2233 3551 2287 quoque
3583 2217 3730 2270 ducere

2180 2309 2376 2368 oportet
2403 2316 2422 2354 :
2449 2312 2494 2356 et
2531 2303 2619 2371 ﬂet
2661 2320 2818 2358 unum
2855 2305 3014 2371 ovile,
3047 2315 3094 2361 et
3118 2323 3252 2361 unus
3279 2318 3449 2380 pastor
3475 2307 3637 2375 (Joau.
3659 2307 3726 2362 l0.

2183 2393 2294 2465 16).
2321 2394 2434 2450 Hoc
2453 2395 2613 2450 etiam
2637 2396 2826 2451 multis.
2840 2407 2986 2451 retro
3009 2397 3222 2453 sarculis
3249 2407 3509 2470 tamquam
3529 2399 3730 2468 infigura

2182 2489 2380 2544 factum
2417 2497 2521 2544 est.
2564 2488 2834 2544 Abraham
2868 2489 3010 2544 enim
3042 2489 3140 2545 fuit
3161 2501 3504 2563 utrorumque
3537 2491 3729 2562 patriar-

2181 2582 2304 2650 cha,
2331 2593 2387 2639 et
2408 2600 2599 2640 eorum
2620 2586 2791 2656 quiin
2821 2588 3113 2659 praeputio,
3131 2597 3186 2644 et
3213 2605 3400 2645 eorum
3427 2593 3510 2660 qui
3539 2598 3667 2643 erant
3686 2585 3728 2640 in

2182 2676 2590 2732 circumcisione
2618 2695 2635 2730 :
2660 2678 2754 2733 sed
2791 2679 2917 2735 illud
2951 2681 3102 2751 quasi
3137 2681 3189 2735 in
3222 2683 3410 2754 figura,
3455 2682 3548 2735 hoc
3581 2689 3727 2733 autem

2184 2765 2238 2820 in
2286 2768 2528 2822 veritate.
2574 2767 2676 2822 Hic
2719 2771 2885 2840 factus
2912 2781 2988 2826 est
3012 2772 3065 2824 in
3088 2781 3245 2841 caput
3273 2772 3445 2842 anguli
3477 2788 3494 2824 :
3519 2771 3610 2825 hoc
3631 2779 3724 2831 est.

2184 2867 2438 2927 utraSque
2481 2869 2676 2930 gentes
2709 2863 3004 2931 conjunxit.
3044 2862 3138 2918 9.3.
3184 2864 3231 2916 Α
3281 2863 3492 2918 Domino
3519 2866 3642 2934 facta
3673 2865 3729 2913 est

2184 2950 2302 3004 ista.
2347 2953 2483 3020 Quid
2509 2961 2610 3019 est,
2637 2954 2683 3006 Α
2707 2952 2927 3008 Domino
2953 2959 3090 3026 facta
3111 2965 3182 3010 est
3208 2957 3345 3010 ista?
3371 2956 3482 3010 Non
3507 2964 3637 3018 erat,
3662 2953 3727 3006 iur

2183 3043 2333 3112 quit,
2365 3043 2654 3099 humanum
2695 3045 2836 3116 quod
2881 3045 3077 3101 factum
3116 3057 3234 3113 est,
3251 3065 3356 3103 non
3380 3057 3492 3104 erat
3519 3047 3654 3100 unius
3677 3059 3728 3098 ex

2186 3137 2386 3200 multis,
2413 3153 2519 3192 non
2550 3147 2666 3193 erat
2689 3140 3024 3210 angelorum,
3054 3155 3160 3194 non
3188 3150 3310 3195 erat
3336 3139 3727 3210 archangelorum

2189 3227 2346 3282 talem
2377 3229 2626 3299 angulum
2655 3245 3002 3299 componere.
3042 3231 3216 3287 Nemo
3255 3247 3384 3302 ergo
3421 3232 3518 3286 hoc
3559 3228 3726 3300 poluil,

2187 3336 2295 3375 non
2315 3321 2510 3392 justus,
2542 3337 2650 3376 non
2680 3323 2936 3393 propheta
2961 3364 2976 3388 ,
3005 3339 3113 3378 non
3136 3325 3378 3394 angelus,
3411 3339 3512 3378 non
3537 3319 3728 3376 archan-

2185 3413 2354 3483 gelus,
2385 3413 2480 3468 sed
2505 3413 2671 3469 solius
2691 3414 2785 3469 Dei
2810 3423 2925 3470 erat
2954 3413 3056 3469 hoc
3080 3417 3396 3485 praeclarum
3429 3414 3616 3468 facinus
3637 3415 3731 3464 ::est

2185 3503 2327 3556 enim
2375 3502 2491 3572 ejus
2536 3504 2830 3573 proprium.
2874 3503 3024 3559 Alius
3067 3504 3436 3575 interpres-(a)
3465 3503 3612 3566 dicit,
3638 3496 3730 3552 Hoc

2187 3597 2377 3666 factum
2401 3605 2472 3650 est
2499 3613 2533 3650 a
2559 3595 2815 3661 Domino;
2855 3597 2906 3652 id
2933 3606 3035 3663 est,
3062 3597 3164 3653 hoc
3192 3612 3330 3668 opus
3356 3595 3662 3656 admirabile,
3688 3597 3732 3644 et

2187 3686 2330 3756 quod
2356 3702 2570 3743 omnem
2595 3698 2814 3758 superat
2833 3688 3154 3758 opinionem,
3178 3689 3282 3744 hoc
3306 3690 3502 3744 scilicet
3521 3698 3639 3754 opus
3655 3697 3730 3735 an-

2185 3780 2314 3850 guli.
2344 3778 2408 3832 Et
2436 3789 2508 3833 est
2533 3779 2846 3833 admirabilis
2864 3781 2919 3834 in
2939 3781 3098 3834 oculis
3119 3781 3326 3834 nostris.
3353 3779 3478 3846 Quis
3496 3771 3731 3834 estadmi-

2187 3871 2405 3926 rabilis?
2436 3871 2677 3940 Angulus
2695 3873 2916 3935 scilicet.
2941 3872 3352 3927 eoitioduorum
3373 3870 3661 3941 populorum
3675 3861 3732 3914 ad

2186 3963 2457 4032 pietatem.
2494 3963 2570 4017 Ex
2598 3962 2797 4018 ludaais
2825 3965 2966 4018 enim
2997 3965 3178 4019 multm
3204 3963 3540 4019 crediderunt
3563 3955 3728 4029 myrin-

2185 4053 2282 4108 des
2311 4071 2325 4108 :
2355 4054 2643 4124 quinetiam
2675 4055 2777 4124 ipsi
2813 4063 2966 4109 erant
3002 4054 3229 4124 apostoli
3255 4070 3318 4110 ex
3345 4053 3551 4110 Iudaeis.
3595 4050 3731 4105 Recte

2185 4154 2364 4200 autem
2393 4143 2556 4208 dixit,
2585 4142 2654 4198 In
2682 4145 2842 4198 oculis
2869 4145 3050 4198 nostris
3078 4161 3097 4198 :
3123 4160 3299 4215 neque
3322 4145 3460 4201 enim
3484 4143 3577 4198 hoc
3601 4139 3728 4193 mira-

2184 4239 2363 4293 culum
2384 4238 2630 4293 omnibus
2649 4248 2732 4292 est
2755 4237 3114 4292 manifestum.
3147 4238 3278 4305 Quis
3299 4238 3438 4292 enim
3461 4250 3558 4290 non
3576 4232 3732 4286 obstu-

2186 4341 2388 4400 pescat,
2430 4330 2550 4400 quis
2589 4344 2696 4384 non
2728 4329 3020 4383 admiretur
3058 4329 3202 4399 quod
3251 4329 3339 4385 ubi
3385 4327 3645 4384 cruciﬁxus
3665 4326 3730 4373 est

2184 4421 2426 4478 Christus
2448 4463 2463 4486 ,
2495 4421 2604 4476 illic
2627 4420 2870 4475 Christus
2898 4419 3150 4475 adorator
3180 4437 3195 4472 :
3222 4428 3280 4484 et
3297 4421 3384 4491 qui
3406 4435 3521 4475 eum
3548 4412 3730 4486 quidem

2183 4513 2581 4578 cruciﬁxerunt,
2611 4512 2919 4583 ignominia,
2947 4512 3036 4582 qui
3063 4527 3192 4568 vero
3217 4512 3461 4578 adorant,
3488 4508 3638 4581 gloria
3661 4499 3728 4554 al-

2185 4603 2468 4658 ficiuntur?
2523 4602 2838 4658 Universum
2893 4601 3036 4656 enim
3087 4601 3275 4656 orbem
3330 4611 3480 4656 terrae
3532 4590 3729 4668 pervasit

2186 4695 2427 4759 verbum,
2451 4709 2637 4749 omnes
2659 4693 2866 4748 veritati
2891 4692 3241 4762 conjungens.
3275 4693 3368 4748 Est
3386 4705 3508 4760 ergo
3533 4685 3729 4742 admira-

2186 4792 2345 4859 bilis,
2375 4793 2460 4847 vel
2505 4791 2571 4845 iis
2615 4790 2706 4861 qui
2747 4788 3252 4860 quomodocumque
3299 4787 3350 4842 id
3393 4782 3725 4842 considerant.

2185 4885 2355 4940 multo
2392 4892 2567 4939 autem
2603 4881 2773 4954 magis
2795 4891 2850 4938 et
2877 4882 3033 4951 longe
3061 4881 3362 4936 evidentius
3401 4879 3476 4933 eis
3511 4875 3592 4946 qui
3629 4884 3727 4926 crc—

2185 4977 2338 5033 dunt.
2367 4977 2435 5032 Et
2453 4977 2573 5032 ideo
2591 4975 2747 5042 dixit,
2770 4973 2836 5029 In
2863 4975 3025 5030 oculis
3052 4975 3258 5029 nostris.
3285 4972 3374 5028 24.
3402 4970 3524 5025 Ha’c
3540 4975 3605 5022 est
3643 4959 3732 5012 die!

2185 5085 2337 5140 quam
2361 5069 2476 5137 fecit
2506 5067 2789 5132 Dominus;
2815 5065 3140 5132 exsultemus,
3166 5075 3212 5120 et
3233 5065 3454 5120 ltetemur
3472 5062 3520 5114 in
3543 5074 3613 5112 ea.
3642 5052 3729 5106 Vo-

2185 5171 2271 5217 cat
2295 5161 2381 5216 hic
2407 5159 2571 5226 diem,
2603 5173 2709 5214 non
2734 5157 2866 5215 solis
2881 5172 3117 5221 cursum,
3141 5156 3235 5212 sed
3265 5154 3508 5227 prmclara
3527 5147 3725 5204 facinora

2135 5269 2144 5273 ·
2185 5263 2307 5325 quae
2348 5255 2404 5309 in
2445 5267 2512 5308 eo
2555 5260 2705 5322 gesta
2743 5260 2889 5306 sunt.
2930 5248 3081 5306 Sicut
3111 5250 3252 5306 enim
3289 5249 3378 5319 qui
3404 5246 3534 5301 diem
3561 5239 3726 5295 malum

2185 5343 2334 5408 dicit,
2368 5357 2474 5396 non
2513 5356 2730 5396 cursum
2770 5341 2922 5407 solis,
2954 5339 3047 5395 sed
3073 5339 3211 5394 mala
3237 5353 3353 5408 qua:
3379 5337 3428 5390 in
3458 5335 3564 5404 ipso
3584 5335 3723 5384 sunt:

2185 5434 2257 5488 ita
2285 5435 2442 5490 etiam
2475 5433 2670 5487 bonum
2695 5432 2839 5488 diem
2869 5441 3020 5487 vocat
3046 5433 3299 5501 prmelara
3328 5429 3453 5484 facta
3475 5439 3584 5495 qua:
3606 5422 3650 5474 in
3672 5428 3744 5510 eo

2185 5523 2418 5580 fuerunt.
2461 5522 2614 5592 Quod
2648 5532 2824 5576 autem
2855 5522 3020 5586 dicit,
3050 5532 3130 5576 est
3160 5519 3414 5590 ejusmodi
3444 5515 3579 5572 :Res
3614 5520 3718 5578 ρπευ
3743 5531 3748 5576 :

2182 5620 2352 5675 claras
2382 5633 2500 5688 qua:
2541 5618 2591 5671 in
2631 5631 2697 5671 eo
2724 5626 2886 5684 gestae
2924 5625 3050 5669 sunt
3096 5615 3231 5670 Dens
3276 5612 3426 5675 fecit;
3461 5614 3568 5664 erat
3602 5599 3718 5657 enim

2183 5712 2322 5766 illius
2347 5709 2513 5765 solius
2542 5722 2729 5762 manus
2757 5706 2970 5761 efﬁcere
2998 5721 3118 5776 qua:
3145 5705 3278 5760 facta
3303 5709 3440 5757 sunt.

2245 5843 2317 5902 (η)
2342 5849 2425 5892 mc
2446 5850 2693 5904 ιιιιοηιιτοε
2715 5848 2790 5890 est
2815 5837 3002 5904 Αιιιιίιπρ
3027 5847 3426 5904 (ιυςετῃξιηιιυιυε
3447 5833 3718 5904 ιιῑξτνοηῖῐῡξῖτ

2184 5892 2400 5955 vei'tcrat
2419 5918 2429 5954 :
2447 5915 2481 5952 ,4
2496 5892 2695 5953 Domino
2705 5892 2882 5964 factum
2895 5908 2962 5952 est
2978 5892 3127 5953 istud.
3141 5900 3258 5950 Vide
3274 5892 3317 5947 in
3331 5892 3539 5953 Humilis
3557 5892 3722 5937 nostris.
