3956 6458
248 267 339 325 535

245 404 307 458 σῃ
325 386 402 439 ὃτι
421 384 480 438 ὲν
497 384 564 455 τῇ
579 382 805 455 ἐξουσίᾳ
821 380 984 437 αὓτοῦ
999 380 1066 436 τὸ
1084 381 1193 435 πᾶν
1220 380 1589 436 έκειτο.⁸Ὠστε
1623 379 1814 452 διπλῆν

246 469 494 542 ἐκέρδανε
526 468 826 540 σωτηρίαν,
846 467 946 538 τήν
963 483 1023 520 τε
1042 465 1152 520 τῶν
1172 465 1383 529 δεινῶν,
1403 466 1504 537 τήν
1522 482 1584 519 τε
1603 464 1703 536 τῆς
1721 481 1823 518 κα-

245 554 360 620 κίας
397 552 739 620 ἀπαλλαγήν.
780 550 873 605 Διὸ
926 555 1018 606 καὶ
1055 550 1275 616 Παῦλος
1329 550 1516 620 ἔλεγεν
1547 548 1823 622 Ἑϐραίοις

245 638 465 711 γράφων
480 652 493 666 ·
513 639 585 692 El
602 636 670 690 δὲ
688 636 865 701 ἐκτός
881 635 1021 689 ἐστε
1039 634 1332 702 παιδείας,
1345 633 1461 704 ἄρα
1475 635 1642 689 νόθοι
1657 633 1818 699 ἐστὲ,

245 723 338 777 καί
373 721 486 790 οὐχ
520 719 662 775 υίοί.
694 717 989 784 Ἇνοίξατέ
1018 735 1122 789 μοι
1159 719 1361 784 πύλας
1390 716 1818 784 δικαιοσύνηςο

245 807 526 865 εἰσελθὼν
558 807 629 861 ἐν
668 804 877 872 αὐταῖς
913 803 1434 875 ἐξομολογήσομαι
1486 802 1568 869 τῷ
1604 803 1819 871 Κυρίῳ.

246 897 363 962 Τοῖς
384 886 806 967 ’παιδευομένοις
824 895 880 948 αἱ
899 892 1069 949 πύλαι
1088 893 1419 964 ἀνοίγονται,
1440 895 1552 957 τοῖς
1571 890 1825 946 ἀποτιθε-

248 981 424 1053 μένοις
441 979 512 1033 τά
522 978 926 1050 ἁμαρτήματα.

300 1070 369 1118 ε’.
402 1063 463 1116 '0
486 1061 795 1125 παιδευθεὶς
826 1059 967 1131 μετὰ
999 1059 1314 1133 παρρησίας
1343 1056 1566 1113 δύναται
1603 1055 1780 1126 λέγειν
1802 1073 1819 1087 ο

253 1145 546 1212 Ἆνοίξατέ
590 1163 695 1215 μοι
741 1146 943 1212 πύλας
979 1144 1396 1212 δικαιοσύνης.
1438 1142 1547 1197 Καὶ
1585 1141 1693 1213 γὰρ
1731 1139 1826 1195 καὶ

245 1229 381 1285 κατὰ
417 1228 706 1300 ἀναγωγὴν
741 1227 1041 1297 ὲκληπτέον
1076 1226 1139 1281 τὸ
1173 1226 1482 1298 εἰρημένον,
1517 1225 1612 1280 καὶ
1649 1223 1826 1287 πύλας

244 1315 335 1377 τὰς
349 1312 460 1366 τῶν
478 1310 725 1384 οὐρανῶν
743 1310 983 1382 νοητέον,
1005 1311 1062 1365 αἲ
1080 1312 1194 1373 τοῖς
1214 1311 1469 1380 πονηροῖς
1489 1309 1592 1361 είσι
1613 1306 1826 1361 κεκλει-

246 1396 458 1467 σμέναι,
481 1396 618 1467 πρὸς
635 1406 662 1436 ι
682 1394 750 1458 εις
767 1394 848 1448 δεῖ
864 1393 1082 1466 κρούειν
1100 1392 1190 1447 διὰ
1206 1392 1307 1463 τῆς
1325 1391 1547 1462 ἀρετῆς,
1585 1389 1652 1443 δι’
1673 1389 1829 1461 ἐλεη-

249 1478 503 1552 μοσύνης,
523 1477 614 1532 διὰ
629 1477 995 1549 δικαιοσύνης.
1016 1477 1178 1544 Αὕτη
1201 1478 1239 1545 ή
1261 1476 1427 1543 πύλη
1444 1474 1552 1529 τοῦ
1572 1474 1792 1544 Κυρίου
1807 1489 1821 1503 ’

245 1563 458 1617 δίκαιοι
481 1563 937 1616 εἰσελεύσονται
954 1562 1026 1615 ἐν
1043 1559 1219 1629 αὐτῇ.
1244 1557 1366 1612 Εἰσὶ
1384 1558 1550 1612 πύλαι
1570 1557 1823 1623 θανάτου,

244 1647 348 1701 εἰσί
366 1645 531 1701 πύλαι
551 1643 849 1709 ἀπωλείας,
873 1646 981 1698 εἰσὶ
1001 1644 1168 1698 πύλαι
1190 1644 1357 1716 ζωῆς,
1380 1644 1487 1697 εἰσὶ
1506 1643 1675 1695 πύλαι
1704 1659 1828 1696 στε-

243 1730 332 1784 ναὶ
368 1730 464 1783 καὶ
501 1728 927 1800 τεθλιμμέναιδ.
950 1728 1051 1782 Διὰ
1085 1728 1149 1798 δὴ
1190 1727 1351 1781 τοῦτο
1386 1727 1575 1800 ἐπειδὴ
1614 1726 1830 1793 πολλαὶ,

243 1814 386 1883 λέγει
423 1813 485 1867 τὸ
521 1813 851 1884 παράσημον
880 1812 979 1883 τῆς
998 1811 1094 1866 τοῦ
1116 1811 1325 1884 Κυρίου
1347 1810 1543 1881 πύλης,
1565 1810 1788 1880 ἐπάγων
1812 1826 1826 1840 ·

242 1900 402 1967 Αὕτη
446 1899 485 1966 ἦ
525 1899 691 1967 πύλη
725 1897 837 1953 τοῦ
878 1898 1121 1966 Κυρίου.
1161 1897 1398 1951 Ἐκεῖναι
1435 1896 1544 1969 7&9
1579 1896 1700 1967 οὐχὶ
1736 1894 1831 1949 τοῦ

245 1983 471 2053 Κυρίου.
494 1983 606 2035 Kal
623 1982 683 2036 τὸ
702 1982 1032 2053 παράσημον
1052 1982 1203 2034 ποῖον
1222 1981 1429 2052 αύτῆς;
1464 1980 1537 2033 Τὸ
1573 1979 1641 2033 δι’
1662 1978 1832 2049 αὐτῆς

244 2068 370 2131 τοὺς
409 2066 834 2138 παιδευομένους
852 2065 1102 2129 εἰσιέναι,
1120 2066 1248 2127 τοὺς
1269 2062 1638 2133 θλιϐομένους.
1662 2062 1831 2132 Στενὴ

244 2151 356 2223 γάρ
385 2153 501 2203 ἐστι
539 2150 632 2203 καὶ
670 2149 1031 2221 τεθλιμμένη·
1057 2149 1105 2201 εί
1125 2148 1181 2201 δὲ
1202 2146 1559 2219 τεθλιμμένη,
1579 2147 1630 2199 οἰ
1651 2145 1831 2199 θλιϐό-

247 2250 398 2305 μενοι
434 2233 501 2287 δι’
519 2233 690 2304 αὐτῆς
724 2232 1067 2303 βαδιοῦνται·
1088 2231 1279 2302 ῶσπερ
1315 2233 1348 2302 ἡ
1389 2229 1525 2301 πρὸς
1557 2229 1833 2285 ἀπώλειαν

246 2318 475 2373 πλατεῖα
494 2317 591 2371 καὶ
612 2316 946 2389 εὐρύχωρος.

329 2400 874 2472 Ἐξομολογήσομαί
907 2413 1029 2464 σοι,
1069 2398 1161 2453 ὅτι.
1194 2396 1548 2466 ἐπήκουσάς
1572 2415 1713 2468 μου,
1738 2396 1837 2452 καί

245 2483 459 2554 ἐγένου
487 2501 610 2554 μου
648 2485 738 2551 εἰς
776 2483 1096 2552 σωτηρίαν.
1119 2482 1231 2553 Ούχ
1267 2481 1453 2546 ἁπλῶς
1493 2475 1670 2548 εἶπεν,
1695 2482 1837 2536 Ἐπ-

247 2571 542 2637 ήιιουσας,
556 2567 701 2622 ἀλλά
720 2567 983 2640 πρότερον
1005 2566 1324 2631 παιδεύσας,
1350 2566 1445 2620 καὶ
1465 2565 1660 2636 βελτίω
1690 2567 1841 2637 ποιὴ-

250 2670 370 2716 σας.
390 2652 485 2706 Διὸ
518 2653 613 2706 καὶ
644 2652 977 2724 εὐχαριστεῖ,
1008 2653 1106 2723 οὐχ
1143 2650 1283 2724 ὑπὲρ
1321 2645 1397 2706 ὧν
1435 2649 1702 2725 ἠκούσθη,
1723 2649 1837 2705 ἀλλ’

249 2738 393 2809 ὑπὲρ
427 2730 503 2791 ὧν
539 2735 853 2808 ἐπαιδεύθη.
876 2736 976 2789 Διὰ
995 2736 1105 2807 7&9
1123 2734 1282 2789 τοῦτο
1297 2733 1563 2806 ἠκούσθη,
1586 2736 1681 2788 καὶ
1700 2750 1840 2788 παν-

248 2821 421 2892 ταχοῦ
441 2821 576 2876 πολὺ
613 2822 774 2875 τοῦτο
792 2821 924 2893 παρ’
944 2819 1095 2891 αύτῷ
1111 2820 1173 2873 τὸ
1190 2821 1290 2892 τῆς
1309 2818 1659 2891 εὐχαριστίας
1677 2814 1836 2880 εἶδος.

252 2905 436 2978 Ὅπερ
470 2904 579 2976 7&9
615 2900 789 2970 εἶπον,
815 2906 908 2958 xal
943 2903 1117 2972 λέγων
1136 2904 1198 2957 ού
1219 2904 1519 2974 παύσομαι,
1540 2900 1699 2956 τοῦτο
1735 2901 1843 2972 μά-

250 2988 413 3043 λιστα
442 2987 601 3041 θυσία
626 2989 723 3042 καὶ
750 2989 1055 3061 προσφορά.
1076 2988 1260 3042 Λίθον
1289 2986 1363 3040 ὃν
1380 2985 1843 3054 ἀπεδοκίμασαν

252 3075 310 3128 οι
329 3071 811 3143 οἰκοδομοῦντες,
825 3067 1004 3139 οὗτος
1021 3070 1273 3142 ἐγενήθη
1283 3072 1381 3137 είς
1396 3068 1550 3142 [5251
1567 3067 1843 3139 κεφαλὴν

253 3159 625 3228 γωνίας-,Ὅτι
648 3157 746 3228 μὲν
766 3159 847 3221 είς
865 3154 1099 3228 Χριστὸν
1116 3155 1177 3210 τὸ
1196 3156 1508 3227 είρημένον,
1536 3148 1701 3208 παντί
1737 3170 1842 3207 που

162 3271 171 3296 ς
257 3241 443 3311 δῆλον.
461 3243 567 3295 Kal
584 3241 694 3312 7&9
715 3239 879 3303 αὐτὸς
897 3242 954 3293 έν
976 3241 1086 3303 τοῖς
1106 3239 1459 3307 Εύαγγελίοις
1479 3237 1682 3309 ταύτην
1700 3254 1845 3309 παρ-

186 3387 208 3399 λ
262 3324 393 3392 ἀγει
427 3325 521 3396 τὴν
553 3324 893 3395 προφητείαν
924 3324 1097 3393 λέγων
1116 3340 1131 3356 ·
1173 3322 1474 3377 οὐδέποτε
1503 3320 1802 3392 ἀνέγνωτε
1826 3360 1841 3387 ,

256 3408 448 3462 Λίθον
479 3408 551 3462 δν
571 3407 1028 3477 ἀπεδοκίμασαν
1067 3409 1121 3461 οί
1153 3405 1626 3475 οίκοδομοῦντες,
1665 3400 1846 3470 οὗτος

253 3489 511 3562 ἐγενήθη
532 3494 620 3558 είς
637 3491 914 3562 κεφαλὴ-ν
933 3492 1185 3562 mylae;
1206 3492 1270 3545 Εἰ
1287 3489 1345 3543 δὲ
1368 3490 1442 3561 μή
1461 3489 1611 3543 δοκεῖ
1645 3488 1707 3554 ἐξ
1742 3488 1844 3543 αύ-

252 3578 362 3648 τῆς
379 3576 645 3647 ἠρτῆσθαι
665 3577 761 3648 τῆς
784 3576 1025 3646 ίστορίας
1056 3576 1119 3629 τὺ
1151 3574 1462 3648 εἰρημένον,
1499 3572 1637 3628 άλλὰ
1675 3573 1846 3644 μέσην

252 3662 362 3731 τὴν
384 3660 744 3714 ἀκολουθίανθ
773 3660 1078 3730 διακόψασα
1115 3662 1150 3732 ἡ
1189 3660 1494 3732 προφητεία
1531 3656 1845 3730 ἐπεισῆλθε,

256 3744 578 3814 θαυμαστὸν
614 3745 928 3808 ούδὲν,ούδὲ
967 3744 1154 3798 καινόν
1177 3758 1191 3774 ·
1231 3743 1375 3797 οὕτω
1414 3743 1523 3814 7&9
1556 3745 1610 3796 αἰ
1632 3740 1849 3804 πλείους

254 3830 373 3883 τῶν
413 3830 757 3902 προφητειῶν
794 3829 1208 3900 έξεφωνήθησαν
1227 3830 1286 3882 ὲν
1304 3830 1370 3900 τῇ
1394 3826 1625 3897 Παλαιᾷ,
1661 3825 1749 3878 διὰ
1789 3824 1851 3878 τὸ

201 3900 220 3923 ⁸
256 3912 375 3965 δεῖν
411 3900 593 3975 αὐτάς
619 3912 1007 3978 συσκιάζεσθαι
1026 3913 1184 3978 τέως,
1206 3911 1348 3966 ὥστε
1371 3910 1450 3982 μή
1469 3911 1562 3963 καὶ
1580 3909 1650 3963 τὰ
1670 3906 1852 3978 βιϐλία

256 3995 406 4050 αὐτὰ
439 3996 837 4068 ἐξαλειφθῆναι.
857 3998 1010 4051 Ἐπεὶ
1050 3997 1143 4050 καὶ
1179 3997 1213 4067 ἡ
1259 3997 1387 4067 περὶ
1426 3993 1526 4065 τῆς
1547 3994 1851 4063 γεννήσεως

258 4081 434 4137 αὐτοῦ
449 4083 752 4155 προφητεία
770 4083 918 4136 δοκεῖ
937 4082 1035 4152 μὲν
1055 4081 1163 4135 άπὸ
1180 4083 1279 4152 τῆς
1301 4080 1539 4151 ἱστορίας
1561 4077 1849 4149 ἠρτῆσθαι,

257 4167 421 4222 οὐδὲν
455 4168 512 4221 δὲ
548 4167 724 4221 κοινόν
752 4166 868 4239 ἔχει
902 4167 1036 4238 πρὸς
1067 4165 1315 4238 ἐκείνην·
1355 4158 1466 4218 οἷον
1499 4162 1581 4227 τὸ,
1622 4160 1776 4217 Ἰδοὺ
1812 4162 1852 4229 ἡ

261 4250 565 4320 παρθένος
581 4252 653 4305 ἐν
670 4251 880 4322 γαστρί
915 4250 1196 4319 λήψεται,
1213 4249 1311 4303 καί
1330 4246 1562 4313 τέξεται
1576 4244 1731 4311 υἱὸν,
1754 4244 1854 4297 καί

262 4334 642 4390 καλέσουσιει
685 4335 754 4389 τὸ
790 4334 977 4404 ὄνομα
1011 4332 1198 4387 αὐτοῦ
1229 4328 1633 4402 Ἐμμανσυὴλ,
1657 4327 1691 4382 6'
1724 4328 1858 4382 ἐστι

256 4420 888 4492 μεθερμηνευόμενον,
935 4419 1077 4474 Μεθ’
1103 4413 1274 4488 ἡμῶν
1300 4420 1333 4473 ό
1363 4417 1528 4483 Θεός.
1567 4411 1749 4467 Λίθον
1785 4410 1858 4465 ὃν

259 4505 727 4575 ἀπεδοκίμασαν
781 4507 837 4559 οὶ
890 4501 1367 4572 οἰκοδομοῦντες.
1422 4494 1857 4567 Οἰκοδομοῦντας

262 4591 423 4661 λέγει
461 4592 586 4654 τοὺς
633 4590 952 4653 Ἰουδαίους,
999 4588 1128 4649 τοὺς
1167 4581 1689 4657 νομοδιδασκάλους,
1728 4581 1857 4643 τοὺς

263 4685 642 4755 γραμματεῖς,
661 4684 788 4746 τοὺς
807 4681 1157 4752 Φαρισαίους,
1178 4680 1259 4734 ὅτι
1279 4673 1678 4747 ἀπεδοκίμαζον
1697 4672 1858 4728 αὐτὸν

262 4767 556 4835 λέγοντες·
588 4768 951 4835 Σαμαρείτης
982 4766 1038 4819 εἷ
1063 4764 1167 4828 σὺ,
1187 4762 1288 4816 καί
1324 4759 1633 4830 δαιμόνιον
1660 4756 1824 4828 ἔχεις
1842 4772 1857 4787 ⁸

266 4854 372 4909 καὶ
412 4851 605 4905 πάλιν
649 4848 838 4918 Οὗτος
861 4854 973 4905 οὐκ
1043 4848 1214 4903 ἔστιν
1247 4848 1314 4901 ἐκ
1362 4846 1471 4901 τοῦ
1506 4843 1676 4907 Θεοῦ,
1700 4839 1864 4897 ἀλλὰ

267 4934 487 5004 πλανᾷ
504 4937 607 4991 τὸν
631 4936 839 5006 ὄχλον.
858 4935 994 4988 Ἀλλ’
1014 4936 1165 5007 ὅμως
1183 4925 1338 4996 οὗτος
1356 4934 1386 4986 6
1403 4927 1865 5000 άποδοκιμασθεὶς

266 5023 455 5084 οὕτως
492 5023 663 5093 ἐφάνη
702 5021 944 5092 δόκιμος,
964 5020 1040 5084 ὡς
1078 5017 1330 5089 γενέσθαι
1364 5016 1605 5087 κεφαλὴν
1638 5013 1862 5083 γωνίας.

268 5108 355 5161 Ού
398 5107 507 5178 7&9
541 5108 684 5169 ἆπας
704 5106 852 5169 λίθος
870 5106 948 5168 εἰς
968 5101 1169 5173 γωνίαν
1191 5100 1513 5171 ἐπιτήδειος,
1533 5098 1646 5152 ἀλλ’
1669 5099 1697 5151 6
1716 5097 1863 5152 δοκι-

273 5194 555 5268 μὼτατος,
577 5194 670 5248 καὶ
689 5189 748 5258 ἐξ
768 5191 1034 5264 ἑκατέρας
1053 5188 1292 5259 πλευρᾶς
1330 5189 1456 5251 τοὺς
1491 5184 1705 5255 τοίχους
1740 5200 1864 5238 συν-

341 5465 377 5495 ιι
402 5462 485 5513 Sic
504 5459 661 5513 Savil.
684 5459 739 5510 In
764 5459 941 5522 Morel.
966 5426 1131 5509 aalem
1148 5456 1265 5522 πρός
1284 5457 1445 5505 deest.

337 5528 374 5569 δ
395 5526 635 5575 Savilium
657 5521 925 5585 sequimur.
953 5522 1126 5585 Ἀρι-ειν.
1148 5516 1276 5585 ζωῆς
1298 5522 1347 5567 αἱ
1365 5516 1629 5585 στεναζιιαὶ
1646 5516 1771 5585 τεθλ.

1293 264 1668 324 EXPOSITIO
1701 265 1769 320 IN
1811 262 2148 324 PSIALMUM
2189 267 2397 330 CXVII.

1929 381 2090 451 δῆσαι
2128 382 2425 455 δυνάμενος
2443 394 2489 436 ε.
2518 384 2584 439 Ὀ
2619 383 2799 440 τοίνυν
2816 386 2846 440 6
2864 387 3149 461 Προφήτης
3167 390 3334 462 λέγει,
3355 396 3514 451 τοῦτο

1925 467 2095 533 ἐστιν,
2116 468 2198 521 ὅτι
2236 472 2266 523 6
2301 469 2762 540 ἀποδοκιμασθεὶς
2798 472 2952 546 παρά
2978 472 3088 529 τῶν
3120 477 3385 543 Ἰουδαίων
3417 484 3513 537 καὶ

1925 550 2324 636 ἐξουθενηθεὶς,
2346 553 2521 619 οὕτως
2540 554 2712 628 ἐφάνη
2733 557 3069 628 θαυμαστὸς,
3092 560 3233 614 ὥστε
3256 564 3331 636 μή
3354 564 3514 636 μόνον

1924 635 2216 722 (ἕκοδομὴν
2258 638 2493 722 ὑφῆναι,
2533 640 2673 694 ἀλλὰ
2713 641 2806 694 καὶ
2844 641 2939 722 δύο
2983 644 3242 716 συνδῆσαι
3278 635 3512 720 τοίχους.

1924 717 2121 783 Ποίους
2155 719 2220 790 δὴ
2260 721 2473 792 τοίχους
2498 738 2513 787 ;
2543 723 2683 788 Τοὺς
2716 722 2777 789 se
2809 717 3080 782 'lo'uaazwv
3120 731 3215 784 καὶ
3246 717 3554 804 Ἑλλὴνωνι

1926 804 2317 868 πιστεύοντας·
2364 804 2616 878 καθάπερ
2655 808 2749 862 καὶ
2780 809 2810 862 6
2847 808 3058 875 Παῦλος
3095 810 3242 881 λέγει
3267 832 3281 848 ο
3320 817 3518 884 Αὐτὸς

1924 884 2037 970 γάρ
2057 886 2229 941 ἐστιν
2266 889 2305 958 ἠ
2342 890 2554 960 είρήνη
2574 889 2763 960 ἡμῶν,
2790 896 2823 948 ό
2841 897 3103 963 ποιήσας
3122 897 3196 951 τὰ
3212 899 3517 970 ἀμφότερα

1923 969 2014 1035 ἓν,
2053 971 2150 1025 καὶ
2188 970 2257 1025 τὸ
2289 974 2652 1044 μεσότοιχον
2686 976 2795 1032 τοῦ
2830 981 3104 1049 φραγμοῦ
3139 969 3361 1050 λύσας,
3400 969 3520 1052 τὴν

1925 1054 2151 1125 ἔχθραν
2167 1055 2239 1110 ἐν
2255 1055 2333 1126 τῇ
2351 1057 2531 1126 σαρκί
2548 1059 2756 1125 αὐτοῦ,
2778 1061 2886 1116 τὸν
2908 1063 3097 1132 νόμον
3115 1064 3235 1120 τῶν
3251 1066 3520 1122 ἐντολῶν

1923 1140 1996 1194 ἐν
2028 1138 2286 1210 δόγμασι
2320 1142 2728 1214 καταργήσας,
2755 1145 2857 1200 ἵνα
2891 1147 3035 1214 τοὺς
3070 1147 3179 1202 δύο
3212 1150 3393 1219 κτίσῃ
3430 1153 3516 1216 είς

1924 1221 2035 1277 ἕνα
2075 1222 2290 1279 καινὸν
2333 1224 2665 1294 ἀνθρωπον.
2705 1228 2816 1282 Καὶ
2853 1228 3047 1283 πάλιν·
3099 1231 3521 1304 Ἐποικοδομη-

1927 1307 2131 1376 θέντες
2150 1307 2229 1375 τῷ
2248 1310 2497 1379 θεμελίῳ
2515 1309 2635 1364 τῶν
2651 1310 3012 1377 ἀποστόλων
3043 1314 3143 1369 καί
3174 1316 3517 1386 προφητῶν,
3607 1378 3611 1382 ,

1927 1391 2103 1458 ὄντος
2135 1392 2564 1462 ἀκρογωνιαίου
2602 1394 2778 1450 λίθου
2811 1396 3015 1464 Ἰησοῦ
3060 1399 3334 1467 Χριστοῦ.
3358 1400 3433 1453 Τὸ
3463 1400 3522 1455 δὲ

1927 1475 2217 1547 εἰρημένον
2239 1475 2409 1549 πολλὴ
2431 1479 2738 1549 κατηγορία
2759 1480 2866 1535 τῶν
2898 1481 3191 1543 Ἰουδαίων.
3213 1484 3295 1537 ὅτι
3315 1485 3523 1540 οίκοδο-

1932 1558 2158 1630 μοῦντες
2190 1559 2282 1613 τὸν
2314 1560 2619 1630 ἐπιτήδειον
2657 1560 2806 1616 λίθον
2837 1565 2939 1618 οὐκ
2959 1565 3179 1637 ἔκριναν
3201 1566 3247 1632 τ,
3271 1568 3407 1622 ἀλλὰ
3428 1570 3523 1624 καὶ

1928 1642 2004 1706 ὡς
2042 1642 2298 1713 ἀδόκιμον
2330 1642 2582 1715 ἔρριψαν,
2611 1646 2868 1718 τοιαύτην
2900 1648 3198 1721 δυνάμενον
3235 1651 3524 1723 οἰκοδομὴν

1930 1725 2151 1797 ὑφῆναι.
2173 1728 2236 1781 El
2264 1727 2322 1781 δὲ
2357 1729 2537 1799 βούλει
2563 1731 2692 1794 τοὺς
2710 1731 2804 1785 δύο
2822 1733 3034 1803 τοίχους
3056 1734 3266 1805 μαθεῖν,
3291 1735 3526 1790 ἄκουσον

1929 1810 2024 1863 καὶ
2042 1808 2206 1865 αὑτοῦ
2227 1809 2321 1864 τοῦ
2343 1811 2581 1883 Χριστοῦ
2602 1812 2854 1882 λέγοντος
2880 1834 2891 1844 ·
2913 1817 3022 1871 Kal
3060 1818 3221 1872 ἄλλα
3260 1821 3526 1887 πρόϐατα

1930 1891 2067 1961 ἔχω,
2088 1893 2125 1947 ἆ
2143 1895 2254 1948 οὐκ
2273 1894 2445 1949 ἐστιν
2473 1895 2543 1949 ἐκ
2568 1894 2679 1964 τῆς
2700 1897 2901 1965 αὐλῆς
2921 1900 3163 1967 ταύτης,
3186 1900 3435 1956 κάκεῖνὰ
3446 1918 3524 1971 με

1931 1975 2027 2029 δεῖ
2039 1976 2286 2047 ἀγαγεῖν
2300 1994 2313 2008 ο
2333 1978 2431 2031 καὶ
2449 1977 2766 2048 γενήσεται
2781 1980 2893 2050 μία
2910 1984 3152 2052 ποίμνη,
3171 1980 3260 2050 εἷς
3276 1984 3523 2054 ποιμήν.

1932 2058 2103 2113 Τοῦτο
2122 2061 2217 2114 καὶ
2239 2060 2445 2116 ἄνωθεν
2466 2061 2619 2129 ὼςιὲν
2637 2062 2791 2135 τύπῳ
2812 2064 3050 2133 γέγονεν.
3072 2066 3128 2119 Ὁ
3149 2067 3260 2137 γὰρ
3274 2067 3527 2139 Ἀϐραὰμ

1933 2144 2158 2214 γέγονεν
2177 2146 2456 2218 ἑκατέρων
2476 2147 2845 2219 πατριάρχης,
2868 2148 2977 2202 τῶν
2996 2167 3054 2203 τε
3077 2151 3134 2204 ὲν
3164 2152 3525 2224 ἀκροϐυστίᾳ,

1933 2228 2042 2283 τῶν
2062 2247 2122 2283 τε
2142 2232 2200 2283 ὲν
2224 2234 2493 2304 περιτομῇ
2514 2249 2528 2262 ·
2551 2232 2666 2285 ἀλλ’
2689 2228 2865 2288 έκεῖνο
2888 2234 2986 2304 μὲν
3004 2233 3080 2298 ὡς
3100 2237 3158 2288 ὲν
3177 2235 3352 2307 τύπῳ,
3370 2236 3527 2290 τοῦτο

1934 2312 1993 2367 δὲ
2012 2314 2070 2365 ὲν
2089 2312 2336 2386 ἀληθείᾳ.
2363 2311 2553 2382 Οὗτος
2584 2315 2839 2385 ἐγενήθη
2860 2319 2948 2383 είς
2967 2318 3242 2387 κεφαλὴν
3273 2320 3524 2388 γωνίας·

1933 2398 2200 2462 τουτέστι,
2225 2398 2513 2469 συνέδησεν
2553 2399 2791 2472 ἑκάτερα
2828 2399 2899 2453 τά
2935 2400 3085 2472 ἔθνη.
3109 2400 3278 2470 Παρὰ
3310 2405 3528 2472 Κυρίου

1934 2482 2175 2553 ἐγένετο
2192 2484 2366 2552 αὕτη.
2392 2483 2458 2537 Τί
2474 2485 2594 2538 ὲστι
2615 2500 2629 2515 ’
2649 2486 2817 2553 Παρὰ
2836 2485 3058 2553 Κυρίου
3087 2485 3321 2556 ἐγένετο
3341 2487 3529 2552 αὕτη;

1937 2569 2053 2622 Οὐκ
2086 2563 2156 2639 ἦν
2194 2568 2556 2642 ἀνθρώπινον,
2580 2570 2737 2641 φησὶ,
2760 2568 2824 2623 τὸ
2841 2569 3153 2640 γενόμενον,
3176 2570 3275 2623 ούκ
3305 2566 3374 2641 ἦν
3413 2571 3529 2634 ἑνὸς

1936 2651 2044 2706 τῶν
2066 2652 2298 2718 πολλῶν,
2313 2654 2415 2707 οὐκ
2432 2649 2501 2724 ἦν
2520 2653 2790 2723 ἀγγέλων,
2808 2653 2907 2706 οὐκ
2922 2650 2990 2724 ἦν
3007 2653 3363 2726 ἀρχαγγέλων
3376 2653 3528 2727 [ὖὲϐἱ

1937 2735 1999 2790 τὸ
2035 2735 2294 2808 τοιαύτην
2330 2736 2524 2803 πλέξαι
2562 2737 2784 2806 γωνίαν.
2807 2733 2997 2800 Οὐδεὶς
3035 2735 3165 2804 γοῦν
3207 2737 3446 2808 ἴσχυσεν,
3470 2739 3531 2790 ού

1938 2818 2166 2884 δίκαιος,
2188 2820 2251 2872 οὐ
2292 2822 2598 2892 προφήτης,
2619 2821 2720 2873 ούκ
2758 2819 3015 2888 ἄγγελος,
3036 2819 3136 2873 οὐκ
3168 2816 3507 2889 ἆρχάγγελος

1940 2903 2080 2959 ἀλλὰ
2118 2903 2214 2958 τοῦ
2250 2904 2391 2958 Θεοῦ
2435 2905 2497 2957 τὸ
2530 2903 2861 2975 κατόρθωμα
2898 2904 3089 2971 μόνον’
3134 2903 3357 2975 καὶγὰρ
3375 2903 3535 2957 τοῦτο

1945 2987 2125 3051 ίδικῶς
2159 2986 2323 3041 αὐτοῦ
2362 2986 2425 3040 τὸ
2461 2986 2950 3057 ἔργον.”Ετεροςδὲ
2971 2987 3343 3058 ἑρμηνευτήςο
3367 2988 3535 3055 Παρὰ
3642 2992 3645 2999 ’

1941 3073 2165 3142 Κυρίου
2202 3071 2440 3141 ἐγένετο
2475 3071 2674 3135 τοῦτο,
2697 3070 2831 3141 φησί
2851 3085 2867 3103 ο
2910 3070 3179 3134 τουτέστι,
3199 3069 3260 3123 τὸ
3292 3069 3452 3142 ἔργον
3474 3070 3530 3124 τὲ

1942 3155 2257 3228 θαυμαστὸν
2294 3155 2386 3209 καὶ
2425 3155 2750 3227 παράδοξον,
2770 3154 2831 3208 τὸ
2871 3155 2970 3226 τ’ἧς
3015 3153 3240 3224 γωνίας.
3265 3156 3376 3209 Kal
3419 3155 3535 3209 ἔστι

1944 3239 2233 3311 θαυμαστή
2265 3242 2323 3293 ὲν
2360 3237 2656 3310 ὀφθαλμοῖς
2677 3238 2853 3310 ἡμῶν.
2878 3238 2974 3302 Τίς
2994 3237 3048 3291 δέ
3071 3240 3188 3291 ἐστι
3210 3237 3496 3309 θαυμαστή
3518 3255 3534 3304 ;

1955 3326 2019 3380 Ἦ
2040 3326 2230 3395 γωνία,
2254 3326 2286 3396 ἠ
2311 3323 2527 3388 σύνοδος
2559 3324 2668 3377 τῶν
2689 3323 2781 3377 δύο
2801 3323 2970 3377 ἐθνῶν
2988 3324 3035 3386 ⁸,
3059 3324 3093 3392 ἠ
3136 3324 3214 3386 είς
3247 3323 3348 3393 τὴν
3383 3322 3541 3376 εὐσέ-

1945 3411 2115 3465 ϐειαν.
2140 3409 2251 3463 Kal
2271 3409 2380 3481 7&9
2398 3408 2463 3462 ὲκ
2480 3408 2588 3462 τῶν
2619 3406 2885 3461 Ἰουδαίων
2909 3406 3103 3460 πολλαὶ
3125 3406 3384 3478 μυριάδες
3418 3406 3538 3458 ἐπί-

1945 3510 2206 3548 στευσαν·
2252 3493 2349 3547 καὶ
2379 3493 2430 3545 οἰ
2472 3490 2761 3545 ἀπόστολοι
2780 3490 2837 3543 δὲ
2856 3490 2917 3555 ἐξ
2946 3489 3237 3544 Ἰουδαίων.
3263 3488 3463 3552 Καλῶς
3480 3489 3541 3542 δὲ

1945 3573 2124 3630 εἶπεν·
2160 3577 2266 3630 Ἐν
2299 3573 2629 3644 ὀφθαλμοῖς
2661 3571 2877 3643 ήμῶνιι
2896 3589 2911 3604 ν
2945 3574 3006 3626 οὐ
3028 3572 3137 3643 7&9
3158 3571 3322 3626 πᾶσίν
3341 3573 3458 3625 ἐστι
3478 3572 3542 3624 τὸ

1946 3662 2132 3733 θαῦμα
2169 3660 2492 3731 κατάδηλον.
2515 3659 2611 3722 Τίς
2630 3657 2740 3729 7&9
2760 3658 2861 3712 οὐκ
2892 3658 2958 3712 ἂν
2991 3656 3314 3725 ἐκπλαγείη,
3335 3654 3418 3718 τίς
3439 3655 3549 3707 ούκ»

1946 3747 2012 3801 ἂν
2053 3745 2387 3815 θαυμάσειεν
2413 3782 2429 3807 ,
2475 3742 2558 3796 ὅτι
2593 3740 2720 3795 ἔνθα
2759 3738 3077 3811 ἐσταυρώθη
3110 3737 3343 3810 Χριστὸς
3368 3777 3383 3801 ,
3424 3739 3542 3791 ἐκεῖ

1949 3832 2337 3903 προσκυνεῖται
2375 3827 2646 3900 Χριστός*
2695 3826 2790 3879 καὶ
2832 3824 2883 3875 οί
2924 3823 3024 3893 μὲν
3049 3820 3461 3903 σταυρώσαντες
3479 3823 3539 3874 ὲν

1947 3902 2162 3986 ἀτιμίᾳ,
2180 3915 2234 3967 οἱ
2271 3913 2329 3967 δὲ
2367 3906 2805 3983 προσκυνοῦντες
2824 3910 2881 3961 ὲν
2899 3905 3025 3977 δόξῃ
3053 3922 3069 3972 ;
3100 3905 3211 3960 Kal
3231 3902 3338 3975 7&9
3359 3905 3542 3958 πᾶσαν

1947 3982 2055 4068 τὴν
2067 3982 2393 4066 οἰκουμένην
2412 3994 2702 4065 διέδραμεν
2741 3993 2770 4046 6
2808 3990 2986 4059 λόγος,
3010 3989 3298 4044 συνάπτων
3317 3990 3383 4061 τῇ
3406 3987 3542 4059 άληο
3581 3982 3588 3989 ’

1952 4081 2074 4153 θείᾳ
2114 4079 2380 4142 ἅπαντας.
2402 4078 2559 4132 Ἔστι
2600 4075 2701 4147 μὲν
2731 4070 2822 4131 οὖν
2839 4075 3063 4137 καὶτοῖς
3082 4073 3332 4127 ὁπωσοῦν
3352 4071 3542 4140 ἐξετά-

1953 4165 2107 4231 ζουσι
2140 4161 2450 4235 θαυμαστὴ,
2470 4160 2652 4232 πολλῷ
2670 4160 2728 4214 δὲ
2746 4158 3137 4231 ἀκριϐέστερον
3161 4159 3256 4211 καὶ
3280 4158 3542 4227 σαφέστε-

1955 4265 2048 4321 ρον
2066 4250 2178 4312 τοῖς
2198 4246 2534 4301 πιστεύουσι.
2556 4245 2655 4299 Διὰ
2674 4243 2832 4298 τοῦτο
2871 4239 3023 4296 εἶπεν
3039 4256 3054 4272 ⁸
3088 4243 3186 4295 Ἐν
3213 4238 3544 4310 ὀφθαλμοῖς

1954 4329 2142 4402 ἡμῶν.
2186 4331 2348 4399 Αὕτη
2389 4331 2428 4399 ἡ
2473 4327 2687 4398 ἡμέρα,
2749 4325 2833 4395 ἣν
2879 4326 3171 4393 ἐποίησεν
3212 4326 3246 4377 ό
3287 4324 3540 4390 Κύριος·

1954 4414 2475 4487 ἀγαλλιασώμεθα,
2500 4414 2598 4468 καί
2633 4411 3059 4483 εὐφρανθῶμεν
3078 4408 3149 4461 ἐν
3186 4404 3360 4475 αὐτῇ.
3378 4404 3548 4474 Ἡμέ-

1961 4517 2060 4570 ραν
2102 4498 2337 4553 ἐνταῦθα
2373 4498 2496 4568 οὐχὶ
2533 4498 2626 4551 τὸν
2645 4497 2846 4569 δρόμον
2864 4495 3011 4563 λέγει
3029 4492 3121 4545 τὸν
3141 4490 3387 4562 ἡλιακὸν,
3409 4487 3547 4542 ἀλλὰ

1957 4581 2028 4636 τὰ
2064 4579 2569 4654 κατορθώματα,τά
2613 4580 2670 4632 ὲν
2711 4579 2849 4651 αὐτῇ
2893 4573 3407 4647 γενόμενα.Ὧσπερ
3438 4570 3547 4641 7&9

1960 4666 2175 4739 ἡμέραν
2230 4664 2472 4737 πονηρὰν
2508 4663 2703 4732 λέγων,
2737 4663 2798 4716 ού
2837 4661 2931 4716 τὸν
2975 4659 3174 4732 δρόμον
3218 4656 3407 4726 λέγειί
3451 4654 3575 4709 τοῦ

1961 4751 2136 4823 ἡλίου,
2159 4748 2295 4803 ἀλλὰ
2333 4747 2403 4802 τὰ
2440 4749 2499 4801 ὲν
2536 4746 2673 4818 αὐτῇ
2711 4746 2860 4801 κακά
2878 4759 2891 4774 ⁸
2914 4743 3057 4797 οὕτω
3075 4742 3170 4797 καὶ
3189 4740 3401 4814 ἡμέραν
3421 4741 3553 4823 άγαο

1962 4821 2082 4907 θήν,
2124 4834 2194 4888 τὰ
2231 4835 2290 4887 ὲν
2329 4833 2465 4903 αὐτῇ
2507 4829 2926 4903 κατορθώματα.
2940 4831 3005 4881 Ὃ
3041 4827 3099 4881 δὲ
3133 4826 3283 4895 λέγει
3311 4821 3550 4878 τοιοῦτόν

1963 4922 2099 4973 ἐστι·
2123 4918 2207 4993 Τά
2222 4915 2317 4970 τοῦ
2336 4914 2469 4969 Θεοῦ
2492 4914 2913 4987 κατορθώματα,
2933 4912 3004 4967 τά
3022 4914 3082 4965 ὲν
3102 4912 3240 4982 αύτῇ
3260 4909 3549 4993 γενόμενα,

1962 5006 1991 5059 6
2009 5003 2143 5066 Θεὸς
2163 4986 2388 5072 εποίησε
2407 5016 2419 5030 ·
2463 5000 2563 5068 τῆς
2594 4985 2709 5072 γάρ
2744 4985 2928 5070 χειρὸς
2970 4995 3187 5065 ἐκείνης
3220 4993 3387 5065 μόνης
3404 4985 3473 5061 ἦν
3491 4989 3556 5042 τὸ

1966 5087 2184 5142 τελέσαι
2205 5087 2274 5142 τὰ
2293 5102 2492 5156 γεγενη
2503 5084 2663 5156 μένα.

2036 5331 2060 5382 9
2080 5319 2163 5382 Sic
2184 5316 2335 5366 Savil.
2358 5313 2533 5382 Morel.
2553 5311 2663 5382 τούς
2683 5310 2838 5382 λίθους
2859 5275 2975 5355 σ.’δ.
2996 5305 3077 5352 καὶ
3100 5300 3210 5356 τοὺς
3225 5298 3431 5362 τοίχους.

2035 5381 2058 5450 ξ
2082 5381 2212 5450 ᾕρει
2232 5387 2286 5427 ει
2296 5389 2460 5450 Illam.
2481 5372 2639 5450 §ayil.
2662 5372 2750 5421 οὐκ
2771 5372 2985 5430 ᾔδεισαν.

2033 5446 2059 5483 ε
2082 5438 2235 5491 εωῑιι.
2259 5442 2355 5488 τῶν
2379 5438 2463 5486 δύο
2481 5438 2626 5485 λαῶν.
2730 5493 2739 5495 Α
2819 5492 2828 5495 _
2894 5490 2908 5495 _
3045 5487 3055 5495 _
3090 5488 3106 5495 _
3143 5483 3168 5495 __

2032 5505 2059 5544 ιι
2381 5482 2673 5568 ίὶέέίβόὀίὶ
2765 5492 2861 5568 γάρ
2890 5490 2991 5568 ἐστι

340 5541 374 5569 D
395 5541 635 5575 saw/mum
657 5541 925 5585 sequlmur.
954 5541 1126 5571 more].
1153 5541 1276 5577 ςωης
1298 5541 1347 5567 αι
1369 5541 1530 5567 crtum
1548 5541 1629 5564 xm
1646 5541 1771 5564 τιυΛ.

340 5594 367 5621 ο
396 5589 548 5638 Savil.
572 5586 696 5635 ἀλλὰ
738 5586 884 5647 μέσον
904 5585 990 5643 τὴν
1012 5584 1149 5633 am.
1192 5580 1320 5631 Infra
1359 5581 1407 5631 ἐν
1428 5586 1487 5644 τῇ
1514 5580 1704 5642 ιῐαλοιιᾷ
1726 5577 1839 5628 dees

1971 5541 2863 5620 8θέἐἱῖἶὶῗῗιῖὦεῘ-ξίιιῖιῐίὲίίυέού
2896 5551 2987 5613 γὰρ
3019 5541 3294 5619 πᾷσὶν
3321 5547 3377 5592 τὸ
3401 5541 3556 5606 θαῦμα

2044 5629 2122 5647 κιρ
2142 5629 2175 5647 Α
2191 5643 2239 5647 __.
2283 5623 2400 5647 um-
2423 5620 2571 5647 υη-Ιι.
2598 5615 3043 5647 τινωίηηηίηιιηιιιι·
3068 5625 3116 5647 ιιι
3139 5609 3259 5647 adlL
3285 5605 3462 5647 Morel-

261 5656 321 5705 In
349 5651 509 5701 Savil.

338 5714 375 5756 ἁ
413 5714 564 5764 Saﬂl.
591 5712 673 5761 καὶ
691 5711 928 5767 καλέσεις.

2276 5605 2573 5671 illae-373156
2598 5605 3043 5684 prater-miluin'un:
3068 5609 3259 5684 inmedil‘.
3285 5605 3462 5657 Morel.

2045 5669 2527 5747 iﬁéiE‘S‘avii.V,rlé72x
2551 5669 2811 5742 pérperam
2831 5676 3005 5724 deerat
3028 5675 3077 5721 in
3105 5669 3279 5722 Morel.
