3956 6420
572 235 675 293 559

571 353 642 406 ita
672 359 794 406 sunt
823 343 1113 420 appellati?
1145 342 1200 398 Si
1226 340 1500 396 historiam
1530 334 1742 407 quidem
1769 343 2000 406 Spectes,
2023 347 2158 404 quo-

571 444 714 499 niam
741 443 1028 512 loquuntur
1049 437 1118 492 de
1144 435 1316 491 reditu
1339 447 1404 487 ex
1432 429 1728 502 Babylone,
1757 437 1810 483 et
1834 425 2160 496 captivitatis

570 550 692 604 quze
739 533 847 587 illic
888 531 987 585 fuit
1032 525 1356 583 mentionem
1395 521 1636 578 faciunt:
1669 519 1762 575 sed
1789 519 1833 574 si
1861 532 1954 573 eos
1979 530 2161 572 sumas

569 625 876 695 anagogice,
919 619 1060 692 quod
1086 617 1154 673 ad
1189 617 1324 671 viam
1357 614 1568 669 virtutis
1609 612 1915 668 deducant:
1943 609 2159 678 quidam

571 717 713 770 enim
754 729 848 768 eos
886 712 956 766 ita
995 716 1340 778 acceperunt.
1386 705 1519 760 Nam
1547 704 1630 758 via
1672 717 1792 774 qua:
1820 717 1886 758 eo
1911 699 2157 763 deducit,

570 813 653 859 est
676 802 865 859 similis
893 801 1164 872 gradibus,
1191 800 1361 852 virum
1392 797 1586 850 virtute
1611 804 1663 849 et
1690 793 1944 863 sapientia
1970 790 2160 861 pne-di-

573 909 680 952 tum
722 897 974 967 paulatim
1019 894 1253 949 evehens
1295 899 1349 945 et
1389 889 1695 953 sustollens,
1723 896 1777 942 et
1799 901 1923 941 eum
1961 885 2012 939 in
2044 884 2160 954 ipso

569 990 702 1044 caelo
729 999 986 1042 statuens.
1017 985 1117 1039 Alii
1152 991 1328 1038 autem
1357 980 1539 1035 dicunt
1567 993 1665 1049 per
1690 979 1804 1032 haac
1833 974 2157 1030 subindicari

574 1081 768 1134 scalam
800 1077 965 1133 Jacob
988 1117 1002 1143 ,
1045 1089 1163 1144 qua:
1203 1073 1301 1142 ipsi
1332 1081 1543 1125 ostensa
1573 1079 1654 1124 est
1681 1067 1747 1122 ad
1777 1066 1963 1122 caelum
1993 1080 2157 1134 usque

569 1173 897 1241 pertingens.
931 1169 1005 1224 Ita
1031 1167 1190 1221 etiam
1212 1165 1460 1236 gradibus
1489 1173 1542 1219 et
1568 1161 1724 1217 scalis
1748 1160 2021 1228 subjectis,
2043 1158 2164 1212 loca

569 1265 634 1320 ad
663 1280 782 1335 qua:
809 1278 914 1317 non
939 1269 1077 1332 patet
1099 1259 1292 1324 aditus,
1316 1265 1370 1312 et
1388 1273 1504 1328 qua!
1529 1264 1652 1310 sunt
1676 1253 1986 1315 excelsiora,
2010 1249 2160 1304 adire

573 1365 814 1427 possunt.
844 1355 1101 1422 Quoniam
1122 1362 1297 1408 autem
1320 1365 1414 1406 eos
1434 1349 1520 1420 qui
1544 1346 1858 1409 ascendunt,
1879 1354 2159 1414 postquam

573 1451 626 1504 in
649 1450 808 1503 altum
833 1449 1006 1502 evecti
1035 1447 1248 1511 fuerint,
1271 1444 1501 1514 caligare
1523 1455 1741 1496 necesse
1760 1447 1860 1503 est,
1881 1446 2157 1506 propterea

576 1556 682 1594 non
726 1553 820 1595 eos
861 1539 1031 1592 solum
1058 1538 1150 1607 qui
1180 1534 1507 1599 ascendunt,
1539 1532 1632 1586 sed
1662 1546 1755 1585 eos
1785 1530 1946 1584 etiam
1975 1527 2062 1597 qui
2092 1525 2158 1579 ad

573 1633 746 1700 ipsum
772 1645 1028 1684 cacumen
1061 1635 1435 1699 pervenerunt,
1459 1634 1674 1693 accepta
1701 1623 1946 1675 cautione
1966 1618 2160 1674 contir-

572 1723 706 1777 mari
735 1730 964 1792 oportet.
996 1721 1112 1776 Una
1153 1729 1236 1775 est
1276 1727 1452 1773 autem
1492 1717 1783 1779 securitas,
1813 1713 2024 1784 quando
2055 1726 2161 1765 non

573 1823 825 1882 quantum
853 1813 1190 1868 ascendimus
1219 1811 1630 1880 respexerimus,
1660 1810 1731 1864 ita
1758 1817 1814 1862 ut
1837 1805 2080 1877 superba:
2107 1816 2161 1860 et

573 1905 728 1958 elatae
775 1906 967 1959 mentis
1010 1903 1297 1958 evadamus
1327 1920 1341 1957 :
1369 1901 1462 1958 sed
1498 1909 1752 1972 quantum
1781 1906 1948 1954 restat
1969 1912 2161 1951 ascen-

574 1995 826 2060 dendum,
859 1993 1150 2064 conSpicati
1198 1995 1453 2048 fuerimus
1475 2034 1492 2059 ,
1521 2001 1578 2047 et
1610 1992 1676 2046 ad
1717 1990 1846 2045 illud
1875 1987 2163 2044 tetenderi-

576 2103 710 2141 mus.
742 2086 892 2152 Quod
925 2087 1084 2142 etiam
1114 2085 1309 2140 Paulus
1335 2084 1660 2154 signiﬁcans,
1686 2081 1897 2136 dicebat
1922 2098 1935 2134 :
1968 2079 2162 2133 Eorum

573 2195 685 2248 qua:
703 2188 837 2232 retro
862 2188 977 2232 sunt
1003 2178 1364 2240 obliviscentes,
1395 2175 1463 2228 ad
1492 2174 1746 2228 anteriora
1769 2182 1935 2225 autem
1957 2187 2046 2224 nos
2069 2186 2160 2223 ea:-

575 2270 828 2325 tendentes
868 2269 1142 2341 (Philipp.
1171 2270 1222 2323 5.
1251 2270 1320 2322 15
1340 2268 1381 2338 ).
1427 2267 1495 2322 Et
1519 2277 1602 2322 est
1633 2266 1747 2320 lucc
1775 2264 1990 2336 quidem
2027 2264 2163 2318 ratio

575 2375 842 2432 anagoges
867 2379 878 2413 :
911 2375 1008 2414 nos
1031 2371 1208 2414 autem
1239 2359 1512 2427 deinceps,
1536 2357 1580 2412 si
1604 2356 1862 2421 videatur,
1887 2355 2162 2410 veniamus

577 2453 642 2507 ad
667 2453 962 2518 historiam,
995 2461 1048 2506 et
1078 2451 1351 2506 videamus
1389 2465 1483 2506 eos
1515 2451 1604 2520 qui
1650 2451 1863 2505 luerunt
1898 2448 2107 2503 liberati
2132 2463 2162 2502 a

578 2546 904 2615 captivitate.
935 2544 1214 2614 Quomodo
1243 2544 1402 2614 igitur
1427 2559 1456 2596 a
1479 2542 1784 2612 captivitate
1817 2541 2021 2596 liberati
2050 2540 2164 2594 fue-

579 2638 740 2692 runt?
771 2638 1045 2692 Desiderio
1073 2637 1525 2708 Jerosolymorum
1557 2636 1574 2666 ¹
1609 2653 1622 2689 :
1649 2650 1769 2690 cum
1795 2643 1980 2690 contra
2009 2629 2044 2688 ii
2073 2633 2164 2704 qui

530 2744 539 2750 '
579 2745 684 2785 non
716 2732 828 2800 pari
857 2731 1033 2785 studio
1057 2740 1210 2786 erant
1233 2730 1427 2794 affecti,
1453 2745 1520 2785 ex
1546 2729 1639 2784 Dei
1659 2730 1827 2799 gratia
1847 2728 1980 2784 nihil
2008 2728 2166 2783 lucri-

581 2819 822 2886 fecerint,
852 2820 944 2874 sed
974 2821 1024 2875 in
1054 2831 1302 2890 perpetua
1332 2819 1590 2874 servitute
1616 2819 1732 2874 dies
1759 2834 1884 2873 suos
1914 2819 2162 2880 obierint,

579 2925 713 2980 quos
744 2927 841 2965 nos
868 2913 1026 2966 etiam
1055 2912 1098 2966 si
1130 2912 1397 2965 imitemur
1421 2950 1437 2977 ,
1467 2910 1536 2964 idi
1547 2925 1699 2980 psum
1729 2910 1934 2980 passuri
1959 2924 2163 2966 sumus.

579 3001 631 3057 Si
660 3003 801 3058 enim
829 3019 1010 3058 amore
1035 3004 1324 3058 caalestium
1348 3046 1362 3070 ,
1390 3011 1443 3058 et
1469 3003 1734 3058 desiderio
1761 3003 1988 3059 cmlestis
2013 3003 2169 3058 Jeru-

579 3093 744 3150 salem
787 3110 895 3149 non
931 3105 1224 3159 teneamur,
1255 3094 1349 3149 sed
1388 3095 1433 3148 si
1478 3095 1724 3164 praesenti
1751 3095 1873 3148 vitae
1910 3103 2167 3164 perpetuo

580 3184 900 3251 hacreamus,
926 3186 976 3239 in
998 3201 1153 3240 caeno
1174 3185 1508 3240 saecularium
1529 3199 1779 3241 curarum
1801 3185 2042 3252 volutati,
2062 3200 2166 3239 non

581 3277 874 3344 poterimus
905 3277 1126 3344 patriam
1157 3278 1416 3345 recipere.

651 3365 944 3436 Afﬂictionis
987 3368 1220 3431 lucrum;
1250 3367 1447 3436 aﬂlictio
1481 3367 1755 3420 maximam
1796 3367 2169 3421 excusationem

585 3456 750 3510 habet.
811 3486 883 3496 -—
922 3456 1001 3510 Ad
1045 3455 1318 3510 Dominum
1356 3473 1470 3511 cum
1517 3457 1783 3510 tribularer
1825 3456 2037 3509 clamaui
2061 3497 2077 3524 ,
2122 3464 2169 3508 et

581 3545 836 3600 exaudivit
875 3563 971 3602 me.
1013 3547 1201 3602 Vidisti
1253 3549 1456 3602 lucrum
1496 3546 1840 3601 amictionis?
1867 3547 2042 3602 vidisti
2077 3562 2168 3601 ce-

582 3638 846 3694 leritatem
888 3640 1220 3695 clementiae?
1260 3641 1486 3695 Lucrum
1525 3639 1848 3706 aiﬂictionis,
1894 3639 2035 3709 quod
2078 3653 2170 3693 eos

583 3731 649 3784 ad
684 3747 842 3800 puras
867 3746 1053 3802 preces
1081 3730 1378 3785 fundendas
1406 3730 1720 3784 adduxerit:
1752 3729 2048 3784 clementia:
2077 3745 2170 3784 ce-

585 3822 869 3890 leritatem,
898 3823 1039 3894 quod
1069 3824 1382 3879 vocantibus
1410 3823 1487 3877 eis
1513 3823 1689 3877 statim
1714 3823 1962 3877 annuerit
1987 3840 1999 3876 :
2029 3821 2170 3892 quod

585 3915 744 3968 etiam
776 3915 922 3985 prius
957 3915 1081 3970 fecit
1123 3915 1188 3970 iis
1230 3916 1319 3985 qui
1371 3924 1524 3970 erant
1552 3915 1603 3968 in
1632 3913 1886 3986 IEgypto.
1941 3913 2008 3968 Et
2053 3914 2173 3968 ideo

585 4008 747 4071 dicit,
787 4005 973 4061 Videas
997 4007 1100 4060 vidi
1127 4007 1440 4078 aﬂlictionem
1477 4009 1656 4078 populi
1692 4008 1821 4074 mei,
1852 4016 1894 4060 et
1937 4007 2174 4075 gemitum

586 4116 761 4154 eorum
795 4101 997 4166 audivi,
1040 4110 1087 4154 et
1129 4101 1361 4152 descendi
1391 4109 1444 4152 ut
1487 4117 1569 4153 eos
1609 4100 1851 4169 eriperem
1880 4097 2071 4168 (Exod.
2116 4099 2168 4153 5.

589 4191 642 4242 7.
677 4190 756 4259 8).
791 4189 854 4243 Et
883 4199 938 4242 tu
969 4204 1117 4256 ergo,
1149 4204 1181 4242 ο
1210 4189 1422 4254 dilecte,
1451 4188 1663 4258 quando
1689 4203 1749 4242 es
1778 4189 1830 4242 in
1861 4187 2170 4254 afflictione,

588 4296 657 4335 ne
685 4280 936 4349 desperes
957 4321 972 4345 ,
1005 4294 1104 4334 nec
1135 4279 1345 4333 labores
1372 4278 1694 4348 indiligentia
1720 4319 1735 4344 ,
1761 4277 1855 4331 sed
1886 4288 2005 4332 tunc
2034 4287 2173 4332 tem-

588 4371 733 4441 poris
764 4371 992 4424 maxime
1019 4369 1251 4424 excitare
1277 4387 1288 4422 :
1318 4378 1441 4423 sunt
1464 4369 1604 4423 enim
1631 4379 1755 4422 tunc
1775 4383 1962 4438 preces
1992 4369 2173 4438 purio-

587 4477 706 4530 res,
735 4473 789 4518 et
818 4463 987 4531 major
1009 4471 1093 4517 est
1122 4461 1212 4516 Dei
1238 4460 1291 4515 in
1323 4469 1373 4516 te
1399 4460 1768 4515 benevolentia
1795 4477 1808 4514 :
1840 4470 1893 4514 et
1921 4469 2176 4530 perpetuo

589 4556 661 4608 ita
689 4554 855 4617 vivas,
889 4561 945 4607 ut
984 4554 1054 4608 sit
1083 4552 1176 4608 tibi
1204 4553 1309 4606 vita
1339 4551 1602 4606 laboriosa
1623 4592 1638 4616 ,
1667 4551 1841 4606 sciens
1870 4566 2057 4611 omnes
2085 4551 2175 4622 qui

589 4647 676 4715 pie
712 4647 898 4700 volunt
941 4646 1118 4700 vivere
1160 4645 1213 4698 iu
1255 4645 1469 4700 Christo
1513 4644 1659 4711 Jesu,
1709 4645 2175 4714 persequutionem

591 4753 874 4808 passuros,
905 4747 959 4793 et
996 4754 1090 4808 per
1128 4739 1322 4794 multas
1350 4737 1664 4793 al'llictiones
1693 4746 1944 4808 oportere
1972 4752 2070 4792 nos
2101 4739 2179 4791 in-

593 4841 736 4884 trare
760 4831 814 4884 in
843 4845 1064 4900 regnum
1089 4831 1183 4885 Dei
1214 4831 1288 4893 l2.
1319 4829 1454 4884 Tim.
1479 4832 1532 4886 3'.
1564 4830 1665 4894 £2;
1695 4832 1806 4884 Act.
1842 4832 1927 4885 14.
1957 4829 2071 4900 21).
2101 4830 2180 4884 Ne

593 4923 808 4978 mollem
854 4937 980 4992 ergo
1007 4922 1170 4976 vitam
1215 4935 1267 4977 et
1293 4911 1602 4977 dissolutam
1642 4923 1928 4986 dilexeris,
1972 4939 2071 4978 nec
2096 4925 2177 4976 via

593 5018 696 5072 lata
727 5017 860 5071 velis
883 5017 1082 5085 ingredi
1109 5015 1210 5085 (ea
1233 5016 1372 5070 enim
1403 5032 1506 5069 non
1530 5016 1675 5070 ducit
1704 5017 1756 5069 in
1781 5017 1968 5070 caelum
1994 5015 2011 5084 )
2041 5059 2055 5082 ,
2085 5013 2179 5069 sed

591 5118 738 5163 arcta
782 5114 836 5162 et
881 5115 1122 5175 angusta.
1165 5106 1221 5161 Si
1268 5117 1444 5161 autem
1492 5107 1770 5176 pervenire
1810 5106 1877 5161 ad
1921 5121 2180 5176 supernas

592 5200 900 5254 mansiones
953 5198 1103 5260 velis,
1155 5198 1275 5269 iuge
1313 5199 1630 5268 voluptates,
1679 5206 1953 5252 externam
1998 5198 2178 5252 surculi

596 5307 842 5362 pompam
874 5307 934 5344 ac
970 5292 1203 5362 speciem
1243 5291 1516 5355 conculca,
1549 5305 1698 5360 Opes,
1737 5291 1958 5359 gloriam
1985 5298 2041 5344 et
2084 5305 2178 5359 po-

598 5384 814 5438 tentiam
846 5382 1050 5452 neglige
1074 5399 1088 5435 :
1117 5389 1682 5452 paupertatemautem
1706 5399 1732 5446 ,‘
1755 5380 1947 5434 mentis
1975 5383 2182 5436 contri-

598 5474 818 5535 tionem,
841 5471 1338 5542 confessionemque
1358 5483 1409 5526 et
1436 5473 1787 5543 lacrymarum
1815 5471 2013 5526 fontem
2039 5482 2179 5540 tene,

599 5570 648 5614 et
675 5563 852 5616 omnia
878 5578 995 5631 qua:
1026 5572 1248 5631 possunt
1273 5562 1561 5616 conciliare
1587 5561 1808 5616 salutem
1836 5575 2180 5630 persequere.

665 5661 681 5689 ι
716 5658 806 5708 Alii
831 5660 1028 5723 addunt,
1051 5668 1182 5713 teste
1205 5660 1377 5713 savilio
1399 5663 1450 5712 in
1472 5662 1711 5724 margine,
1737 5660 2065 5726 metropoleos.

1281 225 1340 282 S.
1379 219 1658 279 JOANNIS
1691 215 2172 276 CIIRYSOSTOMI
2214 211 2533 268 ARCIIIEP.
2574 210 3113 266 CONSTANTINOP.
3677 220 3753 274 διο

2272 327 2348 381 Ea
2377 325 2519 382 enim
2559 332 2615 380 et
2659 325 2906 380 tutiorem
2945 324 3174 380 reddunt
3213 336 3331 378 eum
3359 324 3438 394 qui
3475 326 3684 396 possidet,
3716 348 3753 387 et

2271 435 2459 490 preces
2485 417 2716 473 reddunt
2751 417 3107 472 sublimiores.
3138 415 3193 472 Si
3223 417 3434 486 teipsum
3459 420 3522 474 ita
3542 434 3758 492 compara-

2266 511 2408 564 veris
2427 549 2442 573 ,
2471 516 2526 563 et
2548 507 2714 562 Deum
2740 521 2863 562 cum
2893 507 2993 562 hac
3019 515 3199 562 mente
3227 509 3503 575 vocaveris,
3530 518 3572 566 te
3594 515 3758 568 omnino

2265 599 2530 654 exaudiet.
2559 598 2627 653 Et
2655 599 2775 654 ideo
2801 599 2931 654 dixit
2961 598 3218 668 propheta
3239 641 3253 666 ,
3279 598 3399 654 Cum
3426 603 3652 656 tribulam
3680 605 3760 658 cla-

2267 693 2431 758 mavi,
2462 702 2508 744 et
2535 692 2793 746 exaudivit
2833 707 2932 758 me,
2980 699 3038 745 ut
3076 691 3248 745 discas
3297 693 3528 761 paulatim
3565 709 3763 750 ροηδεω-

2265 782 2393 837 dere
2413 823 2426 845 ,
2455 791 2538 847 et,
2572 790 2630 836 ut
2657 781 2728 836 ita
2752 781 2924 836 dicam
2949 822 2964 848 ,
2994 780 3162 835 alatas
3188 783 3499 850 precationes
3523 782 3693 848 facere,
3718 801 3766 840 ne

2264 876 2508 944 angaris,
2537 889 2636 929 nec
2663 889 2802 944 :rgre
2823 873 2964 928 feras
2995 873 3048 927 in
3075 872 3440 927 afﬂictionibus
3461 915 3475 940 ,
3503 874 3586 928 sed
3619 875 3765 930 utiliu-

2267 975 2372 1020 tem
2401 981 2467 1019 ex
2493 965 2571 1020 eis
2598 964 2880 1034 percipias.
2924 962 2980 1018 Si
3009 966 3150 1018 enim
3182 963 3398 1017 Elismus
3433 963 3654 1033 propheta
3678 980 3763 1019 cum

2265 1067 2410 1111 esset
2439 1056 2619 1120 homo,
2653 1070 2760 1109 non
2790 1054 3032 1124 permisit
3058 1063 3115 1106 ut
3141 1052 3423 1122 discipulus
3450 1055 3700 1107 venientem
3720 1053 3765 1107 ad

2265 1163 2326 1202 se
2368 1147 2646 1201 mulierem
2693 1146 3020 1210 extruderet,
3063 1144 3277 1199 dicens:
3315 1143 3513 1198 Dimitte
3551 1163 3661 1209 eam,
3683 1147 3767 1216 quia

2266 1255 2477 1292 maerore
2502 1248 2575 1292 est
2612 1236 2796 1305 aﬂ‘ecta
2832 1237 3004 1290 anima
3035 1236 3144 1306 ejus
3172 1235 3248 1306 (4.
3275 1235 3398 1306 Reg.
3439 1237 3489 1291 4.
3525 1236 3637 1307 27):
3674 1236 3766 1290 nihil

2265 1329 2408 1383 aliud
2435 1327 2618 1383 videns
2648 1343 2712 1382 ex
2738 1341 2806 1382 eo
2831 1326 3134 1392 ostendere,
3167 1325 3265 1379 nisi
3287 1324 3424 1396 quod
3448 1327 3765 1380 excusationem

2262 1431 2320 1478 et
2356 1419 2718 1474 defensionem
2760 1419 3042 1472 maximam
3087 1416 3338 1482 haberet,
3375 1432 3552 1486 nempe
3588 1416 3769 1484 afﬂictio-

2267 1523 2389 1563 nem
2415 1525 2428 1563 :
2461 1509 2824 1564 multominus
2851 1509 2991 1562 Deus
3018 1517 3069 1562 te
3109 1507 3361 1576 repellet,
3390 1507 3431 1560 si
3459 1522 3567 1561 cum
3606 1508 3711 1560 tristi
3732 1515 3768 1560 et

2267 1600 2622 1655 anxiamnima
2644 1600 2707 1652 ad
2732 1615 2851 1653 eum
2876 1597 3118 1653 accedas.
3147 1597 3214 1651 Et
3241 1597 3357 1652 ideo
3376 1596 3598 1652 Christus
3617 1612 3768 1666 quoque.

2267 1707 2360 1746 eos
2403 1692 2585 1746 beatos
2617 1692 2942 1760 pronuntiat,
2970 1692 3059 1760 qui
3085 1691 3287 1760 lugent,
3319 1698 3373 1745 et
3409 1692 3609 1744 miseros
3628 1689 3696 1758 qui
3719 1690 3768 1741 ri-

2267 1782 2396 1837 dent
2422 1781 2572 1853 (Luc.
2598 1782 2650 1836 6.
2683 1781 2797 1853 25).
2823 1781 3081 1847 Quocirca
3103 1781 3450 1836 beatitudines
3473 1781 3584 1834 hinc
3604 1793 3769 1834 exorsus

2267 1885 2347 1929 est
2365 1873 2460 1946 (a),
2475 1875 2656 1928 dicens
2682 1891 2696 1928 :
2715 1871 2856 1926 Beati
2877 1874 2961 1942 qui
2977 1874 3144 1943 lugent
3163 1872 3370 1942 (Matth.
3389 1872 3440 1926 5.
3455 1872 3528 1942 5).
3541 1869 3587 1926 Si
3603 1872 3665 1923 vis
3680 1884 3768 1938 ergo

2269 1969 2367 2023 hos
2391 1967 2585 2038 gradus
2613 1965 2928 2032 ascendere,
2951 1965 3090 2036 quod
3117 1975 3199 2021 est
3227 1965 3282 2020 in
3311 1965 3413 2019 vita
3441 1965 3584 2018 molle
3603 1976 3768 2018 enerva-

2270 2069 2487 2128 tumque
2528 2067 2582 2113 et
2623 2057 2936 2112 dissolutum
2987 2071 3188 2123 reseca,
3237 2066 3295 2110 et
3341 2055 3582 2110 laboriosa
3615 2051 3768 2106 vivendi

2268 2151 2476 2208 ratione
2502 2161 2552 2206 te
2591 2152 2760 2221 ipsum
2793 2151 3030 2219 astringe
3057 2159 3111 2203 et
3147 2151 3399 2204 contine:
3429 2163 3458 2201 a
3484 2146 3674 2201 terrenis
3703 2160 3768 2196 ne-

2269 2243 2425 2314 gotiis
2461 2241 2688 2298 abstine.
2739 2241 2836 2296 Hic
2873 2251 2955 2295 est
2990 2241 3190 2310 primus
3217 2254 3485 2296 ascensus.
3526 2237 3623 2292 Non
3649 2244 3770 2305 potest

2270 2335 2412 2390 enim
2435 2333 2571 2398 ﬁeri,
2602 2350 2705 2387 non
2729 2343 2903 2403 potest
2930 2344 2986 2387 ut
3010 2332 3168 2386 simul
3196 2341 3250 2387 et
3280 2331 3471 2386 scalam
3493 2327 3768 2390 conscendas,

2270 2438 2326 2484 et
2356 2429 2408 2483 in
2440 2439 2580 2483 terra
2611 2427 2834 2482 haereus.

2341 2522 2394 2575 2.
2439 2520 2600 2575 Vides
2626 2530 2822 2589 quanta
2851 2519 2920 2573 sit
2947 2519 3063 2574 caeli
3091 2516 3315 2573 altitudo
3340 2535 3352 2571 :
3381 2515 3512 2572 nosti
3535 2514 3769 2570 brevitatem

2273 2613 2528 2683 temporis
2558 2630 2571 2666 :
2604 2613 2707 2667 scis
2741 2626 2897 2682 quam
2925 2612 2995 2664 sit
3031 2625 3177 2664 mors
3213 2610 3438 2664 incerta.
3477 2607 3546 2661 Ne
3574 2601 3771 2659 cunctaris

2269 2721 2398 2776 ergo
2421 2746 2437 2772 ,
2465 2719 2564 2759 nec
2585 2702 2797 2758 dill‘eras
2815 2743 2830 2766 ,
2859 2700 2953 2756 sed
2992 2701 3129 2755 hanc
3153 2697 3610 2770 peregrinationem
3640 2705 3770 2758 inagna

2271 2800 2322 2854 vi
2350 2797 2656 2868 aggredere,
2690 2805 2746 2851 ut
2775 2811 2881 2850 uno
2908 2795 2996 2850 die
3024 2793 3180 2861 duos,
3213 2804 3346 2859 tres,
3376 2793 3548 2849 decem
3572 2799 3618 2844 et
3644 2783 3771 2854 viginti

2271 2890 2468 2961 gradus
2495 2887 2843 2944 conscendas.

2345 2980 2524 3035 Dolosi
2547 2979 2810 3050 fugiendi;
2835 2976 3168 3047 improbitatis
3197 2975 3515 3047 supplicium.
3548 2977 3610 3012 ὲ-
3636 2967 3679 3022 2.
3707 2963 3774 3017 υσ-

2272 3073 2427 3138 mine,
2457 3069 2614 3124 libera
2638 3068 2859 3121 animam
2887 3085 3050 3121 meam
3073 3084 3104 3120 a
3135 3066 3284 3121 labiis
3308 3066 3484 3134 irriguis
3501 3101 3516 3130 ,
3547 3070 3586 3116 et
3609 3076 3636 3113 α
3655 3057 3774 3125 lingua

2273 3165 2466 3218 dolosa.
2502 3161 2631 3217 Vide
2656 3161 2742 3216 hic
2765 3174 2976 3230 quoque
3006 3160 3183 3214 lucere
3217 3165 3531 3226 praeceptum
3550 3149 3655 3207 illud
3669 3160 3776 3204 evan-

2272 3255 2501 3325 gelicum
2525 3271 2538 3308 :
2563 3252 2737 3320 Orate,
2760 3269 2822 3306 ne
2836 3252 3028 3306 intretis
3044 3252 3095 3304 in
3112 3253 3434 3306 tentatianem
3450 3246 3587 3320 (Luc.
3613 3241 3683 3297 22.
3701 3236 3774 3300 46)-

2275 3347 2426 3402 Nulla
2438 3347 2580 3401 enim
2594 3355 2696 3411 est,
2709 3358 2742 3399 ο
2757 3343 2966 3406 dilecte,
2985 3342 3196 3412 gravior
3213 3342 3452 3406 tentatio,
3466 3351 3604 3408 quam
3621 3336 3662 3387 in
3677 3327 3778 3384 dolo-

2276 3451 2392 3492 sum
2422 3436 2690 3490 hominem
2719 3433 2952 3488 incidere
2977 3451 2988 3485 :
3022 3434 3066 3487 is
3093 3433 3292 3507 quippe
3319 3441 3399 3486 est
3422 3431 3502 3484 vel
3529 3424 3681 3496 quavis
3703 3417 3775 3472 fera

2277 3529 2641 3586 truculentior.
2689 3527 2763 3582 Ea
2793 3527 2932 3581 enim
2963 3525 3012 3579 id
3050 3525 3190 3595 quod
3215 3533 3303 3580 est
3329 3538 3445 3579 esse
3479 3518 3700 3576 cernitur:
3723 3510 3779 3562 hic

2277 3631 2452 3674 autem
2477 3619 2696 3674 obtcnto
2737 3617 2860 3672 velo
2888 3616 3313 3670 mansuetudinis
3343 3625 3395 3670 et
3421 3607 3665 3685 probitatis
3683 3611 3779 3666 sape

2277 3713 2424 3766 virus
2455 3711 2702 3771 occultat,
2732 3719 2905 3762 utnec
2945 3708 3098 3762 facile
3135 3707 3344 3776 possint
3374 3697 3665 3774 deprehendi
3693 3690 3779 3746 insi-

2277 3805 2398 3868 ἀίω,
2420 3812 2474 3858 et
2500 3803 2550 3856 in
2571 3802 2876 3856 barathrum
2895 3800 3034 3854 nulla
3057 3798 3292 3853 adhibita
3314 3798 3547 3852 cautione
3571 3787 3776 3845 incidatur.

2279 3894 2614 3963 Quapropter
2643 3890 2837 3960 ubique
2862 3907 2890 3944 a
2923 3891 3032 3944 Deo
3063 3890 3161 3943 hoc
3191 3889 3405 3943 assidue
3431 3884 3651 3958 postulat,
3677 3885 3720 3930 ut
3739 3873 3780 3963 lif

2280 3987 2495 4041 beretur
2537 4001 2564 4037 a
2612 3983 2804 4040 talibus
2852 3983 3267 4038 insidiatoribus.
3308 3982 3364 4038 Si
3409 3989 3573 4034 autem
3615 3962 3778 4040 t‘ugiendi

2280 4086 2404 4133 sunt
2425 4075 2742 4130 iraudulenti
2769 4084 2822 4129 et
2849 4076 3115 4140 malitiosi,
3148 4077 3318 4129 multo
3345 4074 3506 4143 magis
3524 4069 3780 4135 deceptum

2280 4179 2334 4224 et
2362 4169 2450 4238 qtti
2481 4169 2616 4222 mala
2645 4167 2888 4237 dogmata
2917 4166 3212 4236 proferunt.
3242 4169 3466 4220 Maxime
3483 4173 3638 4218 autem
3658 4155 3780 4218 iniqua

2280 4277 2342 4316 ea
2370 4261 2504 4315 labia
2543 4276 2663 4316 esse
2691 4261 2893 4315 dixeris
2914 4300 2928 4324 ,
2961 4275 3079 4329 quae
3124 4260 3180 4314 in
3223 4261 3416 4314 virtute
3444 4256 3649 4318 laedunt,
3681 4239 3782 4302 clad

2281 4352 2466 4406 vitium
2492 4350 2778 4406 adducunt.
2807 4351 2871 4404 Et
2899 4350 3016 4405 ideo
3039 4351 3123 4404 hic
3143 4350 3400 4420 pr0pheta
3425 4355 3567 4417 rogat
3583 4354 3630 4398 ut
3651 4339 3783 4393 libere-

2283 4454 2368 4498 tur
2396 4444 2535 4498 illius
2573 4444 2747 4497 anima
2774 4460 2786 4496 :
2819 4457 2883 4497 eo
2919 4443 3062 4497 enim
3105 4443 3204 4496 tela
3235 4443 3432 4512 dirigit.
3465 4442 3512 4496 '5.
3551 4432 3666 4503 Quid
3687 4428 3784 4480 detur

2284 4537 2401 4602 tibi,
2448 4545 2534 4588 aut
2581 4534 2700 4605 quid
2748 4544 3033 4605 apponatur
3086 4534 3175 4588 tibi
3217 4534 3286 4587 ad
3327 4535 3542 4603 linguam
3582 4514 3784 4612 dolosam?

2286 4627 2436 4682 Alius
2475 4626 2738 4694 interpres
2764 4626 2872 4678 ait:
2906 4624 3042 4690 Quid
3069 4623 3304 4691 praebebit
3327 4623 3434 4687 tibi,
3463 4629 3544 4673 aut
3571 4612 3672 4686 quid
3690 4607 3782 4673 adll'

2284 4724 2378 4775 ciet
2406 4722 2580 4791 lingua
2610 4720 2827 4774 dolosa?
2848 4720 2998 4773 Alius
3037 4730 3242 4784 autem,
3281 4718 3416 4785 Quid
3439 4714 3614 4770 dederit
3635 4706 3732 4765 tibi.
3758 4705 3786 4749 ει

2284 4811 2408 4883 quid
2432 4811 2520 4864 tibi
2549 4811 2786 4880 adjecerit
2813 4811 2986 4880 lingua
3011 4810 3288 4863 secundum
3323 4806 3532 4862 dolum?
3565 4800 3679 4858 Nihil
3702 4801 3787 4856 crio

2285 4903 2426 4956 aliud
2465 4902 2697 4956 ostendit
2733 4901 2875 4969 quod
2916 4900 3114 4954 dictmu
3158 4911 3271 4965 est,
3321 4901 3421 4953 nisi
3468 4899 3577 4958 hoc,
3607 4896 3786 4956 magnam

2287 5008 2405 5049 esse
2448 4991 2860 5058 improbitatem,
2909 5000 2965 5043 et
2994 5000 3187 5045 tetrum
3233 5004 3402 5061 genus
3437 4986 3560 5042 vitii.
3595 4974 3788 5062 Quod!“

2287 5084 2435 5140 vides
2473 5084 2630 5138 etiam
2663 5083 2974 5152 prophetam
3007 5083 3320 5138 irascentem
3342 5123 3355 5145 ,
3400 5079 3787 5152 comrnotumqllcg

2287 5188 2340 5232 et
2365 5177 2628 5230 dicentem
2654 5150 2676 5228 ε-
2693 5150 2814 5246 quid
2839 5175 2982 5229 detur
3001 5175 3109 5239 tibi,
3141 5183 3226 5228 aut
3246 5174 3368 5241 quid
3386 5177 3650 5242 apponatur
3668 5157 3734 5214 tibi
3748 5150 3791 5202 (τά

2290 5271 2512 5342 linguam
2551 5269 2823 5323 dolosam?
2851 5267 3002 5335 Quod
3045 5277 3221 5322 autem
3262 5266 3406 5330 dicit,
3450 5272 3528 5318 est
3559 5247 3794 5342 ejusmodi)

2288 5363 2565 5432 Quodnam
2597 5362 2698 5416 hoc
2739 5361 2866 5416 vitio
2911 5359 3126 5430 dignum
3170 5359 3463 5415 inveniatur
3505 5338 3795 5422 supplicium?

2353 5537 2425 5598 (η)
2450 5537 2617 5595 Nescio
2640 5535 2876 5605 (ξιιιξρίαιι
2900 5535 3264 5605 Chrysosto‘mus

2289 5582 2464 5647 orsum
2627 5582 3013 5660 a'b'iillavflfeati
3137 5582 3322 5660 lugent,
3348 5609 3451 5660 eum
3476 5603 3561 5660 nec
3575 5582 3693 5660 .apud
3715 5586 3791 5625 Male

2291 5661 2471 5710 linteum
2493 5673 2586 5710 nec
2607 5659 2732 5722 apud
2756 5649 2922 5710 Lucam
2945 5661 3006 5708 sit
3029 5649 3363 5722 isthmc'pritua
3389 5649 3630 5705 beatitudo.
