3956 6476
186 337 280 402 Sil

183 461 339 530 Quod
364 460 522 516 etiam
549 457 744 515 Judteis
786 455 996 512 dicebat
1017 454 1181 510 Isaias
1204 473 1218 510 :
1245 455 1380 521 Quid
1401 456 1571 508 adhuc
1591 470 1772 524 percu-

181 554 380 610 tiamini
408 552 699 625 adjicientes
725 549 1040 619 iniquitatem
1065 545 1214 620 (lsai.
1246 548 1297 602 1.
1326 546 1381 618 5)
1405 547 1429 600 ?
1459 545 1572 601 Hoc
1613 545 1774 600 etiam

180 650 298 719 ipse
322 646 486 710 dicit,
522 645 659 710 Quid
686 644 831 697 detur
852 642 974 708 tibi,
1001 651 1089 695 aut
1115 640 1239 711 quid
1277 648 1566 710 apponatur
1590 637 1680 692 tibi
1707 637 1777 690 ad

179 742 410 812 linguam
439 737 666 792 dolosam
687 735 713 788 ?
743 734 837 790 Vel
867 735 968 790 hoc
1005 747 1133 803 ergo
1177 731 1342 787 dicit:
1374 731 1457 785 vel
1484 729 1644 785 etiam
1672 728 1776 784 hoc

177 832 356 901 ipsum
401 842 522 884 esse
568 825 907 896 supplicium,
937 833 992 879 et
1033 833 1159 880 ante
1206 822 1491 877 vindictam
1534 820 1629 876 tibi
1656 821 1775 874 vina

175 922 378 976 dictam
403 917 640 989 exquiris
663 958 679 985 ,
709 931 775 971 ex
801 915 972 985 teipse
997 914 1182 968 vitium
1211 914 1442 983 pariens.
1487 910 1776 965 Maximum

177 1010 326 1069 enim
355 1009 674 1079 supplicium
704 1007 894 1061 animaa-
923 1014 1006 1060 est
1034 1006 1218 1060 vitium
1239 1046 1255 1070 ,
1282 1004 1445 1059 etiam
1489 1013 1776 1080 antequam

173 1105 453 1177 puniatur.
483 1100 760 1170 Quodnam
793 1113 926 1169 ergo
971 1097 1288 1168 supplicium
1330 1095 1488 1151 fuerit
1528 1095 1616 1149 tali
1647 1079 1778 1151 vitio

177 1195 428 1267 dignum?
459 1194 552 1248 llic
577 1192 791 1262 quidem
820 1190 1042 1253 nullum,
1065 1188 1158 1244 sed
1184 1190 1331 1258 plaga
1359 1204 1477 1258 qua:
1498 1203 1525 1241 a
1560 1188 1669 1242 Deo
1698 1188 1782 1241 iu-

177 1288 370 1342 fertur.
403 1285 574 1340 Homo
592 1284 735 1338 enim
758 1298 862 1336 non
890 1283 1085 1350 poterit
1107 1280 1293 1350 dignas
1314 1294 1499 1348 poenas
1520 1292 1734 1332 sumere
1761 1294 1774 1332 :

176 1396 306 1436 nam
330 1393 546 1434 omnem
574 1377 865 1432 cruciatum
892 1381 1110 1444 superat
1137 1373 1450 1444 improbitas
1475 1391 1488 1427 :
1515 1373 1654 1428 Deus
1680 1387 1777 1426 au-

179 1485 291 1529 tem
316 1472 387 1526 illi
418 1471 626 1542 plagam
645 1468 869 1540 infliget.
888 1467 955 1523 Et
983 1467 1103 1522 ideo
1128 1465 1232 1522 hoc
1261 1469 1434 1537 ipsum
1457 1466 1772 1532 ostendens,

173 1579 310 1618 mox
340 1561 653 1631 s'uhjunxi‘t:
685 1561 738 1615 4.
767 1559 984 1630 Sagitta:
1008 1559 1225 1630 potentis
1257 1568 1424 1612 acuta:
1451 1574 1567 1611 cum
1598 1558 1775 1612 carbo-

173 1653 330 1707 nibus
358 1651 695 1706 desolatoriis.
724 1648 955 1720 Sagittas
980 1645 1067 1704 hic
1097 1665 1283 1704 rursus
1305 1649 1536 1719 appellat
1570 1649 1776 1719 suppli-

171 1747 284 1802 cia.
318 1745 466 1800 Alius
490 1752 666 1799 autem
691 1743 953 1813 interpres
972 1741 1125 1809 dixit,
1151 1740 1366 1812 Sagitta:
1385 1742 1600 1812 potentis
1617 1750 1781 1796 acuta:

172 1846 303 1891 sunt
334 1853 448 1890 cum
477 1834 778 1890 carbonibus
814 1834 1053 1906 aggestis.
1086 1833 1153 1888 Et
1179 1833 1348 1902 alius,
1384 1832 1510 1888 Cum
1540 1833 1776 1888 carboni-

176 1933 278 1983 bus
296 1928 610 2000 juniperinis
632 1967 648 1992 ,
671 1927 944 1982 nominum
975 1925 1321 1979 translatione
1348 1939 1547 1995 augens
1578 1934 1778 1981 metum

175 2021 452 2092 supplicii.
475 2019 605 2074 Nam
627 2027 682 2074 et
711 2017 861 2082 illud,
891 2017 1139 2089 Aggestis,
1168 2025 1224 2073 et
1252 2017 1353 2072 hoc
1377 2059 1392 2083 ,
1421 2015 1740 2086 Juniperinis
1759 2059 1774 2085 ,

176 2113 436 2168 eumdem
466 2111 628 2165 habet
674 2124 913 2165 sensum.
947 2109 1058 2163 illic
1081 2109 1222 2164 enim
1253 2107 1490 2163 ostendit
1533 2109 1776 2163 multitu-

172 2206 398 2269 dinem;
430 2204 515 2258 hic
542 2210 720 2258 autem
748 2201 1051 2271 qualitatem
1078 2209 1132 2256 et
1157 2200 1545 2255 vehementiam
1571 2201 1779 2271 suppli-

175 2299 274 2355 cii.
309 2296 462 2364 Quod
490 2295 707 2366 quidem
752 2294 1097 2364 Septuaginta
1134 2308 1345 2362 quoque
1373 2293 1733 2364 significantes
1754 2335 1770 2361 ,

176 2395 314 2451 Cum
351 2393 649 2447 carbonibus
687 2391 1038 2459 desotatoriis,
1072 2389 1388 2457 ediderunt,
1416 2390 1517 2444 hoc
1545 2398 1661 2453 est,
1688 2391 1780 2458 qui

177 2498 433 2555 vastant,
478 2487 734 2557 perdunt,
780 2495 835 2540 et
862 2493 1200 2540 consumunt.
1247 2482 1327 2538 Ex
1355 2483 1592 2538 materiis
1635 2479 1779 2537 enim

180 2599 308 2652 quae
335 2591 460 2636 sunt
483 2581 622 2650 apud
661 2594 757 2635 nos
784 2578 1072 2643 terribiles,
1107 2577 1201 2632 Dei
1234 2577 1490 2631 ultionem
1522 2574 1780 2643 efﬁngunt

179 2674 484 2743 Scriptura:
508 2714 523 2736 ,
553 2673 773 2742 sagittas
802 2680 855 2726 et
881 2671 1058 2740 ignem
1084 2685 1145 2724 ea
1173 2681 1444 2725 vocantes.
1478 2669 1576 2723 llic
1601 2677 1779 2723 autem

181 2765 317 2820 mihi
349 2763 562 2819 videtur
588 2761 922 2818 subindicare
946 2761 1218 2816 barbaros.
1244 2762 1309 2816 Et
1337 2761 1456 2815 ideo
1484 2761 1618 2815 alius
1645 2776 1780 2831 quo-

181 2872 288 2926 que
317 2856 585 2923 interpres
609 2854 711 2908 hoc
735 2851 1059 2922 signiﬁcans,
1091 2850 1323 2916 dicebat,
1353 2849 1536 2905 Libera
1559 2848 1782 2904 animam

184 2963 355 3003 nam
373 2964 406 3000 a
429 2946 564 3000 labia
587 2943 835 2998 mendaci.
868 2943 1014 2998 Talia
1048 2946 1188 2999 enim
1215 2953 1340 2998 sunt
1361 2958 1543 2997 eorum
1574 2943 1734 2998 verba
1761 2984 1777 3010 ,

185 3042 325 3096 tales
350 3039 462 3094 doli
487 3037 691 3093 ettales
713 3035 917 3091 insidiae
937 3076 951 3102 ,
980 3035 1134 3106 plena
1163 3034 1342 3090 omnia
1374 3033 1561 3090 fraude
1583 3044 1637 3089 et
1665 3051 1782 3089 ma-

185 3133 337 3187 xime
365 3131 587 3186 scelere.

267 3223 529 3292 Peregrini
548 3222 598 3275 in
620 3222 715 3274 hac
733 3221 832 3274 vita
853 3236 1044 3275 sumus.
1074 3250 1145 3260 —
1162 3219 1214 3276 5.
1258 3217 1361 3273 'Hei
1390 3219 1534 3286 mihi,
1559 3221 1677 3290 quia
1699 3221 1782 3273 itt-

185 3316 395 3368 colatus
423 3331 554 3368 meus
596 3313 926 3384 prolongatus
972 3322 1063 3366 est.
1109 3310 1352 3366 Habitari
1391 3328 1503 3366 cunt
1552 3315 1784 3366 taberna-

181 3409 326 3462 cutis
371 3407 547 3462 Cedar.
597 3407 749 3462 Alius
792 3407 1052 3475 interpres
1093 3405 1209 3458 ait:
1263 3403 1364 3458 Hei
1429 3404 1596 3470 mihi,
1663 3406 1785 3474 quia

178 3501 468 3555 incolatum
497 3499 745 3569 protraxi.
779 3498 945 3563 Alius,
985 3497 1082 3551 Hei
1125 3497 1270 3564 mihi,
1307 3497 1502 3552 advena
1529 3498 1605 3568 fui
1634 3498 1786 3570 longo

183 3605 434 3661 tempore.
469 3591 530 3644 lli
557 3589 770 3660 quidem
812 3589 914 3643 hoe
943 3589 1102 3643 modo
1137 3589 1495 3643 lamentantur
1522 3589 1588 3643 de
1617 3591 1787 3662 capti-

179 3686 358 3738 vitate
398 3681 719 3753 Babylonica
746 3697 761 3734 :
791 3679 986 3735 Paulus
1013 3689 1190 3735 autem
1217 3680 1284 3734 de
1323 3695 1383 3734 ea
1411 3692 1530 3749 quae
1559 3679 1646 3734 hic
1667 3682 1783 3735 lon-

177 3778 304 3844 gius
355 3773 584 3827 trahitur
628 3787 802 3837 mora,
830 3770 1012 3826 dicens
1049 3790 1061 3826 :
1097 3769 1295 3824 Etenim
1337 3769 1459 3823 dum
1507 3785 1682 3824 sumus
1730 3768 1782 3825 in

179 3868 281 3920 hoc
325 3862 672 3925 tabernaculo,
713 3863 1087 3932 ingemiscimus
1122 3859 1324 3932 gravati
1345 3860 1420 3930 (2.
1464 3859 1580 3915 Cor.
1611 3861 1664 3914 5.
1703 3861 1781 3929 4).

183 3958 279 4023 Et,
324 3955 449 4009 Non
477 3965 643 4007 autem
668 3954 721 4006 id
743 3953 926 4018 solum,
961 3952 1048 4007 sed
1095 3953 1244 4006 etiam
1269 3950 1505 4005 habent-es
1533 3951 1631 4021 ipsi
1681 3952 1788 4020 pri—

176 4050 365 4103 mitias
383 4047 630 4117 Spiritus,
650 4056 695 4101 et
713 4047 812 4116 ipsi
828 4048 880 4100 in
902 4046 1046 4100 nobis
1064 4045 1192 4115 ipsis
1212 4044 1585 4114 ingemiscimus
1603 4041 1780 4116 (Rom.

177 4144 238 4196 8.
269 4141 394 4212 25).
418 4141 509 4195 Est
533 4141 676 4195 enim
711 4155 946 4211 praesens
974 4141 1079 4194 vita
1107 4138 1387 4193 incolatus.
1419 4137 1484 4191 Et
1504 4137 1628 4208 quid
1666 4135 1786 4190 dico

177 4235 505 4298 incolatum,
535 4249 656 4288 eum
697 4249 784 4288 res
822 4234 892 4287 sit
925 4233 1009 4288 vel
1051 4232 1279 4287 incolatu
1328 4229 1586 4285 inferior?
1634 4228 1788 4285 Unde

175 4326 442 4383 Christus
465 4325 623 4380 etiam
653 4326 820 4394 ipsam
860 4324 1070 4378 vocavit
1097 4323 1258 4387 viam,
1285 4322 1470 4378 dicens
1507 4340 1520 4377 :
1560 4322 1788 4392 Angusta

174 4429 259 4474 est
285 4427 463 4488 porta,
490 4426 534 4470 et
578 4428 718 4470 arcta
763 4417 843 4470 via
868 4429 980 4485 qua!
1004 4415 1142 4468 ducit
1187 4414 1256 4467 ad
1301 4417 1455 4467 vitam
1489 4412 1699 4485 (Matth.
1733 4413 1785 4467 7.

177 4511 304 4581 14).
338 4510 454 4564 Hoc
474 4509 614 4563 enim
645 4519 722 4563 est
746 4507 986 4562 doctrina
1012 4507 1212 4575 Optima
1243 4515 1400 4576 atque
1427 4504 1561 4559 adeo
1593 4505 1783 4574 prima,

173 4603 332 4656 scire
377 4614 477 4654 nos
514 4614 634 4654 esse
677 4598 966 4669 inquilinos
992 4598 1044 4651 in
1071 4596 1180 4651 vita
1225 4596 1498 4666 pra'senti.
1529 4597 1785 4662 Quocirca

179 4704 416 4748 veteres
442 4705 655 4760 quoque
682 4691 732 4744 id
762 4689 1156 4744 confitebantur
1187 4705 1202 4740 :
1234 4697 1288 4742 et
1326 4687 1448 4742 ideo
1473 4687 1638 4741 habiti
1663 4694 1790 4741 sunt

172 4788 239 4839 in
274 4782 514 4838 maxima
540 4781 911 4836 admiratione.
946 4781 1058 4835 Hoc
1079 4781 1240 4835 etiam
1261 4779 1456 4834 Paulus
1485 4778 1791 4848 significans

171 4873 483 4931 scribendo
505 4871 716 4928 dicebat
741 4891 755 4927 :
787 4871 1006 4943 Propter
1030 4872 1161 4924 hanc
1185 4887 1394 4924 causam
1422 4885 1524 4924 non
1547 4867 1791 4923 erubescit

169 4982 276 5021 eos
299 4963 461 5029 Deus,
479 4961 618 5017 Deus
639 4979 814 5018 eorum
841 4964 1012 5016 vocari
1037 4959 1220 5033 (Hebr.
1247 4961 1331 5016 11.
1361 4960 1472 5031 16).
1493 4960 1790 5028 Quamnam

167 5059 260 5112 ub
287 5055 546 5112 causam?
575 5056 662 5109 die
699 5055 850 5109 mihi.
881 5055 1014 5122 Quia
1045 5053 1280 5109 confessi
1307 5063 1431 5108 sunt
1455 5067 1514 5107 se
1542 5067 1664 5108 esse
1691 5052 1791 5107 ho-

168 5153 364 5222 spites
395 5159 450 5204 et
476 5149 786 5220 peregrinos
815 5147 978 5218 (Ibid.
1025 5163 1072 5201 v.
1119 5146 1233 5217 15).
1269 5147 1380 5200 Iloc
1408 5156 1491 5200 est
1541 5145 1692 5201 radix
1741 5155 1795 5201 et

173 5243 601 5300 [nitidatnentum
649 5242 827 5297 omnis
879 5239 1110 5296 virtutis.
1163 5239 1262 5308 Qui
1291 5239 1434 5294 enim
1467 5253 1646 5293 rerum
1675 5254 1795 5309 qute

173 5340 283 5394 hic
330 5345 458 5392 sunt
498 5345 580 5392 est
630 5336 846 5406 hospes,
875 5337 976 5391 erit
1021 5349 1200 5389 rerum
1249 5347 1599 5426 supernarum
1641 5334 1792 5386 civis.

168 5429 297 5497 Qui
327 5443 516 5483 eorum
556 5443 675 5497 quae
719 5427 806 5482 hic
848 5436 972 5480 sunt
1015 5434 1098 5480 est
1147 5423 1499 5494 hosnes,'non
1550 5423 1797 5477 lubenter

176 5519 505 5574 versabitur
534 5519 586 5572 in
618 5517 1000 5588 praesentibus:
1030 5530 1135 5569 non
1162 5515 1372 5578 domus,
1393 5529 1498 5568 non
1528 5514 1790 5583 pecuniae,

175 5626 308 5665 non
339 5609 602 5676 alimenti,
634 5623 734 5662 nec
777 5607 910 5661 alius
956 5604 1218 5675 ejusmodi
1249 5619 1432 5658 curam
1477 5614 1625 5673 geret
1654 5620 1666 5656 :
1699 5602 1794 5656 sed

172 5700 652 5776 quemadmodum
681 5700 769 5770 qui
799 5701 850 5754 in
876 5700 1050 5753 aliena
1083 5697 1301 5766 regione
1329 5711 1628 5762 versantur,
1664 5695 1794 5750 nihil

177 5808 316 5852 non
337 5801 498 5864 agunt
526 5804 580 5848 et
625 5793 912 5847 moliuntur
944 5800 998 5844 ut
1031 5790 1214 5860 patria:
1260 5803 1368 5843 sua:
1413 5790 1780 5855 restituantur,

1285 333 1646 395 exeosmo
1685 335 1748 392 IN
1781 335 2104 395 PSALMUM
2146 320 2334 397 Crux.

3378 337 3484 393 35‘!

1886 463 1940 508 et
1967 455 2201 525 quotidie
2230 463 2418 525 urgent
2448 464 2501 510 et
2531 454 2804 523 festinant,
2839 464 2897 510 ut
2937 469 3052 510 eam
3079 469 3198 526 qua:
3223 471 3318 511 ens
3360 459 3481 512 tulit

1885 545 2132 602 videant:
2167 546 2237 601 ita
2264 547 2424 602 etiam
2455 547 2546 618 qui
2575 561 2760 603 amore
2794 547 3094 602 futurorum
3123 557 3352 616 tenetur,
3382 563 3482 602 nec

1883 637 2041 692 rebus
2067 637 2421 708 praesentibus
2446 638 2686 694 adversis
2713 639 2949 694 animum
2980 638 3246 706 demittet,
3265 654 3365 694 nee
3395 653 3483 695 se-

1883 729 2072 783 cundis
2099 742 2158 784 se
2181 727 2388 795 efferet,
2410 728 2503 784 sed
2534 740 2756 800 utraque
2786 739 3181 799 praetercurret,
3203 737 3481 800 tamquam

1882 821 1972 888 qui
1989 821 2087 875 iter
2101 820 2492 892 agit.Quocirca
2509 821 2760 892 iubemur
2775 824 2934 877 etiam
2950 823 3130 878 dicere
3146 823 3197 878 in
3213 824 3478 891 oratione,

1882 913 2128 969 Adveniet
2157 929 2369 986 regnum
2416 925 2557 968 tuum
2582 913 2794 986 (Matth.
2827 915 2879 970 6.
2905 915 3006 980 l0;
3038 914 3165 971 Luc.
3198 917 3286 972 11.
3315 915 3398 986 2),
3423 926 3485 972 ut

1883 1007 2025 1063 illius
2068 1007 2172 1063 diei
2220 1007 2546 1064 desiderium
2595 1017 2650 1063 et
2689 1008 3033 1078 cupiditatem
3072 1010 3252 1064 animo
3295 1019 3484 1064 nostro

1881 1110 2180 1165 versantes,
2205 1109 2259 1156 et
2299 1101 2472 1170 ipsum
2503 1117 2613 1172 prte
2653 1101 2823 1156 oculis
2873 1101 3153 1168 habentes,
3181 1117 3249 1157 ne
3293 1101 3482 1157 videa-o

1883 1210 2002 1248 mus
2027 1195 2240 1265 quidem
2291 1195 2594 1264 praesentia.
2649 1191 2705 1251 Si
2736 1195 2879 1250 enim
2931 1193 3104 1250 Judaei
3146 1194 3483 1266 Jerosolyma

1881 1288 2270 1356 desiderantes,
2319 1289 2480 1344 etiam
2523 1299 2803 1358 postquam
2852 1289 3061 1345 liberati
3111 1297 3254 1356 sunt,
3286 1289 3486 1344 deflent

1882 1381 2151 1451 praeterita
2187 1399 2200 1434 :
2246 1373 2492 1452 quasnam
2536 1382 2749 1437 dabitur
2794 1382 2949 1438 nobis
3000 1382 3190 1450 venia,
3235 1398 3483 1453 quaenam

1883 1471 2213 1543 relinquetur
2251 1472 2512 1540 defensio,
2556 1474 2601 1528 si
2632 1489 2738 1529 non
2778 1489 3026 1544 superna:
3067 1474 3365 1530 Jerusalem
3397 1458 3489 1528 tc-l

1883 1581 2107 1620 neamur
2135 1563 2442 1621 vehementi
2470 1565 2783 1623 desiderio?
3493 1627 3497 1634 ,

1955 1656 2008 1713 5.
2033 1655 2167 1712 Vide
2191 1672 2318 1727 ergo
2344 1657 2610 1727 quomodo
2640 1656 2694 1712 hi
2716 1672 2929 1728 quoque
2953 1657 3312 1712 lamentantur
3334 1656 3480 1727 quod

1883 1764 2004 1809 eum
2041 1750 2145 1804 illis
2169 1759 2471 1816 versentur,
2507 1749 2764 1818 Ηαὺὶιαυι,
2797 1751 3056 1818 dicentes,
3089 1767 3202 1804 cum
3244 1750 3484 1806 taberna-

1883 1841 2011 1898 culis
2035 1840 2199 1898 Cedar
2226 1859 2244 1896 :
2269 1841 2486 1896 multum
2519 1843 2687 1896 incola
2725 1843 2822 1911 fuit
2849 1841 3024 1898 anima
3049 1860 3179 1898 utea.
3213 1842 3312 1897 llic
3336 1843 3500 1908 enim,

1886 1951 1991 1990 non
2015 1935 2188 1991 solum
2218 1933 2596 2006 deﬁent,‘quod
2627 1937 2679 1990 in
2704 1935 2877 1990 aliena
2908 1934 3171 2002 habitent,
3199 1935 3290 1990 sed
3316 1935 3480 1989 etiam

1884 2026 2025 2094 quod
2058 2042 2181 2081 cum
2208 2025 2450 2081 barbaris
2477 2036 2776 2082 versentur.
2801 2027 2951 2095 Quod
2983 2026 3195 2096 quidem
3221 2026 3310 2080 alii
3339 2041 3478 2097 quo-

1884 2135 1987 2191 que
2013 2119 2279 2175 faciebant
2302 2119 2575 2190 propheta:
2596 2119 2662 2174 de
2686 2119 2935 2190 praesenti
2969 2119 3075 2172 vita
3101 2119 3479 2180 lamentantes,

1883 2223 1936 2265 et
1964 2212 2240 2268 dicentes:
2277 2207 2374 2266 Hei
2412 2211 2575 2266 mihi!
2599 2213 2716 2281 quia
2746 2212 2892 2281 periit
2922 2212 3036 2281 pius
3065 2227 3097 2264 a
3135 2220 3290 2274 terra,
3322 2219 3370 2263 et
3395 2211 3505 2278 qui

1883 2312 2012 2357 recte
2051 2312 2171 2374 agat
2215 2318 2316 2357 non
2357 2312 2427 2357 est
2468 2304 2523 2356 in
2568 2303 2854 2356 hominibus
2901 2301 3084 2373 (Mich.
3121 2301 3174 2355 7.
3214 2300 3263 2354 1.
3295 2299 3389 2370 2);
3427 2309 3484 2354 et

1885 2395 2043 2449 etiam
2079 2395 2164 2449 hic
2192 2394 2306 2464 ipse
2331 2393 2514 2450 dicens
2559 2412 2573 2448 :
2627 2391 2785 2450 Serva
2810 2411 2909 2460 me,
2956 2393 3192 2458 Domine,
3241 2392 3482 2463 quoniam

1885 2485 2065 2556 defecit
2090 2495 2292 2540 sanctus
2320 2485 2491 2557 (Psal.
2524 2487 2613 2542 11.
2643 2485 2721 2558 2).
2750 2485 2934 2556 Neque
2960 2485 3101 2539 enim
3133 2484 3250 2540 haec
3276 2484 3377 2538 vita
3402 2495 3486 2537 est

1867 2595 1950 2634 .eo
1993 2587 2198 2634 tantum
2246 2579 2532 2642 laboriosa,
2566 2580 2706 2651 quod
2739 2581 3022 2650 plurimam
3055 2579 3247 2634 habeat
3270 2578 3482 2634 vanita-

1887 2681 2017 2740 tem,
2049 2682 2103 2728 et
2125 2687 2283 2728 curas
2321 2673 2672 2743 importunus,
2703 2673 2796 2728 sed
2819 2673 2958 2744 quod
2999 2673 3156 2728 etiam
3186 2673 3385 2727 multus
3415 2672 3488 2727 sit

1887 2767 2146 2819 malorum
2176 2774 2486 2835 proventus.

1960 2855 2221 2912 Malorum
2248 2857 2556 2913 consuetudo
2609 2857 2750 2911 bonis
2807 2865 2881 2911 est
2940 2856 3336 2918 molestissima;
3380 2856 3484 2908 vita

1889 2966 2109 3020 praesens
2129 2949 2270 3005 bonis
2297 2950 2450 3021 longa
2472 2950 2686 3016 videtur,
2709 2949 2858 3003 malis
2879 2960 3048 3002 autem
3073 2947 3483 3002 brevis—Nihil

1886 3051 1969 3097 cSt
1999 3050 2178 3098 autem
2209 3042 2421 3112 gravius
2444 3049 2498 3097 et
2522 3040 2822 3107 molestius,
2845 3056 3002 3109 quam
3031 3054 3151 3094 cum
3181 3038 3483 3109 hujusmodi

1890 3133 2194 3188 hominibus
2239 3132 2564 3203 congressio.
2598 3129 2782 3201 Neque
2819 3131 2961 3186 enim
3018 3129 3195 3185 fumus
3237 3139 3290 3184 et
3316 3143 3484 3199 vapor

1889 3225 1960 3280 ita
2005 3225 2146 3280 solet
2174 3239 2400 3294 gravare
2426 3222 2632 3287 oculos,
2667 3231 2725 3277 ut
2753 3223 3116 3294 improborum
3146 3220 3481 3277 consuetudo

1888 3317 2123 3371 animum
2155 3315 2367 3370 tristitia
2395 3313 2578 3370 afﬁcit.
2613 3313 2731 3370 Non
2775 3315 2922 3370 vides
2955 3314 3240 3370 Dominum
3269 3329 3482 3384 quoque

1889 3418 2132 3465 nostrum
2159 3408 2342 3464 Iesum
2372 3407 2644 3463 Christum
2677 3408 2963 3465 ostendere
2984 3426 3139 3480 quam
3167 3411 3236 3465 sit
3261 3409 3486 3465 molesta

1888 3502 2149 3571 ejusmodi
2177 3501 2549 3558 consuetudo?
2593 3501 2819 3567 Quando
2848 3502 2990 3556 enim
3032 3502 3183 3569 dicit,
3216 3501 3488 3569 Quousque

1889 3609 1976 3648 ero
2003 3593 2296 3648 uobiscum?
2325 3608 2584 3663 quousque
2614 3595 2776 3662 feram
2800 3609 2886 3647 vos
2917 3592 3129 3662 (Matth.
3154 3593 3241 3647 17.
3271 3593 3403 3658 l7)?
3432 3593 3485 3645 id

1892 3684 2042 3748 dicit,
2076 3683 2182 3742 hoc
2205 3683 2436 3738 obscure
2465 3683 2791 3753 signiﬁcans,
2825 3682 3068 3738 Habitari
3107 3701 3220 3738 cum
3248 3680 3487 3738 tab‘erna-
3516 3670 3521 3677 ’

1890 3767 2018 3821 cutis
2048 3766 2233 3822 Cedar.
2262 3767 2555 3822 Barbarum
2583 3782 2750 3838 genus
2777 3777 2860 3822 est
2886 3768 3036 3834 illud,
3064 3767 3337 3823 efferatius
3362 3783 3486 3823 cum

1889 3859 2118 3913 subditis
2155 3858 2325 3912 instar
2375 3857 2607 3913 ferarum
2657 3874 2850 3929 agere,
2907 3866 2965 3914 ut
3005 3861 3093 3930 qui
3146 3860 3390 3915 tentoriis
3433 3870 3488 3914 et

1892 3950 2117 4020 tuguriis
2165 3958 2402 4016 utantur,
2445 3958 2499 4002 et
2542 3949 2610 4005 ad
2664 3950 3050 4006 immanitatem
3101 3951 3334 4007 ferarum
3382 3951 3490 4007 sint

1892 4041 2116 4095 redacti.
2166 4039 2274 4095 Sed
2324 4040 2406 4094 his
2455 4041 2622 4095 multo
2670 4049 2795 4095 sunt
2837 4040 3168 4098 efferatiores
3220 4051 3484 4112 raptores,

1891 4137 2036 4191 avari
2062 4138 2223 4207 etqui
2253 4137 2515 4208 impudice
2543 4153 2604 4193 ac
2631 4137 2914 4196 libidinose
2941 4149 2994 4195 et
3017 4141 3067 4195 in
3097 4141 3302 4197 deliciis
3322 4143 3488 4198 vitam

1894 4228 2213 4299 transigunt.
2245 4227 2300 4282 9.
2332 4226 2554 4283 Multum
2597 4231 2765 4286 incola
2808 4233 2907 4300 fuit
2946 4233 3119 4286 anima
3161 4249 3293 4287 mea.
3325 4234 3488 4304 Atqui

1894 4335 1999 4375 non
2030 4320 2296 4386 multum;
2341 4320 2552 4375 fuerunt
2584 4322 2726 4376 enim
2758 4324 2930 4377 solum
2960 4326 3290 4395 septuaginta
3324 4326 3487 4379 anni:

1894 4411 1987 4465 sed
2017 4425 2124 4464 non
2166 4411 2402 4480 appellat
2429 4411 2653 4465 multum
2701 4423 2916 4482 propter
2953 4413 3362 4479 multitudinem,
3392 4414 3489 4468 sed

1896 4512 2117 4572 propter
2145 4518 2321 4556 rerum
2349 4502 2736 4557 difﬁcultatem.
2786 4504 2896 4558 Etsi
2931 4503 3071 4557 enim
3118 4505 3187 4558 sit
3215 4505 3484 4574 exiguum,

1896 4594 2107 4648 videtur
2133 4609 2254 4648 esse
2279 4594 2504 4648 multum
2533 4594 2596 4647 iis
2622 4594 2711 4664 qui
2743 4593 3070 4664 afﬂiguntur.
3095 4593 3170 4650 lta
3201 4596 3359 4650 etiam
3391 4611 3491 4650 nos

1895 4695 2108 4754 oportet
2137 4684 2295 4750 affici,
2325 4693 2380 4738 et
2406 4685 2650 4754 quamvis
2680 4684 2767 4740 hic
2799 4687 2980 4756 paucis
3000 4688 3156 4742 anuis
3178 4689 3487 4753 vixerimus,

1894 4792 1989 4832 eos
2025 4788 2202 4830 tamen
2231 4775 2428 4830 multos
2455 4791 2575 4830 esse
2604 4785 2792 4846 putare
2822 4790 3040 4849 propter
3073 4776 3372 4834 futurorum
3399 4780 3492 4835 de-

1895 4869 2173 4923 siderium.
2207 4867 2332 4922 ch
2357 4868 2477 4923 dico
2519 4883 2624 4923 non
2656 4871 2818 4924 vitam
2851 4881 3168 4940 praesentem
3198 4887 3490 4935 accusans;

1896 4961 2071 5014 absit:
2096 4975 2158 5014 ea
2186 4967 2270 5013 est
2297 4958 2438 5014 enim
2469 4974 2604 5030 opus
2631 4959 2727 5015 Dei
2757 4978 2769 5015 :
2802 4961 2895 5016 sed
2921 4962 2986 5016 ad
3018 4963 3312 5019 futurorum
3343 4979 3494 5018 amo-

1897 5068 2010 5106 rem
2058 5065 2155 5105 vos
2182 5053 2420 5107 excitans
2445 5060 2501 5106 et
2530 5053 2776 5118 incitans,
2809 5062 2864 5109 et
2893 5069 2960 5109 ne
2987 5055 3039 5109 in
3071 5055 3232 5111 rebus
3260 5070 3493 5126 praesen-

1899 5145 2039 5200 tibus
2069 5143 2316 5200 lubenter
2349 5127 2659 5212 versemini,
2690 5161 2790 5202 nec
2810 5147 3021 5217 corpori
3050 5145 3195 5201 afﬁxi
3219 5146 3372 5201 sitis:
3394 5161 3494 5202 nec

1899 5241 1969 5295 ita
2000 5239 2332 5307 afﬁciamini,
2366 5249 2424 5295 ut
2449 5241 2691 5296 nonnulli
2723 5256 2755 5296 e
2775 5241 2934 5312 vulgo
2963 5240 3156 5309 abiecti
3187 5239 3372 5305 animi,
3403 5242 3492 5311 qui

1897 5333 1998 5386 etsi
2033 5347 2129 5402 per
2157 5334 2354 5388 nmltos
2383 5349 2553 5389 annos
2590 5335 2839 5399 vixerint,
2871 5347 2966 5389 eos
3009 5347 3206 5402 paucos
3246 5347 3369 5389 esse
3409 5333 3494 5388 di-

1900 5435 2047 5479 cunt.
2077 5423 2285 5492 Quibus
2322 5425 2446 5494 quid
2495 5440 2614 5480 esse
2666 5433 2842 5496 potest
2893 5440 2922 5478 a
2976 5425 3181 5480 ratione
3233 5424 3497 5481 alienius?

1900 5515 2035 5582 Quid
2060 5530 2189 5569 vero
2209 5518 2442 5570 crassius
2471 5517 2534 5570 iis
2561 5517 2650 5585 qui
2691 5517 2823 5570 cazlo
2846 5517 3141 5586 proposito,
3171 5527 3226 5572 et
3251 5515 3318 5572 iis
3342 5517 3496 5574 bonis

1899 5621 2019 5676 qua:
2044 5615 2171 5660 sunt
2201 5606 2254 5660 in
2276 5609 2448 5663 caelis.
2471 5606 2598 5671 Quae
2624 5623 2714 5660 nec
2752 5607 2927 5661 oculus
2950 5607 3091 5672 vidit,
3115 5625 3206 5662 nec
3233 5610 3374 5663 auris
3399 5625 3494 5662 au-

1901 5697 2023 5751 divit
2067 5700 2145 5763 (ι.
2174 5695 2292 5752 Cor.
2337 5698 2390 5753 2.
2421 5696 2500 5769 9),
2528 5713 2625 5752 ore
2673 5698 2854 5755 hiante
2897 5700 3112 5755 umbras
3155 5709 3392 5771 stupent.
3438 5714 3488 5756 et

1903 5789 2086 5842 volunt
2109 5788 2231 5842 vitre
2256 5790 2536 5860 praesentis
2566 5790 2809 5862 euripum
2845 5791 3109 5864 trajicere,
3139 5793 3188 5847 in
3223 5795 3490 5864 perpetuis
