3956 6398
520 261 627 318 ἴυὶὸ

520 377 801 440 fluctibus,
851 376 1252 446 tempestatibus
1292 384 1360 427 let
1403 371 1691 443 naufragiis
1738 371 2000 427 volutnti?
2048 372 2115 425 At

521 485 630 524 non
663 468 742 525 sic
770 467 1004 523 Paulus:
1036 463 1129 521 sed
1174 464 1462 521 festinabat
1487 473 1542 519 et
1577 463 1917 535 tirgebatget
1952 477 2119 516 unum

523 562 697 616 soluat
728 576 850 631 eum
879 558 1160 625 retinebat,
1193 572 1387 628 nempe
1411 557 1558 611 salus
1589 556 1865 611 hominum
1894 552 2117 628 (Philip.

525 643 578 707 ἐ.
606 652 723 724 23).
748 652 801 717 7.
831 650 959 707 Cum
995 650 1074 704 his
1097 650 1194 722 ,ιιιιὶ
1228 653 1443 704 oderunt
1473 664 1647 719 pacem
1672 663 1811 702 erant
1832 647 2121 718 pacificus:

529 726 645 800 cum
668 744 909 816 loquebar
930 744 1055 810 illis,
1078 740 1450 814 impugnabant
1479 756 1557 794 me
1584 740 1764 812 gratis.
1782 738 1974 793 Vidisti
1988 752 2120 809 quo-

523 836 685 892 modo
715 835 952 893 ostendit
969 850 1130 907 quam
1156 848 1317 906 grave
1337 833 1408 887 sit
1436 832 1544 887 illic
1567 830 1808 888 versari?
1833 829 1948 886 Non
1976 830 2118 886 enim

523 930 679 997 dixit,
703 928 838 985 Cum
861 926 927 985 iis
947 929 1037 999 qui
1066 942 1173 983 non
1200 925 1400 981 habent
1427 939 1635 995 pacem,
1662 922 1778 988 sed,
1798 921 1926 978 Cum
1952 923 2015 976 iis
2035 922 2121 993 qui

523 1022 642 1077 odio
671 1022 853 1076 habent
886 1039 1062 1093 pacem
1086 1036 1223 1075 erant
1274 1019 1536 1089 paciﬁcus.
1560 1016 1751 1074 Vidisti
1776 1014 2117 1072 commodum

519 1113 863 1172 sfﬁictionis?
905 1112 1084 1169 vidisti
1136 1114 1365 1167 fructum
1411 1108 1774 1180 captivitatis?
1815 1105 1929 1163 Sed
1972 1122 2119 1160 nunc

519 1194 638 1276 quis
668 1216 913 1262 nostrum
946 1205 1049 1261 hoc
1067 1204 1265 1277 poterit
1290 1202 1513 1258 dicere?
1540 1202 1681 1259 Satis
1704 1200 1847 1257 enim
1870 1199 2050 1263 fuerit,
2073 1202 2116 1255 si

520 1314 645 1353 cum
672 1295 914 1368 paciﬁcis
942 1297 1110 1352 simus
1142 1294 1344 1367 paciﬁci
1390 1312 1406 1349 :
1454 1293 1540 1350 hic
1583 1303 1759 1350 autem
1795 1293 1957 1349 etiam
1995 1306 2116 1347 cum

524 1390 591 1442 iis
615 1389 706 1458 qui
734 1403 917 1459 pacem
945 1386 1177 1443 oderant
1204 1394 1321 1441 erat
1346 1385 1621 1457 paciﬁcus.

548 1480 555 1485 ”
591 1480 726 1537 Belli
756 1499 817 1536 ac
845 1497 1028 1554 pugna:
1050 1496 1207 1535 causa
1234 1481 1514 1552 prmeipua.
1557 1473 1713 1531 Mane
1746 1476 1870 1542 ovis,
1899 1484 1947 1530 et
1972 1472 2116 1547 lupos

519 1574 780 1643 superabis
797 1590 819 1641 ;
845 1571 1179 1627 mansuetudo
1205 1570 1293 1625 ubi
1317 1571 1537 1624 maxime
1555 1566 1957 1623 ostendenda.-—
1974 1565 2115 1633 Quo-

522 1666 683 1721 modo
709 1682 838 1737 ergo
867 1682 965 1722 nos
993 1681 1207 1737 quoque
1242 1665 1296 1720 in
1320 1664 1421 1720 hac
1441 1679 1499 1719 re
1524 1672 1670 1719 recte
1697 1663 1974 1733 geremus‘
1991 1654 2019 1717 ἵ
2062 1661 2116 1718 Si

520 1768 793 1826 tamquam
815 1758 1058 1831 inquilini
1092 1756 1178 1812 hic
1199 1770 1510 1820 versemur;
1541 1769 1727 1811 rursus
1748 1754 1895 1810 enim
1912 1753 2118 1810 deduco

523 1850 822 1905 orationem
850 1849 917 1904 ad
948 1848 1125 1920 ipsum
1152 1831 1526 1919 arg'umentum
1548 1862 1577 1911 ;.
1598 1846 1645 1901 si
1684 1855 1744 1902 ut
1782 1846 2041 1916 hospites,
2072 1848 2116 1902 si

523 1938 673 1996 nullo
692 1956 878 1997 eorum
902 1958 1021 2011 qua:
1048 1948 1169 1995 sunt
1197 1938 1480 2011 prmsentia
1512 1937 1787 1994 retardati.
1810 1937 1952 1994 Nihil
1974 1939 2117 1994 enim

519 2050 673 2106 atque
700 2050 889 2107 pugnae
915 2044 970 2091 et
994 2035 1118 2090 belli
1148 2048 1309 2089 causa
1346 2043 1450 2101 est,
1474 2041 1533 2088 ut
1561 2047 1714 2088 amor
1747 2032 2112 2103 praesentium,

518 2136 579 2183 ut
606 2127 687 2184 vel
725 2128 935 2199 gloriae,
966 2127 1051 2183 vel
1095 2125 1355 2199 pecuniir,
1386 2127 1469 2182 vel
1494 2126 1808 2185 deliciarum
1835 2125 2113 2196 cupiditas.

520 2219 747 2287 Quando
766 2235 896 2276 vero
923 2223 1022 2275 hos
1044 2236 1233 2276 omnes
1254 2219 1410 2274 funes
1440 2217 1745 2289 praecideris
1761 2258 1779 2284 ,
1811 2227 1871 2273 et
1884 2218 2115 2275 animam

522 2312 673 2368 nullo
702 2311 892 2369 horum
922 2313 1145 2369 retineri
1194 2311 1524 2384 permiseris,
1556 2319 1683 2367 tunc
1708 2310 1914 2367 videbis
1947 2311 2119 2367 unde-

521 2417 645 2458 nam
666 2402 863 2459 bellum
884 2404 1044 2459 ducat
1072 2404 1414 2475 principium,
1436 2411 1489 2457 et
1514 2402 1783 2459 undenam
1813 2403 1886 2459 sit
1909 2403 2120 2459 virtutis

523 2496 827 2569 jaciendum
865 2496 1291 2553 fundamentum.
1320 2496 1607 2567 Propterea
1633 2494 1789 2566 jubet
1814 2495 1977 2552 etiam
2021 2511 2118 2550 nos

522 2582 769 2646 Christus
799 2605 927 2647 oves
956 2606 1078 2648 esse
1125 2591 1265 2646 inter
1312 2592 1467 2661 lupos
1514 2588 1728 2659 (Matth.
1763 2589 1850 2646 l0.
1892 2588 2017 2661 l6):
2050 2606 2120 2647 ne

523 2681 692 2750 dicas,
719 2681 846 2739 llaec
885 2692 941 2739 et
981 2682 1070 2738 illa
1114 2697 1306 2755 passus
1349 2698 1488 2751 sum,
1516 2682 1637 2738 ideo
1664 2682 1809 2738 evasi
1853 2697 2027 2739 saevus
2065 2692 2122 2739 et

521 2772 794 2830 efferatus.
820 2774 1064 2842 Etiamsi,
1108 2775 1314 2846 inquit,
1360 2789 1552 2845 passus
1598 2772 1764 2829 fueris
1809 2773 2120 2831 innumera-

510 2865 669 2931 ‘bilia,
698 2881 855 2922 mane
881 2867 1019 2934 ovis,
1037 2875 1098 2923 et
1128 2867 1199 2921 ita
1247 2866 1401 2938 lupos
1434 2864 1733 2937 superabis.
1760 2863 1861 2921 Hic
1902 2876 1988 2922 est
2016 2865 2119 2921 im-

524 2955 726 3025 probus
762 2966 822 3016 et
855 2955 1184 3029 proﬁigatus,
1214 2956 1321 3012 sed.
1350 2956 1517 3012 habes
1544 2964 1716 3012 tantas
1758 2956 1919 3025 vires,
1952 2966 2010 3011 ut
2035 2956 2121 3013 vel

523 3048 680 3105 malis
708 3051 955 3121 superior
975 3048 1197 3106 evadas.
1214 3044 1352 3118 Quid
1372 3057 1457 3106 est
1475 3063 1575 3105 ove
1602 3048 1969 3109 mansuetius?
1994 3049 2122 3120 quid

525 3156 655 3197 vero
685 3140 810 3213 lupo
865 3138 1165 3214 agrestins?
1196 3141 1287 3199 ille
1318 3153 1492 3200 tamen
1521 3140 1591 3198 ab
1620 3142 1720 3200 hac
1748 3142 2119 3215 superabitur:

528 3227 688 3304 idque
714 3242 991 3290 ostensum
1022 3246 1105 3292 est
1135 3236 1186 3290 in
1214 3234 1491 3305 apostolis.
1519 3233 1663 3291 Nihil
1691 3244 1774 3290 est
1798 3234 1942 3290 enim
1970 3250 2123 3290 man-

528 3324 811 3381 suetudine
841 3327 1130 3398 potentius.
1156 3324 1289 3382 nihil
1319 3326 1535 3382 lenitate
1564 3326 1789 3383 validius
1806 3341 1871 3383 ac
1891 3328 2121 3384 ﬁrmius.

527 3415 785 3483 Quocirca
817 3415 1062 3473 Christus
1085 3432 1297 3489 quoque
1318 3417 1473 3488 jubet
1498 3432 1627 3474 oves
1646 3432 1766 3474 esse
1785 3417 1925 3478 inter
1945 3419 2120 3491 lupos.

533 3505 741 3564 Deinde
783 3516 1065 3580 postquam
1094 3509 1174 3565 sic
1203 3508 1356 3573 dixit,
1388 3517 1658 3580 tamquam
1705 3522 1813 3565 non
1859 3508 2127 3567 sufﬁceret

531 3600 650 3656 lucc
696 3602 1072 3670 mansuetudo,
1115 3601 1250 3669 ovis,
1303 3604 1550 3673 inquam,
1603 3601 1651 3656 ei
1706 3616 1865 3672 quem
1913 3602 2028 3657 vult
2066 3618 2127 3660 se

531 3689 820 3748 ostendere
864 3690 1207 3763 discipulum,
1238 3690 1436 3765 aliquid
1481 3691 1624 3748 aliud
1666 3692 1894 3764 adjicit:
1929 3692 2124 3763 Estote,

530 3783 723 3855 inquit,
762 3783 1019 3857 simplices
1058 3784 1189 3840 sicut
1231 3786 1515 3851 columbae;
1551 3783 1781 3841 duorum
1822 3797 2129 3842 mansueto-

531 3878 651 3931 rum
680 3880 738 3930 ct
764 3872 1087 3946 simplicium
1128 3875 1440 3931 animalium
1485 3874 1721 3931 miscens
1758 3868 2127 3933 mansuetudi-

532 3968 658 4022 nem
687 3981 702 4019 :
746 3973 945 4020 tantam
971 3982 1001 4020 a
1029 3966 1186 4022 nobis
1225 3966 1391 4037 exigit
1424 3966 1716 4034 lenitatem,
1746 3965 1960 4036 quando
1986 3967 2127 4023 inter

533 4068 709 4113 saevos
751 4066 807 4113 et
856 4066 1099 4129 agrestes
1143 4074 1441 4114 versamur.
1485 4058 1564 4113 Ne
1591 4058 1734 4114 enim
1762 4057 1984 4126 diseris,
2035 4059 2131 4116 Est

533 4149 833 4220 improbus,
884 4165 984 4205 nec
1033 4148 1176 4206 ferre
1223 4166 1463 4221 possum.
1508 4149 1660 4205 Tunc
1702 4149 1849 4206 enim
1897 4152 2129 4208 maxime

533 4239 977 4298 ostendenda'est
1001 4241 1378 4308 mansuetudo,
1407 4242 1624 4313 quando
1652 4256 1742 4298 res
1777 4241 1937 4298 nobis
1972 4241 2132 4298 fuerit

533 4342 657 4388 etim
693 4334 852 4390 suavis
880 4342 936 4390 et
962 4335 1262 4405 agrestibus
1293 4334 1621 4402 hominibus,
1646 4332 1860 4405 quando
1899 4349 2020 4390 cum
2066 4336 2132 4392 iis

535 4426 627 4497 qui
658 4435 783 4483 sunt
801 4425 872 4483 ab
896 4424 1229 4484 humanitate
1248 4427 1440 4482 alieni:
1464 4436 1592 4483 tunc
1614 4427 1733 4498 ejus
1757 4427 1927 4483 virtus
1951 4436 2131 4484 osten-

534 4520 701 4585 ditur,
735 4530 860 4576 tunc
888 4514 1006 4591 ejus
1030 4536 1224 4577 munus
1252 4530 1307 4576 et
1346 4519 1583 4575 ofﬁcium
1631 4519 1942 4590 fructusque
1970 4519 2132 4573 reful-

535 4602 648 4679 get.
677 4614 804 4668 Cum
831 4614 1071 4685 loquebar
1108 4615 1242 4680 illis,
1275 4615 1643 4686 impugnabant
1671 4629 1751 4667 me
1773 4613 1951 4685 gratis.
1984 4612 2133 4668 Alius

541 4715 718 4761 autem
767 4706 1032 4777 interpres
1051 4707 1129 4782 (a)
1158 4707 1306 4773 dicit,
1342 4706 1411 4762 Et
1457 4706 1661 4779 quando
1710 4706 1949 4780 loquebar
1985 4705 2130 4777 ipsis,

538 4796 810 4863 bellabant,
835 4796 921 4851 vel
949 4797 1052 4853 hoc
1093 4796 1421 4869 signiﬁcans,
1450 4798 1576 4853 Cum
1603 4798 1667 4853 iis
1699 4799 1784 4869 qui
1802 4799 2014 4853 oderant
2036 4815 2129 4868 pa-

538 4874 647 4942 cein
684 4903 824 4941 eram
848 4888 1094 4959 paciﬁcus
1124 4904 1145 4943 :
1183 4890 1289 4956 vel,
1325 4888 1542 4960 quando
1567 4889 1696 4959 ipsis
1730 4889 2005 4960 loquebar,
2035 4889 2133 4958 ipsi

539 4996 632 5038 me
660 4978 1060 5052 oppugnabant.
1090 4979 1244 5049 Quod
1271 4990 1450 5037 autem
1479 4978 1627 5047 dicit,
1657 4979 1765 5035 tale
1783 4988 1867 5035 est
1893 4997 1907 5035 :
1938 4978 1993 5035 in
2020 4980 2137 5051 ipso

542 5073 789 5145 tempore
813 5064 1086 5143 colloquii,
1109 5070 1322 5143 quando
1355 5071 1608 5138 maxime,
1640 5070 1832 5143 inquit,
1860 5073 2136 5126 caritatem

538 5159 914 5229 ostendebam,
943 5163 1158 5236 quando
1184 5162 1345 5219 verba
1389 5162 1445 5217 in
1483 5161 1670 5233 primis
1710 5162 1881 5218 amica
1922 5162 2137 5217 emitte-

537 5259 686 5325 bant,
717 5260 843 5313 tunc
871 5248 1252 5325 eﬁ‘erabantur,
1281 5265 1409 5311 tunc
1432 5254 1588 5311 dolos
1615 5252 1895 5310 struebant
1919 5263 1976 5309 et
2001 5252 2137 5309 nihil

542 5367 641 5408 eos
667 5350 950 5421 coercebat
981 5367 994 5403 :
1029 5362 1128 5419 ego
1159 5359 1337 5405 tamen
1365 5346 1634 5418 propriam
1664 5344 2014 5401 ostendebant
2035 5345 2142 5398 vir-

602 5534 622 5564 ι
658 5530 814 5581 Aliam
836 5531 1103 5596 lectionem
1123 5539 1268 5596 auert
1305 5530 1354 5579 in
1388 5528 1611 5596 margine
1633 5525 1872 5596 savilius:
1902 5528 2144 5596 quomodo

539 5598 1039 5655 noenoapersuasum
1054 5590 1352 5651 hibebimus,
1373 5590 1459 5654 qui
1478 5586 1625 5640 e'tiam
1648 5588 1699 5638 in
1722 5588 1903 5639 anticos
1925 5586 2143 5637 hostilem

546 5653 760 5711 gerimus
776 5653 995 5704 animum
1016 5654 1040 5702 Υ
1766 5709 1777 5711 _
2029 5709 2037 5711 Α

608 5711 684 5775 (_a)
714 5716 827 5769 Quis
856 5716 922 5764 sit
952 5715 1203 5775 interpres
1230 5714 1311 5763 hic
1330 5726 1440 5775 Anon
1473 5711 1614 5762 facile
1645 5720 1722 5763 est
1750 5709 1988 5760 divinare.
2015 5708 2143 5759 Alio-

551 5769 668 5827 εὶῑιιη
687 5782 806 5823 vero
828 5777 934 5824 hac
959 5769 1302 5836 interpretatio
1322 5773 1430 5825 fere
1456 5775 1631 5824 eadem
1654 5780 1731 5824 est
1752 5785 1862 5836 quae
1885 5777 2013 5821 LXX.

1224 260 1279 315 S.
1316 255 1598 314 JOANNIS
1632 254 2115 312 CHRYSOSTOMI

2233 254 2475 311 lCllIEP.
2515 253 3050 312 CONSTANTINOP.
3666 266 3748 323 ιιι

2232 379 2420 438 tutem,
2443 372 2567 428 licet
2596 372 2634 427 ii
2658 373 2730 429 ita
2757 373 2934 431 aﬁ‘ecti
2962 385 3162 433 essent.
3192 377 3266 431 ha
3286 376 3443 433 etiam
3464 394 3561 436 una
3579 397 3753 453 aputu

2228 461 2387 528 afﬁci,
2417 478 2610 534 nempe
2638 466 2760 522 licet
2783 480 2884 522 nos
2918 467 3130 524 illorum
3156 478 3395 527 amantes
3419 472 3486 526 ab
3510 473 3604 528 illis
3626 475 3751 532 leris-

2226 572 2369 617 mar.
2400 556 2527 615 licet
2556 558 2709 615 nobis
2736 560 2814 615 illi
2857 561 3197 630 insidientur,
3218 578 3323 619 nos
3351 576 3524 622 nostra
3547 567 3757 628 exhibere

2225 658 2456 719 oportet,
2487 651 2627 708 illius
2652 652 2921 722 parabolae
2944 668 3367 727 nemora,qu:c
3390 658 3536 728 jubet
3555 675 3641 717 nos
3661 676 3757 720 esse

2228 752 2498 815 tamquam
2522 759 2655 801 oves
2683 755 2739 802 et
2759 748 3039 804 columbas
3063 749 3117 805 in
3156 750 3337 806 medio
3374 752 3626 823 luporum,
3648 764 3759 813 utet

2226 835 2347 893 illos
2375 837 2627 895 meliores
2652 839 2957 907 reddamus,
2992 851 3049 899 et
3072 842 3175 915 ipsi
3197 845 3341 899 bona
3361 840 3583 902 calentia
3605 858 3761 903 ansc-

2224 943 2451 1010 qusmnr
2480 947 2499 984 :
2529 946 2650 1000 quae
2677 930 2840 988 detur
2879 932 3038 989 nobis
3063 936 3313 991 omnibus
3334 938 3602 1009 consequi,
3624 942 3759 1010 gratia

2215 1029 2281 1075 et
2309 1006 2640 1093 benignitate
2670 1024 2879 1080 Domini
2917 1027 3085 1082 nostri
3112 1027 3240 1083 Jesu
3266 1030 3487 1099 (Μαι,

2219 1115 2277 1170 in
2304 1117 2497 1173 saecula
2519 1119 2869 1175 saeculorum.
2894 1121 3084 1177 Amen.

2702 1250 2774 1308 lN
2808 1246 3132 1312 PSALMUM
3169 1255 3330 1313 CXX.

2259 1338 2522 1397 Canticum
2542 1343 2813 1415 graduum.
2846 1346 3016 1411 Alius,
3039 1342 3232 1405 Cantus
3258 1352 3313 1406 in
3339 1354 3639 1411 escensiones
3654 1356 3733 1427 (a).

2226 1435 2279 1486 ὓ.
2315 1433 2497 1489 Mani
2527 1437 2699 1492 oculos
2725 1455 2862 1493 meos
2903 1440 2957 1494 in
2983 1451 3196 1509 montes,
3226 1444 3365 1498 unde
3387 1445 3538 1500 ueniet
3559 1448 3759 1502 assiliunt

2295 1540 2481 1582 meum.
2515 1529 2682 1596 Alius,
2716 1529 2846 1586 Leno
2873 1532 3048 1589 oculos
3076 1550 3214 1590 meos
3238 1537 3293 1590 in
3324 1548 3532 1606 montes,
3559 1539 3675 1594 unde
3694 1554 3756 1592 se.

2294 1621 2395 1676 niet
2428 1624 2678 1680 auxilium
2702 1643 2890 1682 meum.

2295 1739 2348 1794 l.
2390 1738 2523 1794 Vide
2567 1740 2839 1806 animam,
2868 1758 2988 1812 quae
3029 1744 3184 1800 malis
3227 1744 3497 1816 implicata
3533 1750 3692 1819 uegit
3717 1766 3760 1801 se

2222 1843 2288 1885 ex
2299 1828 2502 1899 pedire,
2529 1841 2584 1887 et
2606 1832 2845 1889 invenire
2868 1836 3093 1901 exitum,
3114 1844 3170 1891 et
3190 1837 3305 1893 vult
3327 1839 3536 1908 assequi
3557 1840 3760 1895 solatium

2222 1919 2289 1974 ad
2336 1920 2501 1977 Deum
2545 1923 2858 1993 reapiciens.
2903 1924 3033 1983 ﬂare
3076 1943 3266 1985 rursus
3307 1931 3638 1987 testationem
3667 1943 3760 1987 sunt

2221 2013 2382 2080 bona,
2410 2030 2530 2087 quae
2559 2016 2704 2072 illam
2733 2018 2946 2090 erigunt
2971 2028 3027 2077 et
3052 2023 3311 2091 excitant,
3340 2033 3397 2080 et
3432 2025 3498 2081 ad
3524 2040 3759 2095 supernum

2221 2106 2476 2180 auxilium
2505 2108 2857 2167 invocandum
2882 2122 3118 2181 movent,
3143 2124 3306 2187 atque
3327 2116 3399 2172 ab
3414 2119 3762 2190 erum’bus,qua

2222 2198 2288 2252 ad
2318 2198 2458 2256 hanc
2486 2199 2648 2256 vitam
2678 2204 2970 2272 pertinent,
3018 2206 3310 2264 abducunt.
3352 2209 3408 2265 Si
3430 2210 3568 2266 enim
3597 2210 3760 2275 indui,

2222 2288 2317 2360 qui
2339 2291 2507 2347 crassi
2531 2300 2687 2348 erant
2712 2303 2768 2350 et
2796 2303 2956 2352 terra:
2992 2296 3158 2365 afﬁxi,
3186 2298 3257 2354 ab
3286 2299 3567 2359 afﬂictione
3586 2302 3761 2372 captivi-

2226 2385 2352 2437 tatis
2378 2383 2517 2440 adeo
2542 2384 2670 2443 boni
2697 2387 3013 2457 evadebant,
3054 2401 3109 2446 et
3131 2392 3196 2447 ad
3224 2396 3419 2450 caelum
3464 2396 3534 2452 ita
3559 2396 3761 2466 restinc-

2224 2471 2357 2530 bant
2386 2493 2398 2528 :
2426 2476 2597 2533 multo
2616 2476 2813 2547 justius
2831 2488 2915 2536 est
2939 2489 2997 2536 ut
3018 2496 3117 2538 nos
3135 2481 3240 2539 hoc
3269 2483 3522 2544 faciamus
3540 2487 3590 2543 in
3611 2487 3763 2542 nostris

2223 2564 2634 2636 calamitatibus,
2683 2578 2739 2625 et
2785 2569 2851 2626 ad
2902 2572 3072 2629 Deum
3116 2576 3506 2647 confugiamus,
3546 2594 3579 2634 a
3615 2577 3762 2648 qubus

2224 2654 2382 2727 longe
2429 2657 2600 2729 major
2623 2676 2785 2731 quam
2832 2662 2900 2718 ab
2926 2664 3028 2719 illis
3058 2665 3321 2736 perfectio
3349 2670 3638 2740 requiritur.
3660 2668 3761 2736 Qui:

2223 2749 2367 2804 enim
2400 2750 2476 2805 illi
2502 2761 2627 2809 tunc
2651 2766 2804 2812 erant
2830 2758 2881 2812 in
2907 2759 3099 2814 mediis
3119 2759 3389 2829 hostibus,
3417 2774 3477 2820 et
3493 2779 3649 2835 neque
3665 2762 3762 2817 ciri-

2226 2849 2389 2897 tatem
2422 2842 2708 2912 habebant,
2742 2863 2840 2903 nec
2867 2864 3070 2914 arcem,
3100 2867 3198 2909 nec
3226 2852 3522 2911 humanum
3544 2855 3761 2916 auxilium.

2230 2949 2330 2989 nec
2377 2936 2692 3006 pecuniam,
2740 2954 2915 3011 neque
2949 2942 3147 3013 aliquid
3195 2944 3345 3002 aliud
3396 2946 3656 3019 ejusmodi,
3694 2944 3761 2999 sed

2226 3028 2419 3097 captivi
2450 3037 2504 3084 et
2547 3033 2683 3086 servi
2715 3034 3064 3090 versabantur
3101 3036 3261 3093 simul
3312 3040 3451 3096 inter
3483 3040 3697 3096 donum
3725 3044 3763 3091 et

2230 3119 2454 3178 hostes:
2485 3123 2844 3181 calamitatum
2866 3134 3045 3184 autem
3074 3131 3443 3200 magnitudine
3469 3126 3762 3203 oppressiﬁd

2232 3210 2486 3268 invictam
2514 3229 2731 3272 manum
2753 3216 3149 3289 confugiebant,
3181 3228 3238 3276 et
3264 3222 3335 3278 ab
3358 3222 3594 3278 humanis
3615 3217 3765 3277 deserti

2234 3301 2515 3372 prasidiis,
2550 3320 2619 3361 ex
2660 3321 2722 3362 ea
2771 3307 2886 3378 ipsa
2936 3308 3242 3367 desertione
3290 3312 3621 3369 conferebant
3652 3306 3765 3366 send

2230 3394 2643 3467 philosophiam.
2692 3399 2760 3454 Ει
2781 3399 2905 3456 ideo
2941 3401 3190 3458 dicebant
3218 3421 3232 3459 :
3258 3403 3449 3461 Levavi
3485 3403 3643 3460 oculos
3667 3413 3766 3456 In“

2230 3488 2285 3542 in
2314 3499 2527 3556 montes,
2558 3490 2691 3546 unde
2708 3494 2867 3546 ueniet
2900 3495 3153 3549 auxilium
3179 3512 3371 3552 memet.
3398 3497 3525 3565 Quae
3558 3496 3618 3551 ab
3639 3490 3765 3549 humi

2233 3582 2389 3639 nibus
2415 3582 2645 3639 conferri
2676 3595 2917 3655 possunt,
2940 3586 3119 3642 omnia
3138 3586 3473 3658 defuerunt,
3490 3587 3652 3646 omnis
3676 3597 3764 3654 per-

2233 3674 2441 3743 ierunt,
2472 3677 2649 3734 omnia
2672 3679 2855 3749 procul
2885 3691 3230 3737 recesserunt
3258 3700 3275 3737 :
3304 3699 3433 3748 una,
3458 3683 3644 3754 inquit,
3662 3676 3767 3734 salus

2233 3766 2487 3837 deinceps
2532 3769 2715 3826 relicta
2743 3781 2853 3838 est,
2891 3786 3014 3843 quae
3057 3772 3262 3829 scilicet
3305 3774 3522 3832 stl‘ertur
3549 3789 3579 3829 a
3603 3773 3706 3828 Dee.
3727 3767 3767 3823 8-

2236 3860 2498 3916 Auxilium
2526 3878 2693 3917 meum
2715 3879 2751 3918 a
2789 3863 3032 3931 Domino,
3059 3865 3150 3936 qui
3177 3866 3300 3938 fecit
3326 3868 3504 3923 mlunt
3542 3875 3587 3922 et
3610 3874 3767 3918 unm.

2240 3953 2428 4009 Vidisti
2457 3968 2553 4010 eos
2582 3954 2751 4011 Deum
2773 3955 2971 4026 ubique
2994 3971 3240 4027 quaerere
3256 3958 3286 4013 τ
3312 3974 3377 4014 ex
3398 3968 3556 4027 tem,
3575 3972 3632 4014 ex
3655 3951 3768 4013 σειν.

2237 4060 2301 4099 ex
2350 4045 2653 4111 montibus,
2687 4062 2754 4102 ex
2796 4046 3176 4105 solitudinibus
3220 4064 3347 4105 eum
3392 4051 3577 4122 ubique
3613 4045 3694 4102 sibi
3723 4041 3769 4097 ob

2237 4136 2425 4193 oculos
2452 4137 2700 4206 ponere?
2728 4137 2910 4194 vidisti
2945 4152 3137 4195 eorum
3158 4150 3400 4196 mentem
3426 4139 3537 4197 ﬁeri
3559 4134 3770 4195 excelsio-

2238 4248 2377 4302 rem,
2420 4242 2477 4289 et
2519 4248 2783 4291 summam
2833 4235 2927 4292 Dei
2977 4237 3367 4308 providentiam
3412 4240 3480 4295 ab
3517 4239 3595 4296 eis
3625 4234 3771 4302 ubique

2242 4324 2563 4399 prtedicari?
2612 4325 2799 4398 Neque
2845 4329 2989 4384 enim
3036 4330 3392 4402 nequicquam
3448 4332 3547 4387 hoc
3583 4323 3769 4396 adjecit!

2244 4420 2347 4488 Qui
2380 4421 2498 4492 fecit
2543 4422 2722 4476 calum
2748 4430 2797 4477 et
2826 4431 3046 4490 terram;
3089 4422 3182 4479 sed
3215 4423 3319 4481 hoc
3354 4423 3574 4480 obscure
3606 4412 3772 4475 ηιίοεί·

2242 4530 2399 4583 naue,
2434 4522 2495 4571 et
2525 4514 2711 4571 dicens
2742 4533 2755 4568 ι
2786 4516 2847 4571 Si
2890 4514 3017 4571 fecit
3059 4515 3253 4573 emtum
3298 4525 3352 4574 et
3400 4525 3605 4579 terram.
3644 4508 3773 4579 ικιοαιι

2240 4608 2403 4662 etiam
2433 4606 2486 4661 in
2513 4606 2689 4663 aliena
2718 4608 2935 4676 regione
2960 4622 3118 4677 opem
3150 4606 3315 4676 ferre,
3342 4615 3400 4665 et
3427 4606 3627 4676 ubique,
3651 4598 3774 4654 etim

2243 4705 2297 4759 in
2329 4698 2557 4755 barbara
2585 4707 2748 4764 terra,
2780 4713 2994 4752 ntanum
3024 4697 3343 4768 adjutricem
3371 4696 3621 4768 praebere,
3642 4698 3686 4744 et
3706 4698 3774 4739 om

2242 4793 2339 4862 qui
2360 4807 2392 4848 e
2433 4791 2604 4862 patria
2646 4788 2863 4860 expulsi
2906 4799 3033 4844 sunt
3057 4804 3399 4845 conservare.
3439 4788 3495 4843 Si
3529 4784 3658 4841 eilia
3692 4777 3775 4831 hic

2242 4885 2515 4939 elementa.
2559 4881 2726 4938 verba
2770 4880 2945 4936 solum
2995 4880 3281 4951 produxit,
3326 4878 3499 4935 multo
3535 4868 3775 4941 magis“

2246 4974 2446 5045 poterit
2487 4973 2725 5030 liberare
2759 4986 2789 5026 a
2818 4970 3080 5027 barbaris.
3112 4969 3276 5026 Vides
3310 4966 3571 5037 quomodo
3589 4959 3775 5032 pbilow

2248 5044 2480 5139 phantur
2499 5065 2589 5136 qui
2619 5064 2812 5119 minori
2833 5077 2997 5118 sensu
3017 5070 3174 5117 erant
3194 5059 3402 5132 ψωάίῑί
3427 5044 3775 5145 (ιιιαηιιρὶἁξς.

2250 5160 2375 5215 dum
2405 5159 2458 5214 in
2486 5158 2661 5212 aliena
2689 5154 2917 5226 regione
2953 5162 3233 5209 versantur
3250 5151 3278 5208 ι
3301 5150 3419 5207 Νοη
3442 5143 3775 5226 anpitueﬂf"

2251 5251 2454 5322 templi,
2481 5249 2576 5306 sed
2602 5249 2722 5305 can
2747 5224 2803 5303 ἐι
2819 5257 2976 5303 ωτι-ω
3001 5245 3378 5301 meminerunt.
3408 5239 3536 5296 Vide
3556 5224 3773 5328 quamuis

2252 5342 2439 5400 mundi
2459 5340 2791 5398 “creationem
2814 5337 3017 5408 Deique
3041 5335 3355 5407 sapientiam
3374 5340 3428 5388 et
3452 5322 3774 5401 providentiam

2250 5435 2566 5509 praedicant.
2596 5433 2698 5502 Qui
2721 5430 2871 5488 enim
2890 5437 3057 5486 antea
3079 5428 3225 5500 ligno
3247 5424 3508 5488 dicebant,
3531 5416 3657 5474 Dm

2253 5546 2305 5584 cs
2329 5539 2404 5593 tu,
2431 5536 2488 5583 et
2509 5524 2692 5597 lapidi,
2713 5522 2795 5578 Tu
2821 5538 2905 5577 me
2923 5519 3144 5593 genuisti
3171 5516 3302 5591 (la.
3332 5513 3388 5569 2.
3415 5510 3524 5581 27),
3550 5514 3670 5561 nunc
3686 5509 3771 5549 nm-

2316 5643 2390 5704 (α)
2438 5649 2549 5690 meo
2589 5636 2738 5704 teeth
3142 5629 3237 5704 ξ-ίι
3268 5608 3777 5704 te.'!€!al':.:‘.'..'.‘"££

2255 5670 2738 5764 animus“;
2746 5670 3700 5764 ρξᾝέὧιῗνεὲἦοᾶἶυῖῐξῖξέἒυαπίδ
3722 5670 3775 5710 ⁸³⁸

2258 5746 2521 5827 ﬁliiﬁlii
2538 5746 2759 5813 iidem:
2780 5746 2914 5809 iuxta
2939 5754 3152 5821 Aquilam
3179 5764 3228 5806 et
3251 5746 3582 5818 Symtﬁacltuut-
