3956 6394
252 406 374 466 3ΐὸ

265 528 414 579 \crsi
445 534 594 580 urbis
625 533 778 579 terra:
807 520 1062 594 Opiliccm
1083 532 1396 592 agiteseunt.
1425 521 1685 576 Auxilium
1707 536 1872 575 meum

266 635 300 670 σι
337 616 584 682 Domino,
618 634 725 673 non
772 617 838 674 ab
889 616 1212 683 hominibus,
1257 630 1359 672 nec
1403 615 1470 670 ab
1499 614 1680 685 equis,
1715 630 1819 668 non
1845 631 1873 667 τι

273 713 541 783 pecuniis,
592 727 692 767 nec
738 710 967 776 asociis,
1019 725 1118 764 nec
1160 724 1188 764 a
1237 707 1668 778 propugnaculis.
1712 708 1846 760 Auxi

275 805 412 861 lium
457 813 696 856 nostrum
727 817 756 854 a
787 802 1009 856 Domino
1036 817 1051 868 ;
1086 800 1188 855 hoc
1225 799 1480 853 auxilium
1510 807 1593 853 est
1621 796 1871 851 invictnn.

273 910 340 956 et
389 895 796 966 inexpugnabile
843 912 856 950 :
900 909 1005 948 non
1061 893 1236 947 Solum
1309 900 1486 946 autem
1547 890 1874 958 inexpugna-

272 991 406 1055 bife,
436 989 528 1044 sed
550 988 709 1043 etiam
741 985 1047 1056 expeditum
1071 994 1125 1038 et
1151 984 1320 1039 facile.
1347 983 1529 1052 Neque
1552 980 1694 1036 enim
1718 980 1874 1048 longe

269 1094 368 1138 est
394 1079 858 1152 proﬁciscendum,
888 1093 992 1132 non
1019 1087 1102 1132 est
1129 1075 1508 1132 blandiendnm
1533 1072 1869 1144 janitoribus,

274 1191 388 1229 non
418 1182 545 1230 sunt
585 1170 962 1228 consumenda:
991 1173 1258 1240 pecuniis,
1286 1184 1395 1224 non
1434 1167 1726 1237 legationes
1752 1166 1876 1220 mit-

270 1265 474 1330 tendite,
507 1264 598 1317 sed
632 1273 802 1333 potest
845 1262 964 1333 quis
1009 1261 1152 1316 domi
1200 1275 1421 1315 manens
1452 1259 1555 1314 hoc
1594 1258 1660 1312 ad
1691 1273 1750 1312 se
1777 1273 1870 1310 au-

273 1360 464 1414 xilium
527 1355 830 1420 attrahere,
880 1355 926 1410 si
983 1363 1187 1408 tantum
1244 1352 1480 1422 seipsum
1526 1352 1869 1420 scjungensa

273 1451 440 1505 rebus
490 1448 758 1514 humanis,
805 1446 880 1500 illi
909 1445 1022 1516 spei
1053 1443 1341 1505 adhaereat,
1370 1456 1626 1512 acresque
1663 1449 1716 1495 et
1748 1455 1870 1508 per-

271 1542 516 1613 Spicaees
544 1539 732 1594 oculos
762 1538 974 1601 habeat,
1003 1545 1057 1592 et
1082 1537 1188 1590 alta
1219 1535 1488 1603 respiciat.

355 1637 426 1690 Us
447 1633 641 1689 honuni
661 1631 872 1686 sublime
890 1630 1026 1684 dedit
1049 1627 1573 1696 Deus.—Propterea
1599 1623 1741 1679 enim
1771 1622 1873 1677 hoc

273 1730 450 1786 solum
504 1727 698 1782 animal
747 1725 886 1780 Deus
934 1731 1139 1779 rectum
1183 1720 1403 1786 creavit,
1448 1727 1506 1774 et
1548 1717 1728 1773 oculos
1751 1731 1872 1772 eor-

277 1821 426 1887 poris
455 1819 528 1873 illi
559 1819 612 1872 in
643 1817 752 1872 alto
781 1814 995 1879 locavit,
1041 1813 1242 1868 docens
1270 1811 1430 1866 etiam
1457 1826 1496 1864 a‘
1517 1809 1677 1864 rebus
1702 1809 1874 1863 sensi-

239 1962 249 1968 .
275 1910 475 1965 bilibus
500 1918 750 1979 oportere
775 1907 826 1962 in
855 1907 1019 1960 altum
1054 1906 1342 1974 respicere.
1387 1902 1571 1957 Solum
1598 1903 1739 1956 enim
1773 1902 1872 1954 hoc

273 2001 473 2056 animal
519 2003 604 2056 est
661 2001 735 2054 ita
783 1999 1117 2054 formatum:
1148 1995 1351 2064 reliqua
1395 2004 1573 2049 autem
1621 1992 1869 2048 animalia

270 2112 441 2167 prona
467 2103 615 2162 sunt,
643 2105 694 2150 ct
724 2103 920 2150 terram
946 2092 1197 2148 deorsum
1225 2091 1544 2162 despiciunt.
1577 2090 1673 2145 Hic
1691 2099 1868 2144 autem

273 2192 332 2245 in
360 2189 548 2246 eteium
579 2197 660 2243 est
687 2197 919 2253 erectus,
949 2195 1006 2242 ut
1032 2202 1151 2257 qua:
1175 2185 1285 2240 illic
1311 2193 1436 2240 sunt
1463 2183 1787 2249 consideret,
1817 2184 1868 2237 iit

275 2281 383 2336 Illis
412 2280 843 2352 philosophetur,
878 2279 962 2332 illa
991 2277 1357 2349 apprehendat
1385 2286 1440 2332 et
1467 2277 1651 2332 oculos
1677 2275 1870 2330 animae

270 2390 426 2430 acres
469 2373 684 2430 habeat.
717 2373 974 2440 Quocirca
1022 2371 1232 2427 dicebat
1274 2385 1485 2440 quoque
1526 2369 1738 2438 quidam
1786 2383 1872 2422 sa-

270 2469 448 2538 piens,
491 2465 748 2536 Sapientis
790 2465 924 2520 oculi
972 2465 1025 2519 in
1063 2464 1230 2534 capite
1268 2464 1380 2534 ejus
1418 2460 1616 2531 (Eccte.
1647 2462 1704 2516 2.
1757 2460 1865 2532 14),

273 2560 380 2614 hoc
424 2569 526 2619 est.
559 2558 813 2613 liberatus
851 2565 934 2612 est
960 2557 1028 2612 ab
1053 2555 1300 2612 omnibus
1343 2555 1538 2611 inﬁmis
1565 2555 1745 2620 rebus,
1774 2570 1870 2623 per

267 2653 462 2708 escium
503 2661 756 2722 vagatur,
804 2658 858 2704 ct
903 2648 1293 2719 contemplatur
1345 2646 1613 2702 sublimia.
1654 2647 1709 2701 5.
1750 2644 1865 2700 Non

268 2749 361 2801 des
386 2747 440 2801 in
484 2747 868 2800 commotionem
912 2743 1090 2814 pedem
1135 2752 1300 2807 tuum,
1352 2753 1513 2807 neque
1551 2736 1864 2792 dormitabit

267 2843 360 2911 qui
384 2841 602 2896 custodit
640 2849 704 2895 te.
757 2839 914 2893 Vides
942 2845 1192 2907 quantam
1219 2851 1248 2890 a
1278 2835 1430 2890 nobis
1457 2834 1620 2904 exigit
1642 2832 1868 2902 diligen-

275 2935 405 2987 tiam
437 2931 488 2985 id
519 2930 662 3000 quod
689 2928 927 2984 dicitur?
955 2927 1083 2995 Quia
1110 2927 1252 2982 enim
1281 2924 1462 2979 auxilii
1485 2924 1863 2987 meminerunt,

268 3032 330 3078 et
358 3036 644 3091 supernam
676 3035 833 3090 opem
880 3021 1147 3082 invocant,
1175 3016 1488 3070 adhortatur
1514 3024 1568 3070 et
1596 3013 1864 3078 consulit,

271 3115 380 3170 hoc
403 3113 784 3185 propemodum
816 3112 1001 3167 dicens
1029 3129 1042 3164 :
1073 3110 1129 3165 Si
1169 3111 1302 3166 velis
1329 3125 1447 3164 eam
1486 3109 1716 3178 assequi,
1747 3125 1866 3178 qua:

279 3217 375 3260 tua
401 3221 604 3276 quoque
628 3216 754 3260 sunt
777 3203 1044 3259 conferas.
1076 3202 1213 3270 Quid
1243 3211 1328 3257 est
1347 3210 1529 3256 autem
1556 3201 1698 3272 quod
1738 3217 1868 3256 cou-

275 3297 449 3354 suiit?
474 3298 607 3352 Audi
639 3315 652 3352 :
689 3295 810 3351 Non
839 3295 926 3350 des
969 3296 1022 3348 in
1060 3295 1442 3348 commotionem
1475 3293 1649 3364 pedem
1677 3303 1816 3347 tuuut
1847 3310 1867 3348 :

270 3391 376 3446 hoc
401 3399 503 3459 est,
527 3389 602 3445 Ne
632 3388 920 3460 dejiciaris,
947 3404 1016 3442 ne
1047 3387 1342 3457 prolabaris
1361 3427 1376 3452 ,
1406 3396 1460 3441 et
1491 3395 1617 3440 tune
1641 3386 1866 3441 habebis

270 3484 443 3540 Deum
465 3496 677 3536 manum
704 3480 1052 3550 praebentem,
1074 3493 1173 3534 nec
1201 3488 1252 3534 te
1266 3477 1747 3550 derelinquentem,
1771 3492 1868 3533 nec

269 3576 658 3630 demittentem.

343 3668 551 3722 Arbitrii
578 3667 735 3722 nostri
762 3666 984 3720 libertas.
1011 3694 1085 3705 —
1109 3665 1150 3718 A
1177 3663 1328 3718 nobis
1357 3663 1534 3733 itaque
1564 3673 1686 3718 sunt
1717 3663 1865 3732 prin-

268 3759 410 3830 cipia
458 3757 561 3830 (a),
605 3765 658 3813 et
686 3756 738 3811 id
783 3756 944 3811 situm
988 3767 1070 3810 est
1111 3755 1164 3809 in
1193 3763 1374 3809 nostra
1406 3761 1688 3824 potestate.
1731 3753 1866 3808 Cum

270 3867 402 3922 ergo
429 3850 480 3905 id
513 3851 566 3904 in
595 3859 777 3904 nostra
821 3854 1086 3918 potestate
1115 3845 1205 3910 sit,
1238 3845 1452 3916 quando
1477 3845 1726 3900 volumus
1761 3846 1868 3900 ali-

271 3944 401 4014 quid
449 3943 683 4014 assequi,
734 3948 946 4011 oportet
990 3955 1088 3994 nos
1131 3952 1343 4009 quoque
1389 3946 1572 3992 nostra
1623 3935 1869 3993 conferre

275 4037 375 4108 (ita
399 4039 540 4091 enim
562 4033 674 4088 vult
696 4031 855 4104 Deus)
882 4053 894 4088 :
917 4047 1034 4101 quae
1055 4039 1181 4085 sunt
1208 4044 1366 4099 parva
1393 4028 1606 4098 quidem
1635 4037 1691 4083 et
1717 4029 1863 4094 vilia,

271 4145 336 4184 ca
367 4137 542 4184 tamen
574 4143 670 4182 nos
698 4131 914 4196 oportet
938 4121 1204 4187 conferre,
1235 4136 1340 4176 non
1369 4120 1593 4186 otiosos,
1622 4135 1721 4175 nee
1744 4121 1869 4174 dor-

274 4222 548 4285 mitantes,
575 4235 683 4275 non
707 4225 1016 4281 stertentes,
1042 4230 1142 4270 nee
1165 4213 1404 4284 supinos,
1433 4211 1528 4268 sed
1554 4222 1858 4283 operantes,

272 4323 333 4370 et
356 4312 588 4368 studium
629 4309 947 4364 adhibentes
973 4305 1040 4361 ad
1086 4305 1309 4361 salutem
1340 4313 1599 4359 nostram.
1642 4304 1708 4358 Et
1749 4303 1869 4360 ideo

275 4405 557 4461 undecima
587 4417 797 4473 quoque
826 4400 956 4454 hora
987 4397 1246 4453 conduxit
1291 4395 1505 4467 (Matth.
1534 4394 1625 4450 20.
1661 4395 1742 4467 6).
1767 4396 1871 4450 Ta-

275 4496 435 4554 metsi
467 4495 722 4565 quidnam
756 4492 884 4546 tanti
928 4488 1185 4544 momenti
1229 4494 1383 4543 erant
1428 4487 1559 4541 hora
1591 4486 1870 4542 undecima

276 4589 514 4648 facturi?
540 4588 596 4643 Id
646 4587 872 4648 scilicet,
905 4593 961 4638 ut
1001 4582 1242 4654 operatio
1284 4589 1428 4635 esset
1454 4580 1534 4634 cis
1579 4579 1791 4634 occasio
1817 4587 1872 4634 et

279 4697 445 4738 causa
474 4694 810 4737 coronarum.
840 4676 910 4730 Et
955 4675 1074 4730 ideo
1097 4675 1228 4729 dicit
1260 4695 1271 4728 :
1307 4672 1430 4726 Non
1465 4672 1552 4726 des
1577 4672 1630 4725 in
1657 4687 1872 4726 commo-

281 4780 468 4832 tionem
497 4775 672 4846 pedem
701 4785 862 4838 tuum,
894 4786 1051 4841 neque
1096 4767 1387 4822 dormitabit
1420 4766 1507 4838 qui
1543 4765 1758 4820 custodit
1802 4775 1868 4820 te.

279 4871 342 4924 Si
373 4877 458 4923 tua
490 4865 801 4937 praebueris,
835 4879 954 4933 qua:
997 4869 1126 4916 sunt
1153 4860 1295 4916 illius
1321 4873 1533 4928 quoque
1559 4866 1867 4928 sequentur.

283 4962 365 5016 Bx
391 4959 492 5014 hoc
534 4958 586 5015 id
629 4970 842 5028 quoque
890 4951 1211 5016 ostenditur,
1258 4949 1399 5021 quod
1439 4950 1645 5005 etiamsi
1689 4959 1869 5004 nostra

276 5051 599 5117 aderamus,
655 5049 732 5103 sic
783 5057 958 5102 tamen
1025 5044 1141 5115 ejus
1192 5057 1405 5115 quoque
1451 5058 1668 5113 egemus
1719 5042 1871 5096 auxi-

280 5145 390 5210 lio,
418 5141 555 5198 utin
600 5147 713 5195 tuto
755 5137 945 5202 simus,
983 5145 1040 5189 ut
1086 5147 1398 5190 maneamus
1436 5132 1576 5186 ﬁrmi
1603 5141 1657 5186 et
1684 5132 1872 5186 immo-

279 5238 433 5294 biles.

354 5331 408 5385 2.
439 5329 630 5385 Pedem
667 5327 720 5380 in
745 5323 1128 5378 commotionem
1151 5320 1274 5373 dare
1300 5318 1422 5390 quid
1445 5335 1462 5383 ;
1500 5315 1873 5368 mundanorum

281 5439 452 5478 rerum
481 5418 805 5475 instabilitas.
838 5440 908 5454 -π-
936 5413 1068 5479 Quis
1109 5420 1190 5466 est
1219 5419 1394 5463 autem
1427 5408 1514 5476 qtti
1566 5407 1751 5476 pedem
1781 5404 1873 5459 dat

283 5520 340 5571 in
368 5509 822 5570 commotionem?
861 5507 960 5574 Qui
993 5518 1080 5559 res
1107 5503 1273 5556 ﬁuxas
1299 5509 1351 5557 et
1375 5499 1600 5553 caducas
1629 5497 1874 5568 aggredi-

346 5648 421 5714 (α)
441 5653 690 5714 ﬁscales
720 5643 1110 5714 chus-estortus
1147 5629 1872 5714 essetesse“tests-

346 5661 421 5714 (α)
445 5661 690 5759 ιιιῗῆὲιιῐθε
720 5661 1110 5754 μηῖδοδιυιιιυιιι
1151 5661 1228 5687 tut;
1257 5661 1655 5706 surrupere-sumo
1687 5661 1872 5704 comic.

277 5722 393 5765 meo
412 5711 488 5774 σία
574 5721 654 5758 em
771 5704 808 5756 ο
841 5697 1711 5774 meson-netzstﬁe:1s1=eta92_§!
1743 5705 1875 5774 951':-

279 5763 412 5836 cipio
433 5763 576 5837 parva
599 5776 652 5820 et
671 5767 795 5837 vilia_
814 5763 1079 5837 contulerit
1096 5800 1110 5822 ,
1136 5763 1316 5837 majora
1339 5763 1713 5837 assequut-ugtm
1729 5767 1872 5837 ﬁsse“.

281 5815 918 5899 inii-titewnegareﬁultiab
954 5815 1324 5899 ipsquprinciipio
1364 5815 1674 5869 nes'auxilio
1712 5815 1874 5864 divino

284 5886 654 5966 piari-ventrifne
681 5892 755 5942 his
777 5886 995 5956 pluribus
1015 5886 1146 5937 alibi.

1319 383 1324 386 ’
1367 403 1723 467 mensum
1764 407 1827 463 IN
1869 405 2185 465 essenon
2224 403 2383 465 cxx.

3447 393 3451 402 '
3472 407 3590 460 sar

1985 530 2090 586 tur,
2139 531 2192 576 et
2235 537 2460 592 quarum
2504 517 2648 576 basis
2678 522 2896 578 minime
2942 521 3090 576 ﬁrma
3135 521 3572 592 cst,cnjnsmodi

1981 624 2063 670 est
2089 630 2241 670 amor
2281 615 2537 685 pecunim,
2584 615 2882 686 cujusmodi
2913 627 2994 672 est
3034 615 3357 672 desiderium
3389 632 3573 672 earum

1982 723 2159 762 rerum
2185 723 2304 778 qua:
2324 709 2390 762 ad
2416 708 2552 763 hane
2582 710 2742 764 vitam
2768 710 3035 780 pertinent
3063 728 3075 764 ε
3105 719 3160 764 et
3181 709 3300 764 ideo
3329 710 3578 780 frequen-

1981 808 2062 850 lcr
2105 799 2487 854 subvertantur
2524 812 2577 854 et
2621 800 2895 866 decidunt,
2925 809 2981 856 et
3022 801 3089 856 de
3137 801 3298 856 rebus
3330 802 3577 856 maximis

1983 892 2277 959 periculum
2309 907 2453 962 strpe
2493 903 2674 946 creant
2722 893 2847 959 sibi,
2893 895 2982 963 qui
3023 894 3112 948 illa
3159 893 3451 959 possident.
3485 893 3576 948 me

1980 984 2123 1039 enim
2159 1000 2460 1055 numquam
2507 994 2635 1041 sunt
2681 987 2830 1041 ﬁrma
2885 1001 2948 1040 ac
2995 986 3225 1048 stabilia,
3275 996 3570 1056 numquam

1981 1077 2438 1139 sunt'immobilia,
2473 1077 2812 1148 sed'semper
2841 1086 3133 1142 mutantur,
3159 1077 3574 1132 transferuntur.

1980 1177 2034 1224 et
2073 1169 2240 1240 magis
2283 1186 2441 1239 quam
2471 1169 2662 1224 ﬂuctus
2709 1169 3104 1240 perturbantur,
3138 1184 3294 1239 quam
3334 1168 3576 1223 ﬂuviales

1982 1259 2138 1315 unda:
2182 1260 2339 1315 citius
2385 1270 2680 1327 transeunt,
2710 1277 2774 1316 ac
2801 1261 2989 1331 quavis
3027 1273 3188 1315 arena
3230 1259 3572 1314 imbecilliora

1979 1363 2122 1417 sunt",
2151 1363 2204 1409 et
2235 1355 2402 1424 magis
2419 1357 2705 1426 perlinunt.
2724 1356 2778 1409 4.
2809 1354 2942 1408 Ecce
2963 1371 3061 1408 non
3087 1353 3398 1419 dormitabit,
3417 1369 3573 1422 neque

1979 1445 2196 1499 dormiet
2223 1447 2305 1516 qui
2330 1449 2544 1501 custodit
2572 1445 2761 1501 Israel.
2791 1446 2846 1502 Si
2871 1456 2940 1510 le,
2977 1447 3166 1518 inqttit,
3202 1449 3271 1500 ita
3297 1462 3574 1514 compara-

1979 1540 2142 1604 veris,
2174 1538 2294 1593 Non
2324 1539 2632 1604 dormitabit,
2682 1557 2840 1610 neque
2883 1541 3118 1606 dormiet,
3171 1541 3271 1594 hoc
3317 1552 3419 1606 est,
3466 1557 3570 1595 non

1977 1629 2332 1701 derelinquet,
2362 1647 2467 1686 non
2496 1633 2656 1699 sinet,
2689 1648 2792 1686 non
2821 1632 3054 1688 dimittet
3080 1632 3280 1686 nudum
3307 1642 3361 1687 et
3384 1633 3572 1688 deser-

1981 1731 2111 1777 tum.
2148 1723 2259 1779 Hoc
2285 1735 2464 1779 autem
2498 1725 2685 1779 volens
2723 1725 3081 1791 subindiearc,
3113 1740 3220 1780 non
3250 1725 3346 1779 abs
3373 1741 3432 1779 re
3474 1741 3572 1794 po-

1977 1817 2084 1871 suit
2114 1815 2262 1881 iilud,
2313 1817 2412 1884 Qui
2455 1817 2673 1872 custodit
2719 1817 2906 1872 Israel.
2938 1818 3050 1873 Hoc
3079 1827 3162 1873 est
3207 1826 3385 1872 autem
3429 1818 3569 1887 quod

1977 1908 2108 1964 dicit
2143 1927 2156 1964 :
2186 1908 2240 1964 Si
2271 1907 2372 1963 hoc
2400 1919 2482 1963 est
2519 1909 2636 1979 ejus
2664 1917 2978 1980 perpetuum
3004 1925 3219 1978 munus,
3243 1917 3300 1964 ut
3326 1918 3402 1964 tot
3423 1918 3571 1964 retro

1975 2013 2099 2058 ante
2126 2003 2258 2058 actis
2283 2001 2513 2066 sazeuiis,
2542 2012 2593 2057 et
2624 2018 2651 2056 a
2685 2003 2789 2057 tuis
2817 2003 3107 2073 majoribus
3136 2013 3187 2058 te
3216 2003 3270 2058 in
3303 2013 3417 2058 tuto
3446 2005 3564 2058 eoi.

1978 2096 2136 2159 locet,
2166 2110 2197 2150 a
2227 2109 2324 2150 suo
2351 2109 2457 2149 non
2487 2093 2728 2149 discedet
2753 2093 2952 2160 ofﬁcio,
2975 2102 3030 2148 ct
3054 2093 3105 2148 id
3132 2094 3276 2164 quod
3293 2095 3572 2149 consuevit

1976 2186 2153 2242 facere
2201 2203 2307 2242 non
2336 2186 2570 2252 deseret,
2602 2185 2700 2240 nisi
2731 2195 2786 2240 tu
2831 2185 3044 2241 dederis
3074 2186 3126 2240 in
3154 2184 3567 2240 commotionem

1975 2281 2165 2350 pedem
2213 2289 2383 2334 tuum.
2414 2280 2598 2349 Neque
2625 2294 2754 2334 vero
2781 2279 2953 2333 solum
2984 2293 3089 2333 non
3118 2277 3350 2344 deseret,
3382 2277 3476 2332 sed
3517 2287 3568 2332 te

1973 2375 2135 2430 etiam
2164 2390 2284 2430 cum
2315 2389 2503 2444 magna
2525 2373 2809 2428 securitate
2826 2369 3097 2426 defendet.
3119 2371 3186 2425 Et
3205 2369 3325 2425 ideo
3342 2369 3565 2440 subjun-

1972 2467 2049 2537 git
2077 2466 2259 2522 dicens
2284 2488 2297 2523 :
2325 2467 2379 2520 4.
2414 2466 2662 2520 Dominus
2691 2465 2907 2520 custodit
2933 2475 3016 2529 te;
3052 2464 3300 2519 Dominus
3329 2464 3567 2534 protectio

1974 2569 2059 2613 tua
2088 2577 2240 2630 super
2265 2577 2469 2614 manum
2500 2560 2758 2614 dexteram
2786 2569 2945 2613 tuam.
2978 2559 3130 2614 Alius
3158 2556 3231 2628 (a)
3262 2567 3439 2612 autem
3470 2560 3563 2620 ait,

1972 2652 2054 2706 Ad
2077 2669 2285 2706 ntanum
2309 2653 2565 2707 dexteram
2590 2663 2746 2706 tuam.
2774 2652 2911 2716 Erit,
2938 2652 3123 2721 inquit,
3150 2650 3401 2707 defensor
3424 2659 3564 2714 tuus,

1971 2745 2205 2816 adjutor,
2229 2745 2532 2800 auxiliator.
2561 2744 2724 2800 Vides
2744 2744 3014 2814 quomodo
3037 2744 3122 2798 hic
3147 2758 3357 2814 quoque
3385 2751 3436 2797 te
3456 2745 3570 2797 vult

1973 2837 2025 2891 in
2070 2853 2235 2908 opere
2282 2836 2638 2892 exerceri?A
2686 2835 2996 2906 metaphora
3040 2843 3218 2890 autem
3249 2850 3435 2889 eorum
3478 2837 3566 2905 qui

1971 2937 2115 2984 stant
2139 2931 2190 2982 in
2217 2930 2353 2994 acie,
2383 2928 2544 2984 stabit
2573 2928 2640 2983 ad
2668 2943 2884 2982 manum
2912 2935 3054 2981 tuam
3083 2927 3381 2994 dexteram,
3410 2935 3468 2982 ut
3494 2929 3570 2980 sis

1971 3021 2419 3091 inexpugnabilis,
2467 3029 2525 3074 ut
2566 3021 2744 3090 gravis
2783 3034 2848 3074 ac
2891 3027 3163 3082 strenuus,
3210 3030 3268 3073 ut
3295 3019 3477 3075 valens
3514 3029 3570 3074 et

1973 3123 2182 3184 potens,
2203 3121 2262 3166 ut
2293 3122 2551 3182 tromeum
2579 3112 2774 3181 erigas,
2799 3121 2856 3167 ut
2884 3111 3082 3166 referas
3107 3110 3406 3178 victoriam,
3434 3127 3570 3181 quo-

1971 3207 2114 3261 niam
2147 3206 2233 3261 ilia
2264 3217 2343 3263 est
2373 3206 2625 3270 maxime,
2671 3221 2766 3274 per
2793 3220 2952 3276 qttam
2978 3205 3156 3259 omnia
3191 3205 3417 3276 agimus.
3451 3204 3564 3259 Non

1971 3298 2147 3354 solum
2176 3298 2267 3353 tibi
2302 3299 2539 3365 assistet,
2571 3305 2625 3352 et
2650 3297 2744 3352 tibi
2770 3312 2926 3367 Opem
2955 3295 3110 3364 feret,
3140 3296 3234 3351 sed
3261 3300 3421 3351 etiam
3445 3311 3568 3366 pro-

1974 3400 2133 3461 teget.
2184 3390 2382 3446 Iterum
2414 3392 2557 3455 dico,
2589 3405 2686 3460 per
2724 3406 2787 3445 ea
2833 3405 2954 3460 quae
2997 3399 3124 3444 sunt
3151 3389 3289 3459 apud
3325 3405 3441 3453 nos,
3474 3389 3565 3443 Dei

1970 3483 2227 3537 auxilium
2259 3484 2509 3553 exprimit
2543 3503 2556 3538 :
2586 3493 2641 3538 et
2684 3482 2935 3537 omnibus
2986 3483 3223 3537 numeris
3267 3483 3562 3537 absolutam

1971 3576 2291 3643 custodiam,
2343 3584 2400 3632 et
2455 3577 2688 3630 maxime
2743 3572 3100 3644 propinquum
3130 3573 3415 3638 auxilium,
3473 3589 3568 3642 per

1971 3666 2245 3722 dexteram
2287 3675 2342 3720 et
2371 3667 2756 3735 protectionem
2783 3663 3036 3719 ostendit.
3087 3663 3141 3718 6.
3174 3662 3279 3718 Per
3325 3664 3458 3716 diem
3487 3664 3566 3718 sat

1972 3776 2072 3813 non
2120 3767 2230 3811 uret
2278 3767 2341 3820 te,
2376 3773 2533 3822 neque
2584 3755 2706 3808 (una
2748 3771 2839 3825 per
2884 3763 3098 3807 noctem.
3133 3754 3198 3807 Et
3227 3752 3330 3808 hoc
3367 3754 3562 3808 factum

1973 3861 2054 3908 est
2080 3853 2095 3882 ‘
2128 3850 2341 3921 quando
2369 3847 2569 3918 egressi
2600 3855 2725 3902 sunt
2752 3862 2818 3900 ex
2849 3844 3106 3916 Egypto,
3133 3851 3190 3899 et
3215 3843 3482 3914 degebant
3510 3844 3563 3897 in

1973 3946 2282 4002 Solitudine.
2315 3943 2410 3999 llic
2437 3952 2616 3997 autem
2645 3940 2776 3996 dicit
2800 3954 3045 4011 magnam
3075 3939 3439 3994 securitatem.
3471 3937 3568 3992 Eat

1972 4046 2150 4092 autem
2169 4034 2480 4098 verisimile,
2505 4047 2600 4088 eos
2626 4034 2811 4098 etiam,
2839 4046 2958 4085 eum
2988 4039 3114 4084 tunc
3139 4029 3394 4093 redirent,
3425 4027 3566 4097 ejus-

1974 4129 2119 4185 modi
2150 4127 2364 4199 aliquod
2413 4125 2727 4182 miraculum
2775 4124 2938 4179 fuisse
2983 4121 3567 4194 consequutosaliqno

1974 4225 2082 4279 alio
2135 4223 2316 4278 modo.
2346 4220 2548 4276 Volens
2587 4235 2715 4290 ergo
2758 4219 2903 4290 large
2934 4227 2988 4272 et
3017 4217 3234 4288 copiose
3279 4215 3567 4271 ostendere

1974 4318 2092 4386 ejus
2119 4314 2505 4386 providentiam
2547 4312 2688 4384 quod
2741 4327 2846 4366 non
2887 4311 3058 4366 solum
3091 4309 3284 4364 liberet
3317 4323 3346 4361 a
3388 4308 3564 4368 malis.

1975 4409 2084 4464 imo
2127 4423 2194 4464 ne
2223 4423 2285 4464 ea
2314 4407 2531 4477 quidem
2562 4405 2699 4460 sinat
2730 4402 2957 4473 perpeti,
2981 4417 3100 4471 quin
3126 4399 3569 4456 solent-accidere

1978 4501 2305 4565 hominibus,
2351 4499 2455 4552 hoc
2503 4497 2795 4567 subjunxit.
2831 4496 2927 4550 Est
2966 4494 3110 4548 enim
3141 4493 3257 4563 ejus
3303 4492 3570 4547 auxiliiet

1975 4594 2142 4651 effusa
2169 4591 2548 4663 suppeditatio,
2577 4599 2632 4644 et
2657 4603 2776 4658 quae
2801 4586 2979 4643 verbis
3006 4585 3230 4655 exprimi
3262 4599 3367 4638 non
3393 4592 3569 4654 potest

1977 4687 2300 4758 benignitas,
2331 4701 2453 4755 quae
2498 4699 2604 4738 non
2653 4697 2756 4752 pro
2791 4680 2952 4736 modo
2992 4689 3190 4734 nostra:
3235 4677 3569 4732 necessitatis

1978 4799 2133 4837 suum
2168 4779 2370 4851 praebet
2397 4776 2676 4842 auxilium,
2707 4775 2800 4830 sed
2831 4771 3354 4829 rcnumerationibus
3387 4779 3565 4826 nostra

1977 4889 2190 4945 quoque
2218 4871 2485 4942 postulata
2531 4879 2770 4940 superat.
2804 4869 2856 4923 7.
2887 4866 3139 4920 Dominus
3164 4865 3406 4918 custodiet
3435 4873 3482 4916 te
3506 4865 3567 4916 ab

1978 4970 2115 5024 omni
2141 4967 2275 5021 malo
2300 4981 2318 5020 :
2346 4964 2589 5020 custodiet
2609 4963 2829 5016 animam
2851 4970 2992 5014 tuam
3013 4957 3283 5012 Dominus.
3304 4957 3403 5022 Qui
3425 4956 3565 5009 enim

1978 5078 2044 5116 nu
2077 5060 2192 5114 hzee
2217 5057 2434 5129 quidem
2479 5071 2645 5124 parva
2691 5053 2818 5108 sinit
2863 5051 2960 5105 tibi
2987 5050 3181 5104 aﬁ‘erre
3227 5047 3566 5108 molestiam,

1978 5153 2072 5207 Sed
2105 5166 2345 5220 eousque
2371 5147 2614 5204 extendit
2650 5160 2802 5200 suam
2832 5157 3016 5198 curam
3055 5149 3108 5195 et
3136 5135 3522 5208 providentiam
3549 5177 3564 5200 ,

1979 5246 2158 5301 uanilo-
2195 5245 2366 5314 magis
2412 5241 2608 5297 eilieiet
2652 5248 2708 5293 ut
2749 5236 2817 5290 ab
2848 5234 2970 5290 aliis
2991 5231 3280 5301 expugnari
3310 5244 3568 5299 nequeas.

1980 5337 2249 5408 Quidquid
2291 5335 2432 5390 enim
2484 5329 2686 5387 invadit
2724 5326 2934 5382 molesti
2974 5333 3030 5378 ct
3058 5319 3428 5391 aSperirecdit
3474 5318 3568 5373 Dei

1981 5431 2130 5487 nutui
2168 5449 2180 5484 :
2213 5443 2333 5500 qua:
2377 5427 2589 5495 quidem
2621 5437 2724 5476 non
2757 5419 2938 5474 insunt
2980 5413 3386 5470 inhontinibus.
3438 5412 3568 5467 Nam

1981 5525 2078 5577 etsi
2112 5537 2255 5590 szepe
2281 5520 2349 5572 ab
2383 5519 2482 5570 hoc
2511 5514 2648 5569 malo
2676 5507 3096 5574 liberaverit,.ab
3119 5507 3226 5561 alio
3250 5520 3355 5559 non
3382 5507 3571 5574 potuit,

1983 5617 2063 5672 vel
2093 5616 2137 5670 si
2184 5614 2372 5683 potuit,
2416 5609 2563 5664 certe
2606 5605 2812 5669 noluit;
2843 5618 3031 5657 verum
3060 5601 3151 5656 Dei
3184 5612 3374 5654 manus
3401 5596 3576 5652 valida

2052 5752 2064 5782 ³
2104 5745 2248 5799 savii.
2279 5759 2291 5795 :
2324 5750 2376 5794 Et
2399 5741 2525 5794 illud
2548 5751 2686 5791 omne
2704 5739 2900 5800 quando
2931 5739 3112 5798 factum
3145 5730 3263 5784 est?
3301 5732 3578 5793 interroga-

1983 5818 2100 5867 live,
2128 5825 2222 5860 non
2249 5807 2393 5857 male.

2049 5876 2121 5937 (a)
2157 5883 2268 5932 Quts
2292 5873 2352 5920 sit
2380 5870 2454 5919 hic
2479 5867 2724 5928 interpres
2747 5869 3012 5926 tgttorattu'.
