3956 6414
536 386 639 441 347
1217 385 1271 440 S.
1310 384 1587 439 JOANNIS
1615 382 2091 459 CllRYSOSTOMI‘
2126 382 2443 443 ARCHIEP.
2485 387 3017 451 CONSTANTINOP.
3676 412 3761 468 διδ

536 513 591 556 et
609 501 966 570 omnipotens,
994 499 1364 570 quodcumque
1393 501 1676 568 invaserit,
1711 500 1992 570 profligare
2023 515 2117 569 po—

547 595 689 659 terit,
715 603 768 648 et
795 603 845 650 te
874 593 1101 648 liberare
1125 591 1193 647 ab
1223 592 1488 648 omnibus.
1517 593 1572 648 8.
1605 591 1854 646 Dominus
1881 592 2123 648 custodiet

533 685 792 738 introitum
820 693 980 750 tuum,
1011 695 1060 738 et
1085 685 1272 739 exitum
1313 695 1480 740 tuum.
1503 683 1652 739 Alius
1679 684 1943 753 interpres
1971 685 2120 748 dicit,

536 776 802 835 Accessum
843 785 982 830 tuum
1025 775 1122 850 (a).
1158 776 1346 832 Vidisti
1378 776 1494 846 ejus
1525 786 1836 847 perpetuum
1868 777 2118 831 auxilium

539 869 732 938 ubique
776 869 984 935 adesse,
1031 869 1319 924 introeunti
1367 877 1422 923 et
1463 868 1723 924 exeunti?
1770 867 1904 934 Quid
1947 876 2116 937 potest

529 976 650 1016 cum
679 962 779 1018 hac
805 965 1028 1032 caritate
1052 961 1326 1017 conferri?
1357 961 1478 1030 quid
1507 977 1626 1016 cum
1678 959 1774 1015 hac
1799 961 2120 1020 clementia?

529 1054 625 1119 llic
663 1055 875 1123 quidem
934 1064 1082 1110 certe
1125 1070 1338 1108 omnem
1385 1054 1546 1109 vitam
1594 1053 1853 1123 significat
1886 1074 1899 1108 :
1935 1054 1988 1108 in
2035 1054 2116 1108 his

525 1147 672 1202 enim
717 1147 821 1200 vita
865 1148 1110 1202 universa
1156 1147 1418 1211 consistit,
1452 1161 1642 1215 nempe
1686 1146 1738 1200 in
1777 1146 2020 1215 ingressu
2063 1155 2118 1200 et

526 1238 693 1304 exitu.
741 1238 811 1293 Et
860 1247 920 1294 ut
967 1239 1019 1293 id
1065 1239 1300 1308 apertius
1344 1237 1642 1311 signiﬁcet,
1689 1238 1962 1308 snbjunxit
1991 1255 2004 1292 :
2037 1237 2116 1294 Ea:

531 1330 626 1384 hoc
652 1346 786 1385 nunc
820 1339 866 1384 et
905 1345 1062 1398 usque
1097 1331 1150 1384 in
1187 1331 1447 1386 sterulum.
1493 1330 1609 1385 Non
1653 1346 1776 1395 uno,
1808 1332 1996 1402 inquit,
2025 1340 2116 1385 aut

530 1417 762 1486 duobus,
805 1428 894 1473 aut
921 1419 1108 1483 tribus,
1139 1429 1229 1474 aut
1271 1421 1456 1476 decem
1476 1463 1492 1489 ,
1519 1431 1611 1476 aut
1638 1422 1839 1491 viginti,
1869 1431 1961 1474 aut
1983 1437 2107 1476 cen-

530 1519 642 1563 tum
690 1509 899 1578 diebus,
930 1509 1026 1566 sed
1058 1522 1354 1582 perpetuo:
1384 1511 1525 1584 quod
1570 1514 1782 1583 quidem
1831 1529 1933 1568 non
1978 1514 2114 1568 inest

525 1599 868 1672 hominibus;
898 1604 996 1660 sed
1033 1606 1214 1660 multa:
1254 1614 1378 1660 sunt
1421 1607 1756 1670 mutationes,
1805 1605 2112 1678 frequentes

526 1707 704 1762 Casus,
733 1705 789 1750 et
825 1697 1091 1752 continua:
1119 1697 1506 1752 vicissitudines
1539 1719 1550 1753 :
1581 1699 1671 1768 qui
1697 1698 1854 1756 hodie
1882 1699 2108 1766 amicus,

521 1798 641 1839 cras
662 1782 909 1842 inimicus
925 1796 1007 1842 est
1029 1803 1044 1844 :
1071 1787 1162 1858 qui
1179 1787 1336 1843 hodie
1355 1787 1460 1843 fert
1479 1803 1656 1859 opem,
1678 1804 1796 1844 cras
1819 1799 1869 1844 te
1889 1789 2110 1844 deserit.

522 1874 679 1944 Saepe
701 1880 878 1938 autem
917 1892 1024 1934 non
1052 1878 1224 1934 solum
1252 1878 1470 1946 deserit,
1510 1879 1607 1937 sed
1638 1880 1797 1936 etiam
1816 1891 2106 1954 oppugnat,

519 1975 572 2019 et
597 1966 876 2022 insidiatur
901 1970 1087 2040 quovis
1115 1969 1269 2025 hoste
1292 1972 1504 2040 gravius
1536 1989 1548 2024 :
1580 1971 1672 2032 sed
1701 1988 1819 2041 quae
1845 1972 1937 2028 Dei
1965 1982 2108 2041 sunt,

519 2065 735 2110 inanent
777 2057 1086 2123 immobilia,
1141 2069 1418 2129 perpetua,
1463 2060 1804 2127 immortalia,
1855 2061 2106 2132 stabilia,

518 2146 621 2200 line
646 2148 900 2203 carentia.
938 2149 1001 2204 Ut
1029 2165 1090 2206 ea
1121 2166 1247 2224 ergo
1272 2168 1640 2224 assequamur,
1671 2164 1852 2209 nostra
1899 2171 2110 2226 quoque

513 2237 815 2306 efferamus,
863 2248 922 2294 nt
966 2257 1158 2313 magna
1208 2245 1493 2308 securitate
1541 2245 1798 2314 fruamur,
1855 2253 1910 2301 et
1968 2245 2106 2301 bona

511 2326 689 2383 fntnra
737 2329 1093 2405 adipiscamur
1133 2334 1184 2388 in
1212 2334 1424 2390 Christo
1449 2335 1572 2390 Jesu
1630 2329 1854 2393 Demino
1882 2346 2065 2393 nostro
2087 2379 2103 2404 ,

514 2419 596 2473 cui
639 2420 805 2490 gloria
831 2421 880 2474 in
919 2424 1111 2488 sarcula
1135 2425 1470 2479 saeculorum.
1503 2429 1695 2480 Anien.

994 2573 1057 2625 ΙΝ
1087 2573 1211 2628 PSA
1221 2575 1412 2632 LMUM
1440 2576 1629 2632 CXXI.

515 2703 565 2756 ί.
602 2702 824 2766 Lanatus
874 2721 985 2766 sum
1014 2707 1066 2770 in
1095 2708 1192 2771 iis.
1222 2710 1311 2780 qui
1347 2710 1581 2774 dixerunt
1603 2712 1727 2766 mihi
1752 2755 1767 2779 ,
1807 2713 1858 2768 in
1895 2715 2102 2778 domum

1091 2796 1301 2852 Domini
1345 2800 1547 2864 ibimus.

581 2951 632 3002 1.
660 2951 730 3004 At
775 2967 916 3006 nunc
960 2953 1111 3008 inulti
1142 2954 1362 3010 verbum
1389 2971 1532 3028 aegre
1570 2956 1782 3016 ferunt:
1816 2970 1869 3017 et
1906 2963 1950 3017 si
1984 2963 2102 3033 quis

511 3043 576 3097 ad
605 3044 806 3100 circum
825 3085 851 3112 ,
875 3047 958 3101 vel
983 3046 1050 3102 ad
1079 3046 1285 3104 theatra
1312 3049 1604 3122 iniquitatis
1623 3055 1918 3111 ascendens
1939 3071 2099 3112 voca-

512 3135 680 3200 verit,
706 3137 856 3190 multi
883 3148 1208 3192 concurrunt
1233 3156 1245 3192 :
1274 3139 1370 3195 sed
1395 3141 1438 3195 si
1468 3141 1532 3196 ad
1557 3142 1774 3198 domum
1801 3148 2059 3202 orationis
2080 3189 2095 3212 ,

507 3226 656 3293 pauci
679 3235 843 3302 sunt,
881 3228 972 3297 qui
997 3243 1102 3283 non
1154 3238 1489 3287 cunctentur.
1519 3233 1588 3288 At
1613 3250 1717 3289 non
1763 3237 1842 3292 sic
1883 3236 2049 3291 Judaei
2081 3259 2095 3290 :

508 3331 613 3384 quo
640 3316 764 3385 quid
797 3318 964 3386 possit
992 3333 1112 3373 esse
1138 3321 1354 3390 gravius
1378 3363 1392 3386 ,
1423 3324 1636 3392 quando
1664 3325 1768 3380 illis
1819 3328 2094 3398 negligen-

508 3407 671 3462 tio‘res
699 3417 991 3463 cernuntur
1014 3408 1343 3464 Christiani?
1381 3411 1654 3467 Undenam
1685 3424 1862 3469 autem
1895 3415 2091 3471 factum

504 3507 581 3551 cst
599 3537 617 3561 ,
645 3507 702 3551 ut
727 3498 762 3551 ii
783 3507 964 3554 essent
985 3500 1154 3556 tales?
1179 3501 1381 3557 Rursus
1406 3503 1526 3558 dico
1550 3522 1562 3557 :
1586 3519 1616 3558 a
1638 3507 1946 3576 captivitate
1972 3508 2092 3562 facti

503 3597 628 3641 sunt
653 3588 924 3645 meliores.
957 3589 1095 3645 Hinc
1121 3591 1155 3645 ii
1187 3592 1275 3662 qui
1301 3599 1456 3647 antea
1488 3597 1815 3650 nauseabant
1837 3639 1850 3664 ,
1875 3607 1929 3652 et
1955 3607 2091 3652 tem-

506 3678 654 3748 plum
681 3679 894 3748 quidem
916 3722 934 3748 ,
962 3681 1370 3752 divinorumque
1399 3683 1732 3755 eloquiorum
1766 3689 2089 3744 auditionem

501 3771 868 3839 dimittebant,
895 3775 1101 3844 seipsos
1127 3786 1302 3830 autem
1325 3779 1592 3832 montibus
1611 3821 1626 3845 ,
1650 3781 1873 3835 saltibus
1896 3822 1908 3845 ,
1934 3782 2088 3837 colli-

503 3862 636 3928 bus,
667 3873 719 3918 et
749 3864 990 3936 plurimae
1021 3866 1277 3938 impietati
1325 3868 1622 3937 dedebant,
1654 3873 1722 3926 ab
1753 3873 1892 3928 illius
1915 3875 2088 3930 cultus

501 3953 768 4008 desiderio
792 3965 1096 4024 cessarunt,
1129 3965 1186 4012 et
1212 3958 1278 4013 ad
1305 3959 1442 4015 hanc
1471 3963 1876 4030 promissionem
1906 3964 2089 4021 incen-

501 4045 737 4110 duntur,
767 4048 1080 4116 euiguntur,
1114 4050 1450 4117 consistunt,
1498 4061 1552 4107 et
1596 4056 1774 4109 animo
1822 4057 2084 4112 laetantur.

499 4136 760 4203 Quintiani
796 4138 936 4192 enim
957 4138 1098 4194 fame
1127 4148 1183 4195 ct
1224 4141 1720 4199 siti'laboraverant
1745 4188 1758 4208 ,
1799 4163 1902 4201 non
1948 4146 2089 4205 fame

503 4229 680 4297 panis,
707 4239 760 4284 et
779 4229 864 4284 siti
886 4245 1038 4301 aquae
1057 4273 1072 4297 ,
1095 4232 1187 4287 sed
1207 4234 1458 4289 audiendi
1483 4237 1628 4291 verbi
1653 4239 1857 4294 Domini
1880 4245 2084 4312 (Amos.

499 4320 636 4377 8.“
659 4320 718 4392 ).:
750 4321 852 4377 hoc
879 4324 1140 4393 supplicio
1160 4325 1433 4396 castigati,
1457 4342 1577 4381 cum
1605 4331 1795 4396 majori
1821 4331 2087 4387 desiderio

498 4427 560 4467 ea
591 4414 868 4484 requirnnt
893 4430 922 4468 a
943 4415 1134 4484 quibus
1161 4417 1488 4473 exciderant.
1517 4419 1587 4473 Ita
1609 4421 1767 4476 etiam
1797 4423 1879 4478 vel
1911 4424 2084 4494 ipsum

497 4504 668 4558 solum
709 4505 1207 4575 amplectebantur,
1255 4507 1528 4575 dicentes,
1575 4509 1889 4567 Plaeuerunt
1932 4516 2086 4569 servis

497 4595 596 4648 tuis
617 4594 817 4660 lapides
834 4597 944 4667 ejus
965 4638 980 4663 ,
1005 4605 1051 4651 et
1079 4606 1225 4652 terrae
1236 4599 1350 4670 ejus
1373 4600 1737 4655 miserebantur
1758 4603 1931 4673 (Psal.
1958 4605 2053 4660 {0|
2069 4645 2082 4658 .

499 4684 568 4740 15
591 4682 614 4756 )
646 4702 661 4752 ;
690 4695 744 4740 et
782 4703 968 4742 rursus
990 4729 1006 4753 ,
1042 4689 1258 4755 Quando
1287 4692 1481 4745 ueniant
1505 4701 1552 4744 et
1577 4694 1830 4763 apparebo
1858 4705 1975 4750 ante
1999 4697 2082 4766 fa-

496 4775 624 4829 ciem
647 4775 742 4829 Dei
765 4777 945 4844 (Psal.
974 4779 1061 4833 41.
1087 4779 1141 4835 5.
1169 4789 1216 4832 et
1242 4781 1294 4834 7.
1317 4791 1365 4835 et
1389 4782 1440 4835 5.
1460 4781 1480 4852 )
1499 4781 1529 4835 ’ἐ
1549 4793 1602 4836 et
1632 4799 1818 4839 rursus
1841 4825 1856 4850 ,
1891 4784 2082 4840 Recor-

496 4868 657 4922 tlubor
678 4869 754 4923 tui
777 4870 838 4923 de
859 4862 992 4923 terra
1011 4870 1255 4925 Jordanis
1274 4881 1322 4926 et
1348 4871 1665 4928 Hermoniim
1684 4893 1720 4928 α
1738 4888 1903 4932 monte
1923 4879 2086 4932 modi-

495 4975 590 5024 co;
613 4969 668 5016 et
689 4974 878 5014 rursus
896 5001 912 5027 ,
936 4959 1065 5016 Hac
1087 4963 1325 5029 memini,
1347 4974 1394 5018 et
1415 4963 1571 5030 eﬂudi
1591 4984 1742 5036 super
1761 4985 1838 5023 me
1862 4970 2085 5024 animam

495 5067 678 5106 meam.
711 5051 974 5120 Quidnam
1003 5060 1182 5108 autem
1201 5095 1216 5118 ,
1246 5053 1332 5110 dic
1374 5055 1504 5110 mihi
1522 5095 1540 5122 ,
1585 5059 1910 5115 meministi?
1940 5060 2082 5126 Quo-

493 5143 631 5196 niam
656 5143 880 5197 transibo
900 5143 953 5196 in
978 5144 1148 5199 locum
1175 5146 1485 5201 tabemaculi
1505 5147 1818 5204 admirabilis
1837 5167 1994 5221 usque
2015 5153 2085 5206 ad

493 5234 701 5291 domum
723 5235 820 5291 Dei
843 5236 862 5308 (
884 5236 1032 5292 Psal.
1059 5239 1150 5293 41.
1181 5238 1216 5294 5
1232 5239 1274 5310 ).
1305 5239 1417 5294 Hoc
1442 5250 1556 5307 est,
1581 5240 1719 5308 Quia
1752 5245 1993 5300 transibo
2015 5247 2082 5303 ad

492 5325 716 5382 choreas
741 5343 804 5383 ac
825 5344 1044 5398 magnos
1063 5338 1357 5386 conventus
1378 5370 1399 5398 ,
1428 5339 1483 5386 et
1509 5332 1656 5387 illum
1687 5333 1778 5388 Dei
1801 5334 1999 5389 cultum
2021 5350 2084 5390 ac

492 5419 843 5473 ceremonias.
865 5420 920 5474 2.
948 5420 1158 5476 Stantes
1183 5430 1326 5476 erant
1352 5423 1508 5494 pedes
1529 5425 1687 5478 nostri
1712 5426 1770 5479 in
1786 5427 1930 5482 atriis
1959 5425 2078 5490 tuis,

490 5507 795 5565 Jemsalem.
807 5511 973 5578 Alius,
995 5513 1218 5569 Latatus
1235 5532 1352 5571 sum
1367 5533 1480 5570 cum
1497 5515 1720 5570 dicerent
1736 5518 1887 5585 milii,
1905 5517 1972 5572 In
1993 5519 2088 5573 da-

493 5614 630 5653 utum
659 5601 866 5657 Domini
896 5605 1136 5659 venimus.
1170 5607 1432 5662 Steterunt
1467 5609 1620 5679 pedes
1645 5612 1803 5665 nostri
1840 5613 1901 5666 in-
1941 5611 2090 5666 atriis

493 5693 629 5757 suis,
657 5691 962 5751 Jerusalem.
994 5695 1183 5752 Vidisti
1221 5699 1482 5769 insignem
1511 5701 1874 5770 voluptatem?
1897 5703 2091 5759 Perina

559 5803 637 5864 (a)
670 5799 817 5861 Cuius
838 5809 899 5857 sit
923 5807 1029 5856 htec
1052 5806 1389 5870 interpretatio
1411 5814 1650 5862 uescitur.

2232 500 2298 556 de
2324 519 2385 558 ac
2411 506 2454 559 si
2479 507 2636 566 rebus
2658 510 2785 580 ipsis
2808 512 3111 571 fruerentur
3130 559 3144 582 ,
3170 520 3248 574 vel
3269 520 3338 575 ad
3359 522 3465 590 ipsa
3489 525 3630 580 verba
3652 544 3757 596 gau-

2228 595 2423 652 debant
2443 641 2456 665 ,
2503 617 2696 671 magno
2721 603 2988 662 desiderio
3023 611 3400 680 amplectentes
3427 595 3758 675 orationisdw

2228 707 2371 746 mum
2399 704 2454 763 et
2481 695 2768 760 civitatem.

2298 783 2524 840 Privatio
2553 788 2799 844 bonorum
2841 809 3041 859 sensum
3077 811 3250 850 eorum
3296 798 3452 868 efﬁcit
3491 816 3624 870 quem
3665 821 3764 859 usus

2227 879 2422 947 fructus
2458 896 2558 933 non
2584 882 2839 951 efficiebat.
2872 915 2944 925 —-
2974 885 3047 939 Ita
3073 887 3213 946 Deus
3239 904 3452 960 semper
3478 891 3634 948 facere
3658 911 3757 956 con-

2224 970 2416 1024 suevit.
2459 970 2682 1037 Quando
2729 975 2870 1044 enim
2902 976 3041 1034 bona
3085 978 3338 1036 habentes
3375 997 3478 1035 non
3507 985 3756 1050 sentimus,

2223 1061 2366 1128 ejicit
2408 1078 2470 1118 ea
2499 1079 2529 1119 e
2559 1066 2752 1120 nostris
2787 1068 3062 1136 manibus,
3095 1079 3152 1124 ut
3195 1070 3246 1125 id
3275 1075 3416 1144 quod
3454 1073 3652 1130 efﬁcere
3674 1093 3756 1132 non

2226 1154 2393 1222 potuit
2413 1171 2541 1210 usus
2563 1156 2791 1225 fructus,
2821 1160 3016 1216 efliciat
3040 1161 3300 1231 privatio:
3330 1165 3469 1233 quod
3495 1166 3611 1235 ipsis
3631 1168 3763 1224 etiam.

2222 1246 2400 1299 evenit
2450 1249 2893 1317 amplectantibus
2943 1251 3244 1320 civitatem,
3298 1263 3458 1324 atque
3507 1258 3754 1326 templum,

2219 1339 2358 1404 quod
2406 1341 2626 1408 patriam
2659 1343 2988 1412 recepissent
3020 1360 3237 1414 magnas
3278 1350 3473 1417 gratias
3500 1351 3753 1422 agentibus.

2220 1430 2272 1484 5.
2302 1429 2589 1486 Jerusalem
2615 1451 2728 1504 qua:
2756 1435 3040 1504 aediﬁcatur
3069 1447 3123 1490 ut
3151 1437 3345 1492 ciuitas.
3388 1440 3563 1506 Alius,
3593 1441 3754 1510 (ﬁctiﬁ-

2218 1531 2383 1574 catam
2413 1533 2466 1576 ut
2491 1523 2760 1580 civitatem.
2793 1525 2890 1580 Vel
2920 1542 3049 1597 ergo
3074 1543 3138 1582 ex
3171 1529 3510 1602 Septuaginta
3537 1533 3754 1592 sententia

2218 1609 2319 1665 hoc
2347 1612 2446 1666 sibi
2475 1614 2619 1681 vult,
2643 1613 3016 1672 Ediﬁcabitur
3039 1617 3335 1676 Jerusalem
3365 1628 3423 1674 ut
3449 1620 3622 1676 civitas
3639 1661 3653 1688 ,
3674 1638 3758 1691 quo

2216 1703 2542 1774 signiﬁcatur
2565 1717 2772 1780 tempus
2795 1709 2937 1780 quod
2960 1712 3232 1780 praecessit
3248 1713 3636 1774 aediﬁcationem
3658 1731 3670 1779 ;
3693 1715 3754 1774 vel

2216 1805 2272 1848 nt
2305 1797 2417 1852 vult
2443 1797 2580 1850 alius
2603 1800 2866 1870 interpres
2891 1819 2904 1857 :
2937 1802 3256 1873 Recepimus
3281 1804 3570 1862 Jerusalem
3590 1846 3604 1872 ,
3632 1804 3755 1862 didi-

2215 1886 2418 1955 ﬁcatam
2444 1899 2496 1949 ut
2525 1890 2810 1957 civitatem,
2837 1909 2957 1963 qui?
2980 1895 3280 1965 signiﬁcant
3299 1913 3362 1953 ca
3393 1913 3509 1969 quae
3535 1908 3642 1969 post
3659 1914 3757 1968 cap-

2216 1977 2472 2034 tivitatem
2495 1980 2821 2038 acciderunt.
2854 1985 2987 2058 Quia
3012 1986 3153 2042 enim
3176 1996 3302 2042 tunc
3324 1999 3440 2044 erat
3461 1990 3663 2043 niaxima
3689 2005 3754 2042 so-

2215 2069 2380 2128 litudo
2401 2072 2629 2128 civitatis
2647 2113 2662 2138 ,
2684 2085 2902 2146 eratque
2933 2086 3057 2132 tunc
3081 2093 3306 2146 eversa;
3330 2080 3517 2138 dirutis
3544 2081 3758 2144 turribus,

2212 2172 2267 2217 et
2303 2164 2539 2234 disjectis
2567 2166 2868 2235 moenibus,
2895 2177 2950 2228 et
2974 2171 3170 2227 veteris
3200 2172 3388 2242 patriae
3416 2173 3579 2229 solum
3604 2188 3752 2228 mane-

2211 2254 2341 2313 bant
2369 2257 2646 2328 reliquizc:
2675 2273 2797 2314 cum
2823 2261 3024 2318 reversi
3051 2271 3231 2316 essent
3253 2271 3310 2318 et
3334 2263 3578 2320 vidissent
3603 2262 3748 2318 solitu-

2209 2345 2427 2412 dinem,
2458 2348 2730 2420 antiquam
2761 2352 3165 2424 prosperitatem
3206 2364 3460 2409 revocant
3500 2355 3550 2410 in
3587 2369 3750 2416 memo-

2212 2441 2343 2494 riam
2368 2480 2384 2506 ,
2413 2451 2466 2495 et
2493 2441 2610 2512 ejus
2635 2451 2854 2508 narrant
2878 2444 3118 2502 encomia
3134 2485 3154 2511 ,
3179 2444 3473 2502 referentes
3491 2489 3506 2514 ,
3530 2444 3756 2517 quomodo

2211 2547 2270 2587 ca
2304 2517 2448 2600 prius
2476 2535 2617 2594 clara
2656 2543 2713 2590 et
2748 2535 3002 2603 illustris,
3046 2553 3163 2608 quae
3206 2537 3439 2594 habebat
3479 2539 3747 2601 ecclesiam,

2209 2625 2474 2698 principes
2493 2668 2510 2692 ,
2533 2642 2707 2698 reges,
2731 2637 2785 2688 et
2815 2628 3110 2699 pontiﬁces,
3131 2637 3354 2701 eratque
3375 2630 3695 2700 pulcherrima
3711 2636 3749 2700 et

2211 2718 2366 2789 longe
2391 2719 2731 2780 ornatissima
2756 2762 2772 2787 ,
2803 2721 2870 2783 ad
2901 2731 3008 2784 tam
3037 2730 3242 2791 turpem
3275 2731 3332 2778 et
3359 2722 3634 2778 deformem
3657 2732 3750 2794 spe-

2207 2810 2342 2864 ciem
2371 2810 2583 2870 redacta
2613 2812 2701 2868 sit.
2732 2813 2886 2880 Quod
2913 2823 3086 2870 autem
3119 2815 3190 2868 ita
3231 2815 3342 2880 sit,
3386 2815 3505 2876 audi
3545 2829 3650 2883 quin
3681 2826 3746 2864 sc-

2206 2911 2438 2977 quuntur
2476 2921 2491 2958 :
2531 2893 2818 2958 Jerusalem
2849 2919 2963 2972 qua:
2999 2903 3285 2972 aediﬁcatur
3308 2913 3367 2959 ut
3413 2905 3595 2958 civitas.
3633 2903 3746 2956 Tunc

2205 2995 2349 3050 enim
2380 2995 2616 3057 nondum
2646 3003 2762 3052 erat
2782 2995 2984 3051 civitas.
3004 2996 3216 3053 Clarum
3239 3006 3326 3050 est
3344 3005 3517 3050 autem
3532 2995 3670 3050 etiam
3691 3008 3741 3044 et

2205 3102 2271 3142 eo
2300 3085 2441 3156 quod
2476 3085 2777 3156 subjungit:
2801 3084 2957 3156 Cujus
2991 3085 3314 3156 participatio
3348 3085 3746 3158 ejus'inidipsum.

2208 3178 2338 3232 Dicit
2369 3178 2511 3234 enim
2541 3178 2658 3247 ejus
2675 3176 2970 3247 frequentia
2997 3185 3051 3231 et
3080 3185 3189 3230 tuta
3210 3177 3455 3242 aediﬁcia,
3477 3176 3684 3244 nihilque
3707 3173 3742 3224 iu

2202 3284 2263 3322 ea
2284 3267 2448 3324 fuisse
2475 3267 2767 3336 desertum,
2787 3265 2880 3322 Sed
2908 3267 3052 3321 omni
3070 3282 3134 3322 ex
3151 3275 3302 3336 parte
3321 3267 3554 3328 densam.
3581 3264 3746 3333 perfec-

2203 3369 2308 3414 tam
2339 3367 2394 3414 et
2437 3358 2749 3430 populosam
2795 3358 2954 3414 fuisse
2995 3368 3120 3412 ante
3152 3358 3535 3427 captivitatem.
3559 3355 3621 3425 Et
3653 3351 3744 3406 ideo

2199 3452 2412 3522 quidam
2444 3452 2707 3527 interpres
2735 3453 2808 3523 (a)
2844 3450 3006 3519 dicit,
3038 3449 3140 3506 hoc
3182 3451 3519 3522 signiﬁcans,
3557 3445 3747 3516 Conjun-

2201 3547 2416 3600 ctionem
2445 3544 2651 3599 habens.
2685 3544 2887 3601 Deinde
2929 3554 3046 3614 post
3067 3543 3218 3609 illud,
3248 3545 3394 3599 aliud
3422 3556 3619 3614 quoque
3644 3536 3740 3592 dicit

2198 3637 2314 3706 ejus
2326 3637 2646 3694 encomiutn.
2661 3638 2713 3692 4.
2739 3634 2875 3691 Illuc
2902 3637 3038 3690 enim
3059 3636 3394 3694 ascenderunt
3417 3636 3584 3706 tribus,
3605 3632 3729 3687 tribus

2199 3727 2430 3795 Domini,
2478 3728 2814 3784 testimonium
2874 3726 3039 3794 Israel
3091 3727 3160 3782 ad
3204 3729 3546 3797 conﬁtendum
3589 3721 3744 3778 nomini

2198 3819 2426 3878 Domini.
2448 3821 2561 3882 lloc
2581 3823 2720 3877 enim
2745 3822 2974 3876 maxime
2995 3821 3284 3882 ornabatur
3308 3823 3524 3887 civitas;
3548 3833 3638 3873 non
3659 3825 3739 3868 tam

2199 3921 2416 3984 propter
2440 3912 2859 3986 magnitudinem
2883 3923 2937 3978 et
2959 3911 3182 3978 aediﬁcia
3201 3953 3217 3979 ,
3245 3928 3409 3982 quam
3431 3910 3564 3984 quod
3591 3919 3745 3964 omnes

2195 4005 2304 4059 illic
2323 3995 2797 4077 congregabantur,
2820 4021 2916 4060 ceu
2942 4015 3160 4062 senatus
3187 4005 3474 4062 haberetur
3491 4047 3504 4071 ,
3528 4019 3614 4059 seu
3635 4015 3738 4056 con-

2194 4097 2304 4161 cio,
2359 4112 2454 4152 seu
2495 4094 2563 4152 de
2591 4111 2651 4151 re
2677 4096 2850 4168 aliqua
2889 4092 3295 4151 deliberaretur.
3341 4097 3591 4164 Quoniam
3627 4091 3740 4146 enim

2195 4189 2301 4246 illic
2329 4197 2446 4252 erat
2475 4188 2727 4262 templum
2749 4175 2843 4255 ,ἐι
2881 4203 3069 4244 omnes
3098 4189 3208 4246 illic
3235 4189 3611 4262 peragebantur
3637 4183 3742 4238 ritus

2193 4295 2258 4338 ac
2283 4281 2636 4344 ceremonire;
2669 4279 2775 4344 illic
2800 4287 2954 4344 erant
2982 4279 3289 4335 sacerdotes
3308 4321 3322 4346 ,
3352 4287 3406 4335 et
3434 4278 3647 4342 Levita},
3675 4285 3740 4360 re-

2193 4373 2276 4442 gia
2299 4412 2315 4438 ,
2343 4369 2532 4443 adyta,
2565 4370 2823 4438 vestibula
2845 4410 2862 4438 ,
2890 4369 3147 4438 sacriﬁcia
3166 4411 3182 4434 ,
3211 4381 3264 4425 et
3293 4371 3459 4425 altare
3483 4410 3496 4434 ,
3529 4367 3644 4422 festa
3667 4377 3738 4415 ce-

2193 4464 2474 4533 lebresque
2501 4474 2793 4530 conventus
2817 4503 2832 4528 ,
2863 4476 3047 4532 preces
3078 4471 3131 4517 et
3149 4463 3433 4518 conciones
3453 4503 3468 4528 ,
3498 4471 3568 4525 et,
3598 4464 3647 4511 ut
3668 4467 3736 4507 sc-

2193 4553 2298 4610 mel
2327 4554 2534 4618 dicam,
2581 4552 2690 4622 illic
2729 4537 3053 4608 consistebat
3101 4561 3210 4620 tota
3253 4552 3421 4608 forma
3451 4547 3738 4622 reipnbil't‘si‘;

2191 4645 2471 4717 oportebat
2517 4644 2628 4700 illic
2657 4643 2823 4698 tribus
2853 4643 3085 4698 maxime
3111 4653 3192 4698 ter
3221 4643 3272 4697 in
3303 4658 3442 4696 anno
3480 4636 3669 4704 colligi,
3696 4632 3738 4685 in

2191 4736 2341 4798 festis
2385 4735 2612 4806 publicis
2650 4743 2704 4796 et
2742 4733 3101 4800 solemnibus,
3153 4733 3205 4788 in
3237 4732 3530 4797 Paschate,
3573 4729 3734 4782 Pente-

2189 4837 2338 4894 coste
2379 4838 2434 4891 et
2461 4827 2788 4900 Scenopegia
2809 4868 2824 4891 ,
2853 4842 2950 4894 ceu
2981 4826 3118 4881 festo
3165 4825 3630 4882 tabernaculorum.
3655 4815 3733 4869 Nc-

2190 4939 2295 4992 quc
2315 4923 2458 4979 enim
2488 4921 2678 4987 licebat
2701 4920 2849 4975 alibi.
2881 4920 2960 4975 Ad
2985 4921 3102 4992 ejus
3128 4935 3254 4990 ergo
3281 4917 3574 4975 encomium
3596 4909 3732 4965 dicit:

2191 5016 2326 5079 Illuc
2355 5018 2486 5072 enini
2516 5013 2848 5080 ascenderunt
2891 5013 3069 5068 tribus.
3095 5013 3162 5067 Et
3184 5014 3316 5067 alius
3334 5053 3349 5076 ,
3380 5010 3510 5066 Illuc
3534 4999 3734 5060 ascende-

2189 5120 2309 5166 runt
2349 5118 2564 5180 sceptra.
2606 5107 2721 5162 Non
2751 5107 2885 5161 dixit
2913 5116 3090 5160 autem
3139 5103 3502 5170 solummodo,
3548 5095 3732 5154 Tribus.

2191 5206 2283 5260 sed
2304 5244 2320 5270 ,
2348 5203 2528 5256 Tribus
2553 5200 2782 5255 Domini.
2805 5199 3004 5254 Omnes
3028 5199 3200 5254 tribus
3227 5208 3378 5253 erant
3407 5191 3628 5255 Domini,
3655 5197 3731 5240 nec

2192 5307 2368 5352 tamen
2397 5296 2475 5351 eis
2519 5293 2639 5349 ideo
2669 5293 2861 5348 licebat
2888 5292 3003 5347 hinc
3033 5291 3086 5346 in
3133 5308 3230 5346 sua
3273 5290 3438 5363 patria
3485 5288 3734 5358 peragere.

2190 5391 2285 5446 sed
2312 5404 2378 5445 eo
2423 5389 2627 5444 honore
2663 5387 2850 5442 aﬁecta
2896 5396 3011 5441 erat
3049 5382 3390 5456 metropolis,
3433 5394 3543 5452 quae
3576 5381 3735 5430 omnes

2189 5480 2412 5550 cogebat
2435 5489 2490 5536 et
2513 5477 2812 5536 attrahebat
2836 5476 2902 5533 ad
2929 5477 3180 5548 seipsam.
3244 5473 3250 5479 ’
3679 5555 3705 5566 υ

2260 5573 2321 5630 2.,
2355 5572 2457 5628 Cur
2483 5572 2814 5643 Jerosolymis
2834 5571 2997 5626 solum
3023 5571 3331 5640 sacrificare,
3359 5581 3516 5629 orare,
3545 5570 3660 5620 etc,
3677 5557 3728 5609 li-

2263 5819 2334 5880 (a)
2359 5819 2704 5881 Symmachus.
