3956 6408
155 452 267 510 849

157 569 341 628 cebat;
374 564 621 634 festorum
656 569 701 613 et
749 567 1077 614 conuentunm
1125 558 1349 622 utilitas;
1375 559 1428 612 in
1469 557 1754 612 Jerusalem

159 653 482 726 principatus
513 651 724 722 duplex,
743 651 1059 705 sacerdotum
1077 657 1124 704 et
1151 665 1421 721 regum.—
1436 649 1548 704 Hoc
1574 660 1754 704 autem

160 748 362 815 ﬁebat,
402 755 461 802 ut
499 743 554 800 id
598 745 678 799 eis
710 752 855 798 esset
895 756 1053 797 causa
1097 741 1189 797 Dei
1226 741 1573 812 cognitionis,
1612 754 1681 795 ne
1709 740 1754 795 si

151 852 569 913 quoquoversus
603 845 940 908 vagarentur,
978 833 1190 915 qecasio
1229 841 1531 889 sumeretur
1566 832 1754 901 viaque

160 933 467 989 muniretur
483 929 548 985 ad
568 929 770 985 cultum
792 927 1214 982 simulacrorum.
1233 924 1300 979 Et
1327 924 1448 979 ideo
1466 923 1572 978 illic
1586 923 1753 978 sacri-

161 1028 351 1091 ﬁcare,
382 1025 488 1080 illic
507 1037 684 1087 orare,
715 1020 822 1074 illic
841 1018 1146 1082 convenire,
1168 1016 1388 1087 diesque
1411 1016 1574 1071 festos
1597 1014 1755 1086 jussit

166 1133 454 1190 peragere,
482 1115 584 1171 loci
613 1112 868 1184 angustiis
891 1112 1226 1166 aberrantem
1266 1125 1450 1165 eorum
1481 1117 1712 1164 mentem
1731 1147 1748 1172 ,

164 1221 218 1267 et
243 1211 315 1265 ad
343 1209 670 1278 impietatem
700 1203 1004 1260 tendentem
1024 1243 1040 1266 ,
1065 1216 1321 1258 coercens
1340 1233 1366 1268 ,λ
1385 1199 1660 1256 refrenans
1697 1205 1752 1256 et

161 1301 482 1370 reprimens.
509 1295 661 1366 Quod
689 1294 904 1366 quidem
934 1294 1047 1364 ipse
1073 1307 1284 1364 quoque
1311 1292 1637 1364 signiﬁcans,
1664 1291 1749 1346 di-

160 1393 320 1449 cebat
345 1409 360 1446 :
390 1389 570 1444 Tribus
613 1385 846 1453 Domini,
875 1384 1215 1439 testimonium
1250 1381 1434 1438 Israel.
1465 1381 1602 1450 Quid
1627 1391 1708 1437 est
1731 1422 1746 1449 ,

159 1481 524 1539 Testimonium
566 1477 773 1534 Israel?
800 1475 1183 1532 Testimonium
1227 1473 1514 1528 maximum
1536 1511 1553 1540 ,
1589 1486 1748 1542 argu-

157 1587 424 1644 mentum,
451 1573 696 1646 probatio
720 1571 814 1627 Dei
845 1568 1220 1640 providentiae,
1251 1576 1308 1621 ut
1332 1566 1474 1622 nulla
1503 1567 1632 1636 ipsis
1659 1580 1748 1620 re-

155 1670 432 1740 linquatur
455 1665 726 1723 excusatio
764 1663 808 1719 si
855 1661 1192 1726 desciscant,
1228 1659 1274 1715 si
1301 1659 1533 1714 resiliant
1555 1699 1570 1725 ,
1602 1667 1656 1713 et
1681 1656 1748 1713 ad

153 1760 445 1817 simulacra
479 1755 804 1826 confugiant.
833 1753 961 1823 Ejus
989 1752 1132 1808 enim
1160 1751 1529 1821 providentiae,
1553 1759 1747 1820 poten-

157 1856 271 1915 tiae,
302 1850 577 1921 sapientiai
615 1847 719 1903 hoc
755 1856 871 1902 erat
895 1858 1264 1916 argumentum
1296 1843 1607 1898 maximum.
1636 1840 1747 1898 illic

156 1947 302 2003 enim
330 1943 616 2014 legebatur
640 1941 728 1996 lex
755 1955 872 2010 qua:
900 1953 1080 1995 rerum
1123 1938 1248 1993 olim
1275 1935 1528 2008 praeclare
1565 1943 1748 2007 gesta-

155 2054 276 2094 rum
301 2046 355 2092 et
376 2036 613 2091 historiae
635 2032 940 2089 continebat
969 2031 1349 2086 narrationem.
1372 2029 1480 2084 Illic
1498 2029 1657 2085 etiam
1676 2026 1746 2083 ad

154 2134 436 2187 caritatem
472 2123 1160 2195 constringebantur,dum
1201 2124 1341 2177 inter
1381 2137 1441 2177 se
1489 2120 1747 2176 baberent

153 2221 619 2278 c0nsuetudiuem.
649 2220 778 2288 Quae
804 2219 945 2274 enim
977 2216 1379 2273 celebrabantur
1409 2215 1560 2280 festa,
1585 2222 1642 2268 ut
1666 2214 1747 2268 in-

157 2326 240 2371 ter
275 2330 336 2370 se
371 2311 821 2384 congrederentur
845 2324 1001 2365 causa
1025 2317 1177 2363 erant
1201 2348 1217 2373 ,
1245 2322 1308 2361 ac
1337 2305 1508 2376 major
1538 2314 1741 2372 metus,

155 2406 336 2462 vivida
367 2405 556 2476 pietas,
583 2413 639 2458 et
664 2403 764 2458 alia
791 2403 929 2457 bona
957 2402 1233 2456 innumera
1258 2415 1323 2455 ex
1347 2415 1412 2454 eo
1439 2397 1744 2469 proﬁcisce-

153 2502 352 2556 bantur
371 2539 387 2562 ,
411 2495 554 2568 quod
579 2495 738 2552 simul
770 2496 820 2548 in
851 2493 1062 2550 civitate
1091 2492 1456 2548 convenirent.
1484 2491 1566 2544 Ad
1584 2491 1743 2560 con/i-

155 2596 363 2650 tendum
392 2591 582 2646 nomini
609 2589 837 2644 Domini.
869 2589 979 2643 Iloc
1007 2595 1108 2654 est,
1136 2587 1204 2642 ad
1232 2585 1430 2658 gratias
1469 2584 1700 2656 agendas
1724 2625 1740 2652 ,

154 2690 221 2745 ad
250 2687 533 2744 colendum
558 2727 572 2750 ,
598 2683 857 2738 orandum
878 2723 892 2746 ,
920 2681 1274 2746 oll‘erendum,
1301 2679 1705 2734 sacriﬁcandum
1723 2719 1740 2745 ,

154 2795 272 2850 qua:
307 2781 452 2848 ipsos
476 2775 740 2832 ducebant
773 2774 838 2828 ad
867 2774 1146 2843 pietatem,
1176 2782 1227 2828 et
1257 2786 1440 2828 eorum
1469 2771 1741 2840 religionis

153 2873 488 2942 disciplinam
517 2869 764 2923 tutiorem
790 2866 1112 2922 elliciehant.
1136 2867 1188 2921 5.
1213 2866 1348 2933 Quia
1374 2865 1480 2919 illic
1507 2863 1742 2919 sederunt

155 2965 294 3020 sedes
331 2964 385 3017 in
420 2961 702 3034 judicium,
729 2959 870 3014 sedes
915 2975 1066 3028 super
1114 2957 1319 3011 domum
1367 2955 1554 3010 David.
1602 2955 1742 3010 Ecce

153 3058 284 3112 dicit
309 3057 468 3112 etiam
509 3054 668 3108 aliam
694 3053 921 3108 civitatis
950 3050 1342 3106 excellentiam.
1375 3050 1629 3115 Quaenam
1676 3063 1740 3102 ea

152 3149 280 3204 est?
305 3146 455 3214 Quod
501 3145 608 3200 illic
646 3146 717 3198 sit
759 3143 922 3213 regia.
954 3141 1064 3196 Iloc
1103 3141 1244 3195 enim
1288 3139 1388 3194 sibi
1417 3139 1530 3192 vult
1575 3137 1737 3203 illud,

160 3238 420 3307 Quoniam
442 3235 540 3290 illic
567 3235 802 3289 sederunt
845 3233 985 3287 sedes
1020 3233 1074 3285 in
1106 3231 1361 3303 judicium
1381 3270 1395 3295 ,
1421 3230 1562 3284 sedes
1588 3245 1742 3298 super

153 3333 364 3386 domum
393 3328 569 3383 David.
601 3328 771 3396 Alius,
800 3325 990 3380 Dontus
1019 3324 1180 3378 David
1209 3322 1309 3394 (α).
1340 3323 1452 3378 11110
1475 3322 1616 3378 enim
1643 3321 1743 3375 du-

153 3427 275 3496 plex
325 3434 438 3478 erat
483 3422 806 3492 principatus
829 3459 844 3484 ,
877 3417 1213 3473 sacerdotum
1265 3426 1319 3470 et
1356 3431 1558 3486 regum,
1589 3413 1740 3484 quasi

151 3514 366 3570 vinculo
388 3514 726 3583 conjunctus,
743 3525 862 3566 cum
890 3510 1049 3565 veluti
1073 3507 1298 3578 quadam
1320 3507 1516 3577 duplici
1541 3521 1741 3562 corona

149 3615 208 3661 et
249 3604 551 3660 diademate
594 3612 876 3659 ornaretur
901 3601 1089 3656 civitas
1119 3615 1212 3670 per
1253 3599 1368 3653 lucc
1404 3598 1603 3652 omnia.
1633 3597 1742 3653 Illic

146 3699 356 3769 jndices
381 3738 396 3761 ,
423 3696 489 3750 ad
536 3709 670 3765 quos
701 3710 821 3765 qua:
859 3693 1146 3747 multorum
1176 3699 1386 3761 captum
1417 3689 1744 3759 superabant

152 3790 540 3846 referebantur.
572 3787 628 3843 Si
656 3802 757 3858 qua
788 3786 928 3841 enim
951 3786 1056 3840 lata
1082 3792 1226 3841 esset
1251 3783 1512 3838 sententia
1543 3782 1596 3836 in
1623 3781 1741 3836 aliis

150 3883 478 3948 civitatibus,
508 3883 575 3938 de
601 3898 702 3952 qua
732 3882 1082 3947 dubitaretur,
1113 3888 1170 3933 ut
1194 3877 1373 3934 evenit
1416 3877 1468 3931 in
1510 3875 1743 3945 appella-

153 3979 388 4033 tionibus
407 4017 423 4043 ,
452 3975 515 4030 ad
539 3975 773 4045 judicum
803 3974 893 4043 qui
921 3985 1074 4028 erant
1102 3969 1449 4041 Jerosolymis
1477 3967 1739 4038 cognitio-

149 4085 299 4134 nem,
332 4066 647 4122 sententiam
675 4063 978 4119 referebant
1007 4080 1020 4114 :
1051 4061 1161 4115 illic
1181 4069 1358 4114 autem
1383 4057 1743 4128 accipiebatur

149 4163 370 4218 solutio.
406 4160 510 4215 Sed
552 4165 705 4214 erant
741 4157 954 4227 quidem
1002 4158 1216 4224 antiqua
1265 4150 1570 4221 bujusmodi
1599 4167 1615 4204 :
1647 4149 1743 4204 ho-

149 4256 340 4310 dierna
362 4266 488 4307 vero
507 4259 632 4306 sunt
661 4249 742 4305 bis
768 4248 937 4302 multo
957 4247 1222 4316 graviora.
1249 4245 1342 4300 Est
1364 4244 1506 4299 enim
1535 4257 1742 4298 summa

150 4345 409 4412 solitudo,
429 4343 839 4408 ruina,eversio,
867 4339 1230 4410 conﬂagratio,
1255 4352 1438 4408 paucae
1461 4335 1742 4391 domorum

151 4439 398 4510 reliquiae
420 4438 584 4493 tristis
599 4445 653 4491 et
675 4433 993 4490 miserabilis
1013 4433 1239 4502 Species,
1259 4439 1314 4486 et
1327 4445 1447 4501 qua:
1461 4430 1633 4484 solum
1658 4427 1747 4482 Ita-

149 4535 248 4588 Iiet
275 4532 659 4587 monimentum
680 4571 696 4596 ,
713 4539 768 4585 et
793 4529 1018 4583 obscura
1039 4525 1283 4597 quandam
1305 4524 1523 4596 vestigia
1553 4522 1746 4594 prioris

153 4625 449 4684 felicitatis.
483 4623 743 4692 Quocirca
785 4636 893 4676 non
937 4618 1208 4675 concludit
1249 4620 1544 4674 orationem
1586 4617 1746 4672 rebus

151 4719 374 4777 miseris
397 4725 451 4772 et
480 4715 736 4781 tristibus,
764 4712 858 4768 sed
891 4712 956 4767 ad
989 4710 1248 4767 Izetiorem
1278 4725 1427 4780 spem
1459 4723 1550 4762 eos
1583 4705 1746 4762 redu-

148 4815 231 4871 cit
268 4812 470 4873 dicens,
498 4809 549 4864 6.
578 4808 772 4880 Regale
812 4823 924 4878 qua:
959 4806 1028 4859 ad
1077 4821 1250 4874 pacem
1288 4812 1404 4858 sunt
1439 4801 1744 4856 Jerusalem.

148 4905 297 4976 Quid
327 4913 440 4966 est,
472 4901 665 4974 Rogata
690 4917 804 4973 qua:
829 4901 896 4954 ad
935 4915 1110 4970 pacem
1138 4907 1253 4952 sunt
1276 4895 1561 4950 Jerusalem
1579 4895 1605 4948 Ρ
1643 4893 1748 4948 Pro

147 5012 226 5054 co
253 4995 394 5066 quod
420 5003 529 5059 est,
574 4992 742 5048 Petite
769 5000 820 5046 et
859 4991 1138 5061 postulate.
1171 4988 1320 5043 Alius
1349 4985 1423 5058 (b)
1452 4993 1630 5040 autem
1664 4983 1750 5038 di-

150 5090 259 5152 cit,
285 5085 692 5156 Amplectimini,
731 5094 823 5138 aut
864 5083 1096 5138 Salutate
1136 5079 1443 5134 Jerusalem.
1477 5078 1589 5132 Hoc
1625 5085 1708 5131 est
1730 5115 1746 5142 ,

151 5161 366 5248 [togate
385 5187 444 5233 ut
463 5193 526 5231 ea
553 5176 735 5231 redeat
760 5175 814 5229 in
842 5174 1120 5243 pristinam
1144 5171 1570 5242 prosperitatem,
1603 5177 1661 5222 ut
1683 5168 1749 5222 li-

153 5273 378 5328 Iseretur
420 5284 450 5322 a
489 5267 642 5323 bellis
680 5266 1068 5335 frequentibus,
1093 5265 1150 5319 ut
1175 5265 1427 5332 deinceps
1466 5261 1751 5316 securitate

152 5363 388 5419 fruatur.
417 5358 507 5415 Vel
545 5359 646 5414 hoc
668 5373 798 5428 ergo
821 5356 984 5417 dicit.
1009 5355 1092 5411 vel
1131 5355 1386 5426 pra-dicit.
1420 5353 1614 5424 Regale
1639 5367 1754 5423 qua:

153 5453 228 5510 ad
257 5470 432 5525 pacem
474 5462 590 5505 sunt
623 5449 928 5506 Jerusalem.
963 5449 1076 5504 Iloc
1101 5457 1217 5514 est,
1260 5447 1367 5502 Pax
1400 5445 1450 5501 ei
1479 5444 1747 5501 succedet.

221 5678 298 5741 (a)
343 5673 540 5738 Supple,
564 5671 724 5724 throni
746 5670 917 5722 domus
941 5668 1114 5720 David.
1139 5669 1374 5719 Hebraeus
1390 5675 1554 5718 autem
1577 5671 1756 5721 nunc:

157 5775 248 5825 τη
281 5745 418 5826 m5
448 5783 462 5818 :
496 5765 621 5816 solio
658 5764 824 5815 donati
862 5759 1016 5813 David
1036 5800 1049 5819 ,
1099 5761 1180 5810 vel
1216 5763 1384 5811 domus
1433 5757 1604 5809 David.
1648 5765 1757 5809 Haec

158 5840 502 5903 interpretatio
524 5839 697 5887 omissa
719 5835 810 5885 fuit
833 5836 880 5884 in
905 5833 1134 5903 ngxaplis
1157 5834 1350 5882 nostris.

227 5896 309 5964 tu)"
336 5904 418 5952 ilic
440 5907 604 5951 autem
630 5907 706 5950 est
727 5896 1050 5962 Symlnachua.

1264 441 1626 502 EXPOSITIO
1663 442 1731 500 IN
1769 443 2095 503 PSALMUM
2132 446 2320 503 CXXI.

3347 449 3452 505 550

1865 557 1933 613 Et
1954 559 2269 615 abundantia
2297 561 2616 630 diligentibus
2647 571 2710 616 te.
2737 562 2884 618 Alius
2908 604 2924 629 ,
2948 565 3230 630 Quiescent.
3260 563 3410 619 Alius
3430 605 3446 626 ,

1859 647 2114 718 Prospere
2152 662 2308 722 agant
2347 652 2435 723 qui
2469 662 2516 705 te
2543 652 2778 723 diligunt.
2810 654 2908 710 IIic
2946 664 3028 710 est
3058 671 3248 725 magna
3293 658 3446 726 copia

1859 741 2257 810 prosperitatis,
2289 743 2501 812 quando
2544 759 2649 796 non
2695 744 2746 797 in
2788 759 2849 799 ea
2885 745 3058 800 solum
3095 745 3232 800 bona
3266 747 3446 802 cousi-

1859 841 2027 898 stunt,
2058 832 2153 887 sed
2179 834 2337 888 etiam
2365 834 2453 904 qui
2482 849 2598 889 eam
2624 835 2850 907 diligunt
2888 837 2953 892 iis
2987 836 3234 893 fruuntttr
3261 854 3277 892 :
3304 838 3445 910 qund

1858 924 2072 994 quidem
2128 925 2185 980 in
2241 925 2503 995 prioribus
2547 928 2873 997 temporibus
2913 943 3067 983 secus
3121 928 3300 983 ﬁebat.
3342 929 3444 996 Qui

1857 1029 1977 1069 eam
2000 1015 2143 1070 enim
2163 1015 2290 1070 odio
2314 1015 2602 1081 habebant,
2619 1026 2674 1072 et
2689 1018 3078 1088 oppugnabant,
3098 1019 3131 1073 ii
3155 1019 3443 1089 plurimum

1857 1115 2123 1175 poterant,
2154 1116 2210 1162 et
2259 1115 2412 1162 erant
2449 1107 2568 1162 aliis
2609 1107 2885 1174 clariores,
2927 1117 2982 1163 et
3023 1124 3145 1163 cum
3195 1110 3445 1166 facilitate

1857 1205 2057 1268 tropaea
2080 1197 2375 1270 erigebant.
2408 1200 2479 1253 At
2515 1214 2656 1254 nunc
2693 1199 2729 1254 ti
2755 1199 2845 1270 qui
2874 1208 2925 1255 te
2957 1199 3212 1270 diligunt,
3245 1199 3297 1253 in
3327 1215 3443 1253 ma-

1853 1304 1956 1360 gna
1980 1291 2455 1346 eruntsecuritate.
2479 1289 2580 1358 Qui
2611 1301 2808 1356 tecum,
2838 1291 3028 1361 inquit,
3044 1290 3230 1346 iisdem
3253 1299 3442 1346 tenen-

1855 1390 1942 1437 tur
1971 1383 2332 1439 munimentis.
2367 1384 2469 1438 Eos
2497 1393 2676 1438 autem
2703 1383 2937 1454 dieitqui
2965 1384 3046 1439 vel
3077 1391 3228 1439 erant
3256 1397 3442 1438 eorum

1853 1473 2046 1530 fauturi
2069 1475 2327 1544 partibus,
2361 1474 2443 1530 vel
2478 1475 2638 1529 etiam
2668 1475 2812 1544 ipsos
2841 1474 3004 1530 cives.
3035 1475 3087 1528 7.
3119 1473 3240 1528 Fiat
3265 1491 3368 1544 pan:
3389 1474 3444 1528 in

1851 1567 2034 1621 uirtute
2060 1578 2165 1621 tua.
2196 1567 2346 1622 Alius
2373 1567 2518 1632 dicit,
2543 1565 2609 1620 In
2630 1567 3013 1638 propugnaculo
3042 1576 3128 1621 tuo
3149 1566 3244 1639 (α).
3267 1568 3438 1632 Alius,

1851 1654 1920 1712 In
1944 1659 2134 1712 ambitu
2166 1668 2270 1712 tuo.
2299 1657 2436 1726 Quid
2467 1668 2548 1712 est
2567 1700 2581 1722 ,
2608 1657 2674 1712 In
2693 1659 2875 1712 virtute
2896 1660 3023 1713 tua?
3051 1657 3107 1713 In
3145 1658 3440 1714 substantia

1851 1756 1960 1815 tua,
1987 1748 2042 1802 in
2064 1749 2128 1803 iis
2154 1749 2243 1820 qui
2272 1750 2323 1803 in
2345 1758 2395 1804 te
2421 1748 2680 1812 habitant,
2709 1748 2762 1803 in
2788 1753 3138 1819 proineritate
3165 1760 3272 1804 tua.
3297 1750 3440 1814 Qun-

1849 1840 1992 1894 niam
2022 1841 2164 1895 enim
2195 1841 2392 1896 bellum
2421 1855 2508 1895 res
2533 1850 2615 1896 est
2635 1841 2859 1896 exitiosa
2879 1883 2894 1906 .
2928 1842 3086 1914 idque
3109 1858 3227 1898 eam
3256 1844 3436 1914 perdi-

1847 1931 1947 1996 dit,
1977 1932 2025 1988 ei
2051 1947 2236 2003 pacem
2264 1940 2529 2002 precatur.
2547 1930 2618 1985 Et
2644 1931 2957 1986 abundantia
2985 1934 3040 1986 in
3069 1933 3288 1987 turribus
3319 1934 3434 1988 tuis.

1847 2021 1999 2078 Alius
2039 2023 2186 2090 dicit,
2214 2022 2280 2077 In
2300 2024 2451 2094 regiis
2472 2024 2568 2078 tuis
2599 2023 2692 2094 (b).
2720 2024 2895 2091 Alius,
2922 2025 3247 2078 Jucunditas.
3268 2028 3433 2089 Alius,

1851 2113 2024 2180 Quies.
2059 2115 2175 2170 Non
2213 2117 2386 2170 solum
2420 2115 2563 2171 enim
2597 2115 2837 2186 praedicit
2864 2116 3091 2172 futuram
3119 2131 3150 2171 a
3190 2117 3342 2170 malis
3371 2117 3437 2170 li-

1847 2204 2178 2262 berationem
2201 2248 2217 2276 ,
2255 2208 2346 2262 sed
2377 2207 2536 2262 etiam
2568 2207 3033 2262 innumerabilium
3063 2207 3322 2264 bonorum
3348 2223 3438 2262 ac-

1846 2297 2177 2366 cessionem,
2214 2312 2394 2368 pacem
2420 2340 2436 2366 ,
2467 2298 2870 2366 abundantiam,
2917 2299 3265 2354 fertilitatem.
3298 2299 3434 2366 Quid

1846 2389 1988 2444 enim
2013 2388 2163 2459 juvat
2198 2405 2296 2459 pax
2318 2432 2331 2452 ,
2357 2389 2568 2461 quando
2597 2391 2648 2444 in
2675 2397 3009 2461 paupertate,
3036 2389 3175 2445 fame
3200 2401 3254 2446 et
3281 2407 3436 2446 men-

1846 2480 2062 2536 dicitate
2085 2481 2312 2536 vivunt?
2331 2482 2456 2552 quid
2485 2489 2660 2536 autem
2683 2482 2834 2551 juvat
2857 2481 3201 2541 abundantia.
3221 2482 3435 2552 quando

1844 2571 2041 2627 bellum
2079 2573 2314 2644 ingruit?
2352 2575 2418 2629 Et
2453 2573 2576 2627 ideo
2605 2575 2684 2629 eis
2721 2581 2943 2644 utraque
2984 2573 3099 2629 haec
3143 2574 3278 2629 bona
3321 2575 3436 2631 fore

1846 2666 2106 2735 prmdicit,
2142 2677 2200 2721 ut
2226 2668 2304 2722 eis
2323 2667 2464 2722 adsit
2486 2667 2830 2742 abundantia,
2861 2678 2916 2723 et
2942 2682 3036 2738 per
3056 2682 3238 2738 pacem
3257 2684 3320 2724 ea
3351 2686 3437 2726 se-

1845 2771 1972 2812 cure
2013 2756 2272 2812 fruantur.
2305 2759 2359 2814 8.
2402 2757 2622 2828 Propter
2658 2763 2843 2830 fratres
2886 2775 3052 2823 meos,
3094 2767 3143 2812 et
3181 2761 3436 2828 proximos

1844 2863 1997 2901 meos.
2023 2848 2116 2903 Vel
2145 2849 2350 2904 vicinos
2372 2848 2520 2914 dicit,
2543 2849 2633 2919 qui
2653 2859 2837 2902 eorum
2859 2863 2986 2902 casu
3014 2848 3172 2902 laetati
3196 2847 3430 2914 fuerunt,

1844 2949 1900 2994 et
1923 2950 2071 3010 optat
2091 2950 2146 2995 ut
2169 2943 2258 2996 fiat
2284 2956 2408 3012 pax,
2431 2951 2488 2995 ut
2513 2941 2586 2996 illi
2612 2955 2824 3012 quoque
2852 2941 3235 3010 deprimantur,
3267 2952 3320 2996 et
3340 2957 3432 2996 co-

1844 3041 2106 3101 gnoscant
2157 3031 2250 3086 Dei
2294 3032 2582 3101 potentiam
2614 3049 2627 3083 :
2656 3031 2740 3085 vel
2780 3031 2971 3085 fratres
3011 3045 3106 3084 eos
3148 3031 3309 3097 dicit,
3343 3033 3433 3102 qni

1842 3123 2110 3180 civitatem
2159 3124 2472 3178 inhabitant.
2508 3123 2730 3192 I’mpter
2774 3123 2966 3176 fratres
3011 3135 3141 3190 ergo
3184 3136 3336 3177 meos
3381 3133 3436 3177 et

1843 3217 2115 3286 proximos
2145 3230 2293 3270 meos
2321 3229 2454 3285 rogo
2495 3223 2553 3268 ut
2593 3215 2682 3268 ﬁat
2711 3228 2834 3282 pax,
2864 3222 2924 3268 ut
2965 3213 3049 3267 vel
3097 3213 3307 3269 tandem
3347 3229 3436 3270 re-

1843 3310 2083 3380 spirent,
2115 3317 2394 3378 postquam
2433 3304 2824 3361 calamitatibus
2849 3303 2970 3360 facti
3001 3313 3126 3360 sunt
3160 3306 3432 3362 meliores.

1842 3400 2107 3472 Loqttebar
2137 3417 2310 3470 pacem
2347 3401 2409 3454 de
2443 3410 2509 3454 lc.
2537 3399 2590 3455 9.
2617 3398 2834 3469 Propter
2863 3398 3069 3453 domum
3105 3396 3312 3452 Domini
3338 3397 3438 3454 Dei

1844 3495 2023 3562 nostri,
2051 3494 2254 3565 quaesivi
2283 3493 2416 3547 bona
2450 3493 2558 3546 tibi.
2589 3493 2741 3546 Alius
2767 3491 2914 3558 dicit,
2948 3490 3152 3562 Loquar
3181 3508 3356 3564 pacem
3382 3494 3434 3547 in

1845 3599 1910 3643 te.
1942 3588 2203 3656 Quoniam
2245 3587 2422 3653 dixit,
2457 3585 2677 3656 Propter
2698 3586 2880 3654 fratres
2919 3600 3058 3639 meos
3094 3593 3144 3638 et
3177 3586 3435 3653 proximos

1844 3697 1996 3746 meos,
2031 3679 2319 3736 ostendens
2357 3693 2418 3733 se
2457 3677 2558 3732 hoc
2586 3691 2692 3730 non
2722 3675 2926 3746 precari
2969 3683 3187 3744 prouter
3223 3673 3434 3730 illorum

1845 3773 2116 3836 meritum,
2151 3770 2244 3826 sed
2271 3777 2330 3824 ut
2355 3769 2472 3824 illos
2503 3767 2691 3836 majori
2723 3764 2987 3820 beneﬁcio
3011 3764 3272 3831 afﬁceret,
3299 3765 3426 3820 sub-

1840 3863 2037 3934 junxit,
2072 3861 2294 3932 PrOpter
2321 3861 2530 3914 dontnm
2570 3857 2671 3912 Dei
2714 3856 2894 3911 nostri.
2923 3855 3034 3911 Iloc
3071 3864 3188 3923 est,
3215 3855 3445 3926 PrOptcr

1844 3955 2066 4027 gloriam
2093 3954 2211 4024 ejus
2253 3960 2381 4022 opto
2415 3965 2633 4021 pacem,
2659 3956 2719 4003 ut
2755 3947 2873 4016 ejus
2913 3946 3089 4001 cultus
3129 3961 3316 4002 rursus
3355 3963 3439 4000 re--

1845 4047 1999 4112 deat,
2028 4053 2084 4100 et
2121 4044 2362 4098 doctrina
2391 4053 2665 4111 augeatur.
2700 4039 2804 4093 Alii
2831 4037 2972 4092 enim
3005 4046 3244 4105 tentpore
3272 4038 3439 4107 capti-

1846 4137 2025 4192 vitatis
2049 4137 2158 4192 nati
2186 4143 2341 4199 sunt;
2371 4133 2458 4188 alii
2485 4147 2613 4186 vero
2639 4131 2854 4186 fuerunt
2876 4137 3041 4184 testes
3069 4135 3124 4183 ct
3149 4127 3440 4184 descensus

1847 4239 1902 4286 et
1929 4228 2151 4284 reditus.
2183 4227 2278 4283 Dei
2307 4235 2484 4280 autem
2507 4223 2652 4280 cultu
2681 4231 2898 4293 peracto
2925 4220 3040 4275 ha‘e
3062 4219 3241 4275 omnia
3266 4220 3441 4276 disce-

1847 4323 1976 4380 bant
1999 4337 2030 4376 a
2061 4318 2386 4384 senioribus,
2414 4318 2558 4372 illam
2580 4315 2705 4370 olim
2728 4328 2916 4370 eorum
2944 4310 3271 4374 felicitatem,
3293 4311 3440 4388 quod

1848 4430 1971 4470 cum
2002 4421 2079 4469 tot
2115 4411 2278 4468 rebus
2305 4407 2554 4465 secundis
2578 4415 2876 4470 uterentur,
2910 4403 2974 4458 iis
2997 4402 3316 4458 exciderint.
3347 4400 3440 4456 Vi-

1848 4505 1946 4562 des
1965 4503 2238 4576 quomodo
2264 4515 2451 4558 eorum
2482 4497 2725 4568 reprimit
2759 4494 3134 4564 arrogantiam,
3163 4492 3442 4548 neexisti-

1850 4605 1999 4653 ment
2033 4611 2095 4652 se
2135 4595 2272 4650 bona
2303 4592 2591 4662 recepisse,
2623 4597 2678 4642 ut
2705 4587 2796 4659 qui
2823 4586 2952 4641 satis
2978 4599 3254 4656 pmnarum
3279 4584 3444 4641 dede.

1851 4691 1988 4754 rint,
2015 4687 2310 4744 sed‘sciant
2348 4698 2408 4739 se
2449 4689 2664 4753 propter
2692 4679 2782 4734 Dei
2815 4677 3040 4748 gloriam
3069 4677 3120 4731 in
3157 4689 3309 4731 suam
3342 4690 3438 4746 pa-

1853 4782 2010 4837 triam
2040 4792 2290 4835 reversos
2315 4790 2454 4838 esse,
2484 4782 2537 4828 et
2557 4787 2678 4827 eum
2711 4769 2760 4825 id
2782 4768 3087 4833 didicerint,
3111 4765 3359 4822 maneant
3391 4768 3443 4822 in

1853 4887 2059 4930 summa
2096 4869 2403 4927 securitate.
2437 4882 2504 4921 ne
2531 4871 2812 4936 peccantes
2837 4860 3025 4917 eadem
3063 4874 3250 4916 rursus
3283 4872 3446 4929 expe~

1854 4965 2061 5021 riantur
2080 4963 2104 5017 ἲ

1929 5055 2146 5112 Muralis
2182 5052 2486 5108 exhortatio.
2514 5078 2587 5090 —-—
2616 5047 2742 5103 11ωο
2765 5061 2893 5117 ergo
2938 5060 3037 5100 nos
3073 5058 3287 5115 quoque
3325 5057 3445 5097 cum

1855 5151 2087 5206 sciamus
2105 5186 2122 5214 ,
2153 5145 2383 5198 maxime
2408 5141 2624 5212 quidem
2647 5153 2868 5209 operam
2895 5135 3246 5190 adhibeamus
3273 5148 3343 5188 ne
3367 5133 3447 5188 Ia-

1858 5243 2048 5297 bamnr
2076 5256 2089 5293 :
2122 5237 2217 5293 sed
2257 5237 2300 5292 si
2342 5238 2394 5289 in
2439 5242 2656 5305 peccata
2702 5229 3023 5300 quandoque
3062 5225 3404 5282 incidet-imus
3427 5265 3447 5293 ,

1857 5334 2168 5389 studeatnus
2193 5327 2437 5384 celeriter
2465 5337 2762 5391 resurgere,
2787 5328 2981 5375 etnon
3021 5319 3073 5372 in
3107 5317 3282 5387 priora
3309 5317 3451 5372 reci-

1859 5428 2012 5493 dere,
2035 5441 2100 5480 ne
2126 5439 2187 5479 ea
2221 5421 2498 5475 audiamus
2528 5431 2648 5486 qua:
2684 5413 2897 5468 fuerunt
2941 5410 3083 5465 dicta
3119 5409 3446 5481 paralytico,

1861 5521 1995 5576 Ecce
2017 5533 2170 5574 sanus
2199 5519 2366 5586 factus
2392 5527 2465 5577 es,
2493 5507 2597 5562 noli
2621 5505 2839 5576 amplius
2868 5517 3092 5574 peccare,
3123 5515 3188 5555 ne
3211 5500 3334 5570 quid
3359 5501 3450 5552 de-

1926 5698 2003 5764 (a)
2017 5706 2146 5772 ,ιιωο
2165 5690 2528 5772 interpretatioo
2538 5686 2688 5772 cujus:
2802 5682 3052 5745 ignoratur
3077 5693 3090 5728 :
3118 5689 3337 5741 sequens
3371 5689 3452 5725 au-

1863 5745 2262 5820 “Erginum
2283 5745 2380 5812 tuo,
2409 5758 2488 5820 est
2506 5745 2803 5820 Symmachi:

1927 5799 2508 5887 lib'tia'éé'iiitééﬁiémn
2530 5799 2608 5882 est
2620 5803 2891 5887 ﬁrmitatem
2929 5802 3198 5855 secundum
3237 5799 3456 5851 Theudo-

1868 5869 2518 5942 retumiﬁctetcrze'qnorum
2542 5875 2638 5924 sint
2661 5869 2916 5920 nescitam.
