3956 6402
601 437 695 492 5ῃί
1299 428 1355 480 s.
1398 427 1675 483 JO.\.\'NIS
1712 424 2190 483 cnnvsosrom
2231 425 2548 482 AllClllltP.
2587 429 3124 488 consummes
3712 446 3796 502 an

597 546 752 603 teritis
775 542 860 599 tibi
887 545 1142 612 contingat
1171 537 1351 607 (Joan.
1384 542 1440 595 5.
1473 541 1581 611 ιι).
1616 540 1903 608 Propterea
1931 539 2074 594 enim
2105 538 2183 592 sic

600 640 752 704 dixit,
775 647 829 693 et
850 638 1017 692 bonos
1035 635 1235 690 docens
1263 642 1321 688 ut
1343 634 1594 688 virtutem
1624 645 1814 687 secure
1841 638 2182 694 conservent,

599 739 652 784 et
678 727 769 799 qui
797 727 1088 783 liberantur
1110 740 1140 780 a
1168 723 1416 794 peccatis,
1449 724 1501 778 in
1527 723 1726 792 Optima
1757 720 2051 779 mutatione
2075 736 2188 774 ms.

601 826 794 886 neant,
833 828 890 875 ut
919 833 1109 875 omnes
1147 817 1505 874 communiter
1541 816 1680 870 bona
1719 815 1954 871 caelestia
1991 829 2185 874 conse-

597 918 828 980 quentur
857 926 870 963 :
898 910 1093 984 quibus
1122 907 1280 962 detur
1305 906 1461 963 nobis
1486 905 1735 961 omnibus
1765 905 1866 960 frui
1891 945 1906 970 .
1936 905 2104 975 gratis
2133 911 2187 962 et

601 1002 925 1074 benignitate
971 1001 1177 1057 Domini
1206 1000 1374 1056 nostri
1401 999 1529 1054 Jesu
1559 997 1789 1064 Christi,
1819 997 1905 1052 cui
1931 996 2100 1068 gloria
2132 1003 2188 1050 et

601 1094 835 1163 potentia
860 1093 913 1148 in
935 1091 1131 1148 saecula
1159 1092 1498 1146 saeculorum.
1526 1090 1715 1144 Amen.

1055 1223 1118 1278 IN
1157 1221 1478 1278 PSALMUM
1515 1220 1728 1276 CXXII.

638 1340 688 1394 l.
729 1339 809 1397 Ad
839 1348 884 1390 te
912 1337 1068 1396 levavi
1095 1335 1264 1394 oculos
1291 1351 1444 1400 meos,
1475 1351 1558 1404 qui
1587 1332 1781 1388 habitas
1810 1333 1862 1385 in
1892 1333 2018 1390 calo
2043 1331 2144 1402 (a).

672 1449 834 1508 Vides
882 1449 1074 1518 ubique
1120 1446 1378 1514 cti'ulgens
1411 1445 1732 1515 captivitatis
1777 1444 2006 1500 lucrum.
2052 1443 2184 1506 Nam

602 1540 690 1608 qui
715 1539 1060 1602 saecularibus
1096 1547 1250 1593 erant
1279 1537 1435 1593 rebus
1473 1535 1641 1601 affixi,
1671 1545 1724 1594 et
1755 1537 1988 1607 Assyriis
2013 1535 2184 1607 μεως-

602 1631 830 1701 ptiisque
854 1629 1111 1696 lidebant,
1146 1642 1354 1688 necnon
1381 1641 1656 1681 murorum
1684 1625 1906 1684 ambitui
1934 1637 1990 1682 et
2025 1640 2188 1696 pecu-

602 1724 810 1779 niarum
837 1721 1037 1793 copim,
1067 1719 1134 1777 ab
1181 1719 1284 1774 illis
1323 1719 1568 1773 omnibus
1602 1731 1723 1774 sese
1764 1718 2073 1780 avellentes,
2117 1717 2186 1778 ad

603 1815 852 1874 invictam
880 1828 1097 1874 manum
1123 1811 1452 1882 confugiunt,
1474 1810 1544 1866 ab
1563 1810 1653 1864 illa
1681 1826 1777 1880 spe
1807 1801 2078 1881 pendent;
2100 1819 2188 1872 at.

600 1923 705 1978 que
732 1906 942 1966 excelsa
986 1904 1230 1963 instructi
1274 1911 1454 1960 mente
1481 1942 1496 1967 ,
1529 1917 1560 1960 a
1593 1903 1821 1958 terrenis
1857 1901 2057 1966 avulsi;
2089 1916 2188 1964 nec

602 1999 854 2070 templum
877 2013 974 2069 pro
1012 2012 1163 2062 more
1190 1996 1339 2052 adire
1362 1995 1604 2054 valentes
1629 2037 1643 2062 ,
1673 1995 1814 2064 quod
1857 1995 2185 2056 deatruetutn

600 2093 810 2161 fuerat,
849 2106 882 2147 a
907 2091 1040 2152 caelo
1075 2092 1240 2154 Deum
1283 2089 1496 2148 tandem
1526 2089 1794 2150 invocant.
1825 2089 1881 2145 in
1926 2091 2061 2148 caelo
2086 2105 2185 2148 auo

601 2197 706 2243 tem
733 2183 975 2248 habitare
999 2183 1195 2244 dicitur
1221 2199 1238 2250 ;
1266 2197 1374 2242 non
1410 2182 1563 2254 quasi
1602 2183 1720 2238 loco
1751 2183 2187 2254 circumscriptus

597 2277 668 2337 sit
691 2319 706 2351 ,
733 2276 874 2338 absit
903 2295 916 2332 :
950 2277 1066 2346 ipse
1098 2277 1295 2353 quippe
1335 2275 1515 2333 omnia
1561 2275 1782 2346 implet;
1810 2275 1905 2336 sed
1939 2276 2090 2346 quasi
2130 2277 2187 2333 in

598 2368 905 2430 caelestibus
931 2366 1034 2422 illis
1059 2365 1410 2436 potestatibus
1431 2365 1670 2436 quiescat
1699 2374 1754 2424 et
1782 2376 2033 2433 maneat;
2062 2382 2186 2428 nam

599 2461 796 2517 dicitur
819 2462 979 2518 etiam
1005 2461 1058 2516 in
1089 2459 1393 2518 hominibus
1413 2458 1653 2516 habitare
1678 2477 1691 2514 :
1719 2459 2024 2518 Inhabitabo
2052 2461 2187 2516 enim

597 2553 652 2611 in
695 2554 819 2621 illis,
845 2562 893 2611 et
929 2553 1251 2612 inambulabo
1279 2553 1356 2623 (2.
1380 2550 1498 2608 Cor.
1533 2553 1586 2611 6.
1619 2552 1730 2622 l6).
1759 2552 1893 2608 Cum
1930 2554 2088 2622 igitur
2130 2555 2186 2610 in

601 2644 943 2706 barbarorum
969 2645 1184 2715 regione
1207 2645 1464 2715 deserent
1485 2685 1502 2711 ,
1527 2661 1635 2703 non
1661 2644 1914 2702 mediocri
1945 2645 2187 2710 doctrina

600 2736 787 2794 imbuti
810 2746 964 2802 sunt;
996 2751 1063 2792 eo
1093 2735 1237 2807 quod
1261 2737 1471 2794 scilicet
1493 2753 1523 2792 a
1547 2739 1668 2794 vitae
1689 2738 1985 2794 commodis
2009 2738 2187 2794 omni-

599 2828 699 2890 bus
726 2829 1044 2895 sequestrati
1069 2835 1283 2896 essent,
1315 2827 1726 2898 diseerentque,
1757 2829 1951 2898 ubique
1983 2831 2147 2884 Deum
2167 2872 2183 2897 ,

595 2920 640 2976 si
672 2920 946 2979 invocetur
968 2963 984 2985 ,
1017 2919 1169 2979 facile
1197 2921 1442 2990 precibus
1479 2936 1737 2978 annuere.
1765 2921 1898 2989 Quia
1927 2922 2068 2978 enim
2106 2921 2189 2976 fu-

595 3022 770 3072 turum
796 3020 930 3076 erat,
961 3019 1017 3067 nt
1059 3013 1182 3068 novi
1212 3011 1336 3069 vitae
1363 3010 1587 3068 instituti
1630 3011 1809 3066 radius
1831 3012 2047 3066 demum
2081 3013 2186 3066 ori-

598 3111 744 3161 retur
767 3143 782 3168 ,
809 3101 996 3171 incipit
1025 3103 1280 3172 propheta
1313 3118 1434 3172 quae
1479 3101 1655 3160 futura
1701 3112 1854 3159 erant
1900 3105 2184 3173 attingere,

597 3194 835 3253 locorum
861 3194 1285 3251 observationem
1316 3195 1514 3250 sensim
1553 3205 1605 3249 et
1651 3196 1800 3265 quasi
1835 3211 1928 3263 per
1959 3197 2184 3266 :rnigma

598 3283 816 3345 solvens
843 3285 1162 3354 tollensque.
1194 3284 1248 3343 2.
1297 3282 1429 3342 Ecce
1474 3286 1603 3341 sicut
1653 3286 1789 3341 oculi
1837 3303 2093 3347 servorum
2132 3289 2186 3345 in

597 3374 831 3434 itionibus
855 3374 1173 3432 dominorum
1198 3390 1440 3438 suorum;
1465 3376 1590 3434 sicut
1619 3378 1752 3434 oculi
1777 3379 1977 3434 ancillis
2003 3379 2055 3434 in
2084 3395 2188 3435 ma.

594 3466 741 3526 nibus
765 3465 984 3524 dominis
1010 3482 1116 3527 ww
1139 3481 1158 3526 ξ
1185 3468 1258 3527 ἕω
1281 3465 1414 3524 oculi
1450 3467 1607 3524 nostri
1632 3468 1701 3522 ad
1726 3467 1998 3527 Dominum
2027 3469 2186 3528 Deum

588 3565 841 3622 nostrum,
873 3556 1030 3616 donec
1059 3557 1353 3616 misereatur
1373 3559 1552 3614 nostri.
1582 3558 1678 3622 Hic
1716 3560 1876 3620 etiam
1909 3560 2027 3618 vide
2070 3562 2186 3632 pios

594 3656 752 3710 tatem
785 3647 1044 3716 vigentem
1072 3658 1123 3710 et
1147 3648 1352 3705 ﬁrmam
1383 3667 1396 3702 :
1433 3663 1535 3702 non
1563 3649 1705 3706 enim
1726 3649 1794 3706 ad
1822 3649 1984 3705 breve
2011 3653 2184 3713 solum

593 3751 802 3811 tempus
844 3749 1080 3812 sperant,
1113 3741 1208 3801 sed
1234 3741 1435 3800 diutius
1463 3741 1610 3800 affixi
1637 3750 1692 3799 et
1726 3742 2054 3804 anhelantes.
2095 3743 2184 3804 ld~

592 3847 766 3900 eoque
791 3831 1090 3902 exemplum
1136 3833 1190 3895 in
1236 3832 1467 3894 medium
1507 3833 1832 3899 attulerunt,
1867 3833 1966 3895 hoc
2010 3834 2183 3902 ipsum

589 3923 1009 3991 subindicantes,
1053 3940 1159 3983 non
1201 3924 1415 3986 aliunde
1457 3924 1558 3984 sibi
1606 3940 1756 3994 spem
1783 3926 1972 3986 adesse
2000 3926 2184 3984 auxilii

591 4024 644 4068 et
682 4009 1075 4084 suppetiarum,
1106 4029 1273 4084 seque
1311 4015 1442 4073 nihil
1471 4015 1611 4074 aliud
1637 4026 1913 4086 spectare:
1946 4017 2186 4086 quando~

590 4105 808 4175 quidem
856 4105 1047 4163 ancilla
1090 4114 1144 4162 et
1187 4120 1376 4164 servus
1415 4105 1518 4161 hoc
1565 4122 1726 4170 unum
1773 4108 1970 4170 habent
2005 4109 2182 4170 subsi-

589 4198 736 4256 dium
758 4237 773 4262 .
799 4212 907 4266 quo
947 4198 1147 4255 vietum
1175 4207 1228 4256 et
1257 4198 1506 4255 vestitum
1537 4208 1834 4270 ceteraque
1884 4204 2184 4264 necessaria

589 4294 923 4358 comparent,
949 4295 1006 4346 ut
1029 4288 1095 4347 ad
1129 4287 1290 4346 heros
1327 4302 1454 4347 suos
1481 4287 1805 4357 respiciant;
1837 4307 2012 4361 neque
2030 4308 2182 4356 rece-

591 4367 750 4448 dunt,
777 4380 874 4438 sed
910 4389 1222 4450 exspectant
1245 4380 1418 4440 donec
1444 4379 1769 4450 acceperint,
1796 4390 1852 4440 et
1878 4399 2002 4438 cum
2033 4401 2183 4446 recc.

593 4473 802 4542 perint,
837 4475 1034 4542 gratias
1075 4471 1274 4533 habent.
1301 4489 1316 4525 :
1343 4471 1580 4542 illudque
1623 4473 1796 4542 ipsum
1842 4473 2055 4534 assidue
2099 4475 2181 4531 fa-

587 4564 754 4624 ciunt.
781 4563 865 4624 Ut-
889 4564 994 4622 hoc
1025 4562 1504 4638 igiturostendat.
1538 4563 1682 4633 ipsos
1720 4565 1926 4628 SCiIicet
1961 4565 2029 4624 ad
2058 4579 2182 4630 eum

591 4653 877 4726 respicere,
908 4653 1065 4723 idque
1099 4654 1315 4714 assidue
1356 4663 1641 4724 priestare,
1671 4655 1979 4726 nullamque
2021 4657 2181 4724 aliam

589 4758 740 4812 spem
759 4742 1002 4811 habere,
1033 4745 1127 4804 sed
1166 4744 1324 4814 hujus
1351 4745 1584 4814 praesidii
1623 4746 2010 4816 exspectationi
2045 4747 2184 4806 deli-

592 4851 689 4892 xos
715 4849 866 4899 esse,
897 4843 1080 4906 utpote
1105 4850 1332 4905 quorum
1361 4837 1538 4892 omnia
1579 4837 1719 4892 bona
1747 4838 1886 4894 illius
1913 4839 2054 4906 sint,
2083 4854 2180 4894 an-

585 4926 766 4980 cillam
793 4935 849 4980 et
877 4940 1063 4981 servos
1101 4927 1558 4982 commemoravit.
1590 4926 1722 4982 Vide
1763 4943 1869 4998 quo
1900 4941 2055 4998 pacto
2084 4929 2178 4998 illi,

587 5018 679 5090 qui
705 5017 851 5088 prius
880 5015 1241 5074 invitabantur
1270 5024 1326 5071 ut
1353 5016 1420 5072 ad
1445 5016 1607 5072 Deum
1633 5027 1912 5074 currerent
1937 5060 1950 5084 ,
1978 5029 2033 5075 et
2058 5035 2177 5076 cum

587 5123 785 5171 nausea
808 5116 861 5164 et
885 5106 1099 5164 fastidio
1125 5107 1241 5166 huic
1261 5107 1569 5176 audiebant,
1590 5107 1699 5179 jam
1731 5111 2036 5165 calamitate
2059 5126 2179 5166 me-

585 5203 748 5264 liores
797 5200 1104 5267 evaserint;
1135 5201 1205 5256 ita
1237 5210 1292 5254 ut
1321 5200 1388 5256 ah
1416 5200 1509 5255 illo
1543 5201 1802 5255 absistere
1847 5202 2047 5267 nolint,
2083 5202 2177 5260 sed

585 5303 872 5359 maneant,
920 5293 1193 5360 serviant,
1237 5293 1614 5363 postulauitque
1651 5291 1823 5348 donec
1868 5293 2180 5351 misereatur

588 5387 846 5455 ipsorum.
877 5384 994 5445 Non
1025 5385 1177 5452 dixit,
1208 5385 1387 5440 Donec
1417 5384 1718 5440 mercedem
1764 5385 1984 5451 reddat,
2007 5386 2180 5442 donec

589 5477 865 5547 praemium
897 5477 1174 5544 retribuat,
1207 5475 1322 5541 sed,
1353 5474 1525 5532 Donec
1552 5478 1862 5530 misereatur.
1889 5477 1969 5531 Tu
2002 5478 2176 5554 igitur,

645 5612 721 5719 δα)
755 5613 902 5674 Hujus
925 5610 1092 5660 Psalmi
1119 5612 1479 5673 expositionem
1501 5625 1598 5661 non
1621 5613 1886 5662 Gentianus
1909 5619 2176 5674 l-tervetus,

716 5671 840 5719 alius
876 5681 1022 5719 vetus
1059 5673 1314 5719 Intornres
1346 5687 1411 5719 ex
1443 5680 1609 5719 Greco
1642 5673 1832 5719 fecerat
1863 5688 1876 5719 :
1915 5687 2084 5719 verum
2113 5679 2176 5719 ita

588 5671 678 5719 sed
716 5671 840 5723 allus
876 5681 1022 5722 vetus
1059 5671 1314 5734 Interpres
1346 5687 1411 5722 ex
1443 5680 1609 5724 Grieco
1642 5673 1832 5724 fecerat
1863 5688 1876 5723 :
1915 5687 2085 5724 verum
2113 5671 2176 5725 ita

589 5733 946 5801 paraphrastice
966 5767 980 5791 ,
1005 5742 1059 5782 ut
1095 5746 1175 5782 Vix
1199 5747 1494 5801 agnosceres
1524 5734 1650 5784 hanc
1687 5737 1908 5801 ipsamne
1941 5749 2002 5784 an
2037 5736 2178 5788 aliain

587 5794 856 5863 cntionem
897 5796 1210 5863 interpretari
1237 5794 1470 5846 voluerit.
1497 5803 1674 5847 Novam
1697 5794 1786 5846 nos
1809 5799 2174 5859 interpretatio-

589 5862 705 5906 nem
725 5863 984 5904 oonamav
992 5862 1134 5903 imus.

2292 557 2323 591 υ
2351 540 2530 605 homo,
2553 542 2768 598 assidue
2797 561 3072 614 perinane,
3095 548 3207 602 sive
3234 549 3472 618 recipias,
3500 553 3602 608 sive
3625 572 3712 612 non
3736 576 3796 616 rs-

2289 633 2454 702 cipias
2479 652 2491 686 :
2519 635 2730 690 etiamsi
2765 651 2873 696 non
2907 639 3162 708 recipias.
3192 655 3260 695 ne
3286 643 3528 711 moediis,
3551 657 3602 701 et
3631 664 3799 718 prorsus

2288 725 2539 794 accipies.
2567 726 2698 782 Nam
2737 729 2784 784 si
2811 731 3105 801 principem
3124 733 3272 788 illum
3293 736 3548 793 crudelem
3574 743 3718 798 viduae
3739 761 3800 800 ss-

2289 816 2514 872 siduitas
2543 819 2766 885 inﬂexit,
2796 834 2952 891 quam
2984 824 3189 892 veniam
3219 831 3511 897 assequaris
3534 839 3605 898 tu,
3627 836 3799 903 quinm

2289 908 2396 963 cito
2437 910 2611 966 resilis
2631 953 2644 974 .
2675 919 2889 982 torpes,
2913 923 2969 968 et
2995 915 3179 972 delicis
3201 917 3221 988 (
3247 917 3377 973 Luc.
3403 921 3534 988 18)?
3555 922 3654 978 Non
3692 927 3802 983 vides

2287 1003 2556 1070 quomodo
2583 1004 2794 1062 ancilla:
2821 1021 2853 1059 ι
2881 1011 3138 1063 matronis
3165 1011 3412 1079 pendent,
3443 1013 3560 1069 dum
3587 1033 3671 1072 nec
3691 1036 3801 1075 ιιιθιιο

2291 1101 2396 1147 tem
2425 1108 2524 1149 nec
2547 1097 2759 1150 oculum
2784 1099 2890 1152 alio
2910 1101 3089 1169 vagari
3111 1102 3291 1156 sinunt
3307 1103 3334 1158 τ
3359 1104 3449 1159 Sic
3472 1115 3522 1159 tu
3549 1108 3684 1162 tacito
3709 1126 3801 1165 :se-

2287 1199 2456 1253 quere
2505 1185 2670 1241 Deum
2723 1189 2916 1255 solum,
2956 1190 3182 1260 aliisque
3235 1194 3481 1249 omnibus
3531 1197 3730 1254 dimissis
3756 1218 3800 1256 ex

2291 1290 2516 1332 numero
2545 1293 2820 1335 servorum
2851 1283 2967 1352 ejus
2989 1293 3128 1349 esto,
3159 1295 3212 1339 et
3236 1301 3575 1358 «lamentaque
3597 1291 3674 1344 tibi
3695 1294 3801 1346 utilia

2289 1368 2526 1437 petieris,
2561 1371 2891 1440 impetrabis.

2362 1461 2446 1519 Es
2468 1465 2813 1520 misericordia
2852 1467 3066 1522 saiutein
3095 1471 3465 1542 consequimur.
3509 1499 3576 1514 --
3608 1474 3656 1528 5.
3689 1473 3802 1529 Miu-

2289 1569 2400 1608 rere
2423 1558 2602 1621 nostri,
2633 1555 2867 1622 Domine,
2897 1559 3134 1614 miserere
3159 1562 3342 1627 nostri,
3372 1563 3490 1633 quia
3529 1562 3716 1618 multum
3743 1583 3800 1620 re-

2291 1647 2413 1714 pleti
2441 1663 2617 1700 sumus
2641 1648 2975 1718 despectione.
3019 1650 3073 1704 4.
3119 1650 3344 1706 Multum
3383 1652 3569 1725 repleta
3592 1664 3658 1710 est
3677 1657 3800 1712 sitim

2290 1748 2480 1794 nostra.
2512 1739 2701 1795 Vidisti
2749 1743 3040 1799 contritum
3084 1745 3359 1800 animum?
3409 1745 3487 1802 Ex
3511 1747 3800 1803 misericordia

2289 1833 2516 1887 salutem
2542 1833 2799 1905 consequi
2838 1847 3066 1906 regant;
3113 1837 3219 1891 imo
3245 1852 3346 1892 nec
3378 1853 3446 1894 ex
3487 1839 3798 1902 misericordia.

2289 1925 2440 1994 quasi
2465 1940 2582 1980 eam
2621 1937 2930 1984 mereantur
2959 1946 2972 1982 :
2999 1927 3094 1982 sed
3122 1928 3246 1998 quia
3285 1943 3507 1999 magnas
3531 1929 3704 1988 dedere
3724 1945 3800 2000 ptr-

2290 2032 2408 2081 nas,
2455 2025 2513 2072 ut
2555 2017 2631 2073 ait
2677 2018 2858 2074 Daniel
2890 2017 3093 2074 :Pauci
3137 2021 3260 2092 facti
3286 2037 3462 2077 sumus
3501 2038 3600 2094 pro
3632 2023 3802 2076 omnibus

2289 2109 2518 2180 gentibus
2553 2125 2666 2181 quia
2704 2119 2822 2165 sunt
2862 2128 3014 2182 super
3053 2112 3270 2166 terram‘
3313 2113 3473 2182 (Dan.
3511 2115 3562 2170 ὃ.
3589 2114 3666 2184 57)
3707 2134 3716 2168 :
3750 2114 3802 2168 id.

2290 2202 2464 2272 ipsum
2495 2201 2569 2257 illi
2605 2203 2792 2258 dicunt
2825 2205 2877 2258 in
2922 2207 3228 2274 precatione
3260 2220 3381 2265 sua.
3411 2207 3686 2262 Extremam
3706 2207 3801 2276 passi

2290 2310 2476 2352 sumus
2513 2297 2806 2364 miseriam,
2835 2300 3000 2368 patria
3031 2309 3086 2354 et
3113 2299 3365 2356 libertate
3400 2300 3696 2357 excidimus:
3722 2300 3802 2354 lar-

2289 2387 2544 2444 bsrorum
2588 2390 2751 2454 servi,
2787 2389 2840 2444 in
2885 2391 3189 2460 opprobriis
3231 2391 3330 2448 diu
3376 2407 3649 2458 versamur,
3691 2391 3800 2454 fame.

2290 2479 2468 2536 inedia
2503 2489 2558 2538 et
2584 2481 2674 2536 siti
2707 2483 3011 2553 consumpti
3042 2500 3055 2535 ε
3083 2483 3363 2553 consputi,
3397 2484 3669 2544 conculcati
3690 2496 3800 2538 omne

2292 2582 2501 2643 tempus
2545 2575 2938 2645 transegimus:
2969 2575 3092 2631 ideo
3121 2591 3282 2645 parce
3317 2587 3375 2634 et
3416 2579 3652 2634 miserere
3678 2576 3798 2631 nobis.

2289 2666 2426 2734 Quid
2450 2676 2628 2722 autem
2644 2667 2746 2722 sibi
2766 2667 2898 2733 vult,
2928 2667 3148 2722 Multum
3171 2669 3367 2739 repleta
3386 2681 3456 2726 est
3474 2672 3630 2725 citima
3646 2668 3799 2723 nauta!

2291 2757 2430 2828 Ipsa,
2468 2759 2657 2829 inquit,
2703 2760 2881 2814 anima
2915 2769 3094 2816 nostra
3135 2761 3310 2818 soluta
3338 2771 3440 2829 est,
3471 2761 3700 2818 tabefacts
3722 2774 3798 2813 ma-

2289 2851 2565 2921 gnitudine
2593 2851 2874 2910 malorum.
2924 2851 3113 2907 Multos
3142 2852 3329 2910 videre
3356 2863 3440 2909 est
3458 2854 3542 2923 qui
3567 2853 3667 2908 dire
3682 2849 3798 2906 vexati

2293 2941 2501 2996 fortiter
2542 2943 2735 2998 lerunt.
2787 2944 2856 2998 At
2899 2957 3017 3010 nos,
3064 2944 3334 3014 inquiunt,
3381 2945 3482 3002 hoc
3509 2944 3798 3016 perdidimus:

2291 3050 2434 3105 aegre
2462 3034 2682 3088 ferimus
2725 3033 2927 3098 afﬂicti,
2957 3035 3273 3105 frangimur.
3319 3037 3452 3103 Quis
3489 3037 3617 3091 enim
3642 3030 3799 3088 honori-

2292 3124 2390 3180 bus
2418 3140 2522 3178 non
2551 3133 2610 3179 ut
2647 3141 2742 3194 par
2769 3136 2885 3181 erat
2911 3127 2993 3180 usi
3021 3126 3254 3192 fuerant,
3279 3128 3557 3184 contrariis
3589 3141 3669 3182 eos
3689 3122 3798 3178 rebus

2291 3219 2516 3288 castigat
2557 3219 2720 3284 Deus,
2751 3217 2893 3289 quod
2937 3218 3134 3289 ubique
3175 3219 3464 3275 facientem
3506 3219 3638 3273 illum
3673 3215 3798 3269 videt

2292 3322 2596 3378 possumus.
2629 3307 2719 3363 Sic
2752 3316 2808 3364 et
2834 3307 3100 3364 Adamum
3127 3309 3252 3380 quia
3279 3310 3509 3380 paradisi
3551 3304 3799 3363 habitatione

2291 3418 2398 3457 non
2431 3413 2576 3458 recte
2619 3416 2748 3457 usus
2789 3412 2925 3468 erat,
2953 3402 3216 3472 ejectione
3261 3406 3521 3473 correxit,
3561 3413 3609 3459 et
3642 3410 3797 3455 uxorem

2289 3509 2410 3563 qua:
2433 3510 2498 3548 ex
2531 3493 2749 3550 honoris
2774 3495 3074 3565 aqualitate
3099 3495 3251 3566 pejor
3264 3507 3522 3561 evaserat,
3547 3495 3798 3551 servituth

2289 3588 2622 3658 subiectione
2655 3586 2931 3643 meliorem
2960 3586 3106 3642 fecit.
3132 3586 3284 3658 ipsos
3314 3603 3524 3659 quoque
3544 3586 3736 3645 Judaeos,
3754 3579 3799 3631 liv

2289 3679 2496 3734 bertate
2532 3686 2588 3739 et
2611 3678 2859 3733 diuturna
2881 3678 3025 3734 domi
3047 3681 3336 3736 securitate
3366 3683 3418 3735 in
3447 3680 3588 3751 pejus
3609 3684 3796 3732 niutatos.

2289 3769 2538 3837 eii‘renes,
2561 3778 2616 3825 et
2633 3769 2940 3836 dissolutos,
2968 3785 3062 3840 per
3081 3772 3352 3826 contraria
3371 3772 3597 3840 corrigit.
3619 3767 3672 3821 lli
3690 3774 3799 3834 porro

2291 3860 2709 3918 misericordiam
2731 3861 2987 3931 consequi
3006 3870 3279 3931 rogantes,
3309 3863 3473 3918 Deum
3497 3863 3569 3917 sic
3590 3859 3799 3924 alloquun-

2291 3960 2375 4006 tur
2404 3971 2418 4007 :
2445 3951 2664 4008 Multum
2709 3953 2900 4024 repleta
2943 3963 3017 4007 est
3063 3954 3236 4007 anima
3283 3963 3474 4010 nostra.
3525 3945 3796 4022 Opprohiﬂm

2288 4044 2681 4110 abundantibus,
2713 4053 2759 4098 et
2790 4045 3040 4114 despectio
3084 4046 3336 4115 superbis.
3368 4045 3537 4112 Alius,
3580 4039 3798 4096 Multim-

2290 4137 2412 4190 tiata
2455 4145 2531 4190 est
2557 4135 2730 4190 anima
2764 4147 2958 4202 nostra,
2991 4136 3373 4206 obloquentibus
3397 4132 3741 4192 abundantibus,
3766 4132 3797 4175 ιι

2287 4225 2674 4297 despicientibus
2696 4228 2944 4296 superbis.
2974 4227 3147 4295 Alitis,
3181 4227 3582 4283 Subsannatione
3616 4231 3799 4288 αποθα-

2287 4319 2432 4372 tium.
2465 4317 2640 4385 Alius,
2670 4316 3004 4387 Despectione
3025 4333 3200 4373 eorum
3236 4319 3324 4388 qui
3365 4318 3504 4375 bonis
3529 4315 3725 4387 afﬂuunt.
3757 4300 3798 4358 lli

2289 4414 2448 4484 igitur
2493 4411 2669 4467 eidem
2723 4412 2930 4468 haerent
2970 4414 3276 4468 sententiae.
3316 4413 3660 4470 Calamitatem
3699 4400 3797 4460 enini

2285 4507 2568 4578 deplorant
2595 4521 2718 4561 cum
2743 4505 2926 4561 dicunt
2949 4522 2964 4561 :
2993 4505 3198 4562 Satiata
3227 4517 3302 4562 est
3329 4507 3497 4563 anima
3521 4511 3674 4560 nostra
3700 4508 3797 4561 ιρα⁴

2285 4601 2556 4665 nantibus;
2595 4598 2941 4670 Septuaginta
2981 4612 3108 4655 vero
3137 4599 3280 4655 aliud
3325 4599 3543 4658 dicunt:
3571 4590 3799 4652 Transealll

2287 4692 2404 4746 haec
2440 4690 2507 4746 ad
2528 4690 2672 4756 illos,
2705 4699 2761 4748 et
2784 4689 2973 4745 iisdem
3003 4689 3103 4759 ipsi
3132 4691 3394 4756 fruantur,
3442 4702 3554 4759 quae
3576 4683 3680 4742 aliis
3703 4678 3798 4732 lece-

2285 4791 2429 4848 runt,
2479 4795 2774 4852 eorumque
2820 4782 2986 4837 fastus
3027 4790 3084 4838 et
3123 4791 3302 4841 tumor
3338 4779 3661 4850 deprimatur-
3692 4759 3798 4835 θυοδ

2285 4890 2430 4945 saepe
2461 4875 2708 4930 evenisse
2724 4875 3001 4932 videamus
3028 4891 3041 4928 :
3068 4889 3190 4934 nam
3222 4874 3274 4932 id
3301 4873 3596 4942 frequenter
3616 4863 3729 4957 solet
3742 4855 3796 4957 {tl-

2284 4982 2408 5022 cere
2431 4968 2590 5033 Deus,
2622 4982 2816 5035 nempe
2844 4967 2984 5024 altos
3010 4967 3230 5036 spiritus
3250 4971 3572 5024 assumentes
3589 4953 3797 5046 deprimit.

2284 5069 2338 5114 et
2369 5057 2581 5113 inﬂatos
2612 5058 2874 5121 humiliat,
2905 5067 2964 5114 ut
3003 5072 3100 5114 eos
3130 5057 3358 5119 invertat
3403 5071 3431 5109 a
3459 5055 3534 5111 via
3570 5049 3630 5107 ad
3666 5054 3797 5114 penu-

2283 5151 2420 5206 ciem
2451 5150 2674 5206 ferente.
2705 5149 2850 5206 Nihil
2871 5149 3015 5205 enim
3046 5149 3297 5219 superbia
3333 5147 3496 5217 pejus.
3535 5141 3644 5199 Ideo
3673 5139 3797 5190 tenta-

2286 5243 2459 5298 tinncs
2487 5252 2543 5298 et
2566 5247 2840 5304 aerumnae,
2869 5255 3066 5311 corpus
3094 5240 3342 5302 mortale,
3384 5248 3436 5293 et
3460 5233 3622 5292 multae
3660 5232 3795 5291 ευριπ·

2283 5336 2559 5388 venientes
2586 5332 2920 5386 calamitates
2947 5347 2962 5389 :
2997 5331 3118 5386 ideo
3143 5328 3481 5400 aegritudines
3502 5331 3555 5379 et
3570 5313 3710 5377 morbi
3729 5327 3740 5374 ς
3761 5313 3798 5358 υι

2286 5426 2563 5482 innumera
2591 5423 2740 5480 frena
2763 5423 3120 5478 adhibeantur
3140 5424 3327 5480 anima!
3356 5411 3654 5489 superbienti
3677 5413 3719 5461 et
3737 5411 3790 5502 tu-

2285 5537 2436 5576 more
2489 5518 2707 5574 inilatm.
2760 5517 2838 5572 Ne
2892 5518 3071 5587 itaque
3117 5516 3364 5578 turberis,
3407 5513 3603 5572 dilecte,
3639 5512 3732 5555 cum
3760 5505 3793 5543 Ill

2347 5679 2376 5747 ι,
2399 5676 2472 5726 sic
2486 5673 2674 5747 legitur
2696 5673 2746 5747 in
2769 5670 3076 5747 savilio,_sed
3097 5669 3211 5747 quia
3233 5658 3792 5747 ηταφιςιθέεάςιζίἑ

2400 5709 2472 5726 υ...
2497 5709 2665 5737 ..,,,......
2769 5709 2964 5731 wn"...
2989 5709 3075 5721 νυ..
3097 5709 3211 5732 .,.....
3233 5709 3551 5736 ..παπ-ν’...
3640 5709 3649 5716 .

2282 5738 2454 5789 eadem
2477 5739 2576 5798 fere
2597 5734 2820 5806 dicebant
2843 5733 2984 5806 pueri
3017 5733 3074 5806 in
3101 5733 3295 5806 Assyria
3315 5709 3766 5806 εαριιιξέιχιξικςπξξ

2285 5773 3573 5910 22271323,'éi€.3'aiiiiieti'aiiii'{saeviatis}illeprere
3591 5777 3640 5829 ad
3657 5773 3791 5823 serua"

2286 5875 2394 5910 oua
2411 5871 2537 5910 rant.

2286 5871 2537 5924 quadrattt.
