3956 6412
158 251 275 308 νεῖ)

155 362 460 422 teutatione
485 363 745 426 versaris;
791 361 886 417 sed
917 358 1189 432 propheta:
1228 356 1544 414 recordatus
1567 354 1752 412 dicen-

155 457 247 524 tis,
281 455 482 510 Bonum
504 455 631 509 mihi
664 454 782 524 quia
808 453 1086 508 huntiliasti
1120 469 1218 516 me,
1249 460 1304 506 ut
1342 451 1533 506 discam
1549 449 1750 523 justi/i-

150 552 382 606 eationes
410 561 524 604 tuas
554 546 728 618 (Psal.
763 547 888 604 “8.
917 544 1030 614 7|),
1057 545 1414 602 calamitatem
1458 559 1552 614 pro
1577 558 1754 598 reme-

147 643 248 699 dio)
274 642 481 710 accipe,
519 649 575 694 et
599 640 893 694 tentatioue
921 647 981 694 ut
1012 655 1106 708 par
1133 648 1218 693 est
1245 648 1415 703 utere,
1443 637 1751 709 poterisque

151 731 422 802 majorem
439 733 655 801 assequi
692 729 1128 800 tranquillitatem
1155 745 1168 784 :
1199 743 1303 799 qua
1333 729 1534 782 utinam
1564 742 1754 782 omnes

146 822 306 893 digni
337 821 655 889 habeamur,
681 823 850 893 gratia
891 829 948 877 et
989 821 1319 876 humanitate
1348 819 1556 876 Domini
1585 819 1751 875 nostri

158 917 285 971 Jesu
314 915 534 977 Christi.
561 916 645 971 cui
668 915 836 986 gloria
864 924 920 970 et
947 915 1230 986 imperium
1260 915 1312 968 in
1352 913 1551 969 saecula
1581 929 1753 968 saecu-

159 1008 358 1062 lorum.
387 1010 578 1062 Λιιιειι.

603 1123 672 1178 IN
710 1122 1030 1179 PSALSIUM
1069 1122 1307 1178 CXXIII.

429 1236 480 1290 I.
527 1235 645 1289 Nisi
669 1236 786 1306 quia
815 1234 1066 1291 Dominus
1102 1225 1209 1290 erat
1233 1236 1286 1290 in
1315 1235 1474 1290 nobis.

231 1373 285 1430 Ι.
327 1372 648 1438 Captivitatis
669 1371 799 1426 bono
825 1371 1000 1426 Judwi
1037 1373 1256 1427 vitarunt
1285 1372 1650 1428 idololatriam.
1679 1401 1754 1414 --

157 1465 318 1533 Quod
337 1480 487 1535 smpe
515 1465 647 1532 dixi,
683 1463 784 1519 hoc
809 1481 1020 1536 quoque
1054 1481 1197 1521 nunc
1221 1466 1364 1534 dico,
1399 1481 1498 1522 nec
1525 1464 1752 1522 cessabo

159 1561 362 1620 dicere.
397 1574 645 1628 magnum
671 1573 792 1613 esse
822 1557 1054 1613 fructum
1086 1558 1425 1628 captivitatis,
1451 1567 1506 1614 et
1533 1559 1600 1613 ad
1628 1557 1752 1628 phi-

160 1651 462 1723 losopuiam
500 1651 768 1706 deducere
807 1665 962 1720 posse
1008 1665 1102 1706 eos
1145 1652 1233 1720 qui
1280 1650 1584 1706 attendunt.
1618 1651 1754 1706 Ecce

157 1745 304 1798 civim
331 1748 420 1814 qui
456 1743 522 1797 ad
563 1743 844 1798 simulacra
886 1743 1196 1809 currebant,
1230 1743 1395 1798 Deum
1425 1752 1738 1799 contemne-

159 1836 314 1901 bant,
343 1844 399 1889 et
427 1837 478 1890 in
510 1834 834 1905 impietatem
862 1835 1211 1905 impegerant.
1241 1834 1366 1904 quid
1398 1834 1584 1891 dicunt
1609 1851 1750 1891 nunc

159 1938 282 1997 post
302 1928 704 1996 captivitatem?
727 1936 783 1984 et
806 1928 1075 1998 quomodo
1100 1928 1328 1986 salutem
1353 1944 1501 1985 suam
1530 1931 1639 1985 Deo
1660 1933 1752 1986 ad-

159 2023 434 2076 scribunt?
481 2022 780 2090 Quinetiam
831 2023 1123 2093 propheta,
1176 2033 1442 2094 tamquam
1489 2023 1752 2094 choragus

159 2115 418 2184 optimus,
450 2113 638 2168 cadent
683 2113 801 2169 illos
824 2114 978 2184 jubet
1017 2114 1326 2186 frequenter
1362 2114 1560 2171 dicere.
1592 2116 1749 2171 Post-

160 2219 323 2274 quam
353 2219 482 2273 ergo
514 2204 717 2272 primus
747 2205 900 2269 dixit,
950 2205 1056 2260 illis
1081 2221 1291 2275 quoque
1321 2206 1580 2275 pmcipit,
1612 2215 1749 2262 tam-

157 2312 320 2366 quam
375 2297 628 2366 magister
676 2297 991 2366 discipulis,
1049 2307 1108 2352 ut
1158 2297 1380 2353 dicant:
1413 2297 1566 2353 Dicat
1617 2316 1752 2354 nunc

157 2389 351 2452 Israel,
384 2389 504 2444 Nisi
532 2391 653 2461 quia
677 2390 927 2445 Dominus
953 2402 1061 2446 erat
1088 2395 1141 2446 in
1181 2393 1345 2458 nobis,
1370 2409 1485 2447 cum
1513 2410 1752 2465 exsurge-

160 2491 266 2534 rent
295 2481 525 2534 homines
543 2482 602 2535 in
633 2497 743 2545 nos,
775 2482 907 2551 forte
926 2483 1062 2537 vivos
1088 2481 1419 2554 deglutissent
1446 2501 1558 2539 nos.
1587 2485 1752 2541 Erant

159 2573 303 2626 enim
328 2572 582 2636 inermes,
613 2572 762 2638 nudi,
786 2574 1001 2644 captivi,
1033 2583 1088 2626 et
1110 2575 1270 2639 servi,
1297 2583 1354 2629 et
1378 2590 1548 2644 nuper
1571 2589 1604 2630 a
1633 2591 1750 2629 ma-

166 2667 232 2720 lis
263 2665 499 2730 liberati,
536 2666 829 2737 urbemque
859 2667 1124 2722 habebant
1169 2683 1272 2724 non
1304 2669 1472 2722 muris
1497 2674 1749 2735 cinctam,

164 2758 272 2811 imo
302 2773 431 2812 vero
472 2773 540 2813 ne
580 2757 764 2812 urbem
797 2758 1035 2828 quidem,
1080 2771 1134 2814 et
1184 2769 1304 2829 post
1343 2761 1571 2815 reditum
1599 2773 1753 2816 erant

161 2849 340 2918 praeda
371 2849 624 2904 omnibus
664 2860 844 2919 parata
871 2867 885 2912 ;
917 2850 1011 2904 sed
1053 2849 1152 2905 fuit
1199 2853 1278 2906 eis
1307 2852 1448 2907 Deus
1473 2867 1568 2923 pro
1599 2868 1753 2906 muro

161 2949 216 2993 et
243 2955 390 2994 arce.
436 2940 546 2994 Iloc
574 2941 746 3010 ipsum
793 2955 892 2996 nos
918 2958 1130 3012 quoque
1159 2958 1300 2998 nunc
1324 2943 1564 2998 dicamus
1589 2961 1602 2998 :
1637 2943 1752 2997 Nisi

160 3032 279 3094 quin
308 3029 557 3085 Dominus
585 3043 690 3086 erat
719 3031 772 3085 in
798 3032 960 3098 nobis,
989 3032 1120 3102 forte
1137 3034 1272 3087 vivos
1292 3033 1621 3104 deglutissent
1639 3050 1747 3088 nos.

160 3124 302 3192 Quid
330 3127 469 3178 enim
503 3140 607 3179 non
632 3124 846 3181 fecisset
869 3133 1054 3180 noster
1081 3126 1327 3181 inimicus
1353 3126 1618 3193 diabolus,
1650 3126 1752 3181 nisi

165 3217 431 3272 Dominus
459 3217 642 3273 fuisset
683 3220 734 3272 in
780 3217 972 3274 nobis?
1013 3217 1148 3274 Audi
1178 3218 1304 3288 quid
1342 3216 1588 3274 Christus
1611 3216 1756 3272 dicat

165 3309 375 3363 Simoni
406 3329 420 3364 :
449 3309 651 3378 Simon,
695 3309 899 3377 Simon,
926 3311 1119 3381 quoties
1149 3312 1290 3382 petiit
1318 3321 1366 3365 te
1405 3320 1612 3365 satanas
1650 3311 1752 3364 cri-

161 3401 315 3456 brare
337 3403 467 3456 sicut
492 3403 712 3456 triticum
739 3419 760 3458 :
789 3414 836 3458 et
859 3419 950 3474 ego
985 3405 1124 3458 oravi
1151 3421 1245 3474 pro
1270 3414 1336 3468 te,
1369 3421 1434 3459 ne
1459 3405 1662 3474 deﬁciat
1685 3405 1753 3474 ﬁ-

161 3495 248 3548 des
272 3507 364 3547 tua
393 3493 546 3564 (Luc.
577 3493 667 3550 22.
712 3495 846 3566 5|)?
889 3495 986 3550 Est
1025 3496 1166 3550 enim
1208 3496 1448 3567 improba
1479 3495 1651 3551 bellua
1700 3505 1756 3550 et

160 3587 502 3651 insatiabilis,
531 3597 585 3641 et
614 3588 716 3642 nisi
745 3587 961 3648 assidue
989 3586 1367 3654 refrenaretnr,
1402 3588 1755 3644 subvertisset

159 3689 213 3730 et
246 3679 581 3734 contudisset
607 3680 805 3734 omnia.
858 3678 912 3735 Si
957 3680 1100 3735 enim
1140 3695 1261 3734 cum
1295 3679 1348 3734 in
1399 3680 1610 3736 beatum
1653 3679 1756 3736 Job

164 3771 418 3839 pusillum
449 3772 570 3839 quid
601 3774 647 3826 ei
676 3771 774 3826 fuit
800 3772 1142 3842 permissum,
1171 3772 1288 3841 ejus
1315 3770 1532 3826 domum
1564 3773 1754 3826 evertit

164 3862 422 3924 funditus,
454 3863 574 3932 ejus
603 3878 798 3934 corpus
830 3863 1185 3932 labefactavit,
1211 3872 1410 3918 tantam
1440 3862 1753 3934 tragoediam

161 3954 440 4021 excitavit,
464 3954 740 4012 facultates
758 3955 1016 4025 corrupit,
1043 3955 1181 4009 filios
1207 3954 1405 4020 obruit,
1435 3962 1492 4008 ut
1519 3969 1551 4009 e
1589 3968 1754 4010 carne

164 4064 378 4104 vermes
401 4049 726 4105 scaturirent
753 4048 950 4115 effecit,
984 4063 1205 4103 uxorem
1236 4047 1287 4102 in
1332 4062 1453 4103 eum
1495 4048 1752 4114 incitavit,

160 4140 390 4205 amicos,
435 4139 700 4206 inimicos,
742 4138 990 4205 famulos,
1043 4148 1102 4194 ut
1133 4137 1340 4208 probris
1368 4154 1490 4193 eum
1525 4138 1756 4192 insecta-

163 4244 376 4297 rentur,
402 4231 606 4287 induxit
635 4231 716 4286 :si
749 4247 854 4285 non
881 4230 1361 4286 innumerabilibus
1383 4230 1548 4284 frenis
1579 4239 1752 4284 retar-

161 4327 404 4388 daretur,
432 4324 700 4394 quomodo
728 4338 832 4378 non
861 4338 1048 4379 omnes
1077 4323 1359 4392 perderet?
1383 4322 1643 4390 Quocirca
1670 4322 1757 4378 hic

159 4432 380 4486 quoque
405 4417 571 4471 dicit:
603 4415 725 4472 Nisi
755 4418 878 4489 quia
910 4415 1157 4470 Dominus
1182 4415 1361 4469 eratin
1389 4415 1552 4470 nobis.
1593 4416 1758 4470 Erant

159 4510 311 4564 enim
338 4508 626 4564 admodum
649 4511 806 4582 pauci
855 4518 908 4564 et
953 4514 1271 4579 contempti,
1302 4518 1356 4564 et
1384 4523 1478 4564 eos
1507 4525 1757 4564 reversos

159 4601 318 4654 inulti
348 4601 750 4657 adoriebantur.

240 4690 612 4758 Prosperorum
632 4702 678 4747 et
705 4691 1030 4747 adversamur
1059 4693 1408 4747 alternationis
1433 4692 1658 4758 utilitas;
1679 4693 1758 4747 ira

158 4783 378 4836 rationis
403 4799 577 4853 expers
593 4801 613 4849 ;
641 4783 1040 4852 perturbationes
1068 4783 1228 4838 animi
1256 4795 1310 4838 ut
1333 4789 1509 4840 sanari
1538 4786 1753 4854 possint.

159 4902 236 4916 --
255 4873 430 4929 Porro
457 4877 511 4930 in
559 4874 661 4930 hoc
685 4890 900 4946 quoque
927 4876 1312 4932 ostendebatur
1339 4876 1432 4933 Dei
1471 4877 1756 4948 sapientia,

160 4965 306 5034 quod
338 4982 448 5021 non
479 4977 698 5039 repente
720 4979 776 5023 et
802 4983 908 5023 uno
930 4967 1090 5024 simul
1117 4978 1362 5038 tempore
1389 4968 1540 5024 daret
1564 4971 1645 5025 eis
1672 4984 1758 5026 se.

159 5059 470 5120 caritatem.
496 5060 589 5116 sed
616 5063 814 5116 sensim
840 5076 904 5116 ac
925 5062 1198 5132 paulatim.
1238 5062 1351 5120 Hoc
1377 5075 1554 5119 autem
1591 5065 1758 5121 facie-

159 5151 258 5208 bat
283 5167 378 5207 eos
398 5167 726 5207 conservans
755 5154 806 5208 in
832 5153 928 5209 Dei
955 5155 1285 5225 cognitione,
1316 5163 1371 5210 et
1396 5171 1515 5211 eam
1545 5173 1664 5227 qtae
1689 5171 1756 5212 ex

161 5243 480 5314 captivitate
518 5255 633 5300 orta
659 5255 796 5313 erat,
837 5248 1231 5303 correctionem
1273 5263 1380 5304 non
1410 5249 1595 5311 sinetis
1622 5265 1760 5320 pra:-

163 5337 440 5394 terlluere.
473 5339 606 5408 Quia
637 5341 780 5396 enim
821 5341 1066 5397 liberatio
1088 5357 1120 5396 a
1155 5342 1309 5396 malis
1351 5343 1490 5396 solet
1515 5341 1757 5398 homines

161 5433 382 5487 eflicere
426 5431 786 5500 socordiores,
820 5433 872 5488 in
916 5434 1030 5503 ipsa
1072 5433 1232 5488 etiam
1263 5434 1557 5489 donatione
1588 5435 1758 5489 bono-

163 5541 285 5581 rum
320 5526 602 5596 permittit,
643 5537 700 5580 ut
727 5526 826 5596 ipsi
863 5525 1078 5582 assidue
1118 5534 1415 5587 teutentnr,
1445 5537 1502 5581 ut
1545 5527 1654 5582 sint
1677 5528 1757 5582 eis

166 5621 501 5678 tentationes
552 5630 864 5689 perpetuum
911 5615 1260 5689 pitiIOSOphliB
1309 5616 1645 5673 exercitium.
1687 5615 1759 5674 Et

163 5718 292 5777 ideo
330 5731 432 5772 nec
469 5714 713 5771 homines
757 5726 970 5783 semper
995 5709 1207 5765 dimittit
1240 5709 1290 5764 in
1341 5709 1753 5777 calamita'ihus,

1208 235 1569 297 EXPOSITIO
1607 233 1673 291 IN
1713 231 2038 290 PSALMUM
2079 233 2309 292 CXXIII.

3351 251 3456 309 35-6

1861 362 1931 402 ne
1951 348 2238 410 deficiant:
2265 369 2366 410 nec
2392 353 2444 410 in
2471 355 2649 428 quiete
2675 365 2732 413 et
2757 373 2935 416 rerum
2979 359 3356 431 prosperitate,
3381 378 3449 416 ne

1862 441 1990 498 ﬂant
2031 446 2410 504 socordiores:
2443 449 2538 505 sed
2579 450 3035 509 vicissitudinibus
3075 469 3264 510 eorum
3310 455 3452 510 salu-

1864 545 1970 593 tem
2007 539 2196 594 variat.
2236 539 2388 596 Forle
2428 543 2562 598 vivos
2590 544 2915 616 deglutissent
2945 562 3058 601 nos.
3110 546 3270 602 Vides
3314 562 3454 618 quo-

1861 630 2023 686 modo
2052 632 2306 699 ostendit,
2333 649 2492 704 quam
2525 635 2630 689 sint
2658 637 2940 704 immanes,
2962 638 3050 708 qui
3074 653 3134 693 se
3163 637 3454 694 invadunt?

1860 722 1994 778 Sunt
2037 724 2179 779 enim
2221 723 2466 782 homines
2512 729 2600 797 qui
2649 729 2730 784 vel
2780 729 3016 786 ferarum
3066 731 3451 788 immanitatem

1860 816 2167 882 ostendunt,
2204 817 2312 873 imo
2343 821 2508 890 magis
2533 836 2691 890 quam
2722 820 2826 877 illa:
2852 823 3080 878 smviunt
3104 824 3158 880 in
3185 838 3454 896 congene-

1860 921 1969 962 res.
1999 906 2133 963 Fcra
2163 909 2306 964 enim
2351 925 2471 964 cum
2506 913 2670 966 semel
2697 910 2975 980 invaserit,
3011 915 3078 969 ab
3110 915 3185 970 ira
3212 915 3442 980 desistit,

1859 1007 1915 1053 et
1945 1000 2170 1067 recedit,
2198 1011 2289 1055 aut
2310 1003 2524 1071 repulsa
2555 1019 2661 1058 non
2691 1004 2918 1074 amplius
2940 1005 3140 1062 invadit
3167 1025 3180 1061 :
3205 1007 3451 1065 homines

1859 1099 2037 1144 autem
2068 1106 2188 1145 cum
2235 1108 2321 1147 res
2349 1095 2574 1148 cesserit
2615 1096 2773 1150 aliter
2800 1112 2958 1166 quam
3002 1098 3276 1166 putabant,
3305 1115 3452 1170 stepe

1861 1180 2114 1235 invadunt
2138 1183 2220 1238 vel
2244 1183 2386 1253 ipsas
2406 1199 2595 1240 carnes
2615 1195 2830 1256 gustare
2850 1190 3146 1257 cupientes.
3175 1188 3447 1259 Ejusmodi

1859 1286 1947 1327 res
1986 1282 2069 1327 est
2111 1272 2208 1338 ira,
2258 1276 2479 1331 rationis
2525 1293 2756 1346 expers;
2797 1279 2932 1332 adeo
2959 1279 3232 1348 fert-etet
3265 1283 3452 1338 ebullit

1859 1365 1974 1420 haec
2012 1368 2176 1422 animi
2209 1370 2559 1438 perturbatio.
2603 1371 2882 1439 Quomodo
2925 1389 3054 1444 ergo
3095 1373 3209 1428 haec
3248 1375 3449 1430 exstin-

1857 1471 2048 1530 guetur
2067 1460 2358 1531 aegritudo?
2385 1461 2443 1516 Si
2471 1477 2558 1516 res
2588 1472 2797 1518 nostras
2836 1445 3027 1518 animo.
3045 1474 3374 1535 reputemus,
3403 1469 3449 1523 si

1859 1563 2088 1607 mortem
2119 1555 2544 1621 consideremus,
2577 1565 2629 1611 et
2660 1571 2754 1611 eos
2783 1557 2870 1626 qui
2897 1558 3136 1628 quotidie
3164 1561 3446 1628 recedunt,

1858 1645 1901 1698 si
1930 1654 2170 1699 naturam
2202 1654 2441 1700 nostram
2477 1647 2924 1717 contemplemur,
2972 1649 3113 1720 quod
3144 1651 3349 1706 scilicet
3373 1654 3448 1708 si-

1857 1752 1977 1791 mus
2007 1745 2145 1792 terra
2173 1746 2228 1792 et
2254 1738 2409 1793 cinis.
2440 1738 2497 1794 Si
2522 1750 2698 1794 autem
2725 1740 2877 1796 faciei
2907 1741 3243 1812 pulchritudo
3269 1745 3449 1801 animo

1859 1837 1949 1883 tuo
1979 1828 2154 1884 adhuc
2179 1829 2422 1900 imponit,
2448 1832 2581 1887 vade
2605 1833 2670 1888 ad
2695 1843 3038 1890 monumenta
3065 1847 3120 1891 et
3148 1838 3330 1894 thecas
3352 1855 3447 1910 pa-

1857 1930 2068 1978 rentum
2118 1931 2352 1989 tuorum,
2395 1939 2459 1978 ac
2483 1925 2606 1980 vide
2635 1926 2906 1996 quomodo
2945 1938 3070 1982 sunt
3098 1931 3276 1998 positi,
3310 1940 3364 1986 et
3393 1933 3445 1986 in

1858 2015 2130 2086 pulverem
2160 2032 2223 2072 ac
2265 2025 2458 2072 terram
2499 2018 2740 2084 resoluti,
2770 2035 3124 2092 magnamque
3157 2038 3221 2078 ex
3262 2039 3328 2079 eo
3352 2039 3446 2079 ca-

1857 2108 1972 2178 pies
2001 2109 2362 2177 occasionem,
2387 2118 2443 2164 ut
2471 2119 2520 2164 te
2547 2110 2720 2179 ipsum
2755 2114 3036 2181 rcprimas.
3069 2113 3143 2168 Ne
3169 2114 3296 2170 dicti
3329 2132 3448 2186 gra-

1855 2202 2072 2256 vitatem
2094 2201 2384 2271 improbes.
2415 2202 2873 2270 Quemadmodum
2901 2205 3041 2259 enim
3073 2206 3160 2274 qui
3193 2205 3339 2261 febre
3367 2207 3447 2260 la-

1859 2292 2067 2355 borant,
2091 2301 2372 2363 postquam
2401 2310 2432 2348 a
2455 2295 2645 2349 morbo
2677 2294 2881 2349 liberati
2916 2295 3129 2360 fuerint,
3161 2313 3294 2367 puro
3320 2313 3448 2352 aere

1858 2384 2131 2454 indigent:
2163 2386 2235 2441 ita
2264 2387 2426 2442 etiam
2459 2401 2593 2456 quos
2613 2387 2775 2441 animi
2804 2389 3234 2457 perturbationes
3264 2391 3330 2444 ad
3363 2391 3448 2446 in-

1855 2476 2059 2529 saniam
2087 2477 2326 2547 adigunt,
2357 2477 2400 2531 si
2434 2477 2499 2531 ad
2530 2489 2873 2532 monumenta
2920 2481 3265 2546 accesserint,
3302 2490 3444 2536 tam-

1856 2586 2013 2638 quam
2059 2572 2148 2641 qui
2194 2573 2245 2626 in
2291 2571 2549 2640 przedium
2601 2571 3012 2627 saluberrimum
3069 2576 3445 2643 pervenerint,

1859 2665 2054 2718 multas
2081 2665 2350 2734 expellunt
2376 2665 2738 2735 mgritudines.
2772 2665 2981 2720 Sufficit
3007 2666 3152 2721 enim
3184 2666 3272 2720 VcI
3301 2668 3448 2722 solus

1857 2773 2005 2811 urna:
2033 2769 2281 2827 aspectus
2310 2757 2375 2810 ad
2393 2774 2515 2812 eum
2544 2756 2971 2828 deprimendum,
3003 2758 3092 2827 qui
3117 2757 3270 2812 valde
3297 2772 3451 2812 arro-

1855 2863 1987 2918 gans
2016 2858 2116 2903 est.
2151 2849 2231 2903 Ab
2258 2848 2343 2903 his
2372 2848 2628 2919 deinceps
2659 2849 2962 2903 transmitte
2991 2859 3134 2902 tuam
3163 2850 3448 2920 cogitatio-

1859 2955 1982 2994 nem
2010 2939 2075 2993 ad
2104 2938 2340 2994 futurum
2372 2940 2518 2994 illum
2547 2939 2689 2994 diem
2714 2939 3032 3004 terribilem,
3061 2940 3126 2993 ad
3155 2940 3360 2995 futuras
3381 2941 3450 2994 de

1859 3041 1910 3086 te
1934 3031 2283 3102 quaastiones,
2327 3040 2383 3086 et
2427 3029 2728 3086 reddendas
2767 3031 3028 3096 rationes,
3059 3031 3124 3084 ad
3166 3031 3446 3102 supplicia,

1857 3139 1976 3194 qua:
2013 3123 2219 3177 nullum
2251 3123 2452 3178 habent
2491 3124 2711 3177 omnino
2743 3123 3014 3189 solatium,
3055 3122 3142 3178 ubi
3188 3137 3348 3178 nemo
3397 3134 3450 3178 te

1857 3214 2145 3271 defendet:
2176 3223 2232 3271 et
2262 3215 2344 3269 his
2374 3215 2622 3270 omnibus
2651 3214 2814 3270 veluti
2845 3213 3164 3284 quibusdam
3203 3214 3452 3269 cantibus

1858 3311 1984 3367 seda
2041 3320 2157 3366 tuas
2203 3311 2367 3365 animi
2424 3310 2877 3381 perturbationes.
2923 3308 3218 3364 Considera
3267 3317 3449 3363 autem

1857 3406 2019 3460 etiam
2047 3420 2113 3460 ex
2145 3405 2453 3460 hominibus
2476 3419 2571 3461 eos
2591 3404 2681 3475 qui
2725 3403 2778 3458 in
2807 3403 2912 3458 vita
2941 3403 3192 3474 praesenti
3219 3417 3283 3458 ex
3311 3401 3452 3456 divi-

1861 3500 1946 3554 tiis
1973 3499 2170 3554 redacti
2193 3509 2318 3555 sunt
2340 3499 2391 3553 in
2424 3508 2814 3568 paupertatem,
2843 3514 2907 3552 ex
2940 3497 3108 3569 gloria
3139 3497 3192 3551 in
3223 3495 3451 3567 ignomi-

1861 3592 2001 3646 niam
2032 3599 2124 3646 :et
2162 3591 2205 3645 si
2241 3592 2372 3646 velis
2418 3591 2597 3655 irasci,
2644 3606 2752 3646 non
2785 3592 2833 3645 ei
2875 3591 2965 3660 qui
2996 3601 3078 3644 est
3119 3588 3213 3644 tibi
3252 3603 3453 3658 genere

1859 3683 2195 3754 coojunctus,
2231 3683 2324 3738 sed
2375 3683 2514 3737 malo
2562 3683 2794 3738 dazmoni
2848 3684 3080 3737 irascere
3120 3681 3354 3745 :habes,
3398 3680 3450 3733 in

1859 3792 2016 3847 quem
2053 3777 2184 3830 iram
2213 3775 2458 3832 elfuodas
2491 3794 2504 3830 :
2540 3775 2614 3830 illi
2660 3789 2947 3845 numquam
2976 3771 3363 3836 reconcilieris,
3397 3771 3450 3825 in

1862 3869 2008 3922 illum
2049 3868 2180 3922 iram
2229 3866 2443 3922 ell‘uode
2482 3875 2538 3922 et
2582 3880 2861 3931 consume,
2905 3870 2956 3920 in
3007 3865 3154 3919 illum
3188 3863 3346 3918 tende
3376 3861 3453 3916 la-

1860 3975 2077 4032 queum,
2115 3976 2402 4030 numquam
2448 3973 2626 4014 cesses
2666 3958 2924 4013 adversus
2965 3974 3087 4014 cum
3119 3957 3316 4013 bellum
3358 3973 3453 4028 ge-

1863 4068 2002 4107 rere.
2034 4053 2087 4108 3.
2139 4051 2264 4106 Cum
2293 4052 2596 4106 irasceretur
2624 4053 2771 4123 {uror
2800 4066 2975 4104 eorum
2998 4053 3014 4083 ί
3058 4050 3110 4105 in
3153 4069 3266 4112 nos.
3301 4055 3454 4124 forsi-

1862 4156 1948 4198 tan
1975 4160 2110 4215 aqua
2160 4143 2496 4198 absorbuisset
2543 4159 2656 4196 nos.
2701 4143 2755 4197 ι.
2810 4141 3103 4195 Torrentem
3133 4146 3454 4212 pertransivit

1861 4241 2032 4293 anima
2098 4249 2271 4294 nostra
2319 4253 2338 4292 :
2385 4237 2598 4308 forsitan
2648 4237 2998 4306 pertransisset
3059 4239 3230 4290 anima
3281 4249 3454 4310 nostra

1861 4350 2044 4403 aquam
2085 4331 2466 4386 intolerabilem.
2508 4329 2823 4384 Torrentem
2871 4338 2923 4382 et
2969 4343 3159 4398 aquam
3201 4328 3287 4382 hic
3326 4329 3453 4385 dicit

1864 4428 2133 4496 ingentem
2161 4427 2291 4479 iram
2331 4424 2666 4478 inimicorum
2698 4439 2711 4474 :
2743 4430 2826 4476 est
2865 4423 3007 4476 enim
3031 4437 3192 4492 aqua,
3223 4439 3343 4491 qua:
3371 4425 3453 4476 in.

1860 4517 2156 4580 composite
2182 4530 2368 4585 magna
2393 4516 2443 4569 vi
2473 4525 2527 4568 et
2549 4515 2747 4584 impetu
2778 4514 2964 4577 fertur,
2992 4527 3054 4566 ac
3079 4512 3452 4584 quodcumque

1860 4611 1909 4664 ei
1941 4608 2195 4674 occurrit,
2216 4622 2398 4662 secum
2431 4605 2613 4661 trahit.
2643 4605 2757 4658 Non
2785 4605 2958 4658 solum
2997 4614 3175 4658 autem
3205 4602 3292 4658 hic
3321 4603 3455 4660 dicit

1863 4702 2211 4772 irruptionem
2241 4699 2523 4762 malorum,
2553 4695 2647 4752 sed
2673 4696 2832 4750 etiam
2865 4697 3168 4750 transitum.

1933 4793 1988 4847 2.
2025 4794 2098 4846 Ne
2139 4793 2373 4846 animum
2406 4804 2534 4860 ergo
2567 4789 2879 4860 abjit-iamus
2923 4789 3136 4859 quando
3177 4804 3276 4844 nos
3317 4791 3455 4846 mala

1863 4885 2174 4943 invaserint.
2217 4883 2453 4939 Torrens
2477 4891 2558 4937 est
2587 4881 2837 4952 quidquid
2869 4881 3082 4936 tandem
3110 4884 3212 4950 sit,
3245 4893 3326 4938 est
3354 4901 3456 4938 titt-

1863 4983 1959 5039 bes
1984 4997 2101 5053 quae
2139 4979 2523 5050 praetercurrit.
2577 4975 2844 5048 Quidquid
2873 4977 3084 5032 molesti
3121 4976 3321 5032 dixeris
3344 5016 3362 5041 ,
3402 4976 3457 5031 id

1865 5078 2024 5132 habet
2051 5076 2210 5130 finem
2244 5071 2538 5143 :quidquid
2581 5069 3108 5142 asperumdixeris,
3159 5072 3212 5125 id
3240 5083 3456 5140 quoque

1865 5168 2026 5224 habet
2047 5167 2270 5222 exitum.
2302 5165 2356 5220 Si
2385 5163 2527 5219 enim
2559 5161 2719 5217 linem
2741 5177 2846 5216 non
2868 5161 3112 5226 haberet,
3141 5173 3329 5214 natura
3348 5175 3454 5215 non

1864 5259 2154 5316 sufficeret.
2197 5259 2266 5313 At
2303 5256 2638 5326 complures,
2665 5254 2894 5324 inquies,
2929 5266 3109 5306 secum
3141 5251 3323 5305 trahit.
3349 5250 3454 5306 Sed

1866 5356 1914 5409 id
1950 5370 2056 5409 non
2089 5353 2148 5406 lit
2171 5368 2238 5406 ex
2263 5350 2380 5421 ejus
2405 5348 2652 5404 violentia
2674 5389 2688 5414 ,
2717 5346 2812 5402 sed
2843 5354 3060 5416 propter
3085 5359 3184 5400 eos
3211 5343 3301 5415 qui
3329 5354 3456 5401 sunt

1865 5448 2038 5518 ignavi
2068 5456 2124 5502 et
2161 5445 2317 5500 facile
2357 5449 2784 5514 prosternuntur.
2831 5436 2910 5492 Ne
2949 5450 3079 5506 ergo
3105 5435 3452 5500 seducamur,

1864 5543 1960 5602 sed
1997 5541 2063 5596 ad
2091 5555 2154 5595 ea
2183 5553 2302 5610 quze
2347 5537 2529 5592 intima
2569 5541 2692 5590 sunt
2735 5531 2852 5604 ejus
2878 5527 3251 5602 perveniamus
3275 5571 3293 5592 .
3339 5529 3454 5588 loca

1930 5713 1946 5744 ‘
1984 5704 2143 5759 savii,
2170 5707 2306 5766 furor
2338 5697 2456 5759 ejus.
3345 5768 3350 5772 I
3419 5751 3445 5775 Φ
