3956 6396
563 273 668 334 3εό

565 390 685 455 ejus
709 380 1134 442 consideremus,
1150 382 1362 430 sacram
1383 380 1635 426 ancoram
1662 362 2147 437 apprchendamus,

565 454 625 534 nt
669 472 872 533 nullum
914 470 1178 545 patiamur
1213 458 1575 533 naufragium.
1626 456 1867 514 Torrens
1897 454 2043 510 enim
2071 459 2156 545 est

565 572 631 629 ad
665 581 874 641 tempus
899 544 1171 625 terribilis,
1210 566 1265 614 et
1288 564 1509 613 rursum
1536 564 1698 624 supra
1727 548 1945 641 modum
1970 544 2153 617 depri-

567 664 750 719 mitur.
780 637 943 730 quua
967 651 1301 709 absorbuisset
1327 656 1440 703 nos.
1494 645 1646 701 Alius
1678 640 1793 715 (tt),
1843 637 1986 694 Tunc
2025 640 2157 710 forte

567 769 713 826 aqua:
762 747 1138 806 inundavissent
1182 748 1275 798 nes
1326 739 1470 811 quasi
1502 746 1701 792 torrens
1752 736 2155 804 pertransettntes

563 824 741 900 contra
782 842 1008 897 anintant
1036 846 1281 892 nostram.
1326 824 1568 888 Forsitan
1608 827 1955 900 pertratt‘sisset
1983 825 2156 879 anima

565 944 742 992 nostra
768 950 954 1006 aquam
980 927 1367 985 intolerabilem.
1418 924 1607 990 Alius,
1657 918 1801 975 Tum:
1841 918 2156 975 lrunsiiss'ent

567 1043 718 1099 super
747 1027 975 1080 animant
1000 1028 1264 1085 nostram,
1314 1024 1569 1087 tamquam
1608 1020 1786 1079 aqute,
1830 1010 2031 1082 superbi
2055 1006 2152 1081 (ὁ).

569 1117 760 1174 Vidisti
801 1122 1057 1188 quantum
1099 1111 1168 1166 sit
1203 1110 1299 1165 Dei
1329 1105 1627 1162 auxilium?
1668 1100 1938 1174 quomodo
1974 1101 2026 1155 in
2079 1108 2157 1155 tot

568 1211 725 1265 malis
749 1214 856 1264 non
881 1205 1066 1263 siverit
1092 1217 1188 1260 eos
1208 1199 1472 1269 submergi
1495 1198 1524 1253 ἵ
1542 1195 1669 1252 ideo
1698 1194 1839 1250 enim
1870 1192 1998 1248 sinit
2015 1192 2154 1247 mala

568 1304 837 1368 crescere,
868 1314 975 1354 non
1001 1303 1060 1353 ut
1090 1310 1189 1351 nos
1217 1293 1479 1356 obruant,
1505 1288 1599 1345 sed
1628 1295 1687 1343 ut
1709 1285 1877 1357 magis
1907 1284 2157 1353 probatos

571 1388 837 1463 efﬁciant,
886 1398 940 1450 et
963 1409 1073 1450 sua:
1100 1390 1354 1463 potentia:
1388 1387 1646 1458 majorem
1679 1384 1913 1453 praebeat
1937 1380 2159 1436 demon-

573 1486 902 1545 strationem.
932 1481 1204 1555 Superbos
1231 1488 1408 1536 autem
1434 1477 1526 1533 hic
1543 1475 1671 1531 dicit
1692 1474 1895 1537 hostes,
1918 1470 2006 1542 qui
2027 1483 2161 1539 quo-

573 1578 655 1635 vis
681 1586 948 1642 torrente,
979 1584 1035 1632 et
1056 1572 1245 1646 quavis
1270 1586 1408 1642 aqua
1440 1564 1757 1623 intolerabili
1790 1561 2159 1619 vehementius

576 1672 874 1735 irruentes,
917 1666 1052 1723 nihil
1080 1667 1225 1737 ipsos
1250 1663 1525 1718 laeserunt.
1575 1656 1632 1714 in
1660 1665 1821 1713 causa
1856 1663 1940 1710 est
1980 1661 2158 1709 autem

576 1753 671 1816 Dei
695 1758 1022 1832 'przesidium
1046 1798 1063 1825 ,
1106 1755 1319 1812 caeleste
1363 1750 1696 1813 Subsidium,
1737 1744 1990 1803 auxilium
2018 1742 2160 1816 quod

574 1851 814 1923 superari
842 1863 948 1905 non
974 1855 1168 1920 potest.
1193 1845 1266 1901 Et
1293 1844 1413 1901 ideo
1440 1858 1561 1899 cum
1582 1842 1697 1912 ipse
1721 1838 1944 1895 dixisset
1967 1836 2161 1892 libera-

576 1946 775 2000 tionem
799 1956 829 1997 a
856 1941 1008 1997 malis
1032 1982 1047 2006 ,
1078 1939 1206 1995 dicit
1225 1950 1347 1994 eum
1376 1936 1535 1992 etiam
1563 1934 1650 2006 qui
1680 1932 1962 1997 liberavit,
2005 1930 2163 2001 idque

575 2038 695 2092 cum
733 2046 940 2091 summa
979 2031 1096 2101 ejus
1135 2028 1311 2085 laude.
1366 2026 1421 2084 Β.
1451 2024 1755 2081 Benedictus
1777 2018 2048 2087 Dominus,
2078 2019 2163 2084 qui

575 2130 676 2180 non
719 2125 858 2179 dedit
889 2139 980 2178 nos
1022 2123 1075 2177 in
1101 2121 1383 2192 captionem
1407 2116 1639 2173 demittas
1663 2128 1855 2170 eorum.
1898 2111 1956 2168 6.
1980 2112 2166 2166 Anima

575 2220 751 2274 nostra
770 2219 895 2272 sicut
927 2228 1101 2287 passer
1120 2219 1291 2283 erepta
1327 2219 1399 2266 est
1429 2210 1492 2264 de
1526 2210 1705 2280 laqueo
1732 2204 2040 2262 venantium.
2073 2203 2166 2258 Vis

572 2312 699 2367 disti
737 2308 1002 2382 quomodo
1028 2318 1179 2362 suam
1220 2303 1453 2361 ostendit
1486 2300 1900 2358 imbecillitatem
1920 2339 1935 2365 ,
1966 2306 2020 2354 et
2046 2295 2167 2352 illo-

575 2401 698 2458 ium
729 2400 1055 2473 potentiam?
1084 2399 1164 2455 Ilii
1182 2398 1326 2453 enim
1357 2406 1608 2467 tanquam
1638 2392 1767 2450 ferae
1795 2401 1850 2449 et
1867 2393 2053 2447 leones
2070 2398 2166 2447 eos

575 2493 903 2549 invadebant
924 2533 938 2557 ,
971 2490 1139 2562 parati
1164 2489 1250 2544 vel
1271 2500 1458 2543 eorum
1487 2485 1630 2542 vesci
1661 2484 1911 2540 carnibus
1929 2524 1944 2551 ,
1973 2482 2164 2538 armati

575 2597 634 2642 et
662 2585 863 2642 viribus
886 2594 942 2641 et
968 2581 1238 2639 iracundia
1262 2596 1277 2646 ;
1321 2580 1378 2635 bi
1404 2588 1533 2635 vero
1560 2586 1713 2633 erant
1737 2574 1924 2647 quovis
1948 2586 2168 2645 passere

580 2676 976 2735 imbecilliores.
1002 2670 1153 2730 Tunc
1168 2674 1310 2729 enim
1339 2670 1431 2727 Dei
1452 2669 1704 2726 miracula
1733 2667 1965 2724 maxime
1986 2673 2172 2722 osteno

577 2766 798 2835 duntur,
829 2762 1042 2838 quando
1063 2763 1154 2836 qui
1179 2771 1303 2818 sunt
1324 2760 1595 2825 imbecilli,
1621 2768 1877 2830 superant
1902 2758 2169 2828 potentio-

580 2863 689 2917 res.
723 2859 831 2916 Nec
851 2870 917 2914 eo
953 2858 1125 2913 solum
1163 2863 1318 2912 erant
1355 2851 1564 2909 insidia:
1591 2851 1953 2908 intolerabiles
1977 2891 1992 2916 ,
2025 2849 2167 2921 quod

582 2954 656 3008 illi
681 2953 894 3024 quidem
921 2958 1102 3006 essent
1128 2956 1375 3020 potentes
1400 2954 1456 3002 et
1477 2944 1743 3001 terribiles
1762 2984 1777 3009 ,
1811 2942 1888 2998 ira
1917 2938 2082 3013 pleni,
2114 2944 2170 2996 et

537 3033 548 3046 ’
578 3048 662 3103 vel
687 3059 872 3102 eorum
913 3043 1162 3099 carnibus
1191 3041 1336 3097 vesci
1362 3039 1533 3110 parati
1562 3054 1576 3092 :
1607 3037 1661 3092 hi
1689 3046 1866 3092 autem
1895 3035 2165 3098 imbecilli,

579 3146 635 3197 et
662 3140 845 3210 pauci,
896 3138 987 3209 qui
1030 3132 1182 3191 facile
1221 3133 1401 3190 invadi
1430 3140 1686 3204 possent:
1711 3131 1804 3187 sed
1835 3131 1997 3185 ctiam
2024 3128 2167 3200 quod

582 3239 765 3290 essent
801 3233 855 3287 in
895 3228 1086 3286 mediis
1123 3227 1276 3283 malis
1315 3226 1617 3296 intercepti,
1663 3233 1717 3281 et
1746 3221 1979 3295 undique
2007 3222 2169 3280 cincti

581 3323 999 3388 difficultatibus,
1020 3318 1283 3377 haberent
1300 3318 1534 3388 undique
1551 3314 1690 3374 bella
1709 3326 1803 3372 eos
1822 3316 2171 3372 circumstané

586 3422 655 3475 tia
689 3439 703 3475 :
735 3418 828 3476 Sed
857 3416 946 3489 qui
966 3422 1049 3472 est
1067 3415 1297 3471 maxima
1323 3420 1587 3484 potestate
1617 3411 1891 3482 praeditus,
1918 3420 1973 3467 et
1995 3413 2171 3481 potest

583 3511 814 3582 untdique
836 3518 1175 3570 conservare,
1202 3505 1361 3563 etiam
1388 3514 1668 3577 postquam
1693 3500 1927 3576 pericula
1948 3510 2003 3560 et
2028 3504 2167 3559 maia

582 3602 1066 3666 circumsederunt;
1117 3599 1477 3670 nos,‘int1uit,
1526 3598 1774 3654 liberavit
1817 3612 1938 3653 cum
1979 3610 2169 3669 magna

583 3694 851 3750 facilitate.
902 3693 1054 3762 Quod
1081 3692 1294 3764 quidem
1324 3692 1509 3747 volens
1534 3689 1819 3747 oSIendere
1838 3734 1854 3761 ,
1882 3692 1959 3747 sic
1987 3690 2125 3747 dixit
2152 3709 2167 3745 :

581 3786 763 3840 Anima
781 3795 956 3840 nostra
970 3785 1099 3839 sicut
1118 3794 1291 3855 passer
1301 3794 1471 3855 erepta
1492 3782 1642 3839 estde
1660 3784 1838 3856 laqueo
1860 3784 2166 3839 venantium.

582 3876 634 3931 7.
666 3873 900 3951 Laqueus
922 3877 1175 3932 contritus
1192 3885 1285 3944 est,
1315 3886 1362 3932 et
1387 3892 1478 3932 nos
1503 3876 1703 3932 liberati
1726 3884 1919 3931 sumus.
1964 3877 2170 3933 Deinde

581 3970 870 4025 ostendens
894 3971 1053 4025 etiam
1083 3970 1387 4039 quomodo,
1416 3969 1690 4040 subjunxit
1710 4013 1726 4032 .
1757 3969 1810 4027 8.
1841 3970 2168 4038 Adjutoriant

582 4068 807 4114 nostrum
842 4061 895 4113 in
923 4062 1125 4115 nomine
1149 4060 1378 4124 Danlint',
1405 4060 1491 4129 qui
1518 4063 1639 4131 fecit
1676 4058 1854 4115 ctutum
1883 4074 1931 4115 et
1961 4069 2167 4115 terram.

584 4150 775 4206 Vidisti
814 4150 1143 4206 auxiliatoris
1169 4150 1455 4206 virtutem?
1480 4150 1658 4206 vidisti
1692 4152 2022 4223 potentiam?
2052 4153 2188 4224 Ipsa

581 4241 746 4298 etiam
769 4240 1075 4297 insidiarum
1105 4240 1424 4297 adminicula
1444 4242 1677 4296 sustulit.

657 4330 879 4405 Quantis
910 4348 1003 4392 nos
1040 4334 1247 4391 auxiliis
1302 4332 1596 4390 instruxerit
1619 4334 1758 4390 Deus
1786 4336 2022 4393 adversus
2050 4338 2169 4393 dia-

580 4430 790 4495 bolum;
816 4429 902 4498 qui
926 4428 986 4500 ﬁt
1012 4429 1075 4483 ab
1112 4428 1223 4498 ipso
1260 4434 1353 4482 nos
1388 4435 1553 4483 tamen
1582 4428 1732 4482 vinci.
1760 4456 1831 4469 ι-
1860 4428 1974 4484 Hoc
2009 4430 2166 4485 etiam

580 4521 868 4592 anagogice
897 4521 1164 4590 acceperit
1200 4516 1463 4591 quispiam
1504 4518 1573 4576 de
1607 4518 1822 4576 diabolo
1845 4564 1861 4587 ,
1907 4523 2054 4578 etde
2079 4538 2169 4593 ge-

580 4618 712 4666 nere
742 4611 1038 4666 homirnam.
1069 4610 1317 4667 Ostendit
1350 4612 1548 4684 quippe
1590 4612 1862 4684 quomodo
1887 4614 2164 4683 eripuerit,

580 4717 635 4755 et
661 4695 777 4772 ejus
806 4702 1080 4757 sustulerit
1113 4701 1335 4759 insidias
1367 4722 1380 4759 :
1416 4701 1520 4758 hoc
1564 4706 1708 4760 enim
1754 4704 1948 4761 laetum
1980 4714 2063 4760 est
2101 4714 2166 4762 ex

579 4794 688 4857 quo
708 4790 841 4845 dixit
863 4791 1141 4862 discipulis
1170 4811 1185 4847 :
1215 4793 1480 4848 Ambulate
1508 4809 1663 4866 super
1682 4806 1936 4867 serpentes
1956 4805 2004 4852 et
2030 4813 2169 4851 scor-

577 4880 773 4949 piones,
801 4891 847 4934 et
865 4895 1018 4952 super
1036 4898 1232 4937 onmem
1253 4892 1547 4954 potestatem
1567 4885 1756 4940 inimici
1772 4884 1921 4959 (Luc.
1946 4886 2030 4943 10.
2052 4887 2164 4957 19).

580 4972 696 5028 Non
723 4972 865 5027 enim
898 4980 983 5028 est
1008 4973 1236 5043 amplius
1259 4975 1725 5044 apertum-bellum
1748 5020 1764 5045 ,
1792 4990 1892 5034 nec
1919 4993 1985 5033 ex
2013 4994 2169 5049 aequo

577 5064 837 5121 instructa
875 5064 1019 5119 acies
1044 5081 1059 5132 ;
1103 5064 1198 5120 sed
1221 5065 1313 5120 ille
1337 5065 1551 5137 quidem
1569 5067 1712 5138 jacet
1736 5074 1935 5140 pronus
1959 5079 2015 5125 et
2042 5085 2168 5140 pro-

577 5156 854 5221 ettmbens,
887 5167 940 5211 tu
958 5166 1137 5213 autem
1165 5167 1277 5212 stas
1300 5170 1529 5225 erectus,
1551 5174 1614 5216 ex
1640 5162 1748 5215 alto
1776 5176 1898 5216 eum
1930 5161 2163 5218 feriens:

580 5252 676 5310 ille
712 5249 929 5320 quidem
974 5260 1292 5319 enervatus,
1344 5262 1403 5307 tu
1430 5260 1559 5306 Vero
1585 5254 1833 5308 robustus
1861 5258 1915 5309 et
1938 5254 2163 5309 validus.

578 5340 681 5408 Qui
700 5341 760 5395 iit
776 5352 906 5414 ergo
925 5347 985 5397 ut
1007 5356 1151 5414 stupe
1176 5345 1391 5400 vincat?
1419 5340 1533 5400 Hoc
1563 5344 1615 5399 tit
1641 5358 1705 5401 ex
1725 5350 1903 5400 nostra
1935 5347 2162 5417 ignavia,

639 5517 717 5639 ta
1341 5526 1606 5639 ma

624 5576 717 5652 sib)
749 5586 858 5652 meo
881 5576 1221 5652 interpretatio
1245 5593 1324 5634 est
1347 5576 1556 5652 Kquilae,
1579 5593 1635 5636 ut
1667 5589 1715 5638 in
1739 5589 1967 5652 Hexaplis
1988 5591 2166 5640 nostris

1154 5648 1337 5721 άςῆηηι
1461 5640 1624 5721 νοέθς,
1646 5640 2037 5720 ιαησηηηίιηιιιω
2080 5664 2167 5721 (ὡς

591 5698 649 5740 τὰ
669 5698 853 5763 ὕδατα),
875 5716 987 5764 quae
1009 5711 1170 5756 tamen
1200 5711 1277 5758 hic
1302 5698 1636 5774 requiruntur.

1321 260 1389 317 ‘S.
1428 252 1703 314 JOANNIS
1730 245 2164 308 'CIIRYSOSTOR

2267 238 2570 303 litClllEP.
2610 242 3143 305 CONSTANTINOP.
3685 256 3765 314 358‘

2260 374 2323 416 ex
2356 350 2598 416 socordia
2627 364 2814 417 eorum
2845 361 2934 432 qui
2972 360 3264 417 dormiunt.
3305 361 3360 418 Si
3388 358 3506 420 velis
3538 366 3685 439 itaque
3703 386 3767 421 re.

2260 452 2477 513 sistere.
2528 464 2636 506 non
2681 451 2843 507 audet
2879 462 3056 507 tecum
3094 453 3346 509 instructa
3375 455 3482 510 acie
3514 456 3762 532 Conﬂigcre

2259 540 2411 610 Quod
2439 543 2484 596 si
2508 541 2671 599 vincit
2713 543 3105 612 dormientem,
3154 545 3208 601 id
3235 560 3339 601 non
3377 545 3512 603 illius
3546 552 3766 621 potentis,

2259 634 2355 690 sed
2382 643 2485 689 tute
2514 635 2850 691 tribuendum
2874 646 2957 692 est
2984 636 3339 709 negligentie.
3385 639 3508 708 Quis
3530 643 3653 698 enim
3673 644 3767 700 tior-

2254 726 2513 781 tulentem
2543 740 2650 782 non
2677 728 2901 795 vicerit,
2933 728 3035 783 etsi
3061 729 3132 784 sit
3159 729 3393 785 omnium
3421 731 3767 801 imbecillitatis?

2262 816 2520 886 Alligatus
2549 815 2809 872 estfortis
2823 860 2838 884 ,
2886 818 3270 890 impedimonta
3293 820 3407 892 ejus
3429 822 3592 879 omnia
3611 825 3769 897 direpta

2260 916 2385 963 sunt
2408 950 2421 972 ,
2447 909 2610 965 fracta
2636 919 2721 966 est
2747 912 3005 982 potentia,
3039 920 3251 983 ruptum
3274 925 3358 970 est
3378 929 3440 971 ac
3450 916 3664 974 dirutum
3687 921 3772 991 ejus

2262 999 2617 1056 habitaculum
2638 1042 2652 1067 ,
2700 1000 2921 1058 frameae
2946 1003 3062 1073 ejus
3088 1004 3417 1061 defecerunt.
3466 1006 3592 1076 Quid
3623 1011 3689 1064 vis
3714 1012 3774 1065 his

2260 1094 2527 1165 amplius?
2576 1110 2678 1165 qua
2736 1095 2807 1152 de
2862 1106 3025 1153 eausa
3062 1110 3185 1153 eum
3229 1098 3424 1155 times?
3462 1115 3553 1157 cur
3588 1106 3775 1159 vererisl

2256 1181 2451 1239 Iussus
2477 1199 2536 1239 es
2562 1186 2881 1243 conculcate
2908 1202 3052 1256 eum,
3084 1190 3174 1259 qui
3203 1197 3287 1245 est
3305 1200 3576 1248 enervatus
3601 1211 3613 1246 :
3636 1210 3775 1263 qnam-

2260 1273 2446 1329 obrem
2461 1312 2483 1342 ,
2511 1274 2628 1343 dic,
2655 1291 2839 1346 quaeso
2858 1318 2873 1343 ,
2916 1280 3330 1335 contremiscisi
3372 1296 3465 1335 cur
3483 1285 3713 1338 cunctaris
3731 1300 3776 1338 ac

2261 1363 2509 1420 dubitas?
2562 1368 2756 1422 Annon
2803 1369 3008 1438 cogitas
3036 1370 3210 1440 qualis
3236 1371 3306 1426 sit
3332 1373 3420 1442 qui
3448 1372 3537 1428 tibi
3563 1373 3651 1429 lett
3668 1377 3776 1429 auxi-

2258 1454 2435 1511 liumi
2474 1455 2589 1513 Non
2638 1460 2811 1515 solum
2836 1460 2978 1516 enim
3009 1460 3181 1518 hostis
3209 1472 3331 1518 tuus
3368 1466 3529 1521 iactus
3558 1477 3631 1521 est
3652 1466 3775 1522 imbe-

2257 1545 2480 1603 cillior:
2511 1548 2609 1604 Sed
2646 1549 2811 1605 etiam
2860 1558 3007 1605 tuum
3054 1552 3228 1622 majus
3250 1563 3337 1609 est
3364 1555 3619 1610 auxilium.

2265 1648 2453 1710 pressa
2463 1649 2551 1696 est
2573 1642 2750 1698 carnis
2770 1644 3073 1712 exsultatio,
3097 1648 3301 1716 peccati
3321 1647 3491 1703 ablata
3507 1658 3586 1705 est
3600 1651 3776 1715 sarcina,

2261 1731 2486 1800 gratiam
2510 1731 2741 1802 Spiritus
2769 1736 3054 1806 accepisti,
3082 1746 3204 1808 qure
3245 1738 3404 1795 habet
3428 1741 3529 1796 vim
3552 1744 3771 1797 unctitinis.

2268 1823 2406 1879 Nam
2421 1826 2561 1898 quod
2582 1827 2890 1896 impossibile
2914 1840 3022 1884 erat
3050 1830 3180 1902 legi,
3210 1831 3266 1885 in
3292 1847 3390 1901 quo
3413 1844 3516 1887 erat
3538 1834 3776 1888 imbecillam

2266 1930 2358 1986 per
2385 1932 2587 1972 carnem
2606 1959 2622 1985 ,
2654 1918 2792 1975 Beate
2836 1920 2992 1975 alitro
3033 1934 3125 1976 suo
3154 1921 3295 1977 Filio
3312 1924 3366 1977 in
3390 1926 3684 1981 similitudine
3698 1942 3776 1980 car-

2266 2010 2346 2063 nis
2389 2011 2579 2079 peccati
2601 2050 2618 2075 ,
2663 2021 2713 2065 et
2751 2013 2814 2066 de
2860 2024 3064 2083 peccato
3110 2015 3460 2071 condemnauit
3500 2030 3713 2089 peccatum
3740 2020 3774 2072 in

2265 2110 2453 2166 carne,
2481 2110 2537 2155 ut
2552 2101 2860 2171 justiﬁcati‘o
2884 2104 3011 2175 legis
3040 2106 3334 2177 impleretur
3356 2109 3410 2163 in
3435 2110 3568 2164 nobis
3584 2151 3598 2177 ,
3619 2111 3687 2180 qui
3706 2126 3773 2164 non

2266 2191 2542 2246 secundum
2571 2182 2775 2249 cornea!
2801 2195 3121 2252 Mutamus
3147 2197 3327 2267 (Rom.
3351 2200 3403 2257 8.
3432 2201 3484 2257 5.
3509 2202 3579 2272 Δ).
3606 2202 3772 2257 Carnem

2266 2280 2395 2340 fecit
2416 2284 2508 2341 tibi
2527 2287 2870 2356 morigerum,
2898 2300 3046 2344 arma
3070 2289 3165 2345 tibi
3195 2290 3436 2357 donavit,
3467 2292 3697 2348 thoracem
3715 2292 3775 2362 jus

2267 2376 2465 2443 sutite,
2491 2375 2762 2448 cingulum
2790 2378 3065 2446 veritatis,
3105 2381 3317 2451 galeam
3353 2383 3561 2448 salutis,
3596 2385 3774 2454 clypeum

2268 2464 2413 2532 titloi,
2439 2467 2674 2538 gladium
2709 2469 2962 2541 Spiritus,
2989 2472 3203 2529 arrham
3232 2474 3401 2542 dedit,
3429 2486 3632 2549 corpore
3649 2489 3724 2531 suo
3741 2484 3774 2528 te

2270 2561 2456 2628 nutrit,
2473 2562 2787 2634 sanguinem
2798 2574 2953 2619 suum
2968 2564 3063 2620 tibi
3080 2565 3371 2623 bibendum
3388 2568 3612 2639 porrigit,
3623 2578 3772 2622 autem

2270 2655 2366 2710 tibi
2399 2664 2673 2726 tamquam
2721 2655 2960 2713 lanceam
3005 2657 3058 2713 in
3100 2670 3297 2717 manus
3321 2657 3771 2733 audiuntaut.

2272 2746 2358 2804 li.
2386 2748 2580 2820 seqq),
2629 2749 2865 2805 lanceam
2908 2762 3027 2821 qua:
3073 2762 3365 2823 numquam
3398 2754 3645 2810 tlectitur:
3676 2752 3775 2806 illum

2270 2842 2525 2913 alligavit,
2546 2841 2701 2907 humi
2727 2842 2967 2912 projecit.
2995 2841 3110 2898 Non
3134 2844 3302 2900 habes
3322 2846 3497 2917 itaque
3510 2857 3603 2918 quo
3620 2850 3664 2900 te
3678 2842 3777 2898 dein.

2269 2952 2398 3008 ceps
2422 2937 2679 2993 deitindas
2696 2980 2711 3003 ,
2739 2939 2784 2994 si
2813 2938 3042 2993 vincat-is
3072 2956 3086 2993 :
3114 2947 3170 2995 et
3197 2939 3245 2994 si
3278 2939 3592 3011 proﬂigatis,
3625 2954 3705 2993 non
3725 2944 3777 2989 est

2272 3031 2365 3086 tibi
2392 3028 2568 3085 danda
2597 3031 2773 3086 venia.
2805 3030 2980 3086 Habes
3006 3030 3149 3086 enim
3182 3031 3489 3089 innumeras
3509 3029 3775 3086 victoriam-

2269 3135 2381 3182 ωε.
2407 3122 2641 3192 Laqueus
2665 3124 2910 3178 contritus
2935 3131 3029 3191 est,
3057 3122 3250 3194 inquit,
3271 3134 3319 3179 et
3335 3141 3425 3180 nos
3444 3124 3621 3179 liberati
3638 3130 3772 3176 suntut.

2272 3216 2598 3285 Λάμπον-ἕκτη
2625 3223 2855 3270 uestrum
2881 3216 2935 3270 in
2958 3216 3162 3271 nomine
3195 3214 3406 3271 Domini
3428 3217 3512 3286 qui
3531 3217 3634 3289 fecit
3652 3211 3776 3267 celum

2271 3315 2316 3362 et
2344 3312 2550 3362 terram.
2594 3306 2754 3363 Vides
2773 3307 2985 3379 qualem
3014 3307 3181 3364 habes
3214 3307 3602 3378 Imperatorem,
3624 3303 3775 3377 qualem

2273 3400 2472 3470 Regem
2492 3438 2505 3465 ,
2536 3406 2658 3454 eum
2686 3400 2776 3471 qui
2804 3408 2888 3454 eet
2930 3400 3165 3456 universi
3189 3399 3383 3471 Opifex‘
3402 3442 3416 3468 ,
3444 3415 3557 3457 eum
3592 3397 3666 3470 qui
3699 3392 3776 3449 sola

2273 3491 2437 3546 verbo
2467 3491 2546 3545 tot
2570 3504 2796 3561 corpora
2825 3491 3106 3560 produxit,
3161 3496 3375 3547 tantam-
3390 3492 3572 3547 molem
3594 3530 3607 3555 ,
3634 3494 3775 3540 mutam

2272 3582 2727 3654 magnitudinem?
2755 3581 2834 3639 Ne
2856 3583 3093 3637 animum
3110 3580 3364 3638 demittas
3380 3624 3396 3648 ,
3428 3582 3541 3637 furti
3563 3580 3706 3634 animo
3722 3587 3779 3627 rc-

2272 3675 2452 3729 sistas.
2510 3673 2654 3729 Nihil
2726 3680 2871 3730 vetat
2916 3672 3202 3745 quominus
3228 3683 3502 3745 tropaeum
3548 3682 3672 3726 tuum
3709 3671 3777 3719 sic!

2272 3774 2533 3821 erectum.
2566 3765 2693 3820 limo
2714 3776 2844 3837 ergo
2871 3779 2993 3820 cum
3016 3765 3250 3821 sciamus
3270 3808 3286 3834 ,
3313 3778 3349 3820 ο
3372 3764 3568 3826 dilecti,
3588 3756 3715 3816 sobrii
3732 3754 3778 3807 si-

2273 3873 2394 3913 mus
2409 3899 2425 3925 ,
2456 3866 2826 3913 concertemus
2848 3897 2864 3924 ,
2904 3870 3005 3913 nec
3029 3854 3363 3912 dormiamus
3383 3898 3399 3922 ,
3444 3854 3534 3910 sed
3556 3865 3656 3908 cum
3671 3859 3777 3901 at!“a

2273 3950 2701 4016 absterserimus,
2720 3951 2991 4021 animique
3004 3949 3338 4007 alacritatem
3347 3940 3776 4006 continuaverimas.

2275 4047 2486 4103 hostem
2537 4045 2752 4101 assidue
2796 4044 3085 4109 feriamus,
3127 4050 3187 4099 ut
3210 4033 3778 4113 cum'przeclaratnvidﬂ‘

2273 4139 2407 4193 riam
2426 4136 2789 4202 retulerimus,
2808 4150 2930 4191 cum
2958 4148 3147 4206 magna
3169 4136 3343 4206 gloria
3360 4146 3567 4205 regnum
3590 4127 3777 4184 celerum

2272 4243 2663 4299 consequamur
2686 4246 2700 4283 :
2727 4227 2867 4298 quod
2899 4228 3052 4282 nobis
3079 4226 3237 4281 detur
3260 4226 3467 4297 assequi
3489 4221 3635 4293 gratia
3656 4220 3698 4270 et
3718 4210 3779 4263 lie-

2273 4322 2530 4393 nignitate
2571 4320 2781 4375 Domini
2808 4321 2974 4375 nostri
3019 4319 3146 4374 Iesu
3189 4318 3388 4373 Christi
3413 4358 3428 4384 ,
3476 4315 3554 4369 cui
3593 4305 3725 4381 giuria
3743 4306 3778 4351 (τι

2273 4413 2552 4484 imperium
2584 4412 2637 4466 in
2666 4411 2859 4467 saecula
2887 4410 3230 4465 szrcuiorum.
3254 4412 3444 4464 Amen.

2714 4538 2780 4599 IN
2819 4531 3139 4600 psmwu’
3166 4516 3413 4600 CXXIV.
3600 4606 3607 4613 ,

2379 4661 2432 4716 1.
2468 4658 2570 4725 Qui
2597 4658 2861 4728 conﬁdunt
2886 4658 2938 4712 in
2966 4657 3184 4714 Domino
3206 4697 3223 4722 ,
3252 4657 3385 4713 sicut
3411 4669 3546 4710 mons
3568 4648 3694 4704 Sion.

2348 4778 2398 4833 ί·
2429 4774 2566 4842 Quid
2595 4772 2694 4828 sibi
2722 4774 2836 4829 vult
2857 4770 3058 4827 additio
3090 4768 3220 4827 Sion
3237 4773 3265 4827 !
3289 4782 3388 4827 cur
3411 4769 3547 4826 enim
3571 4776 3660 4819 non
3684 4752 3777 4810 dixit

2272 4870 2513 4927 absolute
2532 4913 2548 4937 ,
2578 4871 2724 4927 Sicut
2752 4882 2898 4924 mons
2916 4910 2931 4933 ,
2960 4867 3054 4923 sed
3089 4868 3234 4922 illius
3260 4865 3459 4922 montis
3481 4848 3715 4916 meminit?
3734 4845 3778 4901 Ut

2272 4964 2460 5019 doceat
2490 4976 2597 5018 non
2624 4962 2822 5018 debere
2862 4968 2963 5017 nos
2993 4960 3229 5015 animum
3278 4957 3506 5027 dejicere
3530 4954 3577 5008 in
3611 4941 3777 5005 calami-

2273 5057 2505 5122 tatibus,
2548 5062 2651 5110 nee
2692 5055 2764 5110 ab
2800 5054 2863 5108 iis
2893 5052 3258 5124 pessumdari,
3289 5050 3382 5107 sed
3414 5065 3443 5103 a
3467 5061 3556 5116 spe
3590 5044 3634 5098 in
3658 5038 3777 5093 Deum

2273 5150 2568 5221 pendentes
2587 5189 2603 5211 ,
2627 5151 2803 5203 munia
2835 5147 2976 5203 ferre
3000 5146 3233 5210 fortiter,
3264 5145 3400 5202 bella
3417 5185 3432 5210 ,
3461 5149 3638 5213 pugnas
3657 5136 3698 5187 et
3721 5138 3776 5182 tu-

2272 5243 2490 5295 multus.
2542 5237 3000 5309 Quemadmodum
3045 5241 3189 5292 enim
3232 5237 3331 5293 bic-
3361 5244 3509 5291 mons
3536 5227 3617 5302 qui
3651 5222 3775 5309 fuerat

2273 5304 2593 5403 quandoque
2638 5332 2884 5386 desertus
2906 5371 2921 5396 ,
2968 5339 3018 5385 et
3071 5330 3298 5385 nudatus
3336 5304 3774 5383 Itabitatoribus,ad

2272 5426 2503 5496 priorem
2531 5424 2762 5478 redierat
2790 5425 3220 5493 prosperitatem,
3253 5421 3410 5477 veteri
3435 5425 3566 5473 statu
3589 5411 3771 5496 recepto.

2269 5493 2393 5574 eum
2438 5519 2627 5574 incolas
2667 5517 2949 5572 rediissem
2969 5559 2984 5583 ,
3030 5527 3086 5573 et
3113 5516 3362 5573 miracula
3391 5522 3560 5571 rursus
3581 5493 3773 5560 ostende-

2270 5618 2455 5666 rentur
2484 5625 2497 5664 :
2526 5610 2596 5688 ita
2628 5610 2789 5665 etiam
2816 5610 2899 5664 vir
2924 5609 3073 5663 fortis
3093 5650 3109 5671 ,
3138 5608 3261 5664 licet
3284 5607 3350 5662 ab
3380 5596 3641 5661 innumeris
3663 5591 3769 5643 ἰηνεισ

2272 5702 2433 5758 datur
2462 5686 2882 5767 calamitatibus,
2917 5718 3019 5757 non
3049 5710 3336 5758 evertetur.
3378 5696 3450 5753 Nc
3476 5700 3588 5761 ει·εο
3607 5686 3767 5756 ⁴1¹¹³¹⁵τ³⁹
