3956 6464
272 378 374 435 357

275 493 435 549 vitam
467 493 534 547 ab
560 491 805 546 omnibus
833 487 1054 558 negotiis
1080 494 1137 540 et
1163 484 1416 538 :erumnis
1444 490 1721 544 remotam,
1753 477 1848 532 sed

270 599 429 656 quam
452 583 672 637 minime
696 580 974 635 detrahant
991 578 1240 648 pericula.
1260 578 1358 630 Ars
1379 574 1517 629 enim
1536 589 1637 626 non
1660 571 1848 626 eodem

271 673 433 729 modo
459 672 782 735 ostenditur,
826 671 869 725 si
895 669 1013 741 quis
1048 668 1101 722 in
1133 675 1284 735 portu
1319 664 1536 730 sedeat,
1569 672 1625 719 et
1661 662 1704 717 si
1731 662 1851 732 quis

276 764 536 819 undosum
565 777 712 816 mare
735 761 1071 827 transmittat.
1100 758 1193 812 ille
1221 756 1360 811 enim
1392 755 1610 825 ignavus
1629 794 1642 817 ,
1673 752 1850 806 mollis

275 864 328 911 et
351 864 636 910 enervatus
658 853 898 908 redditur
925 869 938 905 :
968 851 1051 905 hic
1074 858 1251 905 autem
1277 891 1293 915 ,
1332 847 1423 918 qui
1464 847 1656 901 multas
1690 860 1851 915 rupes

276 948 330 1001 in
356 946 486 999 mari
514 945 757 1009 latentes,
790 943 989 997 multos
1027 940 1274 1010 secpulos
1298 980 1313 1005 ,
1347 939 1540 993 multos
1568 946 1847 992 ventorum
1872 1008 1881 1014 _

275 1037 542 1104 impetus,
587 1044 642 1090 et
667 1034 767 1088 alia
796 1033 955 1088 maris
994 1031 1223 1103 pericula
1249 1028 1536 1095 sustinuit,
1571 1028 1623 1082 in
1663 1026 1852 1096 hisque

276 1130 523 1186 omnibus
547 1130 815 1193 excelluit,
843 1128 1076 1180 animum
1104 1140 1256 1180 suum
1280 1123 1570 1177 ﬁrmiorem
1602 1119 1850 1174 reddidit.

275 1224 333 1279 lu
366 1225 502 1277 hanc
524 1222 666 1276 enim
700 1221 856 1274 vitam
883 1217 1146 1273 deductus
1175 1231 1234 1271 es
1254 1256 1267 1279 ,
1301 1228 1408 1268 non
1440 1220 1499 1267 ut
1524 1212 1598 1266 sis
1627 1210 1850 1277 otiosus,

277 1331 375 1371 nec
404 1325 458 1369 ut
494 1314 568 1368 sis
595 1313 851 1383 abjectns,
896 1325 993 1365 nec
1019 1319 1076 1363 ut
1101 1308 1194 1362 tibi
1225 1305 1353 1360 nihil
1374 1304 1590 1359 adversi
1616 1303 1848 1367 eveniat,

278 1409 370 1463 sed
401 1417 454 1461 ut
487 1408 665 1477 gravia
712 1418 895 1472 passus
936 1402 1131 1458 evadas
1176 1398 1387 1454 clarior.
1430 1395 1506 1451 Ne
1532 1395 1757 1450 otiosam
1791 1407 1854 1448 ac

277 1498 553 1552 remissam
575 1536 591 1562 ,
634 1493 1090 1563 voluptatibusque
1119 1499 1173 1546 et
1207 1487 1411 1544 deliciis
1454 1487 1663 1556 plenam
1691 1485 1855 1538 vitam

278 1604 597 1660 quaeramus.
621 1587 733 1642 Non
755 1595 837 1641 est
860 1586 1001 1641 enim
1030 1584 1126 1637 viri
1156 1582 1328 1647 fortis,
1347 1579 1440 1636 sed
1465 1579 1640 1649 potius
1662 1577 1856 1633 vermis

282 1683 381 1735 hoc
409 1680 750 1743 desiderium,
783 1676 919 1746 ejus,
946 1676 1180 1744 inquam,
1216 1671 1391 1742 potius
1416 1669 1502 1739 qui
1528 1678 1611 1724 est
1634 1666 1855 1722 rationis

279 1786 469 1841 expers
488 1810 504 1837 ,
531 1784 688 1839 quam
719 1769 832 1836 ejus
861 1767 948 1837 qui
978 1775 1061 1821 est
1085 1765 1290 1818 ratione
1317 1760 1592 1832 praeditus.
1632 1758 1736 1814 Sed
1763 1772 1856 1812 ora

279 1862 491 1932 quidem
520 1861 751 1915 maxime
791 1867 847 1913 ut
875 1873 980 1913 non
1013 1857 1174 1910 intres
1207 1854 1260 1908 in
1289 1852 1631 1908 tentationem
1668 1866 1681 1903 :
1714 1847 1856 1919 quod

279 1956 322 2009 si
355 1955 408 2008 in
437 1968 553 2008 eam
582 1950 897 2022 quandoque
935 1946 1182 2003 incideris
1205 1987 1220 2014 ,
1264 1959 1331 1999 ne
1375 1957 1515 2012 aegre
1557 1941 1726 2004 feras,
1762 1953 1860 1994 nec

282 2043 615 2101 conturberis
638 2084 653 2108 ,
701 2041 794 2096 sed
822 2039 903 2095 fac
929 2038 1106 2094 omnia
1131 2079 1147 2105 ,
1191 2046 1247 2091 ut
1278 2033 1474 2091 evadas
1501 2032 1712 2088 clarior.
1741 2030 1854 2086 Non

281 2136 428 2190 vides
478 2134 639 2188 fortes
670 2132 864 2186 milites
889 2172 904 2195 ,
951 2127 1218 2200 quomodo
1255 2126 1479 2182 vocante
1510 2124 1635 2179 tuba
1659 2132 1857 2192 tropaea

276 2226 570 2298 rcSpiciunt
589 2265 609 2291 ,
653 2223 921 2286 victorias,
949 2235 1174 2275 coronas
1198 2228 1252 2274 et
1277 2217 1504 2286 majores
1531 2230 1654 2269 suos
1681 2212 1769 2283 qui
1798 2227 1858 2268 se

279 2315 534 2386 praeclare
574 2312 891 2383 gesserunt?
936 2310 1002 2365 Et
1034 2318 1087 2363 tu
1114 2323 1240 2378 ergo
1266 2321 1387 2361 cum
1416 2306 1538 2360 tuba
1566 2303 1856 2374 spiritualis

275 2417 452 2473 sonat,
474 2414 550 2461 sta
572 2407 727 2461 leone
746 2403 1033 2457 animosior
1057 2418 1069 2454 :
1089 2401 1200 2455 sive
1221 2399 1288 2453 sit
1316 2398 1470 2467 ignis,
1497 2396 1609 2453 sive
1632 2395 1854 2459 ferrum,

274 2498 575 2570 ingredere.
628 2496 813 2551 Sciunt
840 2493 921 2548 vel
965 2493 1076 2563 ipsa
1120 2490 1378 2546 elementa
1420 2502 1552 2550 eos,
1601 2486 1691 2556 qui
1733 2493 1860 2540 sunt

274 2589 444 2645 virilis
472 2588 664 2650 animi,
709 2584 965 2640 revereri.
1006 2583 1190 2637 Solent
1232 2581 1391 2635 etiam
1438 2578 1562 2633 fera:
1609 2587 1857 2649 strenuos

279 2682 425 2735 viros
445 2679 835 2749 pertimescere.
867 2673 1118 2741 Quamvis
1140 2687 1229 2727 eas
1256 2672 1440 2734 fames,
1470 2668 1711 2739 quamvis
1743 2667 1856 2736 ipsa

274 2780 463 2825 natura
483 2768 652 2822 irritet
670 2775 722 2821 et
748 2765 952 2831 efferet,
978 2765 1213 2817 omnium
1240 2760 1620 2817 obliviscuntur
1643 2757 1856 2828 quando

271 2861 471 2933 justum
511 2858 775 2929 viderint,
825 2856 1062 2925 iramque
1091 2868 1239 2908 suam
1278 2851 1548 2907 cohibent.
1606 2849 1699 2904 His
1729 2864 1858 2919 ergo

273 2953 441 3006 armis
480 2949 735 3004 muniaris
756 2990 769 3013 ,
808 2955 862 3002 ct
889 2948 1066 3017 ignem
1095 2960 1200 3000 non
1233 2944 1444 2999 timebis
1464 2983 1478 3009 ,
1507 2942 1632 2998 licet
1658 2940 1857 2996 videris

276 3043 546 3097 flammam
572 3040 624 3095 in
648 3039 805 3094 caelos
834 3036 1228 3092 ascendentem.
1271 3033 1445 3088 Habes
1469 3031 1659 3088 fortem
1692 3039 1746 3086 et
1768 3045 1855 3100 ge-

275 3146 530 3186 nerosum
572 3128 763 3185 ducem
786 3169 801 3193 ,
854 3127 943 3197 qui
972 3126 1087 3182 solo
1117 3134 1248 3180 nutu
1293 3131 1470 3195 potest
1507 3136 1856 3192 quaecumque

277 3223 421 3277 mala
442 3228 637 3276 suntet
665 3220 842 3289 gravia
865 3218 1071 3273 tollere.
1099 3217 1241 3271 illius
1269 3223 1393 3269 sunt
1416 3213 1615 3280 omnia,
1643 3211 1853 3277 cmlum,

284 3322 457 3378 terra,
485 3327 626 3366 mare
653 3352 667 3376 ,
701 3311 824 3365 fera:
862 3318 917 3364 et
947 3310 1119 3379 ignis;
1164 3317 1245 3362 est
1267 3307 1316 3362 ei
1341 3305 1650 3360 facillimum
1679 3303 1858 3357 omnia

282 3405 584 3469 transferre,
603 3418 667 3458 ac
692 3403 808 3458 loco
833 3416 1049 3456 movere
1066 3402 1105 3456 ¹.
1136 3399 1408 3456 Undenam
1425 3412 1573 3468 ergo,
1597 3396 1684 3452 dic
1704 3394 1854 3462 mihi,

273 3507 455 3553 metus
490 3506 606 3551 tuus
646 3494 845 3551 oritur?
892 3493 1007 3548 Non
1033 3493 1244 3547 aliunde
1267 3501 1444 3557 certe,
1487 3505 1645 3562 quam
1670 3505 1735 3545 ex
1767 3498 1858 3544 tua

275 3589 487 3656 ignavia
514 3600 566 3644 et
591 3586 856 3643 socordia.
902 3586 1085 3640 Nonne
1124 3601 1268 3639 mors
1298 3594 1380 3638 cst
1421 3583 1657 3639 omnimn
1694 3582 1860 3636 malo-

279 3696 405 3736 runt
434 3677 736 3748 coloplton?
773 3676 931 3747 Atqui
968 3691 1031 3730 ea
1062 3676 1171 3746 ipsa
1199 3690 1410 3744 quoque
1434 3683 1514 3728 est
1541 3682 1740 3727 naturae
1762 3673 1853 3726 de~

275 3774 467 3828 bitum.
495 3771 599 3826 Cur
624 3786 727 3825 non
755 3770 971 3838 satagis,
994 3779 1053 3821 ut
1075 3768 1166 3822 tibi
1193 3783 1257 3821 ex
1288 3766 1402 3835 ejus
1429 3765 1694 3820 solutione
1714 3779 1861 3833 qua:-

274 3875 394 3919 Stus
416 3861 651 3916 oriatur?
692 3859 746 3914 Si
780 3858 921 3913 enim
947 3858 1045 3912 hae
1072 3856 1155 3911 via
1182 3855 1316 3911 velis
1346 3853 1482 3909 nolis
1508 3853 1857 3908 incedendum

274 3965 401 4021 est,
448 3969 539 4010 cur
572 3967 680 4007 non
718 3966 836 4007 cum
877 3950 1067 4005 lucro?
1120 3950 1187 4003 At
1225 3949 1365 4004 enim
1396 3954 1514 4017 post
1539 3947 1718 4016 gravia
1748 3954 1858 3999 tor-

277 4053 484 4108 menta,
512 4059 616 4097 non
645 4040 983 4110 temporaria,
1001 4038 1095 4093 sed
1114 4054 1232 4109 qum
1248 4037 1568 4106 voluptatem
1590 4035 1863 4105 praebeant

277 4137 471 4193 dolore
518 4134 796 4204 majorem.
854 4130 1007 4197 Quod
1057 4131 1101 4184 si
1145 4130 1261 4185 haec
1308 4129 1402 4185 tibi
1447 4128 1696 4182 videntur
1739 4142 1861 4182 esse

277 4227 482 4298 gravia,
522 4224 800 4280 considera
838 4236 930 4277 eos
955 4221 1043 4290 qui
1073 4220 1275 4290 absque
1303 4219 1408 4274 ulla
1439 4217 1682 4275 mercede
1706 4219 1862 4290 longa

279 4318 409 4372 tabe
435 4316 705 4381 laborant,
752 4312 841 4383 qui
870 4311 1008 4367 fame
1031 4319 1305 4381 perpetua,
1336 4310 1425 4380 qui
1464 4309 1864 4365 immedicabili-

277 4408 383 4462 bus
411 4412 467 4461 et.
510 4405 678 4475 longis
720 4403 922 4458 morbis
962 4410 1260 4469 vexantur,
1302 4410 1520 4471 propter
1557 4416 1691 4471 quos
1719 4416 1863 4472 saepe

279 4509 513 4554 mortem
557 4504 847 4567 optarunt:
881 4494 1033 4548 multi
1062 4493 1221 4548 etiam
1269 4493 1321 4547 in
1369 4506 1528 4547 enses
1570 4492 1861 4559 irruerunt,

278 4592 436 4647 multi
466 4589 844 4658 vitamJaqueo
875 4587 1143 4641 ﬁnierunt.
1188 4586 1387 4640 Caelum
1431 4593 1609 4641 autem
1653 4585 1744 4640 tibi
1782 4596 1864 4640 est

280 4683 637 4755 propositum,
666 4688 721 4735 et
748 4681 884 4735 bona
907 4693 1025 4750 quae
1051 4685 1175 4732 sunt
1197 4678 1248 4732 in
1274 4677 1438 4744 cielis,
1458 4684 1512 4733 et
1531 4693 1636 4732 non
1663 4677 1864 4732 vereris

277 4786 387 4827 nec
431 4770 790 4841 perhorrescis
818 4784 936 4825 esse
962 4768 1136 4823 mollis
1169 4776 1224 4824 et
1259 4767 1483 4838 ignavus
1503 4807 1518 4832 ,
1551 4767 1710 4837 idque
1743 4784 1863 4822 cttm

278 4864 443 4918 talem
472 4862 665 4917 habeas
683 4859 1017 4932 adjutorem?
1047 4861 1239 4913 Annon
1266 4857 1415 4913 audis
1440 4857 1754 4929 prophetam
1782 4858 1865 4911 di-

276 4963 493 5009 centem
520 4970 533 5005 :
566 4953 665 5018 Qui
694 4951 954 5022 conﬁdunt
985 4950 1038 5004 in
1073 4949 1320 5016 Domino,
1360 4949 1492 5003 sicut
1526 4964 1669 5002 mons
1697 4948 1865 5003 Sion?

274 5045 447 5116 Spem
475 5044 721 5099 nimirum
752 5042 1015 5113 signiﬁcat
1043 5041 1095 5095 in
1122 5041 1290 5094 Deum
1320 5039 1705 5096 immutabilem
1728 5082 1742 5106 ,
1777 5041 1867 5094 ﬁr-

275 5150 425 5190 mam
441 5144 493 5186 et
528 5142 880 5198 constantem,
912 5131 1271 5186 invincibilem
1299 5141 1354 5186 et
1379 5131 1863 5201 inexpugnabilem.

271 5224 741 5296 Quemadmodum
767 5224 911 5279 enim
937 5222 1144 5278 etiamsi
1171 5222 1291 5293 quis
1327 5222 1744 5279 innumerabiles
1768 5223 1866 5278 ad—

275 5320 466 5375 hibeat
493 5316 797 5382 machinas,
843 5323 1077 5369 montem
1109 5329 1206 5369 nec
1245 5313 1567 5379 convellere,
1600 5329 1699 5370 nec
1724 5315 1868 5371 labe-

273 5410 486 5467 factare
533 5408 772 5480 poterit:
802 5408 875 5461 ita
918 5407 1078 5462 etiam
1117 5407 1207 5477 qui
1236 5422 1360 5463 eum
1401 5406 1737 5479 aggreditur,
1778 5409 1867 5478 qui

269 5518 432 5573 spent
463 5502 515 5557 in
542 5500 709 5555 Deum
734 5499 1050 5565 collocavit,
1093 5508 1395 5555 revertetur
1436 5501 1653 5555 domum
1681 5501 1864 5557 vacuis

266 5593 551 5651 manibus.
593 5588 770 5646 Monte
790 5591 930 5646 enim
961 5590 1117 5661 longe
1154 5599 1238 5645 est
1267 5591 1429 5646 tutior
1450 5606 1574 5663 spes
1597 5592 1651 5647 in
1674 5592 1862 5647 Deum.

336 5774 358 5807 ι
382 5770 561 5834 Savil.,
584 5769 744 5822 omnia
766 5771 1026 5835 transferte
1045 5778 1088 5826 et
1112 5776 1334 5823 statuere.

1417 362 1769 421 EXPOSlTlO
1809 360 1870 415 IN
1900 360 2218 416 PSALMUM
2257 362 2485 418 CXMV.

3439 368 3542 426 ω

1965 474 2088 530 Non
2107 479 2487 531 commovebitur
2505 479 2555 532 in
2578 487 2817 531 wternum
2839 480 2924 549 qui
2944 479 3133 532 habitat
3157 481 3208 533 in
3231 480 3537 538 Jerusalem.

1961 570 2110 625 Alius
2153 572 2414 642 interpres
2452 572 2579 626 dicit
2607 590 2620 626 :
2658 571 3035 629 Immutabilem
3063 576 3115 630 in
3140 586 3417 644 internum,
3454 581 3540 649 qui

1962 661 2151 714 habitat
2177 663 2311 714 circa
2336 660 2644 716 Jerusalem.
2676 662 2810 729 Quid
2833 665 2996 735 ergo?
3031 682 3134 720 non
3159 669 3433 736 commoti,
3461 670 3542 725 in«

1961 751 2094 819 quit,
2122 758 2248 805 sunt
2276 758 2387 805 tres
2414 751 2558 821 pueri
2585 761 2639 806 et
2662 752 2886 808 Daniel?
2930 755 3084 809 Absit
3112 772 3127 809 :
3161 772 3281 811 nam
3312 774 3342 812 a
3371 761 3540 828 patria

1961 841 2177 911 quidem
2204 841 2544 910 exciderunt,
2571 843 2933 917 captivitatem
2959 847 3358 914 sustinuerunt;
3394 850 3542 905 nullo

1965 944 2140 988 tamen
2187 943 2426 1004 tempore
2467 935 2718 990 commoti
2768 945 2892 991 sunt
2921 955 2935 990 :
2964 938 3058 994 sed
3103 955 3225 995 cum
3265 950 3448 997 essent
3489 944 3543 998 in

1964 1031 2107 1078 tanta
2144 1039 2323 1079 rerum
2354 1024 2754 1095 perturbatione
2776 1068 2792 1094 ,
2825 1036 2877 1082 et
2908 1036 3049 1084 tanta
3080 1029 3335 1087 fluctuum
3361 1034 3546 1089 multi-

1966 1116 2165 1182 tudine,
2196 1130 2315 1170 cum
2339 1116 2558 1187 perinde
2586 1132 2650 1172 ac
2679 1126 2843 1187 petrae
2868 1119 3206 1188 insisterent,
3236 1131 3289 1178 ct
3316 1123 3371 1177 in
3397 1133 3546 1179 tran-

1964 1207 2130 1276 quillo
2161 1216 2311 1276 portu
2342 1215 2543 1261 starent
2565 1249 2579 1272 ,
2611 1207 2741 1263 nihil
2777 1223 2937 1278 grave
2964 1219 3056 1264 aut
3080 1225 3329 1281 asperum
3359 1228 3546 1269 sense-

1965 1303 2107 1349 Γυηι.
2134 1296 2552 1351 Commotionem
2581 1305 2758 1351 autem
2784 1312 2852 1352 ne
2868 1312 3024 1353 νοεθε
3042 1315 3217 1354 rerum
3239 1316 3412 1358 casus.
3428 1300 3543 1357 NOII

1965 1396 2046 1442 est
2071 1386 2211 1442 enim
2240 1387 2342 1442 hoc
2364 1388 2652 1442 commotio
2677 1430 2692 1456 ,
2722 1388 2817 1443 sed
2844 1390 3035 1445 animm
3062 1390 3329 1458 interitus,
3359 1401 3414 1447 et
3434 1393 3545 1448 vir-

1968 1488 2132 1534 tutem
2159 1481 2436 1535 amisisse:
2465 1480 2605 1550 quod
2633 1481 2846 1551 quidem
2875 1496 2979 1536 non
3001 1482 3179 1537 evenit
3200 1482 3255 1538 itt
3276 1484 3545 1554 periculis,

1967 1572 2032 1627 iis
2056 1572 2146 1640 qui
2176 1580 2300 1627 sunt
2336 1572 2499 1627 sobrii
2539 1586 2593 1627 et
2632 1573 2935 1642 sapientes,
2984 1573 3091 1629 imo
3132 1589 3261 1630 vero
3307 1576 3469 1631 tutius
3495 1586 3551 1632 et

1969 1663 2171 1718 ﬁrmius
2201 1678 2351 1718 suam
2392 1663 2666 1733 possident
2697 1663 3084 1735 philosOphia‘m
3111 1666 3470 1738 clarioresque
3493 1678 3549 1725 et

1968 1754 2285 1811 illustriores
2307 1755 2556 1811 evadunt.
2596 1756 2747 1824 Quod
2775 1757 2818 1811 si
2849 1757 2928 1812 vis
2959 1757 3115 1812 etiam
3143 1760 3432 1830 anagogice
3461 1776 3551 1815 su-

1968 1862 2125 1903 mere.
2151 1846 2278 1902 illud
2296 1889 2310 1914 ,
2348 1845 2463 1902 Non
2488 1848 2878 1902 commovebitur
2904 1849 2955 1901 in
2985 1858 3223 1903 aeternum
3248 1852 3336 1921 qui
3359 1851 3551 1906 habitat

1966 1941 2020 1992 in
2044 1937 2328 1994 Jerusalem
2351 1981 2366 2007 ,
2402 1939 2643 1995 describe
2667 1940 2758 1993 tibi
2786 1949 2985 1996 sortem
3008 1954 3253 2009 superna:
3282 1952 3549 2014 metropo-

1968 2030 2051 2085 lis.
2105 2031 2205 2098 Qui
2252 2032 2396 2086 enim
2440 2032 2582 2086 illam
2627 2040 2981 2102 receperunt,
3027 2043 3155 2088 sunt
3194 2033 3263 2087 ab
3300 2035 3551 2090 omnibus

1967 2126 2186 2179 omnino
2212 2125 2423 2180 casibus
2448 2126 2597 2181 liberi
2632 2142 2645 2179 :
2676 2125 2812 2180 nihil
2841 2126 2950 2182 illic
2973 2126 3115 2196 quod
3151 2127 3272 2183 illos
3298 2129 3550 2198 supplau-

1970 2224 2077 2282 tet,
2106 2231 2213 2271 non
2238 2216 2573 2286 cupiditates,
2616 2232 2717 2272 nec
2743 2218 3071 2287 voluptates,
3100 2234 3202 2274 nec
3231 2222 3430 2289 peccati
3455 2235 3549 2276 oc-

1966 2311 2132 2376 casio,
2181 2325 2287 2365 non
2328 2309 2501 2376 dolor,
2535 2327 2640 2364 non
2668 2311 2910 2366 molestia
2935 2352 2948 2375 ,
2980 2325 3088 2366 non
3118 2312 3351 2382 pericula
3388 2332 3403 2369 :
3436 2314 3552 2370 hinc

1966 2402 2142 2455 omnia
2168 2401 2322 2470 longe
2346 2401 2591 2456 aberunt.
2620 2400 2673 2454 2.
2701 2400 3010 2466 Jerusalem,
3042 2412 3235 2458 montes
3261 2405 3315 2458 in
3339 2406 3551 2460 circuitu

1967 2493 2075 2561 ejus
2094 2533 2109 2557 ,
2147 2500 2194 2545 et
2219 2490 2467 2546 Dominus
2495 2493 2546 2545 in
2583 2492 2795 2546 circuitu
2827 2493 3006 2563 populi
3027 2494 3107 2548 sui
3127 2510 3191 2548 ex
3218 2494 3313 2549 hoc
3341 2513 3474 2550 nunc
3500 2509 3551 2550 et

1966 2598 2124 2652 usque
2152 2582 2203 2636 in
2236 2583 2496 2638 saxulum.
2527 2583 2626 2636 l’er
2655 2582 2767 2637 hinc
2793 2582 3006 2652 quidem
3037 2584 3163 2639 dicit
3190 2585 3379 2641 adesse
3400 2589 3554 2641 auxi-

1967 2673 2093 2727 lium
2119 2673 2315 2728 civitati
2340 2688 2405 2727 cx
2431 2673 2545 2743 ejus
2569 2673 2673 2728 situ
2699 2691 2712 2728 :
2744 2674 2837 2728 sed
2860 2690 2963 2728 non
2989 2675 3245 2743 permittit
3267 2685 3322 2730 ut
3342 2677 3389 2733 ei
3421 2693 3555 2733 con-

1967 2766 2114 2833 ﬁdat,
2135 2765 2228 2822 sed
2251 2782 2367 2823 eam
2387 2766 2453 2822 ad
2482 2766 2886 2837 inexpugnabile
2901 2767 3341 2838 erigitauxilium,
3363 2786 3555 2843 nempe

1967 2858 2153 2912 Deum.

2034 2952 2090 3004 2.
2122 2950 2275 3018 Etsi,
2306 2950 2505 3019 inquit,
2533 2966 2649 3005 eam
2696 2959 2905 3006 montes
2944 2953 3183 3008 muniant
3206 2995 3220 3017 ,
3254 2954 3340 3009 illa
3374 2963 3549 3012 tamen

1965 3043 2296 3111 protectione
2318 3042 2513 3110 indiget
2541 3059 2554 3094 :
2580 3042 2630 3096 id
2658 3041 2798 3096 enim
2824 3057 2942 3097 eam
2972 3044 3145 3098 reddit
3170 3046 3554 3118 inexpugnabi-

1965 3130 2088 3187 lem.
2109 3131 2364 3197 Quocirca
2390 3132 2523 3185 alius
2541 3132 2616 3200 (a)
2631 3146 2837 3203 quoque
2852 3133 2981 3188 dicit
3004 3133 3286 3205 interpres,
3307 3136 3554 3195 Dominus

1965 3224 2132 3268 autem
2160 3216 2296 3268 circa
2324 3215 2569 3287 populum
2588 3232 2753 3269 suum.
2777 3216 2886 3272 [Ioc
2902 3226 3002 3285 est,
3024 3234 3090 3273 ne
3107 3220 3357 3277 conﬁdite
3373 3222 3551 3278 altitu-

1964 3302 2076 3360 dini
2103 3305 2383 3359 montium.
2412 3305 2561 3372 Quod
2591 3307 2733 3361 cnim
2763 3322 2881 3363 eam
2913 3308 3038 3364 facit
3066 3310 3551 3383 inexpugnabilem,

1967 3396 2069 3452 hoc
2099 3404 2200 3465 est,
2233 3397 2286 3452 5.
2322 3397 2454 3465 Quia
2480 3416 2579 3453 non
2605 3400 2846 3470 relinquet
2876 3398 3126 3457 Dominus
3150 3404 3343 3476 virgam
3373 3423 3552 3477 pecca-

1967 3498 2132 3544 torum
2172 3505 2323 3560 δαρει-
2350 3499 2529 3544 sortem
2556 3491 2836 3561 justorum.
2864 3491 3001 3547 Dicit
3035 3493 3236 3564 justam
3271 3497 3554 3567 quamdam

1966 3596 2178 3636 causam
2210 3581 2303 3636 Dei
2329 3583 2531 3649 auxilii,
2559 3591 2615 3637 ut
2642 3583 2713 3636 illi
2741 3584 2947 3653 possint
2973 3586 3261 3643 conﬁdere.
3295 3588 3553 3655 Qua-nant

1967 3684 2144 3727 autem
2165 3689 2226 3728 ea
2252 3673 2374 3728 est?
2399 3672 2516 3727 Non
2546 3675 2875 3743 permiserit,
2903 3676 3099 3747 inquit,
3131 3676 3267 3734 bona
3289 3679 3552 3748 justoruut

1968 3779 2088 3820 esse
2124 3765 2178 3819 in
2223 3765 2466 3821 manibus
2498 3776 2856 3835 peccatorum.
2890 3767 3002 3823 Hoc
3027 3781 3204 3824 autem
3230 3770 3396 3835 dixit,
3426 3788 3521 3827 sua

1968 3854 2103 3909 deus
2146 3864 2201 3909 ut
2239 3856 2568 3911 conﬁderent
2608 3855 2675 3910 de
2716 3856 2810 3911 Dei
2852 3858 3083 3925 auxilio,
3114 3867 3168 3914 et
3196 3868 3252 3915 ut
3281 3861 3333 3916 in
3362 3861 3558 3919 virtute

1972 3948 2334 4015 persisterent,
2360 3948 2402 4001 si
2433 3946 2633 4003 vellent
2658 3949 2757 4002 frui
2787 3960 3043 4019 perpetuo
3070 3951 3208 4007 illius
3232 3954 3431 4009 auxilio
3456 3998 3470 4022 ,
3503 3969 3556 4012 et

1971 4039 2105 4093 bona
2133 4052 2227 4092 sua
2258 4039 2456 4094 habere
2482 4039 2533 4092 in
2576 4055 2671 4095 sua
2698 4049 2978 4110 potestate.
3008 4041 3112 4098 Per
3137 4044 3253 4099 haec
3290 4046 3436 4102 enim
3465 4063 3555 4103 os-

1972 4128 2141 4184 tendit
2169 4139 2223 4185 et
2248 4130 2665 4198 possessionem,
2694 4141 2747 4186 et
2773 4133 3111 4188 securitatem
3140 4135 3191 4189 in
3216 4136 3387 4192 libero
3409 4140 3556 4195 arbi-

1972 4223 2075 4277 trio
2099 4238 2218 4278 esse
2244 4223 2423 4278 sitam.
2460 4222 2671 4293 Virgam
2702 4232 2879 4279 autem
2924 4235 3263 4294 peccatorum
3290 4227 3376 4285 hic
3404 4240 3560 4288 vocat

1970 4330 2191 4385 regnum
2221 4313 2474 4371 hostium.
2504 4314 2657 4382 Quod
2684 4330 2813 4370 vero
2842 4315 2990 4378 dicit,
3014 4326 3097 4373 est
3125 4317 3389 4387 ejusmodi
3411 4338 3425 4373 :
3450 4336 3558 4377 non

1971 4407 2109 4461 sinet
2135 4414 2192 4460 ut
2219 4413 2437 4460 teneant
2462 4404 2811 4461 hereditatem
2833 4405 3120 4474 justorum.
3148 4408 3261 4462 Etsi
3287 4408 3428 4464 enim
3456 4411 3560 4466 hcc

1972 4497 2095 4553 fecit
2114 4498 2178 4552 ad
2209 4506 2436 4566 tempus,
2472 4496 2523 4550 id
2552 4495 2680 4551 fecit
2706 4510 2804 4566 pro
2832 4497 3183 4565 correctione,
3211 4500 3558 4570 castigatione

1972 4598 2028 4646 et
2064 4588 2445 4645 admonitione.
2479 4587 2547 4643 Ut
2576 4604 2677 4642 non
2719 4589 2988 4643 extendant
3006 4590 3140 4658 justi
3176 4591 3246 4645 ad
3272 4592 3559 4663 iniquitates

1972 4698 2151 4735 manus
2193 4696 2333 4733 suas.
2366 4678 2514 4733 Alius
2545 4679 2647 4751 (b),
2681 4677 2963 4749 Propterea
3006 4697 3108 4736 non
3137 4683 3409 4739 extendunt
3426 4687 3560 4757 justi

1971 4774 2040 4827 ad
2064 4772 2375 4844 iniquitatem
2400 4789 2581 4826 manus
2608 4788 2745 4827 suas.
2778 4772 3002 4843 Propter
3019 4774 3307 4845 quidnam?
3333 4777 3562 4850 Pr0pter

1973 4865 2026 4919 id
2054 4865 2197 4934 quod
2225 4861 2425 4918 dictum
2452 4872 2553 4930 est,
2582 4863 2849 4930 defendet,
2883 4865 3188 4934 ulciscetur,
3223 4866 3403 4924 hostes
3431 4885 3561 4940 pro-

1974 4954 2236 5023 pulsabit,
2259 4967 2460 5024 eosque
2507 4954 2729 5024 repellet
2765 4953 2834 5009 ab
2875 4960 3554 5027 eorum-possessionibus.

1973 5044 2133 5112 Quasi
2161 5042 2392 5109 diceret,
2420 5043 2671 5115 Castigati
2712 5047 3001 5102 tentatione
3022 5088 3038 5115 ,
3064 5056 3118 5102 et
3144 5048 3403 5104 bonorum
3426 5065 3560 5118 sup-

1976 5135 2298 5206 peditatione
2318 5135 2492 5193 eﬁ‘ccti
2519 5138 2768 5193 meliores
2784 5180 2802 5205 ,
2828 5140 3243 5206 perseverabunt
3272 5141 3323 5195 in
3347 5142 3573 5204 virtute,

1974 5237 2029 5284 et
2056 5229 2302 5299 utrinque
2348 5229 2540 5285 eruditi
2570 5230 2757 5284 vitium
2797 5244 2904 5285 non
2929 5230 3209 5300 attingent.
3243 5230 3573 5287 Universum

1976 5338 2105 5394 ergo
2132 5330 2409 5394 propterea
2435 5322 2629 5378 factum
2655 5330 2770 5387 est,
2800 5330 2856 5377 ut
2880 5321 3057 5376 anima
3094 5336 3280 5378 eorum
3309 5322 3564 5380 reddatur

1976 5415 2187 5481 melior,
2214 5424 2269 5471 et
2291 5415 2453 5471 rebus
2479 5414 2696 5485 quidem
2725 5413 2968 5470 adversis
2988 5414 3284 5485 corrigatur
3302 5457 3319 5485 ,
3342 5430 3565 5473 conces-

1976 5508 2051 5563 sis
2074 5515 2250 5562 autem
2279 5505 2433 5562 bonis
2462 5504 2552 5561 ﬁat
2577 5503 2870 5575 promptior
2890 5514 2945 5559 et
2963 5502 3207 5561 alacrior.
3235 5506 3288 5562 4.
3310 5503 3561 5574 Benefac,

2043 5706 2117 5768 (rt)
2151 5706 2265 5764 Quis
2286 5705 2350 5768 sit
2371 5703 2457 5768 ille
2480 5702 2607 5753 alius
2627 5703 2875 5768 interpres
2897 5702 3129 5768 nescitur.

2042 5765 2114 5831 (b)
2146 5769 2229 5817 uie
2253 5767 2398 5817 etiam
2422 5765 2797 5829 interprcs'quis
2819 5766 2883 5817 sit
2902 5767 3174 5828 ignoratur.
