3956 6398
477 468 717 525 nomine,
751 459 914 515 battis.
958 455 1103 509 Alius
1136 450 1213 520 (a)
1236 489 1248 511 ,
1279 442 1530 511 Beneﬁcia
1570 438 1761 507 confer.
1799 435 1859 489 Et
1914 432 2059 487 rectis

471 557 640 611 corde.
666 553 721 609 5,
753 549 1075 605 Declinantes
1095 552 1260 595 autem
1278 538 1338 590 in
1364 534 1690 605 obligationes
1710 528 1922 582 adducet
1957 525 2061 577 Do-

472 651 637 713 minus
672 660 785 699 cum
811 635 1134 711 aperantibas
1157 631 1492 703 iniquitatem.
1523 623 1680 678 Vides
1723 621 1914 688 ubique
1942 616 2062 672 duci

474 760 502 796 a
536 742 689 797 nobis
718 737 923 792 initium
951 744 1002 788 et
1024 731 1288 787 bonorum
1317 717 1832 790 consequendorum,
1861 722 1916 767 et
1942 726 2061 765 sus-

476 835 705 891 tinendte
758 827 988 902 ptume?
1029 822 1282 891 Quamvis
1331 826 1509 872 autem
1554 828 1582 865 a
1630 809 1783 865 nobis
1827 812 2067 861 sumatur

477 898 814 998 principium,
838 922 914 975 sic
938 929 1112 972 tamen
1128 914 1225 969 Dei
1250 925 1460 982 quoque
1476 898 2064 998 benignitatis-plurium

480 989 567 1073 ius
596 989 809 1084 adulgc‘t
828 1022 849 1077 ;‘
871 1008 1087 1080 profusa
1124 1006 1266 1061 enim
1297 1000 1524 1073 quadam
1552 1005 1605 1052 et
1626 989 1948 1084 redundauti
1967 1003 2065 1084 co-

477 1114 559 1181 pia
587 1123 684 1163 nus
709 1082 873 1161 vincit
893 1095 1406 1157 remunerationibus
1425 1111 1436 1143 :
1457 1102 1509 1146 et
1531 1091 1581 1143 iu
1605 1087 1836 1159 peccatis
1856 1082 2066 1181 quidem

477 1176 813 1256 moderatum
842 1192 1066 1263 imponit
1091 1187 1429 1258 supplicium,
1448 1184 1506 1236 eiu
1535 1190 1681 1236 recte
1709 1188 1885 1233 autem
1918 1176 2070 1229 factis

479 1297 635 1365 longe
666 1289 859 1359 majori
891 1286 1137 1341 mercede
1174 1282 1356 1337 donat.
1380 1280 1577 1334 Rectus
1604 1290 1763 1346 porro
1804 1272 1890 1326 hic
1917 1276 2072 1324 vocat

479 1387 782 1455 simplices,
814 1394 923 1437 non
954 1380 1112 1434 ﬁctos
1137 1418 1150 1442 ,
1181 1376 1269 1447 qui
1301 1372 1433 1427 nihil
1477 1370 1673 1424 habent
1701 1366 2070 1421 adumbratam

481 1496 581 1535 nec
605 1477 933 1533 simulatmn.
964 1470 1093 1526 Tale
1121 1470 1263 1523 enim
1290 1464 1535 1534 estquod
1566 1473 1768 1517 rectum
1797 1471 1896 1521 est,
1930 1456 2069 1527 quod

484 1573 620 1626 Deus
644 1568 841 1637 ubique
866 1564 1097 1619 maxime
1128 1558 1369 1629 requirit.
1398 1556 1646 1611 Talis'est
1673 1553 1830 1606 etiam
1866 1549 2034 1601 virtus
2055 1587 2070 1612 ,

483 1675 675 1729 nempe
703 1657 858 1727 plana
889 1664 942 1709 et
976 1651 1245 1721 expedita,
1278 1644 1721 1718 quemadmodum
1758 1637 2073 1709 improbitas

482 1761 563 1805 est
591 1749 716 1821 quid
747 1760 1077 1818 perversum,
1108 1741 1310 1795 varium
1336 1781 1350 1803 ,
1375 1746 1429 1793 et
1452 1734 1589 1806 quod
1628 1749 1733 1787 non
1764 1731 1924 1785 habet
1952 1729 2075 1783 exi-

486 1857 596 1898 tum
623 1851 714 1897 z-et
739 1839 790 1894 id
814 1846 996 1909 potest
1020 1834 1186 1893 videri
1217 1848 1282 1887 ex
1306 1830 1465 1885 rebus
1507 1829 1652 1897 ipsis.
1686 1826 1816 1879 Nam
1848 1824 1935 1894 qui
1962 1821 2078 1876 vult

484 1933 698 1990 utentiri
724 1975 738 1998 ,
770 1942 823 1986 et
866 1930 1019 1984 dolos
1062 1939 1307 1989 struere,
1356 1922 1525 1993 cogita
1566 1920 1702 1989 apud
1754 1928 1805 1973 te
1850 1925 1979 1988 quot
2024 1924 2079 1970 et

484 2035 677 2096 quanta
721 2020 1057 2093 aggreditur,
1085 2025 1281 2087 quanta
1319 2028 1453 2085 opus
1498 2012 1655 2065 habet
1701 2011 1991 2075 varietate,
2025 2017 2080 2061 et

484 2122 797 2190 quibusnam
814 2116 954 2170 ﬂetis
970 2111 1318 2175 orationibus,
1332 2116 1528 2179 quanto
1549 2103 1792 2166 artiﬁcio,
1813 2113 1865 2157 et
1885 2110 2078 2171 quanta

484 2209 692 2265 dicendi
712 2208 976 2263 facultate.
991 2204 1089 2273 Qui
1107 2213 1282 2258 autem
1301 2200 1430 2255 dicit
1444 2200 1738 2260 veritatem,
1756 2210 1857 2248 non
1871 2195 2074 2257 labore,

486 2318 590 2357 non
608 2300 939 2363 difficultate,
953 2313 1059 2352 non
1073 2294 1429 2357 simulatione,
1444 2307 1549 2345 non
1563 2298 1697 2352 arte,
1712 2297 1799 2343 aut
1814 2286 2082 2341 machina-

491 2395 653 2457 tione,
674 2400 760 2445 attt
787 2392 894 2445 ullo
920 2389 1021 2443 alio
1049 2384 1306 2457 ejusmodi
1333 2382 1550 2451 indiget,
1566 2396 1685 2436 cum
1704 2395 1764 2433 ea
1783 2378 1890 2448 ipsa
1910 2393 2003 2447 per
2022 2391 2081 2431 se

493 2489 684 2539 luceat.
710 2481 1171 2553 Quemadmodum
1202 2478 1343 2534 enim
1373 2475 1628 2531 deformia
1652 2488 1872 2543 corpora
1903 2471 2083 2526 multis

490 2575 726 2630 artiﬁciis
755 2583 809 2629 et
836 2571 1213 2642 integumentis
1239 2569 1498 2639 indigent,
1525 2579 1643 2637 quae
1675 2575 1874 2619 naturm
1903 2564 2081 2619 defor-

492 2669 730 2724 mitatem
759 2674 1041 2736 contegunt
1072 2682 1083 2717 :
1116 2677 1234 2733 qua:
1263 2673 1437 2716 autem
1467 2671 1655 2714 natura
1688 2655 1904 2726 pulchra
1937 2664 2080 2720 sunt,

490 2764 604 2832 ipsa
631 2778 726 2832 per
753 2775 833 2827 se,
862 2759 961 2815 etsi
990 2758 1120 2813 nihil
1145 2756 1476 2812 extrinsecus
1518 2751 1816 2816 advenerit,
1841 2750 2085 2818 reSpien-

486 2855 615 2909 dent
641 2871 656 2908 :
685 2853 756 2907 ita
787 2852 944 2905 etiam
969 2850 1020 2904 in
1045 2849 1266 2903 veritate
1292 2857 1346 2901 et
1388 2844 1694 2904 mendacio,
1727 2842 1777 2896 in
1808 2841 2002 2896 virtdte
2032 2849 2087 2894 et

491 2947 620 3001 vitio
642 2943 880 3000 invenire
895 2954 1206 3012 possumus.
1236 2938 1389 2994 Unde
1412 2937 1613 2994 clarum
1640 2943 1744 2998 est,
1775 2934 1935 2989 etiam
1961 2939 2086 2987 ante

492 3037 807 3108 supplicium
831 3036 1020 3090 vitium
1052 3035 1224 3103 ipsum
1257 3031 1572 3102 supplicium
1593 3027 1861 3097 infligere,
1886 3036 1939 3081 et
1963 3034 2085 3080 ante

492 3128 974 3184 remunerationem
992 3126 1239 3180 virtutem
1254 3122 1604 3177 remunerari.
1625 3117 2084 3187 Quemadmodum

493 3219 637 3274 enim
665 3219 750 3272 illa
776 3217 936 3271 habet
961 3216 1013 3270 in
1044 3217 1216 3285 seipsa
1241 3215 1459 3284 prmmia
1489 3213 1648 3266 etiam
1672 3221 1795 3265 ante
1823 3223 2083 3265 coronas:

496 3310 569 3365 ita
593 3307 878 3364 etiam‘hoe
905 3320 1115 3377 pmnam
1146 3307 1199 3359 in
1231 3319 1289 3360 se
1315 3304 1570 3365 continet,
1598 3312 1880 3372 antequam
1904 3300 2087 3368 punia-

498 3411 601 3455 tur.
634 3398 767 3466 Quitl
799 3398 941 3453 enim
970 3396 1140 3467 possit
1166 3402 1296 3452 esse
1329 3405 1544 3467 peccato
1568 3395 1781 3465 gratius
1809 3438 1822 3459 ,
1848 3394 1989 3465 quod
2019 3392 2086 3448 ad

496 3505 711 3560 pennam
732 3487 1256 3554 'attinet'TQuocirc'a
1285 3486 1480 3541 Paulus
1503 3501 1711 3556 quoque
1739 3498 1924 3539 eorum
1948 3499 2090 3538 men-

501 3588 700 3642 tionem
740 3580 952 3636 ~iaciens
981 3622 996 3646 ,
1041 3578 1131 3649 qui
1176 3578 1535 3634 meretriciam
1584 3586 1751 3633 artem
1797 3586 2084 3644 exercent,

499 3675 684 3729 ﬂorem
711 3673 884 3729 aetatis
910 3673 1233 3743 promi-munt
1254 3713 1271 3739 ,
1303 3680 1360 3727 et
1386 3674 1587 3727 natura:
1623 3669 1768 3742 leges
1805 3679 2083 3737 evertunt,

498 3766 633 3821 dixit
661 3766 763 3822 hoc
777 3772 908 3822 esse
924 3760 1586 3837 maximdm'wpplicium,
1613 3765 1773 3820 etiam
1803 3773 2087 3834 antequam

501 3852 806 3926 pmrimitttr.
838 3846 1062 3913 Musam
1088 3859 1252 3922 enim,
1283 3858 1483 3928 inquit,
1512 3858 1567 3912 in
1595 3857 1835 3912 masculis
1873 3857 2090 3927 turpitu-

500 3952 667 4005 dinem
693 3958 962 4021 ‘oper’ante's
982 3994 997 4016 ,
1020 3948 1068 4007 ἐι
1096 3951 1373 4005 mercedem
1397 3992 1410 4015 ,
1440 3935 1591 4022 quam
1620 3949 1879 4019 oportuit,
1907 3949 2092 4004 erroris

502 4042 660 4095 sui'in
690 4041 1280 4114 'se‘recipientc's‘(nom.
1305 4034 1362 4094 'l.
1388 4036 1484 4114 27)
1515 4058 1526 4094 :
1559 4040 1857 4096 mercedem
1889 4039 2091 4110 peccati

504 4133 608 4194 sui,
631 4131 1106 4200 intemperantiam
1134 4132 1187 4185 e‘t
1217 4133 1388 4201 ipsum
1417 4139 1595 4185 actum
1620 4145 1835 4184 vocans.
1864 4128 1982 4183 Pam
2005 4147 2093 4184 su-

506 4240 593 4292 per
604 4216 792 4279 ‘Isrue't.
808 4222 1295 4279 Pre‘catioue‘eonCl
1304 4224 1406 4276 usit
1433 4223 1749 4277 orationem.
1766 4216 1926 4276 Tales
1949 4226 2091 4276 enim

505 4327 629 4371 sunt
650 4324 965 4372 sanaturum
995 4316 1187 4369 anima:
1212 4333 1224 4369 :
1249 4330 1369 4368 cum
1400 4314 1770 4369 adhortatione
1794 4323 1847 4368 et
1872 4314 2095 4369 consilio

506 4411 765 4481 adjiciunt
789 4410 1086 4466 orationem
1108 4451 1122 4476 ,
1150 4408 1482 4465 auditoribus
1522 4407 1812 4463 maximum
1856 4407 2095 4462 introdu-

474 4519 481 4524 ·
508 4513 690 4559 centes
714 4503 994 4558 auxilium.

577 4595 1023 4650 'Paxsancwrum.
1044 4626 1115 4638 —
1132 4596 1323 4651 Pacem
1346 4604 1521 4649 autem
1550 4593 1638 4648 hic
1654 4592 1802 4660 dicit,
1833 4608 1934 4648 non
1960 4591 2097 4647 hanc

509 4686 679 4740 solam
701 4688 976 4753 sensiiem,
993 4686 1088 4742 sed
1106 4703 1221 4742 eam
1245 4688 1424 4753 etiam,
1446 4704 1565 4756 quas
1584 4698 1660 4741 est
1684 4686 1785 4741 hac
1814 4685 2094 4753 excelsior,

510 4786 566 4831 et
589 4775 714 4831 dicit
730 4777 1003 4832 undenam
1031 4779 1318 4843 enascitur,
1344 4790 1565 4848 oratque
1588 4786 1643 4831 ut
1670 4779 1842 4832 anima
1870 4793 1989 4831 cum
2011 4792 2099 4831 sc-

512 4869 623 4937 ipsa
664 4880 768 4921 non
808 4870 1019 4922 moveat
1062 4868 1378 4922 seditionem
1405 4910 1418 4932 ,
1452 4866 2099 4944 perturbationumﬁnimi

513 4958 709 5013 bellum
739 4956 991 5013 inferens.
1023 4956 1168 5011 Hanc
1197 4973 1295 5011 nos
1322 4974 1530 5027 quoque
1553 4973 1734 5027 pacem
1765 4972 2099 5028 quzeramus,

516 5058 572 5105 ut
600 5051 861 5119 promissa
887 5050 1024 5104 bona
1054 5051 1318 5120 possimus
1338 5052 1571 5120 assequi,
1589 5052 1756 5121 gratia
1783 5062 1835 5107 et
1864 5052 2102 5121 benigni-

514 5150 622 5196 tate
646 5141 855 5196 Domini
872 5141 1037 5197 nostri
1059 5140 1184 5197 Jesu
1202 5140 1415 5208 Christi,
1449 5142 1532 5197 cui
1554 5142 1723 5213 gloria
1748 5152 1800 5198 et
1823 5143 2102 5214 imperium

515 5232 569 5286 in
593 5232 794 5289 smcula
820 5233 1162 5289 ‘Steculorum.
1194 5234 1388 5289 Amen.

581 5413 655 5477 tu)
670 5414 1209 5481 ‘Hic'eﬂam‘interpres
1233 5418 1342 5481 quis
1364 5418 1426 5468 sit
1448 5419 1680 5470 nescitur.

1204 336 1263 389 s.
1303 327 1578 388 JOANNIS
1615 316 2086 379 cnnvsosrout
2128 315 2441 372 ARCHIEP.
2483 317 3006 375 CONSTANTINOI’.

3618 327 3699 382 36-3

2630 434 2697 488 IN
2730 433 3051 491 PSALMUM
3082 434 3285 490 CXXV.

2174 567 2190 618 l
2269 566 2330 617 In
2375 567 2703 619 convertenda
2749 567 2997 620 Dominus
3043 569 3375 636 captivitatem
3427 569 3577 636 Sion,
3609 575 3706 643 facti

2238 674 2412 710 sumus
2430 658 2555 711 sicut
2578 659 2839 711 consolati.
2865 661 3011 712 Alius
3030 664 3294 728 interpres
3313 665 3386 732 (α)
3406 662 3542 726 dicit,
3566 664 3707 728 Quatt-

2242 751 2306 800 tlo
2355 749 2652 801 converterit
2701 747 2951 802 Dominus
2995 752 3371 820 captivitatem,
3399 753 3571 808 erimus
3614 771 3708 808 con-

2239 844 2410 896 solati.

2244 980 2296 1033 1.
2324 977 2524 1033 Nomen
2546 979 2860 1049 captivitatis
2886 988 2968 1036 est
2993 981 3205 1051 quidem
3235 982 3284 1036 in
3314 983 3712 1050 prolationesim-

2174 1072 2327 1142 plex,
2357 1069 2515 1125 habet
2542 1082 2720 1126 autem
2757 1072 2952 1126 multos
2988 1086 3199 1126 sensus.
3230 1073 3320 1127 Est
3347 1075 3482 1127 enim
3521 1084 3572 1129 et
3601 1076 3712 1130 bona

2172 1165 2448 1232 captivitas
2469 1205 2484 1230 ,
2508 1173 2565 1217 ut
2602 1164 2813 1234 quando
2859 1164 2987 1218 dicit
3035 1164 3226 1218 Paulus
3248 1206 3262 1229 ,
3293 1164 3596 1234 Captivanm
3626 1183 3715 1220 σπι»

2174 1273 2285 1310 nem
2312 1256 2619 1310 intellectum
2650 1257 2701 1309 in
2731 1256 2985 1310 Christum
3013 1255 3088 1325 (2.
3116 1256 3232 1312 Cor.
3259 1258 3343 1313 10.
3376 1258 3450 1327 5).
3479 1258 3565 1312 Est
3581 1260 3713 1323 mala,

2174 1359 2229 1402 ut
2256 1348 2467 1418 quando
2494 1349 2623 1401 dicit
2651 1366 2663 1401 :
2690 1349 2932 1418 Captivos
2957 1348 3258 1403 abducentes
3285 1349 3595 1404 νηρῖται-κιαι
3620 1367 3717 1404 one-

2176 1450 2314 1492 ratas
2363 1440 2580 1510 peccatis
2608 1440 2681 1511 (2.
2710 1438 2843 1494 Tim.
2872 1441 2925 1495 5.
2954 1440 3035 1509 6).
3066 1441 3159 1494 Est
3185 1457 3303 1510 qua:
3334 1441 3384 1494 iu
3429 1452 3594 1497 mente
3620 1458 3716 1497 vcr-

2175 1542 2341 1596 sutttr,
2377 1540 2432 1586 ut
2456 1532 2523 1587 de
2551 1548 2652 1602 qua
2683 1532 2826 1598 dicit,
2866 1532 3158 1587 Prtedicare
3183 1534 3393 1603 captivis
3421 1535 3718 1587 remissionem

2177 1624 2329 1696 (Isai.
2355 1627 2442 1679 6'l.
2475 1626 2548 1696 l).
2578 1627 2671 1681 Est
2694 1642 2813 1696 quae
2840 1627 2940 1681 sub
2964 1642 3180 1680 sensum
3206 1628 3364 1693 cadit,
3397 1636 3453 1682 ut
3479 1643 3586 1697 qua:
3605 1627 3653 1682 fit
3668 1628 3719 1681 ab

2179 1716 2437 1771 hostibus.
2465 1717 2614 1771 Prior
2636 1727 2815 1772 autem
2845 1728 2925 1772 est
2952 1721 3182 1788 gravior.
3209 1719 3307 1785 Qui
3339 1720 3477 1773 enim
3502 1729 3721 1788 ceperunt

2179 1811 2382 1879 aliquos
2403 1808 2523 1878 jure
2548 1808 2695 1875 belli,
2717 1810 2886 1879 captis
2906 1825 3049 1879 επιερο
3078 1823 3320 1880 parcunt,
3339 1812 3459 1867 etsi
3487 1821 3568 1863 aut
3591 1825 3720 1879 aqua-

2176 1903 2245 1959 ri.
2273 1911 2362 1955 aut
2390 1901 2595 1969 lignari,
2625 1910 2714 1955 aut
2740 1915 2907 1971 equos
2936 1917 3154 1967 pascere
3178 1903 3438 1972 jusserint
3458 1903 3496 1970 ¹,
3527 1903 3718 1956 animam

2181 1994 2397 2048 minimc
2427 1994 2695 2050 laeserint:
2726 1994 2815 2064 qui
2860 1996 3060 2064 peccati
3103 2004 3282 2050 autem
3318 1996 3550 2066 captivus
3583 1994 3720 2049 factus

2180 2092 2294 2150 est,
2324 2082 2482 2137 habet
2520 2098 2720 2138 srevum
2757 2092 2811 2138 et
2856 2084 3137 2139 barbarum
3168 2086 3472 2150 dominum,
3505 2086 3584 2154 qui
3610 2085 3721 2154 cogit

2181 2191 2300 2228 eum
2326 2176 2497 2228 facere
2521 2190 2606 2228 res
2634 2175 2985 2244 turpissimas,
3005 2184 3057 2231 et
3074 2177 3306 2232 maxime
3328 2178 3614 2246 probrosas.
3631 2175 3720 2228 Non

2183 2266 2322 2321 enim
2350 2281 2567 2335 parcere
2590 2308 2603 2332 ,
2635 2280 2733 2320 nec
2777 2266 3017 2321 misereri
3046 2267 3189 2320 novit
3220 2266 3335 2321 hcce
3366 2268 3471 2320 vitii
3506 2265 3719 2337 tyrannis.

2184 2358 2317 2411 Audi
2360 2359 2536 2427 itaque
2565 2358 2831 2425 quomodo
2860 2372 2980 2412 cum
3013 2357 3269 2412 miserum
3299 2368 3351 2413 et
3382 2358 3624 2413 infelicem
3646 2355 3720 2410 iu-

2185 2449 2306 2503 dam
2330 2450 2627 2520 accepisset
2652 2450 2919 2520 captivum
2942 2492 2957 2517 ,
2986 2449 3204 2505 minime
3235 2451 3283 2505 ei
3313 2452 3624 2521 pepercerit,
3650 2447 3722 2501 sed

2184 2541 2497 2612 sacrilegum
2536 2551 2589 2596 ct
2634 2542 2963 2611 proditorem
3005 2540 3189 2596 fecerit
3217 2559 3232 2596 :
3257 2541 3449 2597 deinde
3488 2550 3720 2611 postquam

2185 2636 2356 2691 scelus
2383 2644 2743 2708 perpetrasset
2763 2677 2775 2699 ,
2800 2650 2921 2689 eum
2947 2636 2998 2689 in
3023 2634 3289 2691 theatrum
3320 2635 3607 2690 Judmorum
3631 2646 3724 2703 pro-

2185 2726 2396 2782 duxerit
2418 2770 2433 2795 ,
2458 2738 2513 2783 et
2534 2728 2855 2782 maleficium
2895 2728 3219 2782 revelaverit
3241 2768 3257 2794 ,
3287 2737 3341 2782 et
3364 2743 3459 2783 nec
3484 2727 3524 2782 si
3550 2724 3721 2794 quidem

2186 2822 2529 2891 permiserit,
2563 2829 2620 2875 ut
2663 2822 2962 2891 perciperet
2996 2819 3225 2875 fructum
3272 2820 3614 2891 pmniteutiat,
3653 2813 3722 2869 sed

2186 2924 2309 2971 ante
2352 2916 2714 2985 pteniteutiam
2754 2914 3033 2970 deduxerit
3074 2914 3140 2969 ad
3184 2916 3450 2985 laqueum.
3486 2912 3579 2967 Est
3613 2909 3723 2964 enim

2187 3022 2357 3062 szevus
2389 3015 2664 3078 tyrannus,
2700 3008 2787 3077 qui
2810 3006 2962 3078 jubet
2988 3022 3105 3077 qua:
3137 3017 3264 3061 sunt
3291 3005 3557 3077 improba,
3586 3010 3634 3057 et
3654 3014 3723 3055 eos

2187 3099 2276 3169 qui
2316 3099 2590 3165 obediunt,
2619 3098 2903 3169 ignominia
2939 3099 3119 3154 allicit.
3164 3097 3426 3167 Quocirca
3461 3112 3551 3153 vos
3586 3108 3721 3164 rogo,

2186 3204 2397 3246 summo
2439 3192 2615 3247 studio
2658 3189 2921 3262 fugiamus
2958 3192 3073 3263 ejus
3115 3190 3441 3261 dominium,
3464 3198 3644 3247 etcum
3676 3200 3725 3240 e0

2190 3282 2485 3351 bellemus,
2516 3298 2615 3339 nee
2652 3284 2700 3339 ei
2732 3293 2987 3354 umquam
3016 3285 3457 3351 reconcilicmur,
3488 3292 3537 3339 et
3559 3278 3724 3337 liberati

2190 3374 2243 3428 in
2287 3375 2530 3430 libertate
2566 3389 2994 3444 permaneamus.
3023 3372 3077 3430 Si
3105 3375 3247 3430 enim
3281 3376 3335 3431 hi
3367 3392 3397 3431 a
3424 3372 3643 3431 barbaris
3677 3366 3725 3423 li-

2190 3468 2381 3532 berati,
2411 3469 2832 3522 consolationem
2861 3470 3200 3537 acceperunt,
3225 3468 3397 3523 multo
3423 3467 3579 3539 magis
3599 3475 3725 3533 opor-

2192 3570 2266 3616 tet
2303 3576 2402 3617 nos
2436 3576 2465 3615 a
2500 3567 2720 3630 peccato
2748 3561 2999 3633 liberatos
3022 3560 3259 3631 gaudere
3288 3569 3345 3616 et
3388 3558 3664 3618 exsultare,
3686 3558 3727 3605 et

2191 3652 2328 3707 hanc
2375 3653 2608 3707 laetitiam
2661 3666 2981 3707 conservare
3021 3653 3378 3707 immortalem
3407 3694 3423 3720 ,
3454 3662 3553 3705 non
3585 3653 3725 3701 autem

2191 3760 2309 3798 eam
2351 3744 2661 3814 perturbare
2705 3759 2768 3799 ac
2797 3738 3129 3799 confundere
3157 3785 3171 3807 ,
3199 3743 3388 3799 eadem
3430 3742 3556 3797 mala
3581 3748 3727 3794 rursns

2191 3834 2577 3908 aggredientes.
2626 3835 2777 3890 Facti
2822 3853 2996 3891 sumus
3040 3832 3169 3890 sicut
3208 3829 3474 3890 consolati.
3520 3830 3619 3887 Hoc
3657 3823 3726 3881 alii

2191 3930 2405 4000 quidem
2434 3930 2753 4000 interpretes
2773 3928 2976 3992 dicunt,
3000 3925 3279 3999 Tamquam
3303 3927 3612 3983 somniantes.
3643 3913 3723 3970 He-

2191 4021 2367 4077 braeus
2390 4030 2587 4086 autem,
2608 4018 2976 4075 Ctt‘aotemim“.
2999 4018 3134 4088 Quid
3160 4030 3241 4075 est
3264 4028 3461 4084 autem,
3484 4007 3729 4074 Consolati.’

2195 4112 2400 4185 lmp‘leti
2419 4154 2435 4178 ,
2466 4113 2673 4182 inquit,
2703 4128 2888 4167 sumus
2913 4112 3089 4182 quiete
3110 4154 3125 4177 ,
3155 4110 3340 4167 lmtitia
3362 4152 3377 4177 ,
3407 4110 3665 4178 voluptate.
3686 4100 3726 4155 2.

2194 4194 2339 4259 Tum:
2366 4204 2613 4274 repletum
2642 4214 2713 4258 est
2750 4204 2939 4274 gaudio
2963 4220 3018 4257 os
3044 4212 3274 4257 nostrum
3296 4244 3311 4267 ,
3338 4212 3383 4257 et
3408 4203 3571 4272 lingua
3594 4204 3730 4250 nostra

2195 4297 2547 4352 exsultatione.
2573 4292 2625 4351 3.
2650 4288 2798 4349 Tunc
2834 4296 2999 4349 dicent
3031 4296 3162 4351 inter
3190 4306 3365 4367 gentes
3385 4337 3399 4363 ,
3432 4280 3730 4363 Maguiﬁcatil

2195 4387 2446 4442 Dominus
2475 4387 2642 4457 facere
2670 4400 2781 4440 cum
2808 4387 2899 4442 eis.
2932 4392 2983 4443 4.
3025 4386 3377 4458 Magni/ienuit
3414 4384 3639 4439 Dominus
3671 4375 3733 4444 [α’

2197 4488 2305 4537 c’ere
2330 4482 2608 4537 nobiscum.
2648 4481 2728 4535 Ad
2758 4481 3034 4536 meliorem
3076 4482 3421 4535 mutationem
3451 4492 3549 4535 non
3583 4480 3731 4544 parum

2197 4574 2402 4629 confert
2444 4573 2611 4628 lactari
2656 4580 2875 4643 propter
2909 4572 3277 4627 liberationem
3306 4588 3334 4626 a
3364 4569 3659 4641 captivitate.
3683 4557 3733 4613 Et

2174 4655 2318 4740 ’quis
2341 4711 2355 4734 ,
2384 4668 2589 4739 inquies
2610 4709 2622 4733 ,
2654 4682 2759 4722 non
2800 4676 3080 4735 propterea
3110 4664 3364 4721 laetatur?
3387 4665 3561 4720 Patres
3585 4665 3732 4713 eorm“

2199 4761 2413 4831 quando
2440 4760 2646 4816 liberati
2679 4768 2805 4813 sunt
2841 4759 2907 4813 ab
2936 4758 3171 4831 Egypto
3194 4801 3209 4826 ,
3239 4768 3295 4815 et
3318 4759 3388 4815 ab
3415 4757 3498 4813 illa
3522 4749 3734 4809 servitute

2204 4852 2428 4907 traducti
2455 4852 2507 4906 in
2530 4850 2829 4905 libertatem
2852 4888 2869 4917 ,
2891 4864 2989 4920 per
3009 4864 3278 4905 summum
3305 4847 3489 4919 ingrati
3514 4838 3654 4897 animi
3673 4833 3734 4888 vi-

2204 4949 2334 5002 tium
2356 4946 2408 5000 in
2432 4945 2583 5001 bonis
2608 4944 2737 5015 ipsis
2758 4943 3182 5009 murmura-bant,
3203 4942 3608 5015 indignabantur.

2205 5039 2445 5094 ferebant
2468 5078 2482 5101 ,
2511 5012 2690 5091 tristes
2729 5034 3040 5092 manebant.
3075 5037 3145 5090 At
3164 5051 3274 5090 non
3305 5012 3400 5089 nos
3422 5074 3437 5098 ,
3460 5024 3638 5099 inquit;
3663 5012 3735 5072 sed

2203 5129 2497 5202 gaudemus
2539 5136 2594 5183 et
2635 5127 2985 5183 exsultamus.
3014 5127 3134 5182 Jam
3163 5141 3294 5182 vero
3319 5136 3526 5181 causam
3552 5116 3737 5187 -qu0‘l"°

2268 5288 2289 5320 ί
2318 5286 2409 5334 mc
2428 5285 2618 5334 vat-tant
2638 5281 2818 5333 morem
2860 5288 2913 5333 et
2945 5281 3103 5333 Savilti
3142 5281 3397 5331 Editiones.
3440 5270 3588 5338 Morel.
3608 5263 3731 5338 tum!

2207 5354 2292 5420 aut

2206 5391 2455 5473 ῗᾶεἱῗηῖῖ
2468 5391 3362 5473 ἕιίῖζ’ίηἩιῐῦἰξῦὲὶιᾶἓὴἒί1ἐιὲἐένῖω-
3401 5391 3734 5473 usque}???

2208 5444 2441 5583 ζ
2468 5444 2557 5520 Ξέἆ
2570 5444 3364 5533 ἰἕιῖίῖἔῗιίιὶδῖιέἓιῖῑὲίτεῖἴόιῖἕζ
3389 5444 3662 5528 ιῖτῑεῗὲὲεοάε
3678 5444 3715 5492 τί

2273 5561 2489 5655 T'ééva,
2524 5590 2833 5644 Choatemim.
2872 5593 3106 5644 Hebr-alca
3136 5605 3232 5643 vox
3256 5596 3346 5649 est,
3384 5561 3609 5643 νώτων

2210 5649 2497 5715 somniantes
2525 5677 2543 5714 :
2576 5673 2630 5714 ut
2665 5666 2816 5715 habet
2847 5667 2994 5715 etiam
3026 5663 3173 5715 lectio
3210 5663 3402 5713 aliorum
3438 5649 3731 5714 interprewmt

2214 5739 2421 5790 quorum
2447 5739 2624 5776 nomen
2649 5734 2852 5777 ωοεωιι.

2278 5794 2352 5852 (α)
2384 5791 2495 5848 Quis
2518 5791 2578 5840 sit
2603 5790 2677 5841 hic
2700 5791 2945 5852 interpres
2963 5788 3265 5851 ignoramus.
