3956 6414
284 361 393 416 339

297 474 639 547 Ἆγάθυνον,
672 469 870 540 Κύριε,
903 469 1028 536 τοῖς
1055 468 1319 538 ἀγαθοῖς.
1346 469 1592 542 Ἕτερος,
1629 471 1858 540 Ἀγαθο-

286 563 570 630 ποίησον.
597 559 704 616 Καὶ
735 559 856 626 τοῖς
876 558 1076 613 εὐθέσι
1104 555 1179 628 τῇ
1205 557 1438 627 καρδίᾳ.
1484 557 1631 624 Τοὺς
1675 556 1744 610 δὲ
1768 557 1866 610 ἑκ-

285 650 612 715 κλίνοντας
645 648 731 713 εἰς
777 646 883 712 τὰς
928 647 1334 716 στραγγαλιὰς
1375 645 1595 710 ἀπάξει
1649 646 1867 714 Κύριος

283 737 434 809 μετὰ
473 734 593 791 τῶν
619 733 1020 806 ἐργαζομένων
1065 734 1182 804 τὴν
1227 735 1504 806 ἀνομίαν.
1531 735 1696 807 Ὁρᾷς
1733 733 1864 805 παρ’

286 826 444 899 ἡμῶν
481 822 756 896 πανταχοῦ
791 823 887 887 τάς
917 822 1092 893 ἀρχὰς
1129 822 1442 894 γινομένας,
1483 822 1578 876 καὶ
1622 821 1714 876 τοῦ
1756 819 1867 874 τῶν

285 913 539 988 χρηστῶν
589 910 900 974 ἀπολαύειν,
950 911 1045 966 καὶ
1089 909 1185 964 τοῦ
1239 910 1488 974 κολάσεις
1542 909 1863 979 ὑπομένειν;

300 1001 504 1056 Ἀλλέἰ
534 999 630 1054 καὶ
659 1001 790 1072 παρ’
811 998 966 1070 ἡμῶν
988 999 1044 1051 αἰ
1070 997 1255 1069 ἀρχαὶ,
1283 996 1398 1050 ἀλλ’
1427 997 1576 1068 ὅμως
1601 997 1695 1050 καὶ
1725 995 1866 1049 οὕτω

282 1091 384 1162 τῆς
419 1089 515 1142 τοῦ
548 1085 682 1142 Θεοῦ
715 1085 1124 1158 φιλανθρωπίας
1156 1085 1324 1156 πολλὴ
1355 1085 1629 1140 δείκνυται
1658 1085 1691 1154 ἡ
1723 1084 1860 1154 λαμι

287 1173 476 1244 πηδῶν
498 1183 526 1214 α
545 1187 562 1202 ⁸
599 1173 664 1226 ἐκ
689 1171 798 1243 γὰρ
825 1168 1021 1224 πολλοῦ
1051 1169 1146 1224 τοῦ
1176 1169 1455 1241 περιόντος
1479 1171 1604 1240 νικᾷ
1626 1173 1746 1233 ταῖς
1774 1171 1867 1223 ἀν-

284 1257 558 1311 τιδόσεσιν
577 1255 725 1326 ἡμᾶς
744 1273 757 1285 ·
795 1253 890 1308 καὶ
911 1253 1004 1307 ἐπὶ
1026 1253 1123 1324 μὲν
1147 1251 1298 1326 [551]
1321 1251 1431 1307 τῶν
1453 1251 1866 1324 ἁμαρτημάτων

290 1343 604 1416 σύμμετρον
631 1341 828 1410 ἐπάγει
854 1341 954 1413 τὴν
991 1341 1284 1412 τιμωρίαν,
1319 1341 1412 1394 ἐπὶ
1451 1340 1510 1394 δὲ
1531 1340 1640 1394 τῶν
1668 1357 1866 1410 κατορ-

289 1432 560 1503 θωμάτων
587 1429 1022 1500 ὑπερϐαίνουσαν
1049 1428 1280 1499 παρέχει
1307 1429 1411 1500 τὴν
1434 1429 1722 1482 ἀντίδοσιν.
1757 1429 1865 1482 Εὐ-

288 1519 405 1584 θεῖς
430 1519 489 1573 δέ
517 1517 749 1572 ἐνταῦθα
779 1515 933 1572 καλεῖ
961 1517 1090 1579 τοὺς
1117 1515 1360 1582 ἀδόλους,
1389 1517 1516 1580 τοὺς
1535 1515 1864 1579 ἀπλάστους,

287 1606 416 1671 τοὺς
475 1605 626 1660 οὐδὲν
673 1604 894 1675 ἔχοντας
955 1603 1413 1676 συνεσκιασμένον
1470 1605 1564 1657 καὶ
1612 1602 1863 1658 ὕπουλον.

287 1693 543 1748 τοιοῦτον
571 1693 682 1764 γὰρ
731 1691 789 1746 τὸ
818 1691 990 1758 εὐθὲς,
1036 1689 1066 1744 δ
1113 1689 1344 1762 μάλιστα
1379 1691 1408 1743 ό
1445 1689 1578 1753 Θεὸς
1623 1688 1870 1762 ἐπιζητεῖ

289 1779 590 1851 πανταχοῦ.
638 1779 888 1834 Τοιοῦτον
917 1781 952 1851 ἡ
985 1779 1176 1851 ἀρετὴ,
1208 1778 1326 1834 λεία
1359 1796 1442 1842 τις
1485 1777 1581 1832 καὶ
1626 1776 1866 1845 εὔκολος,

289 1867 480 1941 ὥσπερ
508 1863 603 1923 αῦν
634 1869 669 1938 ή
698 1868 934 1940 πονηρία
953 1868 1402 1938 διεστραμμένον,
1432 1866 1694 1932 ποικίλον,
1726 1867 1867 1920 ἀδιε-

289 1955 536 2022 ξόδευτον
560 1969 574 1985 ·
610 1953 884 2009 καὶτοῦτο
913 1952 1056 2008 ἐστιν
1081 1954 1192 2008 ἀπὸ
1217 1953 1326 2009 τῶν
1354 1953 1702 2027 πραγμάτων
1739 1955 1867 2008 ἰδεῖν

287 2041 487 2099 αὐτῶν.
525 2043 584 2096 '0
620 2041 754 2110 γοῦν
803 2040 1124 2112 βουλόμενος
1161 2040 1489 2112 ψεύσασθαι,
1543 2042 1638 2096 καὶ
1685 2041 1868 2104 δόλους

291 2129 480 2202 ῥάψαι,
514 2129 763 2200 ἐννόησον
793 2129 936 2192 ὅσοις
961 2130 1249 2202 ἐπιχειρεῖ,
1276 2130 1408 2202 ὅσης
1430 2130 1600 2183 δεῖται
1623 2129 1724 2201 τῆς
1754 2146 1871 2182 ποι-

288 2218 488 2282 κιλίας,
522 2216 684 2270 ποίων
732 2216 908 2286 λόγων
939 2217 1356 2288 πεπλασμένων,
1410 2218 1582 2290 πόσης
1625 2217 1868 2288 δεινότη-

285 2323 404 2370 τος.
433 2307 492 2360 Ὀ
524 2305 581 2358 δὲ
613 2305 712 2375 τὴν
745 2304 1001 2376 ἀλήθειαν
1029 2305 1220 2375 λέγων,
1256 2306 1316 2360 ού
1353 2305 1539 2374 πόνου,
1575 2307 1636 2360 οὐ
1669 2306 1872 2372 ,δυσκο-

286 2393 410 2458 λίας
438 2393 489 2455 δ,
521 2391 619 2464 οὐχ
667 2392 1030 2463 ὑποκρίσεως,
1081 2393 1143 2446 οὐ
1196 2393 1625 2465 μηχανημάτων,
1655 2393 1871 2458 οὐδενὸς

287 2482 460 2536 δεῖται
483 2479 750 2544 τοιούτου,
783 2479 954 2552 αὐτῆς
991 2480 1112 2534 καθ’
1156 2483 1357 2552 ἑαυτὴν
1394 2482 1609 2554 ἐκείνης
1643 2481 1870 2554 διαλαμ-

291 2569 523 2640 πούσης.
559 2569 828 2641 Καθάπερ
852 2568 962 2640 γὰρ
987 2569 1057 2624 τά
1087 2569 1182 2640 μὲν
1217 2571 1440 2642 ἄμορφα
1467 2571 1576 2625 τῶν
1603 2572 1872 2642 σωμάτων

296 2656 514 2712 πολλῶν
562 2655 760 2723 ἔξωθεν
817 2655 988 2710 δεῖται
1027 2656 1138 2711 τῶν
1183 2658 1572 2729 τεχνασμάτων
1627 2659 1720 2713 καὶ
1764 2660 1873 2712 τῶν

287 2743 757 2816 ἐπικαλυμμάτων
785 2744 884 2815 τὴν
925 2744 1035 2798 ἀπὸ
1077 2743 1176 2815 τῆς
1220 2745 1436 2815 φύσεως
1465 2746 1740 2817 ἀμορφίαν
1779 2763 1873 2800 συ-

295 2833 632 2899 σκιαζόντων
654 2851 668 2865 ·
702 2833 771 2888 τὰ
799 2833 858 2886 δέ
881 2833 1038 2902 φύσει
1067 2833 1209 2888 καλά
1237 2833 1379 2888 αὐτὰ
1399 2834 1522 2888 καθ’
1547 2834 1714 2889 ἐαυτά
1736 2835 1875 2904 ἀγω-

289 2921 549 2993 νιζόμενα
567 2920 804 2992 λάμπει·
851 2919 996 2974 οὕτω
1024 2921 1119 2973 καὶ
1151 2919 1242 2974 ἐπὶ
1273 2920 1367 2974 τοῦ
1397 2919 1625 2990 ψεύδους
1657 2921 1750 2975 καὶ
1775 2924 1874 2993 τῆς

289 3009 550 3081 ἀληθείας
582 3007 727 3062 ἐστιν
749 3008 954 3078 εὑρεῖν,
987 3008 1081 3062 καὶ
1115 3007 1214 3079 τῆς
1247 3007 1467 3074 κακίας,
1499 3008 1594 3062 καὶ
1623 3008 1725 3078 τῆς
1753 3009 1877 3079 ἀρε-

290 3099 418 3168 τῆς.
437 3095 600 3151 Ὅθεν
628 3095 810 3167 δῆλον,
837 3096 920 3150 ὅτι
950 3094 1046 3148 καὶ
1083 3095 1190 3166 πρὸ
1214 3095 1313 3164 τῆς
1341 3094 1616 3159 κολάσεως
1641 3096 1675 3166 ὴ
1706 3096 1876 3150 κακία

295 3187 398 3256 τὴν
421 3184 639 3239 κόλασιν
663 3183 884 3252 ἐπάγει,
919 3182 1015 3237 καὶ
1035 3181 1141 3254 πρὸ
1163 3184 1264 3254 τῆς
1289 3181 1609 3245 ἀντιδόσεως
1637 3183 1670 3252 ἡ
1703 3183 1872 3254 ἀρετὴ

300 3271 402 3342 τὴν
427 3270 655 3342 ἀμοιϐὴν
695 3271 930 3325 δίδωσιν.
974 3270 1184 3340 ’Ὠσπερ
1221 3268 1330 3340 γὰρ
1365 3269 1546 3340 ἐκείνη
1601 3270 1660 3322 ἐν
1708 3270 1871 3340 ἑαυτῇ

296 3361 367 3414 τὰ
394 3357 602 3413 ἔπαθλα
633 3359 746 3430 ἔχει
778 3357 872 3412 καὶ
915 3355 1022 3428 πρὸ
1074 3355 1183 3411 τῶν
1233 3357 1540 3424 στεφάνων·
1605 3355 1746 3409 οὕτω
1782 3357 1876 3410 καὶ

292 3444 438 3517 αὕτη
467 3448 524 3500 ἐν
559 3447 726 3518 ἐαυτῇ
753 3445 854 3517 τὴν
880 3443 1152 3517 τιμωρίαν
1181 3443 1292 3516 ἔχει
1321 3445 1415 3498 καὶ
1451 3444 1558 3515 πρὸ
1590 3445 1688 3516 τῆς
1714 3444 1878 3498 κολάη

293 3552 456 3599 σεως.
487 3535 552 3589 Τί
595 3536 704 3607 γὰρ
744 3535 811 3588 ἂν
837 3535 1049 3603 γένοιτο
1076 3532 1456 3606 χαλεπώτερον
1489 3532 1763 3604 ἁμαρτίας
1795 3535 1877 3596 εἰς

290 3623 568 3694 τιμωρίας
619 3623 813 3692 λόγον;
847 3621 946 3676 Διά
992 3621 1056 3694 δὴ
1092 3621 1252 3674 τοῦτο
1296 3622 1394 3675 καὶ
1431 3622 1460 3674 ό
1507 3619 1718 3684 Παῦλος
1765 3619 1877 3673 τῶν

291 3714 675 3784 ἡταιρηκότων
720 3710 1120 3784 μνημονεύσας,
1177 3711 1286 3764 τῶν
1337 3711 1436 3781 τὴν
1486 3709 1636 3781 ὥραν
1698 3721 1720 3750 ο
1776 3711 1876 3780 τὴν

294 3800 509 3854 ἑαυτῶν
539 3800 961 3871 ἀποδιδομένων,
1011 3799 1105 3852 καί
1133 3799 1231 3870 τῆς
1261 3797 1476 3867 φύσεως
1515 3799 1642 3860 τοὺς
1674 3797 1878 3868 νόμους

294 3890 733 3960 ἀνατρεπόντων,
785 3889 990 3960 ταύτην
1042 3888 1216 3960 ἔφησε
1279 3888 1554 3960 τιμωρίαν
1615 3887 1878 3958 μεγίστην

297 3973 441 4032 εἶναι
475 3977 568 4030 καὶ
605 3976 712 4050 πρὸ
747 3977 846 4048 τῆς
883 3976 1178 4040 κολάσεως.
1199 3976 1480 4045 Ἀρσενες
1524 3975 1655 4046 γὰρ,
1688 3973 1874 4045 φησὶν,

295 4065 370 4120 ἐν
395 4063 608 4134 ἄρσεσι
641 4063 758 4133 τὴν
777 4064 1221 4134 ἀσχημοσύνην
1241 4059 1748 4132 κατεργαζόμενοι,
1776 4059 1876 4116 καί

295 4151 419 4221 τὴν
455 4153 854 4222 ἀντιμισθίαν,
881 4151 962 4220 ἢν
989 4151 1132 4214 ἔδει,
1173 4150 1286 4218 τῆς
1310 4149 1550 4218 πλάνης
1580 4147 1778 4203 αὐτῶν
1807 4150 1879 4204 ὲν

300 4239 540 4306 ἑαυτοῖς
588 4238 1120 4309 ἀπολαμϐάνοντες
1139 4253 1152 4266 ’
1193 4235 1539 4307 ἀντιμισθίαν
1567 4236 1670 4307 τῆς
1695 4237 1877 4309 ἀμαρ-

298 4327 422 4391 τίας
465 4327 646 4380 αὐτῶν
676 4328 775 4398 τὴν
823 4325 1108 4394 ἀσέλγειαν
1149 4325 1243 4379 καὶ
1283 4325 1382 4396 τὴν
1427 4323 1628 4396 πρᾶξιν
1671 4323 1874 4378 καλῶν.

301 4413 528 4484 Ειρήνη
559 4415 658 4469 ἐπὶ
685 4414 792 4469 τὸν
821 4413 1080 4482 Ἰσραήλ.
1119 4413 1213 4476 Εἰς
1241 4411 1406 4484 εὐχὴν
1427 4412 1518 4466 τὸν
1545 4411 1702 4482 λόγον
1727 4413 1882 4465 κατέ-

299 4503 510 4557 κλεισε.
539 4501 796 4558 Τοιαῦται
824 4501 934 4573 γὰρ
950 4501 1004 4554 αἱ
1028 4499 1139 4555 τῶν
1154 4499 1323 4569 ἀγίων
1349 4498 1588 4570 ψυχαίιν
1607 4499 1746 4570 μετά
1771 4499 1874 4570 τῆς

298 4591 675 4663 παραινέσεως
707 4590 802 4644 καὶ
839 4589 936 4659 τῆς
971 4586 1280 4658 συμϐουλῆς
1328 4585 1426 4657 τὴν
1459 4585 1624 4656 εὐχὴν
1653 4601 1870 4656 προστι-

299 4679 477 4740 θέασι,
494 4677 756 4748 μεγίστην
773 4675 1090 4746 συμμαχίαν
1105 4675 1418 4742 εἰσάγουσαι
1436 4675 1548 4736 τοῖς
1569 4671 1876 4728 ἀκούουσιν.

373 4766 610 4838 Εἰρήνην
637 4765 694 4818 δέ
730 4761 984 4827 ἐνταῦθα,
1020 4763 1080 4814 ού
1119 4761 1322 4832 ταύτην
1354 4759 1522 4832 μόνην
1550 4759 1649 4831 τὴν
1684 4759 1876 4832 αἰσθη-

297 4853 422 4926 τὴν,
447 4853 580 4907 ἀλλά
617 4853 710 4906 καὶ
747 4851 844 4923 τὴν
871 4851 1074 4923 ταύτης
1102 4847 1460 4921 ὑψηλοτέραν,
1501 4847 1597 4902 καὶ
1643 4845 1764 4902 ὅθεν
1785 4849 1881 4902 καὶ

300 4945 443 5016 αὕτη
476 4943 737 5007 τίκτεται,
772 4942 943 5011 λέγει,
984 4941 1078 4995 καὶ
1113 4938 1327 5010 εὔχεται
1371 4937 1508 4992 ὥστε
1539 4936 1614 5010 μὴ
1655 4937 1882 4992 στασιά-

299 5033 419 5098 ζειν
454 5031 552 5102 τὴν
588 5031 765 5102 ψυχὴν
805 5029 973 5101 αὐτὴν
1020 5027 1154 5096 πρὸς
1201 5025 1401 5097 ἑαυτὴν
1429 5024 1539 5079 τῶν
1574 5025 1762 5079 παθῶν
1787 5025 1880 5080 τὸν

302 5121 543 5192 πόλεμον
565 5120 983 5187 ἐπεισάγουσαν.
1017 5115 1234 5186 Ταύτην
1267 5113 1332 5186 δὴ
1362 5113 1458 5168 καὶ
1481 5115 1644 5185 ἡμεῖς
1676 5114 1774 5186 τὴν
1802 5116 1881 5168 εἰ-

301 5212 480 5284 ρήνην
508 5209 778 5282 ζητῶμεν,
813 5208 898 5261 ἵνα
929 5207 1038 5260 τῶν
1077 5203 1504 5275 ἐπηγγελμένων
1531 5203 1750 5275 ἀγαθῶν
1790 5204 1883 5258 δυ-

295 5297 554 5372 νηθῶμεν
579 5299 782 5368 τυχεῖν,
805 5297 991 5368 χάριτι
1015 5295 1108 5348 καὶ
1137 5293 1516 5366 φιλανθρωπία
1543 5292 1638 5346 τοῦ
1669 5295 1878 5366 Κυρίου

363 5448 392 5477 ⁸
421 5443 573 5496 Savil.
595 5443 824 5494 δεῐκψπαι
845 5445 875 5500 ἡ
899 5441 1172 5504 κηδεμονία.

362 5507 395 5550 b
419 5507 492 5557 Οὐ
511 5505 762 5561 δυσκολίας
783 5499 959 5553 deerat
977 5499 1028 5552 ili
1057 5503 1232 5552 Mure].
1277 5502 1378 5551 Sed
1401 5503 1452 5550 in
1475 5500 1626 5551 Savil.
1651 5499 1878 5562 habetur,

298 5578 357 5621 et
380 5570 568 5619 lectum
593 5575 669 5616 est
692 5568 1055 5628 abimerprele.

367 5635 390 5662 ε
411 5630 496 5680 Sic
506 5629 656 5679 Savil.
677 5627 849 5678 Morel.
871 5626 954 5675 καὶ
974 5628 1060 5683 τήν
1083 5626 1225 5688 ὥραν.

362 5693 392 5734 d
418 5691 501 5742 Sic
519 5691 667 5741 Savil.
689 5691 892 5750 optime,
911 5695 962 5737 et
988 5681 1054 5750 ἱιιι
1082 5681 1344 5750 legendum
1365 5681 1882 5750 redamaqlibps‘licet

300 5770 442 5813 mss,
471 5759 524 5801 et
540 5753 658 5802 edit.
685 5746 855 5800 Morel.
874 5746 958 5811 Qui
983 5749 1181 5813 lyabem,
1205 5751 1252 5813 αἰ
1273 5749 1368 5796 τῶν
1387 5747 1532 5808 ἀγίων
1558 5746 1707 5806 εὐχαί.
1737 5746 1881 5811 Legit

303 5809 454 5868 eum
475 5814 725 5867 Henetus
743 5816 790 5862 αἱ
812 5809 907 5862 τῶν
928 5810 1075 5876 ἁγίων
1099 5809 1262 5872 ψυχαί.
1485 5821 1495 5830 ⁵

1387 353 1766 414 EXPOSITIO
1801 356 1873 414 PN
1901 352 2232 418 PSALMUM
2265 348 2479 408 CXXV.

3438 349 3554 404 ὃίέἰῒ

1964 467 2124 540 ἡμῶν
2165 465 2340 536 Ἰησοῦ
2377 461 2634 536 Χριστοῦ,
2663 456 2708 531 ᾧ
2737 464 2770 534 ἡ
2807 462 2953 530 δόξα,
2984 462 3078 516 καὶ
3107 461 3170 516 τὸ
3211 462 3432 534 κράτος,
3467 467 3555 526 εἰς

1969 549 2101 618 τοὺς
2149 553 2350 616 αἰῶνας
2377 553 2485 606 τῶν
2513 550 2745 605 αἰώνων.
2782 551 2974 620 Ἀμην.

2231 675 2380 749 [552]
2414 676 2523 730 E12
2560 675 2698 729 TON
2737 675 2888 728 PKE'
2924 672 3244 728 ΨΑΛΜΟΝ.

1979 783 2077 842 Ἐν
2129 781 2211 848 τῷ
2264 779 2621 849 ἐπιστρέψαι
2694 782 2912 848 Κύριον
2967 779 3082 847 τὴν
3133 778 3553 850 αίχμαλωσίαν

2042 863 2230 927 Σιὼν,
2303 861 2675 932 ἐγενήθημεν
2751 861 2895 914 ὡσεὶ
2981 859 3501 928 παρακεκλημένοι
3533 898 3546 910 .

2040 945 2266 1014 Ἕτερος
2295 941 2634 1014 ἑρμηνευτής
2662 958 2846 1012 φησιν,
2869 941 3046 994 Ὅταν
3070 939 3402 1008 ἐπιστρέψῃ
3437 938 3550 991 Κύ-

2029 1041 2166 1092 ριος
2216 1023 2331 1092 τὴν
2372 1023 2810 1092 αἰχμαλωσίαν,
2863 1021 3121 1091 ἐσόμεθα
3169 1022 3550 1087 παρακεκλη-

2033 1099 2228 1169 μένοι.
3619 1107 3631 1112 “

2037 1210 2108 1258 α’.
2141 1203 2214 1256 Τὸ
2253 1203 2354 1274 τῆς
2402 1202 2779 1273 αἰχμαλωσίας
2827 1200 2995 1272 δνομα
3040 1199 3242 1254 ἁπλοῦν
3275 1200 3374 1269 μέν
3403 1201 3550 1252 ἐστιν

1969 1291 2108 1350 κατά
2129 1290 2224 1360 τὴν
2249 1291 2530 1362 προφοράν
2547 1307 2560 1321 ·
2582 1291 2692 1360 ἔχει
2708 1289 2766 1342 δὲ
2783 1287 2983 1352 πολλὰς
3006 1287 3233 1350 ἐννοίας.
3261 1288 3416 1340 Ἔστι
3441 1287 3549 1356 γὰρ

1969 1378 2063 1432 καὶ
2091 1377 2230 1449 καλὴ
2261 1377 2629 1448 αἰχμαλωσία,
2653 1376 2728 1440 ὡς
2751 1377 2880 1429 ὅταν
2908 1377 3047 1446 λέγῃ
3074 1375 3306 1438 Παῦλος,
3333 1373 3549 1444 Αἰχμαη

1967 1462 2314 1531 λωτίζοντες
2335 1463 2461 1520 πᾶν
2478 1463 2674 1532 νόημα
2701 1461 2791 1530 εἰς
2809 1463 3088 1531 Χριστόν
3108 1460 3224 1514 ἐστι
3249 1460 3346 1514 καὶ
3379 1459 3521 1529 κακὴ
3534 1500 3547 1520 .

1969 1553 2044 1617 ὡς
2081 1553 2206 1606 ὅταν
2234 1551 2402 1627 λέγῃ·
2437 1551 2999 1621 Αἰχμανῖωτεύοντες
3057 1547 3411 1622 γυναικάρια
3447 1566 3550 1603 σε-

1968 1639 2316 1710 σωρευμένα
2373 1639 2702 1709 ἁμαρτίαις.
2741 1637 2928 1705 Ἔστιν
2976 1638 3010 1708 ἡ
3061 1634 3248 1707 νοητὴ,
3304 1635 3434 1705 περὶ
3483 1631 3550 1703 ἧς

1970 1743 2138 1800 φησι·
2192 1725 2460 1796 Κηρῦεαι
2515 1724 2912 1794 αἰχμαλώτοις
2973 1723 3213 1792 ἄφεσιν.
3277 1723 3464 1776 Ἔστιν
3517 1723 3549 1792 ἡ

1970 1815 2222 1888 αἰσθητὴ,
2257 1817 2290 1886 ἡ
2331 1812 2482 1884 παρὰ
2525 1812 2634 1866 τὼν
2678 1811 2974 1883 πολεμίων.
3021 1810 3394 1882 Χαλεπωτέρα
3431 1811 3548 1882 δέή

1971 1903 2232 1974 προτέρα.
2263 1903 2325 1954 Οἱ
2352 1902 2450 1970 μὲν
2483 1899 2594 1971 γὰρ
2625 1901 2772 1970 νόμῳ
2812 1899 3050 1970 πολέμου
3093 1899 3245 1964 τινὰς
3273 1898 3549 1963 λαϐόντες,

1971 1991 2064 2044 καὶ
2094 1989 2366 2059 φείδονται
2419 1987 2678 2052 πολλάκις
2724 1987 2833 2042 τῶν
2880 1987 3256 2059 εἰλημμένων·
3300 1987 3400 2041 κᾶν
3431 1989 3550 2040 ἐπι-

1969 2077 2172 2144 τάζωσι
2227 2077 2564 2148 ὑδροφορεῖν,
2630 2074 2980 2142 ξυλοκοπεῖν,
3032 2074 3126 2128 καὶ
3179 2074 3551 2146 ίπποφορὸοὺς

1971 2167 2268 2237 ποιήσωσιν
2299 2177 2346 2228 ο,
2379 2165 2530 2218 οὐδὲν
2555 2165 2636 2227 εἰς
2663 2163 2764 2235 τὴν
2788 2163 2964 2234 ψυχὴν
2991 2162 3352 2234 παρέϐλαψαν
3376 2180 3386 2191 ·
3422 2164 3451 2216 ὁ
3493 2162 3551 2216 δὲ

1971 2253 2076 2308 ὑπὸ
2113 2253 2212 2324 τῆς
2241 2252 2516 2324 ἁμαρτίας
2546 2251 2774 2322 ληφθεὶς
2813 2249 3178 2322 αἰχμάλωτος,
3217 2249 3409 2320 ἀφειδῆ
3457 2249 3550 2302 καὶ

1974 2340 2246 2413 βάρϐαρον
2275 2341 2558 2394 δέσποιναν
2590 2341 2802 2402 κτᾶται,
2834 2341 2916 2402 εἰς
2951 2338 3018 2392 τὰ
3059 2338 3361 2408 ἀτιμότατα
3388 2337 3550 2390 αύτὺν

1971 2429 2078 2482 τῶν
2099 2428 2276 2500 ἔργων
2301 2427 2736 2498 καταφέρουσαν.
2763 2427 2835 2478 Οὐ
2857 2428 2964 2495 γὰρ
2981 2421 3087 2478 οἶδε
3115 2425 3414 2494 φείδεσθαι,
3433 2424 3551 2477 οὐδὲ

1973 2517 2141 2570 ἐλεεῖν
2162 2515 2300 2588 αῦτη
2323 2517 2356 2587 ή
2378 2515 2652 2588 τυραννίς.
2680 2515 2946 2567 Ἄκουσον
2975 2513 3104 2581 γοῦν
3126 2513 3240 2575 πῶς
3261 2513 3350 2566 τὸν
3370 2510 3552 2566 ἄθλιον

1972 2605 2068 2658 καὶ
2117 2604 2462 2675 ταλαίπωρον
2515 2602 2712 2656 Ἰούδαν
2761 2599 3002 2654 λαϐοῦσα
3057 2600 3400 2672 αἰχμάλωτον
3453 2602 3553 2654 οὐκ

1973 2691 2248 2760 ἐφείσατο,
2299 2691 2412 2744 ἀλλ’
2451 2691 2704 2761 ἐποίησεν
2753 2687 3046 2760 ἱερόσυλον,
3101 2687 3402 2758 προδότην,
3459 2689 3552 2744 καὶ

1977 2779 2114 2850 μετά
2140 2777 2200 2832 τὸ
2229 2779 2324 2852 τὴν
2352 2778 2624 2850 ἁμαρτίαν
2663 2777 2681 2816 ῖ
2712 2777 2928 2842 ἀνύσαι,
2963 2778 3043 2838 εἰς
3067 2775 3126 2828 τὸ
3149 2774 3371 2848 θέατρον
3390 2776 3552 2828 αὐτὸν

1974 2867 2147 2938 ἥγαγε
2179 2866 2288 2920 τῶν
2322 2865 2610 2929 Ἰουδαίων,
2650 2866 2743 2918 καὶ
2780 2861 3096 2932 ἀπεκάλυψε
3136 2862 3197 2915 τὸ
3226 2862 3551 2934 πλημμέλη-

1978 2971 2073 3025 μα,
2103 2955 2195 3007 καὶ
2227 2953 2348 3007 οὑδέ
2386 2951 2560 3015 οὕτως
2605 2951 2784 3021 ἀφῆκε
2821 2949 3210 3022 καρπώσασθαι
3249 2951 3312 3005 τὸ
3354 2953 3416 3003 ἐκ
3453 2951 3552 3017 τῆς

1979 3041 2265 3114 μετανοίας
2299 3040 2510 3114 κέρδος,
2538 3038 2673 3092 ἀλλά
2694 3041 3058 3110 προαπήγαγε
3095 3043 3194 3112 τῆς
3243 3039 3550 3110 μετανοίας,

1975 3130 2070 3184 ἐπὶ
2118 3130 2308 3201 βρόχον
2353 3127 2652 3197 ἀγαγοῦσα.
2693 3128 2968 3200 Τύραννος
3013 3127 3122 3199 γάρ
3167 3130 3282 3182 ἐστι
3316 3127 3550 3199 χαλεπὴ.

1977 3217 2188 3290 πονηρὰ
2217 3217 2580 3271 ἐπιτάττουσα
2610 3216 2976 3288 ἐπιτάγματα,
3005 3218 3095 3270 καὶ
3121 3215 3552 3287 καταισχύνουσα

1975 3305 2101 3368 τοὺς
2139 3302 2532 3366 ὑπακούοντας.
2571 3303 2684 3368 Διὸ,
2715 3304 3038 3374 παρακαλῶ,
3082 3303 3372 3376 φεύγωμεν
3417 3303 3556 3376 μετὰ

1981 3393 2179 3464 πολλῆς
2211 3394 2310 3463 τῆς
2350 3393 2584 3464 σπουδῆς
2623 3391 2722 3465 τὴν
2757 3392 3076 3448 δεσποτείαν
3113 3393 3304 3464 αὐτῆς,
3327 3394 3420 3447 καὶ
3457 3410 3556 3446 πο-

1977 3482 2232 3554 λεμῶμεν
2269 3482 2431 3552 αὐτῇ,
2457 3482 2552 3535 καὶ
2595 3481 2866 3553 μηδέποτε
2902 3481 3416 3553 καταλλαττώμεθα,
3459 3482 3556 3535 καὶ

1977 3570 2432 3642 ἐλευθερωθέντες
2460 3569 2712 3640 μένωμεν
2743 3569 2838 3623 ἐπὶ
2866 3571 2967 3640 τῆς
3005 3568 3336 3640 ἐλευθερίας.
3361 3568 3424 3622 Εἰ
3446 3569 3556 3642 γὰρ

1977 3653 2122 3713 οῦτοι
2151 3657 2443 3729 βαρϐάρων
2475 3656 2879 3726 ἀπαλλαγέντες
2915 3655 3166 3724 ἐγένοντο
3204 3657 3556 3728 παρακεκλη-

1980 3748 2150 3819 μένοι,
2191 3747 2372 3818 πολλῷ
2419 3746 2618 3819 μᾶλλον
2663 3747 2814 3818 ἡμᾶς
2855 3747 3147 3818 ἁμαρτίας,
3165 3744 3557 3817 ἐλευθερωθέν-

1976 3853 2075 3899 τας
2101 3833 2308 3906 χαίρειν
2329 3833 2522 3888 δεῖκαὶ
2548 3835 2794 3906 σκιρτᾷν,
2818 3833 2914 3889 καὶ
2932 3833 3200 3888 ἀθάνατον
3223 3833 3428 3906 ταύτην
3449 3835 3559 3888 δια-

1977 3925 2163 3995 τηρεῖν
2193 3922 2290 3994 τὴν
2311 3922 2524 3994 ἡδονὴν,
2553 3921 2689 3974 ἀλλά
2724 3922 2798 3994 μὴ
2825 3921 3182 3993 λυμαίνεσθαι
3217 3923 3351 3995 μηδέ
3371 3923 3557 3979 θολοῦν

1978 4011 2147 4082 αὐτὴν
2175 4011 2335 4066 πάλιν
2367 4013 2478 4074 τοῖς
2507 4011 2691 4073 αὐτοῖς
2714 4009 3128 4081 ἐπιχειροῦντας
3155 4015 3364 4075 κακοῖς.
3399 4013 3559 4081 Ἐγε-

1977 4098 2244 4169 νήθημεν
2267 4097 2412 4152 ὡσεὶ
2450 4096 2992 4167 παρακεκλημένοι.
3020 4097 3191 4151 Τοῦτο
3219 4099 3316 4170 μὲν
3339 4100 3389 4152 οἱ
3409 4098 3558 4154 ἄλλοι

1979 4188 2311 4260 ἐρμηνευταί
2365 4203 2563 4258 φασιν·
2616 4188 2770 4242 Ὡσεί
2831 4187 3341 4258 ἐνυπνιαζόμενοι.
3393 4190 3450 4244 '0
3502 4190 3556 4243 δὲ

1989 4269 2261 4348 Ἐϐραῖος,
2306 4275 2353 4330 Χ
2357 4274 2643 4345 αωλεμίμ.
2665 4274 2732 4328 Τί
2759 4274 2817 4329 δέ
2841 4275 2979 4338 ἐστι,
3001 4276 3558 4347 Παρακεκλημένοι;

1995 4362 2378 4426 Ἀναπαύσεως
2411 4361 2782 4434 ἐπλήσθημεν,
2811 4361 2998 4433 φησὶν,
3032 4364 3391 4434 εὐφροσύνης,
3435 4363 3558 4435 ἡδο-

1981 4452 2096 4522 νῆς.
2126 4453 2264 4505 Τότε
2290 4449 2568 4518 ἐπλήσθη
2614 4448 2805 4518 χαρᾶς
2839 4449 2906 4502 τὸ
2935 4451 3129 4518 στόμα
3169 4447 3355 4518 ἡμῶν.
3390 4451 3487 4505 καὶ
3520 4453 3558 4519 ἠ

1980 4536 2234 4608 γλῶσσα
2285 4536 2457 4607 ἡμῶν
2509 4534 2945 4606 ἀγαλλιάσεως.
3010 4537 3146 4589 Τότε
3192 4537 3442 4605 ἐροῦσιν
3491 4539 3562 4592 ἐν

1980 4626 2105 4694 τοῖς
2159 4625 2421 4686 ἔθνεσιν,
2451 4622 2820 4696 Ἐμεγάλυνε
2867 4625 3084 4692 Κύριος
3146 4625 3254 4680 τοῦ
3311 4625 3561 4694 ποιῆσαι

1975 4711 2127 4784 μετὰ
2177 4709 2395 4768 αὐτῶν.
2456 4709 2817 4782 Ἐμετάλυνε
2872 4712 3086 4781 Κύριος
3143 4713 3249 4768 τοῦ
3311 4713 3562 4786 ποιῆσαι

1977 4799 2107 4870 μεθ’
2140 4797 2328 4870 ήμῶν.
2365 4799 2439 4853 Οὐ
2479 4797 2652 4870 μικρά
2694 4799 2941 4854 συντελεῖ
2972 4799 3111 4868 πρὸς
3154 4799 3347 4871 βελτίω
3399 4819 3561 4871 μετα-

1981 4889 2144 4960 ϐολὴν
2169 4889 2232 4943 τὸ
2260 4889 2470 4962 χαίρειν
2496 4889 2588 4942 ἐπὶ
2612 4891 2678 4961 τῇ
2717 4889 3001 4960 ἀπαλλαγῇ
3028 4889 3130 4961 τῆς
3161 4889 3556 4962 αἰχμαλωσίας.

1982 4977 2092 5034 Καὶ
2120 4978 2204 5042 τίς
2229 4979 2290 5032 οὺ
2321 4978 2524 5049 χαίρει,
2551 4979 2736 5049 φησὶν,
2773 4979 2868 5032 ἐπὶ
2899 4979 3109 5051 τούτῳ;
3142 4981 3204 5034 Οί
3249 4981 3484 5052 πατέρες
3509 4982 3560 5035 οί

1982 5065 2206 5131 τούτων,
2230 5066 2319 5119 ὅτε
2367 5065 2761 5136 ἀπηλλάγησαν
2787 5068 2885 5137 τῆς
2911 5065 3213 5136 Αἰγύπτου,
3251 5069 3344 5122 καὶ
3372 5069 3436 5121 ἐκ
3461 5067 3562 5137 τῆς

1980 5151 2223 5216 δουλείας
2261 5153 2474 5222 ἐκείνης
2529 5152 2666 5224 πρὸς
2703 5153 3014 5224 ἐλευθερίαν
3058 5155 3414 5226 μετέστησαν,
3456 5155 3562 5208 ὑπὸ

1983 5240 2218 5312 ἐσχάτης
2252 5240 2647 5312 ἀγνωμοσύνης
2675 5241 2734 5292 ἐν
2762 5241 2944 5304 αὐτοῖς
2965 5239 3114 5312 [555]
3137 5241 3433 5310 ἐγόγγυζον
3450 5244 3563 5305 τοῖς

1982 5329 2227 5396 ἀγαθοῖς,
2260 5329 2663 5398 ἐδυσχέραινον,
2692 5327 3066 5398 ἐχαλέπαινον,
3103 5327 3358 5392 ἀλύοντες
3395 5328 3564 5382 διετέ-

1983 5416 2128 5468 λουν.
2163 5413 2304 5468 Ἀλλ’
2347 5416 2447 5485 οὐχ
2499 5416 2674 5486 ἡμεῖς,
2731 5413 2934 5483 φησίν·
2967 5413 3106 5468 ἀλλά
3159 5415 3426 5486 χαίρομεν
3470 5416 3566 5470 καί

1987 5502 2316 5574 σκιρτῶμεν.
2365 5502 2598 5570 Λέγουσι
2645 5500 2703 5554 δέ
2745 5503 2840 5555 καὶ
2882 5501 2982 5574 τὴν
3021 5502 3200 5556 αἰτίαν
3226 5503 3328 5574 τῆς
3369 5505 3560 5577 χαρᾶς.

1983 5591 2055 5644 Ού
2090 5588 2270 5660 μόνον,
2297 5590 2450 5657 φησι,
2485 5587 2575 5640 διὰ
2606 5587 2703 5658 τὴν
2737 5588 3056 5660 ἀπαλλαγὴν
3087 5588 3197 5644 τῶν
3225 5589 3413 5645 δεινῶν
3442 5591 3565 5664 χαί-

2051 5751 2072 5812 ‘f
2107 5747 2202 5812 δίο,
2212 5746 2413 5812 ΑΜοΓρί..
2427 5746 2488 5795 Sa
2498 5747 2692 5812 vil._xiv
2710 5747 2973 5812 ὑποφόρους
2989 5750 3272 5806 ποιήσωσιν.

2052 5808 2070 5849 ί
2093 5809 2242 5860 Savil.
2270 5809 2518 5872 προδότην.
2546 5809 2664 5860 Εἶτα
2691 5808 2884 5872 μιτάτό
2899 5812 2984 5868 τήν
3003 5813 3250 5876 ἁμαρτίαν,
3281 5816 3376 5861 clc.
