3956 6398
467 364 566 424 561

466 494 656 554 ρομεν,
707 474 823 530 ἀλλ’
857 475 938 528 ὅτι
989 474 1080 528 καὶ
1124 475 1370 531 ἐντεῦθεν
1415 477 1618 540 πάντες
1667 476 1902 528 εἴσονται
1949 473 2043 528 τοῦ

462 560 599 614 θεοῦ
630 559 730 631 τὴν
757 557 1011 630 πρόνοιαν
1043 556 1140 628 τὴν
1169 559 1297 630 περὶ
1325 560 1494 629 ἡμᾶς.
1533 557 1676 614 Τότε
1697 557 1828 630 γὰρ,
1860 558 2045 628 φησὶν,

461 644 709 713 ἐροῦσιν
735 643 808 696 ἐν
848 641 972 707 τοῖς
1011 641 1647 712 ἓθνεσιν,Ἔμεγάλυνε
1692 641 1907 709 Κύριος
1939 641 2048 694 τοῦ

461 727 713 794 ποιῆσαι
752 725 882 794 μετ’
939 723 1158 780 αὐτῶν.
1220 725 1588 797 Ἐμεγάλυνε
1657 725 1871 793 Κύριος
1941 723 2046 780 τοῦ

459 809 705 876 ποιῆσαι
754 809 885 878 μεθ’
941 809 1130 876 ἡμῶν.
1185 811 1300 880 Οὐχ
1345 808 1534 874 ἁπλῶς
1577 809 1607 862 6
1651 808 2048 880 διπλασιασμὸς

458 895 745 964 πρόκειται
770 901 812 959 ⁸,
857 891 974 946 ἀλλ’
1005 892 1170 948 ἕνεκα
1190 893 1284 948 τοῦ
1318 893 1560 964 ἐμφῆναι
1591 895 1692 966 τὴν
1719 893 1917 966 πολλὴν
1946 896 2048 947 αύ-

457 979 566 1030 τῶν
605 978 669 1050 ἢν
717 975 876 1047 ἔσχον
914 977 1106 1048 χαράν.
1162 976 1236 1030 Τὸ
1286 977 1386 1048 μὲν
1415 981 1524 1050 7&9
1565 977 1673 1030 τῶν
1713 977 1881 1032 ἐθνῶν
1930 980 2047 1031 ἐστι

462 1064 632 1132 ῥῆμα,
661 1060 723 1113 τὸ
757 1059 816 1114 δέ
850 1060 1030 1114 αὐτῶν
1065 1060 1247 1115 πάλιν.
1276 1061 1388 1115 Καὶ
1420 1062 1541 1133 ὅρα.
1570 1062 1684 1114 Οὐκ
1715 1057 1888 1127 εἷπον,
1914 1061 2049 1115 ἐσω-

460 1163 551 1197 σεν
575 1145 722 1215 ἡμᾶς
741 1162 754 1174 ·
796 1144 940 1208 οὐδὲ,
971 1143 1282 1215 ἀπήλλαξεν
1303 1146 1452 1215 ἡμᾶς
1470 1163 1484 1176 ο
1513 1144 1649 1210 ἀλλ’,
1667 1145 2044 1217 Ἐμεγάλυνε,

455 1226 518 1280 τὸ
547 1225 851 1298 παράδοξον
883 1226 945 1280 τὸ
979 1226 1256 1298 θαύματος
1295 1227 1464 1300 γέμον
1510 1228 1599 1283 διὰ
1629 1228 1732 1299 τῆς
1773 1247 2048 1302 προσηγο-

461 1311 582 1383 ρξας
607 1311 701 1364 τοῦ
757 1309 1055 1382 μεγαλῦναι
1101 1311 1452 1382 παραστῆσαι
1488 1311 1823 1384 βουλόμενοι.
1860 1313 2044 1385 Ὁρᾷς,

457 1395 540 1448 ὅτι
567 1393 704 1465 ὅπερ
731 1392 974 1464 συνεχῶς
1008 1393 1037 1434 ι’
1069 1392 1274 1463 ἔλεγον,
1312 1392 1402 1447 διὰ
1439 1395 1532 1448 τοῦ
1575 1395 1760 1459 ἔθνους
1790 1394 1979 1448 τούτου
2011 1397 2045 1467 ἠ

458 1476 754 1548 οἰκουμένη
789 1476 1129 1543 ἐπαιδεύετο,
1185 1478 1280 1532 καὶ
1329 1477 1695 1548 ἀπαγομένων
1728 1478 1908 1532 αὐτῶν
1951 1479 2047 1533 καὶ

461 1559 918 1631 ἐπαναγομένων;
963 1561 1028 1614 Ἥ
1080 1561 1190 1631 γὰρ
1231 1561 1416 1625 ἄνοδος
1461 1562 1582 1616 ἀντὶ
1629 1563 1871 1633 κήρυκος
1926 1560 2048 1630 ἐγέ-

464 1661 600 1700 νετο.
627 1643 738 1696 Καὶ
764 1642 872 1714 7&9
900 1643 1081 1697 αὐτῶν
1107 1647 1140 1715 ἡ
1169 1645 1326 1716 φήμη
1361 1645 1577 1716 περιῄει
1612 1643 1909 1716 πανταχοῦ,
1945 1662 2048 1698 κα-

463 1726 688 1797 τάδηλον
723 1727 859 1779 πᾶσι
892 1725 1119 1780 ποιοῦσα
1147 1728 1246 1797 τὴν
1287 1727 1380 1780 τοῦ
1424 1727 1560 1781 Θεοῦ
1602 1726 2044 1799 φιλανθρωπίαν

459 1811 542 1865 ὃτι
581 1809 794 1880 μεγάλα
836 1811 929 1864 καὶ
968 1809 1244 1882 παράδοξα
1271 1811 1348 1874 ὡς
1390 1809 1607 1882 ἀληθῶς
1637 1805 1780 1882 ἦσαν
1807 1809 1875 1864 τά
1919 1811 2050 1882 περί

460 1896 658 1956 αὐτοὺς
699 1893 1044 1966 γεγενημένα
1083 1893 1359 1966 θαύματα.
1391 1895 1565 1958 Αὐτὸς
1612 1895 1722 1966 7&9
1777 1895 1974 1958 αὐτοὺς
2020 1896 2050 1948 ό

461 1978 706 2049 κατέχων
756 1976 937 2047 Κῦρος
970 1977 1204 2048 ἀφῆκεν.
1235 1977 1449 2042 οὐδενὸς
1497 1977 1782 2048 δεηθέντος
1815 1988 1865 2044 ο,
1913 1977 2049 2032 ἀλλά

457 2061 553 2114 τοῦ
586 2061 722 2115 Θεοῦ
755 2061 854 2131 τὴν
895 2060 1104 2114 ἐκείνου
1133 2061 1373 2116 διάνοιαν
1409 2061 1781 2133 μαλάξαντοςο
1823 2061 1916 2114 καὶ
1950 2061 2050 2115 οὐκ

457 2145 670 2216 ἀφῆκεν
713 2143 923 2210 ἁπλῶς,
956 2143 1092 2198 ἀλλὰ
1138 2146 1234 2198 καὶ
1277 2145 1419 2216 μετά
1463 2145 1654 2218 δώρων
1700 2147 1796 2200 καὶ
1837 2145 2045 2211 ξενίων.

471 2228 867 2299 Ἐγενήθημεν
901 2230 1380 2298 εὐφραινόμενοι.
1397 2230 1812 2299 Ἐπίστρεψον,
1848 2231 2046 2299 Κύριε,

457 2313 575 2380 τὴν
607 2313 1031 2382 αἰχμαλωσίαν
1073 2312 1265 2382 ἡμῶν,
1319 2313 1399 2379 ὡς
1447 2311 1808 2383 χειμάρρους
1856 2313 1928 2367 ἐν
1970 2313 2050 2379 τῷ

457 2399 632 2461 νότῳ.
666 2395 792 2458 Πῶς
820 2396 1126 2468 ἀρχόμενος
1149 2395 1242 2448 τοῦ
1278 2395 1516 2466 ψαλμοῦ,
1555 2397 1650 2451 Ἑν
1674 2395 1755 2462 τῷ
1783 2395 2050 2466 ἐπιστρέο

457 2484 568 2548 ἰς-αι
621 2479 842 2547 Κύριον
884 2476 1002 2545 τὴν
1032 2479 1451 2548 αἰχμαλωσίαν
1496 2479 1671 2542 Σιὼν,
1716 2476 1867 2534 εἶπεν
1891 2497 1905 2510 ·
1963 2481 2050 2532 ἐν-

457 2563 636 2616 ταῦθα
671 2561 751 2625 δὲ,
783 2561 1232 2630 Ἐπίστρεψον;
1274 2562 1364 2626 Ὠς
1398 2563 1528 2634 περὶ
1563 2564 1847 2634 μέλλοντος
1867 2562 1895 2604 ἀ
1919 2563 2050 2617 δια-

459 2647 773 2718 λεγόμενος,
829 2644 1080 2699 Μάλιστα
1137 2646 1246 2716 γὰρ
1277 2649 1304 2701 6
1349 2647 1537 2718 ἕτερος
1593 2647 1932 2719 ἑρμηνευτὴς
1970 2649 2050 2710 εἰς

457 2729 616 2786 τοῦτο
659 2730 810 2800 ἡμᾶς
860 2729 1146 2800 προσάγει,
1170 2730 1271 2784 οὐκ
1314 2729 1506 2793 εἰπὼν,
1547 2733 1647 2784 Ἐν
1673 2729 1752 2796 τῷ
1779 2730 2052 2799 ἐπιστρέ-

457 2817 568 2882 ψαι
596 2831 609 2844 ·
651 2813 789 2875 ἀλλ’,
821 2812 1000 2866 Ὅταν
1045 2813 1385 2882 ἐπιστρέψῃ
1409 2831 1422 2844 ·
1479 2803 1564 2868 δτι
1610 2814 1784 2888 ἀρχὴν
1827 2814 1948 2868 τότε
1990 2813 2051 2868 τὸ

460 2897 694 2969 πρᾶγμα
741 2895 1068 2968 ἐλάμϐανεν,
1116 2896 1212 2950 καί¹
1256 2897 1356 2950 οὐκ
1405 2899 1462 2950 ἐν
1499 2898 1804 2969 προοιμίοις
1833 2897 1896 2952 τὸ
1944 2901 2049 2952 πᾶν

459 2977 827 3050 κατωρθώθη,
878 2979 1014 3034 ἀλλά
1065 2978 1260 3032 πολλαὶ
1302 2979 1590 3048 γεγόνασιν
1625 2981 1804 3034 αὐτῶν
1847 2981 2052 3035 ἀναϐά-

459 3079 518 3116 σε
529 3079 607 3127 ις·
638 3061 734 3116 καὶ
761 3061 871 3134 γὰρ
898 3059 1112 3134 πρώτη,
1141 3062 1235 3116 καὶ
1263 3061 1512 3135 δευτέρα,
1539 3063 1633 3116 καί
1657 3063 1814 3134 τρίτη
1835 3063 2047 3133 γέγονε.

531 3145 599 3216 β’.
622 3145 794 3198 Τοῦτο
811 3141 904 3200 οῦν
929 3145 1077 3199 ἐστιν
1109 3147 1313 3199 εἰπεῖν·
1342 3147 1375 3217 ῆ
1417 3148 1499 3200 ὅτι
1519 3146 1738 3217 εῦχεται
1759 3148 2050 3218 ὁλόκληρον

461 3227 712 3293 γενέσθαι
741 3227 840 3298 τὴν
874 3227 1220 3299 ἀπαλλαγήν.
1257 3230 1366 3284 Καὶ
1399 3230 1510 3302 7&9
1549 3230 1736 3284 πολλοὶ
1767 3231 1878 3284 τῶν
1917 3233 2052 3284 Ἰου-

456 3310 622 3364 δαίων
661 3311 1018 3380 ἐναπομεῖναι
1069 3311 1352 3366 ἐϐούλοντο
1387 3316 1454 3384 τῇ
1506 3311 1661 3384 χώρᾳ
1709 3313 1817 3367 τῶν
1847 3313 2054 3388 βαρϐά-

462 3409 572 3464 ρων
605 3405 625 3429 ο
660 3407 675 3422 ο
721 3391 802 3445 διὸ
828 3393 923 3446 καὶ
961 3393 1080 3464 μετ’
1121 3395 1426 3458 ἐπιτάσεως
1466 3396 1626 3448 τοῦτο
1661 3397 1916 3466 γενέσθαι
1953 3415 2054 3452 πο-

459 3476 593 3540 θῶν,
627 3477 813 3547 φησίν’
843 3478 1244 3546 Ἐπίστρεψον
1263 3477 1378 3547 τὴν
1405 3481 1826 3550 αἰχμαλωσίαν
1860 3481 2049 3551 ἡμῶν,

458 3561 539 3628 ὠς
568 3557 930 3630 χειμάρρους
956 3560 1026 3614 ὲν
1051 3559 1130 3626 τῷ
1158 3562 1312 3628 νότῳ
1330 3580 1342 3593 ο
1384 3563 1655 3628 τουτέστι,
1687 3564 1824 3634 μετά
1851 3563 2050 3636 πολλῆς

457 3645 558 3714 τῆς
585 3643 785 3716 ῥύμης,
825 3644 963 3715 μετά
1005 3645 1208 3715 πολλῆς
1239 3645 1340 3714 τῆς
1382 3645 1743 3719 σφοδρότητος
1765 3646 1923 3700 ὠθῶν
1955 3648 2052 3702 καὶ

457 3729 821 3799 κατεπείγων.
844 3729 934 3783 Διὸ
955 3729 1048 3784 καὶ
1074 3729 1159 3783 ἕτε
1169 3747 1260 3803 ρος
1279 3729 1624 3802 ἑρμηνευτὴς
1651 3730 1714 3784 τὸ
1742 3730 1873 3784 αὐτὸ
1892 3731 2053 3786 τοῦτο

456 3812 654 3884 δηλῶν,
687 3815 784 3880 Ὠς
813 3814 1189 3882 καταῤῥοίας,
1217 3810 1617 3880 εἷπεν.”Αλλος,
1649 3814 1748 3880 Ὠς
1777 3816 2049 3884 ὀχετούς.

461 3895 676 3959 Ἀλλος,
707 3895 805 3962 Ὠς
829 3894 1105 3966 ἀφέσεις.
1143 3901 1208 3951 Οἱ
1251 3898 1610 3967 σπείροντες
1643 3897 1712 3951 ἐν
1752 3897 2054 3968 δάκρυσιν

455 3981 527 4033 ἐν
560 3977 920 4048 ἀγαλλιάσει
957 3979 1244 4048 θεριοῦσι.
1283 3981 1454 4035 Τοῦτο
1505 3981 1722 4053 εἴρηται
1781 3981 1880 4052 μὲν
1924 3981 2056 4054 περὶ

456 4059 568 4116 τῶν
598 4059 890 4125 Ἰουδαίων,
925 4061 1196 4133 πολλαχοῦ
1229 4063 1272 4116 δ’
1299 4063 1366 4117 ἂν
1394 4063 1509 4135 ἔχοι
1537 4064 1724 4136 χώραν
1751 4065 1848 4119 καί⁸
1885 4064 2054 4119 ἀλλα-

457 4142 557 4217 χοῦ
585 4142 861 4212 λέγεσθαι.
913 4143 1166 4198 Τοιοῦτον
1211 4145 1320 4221 γάρ
1364 4149 1399 4217 ή
1453 4148 1622 4217 ἀρετή
1650 4163 1664 4176 °
1708 4147 1818 4200 τῶν
1873 4148 2053 4202 πόνων

457 4227 721 4300 λαμπρὰς
747 4225 858 4298 ἔχει
885 4226 982 4291 τὰς
1019 4227 1255 4300 ἀμοιϐάς
1277 4246 1290 4259 ·
1341 4231 1436 4284 καί.
1484 4230 1566 4284 δεῖ
1600 4231 1751 4302 ἡμᾶς
1791 4231 2053 4303 πρότερον

459 4312 693 4382 κάμνειν
719 4311 814 4364 καὶ
845 4310 1335 4382 ταλαιπωρεῖσθαι,
1369 4313 1465 4365 καὶ
1495 4311 1617 4366 τότε
1643 4313 1826 4382 ζητεῖν
1847 4314 2048 4369 ἄνεσιν.

458 4395 634 4450 Τοῦτο
659 4395 768 4468 γὰρ
807 4395 1086 4467 πανταχοῦ
1113 4397 1208 4450 καὶ
1227 4399 1284 4451 ἐν
1309 4398 1422 4460 τοῖς
1463 4396 1734 4467 βιωτικοῖς
1759 4396 2051 4468 συμϐαῖνον

361 4486 376 4553 ’ξ
459 4480 558 4534 ἔδοι
585 4497 668 4544 τις
699 4481 785 4536 ἄν.
819 4480 921 4534 Διά
960 4477 1115 4553 [554]
1154 4479 1218 4552 δὴ
1249 4479 1408 4534 τοῦτο
1438 4481 1531 4532 καὶ
1561 4481 1725 4544 αὐτὸς
1759 4481 1850 4536 ἐπὶ
1879 4481 2051 4536 ταῦτα

366 4543 375 4570 ξ
455 4565 549 4619 τὸν
591 4543 752 4634 λόγον
799 4543 1030 4636 ἤγαγέν,
1091 4543 1421 4637 ἐπίσπόρον
1463 4563 1628 4634 λέγω,
1668 4543 1763 4619 καὶ
1816 4565 2046 4638 ἀμητόν.

459 4647 673 4720 Ὠσπερ
709 4649 819 4718 γὰρ
856 4649 885 4700 6
925 4646 1165 4722 σπείρων
1200 4647 1364 4702 πόνου
1411 4647 1603 4710 δεῖται,
1643 4651 1740 4702 καὶ
1777 4649 2052 4704 ταλαιπω-

464 4730 605 4801 ρίας,
647 4730 743 4784 καὶ
771 4729 1032 4801 ἱδρώτων,
1061 4731 1158 4784 καὶ
1187 4729 1455 4802 χειμῶνος
1476 4745 1490 4760 ·
1523 4727 1698 4794 οὕτως
1732 4733 1760 4786 6
1805 4731 1903 4805 τὴν
1923 4734 2053 4806 ἀρεο

459 4814 558 4884 τὴν
595 4811 817 4886 μετιών.
863 4813 1027 4868 Οὐδὲν
1070 4813 1179 4884 7&9
1209 4812 1352 4866 οὕτω
1394 4813 1531 4885 πρὸς
1563 4815 1746 4869 ἄνεσιν
1776 4816 2050 4886 ἄχρηστον

457 4900 536 4962 ὼς
565 4896 872 4970 ἄνθρωπος.
895 4897 994 4950 Διά
1025 4895 1092 4967 δὴ
1134 4895 1294 4949 τοῦτο
1325 4895 1518 4967 στενὴν
1555 4897 1649 4950 καὶ
1685 4897 2050 4970 τεθλιμμένην

458 4981 716 5052 ἐποίησεν
752 4981 871 5035 ὁδὸν
911 4979 932 5018 ί
967 4983 996 5034 ὁ
1020 4980 1172 5042 Θεός.
1199 4977 1420 5032 Μᾶλλον
1441 4979 1498 5032 δὲ
1530 4981 1592 5034 οὐ
1621 4981 1690 5034 τά
1730 4981 1828 5052 τῆς
1851 4985 2052 5054 ἀρετῆς

461 5066 643 5137 μόνον,
661 5065 800 5120 ἀλλά
824 5066 918 5120 καί⁸
935 5064 1005 5119 τὰ
1027 5064 1256 5136 βιωτικά
1279 5065 1582 5140 πράγματα
1604 5068 1838 5122 ἐπίπονα
1856 5085 2051 5122 κατεσ-

521 5215 550 5244 ⁸
577 5215 719 5266 Alius
744 5216 1056 5280 πρόσκειται.
1087 5215 1242 5265 Paulo
1265 5219 1380 5264 ante
1407 5214 1557 5264 verba
1603 5215 1915 5278 ἐμεγάλυνε...
1965 5217 2048 5265 ω)-

463 5279 562 5325 τῶν
585 5290 614 5324 e
643 5276 825 5328 Saviltb
853 5276 1086 5326 rcslimla
1108 5284 1241 5324 sunt.

517 5339 548 5380 ιι
569 5341 782 5403 Συνεχῶς
805 5341 951 5388 deest
972 5339 1020 5388 in
1046 5346 1188 5403 textu
1221 5339 1409 5403 Savilij,

523 5403 547 5432 ο
574 5397 1528 5464 Αιίἱούδενὸς,παρακαλέσαντοςοῦδενὸς
1551 5399 1806 5456 δεηθέντος.
1824 5397 1946 5448 [uiis
1963 5415 2050 5464 au-

460 5462 684 5523 temqqu
705 5460 991 5524 pracedunl
1015 5460 1067 5510 ει
1093 5475 1204 5522 quae
1226 5470 1522 5522 sequuntur,
1536 5474 1708 5520 magna
1723 5468 1775 5524 ει
1797 5463 2048 5523 superlma

461 5524 676 5584 Valjietas
695 5523 991 5572 Observalur
1015 5525 1062 5572 in
1089 5537 1189 5571 uno
1208 5524 1365 5584 Regio
1398 5537 1509 5572 cum
1532 5524 1727 5570 mendis
1752 5523 2045 5571 innumeris.

523 5582 556 5623 ἀ
579 5585 730 5648 ξενίί.
759 5585 1060 5648 ἐπίστρεψον,
1079 5584 1258 5648 Κύριε,
1280 5582 1422 5646 λέγει,
1444 5587 1510 5641 ὡς
1529 5584 1635 5648 περί
1656 5585 1922 5646 μέλλοντος.

529 5602 556 5623 ’³
579 5602 730 5656 εθγξι.
759 5602 1060 5647 επιστρεψον,
1097 5602 1258 5694 Ἀυὲἇε,
1281 5602 1306 5632 Α

529 5655 554 5709 9
579 5645 732 5709 §?"|l~
754 5651 812 5708 τῇ
831 5647 967 5708 χώρᾳ
982 5651 1040 5707 τῇ
1067 5647 1156 5709 βαρ
1222 5663 1306 5709 ρφτ

529 5700 664 5768 {Sic
685 5700 974 5768 οςῃιίεξγηὶςέι
1000 5700 1096 5765 [⁷ρί
1127 5700 1190 5754 ita
1216 5700 1338 5768 l'e'git
1381 5707 1565 5766 interp.
1595 5705 1714 5754 Mor.
1741 5708 2048 5768 τεθλιμμένην

466 5762 690 5832 ἓκοὶλεσεν
861 5762 1009 5814 ςεινὶιζ
1049 5762 1350 5830 τεὮιμμέῆν
1391 5762 1586 5816 ἐκάλεσε
1627 5768 1710 5824 τὴν
1744 5762 2046 5832 προς’ὸ’ρετῆν

471 5826 695 5884 φέρουσαν
717 5824 847 5880 ὁδόν,

1159 362 1218 420 S.
1257 359 1541 418 JOANNIS
1578 355 2068 416 CHRYSOSTOMI
2111 356 2432 414 ARCHIEP.
2477 355 3026 416 CONSTANTINOP.
3595 365 3684 427 ωε

2154 475 2376 536 κεύασε.
2420 476 2516 529 καὶ
2562 474 2700 528 αὐτὰ
2728 473 2908 544 πολλῷ
2933 471 3198 528 πλέον.”0
3233 489 3292 527 τε
3320 472 3425 546 7&9
3456 475 3681 548 σπείρων,

2148 559 2176 612 ὃ
2205 576 2263 612 τε
2294 557 2612 628 οἰκοδομῶν,
2640 559 2670 611 6
2693 557 2992 630 ὁδοιπόρος,
3042 559 3072 611 6
3108 557 3422 628 δρυοτόμος,
3465 559 3493 611 6
3526 577 3680 630 χειρο-

2149 643 2365 714 τέχνης,
2393 645 2503 706 πᾶς
2527 642 2834 714 ἄνθρωπος,
2859 643 2909 694 εἰ
2941 640 3122 712 μέλλοι
3141 657 3194 694 τι
3229 640 3557 712 καρποῦσθαι
3574 650 3687 716 χρη-

2151 743 2330 796 σιμον,
2366 726 2530 780 πόνου
2556 725 2730 779 δεῖται
2755 725 2854 778 καὶ
2897 723 3302 796 ταλαιπωρίας⁶
3349 725 3440 777 καὶ
3467 725 3687 798 καθάπερ

2149 810 2218 864 τά
2263 811 2556 882 σπέρματα
2600 810 2773 864 ὑετῶν
2799 811 2990 873 δεῖται,
3033 807 3205 872 οὕτως
3234 809 3394 880 ἡμεῖς
3432 808 3681 882 δακρύωνο

2153 893 2246 946 καί.
2280 894 2596 966 καθάπερή
2649 893 2724 963 γῆ
2771 891 2866 947 τοῦ
2911 892 3205 964 τέμνεσθαι
3252 891 3438 962 χρείαν
3468 891 3572 962 ἔχει
3611 894 3686 948 καί

2152 977 2614 1048 ἀναῤῥήγνυσθαι,
2637 976 2780 1032 οὕτω
2804 977 2899 1032 καὶ
2921 979 2954 1048 ἡ
2977 976 3124 1047 ψυχὴ
3149 976 3266 1030 ἀντὶ
3289 975 3528 1046 δικέλλης
3546 975 3691 1031 δεῖται

2153 1059 2478 1132 πειρασμῶν
2497 1061 2593 1116 καὶ
2621 1060 2875 1130 θλίψεων,
2910 1061 2998 1115 ἵνα
3033 1061 3108 1132 μὴ
3135 1061 3275 1134 φέρῃ
3310 1059 3531 1131 βοτάνας
3560 1079 3692 1132 πονη-

2155 1145 2276 1217 ρὰς,
2334 1147 2424 1200 ἵνα
2471 1145 2533 1200 τδ
2590 1144 2826 1216 σκληρὸν
2875 1143 3046 1215 αὐτῆς
3111 1143 3466 1215 μαλάττηται,
3513 1145 3592 1198 ἵνα
3633 1145 3693 1216 μὴ

2151 1234 2366 1305 σκιρτᾷ.
2395 1231 2506 1286 Καὶ
2534 1230 2646 1302 7&9
2667 1231 2762 1285 καί,
2786 1233 2857 1301 γῆ
2894 1229 2968 1301 μὴ
2992 1229 3332 1300 ἐργαζομένη
3371 1227 3504 1299 μετά
3522 1229 3694 1298 πολλῆς

2147 1317 2246 1386 τῆς
2270 1314 2575 1388 ἀκριϐείας,
2598 1315 2750 1368 οὐδὲν
2769 1314 2919 1382 ὑγιὲς
2943 1313 3165 1385 ἐκφέρει
3195 1315 3241 1366 ε.
3261 1315 3328 1366 Ὃ
3351 1312 3527 1365 τοίνυν
3555 1315 3694 1382 φησιν

2149 1403 2178 1454 6
2204 1402 2517 1475 Προφήτης,
2551 1398 2710 1454 τοῦτό
2750 1401 2925 1452 ἐστιν·
2981 1399 3064 1452 ὅτι
3109 1400 3183 1470 μὴ
3229 1397 3310 1451 δεῖ
3352 1397 3507 1463 μόνον
3531 1398 3614 1450 ἐπὶ
3637 1400 3694 1468 τῇ

2150 1487 2322 1560 ἀνόδῳ
2367 1485 2603 1558 χαίρειν,
2655 1483 2792 1538 ἀλλά
2856 1483 2952 1538 καὶ
2994 1483 3088 1535 ἐπὶ
3114 1483 3180 1552 τῇ
3221 1480 3578 1551 αἰχμαλωσίᾳ,
3616 1480 3695 1533 καὶ

2151 1573 2290 1645 ὑπὲρ
2315 1569 2641 1642 ἀμφοτέρων
2668 1568 2897 1640 χάριτας
2929 1565 3006 1637 τῷ
3037 1565 3157 1637 Θεῴ
3184 1565 3484 1636 ὁμολογεῖν.
3514 1565 3694 1645 Ἐκεῖνο

2153 1643 2269 1728 μέν-
2298 1655 2405 1726 γὰρ
2455 1653 2654 1725 σπόρος
2677 1669 2692 1683 ·
2730 1651 2888 1705 τοῦτο
2931 1650 2986 1704 δέ
3037 1648 3270 1720 ἀμητός.
3304 1649 3512 1718 ’Ὠσπερ
3535 1643 3620 1701 οὖν
3654 1649 3693 1701 οἱ

2152 1739 2486 1811 σπείροντες,
2527 1738 2684 1809 φησὶ,
2715 1737 3004 1801 πονοῦντες
3030 1735 3363 1791 ἀπολαύουσι
3392 1735 3498 1788 τῶν
3552 1750 3695 1806 1:903-

2155 1822 2290 1878 όδων
2329 1823 2471 1894 μετά
2509 1821 2713 1877 ταῦτα·
2760 1821 2904 1876 οὕτω
2929 1821 3023 1876 καὶ
3047 1821 3226 1892 ὑμεῖς,
3268 1819 3433 1892 ἡνίκα
3468 1821 3560 1892 μὲν
3576 1817 3694 1890 ἀπῄ-

2150 1924 2282 1971 ειτε,
2301 1908 2429 1972 τοὺς
2475 1906 2798 1977 σπείροντας
2847 1904 3156 1976 ἐμιμεῖσθε,
3198 1901 3692 1976 ταλαιταορούμενοι,

2151 1992 2478 2064 κοπτόμενοι
2509 1992 2564 2056 ὶι,
2595 1991 2924 2061 θλιϐόμενοι,
2955 1989 3046 2042 τὸν
3083 1989 3354 2061 χειμῶνα,
3381 1991 3469 2042 τὸν
3494 1988 3696 2058 πόλεμον

2151 2077 2432 2148 φέροντες,
2461 2076 2561 2148 τὴν
2601 2073 2938 2144 συννέφειαν,
2973 2070 3065 2126 τὸν
3106 2071 3338 2143 κρυμὸν,
3381 2071 3580 2144 δάκρυα
3621 2073 3697 2123 ἐκ·

2150 2159 2384 2232 χέοντες.
2427 2159 2606 2228 Ὅπερ
2649 2157 2758 2229 γάρ
2795 2157 2912 2210 ἐστι
2956 2159 3070 2220 τοῖς
3131 2155 3443 2227 σπέρμασιν
3475 2155 3502 2208 6
3549 2153 3696 2216 ὑετὸς,

2148 2243 2308 2298 τοῦτο
2329 2246 2440 2308 τοῖς
2472 2241 2814 2312 θλιϐομένοις
2859 2239 2930 2294 τὰ
2964 2239 3197 2311 δάκρυα.
3233 2239 3376 2292 Ἀλλ’
3416 2238 3538 2301 ἰδοὺ,
3569 2237 3696 2306 φησί,

2151 2328 2258 2382 τῶν
2308 2328 2484 2382 πόνων
2519 2327 2744 2380 ἐκείνων
2789 2323 3094 2379 ἀπελάϐετε
3140 2325 3242 2396 τὴν
3275 2323 3526 2395 ἀμοιϐήν.
3556 2322 3699 2375 Ὅταν

2150 2408 2242 2466 οῦν
2274 2411 2408 2483 λέγῃ
2428 2425 2442 2440 ·
2479 2411 2873 2479 Πορευόμενοι
2912 2407 3296 2478 ἐπορεύοντο,
3337 2407 3434 2461 καὶ
3469 2406 3697 2465 ἔκλαιον,

2145 2494 2488 2561 βάλλοντες
2544 2492 2619 2547 τὰ
2667 2492 2980 2562 σπέρματα
3027 2490 3250 2556 αὐτῶν,
3305 2491 3601 2560 ἐρχόμενοι
3646 2485 3700 2542 δὲ

2152 2579 2412 2646 ἥξουσιν
2447 2576 2521 2630 ὲν
2562 2575 2940 2646 ἀγαλλιάσει,
2987 2575 3266 2644 αἴροντες
3304 2575 3378 2629 τὰ
3434 2572 3700 2643 δράγματα

2149 2661 2380 2718 αὐτῶν·
2422 2661 2483 2715 οὐ
2523 2661 2654 2728 περί
2701 2661 2847 2714 σίτου
2885 2659 3212 2728 διαλέγεται,
3261 2659 3399 2714 ἀλλά
3430 2658 3554 2729 περὶ
3587 2669 3703 2726 πρα-

2150 2748 2402 2818 γμάτων,
2432 2743 2704 2799 παιδεύων
2732 2744 2823 2798 τὸν
2863 2744 3160 2816 ἀκροατὴν.
3207 2744 3285 2815 μὴ
3327 2744 3506 2798 ἀλύειν
3530 2744 3584 2795 ἐν
3603 2741 3700 2799 ταῖς

2152 2833 2415 2903 θλίψεσιν.
2434 2832 2645 2902 Ὥσπερ
2674 2829 2784 2899 γὰρ
2803 2831 2832 2884 6
2854 2829 3093 2902 σπείρων
3113 2828 3215 2883 οὐκ
3238 2829 3415 2896 ἀλύει,
3440 2827 3537 2883 κᾶν
3563 2822 3702 2879 πολλὰ

2149 2917 2219 2971 τά
2251 2914 2485 2987 φορτικὰ
2535 2909 2594 2988 ᾗ.
2629 2912 2848 2985 ἀφορῶν
2893 2913 3031 2982 πρὸς
3067 2912 3136 2967 τά
3177 2911 3308 2984 λήῖα
3339 2912 3408 2966 τὰ
3450 2909 3702 2982 κομῶντα*

2151 3002 2324 3065 οῦτως
2367 3001 2487 3054 οὐδέ
2527 2999 2621 3054 τὸν
2666 2998 2983 3070 θλιϐόμενον
3038 2997 3416 3070 δυσχεραίνειν
3463 2997 3582 3070 χρὴ,
3621 2996 3704 3048 κᾶν

2152 3086 2324 3140 πολλά
2442 3083 2512 3138 τὰ
2539 3081 2784 3155 λυπηρὰ.
2840 3082 2934 3136 τὸν
2971 3082 3185 3154 ἀμητὸν
3234 3083 3590 3154 ἀναμένοντα,
3625 3079 3706 3148 τὴν

2153 3168 2414 3240 πρόσοδον
2444 3167 2542 3240 τὴν
2573 3166 2682 3222 ἀπὸ
2713 3166 2814 3237 τῆς
2841 3165 3072 3236 θλίψεως
3099 3166 3403 3236 γινομένην
3431 3163 3704 3218 ἐννοοῦντα.

2152 3252 2319 3307 Ταῦτ’
2357 3246 2450 3306 οὖν
2481 3251 2576 3306 καὶ
2609 3252 2772 3322 ἡμεῖς
2813 3249 3036 3314 εἰδότες,
3063 3250 3160 3303 καὶ
3195 3251 3341 3323 ὑπὲρ
3383 3249 3601 3319 θλίψεως
3629 3243 3705 3299 καὶ

2152 3335 2294 3406 ὑπὲρ
2341 3333 2580 3397 ἀνέσεως
2628 3331 3040 3404 εύχαριστῶμεν
3073 3332 3152 3404 τῷ
3204 3334 3473 3407 Δεσπάεῃ.
3525 3333 3580 3385 Εἰ
3617 3329 3706 3398 γὰρ

2151 3418 2247 3472 καὶ
2293 3416 2526 3486 διάφορα
2574 3414 2646 3468 τά
2688 3415 2970 3486 γινόμενα.
3026 3415 3163 3469 ἀλλὰ
3207 3416 3350 3488 πρὸς
3401 3416 3460 3469 ἒν
3509 3414 3705 3468 ἕκαστον

2154 3502 2301 3556 ἆπαν
2332 3502 2347 3542 ί
2383 3500 2536 3564 τέλος
2569 3500 2694 3571 ὁρᾷ,
2741 3499 2932 3571 ὥσπερ
2961 3501 2990 3554 6
3036 3499 3238 3571 σπόρος
3284 3501 3382 3556 καὶ
3424 3503 3454 3554 6
3495 3497 3703 3570 ἀμητός’

2154 3584 2250 3639 καὶ
2287 3584 2547 3655 φέρωμεν
2568 3582 2668 3646 τὰς
2695 3581 2904 3650 θλίψεις
2941 3583 3225 3651 γενναίως,
3256 3585 3354 3637 καί
3379 3583 3704 3656 εὐχαρίστως,

2153 3668 2249 3723 καὶ
2274 3669 2372 3733 τάς
2403 3667 2618 3732 ἀνέσεις
2647 3666 2786 3737 μετὰ
2806 3667 3112 3736 δοξολογίας
3132 3683 3146 3696 ·
3172 3667 3318 3722 ὥστε
3351 3670 3446 3722 καὶ
3472 3668 3574 3721 τῶν
3601 3662 3706 3736 μελ-

2151 3751 2353 3806 λόντων
2397 3754 2676 3822 ἐπιτυχεῖν
2725 3749 2968 3820 ἀγαθῶν,
3007 3752 3193 3822 χάριτι
3221 3755 3318 3806 καί⁵
3360 3747 3704 3824 φιλανθρωπία

2152 3836 2243 3890 τοῦ
2273 3837 2479 3909 Κυρίου
2515 3834 2675 3907 ἡμῶν
2707 3833 2882 3906 Ἰησοῦ
2922 3834 3183 3907 Χριστοῦ,
3216 3828 3262 3903 ᾧ
3305 3837 3340 3907 ἡ
3381 3835 3508 3902 δόξα
3547 3827 3705 3887 καὶτὸ

2153 3919 2354 3992 κράτος
2390 3921 2472 3985 εἰς
2502 3920 2629 3984 τοὺς
2657 3919 2859 3982 αἰῶνας
2893 3917 3002 3998 τῶν
3029 3916 3265 3973 αἰώνων.
3291 3919 3481 3992 Ἀμήν.

2419 4056 2569 4131 [555]
2617 4059 2727 4112 ΕΙΣ
2772 4058 2911 4112 ΤΟΝ
2948 4059 3124 4127 PKQ"
3151 4059 3477 4116 ΨΑΔΜΟΝ.

2165 4159 2302 4214 Ἐὰν
2333 4157 2420 4230 μὴ
2473 4159 2688 4228 Κύριος
2732 4158 3103 4230 οἰκοδομήσῃ
3160 4157 3351 4226 οἶκον,
3409 4163 3495 4227 εἰς
3535 4155 3706 4228 μάτην

2221 4229 2560 4302 ἐκοὲτίᾳσαν
2595 4232 2658 4302 ,οἱ
2700 4229 3180 4302 οἰκοδομοῦντες.
3214 4231 3355 4286 Ἐὰν
3396 4231 3480 4302 μὴ
3519 4230 3706 4296 Κύριος

2223 4299 2470 4370 φυλάξῃ
2523 4301 2724 4370 πόλιν,
2759 4303 2848 4370 εἰς
2885 4299 3088 4370 μάτην
3133 4299 3526 4369 ἠγρύπνὴσεν
3553 4303 3704 4370 cingv-

2223 4367 2498 4426 ζλὰσσων.
2549 4369 2654 4436 Εἰς
2703 4367 2906 4439 μάτην
2945 4371 3087 4440 ὑμῖν
3131 4367 3264 4425 ἐστι
3299 4373 3366 4426 τὸ
3402 4367 3706 4440 όρθρίζειντ

2222 4440 2524 4511 ἐγείρεσθε
2561 4441 2711 4510 μετὰ
2749 4441 2816 4494 τὸ
2861 4439 3177 4509 καθῆσθαι.

2224 4539 2293 4594 α’.
2309 4531 2477 4602 Οὗτος
2498 4539 2527 4592 6
2547 4537 2760 4609 ψαλμὸς
2779 4539 2858 4601 εἰς
2879 4537 2975 4610 τὴν
2991 4538 3326 4594 κατάστασιν
3343 4539 3450 4594 τῶν
3476 4531 3706 4611 πραγμά-

2151 4641 2260 4676 των
2283 4621 2390 4676 τῶν
2421 4621 2558 4694 μετά
2583 4621 2680 4693 τὴν
2703 4621 2961 4676 ἐπάνοδον
2991 4621 3226 4694 εἴρηται.
3254 4623 3472 4694 Ἐπειδὴ
3499 4621 3600 4690 γὰρ
3621 4617 3704 4687 τῆς

2154 4705 2534 4776 αἰχμαλωσίας
2585 4705 3014 4775 ἀπαλλαγέντες,
3059 4707 3152 4760 καὶ
3191 4707 3256 4760 ἐκ
3298 4707 3400 4778 τῆς
3455 4703 3705 4776 βαρϐάρου

2153 4791 2340 4866 χώρας
2381 4789 2786 4857 ἐπανελθόντες,
2829 4789 3070 4862 ἐρείπιον
3098 4790 3153 4843 δέ
3194 4791 3587 4851 καταλαϐόντες
3621 4785 3705 4856 τὴν

2153 4875 2329 4938 πόλιν,
2361 4874 2458 4928 καὶ
2485 4872 2556 4928 τὰ
2579 4873 2734 4944 τείχη
2768 4873 2906 4944 μετὰ
2935 4873 3043 4926 τῶν
3065 4873 3291 4948 πύργων
3317 4873 3612 4947 ἐρριμμένα
3625 4885 3708 4940 χα-

2157 4957 2256 5032 μαὶ
2288 4956 2608 5028 ἐπεχείρουν
2638 4957 2896 5026 ἐγείρειν,
2929 4957 3118 5010 ’πολλοί¹
3143 4957 3198 5010 δὲ
3222 4957 3544 5029 πολλαχόθεν
3562 4955 3709 5006 ἐπιτι-

2153 5042 2371 5112 θέμενοι
2403 5038 2695 5093 διεκώλυον
2729 5039 2790 5092 τὺ
2818 5038 2998 5110 ἔργον,
3027 5039 3345 5110 φθονοῦντες
3371 5044 3436 5112 τῇ
3465 5040 3568 5093 τῶν
3596 5036 3705 5089 ’ῐου-

2153 5125 2316 5178 δαίων
2355 5124 2644 5196 εὐημερίᾳ,
2691 5124 2787 5178 καὶ
2828 5124 3125 5189 δεδοικότες
3172 5125 3350 5178 αὐτῶν
3391 5125 3488 5196 τὴν
3521 5121 3705 5191 εὐπρα-

2154 5208 2280 5277 γίαν
2302 5224 2316 5238 ·
2353 5203 2474 5262 εἶτα
2501 5207 2708 5261 τούτων
2747 5207 3046 5278 γινομένων
3071 5208 3099 5260 ὀ
3125 5209 3314 5279 χρόνος
3341 5207 3594 5279 ἐτρίϐετο,
3626 5197 3704 5254 καὶ

2153 5289 2408 5354 τοσοῦτος
2457 5289 2646 5360 ἐτρίϐη
2686 5291 2900 5361 χρόνος,
2952 5291 3028 5354 ὡς
3069 5291 3208 5364 ὑπὲρ
3237 5292 3304 5345 τά
3329 5288 3704 5364 τεσσαράκοντα

2153 5373 2247 5443 ἔτη
2287 5373 2633 5443 ἀναλωθῆναι
2658 5375 2716 5426 ἐν
2747 5376 2814 5445 τῇ
2852 5375 2945 5428 τοῦ
2976 5373 3103 5428 ναοῦ
3136 5361 3424 5447 οἰκοδομῇ·
3464 5375 3590 5441 ὅπερ
3624 5361 3704 5420 οὖν

2153 5461 2249 5512 καὶ
2284 5460 2334 5512 οἱ
2365 5458 2606 5512 Ἰουδαῖοι
2647 5457 2932 5528 δηλοῦντες
2961 5460 2976 5510 1
3017 5458 3236 5528 ἔλεγονο
3277 5457 3704 5528 Τεσσαράιιοντα

2151 5540 2251 5593 καὶ
2288 5540 2357 5605 ἒξ
2391 5541 2594 5595 ἔτεσιν
2629 5541 2982 5612 ᾠκοδομήθη
3011 5546 3044 5598 ό
3081 5545 3229 5611 ναὸς
3257 5540 3460 5610 οὗτος·
3499 5541 3554 5594 οὗ
3589 5530 3705 5604 ’περι

2219 5641 2608 5718 ξξοι·ἱ1,φέρει.’
2705 5705 2759 5718 Η
2825 5703 2854 5718 η
2925 5706 2934 5716 ο

2215 5701 2241 5740 ⁸³
2265 5701 2559 5765 Κοπτὸμενοι
2578 5703 2723 5752 dOPst
2746 5705 2795 5754 in
2825 5703 2974 5754 Savil.

2218 5773 2232 5803 Ι
2267 5768 2345 5812 Sic
2373 5765 2520 5813 Savii.
2553 5765 2723 5814 Morel.
2754 5769 2952 5815 ἕκαστον
2978 5769 3176 5816 ἅπαντα.

2222 5837 2236 5876 1
2269 5829 2347 5876 Sic
2368 5827 2513 5878 Suwl.
2543 5825 2596 5877 In
2619 5827 2789 5878 Mure].
2815 5828 3062 5888 δηλοῦντες
3081 5829 3241 5880 deest.
