3956 6402
286 370 388 425 ’561

290 481 468 552 gaudii
487 480 738 538 afferunt.
766 480 877 536 Non
907 481 1098 546 solum,
1126 479 1311 550 inquit,
1339 477 1632 549 gaudemus
1657 485 1875 547 propter

292 572 666 628 liberationem
702 587 734 626 a
776 571 960 636 malis,
988 571 1082 626 sed
1124 570 1283 626 etiam
1324 571 1446 640 quia
1492 584 1556 624 ex
1584 583 1650 624 eo
1688 583 1874 622 omnes

289 673 656 737 cognoscent,
684 680 844 735 quam
887 663 1053 718 nostri
1104 663 1245 718 Deus
1294 677 1476 717 curam
1524 669 1693 731 gerat.
1728 658 1874 714 Tunc

289 760 460 822 enim,
484 757 675 827 inquit,
696 757 863 811 dicent
890 757 1019 810 inter
1042 764 1230 826 gentes,
1252 753 1598 825 Magniﬁcarit
1628 752 1874 806 Dominus

292 851 461 920 facem
479 863 596 902 cum
623 849 715 903 eis.
757 846 1102 916 Magni/ienuit
1131 844 1374 899 Dominus
1401 848 1567 915 facere
1591 842 1869 898 nobiscum.

292 937 409 993 Non
439 947 639 993 temere
674 936 920 1006 adjicitur
946 935 1061 990 haec
1102 933 1490 1004 conduplicatio
1514 974 1530 999 ,
1558 933 1652 988 sed
1690 940 1748 986 ut
1784 947 1874 986 os-

293 1016 578 1085 tenderent
615 1042 859 1098 magnam
886 1068 900 1094 ,
928 1042 1089 1097 quam
1118 1034 1405 1097 ceperant,
1432 1025 1688 1080 laetitiam.
1723 1024 1870 1078 Alte-

289 1138 413 1178 rum
459 1122 601 1177 enim
639 1121 858 1176 verbum
888 1128 972 1175 est
997 1119 1233 1190 gentium
1254 1158 1269 1184 ,
1295 1119 1518 1172 alterum
1549 1130 1676 1171 vero
1722 1116 1867 1185 ipso-

292 1230 439 1270 rum.
470 1213 604 1269 Vide
630 1221 829 1268 autem.
859 1211 977 1267 Non
1005 1210 1270 1275 dixerunt,
1298 1208 1539 1265 Servavit
1568 1222 1667 1263 nos
1689 1246 1705 1273 ,
1738 1221 1866 1271 nec,

288 1305 562 1362 Liberavit
576 1318 693 1369 nos;
711 1304 825 1371 sed,
840 1301 895 1356 Μ
898 1302 1017 1374 agni
1018 1301 1203 1371 ﬁcavit,
1220 1315 1332 1356 rem
1349 1299 1598 1370 opinione
1613 1297 1866 1367 majorem

288 1407 346 1453 et
372 1398 627 1453 miraculo
650 1396 856 1466 plenam
878 1410 972 1465 per
988 1394 1103 1451 haec
1126 1394 1364 1450 volentes
1386 1391 1685 1448 ostendere.
1709 1390 1868 1445 Vides

288 1489 586 1560 quomodo,
619 1497 677 1551 ut
719 1502 861 1558 smpe
885 1487 1148 1553 dicebam,
1181 1500 1276 1557 per
1302 1486 1441 1541 hanc
1461 1494 1674 1554 gentem
1702 1483 1861 1538 doce-

287 1581 446 1634 batur
472 1580 753 1634 universus
795 1579 938 1633 orbis
968 1586 1124 1634 terra:
1146 1617 1162 1643 ,
1185 1576 1311 1632 dum
1338 1584 1397 1631 et
1430 1575 1824 1630 abducerentur
1847 1615 1863 1641 ,

286 1678 345 1727 ct
374 1684 557 1726 rursus
602 1668 1001 1725 reducerentur.
1033 1667 1151 1737 Ipse
1177 1667 1320 1723 enim
1362 1666 1564 1723 reditus
1606 1664 1706 1720 fuit
1746 1666 1867 1720 loco

290 1760 568 1831 praeconis.
591 1759 791 1815 Eorum
813 1759 1005 1830 quippe
1030 1756 1170 1813 fama
1199 1757 1396 1827 ubique
1418 1754 1746 1826 pervolabat,
1773 1754 1866 1810 Dei

289 1856 344 1908 in
374 1869 467 1910 eos
495 1853 870 1924 benignitatem
918 1850 1251 1907 manifestam
1289 1848 1539 1906 omnibus
1577 1848 1818 1905 efficiens
1846 1889 1862 1915 ,

286 1962 477 2018 magna
517 1946 721 2002 scilicet
745 1955 800 2002 et
828 1960 1010 2002 revera
1047 1945 1193 2001 omni
1216 1944 1470 2013 opinione
1513 1944 1714 2013 majora
1743 1958 1864 2001 esse

286 2054 408 2107 qua:
428 2041 477 2094 in
503 2053 596 2094 eos
624 2037 753 2093 facta
784 2045 936 2094 erant
964 2036 1239 2093 miracula.
1273 2034 1393 2106 Ipse
1411 2036 1553 2091 enim
1578 2035 1745 2104 Cyrus
1773 2034 1865 2106 qui

284 2146 381 2186 eos
406 2129 648 2196 tenebat,
673 2130 816 2198 ipsos
841 2128 1058 2194 dimisit,
1083 2142 1204 2183 cum
1233 2127 1410 2183 nullus
1431 2142 1552 2183 eum
1581 2135 1858 2198 rogasset,

285 2222 380 2277 sed
410 2222 548 2278 Deus
572 2228 802 2276 mentem
834 2216 973 2275 illius
999 2219 1277 2275 molliisset
1301 2235 1315 2273 :
1344 2233 1444 2274 nec
1467 2218 1636 2274 solum
1661 2233 1753 2274 eos
1776 2218 1863 2273 di-

283 2316 452 2381 misit,
477 2314 569 2369 sed
598 2314 754 2369 etiam
778 2312 956 2369 affecit
986 2312 1139 2369 donis
1164 2320 1219 2369 et
1243 2312 1569 2368 muneribus.
1594 2310 1743 2365 Facti
1769 2328 1861 2366 su-

282 2426 398 2463 mus
418 2410 659 2463 laetantes.
676 2409 730 2463 4.
749 2406 1006 2473 Converte,
1022 2405 1253 2472 Domine,
1268 2407 1599 2476 captivitatem
1616 2416 1858 2474 nostram,

283 2501 414 2553 sicut
458 2509 648 2554 torrens
692 2499 747 2553 in
790 2507 982 2554 austro.
1013 2497 1289 2566 Quomodo
1332 2497 1465 2552 dixit
1510 2498 1563 2552 in
1603 2497 1862 2568 principio

284 2589 483 2646 Psalmi
506 2631 521 2655 ,
567 2591 692 2645 Cum
741 2597 1043 2644 converteret
1081 2589 1329 2644 Dominus
1370 2588 1703 2660 captivitatem
1731 2588 1862 2646 :hic

281 2690 499 2747 autem,
525 2677 803 2736 Converte?
839 2678 1131 2750 Tamquam
1177 2679 1244 2735 de
1289 2694 1350 2734 re
1391 2677 1566 2733 futura
1613 2679 1855 2748 loquens.

280 2773 513 2829 Maxime
538 2772 677 2827 enim
704 2786 803 2827 nos
821 2770 886 2826 ad
918 2770 1056 2826 hunc
1079 2786 1292 2827 sensum
1317 2770 1519 2826 inducit
1537 2770 1672 2825 alius
1694 2771 1862 2825 inter-

283 2884 408 2939 pres
432 2911 446 2935 ,
477 2870 564 2939 qui
591 2868 718 2923 dixit
748 2909 763 2934 ,
796 2884 900 2923 non
920 2909 933 2932 ,
963 2866 1088 2922 Cum
1113 2875 1414 2921 converteret
1438 2882 1455 2920 :
1475 2865 1570 2921 sed
1595 2906 1610 2930 ,
1644 2864 1860 2931 Quando

279 2963 576 3017 converterit
598 2980 618 3029 ,-
646 2962 895 3034 quoniam
925 2976 1012 3016 res
1040 2969 1166 3016 tunc
1190 2958 1509 3030 incipiebat,
1538 2967 1593 3014 et
1618 2973 1723 3012 non
1750 2966 1858 3012 tota

275 3061 429 3122 gesta
455 3051 553 3106 fuit
579 3053 631 3107 in
663 3052 940 3122 principio,
965 3051 1141 3107 multa!
1157 3052 1352 3122 quippe
1373 3050 1581 3105 fuerunt
1612 3048 1859 3104 transmi—

282 3145 547 3215 grationes
572 3162 585 3198 :
611 3143 710 3200 fuit
737 3146 877 3199 enim
905 3146 1094 3215 prima,
1119 3143 1349 3200 secunda
1377 3150 1431 3197 et
1458 3142 1634 3197 tertia.

361 3236 414 3290 2.
439 3237 545 3292 lloc
591 3252 719 3308 ergo
767 3251 1047 3306 possumus
1072 3236 1249 3291 dicere
1279 3253 1292 3289 :
1322 3234 1404 3289 vel
1430 3248 1550 3288 eum
1582 3246 1736 3287 orare
1756 3272 1770 3296 ,
1799 3239 1859 3286 ut

282 3329 352 3383 sit
383 3329 579 3399 integra
608 3337 663 3383 et
687 3327 925 3383 absoluta
948 3326 1211 3381 liberatio.
1238 3325 1385 3381 Multi
1407 3324 1548 3380 enim
1573 3322 1739 3378 Judazi
1769 3336 1859 3373 vo-

279 3421 463 3476 lebant
487 3434 764 3475 remanere
791 3419 841 3473 in
868 3418 1085 3489 regione
1110 3417 1455 3474 barbarorum
1481 3457 1495 3482 ,
1526 3424 1578 3470 et
1620 3414 1738 3470 ideo
1771 3429 1858 3468 ve-

277 3512 557 3567 hementer
580 3509 889 3566 desiderans
918 3509 1016 3564 hoc
1037 3508 1173 3574 fieri,
1191 3508 1446 3571 Converte,
1476 3506 1663 3577 inquit,
1693 3506 1856 3576 capti—

277 3604 480 3658 vitatem
516 3612 738 3657 nostram
764 3603 893 3657 sicut
921 3611 1114 3656 torrens
1140 3602 1194 3656 in
1219 3610 1390 3655 austro
1413 3616 1431 3653 :
1454 3598 1554 3654 hoc
1578 3607 1658 3653 est
1686 3639 1702 3665 ,
1735 3612 1853 3652 cum

276 3709 472 3765 magno
515 3694 711 3762 impetu
736 3733 752 3759 ,
779 3709 899 3748 cum
944 3706 1130 3763 magna
1159 3691 1494 3745 vehementia
1538 3703 1635 3743 nos
1664 3702 1856 3758 urgens

274 3796 437 3856 atque
472 3787 714 3841 incitans.
754 3786 1009 3854 Quocirca
1054 3785 1190 3839 alius
1213 3798 1422 3855 quoque
1460 3783 1720 3850 interpres
1756 3780 1856 3834 hoc

277 3878 451 3946 ipsum
492 3876 790 3947 significans
810 3918 823 3941 ,
848 3877 1057 3931 dicebat
1079 3917 1093 3941 ,
1120 3874 1188 3930 Ut
1221 3875 1442 3929 canales.
1466 3874 1612 3927 Alius
1637 3913 1651 3940 ,
1681 3871 1748 3927 Ut
1770 3872 1858 3926 de-

276 3969 467 4038 fluxus.
515 3970 664 4023 Alius
687 4010 702 4034 ,
735 3968 803 4025 Ut
829 3969 1114 4023 emissiones
1163 3967 1260 4039 (a).
1292 3968 1345 4024 5.
1380 3967 1480 4032 Qui
1520 3967 1769 4021 seminam
1801 3966 1855 4021 in

275 4058 533 4128 tacrgmis,
561 4059 613 4111 in
637 4059 968 4112 exsultatione
985 4066 1185 4112 metent.
1207 4057 1317 4112 lloc
1342 4057 1409 4111 de
1426 4056 1624 4112 Judaeis
1640 4056 1854 4126 quidem

275 4149 476 4204 dictum
513 4158 595 4205 est
617 4137 839 4220 ,‘potest
865 4159 1042 4205 autem
1072 4151 1123 4205 in
1154 4150 1334 4204 multis
1363 4165 1505 4219 saepe
1534 4149 1650 4205 aliis
1678 4148 1853 4203 locum

277 4240 497 4295 habere.
527 4240 705 4296 Virtus
727 4243 869 4297 enim
890 4256 978 4296 res
1001 4250 1083 4297 est
1110 4240 1388 4311 ejusmodi,
1415 4249 1471 4295 ut
1499 4256 1616 4311 quae
1638 4254 1859 4310 magnas

277 4331 471 4409 habeat
497 4331 736 4386 laborum
766 4333 1216 4387 remunerationcs
1242 4350 1255 4387 :
1279 4341 1332 4387 et
1357 4340 1566 4401 oportet
1589 4346 1686 4386 nos
1709 4331 1856 4401 prius

277 4423 520 4477 laborare
547 4431 602 4478 et
627 4422 786 4493 afﬂigi
815 4465 831 4489 ,
861 4432 915 4478 et
943 4433 1066 4478 tunc
1103 4423 1263 4477 animi
1306 4423 1673 4479 remissionem
1705 4437 1855 4492 qua:-

276 4529 420 4570 rere.
451 4513 563 4568 lloc
590 4515 731 4568 enim
757 4514 954 4585 ubique
983 4523 1158 4584 potest
1177 4503 1448 4571 obserilari
1472 4515 1523 4568 in
1550 4515 1617 4569 iis
1645 4529 1761 4584 quae
1788 4512 1855 4568 ad

278 4605 420 4661 hanc
444 4605 605 4660 vitam
635 4606 925 4675 pertinent.
954 4605 1217 4672 Quocirca
1243 4605 1358 4675 ipse
1395 4620 1607 4676 quoque
1631 4604 1698 4659 ad
1740 4603 1856 4658 haec

276 4699 497 4755 deduxit
513 4698 825 4764 orationem,
847 4698 911 4752 ad
933 4709 1248 4762 sementem,
1276 4698 1510 4766 inquam,
1533 4705 1585 4751 et
1606 4710 1855 4751 messem.

276 4789 729 4858 Quemadmodum
760 4790 899 4844 enim
926 4789 1016 4859 qui
1041 4790 1288 4855 seminat,
1317 4788 1516 4852 labore,
1544 4786 1852 4853 afﬂictione,

277 4880 562 4936 sudoribus
585 4922 600 4945 ,
631 4889 683 4935 et
709 4879 883 4935 hieme
927 4879 1125 4949 indiget
1153 4895 1168 4934 :
1199 4879 1270 4933 ita
1299 4880 1461 4934 etiam
1489 4879 1576 4947 qui
1606 4876 1853 4932 virtutem

281 4971 630 5041 persequitur.
654 4970 792 5025 Nihil
824 4970 963 5025 enim
990 4986 1139 5038 teque
1164 4968 1326 5024 estad
1352 4969 1517 5024 otium
1544 4968 1777 5037 ineptum
1799 4977 1857 5022 ut

278 5064 461 5118 homo.
482 5063 550 5117 Et
570 5064 688 5118 ideo
708 5063 845 5118 Deus
859 5073 1057 5121 arctam
1079 5071 1134 5118 et
1159 5071 1432 5133 angustam
1456 5063 1597 5116 viam
1618 5060 1793 5117 eﬂ'ecit
1812 5061 1849 5126 ί,

274 5171 398 5225 qua:
424 5155 569 5209 ducit
591 5154 655 5209 ad
677 5156 940 5209 virtutem.
965 5154 1074 5208 lino
1099 5169 1226 5208 vero
1251 5170 1355 5208 non
1385 5153 1558 5209 solum
1584 5153 1852 5218 virtutem,

276 5244 370 5300 sed
407 5261 468 5300 ea
499 5245 656 5301 etiam
691 5261 810 5314 quae
847 5244 914 5305 ad
953 5245 1089 5300 hanc
1117 5246 1276 5299 vitam
1300 5245 1596 5314 pertinent,
1625 5243 1856 5299 reddidit

278 5335 576 5403 laboriosa,
607 5345 766 5405 atque
791 5334 927 5391 adeo
954 5336 1111 5405 longe
1136 5335 1383 5405 amplius.
1416 5334 1544 5389 Nam
1575 5336 1662 5405 qui
1690 5335 1853 5390 semi-

278 5439 393 5495 nat,
420 5428 508 5500 qui
537 5426 781 5494 aediﬁcat,
808 5426 1011 5494 viator,
1039 5427 1287 5496 lignator,
1317 5425 1510 5497 opifex,
1544 5433 1598 5482 et
1626 5425 1855 5496 denique

343 5628 360 5657 ¹
397 5627 663 5696 siecmnos
680 5633 803 5687 Mss;
823 5625 961 5688 juxta
977 5624 1143 5696 litorei.
1167 5633 1329 5676 autem
1353 5635 1405 5677 et
1427 5626 1566 5696 savii.
1593 5625 1854 5689 legendum

280 5696 377 5750 cst,
401 5693 446 5750 et
468 5687 578 5750 ideo
603 5696 727 5750 Deus
750 5696 935 5737 arctam
957 5694 1001 5737 et
1023 5696 1274 5750 angustam
1296 5687 1474 5738 vacavit
1496 5688 1639 5738 viam.

345 5748 418 5807 (ιι)
455 5749 639 5797 t’rimus
655 5748 899 5806 interpres
921 5758 997 5799 est
1018 5748 1220 5812 Aquila,
1246 5750 1489 5812 secundus
1522 5748 1823 5812 Symmachus
1839 5788 1851 5805 ,

281 5811 463 5864 tertius
482 5818 638 5861 sexta:
662 5812 884 5861 Edttiouis
905 5811 1088 5862 auctor;
1111 5811 1234 5861 Vide
1252 5811 1462 5873 ttexapla
1487 5811 1665 5861 noStra.

1341 364 1699 421 EXPOSITIO
1726 363 1788 419 IN
1829 362 2148 421 PSALMUM
2184 366 2419 424 CXXVI.

3457 380 3563 438 38?.

1982 476 2202 545 quilibet
2225 477 2386 535 homo
2410 522 2424 546 ,
2455 480 2500 535 si
2530 492 2612 540 cst
2643 481 2840 553 aliquid
2881 484 3149 542 commodi
3178 497 3555 560 percepturus,

1979 565 2162 623 labore
2202 577 2257 624 et
2295 570 2579 628 afflictione
2618 588 2752 642 opus
2789 573 2948 631 habet
2974 593 2990 628 :
3016 586 3071 632 et
3111 580 3557 649 quemadmodum

1978 662 2181 716 semina
2203 677 2335 733 opus
2358 663 2555 719 habent
2582 665 2857 734 imbribus,
2882 669 2951 723 ita
2968 683 3065 724 nos
3086 671 3244 726 etiam
3267 671 3519 746 lacrymis
3543 694 3558 733 :

1978 762 2034 808 et
2070 754 2206 809 sicut
2235 761 2374 811 terra
2400 771 2535 826 opus
2564 757 2727 814 habet
2770 769 2825 813 ut
2853 770 3033 816 aretur
3056 770 3111 818 et
3142 765 3517 833 proscindatur
3537 808 3555 834 ,

1978 847 2050 901 ita
2077 847 2251 901 anima
2292 848 2461 905 fidelis
2492 864 2590 921 pro
2627 851 2802 921 ligone
2842 853 3040 924 indiget
3086 860 3468 916 tentationibus
3504 873 3558 917 ct

1976 936 2367 1007 afﬂictionibus,
2397 956 2463 996 ne
2484 942 2739 1011 producat
2764 944 2928 1000 malas
2952 945 3165 1015 herbas,
3196 960 3252 1005 ut
3278 952 3390 1021 ejus
3421 955 3555 1009 uiol-

1975 1028 2134 1085 liatur
2163 1029 2417 1098 durities,
2446 1048 2513 1087 ne
2547 1034 2767 1089 nimium
2798 1036 3047 1092 efferatur
3072 1048 3125 1094 et
3157 1043 3384 1098 exsiliat.
3417 1044 3550 1099 Nam

1976 1127 2116 1174 terra
2141 1135 2349 1191 quoque
2369 1120 2468 1176 nisi
2489 1123 2771 1194 diligenter
2797 1125 3018 1193 colatur,
3044 1129 3173 1184 nihil
3203 1132 3327 1186 boni
3356 1135 3553 1204 produ-

1973 1209 2065 1263 cit.
2096 1209 2209 1265 Hoc
2237 1226 2366 1281 ergo
2393 1212 2521 1267 dicit
2548 1215 2804 1283 preplteta
2831 1235 2844 1270 :
2869 1231 2975 1273 non
3005 1233 3125 1275 esse
3163 1223 3337 1278 solum
3368 1225 3552 1281 lmtano

1972 1300 2096 1355 dum
2127 1311 2340 1371 propter
2365 1304 2615 1372 reditum,
2633 1307 2725 1361 sed
2743 1312 2900 1363 etiam
2929 1322 3146 1381 propter
3168 1316 3548 1385 captivitatem,

1972 1401 2024 1446 et
2054 1408 2151 1462 pro
2180 1395 2415 1464 utrisque
2447 1396 2555 1451 Deo
2583 1413 2700 1453 esse
2739 1400 2968 1468 agendas
2992 1404 3206 1473 gratias.
3238 1406 3369 1462 illud
3410 1413 3550 1463 enim

1970 1494 2052 1539 est
2080 1487 2334 1541 sementis
2362 1506 2375 1542 :
2408 1487 2510 1544 hoc
2534 1505 2663 1545 vero
2701 1492 2911 1547 messis.
2947 1493 3010 1550 Ut
3038 1510 3194 1566 ergo,
3230 1498 3431 1569 inquit,
3461 1503 3549 1572 qui

1971 1575 2235 1631 seminant
2273 1577 2573 1635 laborantes
2597 1620 2611 1647 ,
2641 1579 2868 1637 fructum
2901 1593 3083 1653 postea
3117 1588 3410 1658 percipiunt
3436 1608 3449 1644 :
3481 1591 3549 1646 ita

1970 1667 2128 1721 etiam
2156 1681 2251 1723 vos
2277 1669 2488 1739 quando
2512 1672 2808 1728 recessistis
2834 1674 3071 1744 quidem,
3096 1676 3281 1733 imitati
3309 1681 3436 1736 estis
3455 1697 3549 1736 eos

1969 1756 2060 1826 qui
2088 1757 2372 1826 seminant,
2400 1759 2601 1826 afﬂicti,
2633 1763 2859 1832 pulsati,
2892 1768 3105 1835 vexati,
3132 1769 3384 1839 hiemem,
3415 1781 3552 1827 tem-

1971 1856 2249 1918 pestatem,
2284 1850 2479 1906 bellum
2501 1894 2514 1917 ,
2540 1852 2745 1911 nimbos
2769 1898 2782 1919 ,
2808 1858 2926 1928 gelu
2952 1869 3008 1914 et
3029 1861 3251 1931 glaciem
3274 1862 3504 1921 ferentes
3529 1909 3545 1932 ,

1969 1940 2230 2013 lacrymas
2253 1943 2598 2000 effundentes.
2622 1947 2771 2015 Quod
2800 1950 2940 2004 enim
2965 1962 3088 2006 sunt
3110 1954 3307 2011 imbres
3327 1959 3547 2013 semini-

1966 2031 2087 2098 bus,
2116 2033 2217 2089 hoc
2237 2034 2482 2107 lacrytnm
2514 2038 2576 2091 iis
2601 2038 2688 2108 qui
2710 2038 3038 2111 afﬂiguntur.
3057 2043 3162 2099 Sed
3190 2060 3334 2111 cccc,
3357 2048 3544 2119 inquit,

1965 2126 2247 2194 accepistis
2288 2142 2472 2184 eorum
2512 2129 2748 2184 laborum
2795 2136 3294 2193 remunerationem.
3323 2138 3545 2207 Quando

1966 2230 2094 2286 ergo
2109 2217 2255 2273 dicit:
2270 2218 2520 2275 6.Euntes
2531 2221 2741 2289 ibant,et
2754 2222 2960 2292 ﬂebant,
2977 2226 3220 2284 mittentes
3230 2230 3419 2284 semina
3429 2235 3541 2299 sua,

1966 2309 2018 2363 7.
2046 2311 2292 2365 venientes
2318 2322 2487 2378 autem
2518 2314 2711 2368 venient
2751 2331 2864 2369 cum
2905 2317 3237 2374 exsultatione
3254 2361 3268 2386 ,
3293 2332 3546 2391 portantes

1964 2402 2250 2473 manipulos
2266 2420 2406 2464 suos,
2435 2420 2539 2459 non
2559 2405 2685 2460 dicit
2700 2406 2767 2462 de
2781 2405 3044 2463 frumento
3058 2410 3152 2465 sed
3174 2410 3240 2466 de
3257 2412 3432 2476 rebus,
3450 2413 3547 2468 (l0—

1965 2507 2092 2548 cens
2116 2494 2431 2560 auditorem,
2459 2511 2564 2550 non
2590 2498 2710 2568 angi
2735 2506 2788 2553 et
2809 2511 3039 2556 moerere
3064 2502 3115 2555 in
3148 2501 3542 2559 afﬂictionibus.

1964 2583 2420 2652 Quemadmodum
2454 2589 2596 2644 enim
2623 2591 2713 2660 qui
2738 2590 2995 2657 seminat,
3026 2608 3255 2651 mairore
3290 2610 3394 2650 non
3421 2596 3542 2651 afti-

1963 2677 2102 2731 citur
2122 2719 2137 2743 ,
2163 2677 2286 2732 licet
2318 2679 2626 2754 sint_multa
2655 2683 2833 2752 gravia
2857 2724 2871 2748 ,
2897 2684 3189 2754 respiciens
3220 2685 3286 2740 ad
3319 2686 3466 2742 la-tas
3490 2697 3546 2742 et

1965 2770 2293 2829 luxuriantes
2316 2743 2524 2844 segétes
2550 2791 2564 2827 :
2591 2774 2659 2828 ita
2689 2774 2849 2831 etiam
2877 2791 2995 2832 eum
3019 2778 3107 2847 qui
3135 2775 3400 2849 afﬂigitur,
3436 2795 3541 2834 non

1963 2876 2173 2937 oportet
2198 2869 2317 2938 angi
2346 2876 2400 2923 ct
2423 2868 2714 2924 excruciari
2742 2911 2756 2935 ,
2781 2869 2986 2926 etiamsi
3009 2871 3115 2925 sint
3141 2872 3399 2941 permulta
3430 2889 3544 2928 mod

1964 2963 2117 3028 festa,
2145 2970 2203 3017 ut
2232 2962 2322 3031 qui
2350 2977 2577 3017 messem
2608 2970 2898 3033 cx5pectet,
2929 2970 2985 3017 ct
3007 2962 3279 3032 copiosum
3311 2979 3540 3032 proven—

1966 3061 2098 3119 tum,
2128 3052 2216 3123 qui
2246 3067 2314 3108 ex
2341 3051 2628 3108 afﬂictione
2656 3055 2828 3108 oritur
2847 3094 2860 3119 ,
2893 3052 3215 3109 consideret.
3244 3054 3359 3109 lloc
3384 3055 3542 3124 igitur

1962 3158 2059 3197 nos
2106 3158 2314 3213 quoque
2360 3142 2791 3209 considerantes,
2815 3152 2869 3199 et
2907 3158 3003 3213 pro
3037 3142 3325 3199 afﬂictione
3366 3151 3420 3199 et
3447 3159 3542 3213 pro

1961 3234 2071 3289 otio
2114 3249 2179 3289 ac
2223 3235 2403 3306 quiete
2440 3249 2658 3305 agamus
2707 3236 2930 3291 Domino
2971 3236 3187 3306 gratias.
3233 3236 3347 3291 Etsi
3396 3237 3539 3295 enim

1961 3334 2084 3380 sunt
2113 3325 2321 3381 diversa
2348 3342 2467 3395 qua:
2501 3324 2630 3381 ﬂunt
2650 3367 2666 3394 ,
2696 3343 2857 3381 unum
2901 3335 3075 3382 tamen
3111 3326 3308 3383 habent
3334 3327 3539 3398 singula

1964 3419 2120 3474 finem
2144 3418 2471 3489 propositum
2493 3461 2507 3481 ,
2530 3419 2667 3474 sicut
2687 3419 2941 3475 sementis
2962 3429 3014 3474 et
3036 3419 3227 3482 messis
3252 3437 3265 3473 :
3293 3417 3540 3473 afﬂictio-

1962 3530 2160 3584 nesque
2189 3512 2308 3568 forti
2336 3521 2390 3569 et
2416 3527 2679 3583 generoso
2709 3513 2885 3567 animo
2908 3512 3160 3578 feramus,
3188 3521 3242 3567 et
3268 3529 3387 3567 cum
3414 3528 3540 3582 gra-

1962 3604 2151 3659 tiarum
2181 3604 2411 3670 actione;
2428 3604 2593 3659 otium
2621 3612 2797 3659 autem
2826 3613 2880 3659 et
2908 3619 2995 3659 res
3019 3602 3281 3661 secundas
3301 3619 3422 3658 cum
3446 3603 3539 3658 Dei

1959 3697 2142 3767 gloria:
2171 3695 2529 3750 celebratione
2552 3736 2565 3761 ,
2600 3704 2657 3749 ut
2684 3693 2857 3750 futura
2887 3695 3049 3753 etiam
3076 3695 3211 3749 bona
3239 3709 3535 3764 consequa-

1962 3803 2097 3851 mur,
2129 3788 2297 3857 gratia
2318 3795 2371 3841 et
2393 3786 2715 3856 benignitate
2738 3786 2945 3847 Domini
2972 3786 3138 3840 nostri
3166 3784 3293 3840 .lesu
3318 3784 3531 3851 Christi,

1959 3880 2042 3933 cui
2064 3879 2230 3949 gloria
2250 3887 2305 3933 et
2326 3877 2603 3947 imperium
2630 3877 2681 3941 in
2702 3878 2894 3940 saecula
2919 3878 3255 3934 smculorum.
3283 3880 3474 3933 Amen.

2391 4056 2457 4117 lN
2497 4054 2818 4112 l’SALMUM
2856 4054 3095 4112 CXXVI.

1962 4244 2018 4301 ι.
2057 4241 2177 4297 Nisi
2201 4241 2448 4298 Dominus
2487 4238 2806 4308 wdiﬁcaverit
2839 4238 3043 4293 domum
3067 4278 3084 4305 ,
3110 4237 3164 4291 in
3184 4253 3365 4291 vanum
3392 4237 3537 4291 labo-

2030 4342 2265 4393 raverunt
2293 4332 2378 4403 qui
2402 4332 2658 4400 azdiﬁcant
2684 4346 2817 4385 eam.
2861 4327 2980 4383 Nisi
3008 4327 3257 4382 Dominus
3286 4329 3536 4382 custodie—

2029 4427 2095 4487 rit
2135 4424 2418 4488 civitatem,
2476 4427 2665 4493 frustra
2711 4419 2884 4491 vigilat
2929 4419 3017 4489 qui
3057 4419 3273 4473 custodit
3319 4435 3451 4472 eam.
3480 4417 3535 4471 2.

2040 4517 2237 4572 Vanum
2278 4525 2349 4569 est
2384 4514 2519 4567 vobis
2547 4522 2665 4566 ante
2702 4512 2863 4565 lucem
2901 4526 3145 4580 surgere;
3175 4509 3360 4579 surgite
3395 4519 3538 4579 post-

2029 4625 2181 4679 quam
2206 4605 2451 4661 sederitis.

2032 4788 2084 4841 l.
2125 4786 2221 4840 llic
2251 4782 2490 4839 Psalmus
2531 4779 2706 4834 dictus
2743 4785 2824 4832 est
2848 4776 2916 4832 de
2943 4784 3084 4832 statu
3115 4790 3291 4835 rerum
3320 4775 3410 4846 qui
3443 4776 3540 4830 fuit

1962 4886 2082 4950 post
2110 4877 2356 4932 reditum.
2385 4874 2644 4944 Quoniam
2667 4871 2810 4927 enim
2836 4886 2865 4925 a
2894 4870 3198 4938 captivitate
3222 4869 3452 4935 liberati,
3481 4879 3534 4922 et

1961 4987 1991 5026 a
2031 4971 2257 5026 barbara
2287 4969 2503 5039 regione
2543 4965 2764 5029 reversi,
2812 4964 3040 5020 dirutam
3077 4978 3109 5023 a
3158 4977 3218 5017 se
3264 4962 3535 5018 inventam

1961 5063 2256 5122 civitatem.
2283 5069 2337 5115 et
2374 5057 2569 5117 mmnia
2597 5071 2716 5112 cum
2748 5056 2981 5119 turribus
2999 5053 3144 5118 humi
3169 5051 3418 5122 disjecta,
3442 5066 3536 5106 co-

1961 5154 2226 5209 nabantur
2258 5152 2534 5211 excitare:
2566 5148 2716 5203 multi
2764 5153 2941 5209 autem
2988 5158 3082 5199 eos
3130 5143 3361 5212 undique
3411 5142 3538 5196 ado-

1960 5248 2160 5304 rientes
2186 5244 2538 5316 prohibebant
2565 5241 2866 5305 Judecorum
2891 5237 3126 5293 felicitati
3146 5236 3462 5301 invidentes,
3487 5247 3539 5290 et

1961 5352 2244 5409 prosperos
2270 5351 2453 5391 eorum
2488 5347 2764 5395 successus
2788 5337 3084 5384 metuentes
3115 5342 3131 5381 :
3159 5325 3353 5381 deinde
3379 5327 3430 5380 in
3455 5325 3538 5381 his

1960 5428 2213 5488 faciendis
2247 5436 2459 5496 tempus
2490 5421 2864 5479 conterebatur
2883 5462 2899 5489 ,
2922 5429 2976 5475 et
3016 5428 3218 5474 tantum
3247 5419 3535 5474 contritmn

1960 5528 2043 5573 est
2069 5515 2345 5586 temporis,
2377 5523 2435 5568 ut
2466 5514 2518 5567 in
2547 5508 2858 5567 aedificando
2883 5509 3081 5579 templo
3107 5510 3380 5579 plusquam
3409 5524 3537 5579 qua-

1964 5610 2207 5678 draginta
2251 5606 2377 5660 anni
2415 5602 2716 5673 consumpti
2768 5602 2917 5655 sint:
2954 5601 3095 5672 quod
3135 5599 3303 5655 Judzei
3331 5615 3540 5670 quoque

1963 5704 2293 5767 declarantes
2318 5697 2565 5754 dicebant
2592 5714 2608 5751 :
2642 5694 2991 5766 Quadraginta
3018 5705 3066 5748 et
3086 5709 3175 5759 sea:
3192 5693 3341 5747 annis
3365 5693 3519 5762 (Pdfﬁ'

1864 5819 1879 5824 -
1967 5806 2133 5853 catum
2158 5803 2230 5849 est
2257 5791 2499 5863 templum
2526 5791 2619 5847 hoc
2655 5788 2828 5861 (Joan.
2874 5787 2929 5843 2.
2971 5787 3076 5858 20)
3108 5800 3124 5842 τ
3159 5801 3262 5840 non
3305 5784 3541 5840 dicentes
