3956 6398
487 374 593 431 563

486 489 553 543 de
582 487 760 558 priore
782 485 1152 545 aedificatione,
1183 493 1302 550 qua:
1331 495 1360 533 a
1390 479 1679 534 Salomone
1698 474 1835 531 facta
1862 481 1964 538 est,
1983 470 2077 527 sed

488 581 556 635 de
583 594 680 644 ea,
708 592 829 649 qute
856 577 997 631 facta
1020 583 1100 628 cst
1127 578 1404 642 postquam
1433 570 1641 624 liberali
1669 576 1790 621 sunt
1819 582 1848 619 a
1877 564 2074 620 Persis.

490 669 751 738 Quoniam
782 681 911 737 ergo
950 663 1172 719 multum
1206 672 1417 731 tempus
1461 658 1835 714 conterebatur
1866 657 1919 710 in
1950 655 2073 709 ciri-

489 771 596 818 une
625 760 823 831 templo
860 767 915 814 ct
954 757 1220 813 mtenibus
1259 752 1595 810 exstruendis
1643 749 1811 823 (nam
1850 747 2078 803 civitatis

486 854 812 909 constructio
830 852 998 906 multo
1017 851 1176 906 etiam
1206 848 1386 919 plures
1410 860 1579 900 annos
1602 841 1954 915 consumpsit)
1978 842 2072 914 (α),

490 947 691 1001 docens
714 960 806 1000 eos
837 958 1024 999 rursus
1046 940 1308 1013 propheta
1334 941 1400 995 ad
1427 940 1595 993 Deum
1624 936 1929 1006 confugere,
1963 934 2077 988 haec

487 1038 824 1109 persequitur
845 1078 860 1103 ,
886 1036 1179 1093 ostendens
1204 1034 1379 1089 omnia
1409 1032 1605 1087 frustra
1626 1042 1677 1086 et
1720 1030 2074 1100 nequidquam

487 1128 637 1194 ﬁeri,
670 1129 772 1184 nisi
804 1127 871 1183 ad
911 1142 971 1183 se
1009 1126 1251 1181 divinum
1281 1125 1537 1179 auxilium
1577 1123 1916 1177 attraxerint.
1957 1119 2075 1175 Non

484 1218 659 1274 solum
693 1220 836 1274 enim
875 1227 936 1273 ut
965 1218 1259 1273 liberentur
1284 1233 1315 1271 a
1355 1215 1683 1285 captivitate,
1709 1214 1801 1269 sed
1830 1215 1991 1268 etiam
2020 1219 2078 1266 ut

485 1312 694 1368 liberati
722 1312 917 1367 mmnia
948 1313 1200 1375 excitent,
1237 1311 1349 1363 fieri
1382 1325 1487 1362 non
1520 1318 1696 1379 potest
1714 1307 1915 1377 absque
1941 1306 2077 1361 diri-

489 1419 561 1458 no
599 1404 815 1459 auxilio.
865 1403 927 1457 Et
955 1402 1081 1473 quid
1111 1403 1232 1457 dico
1251 1400 1320 1456 de
1350 1402 1516 1454 muris
1542 1398 1837 1454 excitandis
1864 1406 1918 1452 et
1945 1396 2077 1453 urbe

484 1496 838 1551 aedificanda?
866 1495 943 1551 Ne
975 1510 1093 1551 eam
1123 1494 1338 1566 quidem
1386 1493 1675 1563 perfectam
1697 1501 1753 1549 et
1777 1492 2073 1546 absolutam

490 1590 687 1661 poterit
708 1590 828 1660 quis
855 1589 1148 1654 custodire,
1181 1588 1226 1642 si
1253 1587 1378 1641 illud
1407 1588 1453 1642 ei
1494 1600 1601 1639 non
1631 1585 1767 1639 adsit
1796 1584 2072 1638 auxilium.

490 1683 615 1737 Ilaec
661 1692 840 1737 autem
880 1682 1126 1743 dicebat,
1155 1681 1235 1735 eis
1266 1681 1409 1737 omni
1448 1681 1654 1734 ratione
1703 1679 1956 1745 suadens,
2014 1687 2073 1732 ut

484 1789 671 1829 rursus
700 1775 765 1829 ad
800 1775 891 1830 Dei
921 1774 1173 1828 auxilium
1202 1777 1550 1843 confugerent
1569 1816 1584 1839 ,
1614 1789 1681 1827 ne
1711 1773 1821 1827 otio
1842 1784 1891 1827 et
1916 1773 2075 1828 rebus

486 1866 739 1921 secundis
768 1868 958 1921 fierent
1001 1866 1433 1935 negligentiores.
1479 1864 1764 1935 Propterea
1805 1865 1948 1919 enim
1977 1878 2076 1920 nec

484 1958 645 2013 simul
671 1968 725 2013 et
749 1960 1037 2013 acervatim
1066 1958 1214 2012 dedit
1241 1959 1317 2012 eis
1345 1957 1480 2011 bona
1505 1958 1682 2011 omnia
1705 2000 1718 2023 ,
1749 1957 1843 2011 sed
1874 1958 2074 2011 sensim

484 2064 541 2108 et
564 2054 837 2123 paulatim,
873 2068 939 2105 ne
966 2051 1127 2105 celeri
1153 2051 1465 2106 liberatione
1488 2067 1515 2103 ει
1544 2051 1700 2104 malis
1726 2049 1791 2104 ad
1821 2050 2077 2119 improbi-

481 2153 644 2199 tatem
676 2146 948 2214 pristinam
1003 2154 1363 2198 recurrercnt.
1411 2142 1716 2210 Quinetiam
1762 2141 1887 2195 dum
1936 2141 2074 2196 bona

482 2238 653 2303 daret,
684 2252 775 2291 eos
806 2251 949 2305 smpe
972 2235 1317 2300 admonebat,
1350 2250 1446 2327 per
1470 2235 1817 2302 irruptionem
1842 2232 2073 2286 hostium

480 2344 665 2383 eorum
690 2328 987 2383 socordiam
1012 2324 1328 2393 frequenter
1357 2323 1619 2379 oscitans.
1648 2324 1799 2393 Quod
1832 2339 1957 2393 ergo
1990 2323 2076 2377 ltic

481 2419 696 2482 dicitur,
728 2420 1059 2489 generaliter
1100 2418 1300 2471 dictum
1337 2428 1419 2471 est
1450 2435 1461 2468 :
1494 2433 1558 2471 ex
1588 2417 1687 2469 boe
1710 2427 1887 2470 autem
1914 2430 2074 2484 argn-

484 2518 665 2565 mento
692 2511 831 2579 cepit
852 2510 1194 2579 principium.
1220 2509 1441 2577 Oportet
1458 2512 1598 2563 enim
1620 2510 1668 2562 id
1692 2521 1876 2577 aptare
1898 2508 2072 2562 omni-

483 2609 601 2667 bus.
632 2624 735 2661 non
768 2619 823 2660 ut
852 2607 948 2676 ipsi
981 2606 1235 2659 socordes
1259 2606 1426 2659 simus
1449 2646 1461 2668 ,
1501 2613 1554 2659 et
1581 2605 1753 2673 supini
1772 2604 2071 2673 jaccamns,

481 2701 577 2754 sed
602 2709 658 2754 ut
683 2710 866 2753 nostra
890 2698 1197 2762 afferentes,
1225 2696 1316 2751 Dei
1339 2696 1558 2751 arbitrio
1584 2697 1763 2750 omnia
1798 2696 2073 2765 permitta-

482 2805 622 2854 mus,
658 2804 809 2859 aspe
848 2789 988 2843 illius
1038 2790 1089 2843 in
1138 2787 1388 2842 omnibus
1439 2798 1701 2857 perpetuo
1748 2787 2067 2857 pendentes.

482 2880 941 2949 Quemadmodum
976 2880 1118 2935 enim
1164 2879 1285 2949 fieri,
1318 2896 1421 2933 non
1475 2887 1648 2949 potest
1679 2886 1765 2944 ut,
1794 2880 1893 2932 nisi
1935 2880 2072 2933 Deus

480 2985 637 3039 Opem
667 2969 837 3035 ferat,
873 2986 959 3024 res
994 2970 1058 3023 ad
1093 2970 1255 3025 liuent
1290 2970 1649 3039 perductintur
1680 2987 1691 3022 :
1724 2971 1826 3033 ita,
1856 2970 1900 3023 si
1930 2970 2071 3025 Deus

480 3078 637 3133 opem
668 3061 823 3126 ferat,
854 3064 1023 3118 simus
1044 3074 1221 3119 autem
1250 3064 1579 3134 negligentes
1610 3073 1661 3118 et
1687 3065 1845 3118 otiosi
1869 3106 1884 3131 ,
1908 3065 2070 3119 linem

479 3169 584 3210 non
617 3156 911 3225 poterimus
954 3156 1186 3225 assequi.
1236 3154 1430 3209 Vanum
1470 3165 1543 3210 est
1570 3156 1707 3210 vobis
1749 3165 1866 3210 ante
1907 3154 2072 3211 lucem

477 3262 683 3316 surgere
711 3262 729 3300 :
756 3247 946 3315 surgite
997 3256 1261 3317 postquam
1306 3247 1554 3301 sederitis.
1606 3248 1761 3302 Alius
1804 3249 2068 3318 interpres

485 3339 589 3403 ait,
647 3339 998 3394 Tardantibus
1039 3340 1108 3393 ad
1179 3340 1472 3393 sedendum.
1506 3340 1674 3407 Alius,
1707 3339 2071 3407 lli/ferentibus

476 3429 666 3482 sedere.
697 3429 848 3496 Quod
893 3439 1073 3483 autem
1117 3429 1266 3494 dicit,
1306 3440 1389 3485 est
1416 3432 1678 3500 ejusmodi
1704 3447 1718 3487 :
1745 3433 1967 3489 Etiamsi
1996 3436 2070 3489 vi-

479 3520 687 3589 giletis,
716 3521 926 3575 etiamsi
963 3536 1121 3575 mane
1152 3521 1453 3576 excitemini
1479 3563 1494 3589 ,
1529 3524 1738 3578 etiamsi
1783 3540 1907 3579 sero
1934 3526 2069 3581 eatis

476 3614 737 3679 cubitum,
762 3628 926 3667 omne
956 3621 1165 3683 tempus
1196 3615 1247 3668 in
1271 3613 1451 3670 labore
1481 3624 1535 3670 et
1555 3614 1845 3672 afﬂicnoue
1871 3633 2068 3673 consu-

477 3714 709 3771 mentes,
735 3705 833 3759 nisi
860 3705 1111 3760 auxilium
1140 3705 1256 3775 ejus
1284 3709 1664 3777 assequamini,
1693 3711 1941 3779 peribunt
1966 3711 2065 3765 hu-

474 3813 632 3853 mana
655 3799 853 3864 omnia,
881 3805 936 3853 et
962 3814 1027 3855 ex
1053 3814 1118 3853 eo
1142 3799 1318 3854 studio
1334 3817 1394 3854 ac
1412 3800 1683 3870 diligentia
1701 3803 1843 3857 nulla
1873 3803 2069 3861 redibit

477 3891 696 3945 utilitas.
733 3892 835 3958 Qui
872 3893 1191 3946 manducatis
1230 3910 1412 3962 panem
1467 3894 1680 3950 doloris.
1737 3895 1851 3951 Hoc
1899 3896 2063 3963 dicit,

474 3983 764 4039 ostendens
793 3999 886 4038 eos
918 3985 1081 4038 vitam
1110 3984 1306 4053 degere
1340 3986 1663 4041 laboriosam
1702 3987 1832 4042 dum
1867 3989 2058 4044 armati

475 4076 759 4129 mdilicant.
789 4075 972 4129 Altera
1011 4075 1153 4129 enim
1186 4090 1346 4129 manu
1367 4117 1381 4141 ,
1411 4077 1611 4146 inquit,
1659 4079 1951 4133 canistrum
1974 4089 2068 4134 aut

476 4166 702 4236 lapidem
736 4166 996 4231 ferebant,
1025 4176 1076 4220 et
1101 4167 1203 4220 alia
1232 4166 1488 4235 gladium,
1514 4168 1579 4221 ad
1602 4167 1982 4223 mdificandutn
2011 4180 2068 4225 et

477 4258 780 4313 bellandum
806 4259 1010 4328 seipsos
1036 4258 1334 4313 dividentes
1358 4298 1372 4322 ,
1399 4267 1453 4313 et
1481 4275 1580 4313 una
1602 4275 1724 4314 cum
1755 4260 1955 4332 clypeis
1980 4261 2065 4318 fe-

476 4359 656 4405 rentes
689 4350 886 4404 silices.
919 4348 1052 4417 Quia
1081 4349 1222 4403 enim
1255 4364 1357 4402 non
1387 4358 1505 4403 erat
1537 4349 1736 4404 munita
1783 4351 1928 4417 urbs,
1969 4353 2064 4408 sed

479 4443 693 4509 nudata,
724 4441 929 4496 subitos
958 4451 1135 4495 autem
1165 4450 1219 4495 et
1256 4440 1555 4511 inopinatos
1579 4439 1809 4495 hostium
1839 4443 2067 4512 impetus

477 4533 590 4587 fure
619 4532 841 4602 singulis
868 4532 1011 4585 boris
1038 4530 1445 4601 suspicabantur
1464 4573 1477 4595 ,
1510 4532 1699 4585 armati
1726 4547 1908 4587 muros
1934 4534 2065 4587 ardi-

480 4623 728 4689 ficabant,
757 4633 811 4676 et
837 4637 1013 4689 enses,
1045 4622 1237 4692 clypei,
1267 4622 1532 4692 gladiique
1561 4621 1783 4677 aderant
1805 4664 1818 4689 ,
1847 4631 1902 4678 et
1945 4639 2065 4693 pro-

480 4716 568 4771 cul
599 4724 750 4769 erant
794 4714 1006 4783 quidam
1032 4714 1414 4783 speculatores,
1447 4716 1537 4785 qui
1579 4716 1835 4770 incertam
1876 4732 2064 4771 eorum

478 4804 828 4875 irruptioucm
865 4803 1252 4873 signiﬁcarent,
1281 4812 1335 4859 et
1381 4805 1506 4859 tuba
1540 4818 1832 4869 canerent,
1860 4806 1904 4861 si
1932 4822 2067 4876 quos

478 4895 659 4966 procul
688 4894 1035 4949 adventantes
1056 4893 1316 4949 viderent.
1337 4893 1442 4950 Sed
1469 4901 1569 4950 etsi
1595 4896 1729 4963 haec,
1766 4898 1955 4969 inquit,
1985 4898 2067 4954 fa-

476 4991 635 5048 ciatis
660 5029 674 5053 ,
704 4996 757 5042 ct
792 5003 981 5057 panem
1009 4986 1212 5041 doloris
1246 4987 1535 5042 comedatis
1556 5032 1569 5053 ,
1617 4992 1794 5045 omnia
1818 5033 1831 5056 ,
1864 4992 2063 5062 inquit,

474 5083 670 5139 frustra
702 5090 756 5136 et
784 5079 1139 5151 nequidquam
1169 5079 1390 5146 facietis,
1415 5080 1857 5138 nisialtraXeritis
1882 5096 2069 5152 super-

477 5191 603 5231 num
632 5173 906 5230 auxilium.
932 5170 1084 5240 Quod
1116 5173 1159 5227 si
1192 5173 1262 5227 illi
1293 5182 1349 5226 ut
1378 5173 1561 5227 urbem
1581 5183 1634 5228 ct
1656 5190 1837 5229 muros
1863 5178 2066 5230 excita-

476 5279 617 5331 rent,
653 5274 798 5321 tanto
848 5279 983 5334 opus
1030 5263 1292 5320 habebant
1337 5278 1571 5336 superno
1624 5267 1819 5321 auxilio
1858 5269 2070 5325 :multo

480 5358 650 5431 magis
677 5373 795 5423 nos,
828 5359 917 5429 qui
947 5358 1087 5411 viam
1115 5373 1233 5427 quze
1264 5356 1410 5412 ducit
1438 5358 1488 5411 in
1507 5358 1692 5412 calum
1721 5358 2066 5428 ingredimur.

484 5450 609 5504 Cum
657 5451 851 5506 dederit
894 5448 1088 5504 dilectis
1132 5449 1239 5504 suis
1279 5467 1533 5504 somnum.
1565 5444 1618 5505 3.
1662 5449 1791 5505 Ecce
1821 5451 2071 5509 hereditas

484 5540 729 5610 Domini,
782 5542 903 5611 ﬁlii.
956 5540 1265 5613 Cujusmodi
1329 5553 1410 5598 est
1469 5544 1582 5597 lucc
1633 5540 2070 5615 consequentia?

549 5712 815 5786 (uliginosa
858 5718 1141 5786 parenthesi
1186 5722 1367 5786 desunt
1403 5724 1452 5773 in
1482 5721 1698 5786 emilio;
1733 5722 1821 5776 sed
1847 5725 1891 5775 In
1917 5724 2072 5776 urnul-

490 5772 580 5820 bus
600 5774 699 5824 aliis
721 5772 981 5840 habentur,
1011 5780 1062 5829 et
1084 5780 1144 5832 ad
1165 5784 1349 5834 seriem
1371 5772 1627 5848 quadram.

1252 365 1311 422 S.
1352 363 1630 421 JOANNIS
1667 355 2141 417 CHRYSOSTOMI
2177 354 2496 411 ARCIHEP.
2538 353 3073 412 CONSTANTINOP.
3635 364 3716 420 δαί

2189 469 2415 524 Pulchra
2456 470 2712 540 profecto,
2736 469 2893 525 valde
2921 472 3201 525 cohaerens
3226 468 3499 541 prioribus.
3524 472 3623 528 lioe
3653 486 3718 532 est

2184 561 2327 615 enim
2361 561 2503 630 quod
2551 561 2677 616 dicit
2711 580 2725 615 :
2754 561 2812 617 Si
2859 562 2998 617 Deus
3039 575 3196 632 opem
3240 576 3342 615 non
3390 563 3535 629 ferat,
3573 567 3717 621 euntis

2184 665 2411 725 pereunt
2438 672 2452 708 :
2476 654 2689 724 quando
2726 666 2903 710 autem
2945 656 3065 717 fert,
3093 665 3217 709 tunc
3245 654 3501 725 jucuntius
3536 667 3607 712 est
3647 674 3717 715 σοι

2186 762 2363 807 mnus.
2393 755 2517 801 tunc
2540 758 2623 801 est
2650 748 2838 813 otium,
2864 757 2917 802 et
2945 748 3053 803 vita
3086 764 3115 800 a
3138 748 3382 819 periculis
3404 749 3573 815 libera,
3594 761 3720 808 etse-

2184 840 2407 893 curitate
2437 841 2616 910 plena.

2254 935 2310 987 2.
2349 933 2574 1001 Quando
2601 949 2730 1004 ergo
2758 950 3011 991 somnum
3036 936 3114 991 eis
3157 935 3365 992 dederit
3390 979 3406 1001 ,
3433 938 3626 1007 quando
3646 954 3720 995 eos

2186 1024 2433 1081 refecerit
2454 1068 2468 1092 ,
2497 1028 2712 1098 quando
2741 1044 2835 1084 eos
2859 1030 2950 1100 qui
2982 1030 3235 1085 invadunt
3266 1031 3611 1100 propulsarit,
3635 1049 3721 1089 non

2183 1119 2355 1174 solum
2383 1130 2508 1176 tunc
2535 1121 2874 1178 :edilicabunt
2900 1124 3197 1189 civitatem,
3217 1138 3314 1178 nec
3333 1139 3453 1178 eam
3468 1125 3721 1182 solummo-

2184 1208 2254 1264 do
2292 1210 2623 1277 custodient,
2656 1213 2749 1268 sed
2795 1214 2964 1268 multo
3010 1214 3171 1269 etiam
3213 1214 3412 1283 majora
3458 1216 3720 1285 accipient:

2184 1314 2346 1360 erunt
2370 1308 2513 1361 enim
2543 1315 2726 1378 patres
2754 1309 3044 1363 multorum
3086 1306 3338 1376 filiorum,
3370 1318 3424 1365 et
3448 1309 3644 1378 pulchra
3662 1312 3723 1365 eis

2183 1401 2462 1472 augebitur
2491 1403 2723 1458 soboles.
2763 1403 2959 1458 Herses
3000 1408 3197 1475 fructus
3233 1405 3437 1458 uentris.
3469 1405 3604 1458 Alius
3622 1405 3723 1459 dicit

2186 1491 2282 1565 (Il),
2316 1494 2509 1549 Μαι-σεε
2536 1494 2645 1566 ipse
2674 1495 2874 1565 fructus
2896 1496 3096 1549 venm's.
3121 1495 3259 1562 Quid
3285 1494 3386 1550 hoc
3421 1495 3530 1550 est?
3556 1495 3722 1550 Merce-

2184 1586 2328 1652 dem,
2386 1587 2582 1657 inquit,
2626 1588 2893 1657 accipient
2943 1602 3284 1642 numerosam
3343 1587 3590 1642 sobolem.
3630 1585 3723 1640 Etsi

2185 1678 2330 1732 enim
2355 1678 2456 1733 hoc
2492 1680 2562 1734 sit
2588 1693 2722 1748 Opus
2750 1690 2955 1735 natura:
2982 1721 2997 1746 ,
3030 1680 3243 1750 quando
3268 1693 3442 1735 tamen
3479 1679 3607 1733 Deus
3644 1678 3724 1732 fert

2184 1786 2363 1841 opem,
2392 1787 2457 1826 ea
2488 1770 2694 1826 felicius
2724 1774 2985 1843 procedit.
3018 1774 3149 1828 Nam
3183 1774 3296 1842 ipsa
3333 1788 3537 1842 quoque
3563 1772 3723 1841 indiget

2184 1877 2415 1930 superno
2461 1864 2665 1917 auxilio
2694 1875 2993 1934 :eruntque
3039 1864 3372 1935 Jerosolyma
3428 1865 3609 1933 popqu
3639 1863 3722 1916 fre-

2184 1956 2418 2025 quentia.
2473 1954 2591 2009 Non
2612 1956 2665 2009 in
2688 1955 2773 2010 bis
2793 1966 2971 2011 autem
3001 1957 3172 2012 solum
3198 1956 3456 2012 consistet
3474 1971 3639 2011 eorum
3662 1954 3721 2009 fe-

2185 2047 2377 2112 licitas,
2408 2063 2601 2119 nempe
2630 2050 2683 2103 in
2710 2049 3085 2116 mdilicatione,
3112 2050 3164 2105 in
3188 2050 3455 2117 custodia,
3475 2052 3523 2104 in
3543 2050 3719 2115 sobole;

2183 2138 2276 2193 sed
2300 2138 2383 2193 his
2405 2141 2562 2193 etiam
2586 2142 2688 2193 alia
2713 2142 2990 2197 secedent.
3012 2142 3380 2198 Etostendens
3392 2157 3614 2212 quamam
3636 2141 3721 2195 hac

2184 2238 2327 2297 sunt,
2355 2232 2624 2302 subjungit
2654 2234 2837 2288 dicens
2870 2252 2884 2289 :
2912 2236 2965 2289 4.
3011 2234 3157 2289 Sicut
3180 2237 3382 2306 sagittae
3406 2236 3455 2288 in
3493 2251 3627 2287 manu
3649 2250 3720 2303 po-

2184 2324 2350 2391 tentis,
2380 2326 2450 2377 ita
2471 2325 2567 2393 ﬁlii
2594 2341 2932 2379 excussarum.
2955 2326 3123 2393 Alius,
3142 2325 3476 2397 Alligatorum
3494 2326 3584 2395 (6).
3604 2320 3721 2390 Quod

2182 2426 2359 2471 autem
2387 2417 2532 2482 dicit,
2564 2426 2648 2471 est
2670 2418 2930 2487 ejusmodi
2962 2434 2976 2471 :
3006 2418 3120 2471 Non
3139 2426 3300 2472 erunt
3327 2418 3493 2472 solum
3518 2417 3602 2471 tuti
3617 2417 3721 2468 intra

2182 2508 2377 2563 moenia
2404 2518 2458 2564 et
2484 2507 2535 2562 in
2563 2510 2694 2564 urbe
2719 2510 2941 2577 munita,
2978 2524 3076 2565 nec
3100 2513 3205 2564 erit
3229 2511 3312 2565 eis
3355 2521 3544 2564 tantum
3574 2523 3721 2563 nume-

2180 2614 2303 2657 rosa
2336 2603 2546 2658 soboles
2566 2646 2580 2668 ,
2609 2603 2702 2657 sed
2730 2612 2889 2659 erunt
2922 2606 3080 2657 etiam
3125 2604 3395 2659 terribiles
3420 2604 3664 2667 hostibus,
3682 2608 3720 2653 et

2184 2696 2449 2752 terribiles
2477 2704 2533 2751 ut
2571 2698 2797 2767 sagittze.
2844 2697 2958 2751 Non
2987 2697 3121 2751 dixit
3155 2704 3341 2752 autem
3372 2697 3625 2758 abSulute,
3645 2691 3717 2746 Sa~

2180 2790 2324 2858 gitti:
2347 2806 2365 2842 :
2388 2787 2505 2855 sed,
2526 2788 2812 2859 Sagittario
2835 2805 2987 2842 manu
3009 2790 3314 2861 potentium.
3343 2789 3454 2843 Non
3478 2796 3589 2843 sunt
3610 2786 3719 2839 enim

2180 2881 2385 2949 sagittae
2409 2881 2534 2949 ipsae
2559 2896 2655 2951 per
2679 2896 2738 2936 se
2760 2883 3044 2947 terribiles,
3069 2882 3163 2937 sed
3185 2892 3316 2938 tunc
3340 2882 3544 2953 quando
3573 2893 3721 2935 tenen-

2181 2984 2266 3028 tur
2295 2991 2324 3028 a
2356 2976 2577 3044 potenti,
2602 2985 2827 3030 mortem
2855 2976 3162 3031 minitantes
3189 2977 3256 3030 iis
3288 2991 3419 3046 quos
3437 2974 3717 3028 adoriuntur.

2181 3067 2254 3120 lta
2280 3081 2407 3136 ergo
2429 3075 2586 3121 erunt
2612 3067 2665 3121 hi
2689 3068 2975 3122 terribiles.
2998 3067 3251 3135 Quinam,
3278 3069 3369 3123 hi?
3395 3064 3517 3121 Filii
3530 3078 3721 3119 excusso-

2177 3176 2312 3212 rum.
2343 3159 2454 3213 Hoc
2483 3168 2600 3225 est,
2653 3175 2838 3215 eorum
2865 3162 2952 3231 qui
3002 3171 3156 3215 erant
3198 3161 3326 3215 olim
3365 3152 3719 3223 imbecilli,qui

2180 3251 2342 3305 vincti
2381 3261 2434 3306 et
2464 3252 2688 3321 alligati.
2716 3252 2931 3308 Priores
2952 3252 3097 3307 enim
3121 3267 3209 3307 res
3240 3253 3494 3306 adversas
3528 3250 3597 3303 eis
3631 3245 3716 3299 fre-

2177 3352 2405 3413 quenter
2432 3344 2487 3398 in
2530 3345 2845 3399 memoriam
2872 3344 3065 3414 redigit
3112 3344 3164 3398 in
3198 3354 3440 3413 tempore
3466 3336 3716 3400 felicitatis,

2176 3443 2237 3489 ut
2258 3443 2493 3489 mentem
2525 3451 2712 3490 eorum
2741 3437 2885 3491 omni
2915 3453 2978 3491 ex
3008 3445 3160 3506 parte
3190 3438 3459 3506 corrigat,
3489 3445 3538 3488 et
3566 3446 3645 3502 per
3670 3441 3718 3481 et

2177 3542 2295 3596 quae
2320 3528 2458 3596 passi
2494 3537 2621 3583 sunt
2644 3570 2659 3593 ,
2689 3539 2743 3583 et
2771 3543 2800 3582 a
2837 3529 3029 3598 quibus
3060 3541 3184 3582 sunt
3227 3528 3469 3594 liberati,
3495 3536 3544 3580 et
3571 3539 3649 3593 per
3669 3532 3716 3572 ea

2175 3635 2297 3689 qua:
2317 3629 2735 3691 consequentur.
2764 3621 2818 3676 5.
2851 3619 3037 3675 Beatus
3064 3621 3158 3687 vir,
3184 3622 3274 3692 qui
3318 3620 3535 3691 implebit
3554 3612 3715 3668 deside-

2175 3713 2309 3765 rium
2338 3729 2486 3766 suum
2508 3730 2570 3767 ea:
2602 3715 2727 3785 ipsis
2748 3730 2767 3777 ;
2796 3730 2898 3767 non
2923 3714 3299 3783 confundentur
3319 3755 3333 3777 ,
3357 3729 3469 3766 cum
3496 3713 3719 3780 loquettlttl'

2176 3805 2391 3859 inimicis
2416 3806 2523 3860 suis
2549 3806 2601 3859 in
2623 3819 2788 3877 porta.
2822 3807 2971 3861 Alius
3010 3806 3158 3873 dtcit,
3184 3806 3374 3860 Beatus
3391 3849 3406 3873 ,
3434 3805 3515 3877 qui
3535 3794 3717 3871 implebit

2178 3896 2473 3965 pharetram
2501 3914 2643 3951 suam
2675 3914 2738 3952 ea:
2778 3898 2904 3968 ipsis
2937 3896 3031 3969 (c).
3066 3898 3120 3953 Id
3143 3909 3223 3953 est
3264 3916 3279 3953 :
3312 3898 3422 3953 lloc
3446 3909 3637 3967 quoque
3655 3890 3715 3943 eis

2174 3987 2366 4054 aderit,
2396 3988 2561 4043 robur
2579 3990 2839 4059 corporis,
2873 4000 3046 4045 terror
3065 3991 3154 4061 qui
3186 4006 3293 4044 non
3322 3990 3512 4061 poterit
3531 3984 3718 4039 sustine-

2175 4079 2242 4145 ri,
2272 4080 2489 4149 pulclira
2515 4089 2570 4135 et
2589 4097 2874 4136 numerosa
2906 4081 3106 4153 proles,
3138 4083 3401 4137 securitas
3421 4124 3435 4148 ,
3474 4079 3604 4135 urbis
3627 4072 3718 4144 pul-

2175 4169 2421 4224 chritudo
2442 4212 2455 4235 ,
2489 4172 2710 4227 victoria
2736 4185 2791 4228 et
2826 4183 3023 4243 tropica
3061 4176 3113 4227 in
3156 4174 3337 4231 bellis.
3378 4175 3618 4243 Quocirca
3643 4177 3716 4221 eos

2174 4280 2387 4333 quoque
2425 4264 2613 4319 beatos
2644 4267 2928 4335 przedicat,
2955 4268 3044 4336 qui
3076 4264 3585 4337 suntconsequuturi
3610 4261 3717 4313 lianc

2174 4355 2504 4411 felicitatem.
2550 4358 2718 4412 Erunt
2743 4361 2908 4423 enim,
2945 4360 3152 4431 inquit,
3181 4361 3395 4415 armati.
3438 4357 3535 4414 Sed
3567 4369 3653 4409 non
3676 4349 3715 4403 in

2175 4448 2259 4504 bis
2289 4458 2494 4505 tantum
2522 4452 2780 4506 consistet
2828 4465 3014 4506 eorum
3050 4452 3325 4507 beatitudo
3344 4495 3358 4520 ,
3386 4465 3558 4505 verum
3587 4446 3715 4500 etiam

2176 4541 2227 4594 in
2255 4556 2320 4596 eo
2349 4542 2491 4611 quod
2515 4557 2619 4596 non
2644 4542 2947 4599 afficientur
2971 4544 3197 4613 pudore.
3230 4544 3353 4599 Non
3391 4538 3717 4611 confundantur

2172 4633 2337 4699 enim,
2368 4632 2554 4704 inquit,
2583 4635 2787 4704 quando
2812 4635 3075 4705 loquentur
3103 4636 3323 4690 inimicis
3354 4636 3458 4690 suis
3484 4634 3533 4686 in
3573 4636 3715 4701 porta-

2173 4724 2434 4793 Quidnam
2479 4736 2564 4779 est
2605 4726 2745 4780 hoc?
2794 4726 3079 4781 Maximum
3133 4736 3432 4797 tropatum,
3490 4721 3714 4780 maximus

2174 4817 2448 4887 Splendor,
2478 4818 2777 4887 iucunditas
2804 4833 3009 4874 summa
3040 4827 3094 4873 et
3127 4818 3369 4874 felicitas.
3407 4816 3575 4887 Neque
3600 4810 3714 4866 enim

2174 4912 2252 4963 eis
2272 4909 2680 4979 eXprobrabitur
2708 4911 2851 4980 quod
2872 4911 3015 4986 Deus
3040 4925 3222 4965 curam
3250 4927 3434 4966 eorum
3461 4919 3712 4975 nongessr-

2176 5003 2276 5068 rit,
2307 5003 2393 5056 vel
2423 5002 2562 5071 quod
2594 5002 2759 5056 Deum
2791 5002 3077 5058 habuerint
3110 5004 3429 5059 imbecillum
3455 5044 3468 5069 ,
3498 5000 3574 5055 vel
3598 4990 3712 5066 quod

2175 5102 2446 5164 potentem
2474 5094 2709 5165 quidem,
2737 5110 2921 5150 verum
2948 5096 3056 5151 suis
3078 5097 3310 5166 peccatis
3324 5094 3603 5166 depulerint
3623 5087 3715 5156 ejus

2239 5275 2311 5339 (α)
2343 5275 2455 5343 Quis
2476 5277 2540 5325 sit
2561 5276 2640 5343 hic
2675 5286 2924 5343 interpres
2955 5285 3222 5340 ignoratur.
3258 5284 3367 5327 tunc
3396 5276 3567 5343 quippe,
3597 5269 3721 5343 legi"

2176 5340 2228 5389 in
2250 5337 2477 5399 ttexaplis
2500 5341 2651 5405 posita
2672 5377 2687 5399 ,
2714 5337 3138 5405 exAACbrysostomo
3157 5348 3347 5403 sumpta
3369 5337 3441 5390 est
3457 5373 3473 5399 ,
3492 5337 3569 5399 qui
3595 5337 3718 5383 interr

2178 5409 2369 5465 prelum
2395 5403 2587 5465 nomina
2611 5414 2705 5450 non
2730 5402 2887 5453 affert.

2241 5462 2316 5528 (b_)_
2346 5469 2474 5511 ttanc
2512 5462 2780 5528 lectionem,
2813 5476 2928 5514 esse
2958 5471 3078 5528 puto
3116 5466 3335 5526 septimae
3370 5458 3715 5528 Fditionii.__ﬁ?["

2178 5510 2394 5588 Aquilae,
2419 5510 2687 5588 syniutacbi
2725 5510 3080 5580 libent—lotionis
3094 5510 3394 5588 ,‘ééiiie‘due
3410 5510 3713 5588 iﬂlitionisnjﬂj

2178 5572 2726 5651 citatissn'suuttii"s
2748 5572 3076 5651 nomine};
3095 5572 3425 5651 nisi-639.59,
3449 5593 3497 5633 et
3519 5588 3611 5651 [est
3628 5572 3713 5651 illa?

2178 5648 2608 5724 omlnesbaec'quaaf
2631 5650 2690 5724 ad
2707 5640 2969 5724 septimam
2989 5652 3251 5724 [sditionem
3276 5640 3707 5724 pertineregiiide‘wf;

2241 5711 2457 5778 (συίῳο
2480 5702 2821 5778 interpretatio
2839 5722 2915 5763 est
2931 5715 3072 5776 juxta
3092 5702 3307 5778 Aquitani
3321 5747 3335 5771 ,
3358 5702 3708 5778 εγιειῳεώιξιξξξ

2178 5761 2572 5822 'rbeo'dotionem.
2602 5761 3537 5840 nieronjmns'quoque'vertit,'u'btm,
3562 5761 3707 5829 Ρ¹³¹πθ⁴

2185 5853 2305 5896 trum
2326 5850 2482 5897 suam.
