  <div class='ocr_page' id='page_1' title='image "/cluster/home/n/w/nwhite01/storage/ocr_20150623/55:no.5/coo.31924054869551/357.png"; bbox 0 0 3956 6402; ppageno 0'>
   <div class='ocr_carea' id='block_1_1' title="bbox 531 341 636 398">
    <p class='ocr_par' dir='ltr' id='par_1_1' title="bbox 531 341 636 398">
     <span class='ocr_line' id='line_1_1' title="bbox 531 341 636 398; baseline 0.01 -1"><span class='ocrx_word' id='word_1_1' title='bbox 531 341 636 398; x_wconf 78' lang='lat'>365</span> 
     </span>
    </p>
   </div>
   <div class='ocr_carea' id='block_1_2' title="bbox 529 447 2110 522">
    <p class='ocr_par' dir='ltr' id='par_1_2' title="bbox 529 447 2110 522">
     <span class='ocr_line' id='line_1_2' title="bbox 529 447 2110 522; baseline -0.005 -15"><span class='ocrx_word' id='word_1_2' title='bbox 529 451 756 514; x_wconf 88' lang='grc' dir='ltr'>παίδων,</span> <span class='ocrx_word' id='word_1_3' title='bbox 779 449 869 505; x_wconf 83' lang='grc' dir='ltr'>διὰ</span> <span class='ocrx_word' id='word_1_4' title='bbox 916 449 1024 506; x_wconf 83' lang='grc' dir='ltr'>τῶν</span> <span class='ocrx_word' id='word_1_5' title='bbox 1069 449 1268 512; x_wconf 84' lang='grc' dir='ltr'>ὅπλων,</span> <span class='ocrx_word' id='word_1_6' title='bbox 1299 448 1388 503; x_wconf 88' lang='grc' dir='ltr'>διά</span> <span class='ocrx_word' id='word_1_7' title='bbox 1425 448 1524 521; x_wconf 81' lang='grc' dir='ltr'>τῆς</span> <span class='ocrx_word' id='word_1_8' title='bbox 1551 449 1854 522; x_wconf 88' lang='grc' dir='ltr'>δυνάμεως,</span> <span class='ocrx_word' id='word_1_9' title='bbox 1886 448 1986 501; x_wconf 78' lang='grc' dir='ltr'>οὐκ</span> <span class='ocrx_word' id='word_1_10' title='bbox 2018 447 2110 515; x_wconf 90' lang='grc' dir='ltr'>ἐγ-</span> 
     </span>
    </p>
   </div>
   <div class='ocr_carea' id='block_1_3' title="bbox 531 529 2110 604">
    <p class='ocr_par' dir='ltr' id='par_1_3' title="bbox 531 529 2110 604">
     <span class='ocr_line' id='line_1_3' title="bbox 531 529 2110 604; baseline -0.004 -16"><span class='ocrx_word' id='word_1_11' title='bbox 531 533 970 604; x_wconf 85' lang='grc' dir='ltr'>καλυφθήσονται</span> <span class='ocrx_word' id='word_1_12' title='bbox 994 532 1122 596; x_wconf 80' lang='grc' dir='ltr'>τοὺς</span> <span class='ocrx_word' id='word_1_13' title='bbox 1173 531 1465 602; x_wconf 87' lang='grc' dir='ltr'>πολεμίους</span> <span class='ocrx_word' id='word_1_14' title='bbox 1510 531 1765 604; x_wconf 84' lang='grc' dir='ltr'>δρῶντες,</span> <span class='ocrx_word' id='word_1_15' title='bbox 1807 530 1942 585; x_wconf 87' lang='grc' dir='ltr'>ἀλλά</span> <span class='ocrx_word' id='word_1_16' title='bbox 1971 529 2110 601; x_wconf 85' lang='grc' dir='ltr'>μετά</span> 
     </span>
    </p>
   </div>
   <div class='ocr_carea' id='block_1_4' title="bbox 532 614 2108 687">
    <p class='ocr_par' dir='ltr' id='par_1_4' title="bbox 532 614 2108 687">
     <span class='ocr_line' id='line_1_4' title="bbox 532 614 2108 687; baseline -0.001 -17"><span class='ocrx_word' id='word_1_17' title='bbox 532 617 736 687; x_wconf 81' lang='grc' dir='ltr'>πολλῆς</span> <span class='ocrx_word' id='word_1_18' title='bbox 763 616 1169 686; x_wconf 82' lang='grc' dir='ltr'>ἀπαντήσονται</span> <span class='ocrx_word' id='word_1_19' title='bbox 1195 616 1294 684; x_wconf 87' lang='grc' dir='ltr'>τῆς</span> <span class='ocrx_word' id='word_1_20' title='bbox 1334 615 1711 687; x_wconf 80' lang='grc' dir='ltr'>ἀνδρειότητος</span> <span class='ocrx_word' id='word_1_21' title='bbox 1751 628 1800 681; x_wconf 74' lang='grc' dir='ltr'>ι,</span> <span class='ocrx_word' id='word_1_22' title='bbox 1830 614 2108 669; x_wconf 84' lang='grc' dir='ltr'>καλλωπι-</span> 
     </span>
    </p>
   </div>
   <div class='ocr_carea' id='block_1_5' title="bbox 532 696 2109 771">
    <p class='ocr_par' dir='ltr' id='par_1_5' title="bbox 532 696 2109 771">
     <span class='ocr_line' id='line_1_5' title="bbox 532 696 2109 771; baseline -0.003 -17"><span class='ocrx_word' id='word_1_23' title='bbox 532 699 768 771; x_wconf 82' lang='grc' dir='ltr'>ζόμενοι,</span> <span class='ocrx_word' id='word_1_24' title='bbox 812 699 956 769; x_wconf 93' lang='grc' dir='ltr'>μέγα</span> <span class='ocrx_word' id='word_1_25' title='bbox 984 696 1330 769; x_wconf 78' lang='grc' dir='ltr'>φρονοῦντες,</span> <span class='ocrx_word' id='word_1_26' title='bbox 1354 699 1742 769; x_wconf 85' lang='grc' dir='ltr'>κοσμούμενοι,</span> <span class='ocrx_word' id='word_1_27' title='bbox 1774 698 1863 751; x_wconf 79' lang='grc' dir='ltr'>διὰ</span> <span class='ocrx_word' id='word_1_28' title='bbox 1891 698 2109 752; x_wconf 90' lang='grc' dir='ltr'>πάντων</span> 
     </span>
    </p>
   </div>
   <div class='ocr_carea' id='block_1_6' title="bbox 531 779 2111 853">
    <p class='ocr_par' dir='ltr' id='par_1_6' title="bbox 531 779 2111 853">
     <span class='ocr_line' id='line_1_6' title="bbox 531 779 2111 853; baseline -0.003 -17"><span class='ocrx_word' id='word_1_29' title='bbox 531 782 733 836; x_wconf 87' lang='grc' dir='ltr'>τούτων</span> <span class='ocrx_word' id='word_1_30' title='bbox 777 780 870 834; x_wconf 87' lang='grc' dir='ltr'>τοῦ</span> <span class='ocrx_word' id='word_1_31' title='bbox 904 780 1036 834; x_wconf 89' lang='grc' dir='ltr'>Θεοῦ</span> <span class='ocrx_word' id='word_1_32' title='bbox 1070 781 1169 852; x_wconf 83' lang='grc' dir='ltr'>τὴν</span> <span class='ocrx_word' id='word_1_33' title='bbox 1203 781 1343 853; x_wconf 72' lang='grc' dir='ltr'>ὑπὲρ</span> <span class='ocrx_word' id='word_1_34' title='bbox 1368 781 1544 835; x_wconf 83' lang='grc' dir='ltr'>αὐτῶν</span> <span class='ocrx_word' id='word_1_35' title='bbox 1575 780 1857 851; x_wconf 76' lang='grc' dir='ltr'>ἀντίληψιν</span> <span class='ocrx_word' id='word_1_36' title='bbox 1908 779 2111 833; x_wconf 87' lang='grc' dir='ltr'>ἐπιδει-</span> 
     </span>
    </p>
   </div>
   <div class='ocr_carea' id='block_1_7' title="bbox 530 863 2109 937">
    <p class='ocr_par' dir='ltr' id='par_1_7' title="bbox 530 863 2109 937">
     <span class='ocr_line' id='line_1_7' title="bbox 530 863 2109 937; baseline -0.003 -18"><span class='ocrx_word' id='word_1_37' title='bbox 530 865 819 937; x_wconf 87' lang='grc' dir='ltr'>κνυμένου.</span> <span class='ocrx_word' id='word_1_38' title='bbox 853 864 928 917; x_wconf 86' lang='grc' dir='ltr'>Τὸ</span> <span class='ocrx_word' id='word_1_39' title='bbox 965 863 1074 935; x_wconf 83' lang='grc' dir='ltr'>γὰρ</span> <span class='ocrx_word' id='word_1_40' title='bbox 1128 864 1423 935; x_wconf 87' lang='grc' dir='ltr'>κεφάλαιον</span> <span class='ocrx_word' id='word_1_41' title='bbox 1463 864 1572 917; x_wconf 87' lang='grc' dir='ltr'>τῶν</span> <span class='ocrx_word' id='word_1_42' title='bbox 1613 863 1856 934; x_wconf 81' lang='grc' dir='ltr'>ἀγαθῶν,</span> <span class='ocrx_word' id='word_1_43' title='bbox 1888 863 1981 917; x_wconf 74' lang='grc' dir='ltr'>καὶ</span> <span class='ocrx_word' id='word_1_44' title='bbox 2010 866 2109 932; x_wconf 85' lang='grc' dir='ltr'>τῆς</span> 
     </span>
    </p>
   </div>
   <div class='ocr_carea' id='block_1_8' title="bbox 534 945 2106 1021">
    <p class='ocr_par' dir='ltr' id='par_1_8' title="bbox 534 945 2106 1021">
     <span class='ocr_line' id='line_1_8' title="bbox 534 945 2106 1021; baseline -0.003 -19"><span class='ocrx_word' id='word_1_45' title='bbox 534 948 935 1019; x_wconf 82' lang='grc' dir='ltr'>μακαριότητος</span> <span class='ocrx_word' id='word_1_46' title='bbox 960 948 995 1019; x_wconf 82' lang='grc' dir='ltr'>ἡ</span> <span class='ocrx_word' id='word_1_47' title='bbox 1026 947 1278 1021; x_wconf 76' lang='grc' dir='ltr'>κορωνὶς,</span> <span class='ocrx_word' id='word_1_48' title='bbox 1302 946 1365 1002; x_wconf 80' lang='grc' dir='ltr'>τὸ</span> <span class='ocrx_word' id='word_1_49' title='bbox 1394 947 1652 1001; x_wconf 81' lang='grc' dir='ltr'>δύνασθαι</span> <span class='ocrx_word' id='word_1_50' title='bbox 1695 946 1880 999; x_wconf 83' lang='grc' dir='ltr'>λοιπὸν</span> <span class='ocrx_word' id='word_1_51' title='bbox 1917 945 2010 998; x_wconf 81' lang='grc' dir='ltr'>ἐπὶ</span> <span class='ocrx_word' id='word_1_52' title='bbox 2040 947 2106 1015; x_wconf 78' lang='grc' dir='ltr'>τῇ</span> 
     </span>
    </p>
   </div>
   <div class='ocr_carea' id='block_1_9' title="bbox 531 1027 2110 1103">
    <p class='ocr_par' dir='ltr' id='par_1_9' title="bbox 531 1027 2110 1103">
     <span class='ocr_line' id='line_1_9' title="bbox 531 1027 2110 1103; baseline -0.002 -19"><span class='ocrx_word' id='word_1_53' title='bbox 531 1031 624 1085; x_wconf 88' lang='grc' dir='ltr'>τοῦ</span> <span class='ocrx_word' id='word_1_54' title='bbox 641 1030 776 1086; x_wconf 89' lang='grc' dir='ltr'>Θεοῦ</span> <span class='ocrx_word' id='word_1_55' title='bbox 797 1030 1084 1103; x_wconf 78' lang='grc' dir='ltr'>συμμαχίᾳ</span> <span class='ocrx_word' id='word_1_56' title='bbox 1105 1030 1550 1102; x_wconf 77' lang='grc' dir='ltr'>κοσμεῖσθαι.Διδ</span> <span class='ocrx_word' id='word_1_57' title='bbox 1565 1029 1629 1101; x_wconf 83' lang='grc' dir='ltr'>δὴ</span> <span class='ocrx_word' id='word_1_58' title='bbox 1654 1029 1749 1083; x_wconf 81' lang='grc' dir='ltr'>καὶ</span> <span class='ocrx_word' id='word_1_59' title='bbox 1771 1027 2005 1083; x_wconf 86' lang='grc' dir='ltr'>ἐνταῦθα</span> <span class='ocrx_word' id='word_1_60' title='bbox 2018 1027 2110 1081; x_wconf 82' lang='grc' dir='ltr'>τὸν</span> 
     </span>
    </p>
   </div>
   <div class='ocr_carea' id='block_1_10' title="bbox 532 1110 2111 1184">
    <p class='ocr_par' dir='ltr' id='par_1_10' title="bbox 532 1110 2111 1184">
     <span class='ocr_line' id='line_1_10' title="bbox 532 1110 2111 1184; baseline -0.002 -18"><span class='ocrx_word' id='word_1_61' title='bbox 532 1113 689 1182; x_wconf 91' lang='grc' dir='ltr'>λόγον</span> <span class='ocrx_word' id='word_1_62' title='bbox 718 1113 1008 1180; x_wconf 87' lang='grc' dir='ltr'>κατέλυσε,</span> <span class='ocrx_word' id='word_1_63' title='bbox 1065 1113 1336 1168; x_wconf 84' lang='grc' dir='ltr'>παιδεύων</span> <span class='ocrx_word' id='word_1_64' title='bbox 1367 1113 1611 1177; x_wconf 75' lang='grc' dir='ltr'>ἅπαντας</span> <span class='ocrx_word' id='word_1_65' title='bbox 1647 1112 1753 1184; x_wconf 82' lang='grc' dir='ltr'>πρὸ</span> <span class='ocrx_word' id='word_1_66' title='bbox 1793 1112 1903 1165; x_wconf 83' lang='grc' dir='ltr'>τῶν</span> <span class='ocrx_word' id='word_1_67' title='bbox 1935 1110 2111 1165; x_wconf 81' lang='grc' dir='ltr'>ἀλλων</span> 
     </span>
    </p>
   </div>
   <div class='ocr_carea' id='block_1_11' title="bbox 532 1193 2109 1268">
    <p class='ocr_par' dir='ltr' id='par_1_11' title="bbox 532 1193 2109 1268">
     <span class='ocr_line' id='line_1_11' title="bbox 532 1193 2109 1268; baseline -0.003 -17"><span class='ocrx_word' id='word_1_68' title='bbox 532 1197 788 1252; x_wconf 88' lang='grc' dir='ltr'>ἁπάντων</span> <span class='ocrx_word' id='word_1_69' title='bbox 816 1198 1021 1250; x_wconf 88' lang='grc' dir='ltr'>ἐκεῖνον</span> <span class='ocrx_word' id='word_1_70' title='bbox 1049 1197 1139 1251; x_wconf 72' lang='grc' dir='ltr'>τὸν</span> <span class='ocrx_word' id='word_1_71' title='bbox 1160 1196 1363 1268; x_wconf 81' lang='grc' dir='ltr'>κόσμον</span> <span class='ocrx_word' id='word_1_72' title='bbox 1387 1195 1681 1267; x_wconf 80' lang='grc' dir='ltr'>ἐπιζητεῖν,</span> <span class='ocrx_word' id='word_1_73' title='bbox 1706 1196 1799 1250; x_wconf 73' lang='grc' dir='ltr'>καὶ</span> <span class='ocrx_word' id='word_1_74' title='bbox 1818 1194 1910 1247; x_wconf 76' lang='grc' dir='ltr'>ἐπὶ</span> <span class='ocrx_word' id='word_1_75' title='bbox 1935 1193 2109 1265; x_wconf 86' lang='grc' dir='ltr'>τούτῳ</span> 
     </span>
    </p>
   </div>
   <div class='ocr_carea' id='block_1_12' title="bbox 533 1276 2106 1351">
    <p class='ocr_par' dir='ltr' id='par_1_12' title="bbox 533 1276 2106 1351">
     <span class='ocr_line' id='line_1_12' title="bbox 533 1276 2106 1351; baseline -0.001 -18"><span class='ocrx_word' id='word_1_76' title='bbox 533 1279 941 1351; x_wconf 80' lang='grc' dir='ltr'>φαιδρύνεσθαι.</span> <span class='ocrx_word' id='word_1_77' title='bbox 978 1279 1179 1333; x_wconf 86' lang='grc' dir='ltr'>Τοῦτον</span> <span class='ocrx_word' id='word_1_78' title='bbox 1207 1278 1386 1333; x_wconf 80' lang='grc' dir='ltr'>τοίνυν</span> <span class='ocrx_word' id='word_1_79' title='bbox 1429 1281 1521 1333; x_wconf 73' lang='grc' dir='ltr'>καὶ</span> <span class='ocrx_word' id='word_1_80' title='bbox 1561 1281 1723 1349; x_wconf 83' lang='grc' dir='ltr'>ἡμεῖς</span> <span class='ocrx_word' id='word_1_81' title='bbox 1753 1276 2106 1349; x_wconf 76' lang='grc' dir='ltr'>ζηλώσωμεν,</span> 
     </span>
    </p>
   </div>
   <div class='ocr_carea' id='block_1_13' title="bbox 534 1361 2111 1435">
    <p class='ocr_par' dir='ltr' id='par_1_13' title="bbox 534 1361 2111 1435">
     <span class='ocr_line' id='line_1_13' title="bbox 534 1361 2111 1435; baseline -0.002 -18"><span class='ocrx_word' id='word_1_82' title='bbox 534 1365 622 1418; x_wconf 83' lang='grc' dir='ltr'>ἵνα</span> <span class='ocrx_word' id='word_1_83' title='bbox 648 1364 757 1417; x_wconf 78' lang='grc' dir='ltr'>τῶν</span> <span class='ocrx_word' id='word_1_84' title='bbox 785 1363 1021 1418; x_wconf 77' lang='grc' dir='ltr'>αἰωνίων</span> <span class='ocrx_word' id='word_1_85' title='bbox 1065 1363 1411 1435; x_wconf 85' lang='grc' dir='ltr'>ἐπιτύχωμεν</span> <span class='ocrx_word' id='word_1_86' title='bbox 1457 1363 1484 1403; x_wconf 73' lang='grc' dir='ltr'>δ</span> <span class='ocrx_word' id='word_1_87' title='bbox 1515 1362 1757 1432; x_wconf 82' lang='grc' dir='ltr'>ἀγαθῶν,</span> <span class='ocrx_word' id='word_1_88' title='bbox 1779 1363 1962 1433; x_wconf 87' lang='grc' dir='ltr'>χάριτι</span> <span class='ocrx_word' id='word_1_89' title='bbox 2015 1361 2111 1415; x_wconf 73' lang='grc' dir='ltr'>καὶ</span> 
     </span>
    </p>
   </div>
   <div class='ocr_carea' id='block_1_14' title="bbox 533 1444 2109 1519">
    <p class='ocr_par' dir='ltr' id='par_1_14' title="bbox 533 1444 2109 1519">
     <span class='ocr_line' id='line_1_14' title="bbox 533 1444 2109 1519; baseline -0.002 -19"><span class='ocrx_word' id='word_1_90' title='bbox 533 1446 913 1519; x_wconf 82' lang='grc' dir='ltr'>φιλανθρωπίᾳ</span> <span class='ocrx_word' id='word_1_91' title='bbox 939 1446 1032 1501; x_wconf 90' lang='grc' dir='ltr'>τοῦ</span> <span class='ocrx_word' id='word_1_92' title='bbox 1064 1447 1268 1519; x_wconf 86' lang='grc' dir='ltr'>Κυρίου</span> <span class='ocrx_word' id='word_1_93' title='bbox 1299 1446 1458 1517; x_wconf 82' lang='grc' dir='ltr'>ἡμῶν</span> <span class='ocrx_word' id='word_1_94' title='bbox 1484 1446 1658 1517; x_wconf 83' lang='grc' dir='ltr'>Ἰησοῦ</span> <span class='ocrx_word' id='word_1_95' title='bbox 1696 1444 1955 1517; x_wconf 80' lang='grc' dir='ltr'>Χριστοῦ,</span> <span class='ocrx_word' id='word_1_96' title='bbox 1991 1444 2109 1516; x_wconf 83' lang='grc' dir='ltr'>μεθ’</span> 
     </span>
    </p>
   </div>
   <div class='ocr_carea' id='block_1_15' title="bbox 533 1526 2111 1601">
    <p class='ocr_par' dir='ltr' id='par_1_15' title="bbox 533 1526 2111 1601">
     <span class='ocr_line' id='line_1_15' title="bbox 533 1526 2111 1601; baseline -0.003 -18"><span class='ocrx_word' id='word_1_97' title='bbox 533 1526 592 1585; x_wconf 76' lang='grc' dir='ltr'>οὗ</span> <span class='ocrx_word' id='word_1_98' title='bbox 620 1529 700 1599; x_wconf 83' lang='grc' dir='ltr'>τῷ</span> <span class='ocrx_word' id='word_1_99' title='bbox 740 1531 914 1601; x_wconf 72' lang='lat' dir='ltr'>lla.th</span> <span class='ocrx_word' id='word_1_100' title='bbox 962 1531 996 1601; x_wconf 88' lang='grc' dir='ltr'>ή</span> <span class='ocrx_word' id='word_1_101' title='bbox 1042 1529 1186 1596; x_wconf 77' lang='grc' dir='ltr'>δόξα,</span> <span class='ocrx_word' id='word_1_102' title='bbox 1222 1528 1340 1601; x_wconf 76' lang='grc' dir='ltr'>ἅμα</span> <span class='ocrx_word' id='word_1_103' title='bbox 1392 1528 1470 1600; x_wconf 83' lang='grc' dir='ltr'>τῷ</span> <span class='ocrx_word' id='word_1_104' title='bbox 1515 1529 1657 1601; x_wconf 84' lang='grc' dir='ltr'>ἁγίῳ</span> <span class='ocrx_word' id='word_1_105' title='bbox 1694 1526 1996 1599; x_wconf 90' lang='grc' dir='ltr'>Πνεύματι,</span> <span class='ocrx_word' id='word_1_106' title='bbox 2030 1528 2111 1592; x_wconf 93' lang='grc' dir='ltr'>εἰς</span> 
     </span>
    </p>
   </div>
   <div class='ocr_carea' id='block_1_16' title="bbox 533 1611 1513 1684">
    <p class='ocr_par' dir='ltr' id='par_1_16' title="bbox 533 1611 1513 1684">
     <span class='ocr_line' id='line_1_16' title="bbox 533 1611 1513 1684; baseline -0.002 -16"><span class='ocrx_word' id='word_1_107' title='bbox 533 1615 660 1679; x_wconf 78' lang='grc' dir='ltr'>τοὺς</span> <span class='ocrx_word' id='word_1_108' title='bbox 690 1612 895 1676; x_wconf 83' lang='grc' dir='ltr'>αἰῶνας</span> <span class='ocrx_word' id='word_1_109' title='bbox 913 1611 1021 1665; x_wconf 84' lang='grc' dir='ltr'>τῶν</span> <span class='ocrx_word' id='word_1_110' title='bbox 1052 1611 1287 1669; x_wconf 84' lang='grc' dir='ltr'>αἰώνων.</span> <span class='ocrx_word' id='word_1_111' title='bbox 1322 1612 1513 1684; x_wconf 81' lang='grc' dir='ltr'>Ἀμήν.</span> 
     </span>
    </p>
   </div>
   <div class='ocr_carea' id='block_1_17' title="bbox 837 1710 1802 1783">
    <p class='ocr_par' dir='ltr' id='par_1_17' title="bbox 837 1710 1802 1783">
     <span class='ocr_line' id='line_1_17' title="bbox 837 1710 1802 1783; baseline -0.004 -16"><span class='ocrx_word' id='word_1_112' title='bbox 837 1713 946 1767; x_wconf 67' lang='grc' dir='ltr'>ΕΙΣ</span> <span class='ocrx_word' id='word_1_113' title='bbox 972 1712 1110 1767; x_wconf 84' lang='lat' dir='ltr'>TON</span> <span class='ocrx_word' id='word_1_114' title='bbox 1133 1710 1282 1765; x_wconf 74' lang='lat' dir='ltr'>sz&#39;</span> <span class='ocrx_word' id='word_1_115' title='bbox 1302 1712 1605 1765; x_wconf 77' lang='grc' dir='ltr'><strong>ΨΑΑΜΟΝ</strong></span> <span class='ocrx_word' id='word_1_116' title='bbox 1632 1710 1802 1783; x_wconf 79' lang='lat'>[558].</span> 
     </span>
    </p>
   </div>
   <div class='ocr_carea' id='block_1_18' title="bbox 602 1794 2037 1864">
    <p class='ocr_par' dir='ltr' id='par_1_18' title="bbox 602 1794 2037 1864">
     <span class='ocr_line' id='line_1_18' title="bbox 602 1794 2037 1864; baseline -0.004 -13"><span class='ocrx_word' id='word_1_117' title='bbox 602 1797 893 1864; x_wconf 83' lang='grc' dir='ltr'>Μακάριοι</span> <span class='ocrx_word' id='word_1_118' title='bbox 920 1794 1144 1859; x_wconf 78' lang='grc' dir='ltr'>πάντες</span> <span class='ocrx_word' id='word_1_119' title='bbox 1176 1797 1230 1849; x_wconf 81' lang='grc' dir='ltr'>οἰ</span> <span class='ocrx_word' id='word_1_120' title='bbox 1272 1796 1629 1863; x_wconf 70' lang='grc' dir='ltr'>φοϐούμενοι</span> <span class='ocrx_word' id='word_1_121' title='bbox 1665 1794 1770 1847; x_wconf 81' lang='grc' dir='ltr'>τὸν</span> <span class='ocrx_word' id='word_1_122' title='bbox 1799 1794 2037 1862; x_wconf 81' lang='grc' dir='ltr'>Κύριον.</span> 
     </span>
    </p>
   </div>
   <div class='ocr_carea' id='block_1_19' title="bbox 602 1874 2108 1949">
    <p class='ocr_par' dir='ltr' id='par_1_19' title="bbox 602 1874 2108 1949">
     <span class='ocr_line' id='line_1_19' title="bbox 602 1874 2108 1949; baseline -0.003 -16"><span class='ocrx_word' id='word_1_123' title='bbox 602 1884 671 1933; x_wconf 88' lang='grc' dir='ltr'>α’.</span> <span class='ocrx_word' id='word_1_124' title='bbox 688 1879 829 1949; x_wconf 85' lang='grc' dir='ltr'>Ὀρα</span> <span class='ocrx_word' id='word_1_125' title='bbox 852 1878 1012 1931; x_wconf 78' lang='grc' dir='ltr'>αὑτὸν</span> <span class='ocrx_word' id='word_1_126' title='bbox 1033 1877 1278 1932; x_wconf 85' lang='grc' dir='ltr'>ἐντεῦθεν</span> <span class='ocrx_word' id='word_1_127' title='bbox 1299 1877 1621 1948; x_wconf 85' lang='grc' dir='ltr'>ἀρχόμενον,</span> <span class='ocrx_word' id='word_1_128' title='bbox 1648 1875 1776 1929; x_wconf 72' lang='grc' dir='ltr'>ἔνθα</span> <span class='ocrx_word' id='word_1_129' title='bbox 1793 1874 2108 1945; x_wconf 81' lang='grc' dir='ltr'>κατέληξεν.</span> 
     </span>
    </p>
   </div>
   <div class='ocr_carea' id='block_1_20' title="bbox 535 1957 2110 2032">
    <p class='ocr_par' dir='ltr' id='par_1_20' title="bbox 535 1957 2110 2032">
     <span class='ocr_line' id='line_1_20' title="bbox 535 1957 2110 2032; baseline -0.002 -17"><span class='ocrx_word' id='word_1_130' title='bbox 535 1962 748 2032; x_wconf 81' lang='grc' dir='ltr'>’Ὠσπερ</span> <span class='ocrx_word' id='word_1_131' title='bbox 776 1959 883 2032; x_wconf 76' lang='grc' dir='ltr'>γὰρ</span> <span class='ocrx_word' id='word_1_132' title='bbox 914 1962 1031 2013; x_wconf 80' lang='grc' dir='ltr'>ἐκεῖ</span> <span class='ocrx_word' id='word_1_133' title='bbox 1057 1960 1142 2014; x_wconf 78' lang='grc' dir='ltr'>διὰ</span> <span class='ocrx_word' id='word_1_134' title='bbox 1160 1959 1317 2013; x_wconf 88' lang='grc' dir='ltr'>τοῦτο</span> <span class='ocrx_word' id='word_1_135' title='bbox 1342 1960 1537 2024; x_wconf 81' lang='grc' dir='ltr'>αὐτοὺς</span> <span class='ocrx_word' id='word_1_136' title='bbox 1560 1959 1915 2031; x_wconf 85' lang='grc' dir='ltr'>ἐμακάρισεν,</span> <span class='ocrx_word' id='word_1_137' title='bbox 1939 1960 2020 2013; x_wconf 85' lang='grc' dir='ltr'>ὅτι</span> <span class='ocrx_word' id='word_1_138' title='bbox 2048 1957 2110 2011; x_wconf 84' lang='grc' dir='ltr'>ού</span> 
     </span>
    </p>
   </div>
   <div class='ocr_carea' id='block_1_21' title="bbox 534 2041 2113 2114">
    <p class='ocr_par' dir='ltr' id='par_1_21' title="bbox 534 2041 2113 2114">
     <span class='ocr_line' id='line_1_21' title="bbox 534 2041 2113 2114; baseline -0.001 -16"><span class='ocrx_word' id='word_1_139' title='bbox 534 2044 1008 2114; x_wconf 81' lang='grc' dir='ltr'>καταισχύνονται,</span> <span class='ocrx_word' id='word_1_140' title='bbox 1061 2041 1153 2097; x_wconf 87' lang='grc' dir='ltr'>τοῦ</span> <span class='ocrx_word' id='word_1_141' title='bbox 1193 2043 1286 2096; x_wconf 76' lang='grc' dir='ltr'>τὸν</span> <span class='ocrx_word' id='word_1_142' title='bbox 1323 2042 1454 2097; x_wconf 84' lang='grc' dir='ltr'>Θεὸν</span> <span class='ocrx_word' id='word_1_143' title='bbox 1504 2053 1525 2082; x_wconf 74' lang='grc' dir='ltr'>ε</span> <span class='ocrx_word' id='word_1_144' title='bbox 1582 2042 1726 2113; x_wconf 81' lang='grc' dir='ltr'>ἔχειν</span> <span class='ocrx_word' id='word_1_145' title='bbox 1767 2042 1982 2114; x_wconf 81' lang='grc' dir='ltr'>βοηθὸν,</span> <span class='ocrx_word' id='word_1_146' title='bbox 2017 2042 2113 2097; x_wconf 73' lang='grc' dir='ltr'>καὶ</span> 
     </span>
    </p>
   </div>
   <div class='ocr_carea' id='block_1_22' title="bbox 538 2125 2115 2198">
    <p class='ocr_par' dir='ltr' id='par_1_22' title="bbox 538 2125 2115 2198">
     <span class='ocr_line' id='line_1_22' title="bbox 538 2125 2115 2198; baseline 0 -18"><span class='ocrx_word' id='word_1_147' title='bbox 538 2127 655 2197; x_wconf 83' lang='grc' dir='ltr'>μεθ’</span> <span class='ocrx_word' id='word_1_148' title='bbox 675 2126 903 2180; x_wconf 82' lang='grc' dir='ltr'>ἑαυτῶν·</span> <span class='ocrx_word' id='word_1_149' title='bbox 934 2125 1076 2180; x_wconf 79' lang='grc' dir='ltr'>οὕτω</span> <span class='ocrx_word' id='word_1_150' title='bbox 1120 2126 1213 2180; x_wconf 78' lang='grc' dir='ltr'>καὶ</span> <span class='ocrx_word' id='word_1_151' title='bbox 1249 2126 1489 2181; x_wconf 86' lang='grc' dir='ltr'>ἐνταῦθα</span> <span class='ocrx_word' id='word_1_152' title='bbox 1531 2126 1785 2181; x_wconf 78' lang='grc' dir='ltr'>ἐντεῦθεν</span> <span class='ocrx_word' id='word_1_153' title='bbox 1831 2126 2115 2198; x_wconf 84' lang='grc' dir='ltr'>προοιμιά-</span> 
     </span>
    </p>
   </div>
   <div class='ocr_carea' id='block_1_23' title="bbox 533 2208 2113 2281">
    <p class='ocr_par' dir='ltr' id='par_1_23' title="bbox 533 2208 2113 2281">
     <span class='ocr_line' id='line_1_23' title="bbox 533 2208 2113 2281; baseline -0.001 -17"><span class='ocrx_word' id='word_1_154' title='bbox 533 2212 704 2278; x_wconf 77' lang='grc' dir='ltr'>ζεται,</span> <span class='ocrx_word' id='word_1_155' title='bbox 737 2211 930 2280; x_wconf 91' lang='grc' dir='ltr'>λέγων·</span> <span class='ocrx_word' id='word_1_156' title='bbox 960 2208 1246 2278; x_wconf 77' lang='grc' dir='ltr'>Μακάριοι</span> <span class='ocrx_word' id='word_1_157' title='bbox 1285 2210 1509 2277; x_wconf 81' lang='grc' dir='ltr'>πάντες</span> <span class='ocrx_word' id='word_1_158' title='bbox 1536 2214 1591 2265; x_wconf 81' lang='grc' dir='ltr'>οἱ</span> <span class='ocrx_word' id='word_1_159' title='bbox 1619 2212 1977 2281; x_wconf 66' lang='grc' dir='ltr'>φοϐούμενοι</span> <span class='ocrx_word' id='word_1_160' title='bbox 2006 2210 2113 2264; x_wconf 80' lang='grc' dir='ltr'>τὸν</span> 
     </span>
    </p>
   </div>
   <div class='ocr_carea' id='block_1_24' title="bbox 535 2293 2110 2363">
    <p class='ocr_par' dir='ltr' id='par_1_24' title="bbox 535 2293 2110 2363">
     <span class='ocr_line' id='line_1_24' title="bbox 535 2293 2110 2363; baseline -0.001 -15"><span class='ocrx_word' id='word_1_161' title='bbox 535 2297 773 2363; x_wconf 79' lang='grc' dir='ltr'>Κύριον.</span> <span class='ocrx_word' id='word_1_162' title='bbox 807 2294 917 2347; x_wconf 69' lang='grc' dir='ltr'>Καὶ</span> <span class='ocrx_word' id='word_1_163' title='bbox 941 2293 1103 2349; x_wconf 85' lang='grc' dir='ltr'>πάλιν</span> <span class='ocrx_word' id='word_1_164' title='bbox 1132 2294 1419 2348; x_wconf 80' lang='grc' dir='ltr'>καθολικὸν</span> <span class='ocrx_word' id='word_1_165' title='bbox 1449 2297 1684 2348; x_wconf 86' lang='grc' dir='ltr'>ποιεῖται</span> <span class='ocrx_word' id='word_1_166' title='bbox 1703 2295 1986 2363; x_wconf 68' lang='grc' dir='ltr'>τὸνλόγον,</span> <span class='ocrx_word' id='word_1_167' title='bbox 2015 2293 2110 2348; x_wconf 82' lang='grc' dir='ltr'>ἀπ’</span> 
     </span>
    </p>
   </div>
   <div class='ocr_carea' id='block_1_25' title="bbox 534 2375 2108 2448">
    <p class='ocr_par' dir='ltr' id='par_1_25' title="bbox 534 2375 2108 2448">
     <span class='ocr_line' id='line_1_25' title="bbox 534 2375 2108 2448; baseline -0.001 -18"><span class='ocrx_word' id='word_1_168' title='bbox 534 2379 757 2432; x_wconf 76' lang='grc' dir='ltr'>ἐκείνων</span> <span class='ocrx_word' id='word_1_169' title='bbox 777 2376 957 2431; x_wconf 88' lang='grc' dir='ltr'>λαϐὼν</span> <span class='ocrx_word' id='word_1_170' title='bbox 987 2376 1085 2447; x_wconf 75' lang='grc' dir='ltr'>τὴν</span> <span class='ocrx_word' id='word_1_171' title='bbox 1122 2378 1315 2448; x_wconf 84' lang='grc' dir='ltr'>ἀρχήν.</span> <span class='ocrx_word' id='word_1_172' title='bbox 1345 2378 1454 2431; x_wconf 76' lang='grc' dir='ltr'>Καὶ</span> <span class='ocrx_word' id='word_1_173' title='bbox 1483 2377 1663 2442; x_wconf 84' lang='grc' dir='ltr'>καλῶς</span> <span class='ocrx_word' id='word_1_174' title='bbox 1693 2375 1833 2444; x_wconf 82' lang='grc' dir='ltr'>εἷπε,</span> <span class='ocrx_word' id='word_1_175' title='bbox 1859 2377 2108 2441; x_wconf 73' lang='grc' dir='ltr'>Πάντεςο</span> 
     </span>
    </p>
   </div>
   <div class='ocr_carea' id='block_1_26' title="bbox 537 2455 2112 2532">
    <p class='ocr_par' dir='ltr' id='par_1_26' title="bbox 537 2455 2112 2532">
     <span class='ocr_line' id='line_1_26' title="bbox 537 2455 2112 2532; baseline -0.001 -19"><span class='ocrx_word' id='word_1_176' title='bbox 537 2461 641 2513; x_wconf 80' lang='grc' dir='ltr'>κᾶν</span> <span class='ocrx_word' id='word_1_177' title='bbox 670 2459 855 2523; x_wconf 85' lang='grc' dir='ltr'>δοῦλός</span> <span class='ocrx_word' id='word_1_178' title='bbox 881 2459 910 2499; x_wconf 74' lang='grc' dir='ltr'><em>ά</em></span> <span class='ocrx_word' id='word_1_179' title='bbox 956 2476 1040 2523; x_wconf 89' lang='grc' dir='ltr'>τις</span> <span class='ocrx_word' id='word_1_180' title='bbox 1071 2455 1127 2532; x_wconf 83' lang='grc' dir='ltr'>ᾗ,</span> <span class='ocrx_word' id='word_1_181' title='bbox 1166 2459 1267 2513; x_wconf 83' lang='grc' dir='ltr'>κᾶν</span> <span class='ocrx_word' id='word_1_182' title='bbox 1296 2460 1583 2529; x_wconf 79' lang='grc' dir='ltr'>δεσπότης,</span> <span class='ocrx_word' id='word_1_183' title='bbox 1634 2462 1736 2515; x_wconf 87' lang='grc' dir='ltr'>κᾶν</span> <span class='ocrx_word' id='word_1_184' title='bbox 1765 2462 1954 2532; x_wconf 80' lang='grc' dir='ltr'>πένης,</span> <span class='ocrx_word' id='word_1_185' title='bbox 2009 2459 2112 2512; x_wconf 78' lang='grc' dir='ltr'>κᾶν</span> 
     </span>
    </p>
   </div>
   <div class='ocr_carea' id='block_1_27' title="bbox 536 2542 2113 2615">
    <p class='ocr_par' dir='ltr' id='par_1_27' title="bbox 536 2542 2113 2615">
     <span class='ocr_line' id='line_1_27' title="bbox 536 2542 2113 2615; baseline -0.001 -19"><span class='ocrx_word' id='word_1_186' title='bbox 536 2545 597 2597; x_wconf 75' lang='grc' dir='ltr'>τὸ</span> <span class='ocrx_word' id='word_1_187' title='bbox 624 2543 784 2615; x_wconf 85' lang='grc' dir='ltr'>σῶμα</span> <span class='ocrx_word' id='word_1_188' title='bbox 811 2542 1113 2613; x_wconf 83' lang='grc' dir='ltr'>ἀνάπηρος,</span> <span class='ocrx_word' id='word_1_189' title='bbox 1156 2542 1267 2596; x_wconf 78' lang='grc' dir='ltr'>κᾶν</span> <span class='ocrx_word' id='word_1_190' title='bbox 1296 2542 1564 2608; x_wconf 84' lang='grc' dir='ltr'>ὁστισοῦν,</span> <span class='ocrx_word' id='word_1_191' title='bbox 1598 2545 1749 2598; x_wconf 80' lang='grc' dir='ltr'>οὐδὲν</span> <span class='ocrx_word' id='word_1_192' title='bbox 1771 2543 1973 2597; x_wconf 83' lang='grc' dir='ltr'>τούτων</span> <span class='ocrx_word' id='word_1_193' title='bbox 2002 2561 2113 2597; x_wconf 93' lang='grc' dir='ltr'>κω-</span> 
     </span>
    </p>
   </div>
   <div class='ocr_carea' id='block_1_28' title="bbox 536 2624 2115 2699">
    <p class='ocr_par' dir='ltr' id='par_1_28' title="bbox 536 2624 2115 2699">
     <span class='ocr_line' id='line_1_28' title="bbox 536 2624 2115 2699; baseline 0 -20"><span class='ocrx_word' id='word_1_194' title='bbox 536 2626 653 2679; x_wconf 85' lang='grc' dir='ltr'>λύει</span> <span class='ocrx_word' id='word_1_195' title='bbox 680 2625 740 2680; x_wconf 85' lang='grc' dir='ltr'>τὸ</span> <span class='ocrx_word' id='word_1_196' title='bbox 776 2624 1121 2696; x_wconf 74' lang='grc' dir='ltr'>μακαρισμὸν</span> <span class='ocrx_word' id='word_1_197' title='bbox 1144 2624 1332 2678; x_wconf 85' lang='grc' dir='ltr'>τοῦτον</span> <span class='ocrx_word' id='word_1_198' title='bbox 1356 2625 1519 2696; x_wconf 78' lang='grc' dir='ltr'>ἔχειν,</span> <span class='ocrx_word' id='word_1_199' title='bbox 1544 2626 1603 2679; x_wconf 81' lang='grc' dir='ltr'>ὃν</span> <span class='ocrx_word' id='word_1_200' title='bbox 1637 2628 1799 2691; x_wconf 76' lang='grc' dir='ltr'>αὑτός</span> <span class='ocrx_word' id='word_1_201' title='bbox 1828 2644 1981 2699; x_wconf 88' lang='grc' dir='ltr'>φησι.</span> <span class='ocrx_word' id='word_1_202' title='bbox 2009 2626 2115 2679; x_wconf 81' lang='grc' dir='ltr'>Τὸν</span> 
     </span>
    </p>
   </div>
   <div class='ocr_carea' id='block_1_29' title="bbox 539 2708 2115 2782">
    <p class='ocr_par' dir='ltr' id='par_1_29' title="bbox 539 2708 2115 2782">
     <span class='ocr_line' id='line_1_29' title="bbox 539 2708 2115 2782; baseline 0 -19"><span class='ocrx_word' id='word_1_203' title='bbox 539 2711 637 2781; x_wconf 78' lang='grc' dir='ltr'>μὲν</span> <span class='ocrx_word' id='word_1_204' title='bbox 672 2710 782 2781; x_wconf 79' lang='grc' dir='ltr'>γὰρ</span> <span class='ocrx_word' id='word_1_205' title='bbox 807 2709 965 2763; x_wconf 84' lang='grc' dir='ltr'>ἀλλον</span> <span class='ocrx_word' id='word_1_206' title='bbox 1002 2708 1091 2763; x_wconf 78' lang='grc' dir='ltr'>τὸν</span> <span class='ocrx_word' id='word_1_207' title='bbox 1136 2709 1305 2780; x_wconf 77' lang='grc' dir='ltr'>ψευδῆ</span> <span class='ocrx_word' id='word_1_208' title='bbox 1343 2712 1435 2763; x_wconf 73' lang='grc' dir='ltr'>καὶ</span> <span class='ocrx_word' id='word_1_209' title='bbox 1463 2711 1867 2782; x_wconf 77' lang='grc' dir='ltr'>πεπλασμένον,</span> <span class='ocrx_word' id='word_1_210' title='bbox 1914 2711 2010 2765; x_wconf 77' lang='grc' dir='ltr'>καὶ</span> <span class='ocrx_word' id='word_1_211' title='bbox 2054 2711 2115 2764; x_wconf 83' lang='grc' dir='ltr'>ὃν</span> 
     </span>
    </p>
   </div>
   <div class='ocr_carea' id='block_1_30' title="bbox 535 2790 2114 2865">
    <p class='ocr_par' dir='ltr' id='par_1_30' title="bbox 535 2790 2114 2865">
     <span class='ocr_line' id='line_1_30' title="bbox 535 2790 2114 2865; baseline 0.001 -19"><span class='ocrx_word' id='word_1_212' title='bbox 535 2791 720 2846; x_wconf 87' lang='grc' dir='ltr'>πολλοί</span> <span class='ocrx_word' id='word_1_213' title='bbox 737 2791 975 2863; x_wconf 81' lang='grc' dir='ltr'>ζηλοῦσι,</span> <span class='ocrx_word' id='word_1_214' title='bbox 1000 2790 1169 2845; x_wconf 86' lang='grc' dir='ltr'>πολλὰ</span> <span class='ocrx_word' id='word_1_215' title='bbox 1195 2792 1517 2847; x_wconf 84' lang='grc' dir='ltr'>συνελθόντα</span> <span class='ocrx_word' id='word_1_216' title='bbox 1550 2794 1701 2865; x_wconf 90' lang='grc' dir='ltr'>μόλις</span> <span class='ocrx_word' id='word_1_217' title='bbox 1725 2797 1883 2848; x_wconf 87' lang='grc' dir='ltr'>ποιεῖ·</span> <span class='ocrx_word' id='word_1_218' title='bbox 1921 2794 2020 2849; x_wconf 78' lang='grc' dir='ltr'>κᾶν</span> <span class='ocrx_word' id='word_1_219' title='bbox 2041 2793 2114 2865; x_wconf 84' lang='grc' dir='ltr'>μὴ</span> 
     </span>
    </p>
   </div>
   <div class='ocr_carea' id='block_1_31' title="bbox 534 2875 2114 2949">
    <p class='ocr_par' dir='ltr' id='par_1_31' title="bbox 534 2875 2114 2949">
     <span class='ocr_line' id='line_1_31' title="bbox 534 2875 2114 2949; baseline 0.001 -21"><span class='ocrx_word' id='word_1_220' title='bbox 534 2876 712 2930; x_wconf 81' lang='grc' dir='ltr'>πάντα</span> <span class='ocrx_word' id='word_1_221' title='bbox 742 2875 1043 2948; x_wconf 86' lang='grc' dir='ltr'>συνδράμῃ,</span> <span class='ocrx_word' id='word_1_222' title='bbox 1081 2876 1179 2929; x_wconf 86' lang='grc' dir='ltr'>οὐκ</span> <span class='ocrx_word' id='word_1_223' title='bbox 1205 2875 1271 2930; x_wconf 83' lang='grc' dir='ltr'>ἂν</span> <span class='ocrx_word' id='word_1_224' title='bbox 1300 2876 1507 2944; x_wconf 88' lang='grc' dir='ltr'>γένοιτό</span> <span class='ocrx_word' id='word_1_225' title='bbox 1545 2895 1631 2942; x_wconf 86' lang='grc' dir='ltr'>τις</span> <span class='ocrx_word' id='word_1_226' title='bbox 1662 2878 1928 2949; x_wconf 86' lang='grc' dir='ltr'>μακάριος</span> <span class='ocrx_word' id='word_1_227' title='bbox 1983 2879 2114 2949; x_wconf 84' lang='grc' dir='ltr'>παρ’</span> 
     </span>
    </p>
   </div>
   <div class='ocr_carea' id='block_1_32' title="bbox 535 2954 2117 3034">
    <p class='ocr_par' dir='ltr' id='par_1_32' title="bbox 535 2954 2117 3034">
     <span class='ocr_line' id='line_1_32' title="bbox 535 2954 2117 3034; baseline 0.002 -23"><span class='ocrx_word' id='word_1_228' title='bbox 535 2958 861 3030; x_wconf 78' lang='grc' dir='ltr'>ἀνθρὼποις’</span> <span class='ocrx_word' id='word_1_229' title='bbox 888 2954 997 3013; x_wconf 77' lang='grc' dir='ltr'>οἷόν</span> <span class='ocrx_word' id='word_1_230' title='bbox 1024 2976 1074 3012; x_wconf 93' lang='grc' dir='ltr'>τι</span> <span class='ocrx_word' id='word_1_231' title='bbox 1101 2958 1263 3027; x_wconf 65' lang='grc' dir='ltr'>λέγω</span> <span class='ocrx_word' id='word_1_232' title='bbox 1296 2961 1390 3013; x_wconf 85' lang='grc' dir='ltr'>ἐάν</span> <span class='ocrx_word' id='word_1_233' title='bbox 1425 2978 1508 3024; x_wconf 91' lang='grc' dir='ltr'>τις</span> <span class='ocrx_word' id='word_1_234' title='bbox 1591 2960 1864 3027; x_wconf 90' lang='grc' dir='ltr'>πλούσιος,</span> <span class='ocrx_word' id='word_1_235' title='bbox 1898 2963 1999 3014; x_wconf 85' lang='grc' dir='ltr'>οὐκ</span> <span class='ocrx_word' id='word_1_236' title='bbox 2019 2961 2117 3031; x_wconf 87' lang='grc' dir='ltr'>ἀρ-</span> 
     </span>
    </p>
   </div>
   <div class='ocr_carea' id='block_1_33' title="bbox 535 3041 2116 3115">
    <p class='ocr_par' dir='ltr' id='par_1_33' title="bbox 535 3041 2116 3115">
     <span class='ocr_line' id='line_1_33' title="bbox 535 3041 2116 3115; baseline 0.001 -18"><span class='ocrx_word' id='word_1_237' title='bbox 535 3045 622 3097; x_wconf 84' lang='grc' dir='ltr'>κεῖ</span> <span class='ocrx_word' id='word_1_238' title='bbox 658 3041 818 3097; x_wconf 91' lang='grc' dir='ltr'>τοῦτο</span> <span class='ocrx_word' id='word_1_239' title='bbox 864 3042 1011 3114; x_wconf 87' lang='grc' dir='ltr'>αύτῷ</span> <span class='ocrx_word' id='word_1_240' title='bbox 1064 3044 1202 3115; x_wconf 78' lang='grc' dir='ltr'>πρὸς</span> <span class='ocrx_word' id='word_1_241' title='bbox 1265 3045 1634 3115; x_wconf 86' lang='grc' dir='ltr'>μακαρισμὸν,</span> <span class='ocrx_word' id='word_1_242' title='bbox 1699 3044 1837 3101; x_wconf 90' lang='grc' dir='ltr'>ἀλλά</span> <span class='ocrx_word' id='word_1_243' title='bbox 1894 3045 1975 3099; x_wconf 86' lang='grc' dir='ltr'>δεῖ</span> <span class='ocrx_word' id='word_1_244' title='bbox 2021 3046 2116 3099; x_wconf 78' lang='grc' dir='ltr'>καὶ</span> 
     </span>
    </p>
   </div>
   <div class='ocr_carea' id='block_1_34' title="bbox 534 3125 2115 3203">
    <p class='ocr_par' dir='ltr' id='par_1_34' title="bbox 534 3125 2115 3203">
     <span class='ocr_line' id='line_1_34' title="bbox 534 3125 2115 3203; baseline 0.002 -24"><span class='ocrx_word' id='word_1_245' title='bbox 534 3126 745 3193; x_wconf 78' lang='grc' dir='ltr'>ὑγίειαν</span> <span class='ocrx_word' id='word_1_246' title='bbox 776 3129 1078 3197; x_wconf 88' lang='grc' dir='ltr'>προσεῖναι.</span> <span class='ocrx_word' id='word_1_247' title='bbox 1107 3128 1227 3181; x_wconf 85' lang='grc' dir='ltr'>Κᾶν</span> <span class='ocrx_word' id='word_1_248' title='bbox 1250 3127 1360 3198; x_wconf 75' lang='grc' dir='ltr'>γὰρ</span> <span class='ocrx_word' id='word_1_249' title='bbox 1389 3127 1643 3192; x_wconf 86' lang='grc' dir='ltr'>πλούσιος</span> <span class='ocrx_word' id='word_1_250' title='bbox 1674 3130 1772 3200; x_wconf 84' lang='grc' dir='ltr'>μὲν</span> <span class='ocrx_word' id='word_1_251' title='bbox 1792 3125 1847 3203; x_wconf 83' lang='grc' dir='ltr'>ᾖ,</span> <span class='ocrx_word' id='word_1_252' title='bbox 1875 3128 1935 3182; x_wconf 81' lang='grc' dir='ltr'>τὸ</span> <span class='ocrx_word' id='word_1_253' title='bbox 1956 3128 2115 3199; x_wconf 83' lang='grc' dir='ltr'>σῶμα</span> 
     </span>
    </p>
   </div>
   <div class='ocr_carea' id='block_1_35' title="bbox 534 3207 2113 3284">
    <p class='ocr_par' dir='ltr' id='par_1_35' title="bbox 534 3207 2113 3284">
     <span class='ocr_line' id='line_1_35' title="bbox 534 3207 2113 3284; baseline 0.001 -22"><span class='ocrx_word' id='word_1_254' title='bbox 534 3207 592 3262; x_wconf 81' lang='grc' dir='ltr'>δὲ</span> <span class='ocrx_word' id='word_1_255' title='bbox 622 3209 1039 3280; x_wconf 77' lang='grc' dir='ltr'>πεπηρωμένος,</span> <span class='ocrx_word' id='word_1_256' title='bbox 1067 3209 1292 3280; x_wconf 88' lang='grc' dir='ltr'>χωλεύει</span> <span class='ocrx_word' id='word_1_257' title='bbox 1312 3209 1381 3262; x_wconf 89' lang='grc' dir='ltr'>τὰ</span> <span class='ocrx_word' id='word_1_258' title='bbox 1404 3210 1502 3281; x_wconf 84' lang='grc' dir='ltr'>τῆς</span> <span class='ocrx_word' id='word_1_259' title='bbox 1522 3212 1922 3284; x_wconf 86' lang='grc' dir='ltr'>μακαριότητος</span> <span class='ocrx_word' id='word_1_260' title='bbox 1943 3212 2113 3283; x_wconf 83' lang='grc' dir='ltr'>αύτῷ,</span> 
     </span>
    </p>
   </div>
   <div class='ocr_carea' id='block_1_36' title="bbox 535 3290 2117 3365">
    <p class='ocr_par' dir='ltr' id='par_1_36' title="bbox 535 3290 2117 3365">
     <span class='ocr_line' id='line_1_36' title="bbox 535 3290 2117 3365; baseline 0.003 -21"><span class='ocrx_word' id='word_1_261' title='bbox 535 3291 627 3345; x_wconf 80' lang='grc' dir='ltr'>καὶ</span> <span class='ocrx_word' id='word_1_262' title='bbox 655 3290 765 3345; x_wconf 85' lang='grc' dir='ltr'>τῶν</span> <span class='ocrx_word' id='word_1_263' title='bbox 796 3292 1109 3363; x_wconf 81' lang='grc' dir='ltr'>πενομένων</span> <span class='ocrx_word' id='word_1_264' title='bbox 1159 3292 1307 3346; x_wconf 79' lang='grc' dir='ltr'>ἐστὶν</span> <span class='ocrx_word' id='word_1_265' title='bbox 1357 3291 1706 3364; x_wconf 85' lang='grc' dir='ltr'>ἀθλιώτερος.</span> <span class='ocrx_word' id='word_1_266' title='bbox 1738 3295 1930 3348; x_wconf 77' lang='grc' dir='ltr'>Πολλοὶ</span> <span class='ocrx_word' id='word_1_267' title='bbox 1986 3295 2117 3365; x_wconf 91' lang='grc' dir='ltr'>γοῦν</span> 
     </span>
    </p>
   </div>
   <div class='ocr_carea' id='block_1_37' title="bbox 535 3372 2116 3446">
    <p class='ocr_par' dir='ltr' id='par_1_37' title="bbox 535 3372 2116 3446">
     <span class='ocr_line' id='line_1_37' title="bbox 535 3372 2116 3446; baseline 0.003 -19"><span class='ocrx_word' id='word_1_268' title='bbox 535 3372 912 3439; x_wconf 83' lang='grc' dir='ltr'>πλουτοῦντες,</span> <span class='ocrx_word' id='word_1_269' title='bbox 954 3375 1047 3428; x_wconf 75' lang='grc' dir='ltr'>καὶ</span> <span class='ocrx_word' id='word_1_270' title='bbox 1074 3374 1213 3446; x_wconf 87' lang='grc' dir='ltr'>νόσῳ</span> <span class='ocrx_word' id='word_1_271' title='bbox 1244 3374 1584 3441; x_wconf 88' lang='grc' dir='ltr'>παλαίοντες,</span> <span class='ocrx_word' id='word_1_272' title='bbox 1613 3378 1738 3439; x_wconf 79' lang='grc' dir='ltr'>τοὺς</span> <span class='ocrx_word' id='word_1_273' title='bbox 1754 3377 1841 3431; x_wconf 77' lang='grc' dir='ltr'>διὰ</span> <span class='ocrx_word' id='word_1_274' title='bbox 1855 3377 1963 3431; x_wconf 83' lang='grc' dir='ltr'>τῶν</span> <span class='ocrx_word' id='word_1_275' title='bbox 1994 3395 2116 3432; x_wconf 90' lang='grc' dir='ltr'>στε-</span> 
     </span>
    </p>
   </div>
   <div class='ocr_carea' id='block_1_38' title="bbox 535 3456 2117 3532">
    <p class='ocr_par' dir='ltr' id='par_1_38' title="bbox 535 3456 2117 3532">
     <span class='ocr_line' id='line_1_38' title="bbox 535 3456 2117 3532; baseline 0.002 -20"><span class='ocrx_word' id='word_1_276' title='bbox 535 3458 732 3512; x_wconf 84' lang='grc' dir='ltr'>νωπῶν</span> <span class='ocrx_word' id='word_1_277' title='bbox 758 3456 1070 3530; x_wconf 86' lang='grc' dir='ltr'>χωροῦντας</span> <span class='ocrx_word' id='word_1_278' title='bbox 1096 3458 1332 3529; x_wconf 81' lang='grc' dir='ltr'>πένητας</span> <span class='ocrx_word' id='word_1_279' title='bbox 1353 3460 1740 3532; x_wconf 77' lang='grc' dir='ltr'>μακαρίζουσι,</span> <span class='ocrx_word' id='word_1_280' title='bbox 1772 3462 1868 3515; x_wconf 69' lang='grc' dir='ltr'>καὶ</span> <span class='ocrx_word' id='word_1_281' title='bbox 1899 3461 2117 3527; x_wconf 87' lang='grc' dir='ltr'>ἀθλίους</span> 
     </span>
    </p>
   </div>
   <div class='ocr_carea' id='block_1_39' title="bbox 535 3539 2113 3616">
    <p class='ocr_par' dir='ltr' id='par_1_39' title="bbox 535 3539 2113 3616">
     <span class='ocr_line' id='line_1_39' title="bbox 535 3539 2113 3616; baseline 0.003 -20"><span class='ocrx_word' id='word_1_282' title='bbox 535 3543 764 3607; x_wconf 67' lang='grc' dir='ltr'>ἑαυτοὺς</span> <span class='ocrx_word' id='word_1_283' title='bbox 797 3539 937 3598; x_wconf 78' lang='grc' dir='ltr'>εἰναι</span> <span class='ocrx_word' id='word_1_284' title='bbox 975 3542 1254 3615; x_wconf 80' lang='grc' dir='ltr'>νομίζουσι</span> <span class='ocrx_word' id='word_1_285' title='bbox 1280 3543 1418 3614; x_wconf 88' lang='grc' dir='ltr'>μετά</span> <span class='ocrx_word' id='word_1_286' title='bbox 1444 3544 1554 3597; x_wconf 85' lang='grc' dir='ltr'>τῶν</span> <span class='ocrx_word' id='word_1_287' title='bbox 1584 3544 1792 3616; x_wconf 80' lang='grc' dir='ltr'>μυρίων</span> <span class='ocrx_word' id='word_1_288' title='bbox 1817 3545 2113 3603; x_wconf 84' lang='grc' dir='ltr'>ταλάντων.</span> 
     </span>
    </p>
   </div>
   <div class='ocr_carea' id='block_1_40' title="bbox 536 3625 2117 3702">
    <p class='ocr_par' dir='ltr' id='par_1_40' title="bbox 536 3625 2117 3702">
     <span class='ocr_line' id='line_1_40' title="bbox 536 3625 2117 3702; baseline 0.001 -20"><span class='ocrx_word' id='word_1_289' title='bbox 536 3626 703 3683; x_wconf 85' lang='grc' dir='ltr'>Πάλιν</span> <span class='ocrx_word' id='word_1_290' title='bbox 735 3626 801 3680; x_wconf 83' lang='grc' dir='ltr'>ἂν</span> <span class='ocrx_word' id='word_1_291' title='bbox 826 3626 1040 3699; x_wconf 80' lang='grc' dir='ltr'>ὑγιαίνῃ</span> <span class='ocrx_word' id='word_1_292' title='bbox 1065 3625 1164 3696; x_wconf 86' lang='grc' dir='ltr'>μὲν</span> <span class='ocrx_word' id='word_1_293' title='bbox 1184 3626 1246 3680; x_wconf 82' lang='grc' dir='ltr'>τὸ</span> <span class='ocrx_word' id='word_1_294' title='bbox 1275 3626 1452 3697; x_wconf 86' lang='grc' dir='ltr'>σῶμα,</span> <span class='ocrx_word' id='word_1_295' title='bbox 1478 3627 1573 3681; x_wconf 76' lang='grc' dir='ltr'>καὶ</span> <span class='ocrx_word' id='word_1_296' title='bbox 1597 3627 1850 3693; x_wconf 90' lang='grc' dir='ltr'>πλούσιος</span> <span class='ocrx_word' id='word_1_297' title='bbox 1879 3625 1935 3702; x_wconf 81' lang='grc' dir='ltr'>ᾖ,</span> <span class='ocrx_word' id='word_1_298' title='bbox 1958 3628 2117 3701; x_wconf 79' lang='grc' dir='ltr'>δόξης</span> 
     </span>
    </p>
   </div>
   <div class='ocr_carea' id='block_1_41' title="bbox 533 3709 2116 3785">
    <p class='ocr_par' dir='ltr' id='par_1_41' title="bbox 533 3709 2116 3785">
     <span class='ocr_line' id='line_1_41' title="bbox 533 3709 2116 3785; baseline 0 -19"><span class='ocrx_word' id='word_1_299' title='bbox 533 3711 591 3766; x_wconf 84' lang='grc' dir='ltr'>δὲ</span> <span class='ocrx_word' id='word_1_300' title='bbox 628 3710 702 3783; x_wconf 83' lang='grc' dir='ltr'>μὴ</span> <span class='ocrx_word' id='word_1_301' title='bbox 742 3709 1009 3783; x_wconf 81' lang='grc' dir='ltr'>ἀπολαύῃ,</span> <span class='ocrx_word' id='word_1_302' title='bbox 1035 3710 1222 3781; x_wconf 71' lang='grc' dir='ltr'>ἕτερον</span> <span class='ocrx_word' id='word_1_303' title='bbox 1273 3711 1501 3781; x_wconf 83' lang='grc' dir='ltr'>κώλυμα</span> <span class='ocrx_word' id='word_1_304' title='bbox 1533 3710 1714 3765; x_wconf 91' lang='grc' dir='ltr'>πάλιν.</span> <span class='ocrx_word' id='word_1_305' title='bbox 1741 3713 1851 3766; x_wconf 75' lang='grc' dir='ltr'>Καὶ</span> <span class='ocrx_word' id='word_1_306' title='bbox 1874 3712 1984 3785; x_wconf 89' lang='grc' dir='ltr'>γάρ</span> <span class='ocrx_word' id='word_1_307' title='bbox 2011 3712 2116 3766; x_wconf 87' lang='grc' dir='ltr'>εἰσί</span> 
     </span>
    </p>
   </div>
   <div class='ocr_carea' id='block_1_42' title="bbox 534 3793 2116 3866">
    <p class='ocr_par' dir='ltr' id='par_1_42' title="bbox 534 3793 2116 3866">
     <span class='ocr_line' id='line_1_42' title="bbox 534 3793 2116 3866; baseline 0.001 -18"><span class='ocrx_word' id='word_1_308' title='bbox 534 3810 679 3857; x_wconf 85' lang='grc' dir='ltr'>τινες</span> <span class='ocrx_word' id='word_1_309' title='bbox 703 3795 960 3865; x_wconf 84' lang='grc' dir='ltr'>χρήματα</span> <span class='ocrx_word' id='word_1_310' title='bbox 994 3794 1095 3866; x_wconf 90' lang='grc' dir='ltr'>μέν</span> <span class='ocrx_word' id='word_1_311' title='bbox 1138 3793 1465 3865; x_wconf 83' lang='grc' dir='ltr'>κεκτημένοι</span> <span class='ocrx_word' id='word_1_312' title='bbox 1504 3794 1694 3860; x_wconf 80' lang='grc' dir='ltr'>πολλὰ,</span> <span class='ocrx_word' id='word_1_313' title='bbox 1734 3795 1828 3849; x_wconf 74' lang='grc' dir='ltr'>καὶ</span> <span class='ocrx_word' id='word_1_314' title='bbox 1857 3795 1918 3849; x_wconf 84' lang='grc' dir='ltr'>τὸ</span> <span class='ocrx_word' id='word_1_315' title='bbox 1956 3794 2116 3866; x_wconf 85' lang='grc' dir='ltr'>σῶμα</span> 
     </span>
    </p>
   </div>
   <div class='ocr_carea' id='block_1_43' title="bbox 537 3876 2115 3950">
    <p class='ocr_par' dir='ltr' id='par_1_43' title="bbox 537 3876 2115 3950">
     <span class='ocr_line' id='line_1_43' title="bbox 537 3876 2115 3950; baseline 0.001 -18"><span class='ocrx_word' id='word_1_316' title='bbox 537 3876 719 3942; x_wconf 81' lang='grc' dir='ltr'>ἀσινὲς</span> <span class='ocrx_word' id='word_1_317' title='bbox 744 3877 980 3949; x_wconf 76' lang='grc' dir='ltr'>ἔχοντες,</span> <span class='ocrx_word' id='word_1_318' title='bbox 1028 3877 1096 3932; x_wconf 78' lang='grc' dir='ltr'>τὰ</span> <span class='ocrx_word' id='word_1_319' title='bbox 1125 3878 1183 3931; x_wconf 83' lang='grc' dir='ltr'>δὲ</span> <span class='ocrx_word' id='word_1_320' title='bbox 1210 3879 1485 3950; x_wconf 85' lang='grc' dir='ltr'>ἀνήκεστα</span> <span class='ocrx_word' id='word_1_321' title='bbox 1533 3879 1828 3949; x_wconf 86' lang='grc' dir='ltr'>πάσχοντες</span> <span class='ocrx_word' id='word_1_322' title='bbox 1875 3878 1980 3933; x_wconf 83' lang='grc' dir='ltr'>ὑπὸ</span> <span class='ocrx_word' id='word_1_323' title='bbox 2007 3880 2115 3934; x_wconf 83' lang='grc' dir='ltr'>τῶν</span> 
     </span>
    </p>
   </div>
   <div class='ocr_carea' id='block_1_44' title="bbox 533 3961 2116 4035">
    <p class='ocr_par' dir='ltr' id='par_1_44' title="bbox 533 3961 2116 4035">
     <span class='ocr_line' id='line_1_44' title="bbox 533 3961 2116 4035; baseline 0 -19"><span class='ocrx_word' id='word_1_324' title='bbox 533 3965 616 4027; x_wconf 83' lang='grc' dir='ltr'>εἰς</span> <span class='ocrx_word' id='word_1_325' title='bbox 645 3962 933 4033; x_wconf 90' lang='grc' dir='ltr'>στρατείαν</span> <span class='ocrx_word' id='word_1_326' title='bbox 966 3961 1285 4026; x_wconf 89' lang='grc' dir='ltr'>τελούντων,</span> <span class='ocrx_word' id='word_1_327' title='bbox 1317 3963 1412 4016; x_wconf 78' lang='grc' dir='ltr'>καὶ</span> <span class='ocrx_word' id='word_1_328' title='bbox 1442 3962 1762 4018; x_wconf 85' lang='grc' dir='ltr'>δυναστείαν</span> <span class='ocrx_word' id='word_1_329' title='bbox 1790 3962 2116 4035; x_wconf 86' lang='grc' dir='ltr'>περιϐεϐλη-</span> 
     </span>
    </p>
   </div>
   <div class='ocr_carea' id='block_1_45' title="bbox 538 4044 2117 4117">
    <p class='ocr_par' dir='ltr' id='par_1_45' title="bbox 538 4044 2117 4117">
     <span class='ocr_line' id='line_1_45' title="bbox 538 4044 2117 4117; baseline 0.001 -17"><span class='ocrx_word' id='word_1_330' title='bbox 538 4045 715 4117; x_wconf 84' lang='grc' dir='ltr'>μένων</span> <span class='ocrx_word' id='word_1_331' title='bbox 736 4056 781 4104; x_wconf 80' lang='grc' dir='ltr'><strong>ο.</strong></span> <span class='ocrx_word' id='word_1_332' title='bbox 808 4045 898 4116; x_wconf 82' lang='grc' dir='ltr'>Τῷ</span> <span class='ocrx_word' id='word_1_333' title='bbox 919 4045 1029 4116; x_wconf 86' lang='grc' dir='ltr'>γὰρ</span> <span class='ocrx_word' id='word_1_334' title='bbox 1062 4046 1333 4116; x_wconf 79' lang='grc' dir='ltr'>μηδεμιᾶς</span> <span class='ocrx_word' id='word_1_335' title='bbox 1355 4046 1602 4115; x_wconf 83' lang='grc' dir='ltr'>μετέχειν</span> <span class='ocrx_word' id='word_1_336' title='bbox 1622 4045 1791 4117; x_wconf 84' lang='grc' dir='ltr'>τιμῆς</span> <span class='ocrx_word' id='word_1_337' title='bbox 1815 4044 1909 4099; x_wconf 77' lang='grc' dir='ltr'>καὶ</span> <span class='ocrx_word' id='word_1_338' title='bbox 1924 4046 2117 4101; x_wconf 90' lang='grc' dir='ltr'>ἀθλιω-</span> 
     </span>
    </p>
   </div>
   <div class='ocr_carea' id='block_1_46' title="bbox 534 4123 2114 4199">
    <p class='ocr_par' dir='ltr' id='par_1_46' title="bbox 534 4123 2114 4199">
     <span class='ocr_line' id='line_1_46' title="bbox 534 4123 2114 4199; baseline 0.001 -17"><span class='ocrx_word' id='word_1_339' title='bbox 534 4127 726 4199; x_wconf 87' lang='grc' dir='ltr'>τέρους</span> <span class='ocrx_word' id='word_1_340' title='bbox 758 4127 973 4181; x_wconf 89' lang='grc' dir='ltr'>πάντων</span> <span class='ocrx_word' id='word_1_341' title='bbox 1003 4128 1227 4190; x_wconf 79' lang='grc' dir='ltr'>ἑαυτοὺς</span> <span class='ocrx_word' id='word_1_342' title='bbox 1247 4123 1384 4181; x_wconf 83' lang='grc' dir='ltr'>εἶναι</span> <span class='ocrx_word' id='word_1_343' title='bbox 1417 4128 1749 4198; x_wconf 78' lang='grc' dir='ltr'>νομίζουσιν,</span> <span class='ocrx_word' id='word_1_344' title='bbox 1774 4128 2114 4183; x_wconf 81' lang='grc' dir='ltr'>ὑποκύπτον-</span> 
     </span>
    </p>
   </div>
   <div class='ocr_carea' id='block_1_47' title="bbox 533 4203 2116 4283">
    <p class='ocr_par' dir='ltr' id='par_1_47' title="bbox 533 4203 2116 4283">
     <span class='ocr_line' id='line_1_47' title="bbox 533 4203 2116 4283; baseline 0.003 -20"><span class='ocrx_word' id='word_1_345' title='bbox 533 4227 647 4275; x_wconf 87' lang='grc' dir='ltr'>τες.</span> <span class='ocrx_word' id='word_1_346' title='bbox 671 4203 748 4264; x_wconf 83' lang='grc' dir='ltr'>ὧν</span> <span class='ocrx_word' id='word_1_347' title='bbox 775 4209 1035 4274; x_wconf 85' lang='grc' dir='ltr'>πολλάκις</span> <span class='ocrx_word' id='word_1_348' title='bbox 1066 4208 1283 4274; x_wconf 89' lang='grc' dir='ltr'>δούλους</span> <span class='ocrx_word' id='word_1_349' title='bbox 1314 4210 1526 4282; x_wconf 82' lang='grc' dir='ltr'>ἔχουσιν</span> <span class='ocrx_word' id='word_1_350' title='bbox 1557 4210 2116 4283; x_wconf 83' lang='grc' dir='ltr'>εὐπορωτέρους.Πά-</span> 
     </span>
    </p>
   </div>
   <div class='ocr_carea' id='block_1_48' title="bbox 533 4290 2111 4368">
    <p class='ocr_par' dir='ltr' id='par_1_48' title="bbox 533 4290 2111 4368">
     <span class='ocr_line' id='line_1_48' title="bbox 533 4290 2111 4368; baseline 0.004 -24"><span class='ocrx_word' id='word_1_351' title='bbox 533 4290 617 4346; x_wconf 89' lang='grc' dir='ltr'>λιν</span> <span class='ocrx_word' id='word_1_352' title='bbox 641 4292 708 4351; x_wconf 81' lang='grc' dir='ltr'>ἂν</span> <span class='ocrx_word' id='word_1_353' title='bbox 731 4293 857 4361; x_wconf 83' lang='grc' dir='ltr'>δόξα</span> <span class='ocrx_word' id='word_1_354' title='bbox 898 4294 997 4364; x_wconf 83' lang='grc' dir='ltr'>μὲν</span> <span class='ocrx_word' id='word_1_355' title='bbox 1021 4290 1079 4368; x_wconf 81' lang='grc' dir='ltr'>ᾖ,</span> <span class='ocrx_word' id='word_1_356' title='bbox 1115 4293 1210 4347; x_wconf 71' lang='grc' dir='ltr'>καὶ</span> <span class='ocrx_word' id='word_1_357' title='bbox 1233 4293 1479 4357; x_wconf 88' lang='grc' dir='ltr'>πλοῦτος,</span> <span class='ocrx_word' id='word_1_358' title='bbox 1518 4294 1613 4346; x_wconf 74' lang='grc' dir='ltr'>καὶ</span> <span class='ocrx_word' id='word_1_359' title='bbox 1637 4293 1818 4361; x_wconf 86' lang='grc' dir='ltr'>ὑγίεια</span> <span class='ocrx_word' id='word_1_360' title='bbox 1839 4293 2111 4364; x_wconf 85' lang='grc' dir='ltr'>σώματος,</span> 
     </span>
    </p>
   </div>
   <div class='ocr_carea' id='block_1_49' title="bbox 534 4374 2109 4450">
    <p class='ocr_par' dir='ltr' id='par_1_49' title="bbox 534 4374 2109 4450">
     <span class='ocr_line' id='line_1_49' title="bbox 534 4374 2109 4450; baseline 0.004 -23"><span class='ocrx_word' id='word_1_361' title='bbox 534 4374 805 4445; x_wconf 88' lang='grc' dir='ltr'>ἀσφάλεια</span> <span class='ocrx_word' id='word_1_362' title='bbox 858 4375 877 4415; x_wconf 77' lang='grc' dir='ltr'>ί</span> <span class='ocrx_word' id='word_1_363' title='bbox 931 4376 988 4429; x_wconf 85' lang='grc' dir='ltr'>δὲ</span> <span class='ocrx_word' id='word_1_364' title='bbox 1044 4376 1119 4448; x_wconf 83' lang='grc' dir='ltr'>μὴ</span> <span class='ocrx_word' id='word_1_365' title='bbox 1154 4378 1328 4450; x_wconf 81' lang='grc' dir='ltr'>παρῇ,</span> <span class='ocrx_word' id='word_1_366' title='bbox 1382 4376 1839 4430; x_wconf 87' lang='grc' dir='ltr'>ἐπιϐουλευόντων</span> <span class='ocrx_word' id='word_1_367' title='bbox 1882 4377 2109 4449; x_wconf 83' lang='grc' dir='ltr'>μυρίων,</span> 
     </span>
    </p>
   </div>
   <div class='ocr_carea' id='block_1_50' title="bbox 534 4456 2113 4531">
    <p class='ocr_par' dir='ltr' id='par_1_50' title="bbox 534 4456 2113 4531">
     <span class='ocr_line' id='line_1_50' title="bbox 534 4456 2113 4531; baseline 0.003 -20"><span class='ocrx_word' id='word_1_368' title='bbox 534 4456 890 4527; x_wconf 90' lang='grc' dir='ltr'>φθονούντων,</span> <span class='ocrx_word' id='word_1_369' title='bbox 927 4458 1347 4530; x_wconf 86' lang='grc' dir='ltr'>βασκαινόντων,</span> <span class='ocrx_word' id='word_1_370' title='bbox 1384 4460 1705 4530; x_wconf 91' lang='grc' dir='ltr'>μισούντων,</span> <span class='ocrx_word' id='word_1_371' title='bbox 1746 4462 2113 4531; x_wconf 81' lang='grc' dir='ltr'>κατηγορούν-</span> 
     </span>
    </p>
   </div>
   <div class='ocr_carea' id='block_1_51' title="bbox 534 4543 2116 4615">
    <p class='ocr_par' dir='ltr' id='par_1_51' title="bbox 534 4543 2116 4615">
     <span class='ocr_line' id='line_1_51' title="bbox 534 4543 2116 4615; baseline 0.002 -19"><span class='ocrx_word' id='word_1_372' title='bbox 534 4559 661 4607; x_wconf 86' lang='grc' dir='ltr'>των,</span> <span class='ocrx_word' id='word_1_373' title='bbox 695 4543 1190 4613; x_wconf 88' lang='grc' dir='ltr'>συκοφαντούντων,</span> <span class='ocrx_word' id='word_1_374' title='bbox 1220 4544 1437 4599; x_wconf 89' lang='grc' dir='ltr'>πάντων</span> <span class='ocrx_word' id='word_1_375' title='bbox 1459 4543 1787 4615; x_wconf 88' lang='grc' dir='ltr'>ἀθλιώτερος</span> <span class='ocrx_word' id='word_1_376' title='bbox 1814 4544 1988 4611; x_wconf 76' lang='grc' dir='ltr'>ἔσται,</span> <span class='ocrx_word' id='word_1_377' title='bbox 2016 4547 2116 4600; x_wconf 85' lang='grc' dir='ltr'>λοι-</span> 
     </span>
    </p>
   </div>
   <div class='ocr_carea' id='block_1_52' title="bbox 534 4623 2109 4695">
    <p class='ocr_par' dir='ltr' id='par_1_52' title="bbox 534 4623 2109 4695">
     <span class='ocr_line' id='line_1_52' title="bbox 534 4623 2109 4695; baseline 0.004 -19"><span class='ocrx_word' id='word_1_378' title='bbox 534 4623 679 4693; x_wconf 89' lang='grc' dir='ltr'>γωοῦ</span> <span class='ocrx_word' id='word_1_379' title='bbox 710 4624 822 4695; x_wconf 81' lang='grc' dir='ltr'>βίον</span> <span class='ocrx_word' id='word_1_380' title='bbox 850 4626 957 4690; x_wconf 76' lang='grc' dir='ltr'>ζῶν</span> <span class='ocrx_word' id='word_1_381' title='bbox 980 4630 1009 4681; x_wconf 85' lang='grc' dir='ltr'><em>ὁ</em></span> <span class='ocrx_word' id='word_1_382' title='bbox 1032 4626 1291 4691; x_wconf 81' lang='grc' dir='ltr'>τοιοῦτος,</span> <span class='ocrx_word' id='word_1_383' title='bbox 1325 4628 1421 4682; x_wconf 73' lang='grc' dir='ltr'>καὶ</span> <span class='ocrx_word' id='word_1_384' title='bbox 1463 4627 1563 4691; x_wconf 79' lang='grc' dir='ltr'>τὰς</span> <span class='ocrx_word' id='word_1_385' title='bbox 1585 4627 1744 4691; x_wconf 87' lang='grc' dir='ltr'>σκιὰς</span> <span class='ocrx_word' id='word_1_386' title='bbox 1763 4627 2109 4695; x_wconf 85' lang='grc' dir='ltr'>ὑποπτεύων,</span> 
     </span>
    </p>
   </div>
   <div class='ocr_carea' id='block_1_53' title="bbox 536 4708 2110 4782">
    <p class='ocr_par' dir='ltr' id='par_1_53' title="bbox 536 4708 2110 4782">
     <span class='ocr_line' id='line_1_53' title="bbox 536 4708 2110 4782; baseline 0.004 -21"><span class='ocrx_word' id='word_1_387' title='bbox 536 4708 629 4761; x_wconf 70' lang='grc' dir='ltr'>καὶ</span> <span class='ocrx_word' id='word_1_388' title='bbox 668 4708 877 4773; x_wconf 84' lang='grc' dir='ltr'>πάντας</span> <span class='ocrx_word' id='word_1_389' title='bbox 902 4711 1121 4782; x_wconf 82' lang='grc' dir='ltr'>τρέμων</span> <span class='ocrx_word' id='word_1_390' title='bbox 1151 4712 1245 4764; x_wconf 79' lang='grc' dir='ltr'>καὶ</span> <span class='ocrx_word' id='word_1_391' title='bbox 1272 4710 1544 4775; x_wconf 85' lang='grc' dir='ltr'>δεδοικώς.</span> <span class='ocrx_word' id='word_1_392' title='bbox 1582 4713 1681 4765; x_wconf 80' lang='grc' dir='ltr'>Ἂν</span> <span class='ocrx_word' id='word_1_393' title='bbox 1701 4710 1758 4764; x_wconf 88' lang='grc' dir='ltr'>δὲ</span> <span class='ocrx_word' id='word_1_394' title='bbox 1793 4712 2110 4767; x_wconf 79' lang='grc' dir='ltr'>καὶτούτων</span> 
     </span>
    </p>
   </div>
   <div class='ocr_carea' id='block_1_54' title="bbox 536 4791 2113 4868">
    <p class='ocr_par' dir='ltr' id='par_1_54' title="bbox 536 4791 2113 4868">
     <span class='ocr_line' id='line_1_54' title="bbox 536 4791 2113 4868; baseline 0.005 -24"><span class='ocrx_word' id='word_1_395' title='bbox 536 4791 847 4863; x_wconf 76' lang='grc' dir='ltr'>ἀπαλλαγῇ,</span> <span class='ocrx_word' id='word_1_396' title='bbox 876 4792 1093 4864; x_wconf 84' lang='grc' dir='ltr'>φιλῆται</span> <span class='ocrx_word' id='word_1_397' title='bbox 1128 4793 1186 4846; x_wconf 80' lang='grc' dir='ltr'>δὲ</span> <span class='ocrx_word' id='word_1_398' title='bbox 1231 4796 1381 4865; x_wconf 85' lang='grc' dir='ltr'>παρά</span> <span class='ocrx_word' id='word_1_399' title='bbox 1421 4794 1657 4859; x_wconf 86' lang='grc' dir='ltr'>πάντων,</span> <span class='ocrx_word' id='word_1_400' title='bbox 1694 4796 1788 4849; x_wconf 72' lang='grc' dir='ltr'>καὶ</span> <span class='ocrx_word' id='word_1_401' title='bbox 1817 4796 1955 4849; x_wconf 87' lang='grc' dir='ltr'>κατά</span> <span class='ocrx_word' id='word_1_402' title='bbox 1984 4797 2113 4868; x_wconf 79' lang='grc' dir='ltr'>ῥοῦν</span> 
     </span>
    </p>
   </div>
   <div class='ocr_carea' id='block_1_55' title="bbox 534 4874 2112 4949">
    <p class='ocr_par' dir='ltr' id='par_1_55' title="bbox 534 4874 2112 4949">
     <span class='ocr_line' id='line_1_55' title="bbox 534 4874 2112 4949; baseline 0.006 -22"><span class='ocrx_word' id='word_1_403' title='bbox 534 4874 683 4946; x_wconf 84' lang='grc' dir='ltr'>αὐτῷ</span> <span class='ocrx_word' id='word_1_404' title='bbox 738 4877 969 4949; x_wconf 87' lang='grc' dir='ltr'>φέρηται</span> <span class='ocrx_word' id='word_1_405' title='bbox 1005 4877 1205 4945; x_wconf 88' lang='grc' dir='ltr'>πάντα,</span> <span class='ocrx_word' id='word_1_406' title='bbox 1266 4880 1360 4932; x_wconf 79' lang='grc' dir='ltr'>καὶ</span> <span class='ocrx_word' id='word_1_407' title='bbox 1406 4877 1555 4943; x_wconf 82' lang='grc' dir='ltr'>δόξα,</span> <span class='ocrx_word' id='word_1_408' title='bbox 1607 4878 1702 4931; x_wconf 75' lang='grc' dir='ltr'>καὶ</span> <span class='ocrx_word' id='word_1_409' title='bbox 1740 4878 1990 4945; x_wconf 89' lang='grc' dir='ltr'>πλοῦτος,</span> <span class='ocrx_word' id='word_1_410' title='bbox 2018 4883 2112 4936; x_wconf 72' lang='grc' dir='ltr'>καὶ</span> 
     </span>
    </p>
   </div>
   <div class='ocr_carea' id='block_1_56' title="bbox 533 4958 2110 5033">
    <p class='ocr_par' dir='ltr' id='par_1_56' title="bbox 533 4958 2110 5033">
     <span class='ocr_line' id='line_1_56' title="bbox 533 4958 2110 5033; baseline 0.003 -22"><span class='ocrx_word' id='word_1_411' title='bbox 533 4958 823 5029; x_wconf 83' lang='grc' dir='ltr'>ἀσφάλεια,</span> <span class='ocrx_word' id='word_1_412' title='bbox 851 4962 946 5015; x_wconf 77' lang='grc' dir='ltr'>καὶ</span> <span class='ocrx_word' id='word_1_413' title='bbox 978 4960 1110 5032; x_wconf 84' lang='grc' dir='ltr'>τιμὴ</span> <span class='ocrx_word' id='word_1_414' title='bbox 1139 4960 1294 5032; x_wconf 82' lang='grc' dir='ltr'>(ὅπερ</span> <span class='ocrx_word' id='word_1_415' title='bbox 1322 4961 1605 5031; x_wconf 86' lang='grc' dir='ltr'>ἀμήχανον</span> <span class='ocrx_word' id='word_1_416' title='bbox 1634 4962 1978 5033; x_wconf 84' lang='grc' dir='ltr'>συνδραμεῖν,</span> <span class='ocrx_word' id='word_1_417' title='bbox 1997 4965 2110 5018; x_wconf 86' lang='grc' dir='ltr'>ἀλλ’</span> 
     </span>
    </p>
   </div>
   <div class='ocr_carea' id='block_1_57' title="bbox 531 5042 2111 5115">
    <p class='ocr_par' dir='ltr' id='par_1_57' title="bbox 531 5042 2111 5115">
     <span class='ocr_line' id='line_1_57' title="bbox 531 5042 2111 5115; baseline 0.004 -21"><span class='ocrx_word' id='word_1_418' title='bbox 531 5042 682 5113; x_wconf 83' lang='grc' dir='ltr'>ὅμως</span> <span class='ocrx_word' id='word_1_419' title='bbox 721 5042 923 5098; x_wconf 87' lang='grc' dir='ltr'>κείσθω</span> <span class='ocrx_word' id='word_1_420' title='bbox 947 5043 1024 5115; x_wconf 79' lang='grc' dir='ltr'>τῷ</span> <span class='ocrx_word' id='word_1_421' title='bbox 1066 5043 1252 5114; x_wconf 81' lang='grc' dir='ltr'>λόγῳ),</span> <span class='ocrx_word' id='word_1_422' title='bbox 1305 5042 1407 5096; x_wconf 81' lang='grc' dir='ltr'>κᾶν</span> <span class='ocrx_word' id='word_1_423' title='bbox 1458 5044 1677 5097; x_wconf 77' lang='grc' dir='ltr'>ἅπαντα</span> <span class='ocrx_word' id='word_1_424' title='bbox 1721 5045 1902 5099; x_wconf 86' lang='grc' dir='ltr'>τοίνυν</span> <span class='ocrx_word' id='word_1_425' title='bbox 1940 5047 2111 5101; x_wconf 82' lang='grc' dir='ltr'>ταῦτα</span> 
     </span>
    </p>
   </div>
   <div class='ocr_carea' id='block_1_58' title="bbox 531 5123 2112 5201">
    <p class='ocr_par' dir='ltr' id='par_1_58' title="bbox 531 5123 2112 5201">
     <span class='ocr_line' id='line_1_58' title="bbox 531 5123 2112 5201; baseline 0.005 -24"><span class='ocrx_word' id='word_1_426' title='bbox 531 5124 787 5199; x_wconf 75' lang='grc' dir='ltr'>ἐπιρρέῃ,</span> <span class='ocrx_word' id='word_1_427' title='bbox 823 5127 918 5180; x_wconf 79' lang='grc' dir='ltr'>καί</span> <span class='ocrx_word' id='word_1_428' title='bbox 954 5127 1119 5198; x_wconf 79' lang='grc' dir='ltr'>μηδὲν</span> <span class='ocrx_word' id='word_1_429' title='bbox 1152 5123 1267 5201; x_wconf 76' lang='grc' dir='ltr'>ᾗτὸ</span> <span class='ocrx_word' id='word_1_430' title='bbox 1302 5126 1607 5193; x_wconf 87' lang='grc' dir='ltr'>διακόπτον,</span> <span class='ocrx_word' id='word_1_431' title='bbox 1642 5127 1777 5181; x_wconf 87' lang='grc' dir='ltr'>ἀλλά</span> <span class='ocrx_word' id='word_1_432' title='bbox 1812 5130 1906 5182; x_wconf 76' lang='grc' dir='ltr'>καὶ</span> <span class='ocrx_word' id='word_1_433' title='bbox 1929 5129 2112 5186; x_wconf 81' lang='grc' dir='ltr'>εῦνοια</span> 
     </span>
    </p>
   </div>
   <div class='ocr_carea' id='block_1_59' title="bbox 530 5205 2107 5284">
    <p class='ocr_par' dir='ltr' id='par_1_59' title="bbox 530 5205 2107 5284">
     <span class='ocr_line' id='line_1_59' title="bbox 530 5205 2107 5284; baseline 0.004 -24"><span class='ocrx_word' id='word_1_434' title='bbox 530 5205 721 5281; x_wconf 83' lang='grc' dir='ltr'>δήμου,</span> <span class='ocrx_word' id='word_1_435' title='bbox 742 5210 837 5264; x_wconf 81' lang='grc' dir='ltr'>καὶ</span> <span class='ocrx_word' id='word_1_436' title='bbox 863 5210 1019 5284; x_wconf 81' lang='grc' dir='ltr'>δόξης</span> <span class='ocrx_word' id='word_1_437' title='bbox 1060 5211 1307 5283; x_wconf 90' lang='grc' dir='ltr'>μέγεθος,</span> <span class='ocrx_word' id='word_1_438' title='bbox 1347 5212 1441 5264; x_wconf 74' lang='grc' dir='ltr'>καὶ</span> <span class='ocrx_word' id='word_1_439' title='bbox 1482 5210 1780 5282; x_wconf 89' lang='grc' dir='ltr'>χρημάτων</span> <span class='ocrx_word' id='word_1_440' title='bbox 1804 5214 2107 5282; x_wconf 87' lang='grc' dir='ltr'>περιουσία,</span> 
     </span>
    </p>
   </div>
   <div class='ocr_carea' id='block_1_60' title="bbox 594 5325 1829 5393">
    <p class='ocr_par' dir='ltr' id='par_1_60' title="bbox 594 5325 1829 5393">
     <span class='ocr_line' id='line_1_60' title="bbox 594 5325 1829 5393; baseline 0.002 -18"><span class='ocrx_word' id='word_1_441' title='bbox 594 5325 623 5393; x_wconf 55' lang='grc' dir='ltr'><strong><em>ξ</em></strong></span> <span class='ocrx_word' id='word_1_442' title='bbox 646 5325 799 5393; x_wconf 67' lang='grc' dir='ltr'>ξανίἰ.</span> <span class='ocrx_word' id='word_1_443' title='bbox 821 5336 905 5393; x_wconf 73' lang='grc' dir='ltr'>τῆς</span> <span class='ocrx_word' id='word_1_444' title='bbox 924 5329 1233 5393; x_wconf 72' lang='grc' dir='ltr'>φαιδρότητος</span> <span class='ocrx_word' id='word_1_445' title='bbox 1258 5333 1310 5377; x_wconf 83' lang='lat' dir='ltr'>et</span> <span class='ocrx_word' id='word_1_446' title='bbox 1330 5342 1441 5378; x_wconf 83' lang='lat' dir='ltr'>mox</span> <span class='ocrx_word' id='word_1_447' title='bbox 1462 5328 1829 5391; x_wconf 83' lang='grc' dir='ltr'>ἐνδεικνυμένου.</span> 
     </span>
    </p>
   </div>
   <div class='ocr_carea' id='block_1_61' title="bbox 589 5386 1369 5454">
    <p class='ocr_par' dir='ltr' id='par_1_61' title="bbox 589 5386 1369 5454">
     <span class='ocr_line' id='line_1_61' title="bbox 589 5386 1369 5454; baseline 0.004 -17"><span class='ocrx_word' id='word_1_448' title='bbox 589 5386 621 5454; x_wconf 62' lang='lat'>1}</span> <span class='ocrx_word' id='word_1_449' title='bbox 644 5388 792 5454; x_wconf 67' lang='lat' dir='ltr'>§aij</span> <span class='ocrx_word' id='word_1_450' title='bbox 818 5386 1049 5454; x_wconf 70' lang='grc' dir='ltr'>ἐπιτυχεῖν</span> <span class='ocrx_word' id='word_1_451' title='bbox 1081 5386 1369 5454; x_wconf 74' lang='grc' dir='ltr'>ἀξιωθῶμεν.</span> 
     </span>
    </p>
   </div>
   <div class='ocr_carea' id='block_1_62' title="bbox 592 5448 1143 5513">
    <p class='ocr_par' dir='ltr' id='par_1_62' title="bbox 592 5448 1143 5513">
     <span class='ocr_line' id='line_1_62' title="bbox 592 5448 1143 5513; baseline -0.002 -13"><span class='ocrx_word' id='word_1_452' title='bbox 592 5452 618 5513; x_wconf 57' lang='grc' dir='ltr'><strong>ξ</strong></span> <span class='ocrx_word' id='word_1_453' title='bbox 643 5448 791 5513; x_wconf 68' lang='grc' dir='ltr'>Ξεινίι.</span> <span class='ocrx_word' id='word_1_454' title='bbox 815 5454 884 5513; x_wconf 83' lang='grc' dir='ltr'>τῷ</span> <span class='ocrx_word' id='word_1_455' title='bbox 905 5448 986 5500; x_wconf 77' lang='grc' dir='ltr'>τὸν</span> <span class='ocrx_word' id='word_1_456' title='bbox 1007 5453 1143 5500; x_wconf 78' lang='grc' dir='ltr'>Θεὸν.</span> 
     </span>
    </p>
   </div>
   <div class='ocr_carea' id='block_1_63' title="bbox 588 5509 1599 5571">
    <p class='ocr_par' dir='ltr' id='par_1_63' title="bbox 588 5509 1599 5571">
     <span class='ocr_line' id='line_1_63' title="bbox 588 5509 1599 5571; baseline 0.001 -11"><span class='ocrx_word' id='word_1_457' title='bbox 588 5509 620 5552; x_wconf 70' lang='grc' dir='ltr'>ἀ</span> <span class='ocrx_word' id='word_1_458' title='bbox 642 5511 793 5562; x_wconf 73' lang='lat' dir='ltr'>Savil.</span> <span class='ocrx_word' id='word_1_459' title='bbox 817 5509 1004 5571; x_wconf 71' lang='grc' dir='ltr'>πάντες,</span> <span class='ocrx_word' id='word_1_460' title='bbox 1032 5515 1186 5571; x_wconf 81' lang='grc' dir='ltr'>δηλῶν</span> <span class='ocrx_word' id='word_1_461' title='bbox 1212 5513 1284 5562; x_wconf 82' lang='grc' dir='ltr'>ὅτι</span> <span class='ocrx_word' id='word_1_462' title='bbox 1306 5514 1393 5562; x_wconf 83' lang='grc' dir='ltr'>κᾶν</span> <span class='ocrx_word' id='word_1_463' title='bbox 1417 5511 1599 5568; x_wconf 86' lang='grc' dir='ltr'>δοῦλος.</span> 
     </span>
    </p>
   </div>
   <div class='ocr_carea' id='block_1_64' title="bbox 594 5573 2109 5637">
    <p class='ocr_par' dir='ltr' id='par_1_64' title="bbox 594 5573 2109 5637">
     <span class='ocr_line' id='line_1_64' title="bbox 594 5573 2109 5637; baseline 0.001 -16"><span class='ocrx_word' id='word_1_464' title='bbox 594 5573 956 5637; x_wconf 65' lang='grc' dir='ltr'>θιίὶοῐηυιῐιιιη</span> <span class='ocrx_word' id='word_1_465' title='bbox 988 5574 1138 5624; x_wconf 76' lang='lat' dir='ltr'>variat</span> <span class='ocrx_word' id='word_1_466' title='bbox 1181 5577 1411 5629; x_wconf 79' lang='lat' dir='ltr'>Savilius,</span> <span class='ocrx_word' id='word_1_467' title='bbox 1454 5577 1537 5637; x_wconf 83' lang='lat' dir='ltr'>q&#39;ui</span> <span class='ocrx_word' id='word_1_468' title='bbox 1578 5575 1648 5637; x_wconf 70' lang='lat' dir='ltr'>sic</span> <span class='ocrx_word' id='word_1_469' title='bbox 1685 5573 1867 5622; x_wconf 81' lang='lat' dir='ltr'>habet:</span> <span class='ocrx_word' id='word_1_470' title='bbox 1895 5575 1988 5623; x_wconf 75' lang='grc' dir='ltr'>ὑπὸ</span> <span class='ocrx_word' id='word_1_471' title='bbox 2011 5577 2109 5624; x_wconf 80' lang='grc' dir='ltr'>τῶν</span> 
     </span>
    </p>
   </div>
   <div class='ocr_carea' id='block_1_65' title="bbox 531 5632 2102 5700">
    <p class='ocr_par' dir='ltr' id='par_1_65' title="bbox 531 5632 2102 5700">
     <span class='ocr_line' id='line_1_65' title="bbox 531 5632 2102 5700; baseline 0.003 -18"><span class='ocrx_word' id='word_1_472' title='bbox 531 5632 804 5700; x_wconf 64' lang='grc' dir='ltr'>δυναστείαν</span> <span class='ocrx_word' id='word_1_473' title='bbox 821 5638 957 5700; x_wconf 83' lang='grc' dir='ltr'>περιϐ</span> <span class='ocrx_word' id='word_1_474' title='bbox 966 5638 1254 5700; x_wconf 81' lang='grc' dir='ltr'>εϐλημὲνων,</span> <span class='ocrx_word' id='word_1_475' title='bbox 1283 5638 1364 5684; x_wconf 83' lang='grc' dir='ltr'>καὶ</span> <span class='ocrx_word' id='word_1_476' title='bbox 1382 5638 1447 5693; x_wconf 87' lang='grc' dir='ltr'>εἰς</span> <span class='ocrx_word' id='word_1_477' title='bbox 1457 5632 1704 5700; x_wconf 76' lang='grc' dir='ltr'>στρατείαν</span> <span class='ocrx_word' id='word_1_478' title='bbox 1723 5637 2102 5700; x_wconf 77' lang='grc' dir='ltr'>κατασυρόντων.</span> 
     </span>
    </p>
   </div>
   <div class='ocr_carea' id='block_1_66' title="bbox 532 5691 2106 5761">
    <p class='ocr_par' dir='ltr' id='par_1_66' title="bbox 532 5691 2106 5761">
     <span class='ocr_line' id='line_1_66' title="bbox 532 5691 2106 5761; baseline 0.003 -18"><span class='ocrx_word' id='word_1_479' title='bbox 532 5691 661 5761; x_wconf 71' lang='grc' dir='ltr'>ιριό</span> <span class='ocrx_word' id='word_1_480' title='bbox 698 5691 1354 5761; x_wconf 58' lang='grc' dir='ltr'>αυιιςωίιιιίυεῷοδιτειῐιω</span> <span class='ocrx_word' id='word_1_481' title='bbox 1392 5691 1529 5746; x_wconf 68' lang='grc' dir='ltr'>νόεὶέ</span> <span class='ocrx_word' id='word_1_482' title='bbox 1550 5691 1932 5761; x_wconf 61' lang='grc' dir='ltr'>κατασυρόντων,</span> <span class='ocrx_word' id='word_1_483' title='bbox 1960 5699 2106 5747; x_wconf 84' lang='lat' dir='ltr'><strong>aliam</strong></span> 
     </span>
    </p>
   </div>
   <div class='ocr_carea' id='block_1_67' title="bbox 532 5756 1793 5820">
    <p class='ocr_par' dir='ltr' id='par_1_67' title="bbox 532 5756 1793 5820">
     <span class='ocr_line' id='line_1_67' title="bbox 532 5756 1793 5820; baseline 0.002 -17"><span class='ocrx_word' id='word_1_484' title='bbox 532 5756 677 5820; x_wconf 62' lang='grc' dir='ltr'>δίΐςιήι</span> <span class='ocrx_word' id='word_1_485' title='bbox 698 5756 1037 5808; x_wconf 62' lang='grc' dir='ltr'>ιιτιίοοοιηῖη</span> <span class='ocrx_word' id='word_1_486' title='bbox 1062 5756 1303 5820; x_wconf 77' lang='lat' dir='ltr'>niargiue,</span> <span class='ocrx_word' id='word_1_487' title='bbox 1318 5772 1497 5820; x_wconf 81' lang='lat' dir='ltr'>nempe</span> <span class='ocrx_word' id='word_1_488' title='bbox 1516 5756 1793 5806; x_wconf 71' lang='grc' dir='ltr'>τελούντων.</span> 
     </span>
    </p>
   </div>
   <div class='ocr_carea' id='block_1_68' title="bbox 600 5816 2102 5883">
    <p class='ocr_par' dir='ltr' id='par_1_68' title="bbox 600 5816 2102 5883">
     <span class='ocr_line' id='line_1_68' title="bbox 600 5816 2102 5883; baseline 0.001 -17"><span class='ocrx_word' id='word_1_489' title='bbox 600 5816 618 5854; x_wconf 70' lang='grc' dir='ltr'><em>τ</em></span> <span class='ocrx_word' id='word_1_490' title='bbox 642 5818 789 5883; x_wconf 65' lang='lat' dir='ltr'>Sayil.</span> <span class='ocrx_word' id='word_1_491' title='bbox 814 5820 917 5883; x_wconf 70' lang='lat' dir='ltr'>haec</span> <span class='ocrx_word' id='word_1_492' title='bbox 939 5822 1035 5868; x_wconf 73' lang='lat' dir='ltr'><strong>alio</strong></span> <span class='ocrx_word' id='word_1_493' title='bbox 1064 5816 1215 5883; x_wconf 77' lang='lat' dir='ltr'>_moJo</span> <span class='ocrx_word' id='word_1_494' title='bbox 1254 5816 1527 5883; x_wconf 68' lang='lat' dir='ltr'>clisl_ia.gi:il,</span> <span class='ocrx_word' id='word_1_495' title='bbox 1558 5832 1739 5883; x_wconf 74' lang='lat' dir='ltr'>umpr</span> <span class='ocrx_word' id='word_1_496' title='bbox 1766 5822 1804 5883; x_wconf 71' lang='grc' dir='ltr'><strong>ἡ</strong></span> <span class='ocrx_word' id='word_1_497' title='bbox 1827 5821 1978 5881; x_wconf 71' lang='grc' dir='ltr'>ὑγεία,</span> <span class='ocrx_word' id='word_1_498' title='bbox 2004 5822 2102 5868; x_wconf 86' lang='grc' dir='ltr'>σώ-</span> 
     </span>
    </p>
   </div>
   <div class='ocr_carea' id='block_1_69' title="bbox 534 5878 2110 5950">
    <p class='ocr_par' dir='ltr' id='par_1_69' title="bbox 534 5878 2110 5950">
     <span class='ocr_line' id='line_1_69' title="bbox 534 5878 2110 5950; baseline 0.003 -23"><span class='ocrx_word' id='word_1_499' title='bbox 534 5880 847 5950; x_wconf 40' lang='grc' dir='ltr'>ματος-ῥισςῇ</span> <span class='ocrx_word' id='word_1_500' title='bbox 859 5897 948 5937; x_wconf 79' lang='grc' dir='ltr'>εια,</span> <span class='ocrx_word' id='word_1_501' title='bbox 968 5878 1426 5950; x_wconf 47' lang='lat' dir='ltr'>sa:1§lus,_3c_&#39;mr{ms‘</span> <span class='ocrx_word' id='word_1_502' title='bbox 1447 5878 1684 5950; x_wconf 43' lang='lat' dir='ltr'>corporis;</span> <span class='ocrx_word' id='word_1_503' title='bbox 1709 5881 1808 5950; x_wconf 62' lang='lat' dir='ltr'>Sqd</span> <span class='ocrx_word' id='word_1_504' title='bbox 1833 5878 2009 5950; x_wconf 55' lang='lat' dir='ltr'>meno;</span> <span class='ocrx_word' id='word_1_505' title='bbox 2032 5890 2110 5931; x_wconf 76' lang='lat' dir='ltr'>est</span> 
     </span>
    </p>
   </div>
   <div class='ocr_carea' id='block_1_70' title="bbox 536 5937 2106 6003">
    <p class='ocr_par' dir='ltr' id='par_1_70' title="bbox 536 5937 2106 6003">
     <span class='ocr_line' id='line_1_70' title="bbox 536 5937 2106 6003; baseline 0.001 -17"><span class='ocrx_word' id='word_1_506' title='bbox 536 5937 727 6003; x_wconf 66' lang='lat' dir='ltr'>Murem</span> <span class='ocrx_word' id='word_1_507' title='bbox 775 5937 1126 6003; x_wconf 57' lang='lat' dir='ltr'>ixglerpunclio.</span> <span class='ocrx_word' id='word_1_508' title='bbox 1166 5942 1289 5990; x_wconf 78' lang='lat' dir='ltr'>Infra</span> <span class='ocrx_word' id='word_1_509' title='bbox 1323 5942 1419 5991; x_wconf 63' lang='lat' dir='ltr'>«tuo</span> <span class='ocrx_word' id='word_1_510' title='bbox 1462 5937 1573 5987; x_wconf 63' lang='grc' dir='ltr'>ιιιςές.</span> <span class='ocrx_word' id='word_1_511' title='bbox 1600 5943 1679 5988; x_wconf 76' lang='grc' dir='ltr'>καὶ</span> <span class='ocrx_word' id='word_1_512' title='bbox 1710 5942 1880 5999; x_wconf 78' lang='grc' dir='ltr'>πάντα,</span> <span class='ocrx_word' id='word_1_513' title='bbox 1924 5946 2106 6003; x_wconf 72' lang='grc' dir='ltr'>τρέμων</span> 
     </span>
    </p>
   </div>
   <div class='ocr_carea' id='block_1_71' title="bbox 536 6001 2008 6063">
    <p class='ocr_par' dir='ltr' id='par_1_71' title="bbox 536 6001 2008 6063">
     <span class='ocr_line' id='line_1_71' title="bbox 536 6001 2008 6063; baseline 0.003 -15"><span class='ocrx_word' id='word_1_514' title='bbox 536 6004 610 6048; x_wconf 62' lang='grc' dir='ltr'>καὶ</span> <span class='ocrx_word' id='word_1_515' title='bbox 638 6002 754 6049; x_wconf 67' lang='grc' dir='ltr'>ῗ.ὂ.τ</span> <span class='ocrx_word' id='word_1_516' title='bbox 795 6001 857 6055; x_wconf 67' lang='grc' dir='ltr'>ὧι</span> <span class='ocrx_word' id='word_1_517' title='bbox 902 6003 1016 6051; x_wconf 68' lang='lat' dir='ltr'>lbid.</span> <span class='ocrx_word' id='word_1_518' title='bbox 1050 6003 1199 6051; x_wconf 66' lang='grc' dir='ltr'>λιι·τυί</span> <span class='ocrx_word' id='word_1_519' title='bbox 1245 6004 1487 6063; x_wconf 65' lang='grc' dir='ltr'>ᾶπςιλλαγῇ</span> <span class='ocrx_word' id='word_1_520' title='bbox 1524 6003 1653 6051; x_wconf 75' lang='lat' dir='ltr'><strong>SuVil</strong></span> <span class='ocrx_word' id='word_1_521' title='bbox 1698 6001 2008 6061; x_wconf 49' lang='grc' dir='ltr'>ἀπήλλακται.</span> 
     </span>
    </p>
   </div>
   <div class='ocr_carea' id='block_1_72' title="bbox 1220 310 3725 398">
    <p class='ocr_par' dir='ltr' id='par_1_72' title="bbox 1220 310 3725 398">
     <span class='ocr_line' id='line_1_72' title="bbox 1220 310 3725 398; baseline -0.003 -6"><span class='ocrx_word' id='word_1_522' title='bbox 1220 335 1277 393; x_wconf 92' lang='lat' dir='ltr'>s.</span> <span class='ocrx_word' id='word_1_523' title='bbox 1318 331 1604 392; x_wconf 71' lang='lat' dir='ltr'>JOANNIS</span> <span class='ocrx_word' id='word_1_524' title='bbox 1634 329 2129 394; x_wconf 72' lang='lat' dir='ltr'>cmwsosmm</span> <span class='ocrx_word' id='word_1_525' title='bbox 2163 328 2482 390; x_wconf 79' lang='lat' dir='ltr'>ARCIIIEP.</span> <span class='ocrx_word' id='word_1_526' title='bbox 2520 310 3067 391; x_wconf 74' lang='lat' dir='ltr'>CONSTANTINOP.</span> <span class='ocrx_word' id='word_1_527' title='bbox 3647 341 3725 398; x_wconf 61' lang='lat'>56;,</span> 
     </span>
    </p>
   </div>
   <div class='ocr_carea' id='block_1_73' title="bbox 2214 446 3733 524">
    <p class='ocr_par' dir='ltr' id='par_1_73' title="bbox 2214 446 3733 524">
     <span class='ocr_line' id='line_1_73' title="bbox 2214 446 3733 524; baseline 0.006 -25"><span class='ocrx_word' id='word_1_528' title='bbox 2214 446 2307 500; x_wconf 71' lang='grc' dir='ltr'>καὶ</span> <span class='ocrx_word' id='word_1_529' title='bbox 2337 446 2585 518; x_wconf 85' lang='grc' dir='ltr'>σώματος</span> <span class='ocrx_word' id='word_1_530' title='bbox 2616 449 2815 516; x_wconf 87' lang='grc' dir='ltr'>ὑγίεια,</span> <span class='ocrx_word' id='word_1_531' title='bbox 2835 450 2927 503; x_wconf 75' lang='grc' dir='ltr'>καὶ</span> <span class='ocrx_word' id='word_1_532' title='bbox 2954 447 3220 518; x_wconf 87' lang='grc' dir='ltr'>ἀσφάλεια</span> <span class='ocrx_word' id='word_1_533' title='bbox 3238 449 3404 515; x_wconf 79' lang='grc' dir='ltr'>πᾶσα,</span> <span class='ocrx_word' id='word_1_534' title='bbox 3431 450 3521 505; x_wconf 75' lang='grc' dir='ltr'>καὶ</span> <span class='ocrx_word' id='word_1_535' title='bbox 3540 451 3595 504; x_wconf 75' lang='grc' dir='ltr'>τὸ</span> <span class='ocrx_word' id='word_1_536' title='bbox 3610 453 3733 524; x_wconf 79' lang='grc' dir='ltr'>ἀχιίο</span> 
     </span>
    </p>
   </div>
   <div class='ocr_carea' id='block_1_74' title="bbox 2216 531 3732 606">
    <p class='ocr_par' dir='ltr' id='par_1_74' title="bbox 2216 531 3732 606">
     <span class='ocr_line' id='line_1_74' title="bbox 2216 531 3732 606; baseline 0.004 -22"><span class='ocrx_word' id='word_1_537' title='bbox 2216 548 2386 602; x_wconf 89' lang='grc' dir='ltr'>ρωτον</span> <span class='ocrx_word' id='word_1_538' title='bbox 2411 532 2560 603; x_wconf 82' lang='grc' dir='ltr'>αὐτῷ</span> <span class='ocrx_word' id='word_1_539' title='bbox 2594 532 2883 606; x_wconf 87' lang='grc' dir='ltr'>συντρέχῃ,</span> <span class='ocrx_word' id='word_1_540' title='bbox 2932 531 3211 604; x_wconf 80' lang='grc' dir='ltr'>μοχθηρὰν</span> <span class='ocrx_word' id='word_1_541' title='bbox 3252 531 3503 597; x_wconf 87' lang='grc' dir='ltr'>πολλάκις</span> <span class='ocrx_word' id='word_1_542' title='bbox 3539 538 3732 591; x_wconf 79' lang='grc' dir='ltr'>συνοικί-</span> 
     </span>
    </p>
   </div>
   <div class='ocr_carea' id='block_1_75' title="bbox 2216 614 3735 690">
    <p class='ocr_par' dir='ltr' id='par_1_75' title="bbox 2216 614 3735 690">
     <span class='ocr_line' id='line_1_75' title="bbox 2216 614 3735 690; baseline 0.003 -24"><span class='ocrx_word' id='word_1_543' title='bbox 2216 630 2313 677; x_wconf 90' lang='grc' dir='ltr'>σας</span> <span class='ocrx_word' id='word_1_544' title='bbox 2340 614 2517 685; x_wconf 89' lang='grc' dir='ltr'>ἐαυτῷ</span> <span class='ocrx_word' id='word_1_545' title='bbox 2556 618 2807 683; x_wconf 83' lang='grc' dir='ltr'>γυναῖκα,</span> <span class='ocrx_word' id='word_1_546' title='bbox 2851 617 2945 669; x_wconf 73' lang='grc' dir='ltr'>καὶ</span> <span class='ocrx_word' id='word_1_547' title='bbox 2971 615 3427 688; x_wconf 90' lang='grc' dir='ltr'>διεστραμμένην,</span> <span class='ocrx_word' id='word_1_548' title='bbox 3455 616 3735 690; x_wconf 81' lang='grc' dir='ltr'>ἀθλιώτερος</span> 
     </span>
    </p>
   </div>
   <div class='ocr_carea' id='block_1_76' title="bbox 2214 697 3738 768">
    <p class='ocr_par' dir='ltr' id='par_1_76' title="bbox 2214 697 3738 768">
     <span class='ocr_line' id='line_1_76' title="bbox 2214 697 3738 768; baseline 0.004 -19"><span class='ocrx_word' id='word_1_549' title='bbox 2214 698 2430 750; x_wconf 90' lang='grc' dir='ltr'>πάντων</span> <span class='ocrx_word' id='word_1_550' title='bbox 2454 697 2561 750; x_wconf 83' lang='grc' dir='ltr'>τῶν</span> <span class='ocrx_word' id='word_1_551' title='bbox 2608 698 2759 751; x_wconf 79' lang='grc' dir='ltr'>οὐδὲν</span> <span class='ocrx_word' id='word_1_552' title='bbox 2792 698 3017 751; x_wconf 75' lang='grc' dir='ltr'>ἐκείνων</span> <span class='ocrx_word' id='word_1_553' title='bbox 3048 698 3281 768; x_wconf 87' lang='grc' dir='ltr'>ἐχόντων</span> <span class='ocrx_word' id='word_1_554' title='bbox 3323 698 3540 767; x_wconf 90' lang='grc' dir='ltr'>γίνεται.</span> <span class='ocrx_word' id='word_1_555' title='bbox 3567 700 3673 753; x_wconf 79' lang='grc' dir='ltr'>Ἐἀν</span> <span class='ocrx_word' id='word_1_556' title='bbox 3692 702 3738 756; x_wconf 72' lang='grc' dir='ltr'>δέ</span> 
     </span>
    </p>
   </div>
   <div class='ocr_carea' id='block_1_77' title="bbox 2214 777 3738 856">
    <p class='ocr_par' dir='ltr' id='par_1_77' title="bbox 2214 777 3738 856">
     <span class='ocr_line' id='line_1_77' title="bbox 2214 777 3738 856; baseline 0.003 -22"><span class='ocrx_word' id='word_1_557' title='bbox 2214 781 2306 834; x_wconf 79' lang='grc' dir='ltr'>καὶ</span> <span class='ocrx_word' id='word_1_558' title='bbox 2337 782 2475 852; x_wconf 81' lang='grc' dir='ltr'>αὐτὴ</span> <span class='ocrx_word' id='word_1_559' title='bbox 2500 782 2707 853; x_wconf 85' lang='grc' dir='ltr'>χρηστή</span> <span class='ocrx_word' id='word_1_560' title='bbox 2723 799 2806 846; x_wconf 90' lang='grc' dir='ltr'>τις</span> <span class='ocrx_word' id='word_1_561' title='bbox 2834 777 2891 856; x_wconf 82' lang='grc' dir='ltr'>ᾖ,</span> <span class='ocrx_word' id='word_1_562' title='bbox 2913 782 3008 836; x_wconf 73' lang='grc' dir='ltr'>καὶ</span> <span class='ocrx_word' id='word_1_563' title='bbox 3036 782 3179 836; x_wconf 83' lang='grc' dir='ltr'>κατὰ</span> <span class='ocrx_word' id='word_1_564' title='bbox 3206 780 3328 835; x_wconf 91' lang='grc' dir='ltr'>νοῦν</span> <span class='ocrx_word' id='word_1_565' title='bbox 3352 781 3497 852; x_wconf 85' lang='grc' dir='ltr'>αύτῷ</span> <span class='ocrx_word' id='word_1_566' title='bbox 3521 783 3605 835; x_wconf 80' lang='grc' dir='ltr'>καὶ</span> <span class='ocrx_word' id='word_1_567' title='bbox 3624 785 3738 838; x_wconf 74' lang='grc' dir='ltr'>κατὰ</span> 
     </span>
    </p>
   </div>
   <div class='ocr_carea' id='block_1_78' title="bbox 2212 862 3741 935">
    <p class='ocr_par' dir='ltr' id='par_1_78' title="bbox 2212 862 3741 935">
     <span class='ocr_line' id='line_1_78' title="bbox 2212 862 3741 935; baseline 0.003 -20"><span class='ocrx_word' id='word_1_568' title='bbox 2212 862 2438 935; x_wconf 88' lang='grc' dir='ltr'>γνώμην</span> <span class='ocrx_word' id='word_1_569' title='bbox 2474 864 2768 935; x_wconf 89' lang='grc' dir='ltr'>συμϐαίνῃ,</span> <span class='ocrx_word' id='word_1_570' title='bbox 2817 864 3006 918; x_wconf 87' lang='grc' dir='ltr'>παιδία</span> <span class='ocrx_word' id='word_1_571' title='bbox 3030 865 3368 935; x_wconf 89' lang='grc' dir='ltr'>κτησάμενον</span> <span class='ocrx_word' id='word_1_572' title='bbox 3391 864 3563 934; x_wconf 87' lang='grc' dir='ltr'>φαῦλα</span> <span class='ocrx_word' id='word_1_573' title='bbox 3589 864 3741 919; x_wconf 68' lang='grc' dir='ltr'>ἀθλιώ-</span> 
     </span>
    </p>
   </div>
   <div class='ocr_carea' id='block_1_79' title="bbox 2212 943 3740 1017">
    <p class='ocr_par' dir='ltr' id='par_1_79' title="bbox 2212 943 3740 1017">
     <span class='ocr_line' id='line_1_79' title="bbox 2212 943 3740 1017; baseline 0.001 -20"><span class='ocrx_word' id='word_1_574' title='bbox 2212 963 2370 1016; x_wconf 91' lang='grc' dir='ltr'>τερον</span> <span class='ocrx_word' id='word_1_575' title='bbox 2394 946 2611 1000; x_wconf 90' lang='grc' dir='ltr'>πάντων</span> <span class='ocrx_word' id='word_1_576' title='bbox 2638 943 2776 1001; x_wconf 81' lang='grc' dir='ltr'>εἶναι</span> <span class='ocrx_word' id='word_1_577' title='bbox 2794 947 3007 1016; x_wconf 86' lang='grc' dir='ltr'>ἀνάγκη</span> <span class='ocrx_word' id='word_1_578' title='bbox 3035 948 3126 1001; x_wconf 83' lang='grc' dir='ltr'>τὸν</span> <span class='ocrx_word' id='word_1_579' title='bbox 3147 946 3405 1001; x_wconf 72' lang='grc' dir='ltr'>τοιοῦτονο</span> <span class='ocrx_word' id='word_1_580' title='bbox 3436 947 3469 1017; x_wconf 85' lang='grc' dir='ltr'><strong>ἧ</strong></span> <span class='ocrx_word' id='word_1_581' title='bbox 3503 947 3612 1017; x_wconf 76' lang='grc' dir='ltr'>μηδ’</span> <span class='ocrx_word' id='word_1_582' title='bbox 3633 946 3740 1012; x_wconf 82' lang='grc' dir='ltr'>ὅλως</span> 
     </span>
    </p>
   </div>
   <div class='ocr_carea' id='block_1_80' title="bbox 2212 1028 3739 1101">
    <p class='ocr_par' dir='ltr' id='par_1_80' title="bbox 2212 1028 3739 1101">
     <span class='ocr_line' id='line_1_80' title="bbox 2212 1028 3739 1101; baseline 0 -20"><span class='ocrx_word' id='word_1_583' title='bbox 2212 1028 2558 1099; x_wconf 82' lang='grc' dir='ltr'>κτησάμενον</span> <span class='ocrx_word' id='word_1_584' title='bbox 2593 1029 2810 1101; x_wconf 84' lang='grc' dir='ltr'>θρηνεῖν</span> <span class='ocrx_word' id='word_1_585' title='bbox 2845 1028 2940 1083; x_wconf 79' lang='grc' dir='ltr'>καὶ</span> <span class='ocrx_word' id='word_1_586' title='bbox 2975 1029 3280 1101; x_wconf 79' lang='grc' dir='ltr'>ὀδύρεσθαι.</span> <span class='ocrx_word' id='word_1_587' title='bbox 3316 1028 3428 1082; x_wconf 73' lang='grc' dir='ltr'>Καὶ</span> <span class='ocrx_word' id='word_1_588' title='bbox 3449 1028 3739 1100; x_wconf 73' lang='grc' dir='ltr'>[5591ὂπου-</span> 
     </span>
    </p>
   </div>
   <div class='ocr_carea' id='block_1_81' title="bbox 2213 1109 3741 1184">
    <p class='ocr_par' dir='ltr' id='par_1_81' title="bbox 2213 1109 3741 1184">
     <span class='ocr_line' id='line_1_81' title="bbox 2213 1109 3741 1184; baseline 0 -22"><span class='ocrx_word' id='word_1_589' title='bbox 2213 1127 2320 1181; x_wconf 90' lang='grc' dir='ltr'>περ</span> <span class='ocrx_word' id='word_1_590' title='bbox 2344 1110 2412 1165; x_wconf 85' lang='grc' dir='ltr'>ἂν</span> <span class='ocrx_word' id='word_1_591' title='bbox 2441 1111 2521 1184; x_wconf 85' lang='grc' dir='ltr'>ίδῃ</span> <span class='ocrx_word' id='word_1_592' title='bbox 2549 1128 2635 1176; x_wconf 90' lang='grc' dir='ltr'>τις</span> <span class='ocrx_word' id='word_1_593' title='bbox 2660 1112 2768 1166; x_wconf 84' lang='grc' dir='ltr'>τῶν</span> <span class='ocrx_word' id='word_1_594' title='bbox 2801 1111 3103 1183; x_wconf 87' lang='grc' dir='ltr'>ἀνθρώπων</span> <span class='ocrx_word' id='word_1_595' title='bbox 3132 1114 3179 1175; x_wconf 71' lang='grc'>⁸,</span> <span class='ocrx_word' id='word_1_596' title='bbox 3216 1110 3440 1174; x_wconf 79' lang='grc' dir='ltr'>πολλοὺς</span> <span class='ocrx_word' id='word_1_597' title='bbox 3459 1109 3741 1180; x_wconf 72' lang='grc' dir='ltr'>δψεταιτοὺς</span> 
     </span>
    </p>
   </div>
   <div class='ocr_carea' id='block_1_82' title="bbox 2213 1192 3744 1267">
    <p class='ocr_par' dir='ltr' id='par_1_82' title="bbox 2213 1192 3744 1267">
     <span class='ocr_line' id='line_1_82' title="bbox 2213 1192 3744 1267; baseline 0 -22"><span class='ocrx_word' id='word_1_598' title='bbox 2213 1210 2317 1267; x_wconf 89' lang='grc' dir='ltr'>κρη</span> <span class='ocrx_word' id='word_1_599' title='bbox 2327 1192 2512 1264; x_wconf 90' lang='grc' dir='ltr'>μνούς.</span> <span class='ocrx_word' id='word_1_600' title='bbox 2545 1195 2657 1248; x_wconf 77' lang='grc' dir='ltr'>Καὶ</span> <span class='ocrx_word' id='word_1_601' title='bbox 2683 1194 2736 1249; x_wconf 90' lang='grc' dir='ltr'>τί</span> <span class='ocrx_word' id='word_1_602' title='bbox 2769 1195 2849 1249; x_wconf 91' lang='grc' dir='ltr'>δεῖ</span> <span class='ocrx_word' id='word_1_603' title='bbox 2866 1193 3034 1249; x_wconf 81' lang='grc' dir='ltr'>τάλλα</span> <span class='ocrx_word' id='word_1_604' title='bbox 3058 1193 3236 1263; x_wconf 81' lang='grc' dir='ltr'>λέγειν</span> <span class='ocrx_word' id='word_1_605' title='bbox 3252 1211 3267 1262; x_wconf 90' lang='grc'><strong>;</strong></span> <span class='ocrx_word' id='word_1_606' title='bbox 3283 1193 3543 1255; x_wconf 82' lang='grc' dir='ltr'>Πολλάκις</span> <span class='ocrx_word' id='word_1_607' title='bbox 3566 1192 3744 1262; x_wconf 76' lang='grc' dir='ltr'>οἰκέτης</span> 
     </span>
    </p>
   </div>
   <div class='ocr_carea' id='block_1_83' title="bbox 2215 1275 3744 1349">
    <p class='ocr_par' dir='ltr' id='par_1_83' title="bbox 2215 1275 3744 1349">
     <span class='ocr_line' id='line_1_83' title="bbox 2215 1275 3744 1349; baseline -0.001 -20"><span class='ocrx_word' id='word_1_608' title='bbox 2215 1275 2487 1348; x_wconf 83' lang='grc' dir='ltr'>μοχθηρὸς</span> <span class='ocrx_word' id='word_1_609' title='bbox 2520 1278 2698 1331; x_wconf 88' lang='grc' dir='ltr'>πάντα</span> <span class='ocrx_word' id='word_1_610' title='bbox 2755 1277 3020 1349; x_wconf 80' lang='grc' dir='ltr'>ἀνέτρεψε</span> <span class='ocrx_word' id='word_1_611' title='bbox 3066 1277 3161 1331; x_wconf 77' lang='grc' dir='ltr'>καὶ</span> <span class='ocrx_word' id='word_1_612' title='bbox 3197 1276 3441 1346; x_wconf 86' lang='grc' dir='ltr'>συνέχεε,</span> <span class='ocrx_word' id='word_1_613' title='bbox 3490 1275 3577 1329; x_wconf 80' lang='grc' dir='ltr'>καί</span> <span class='ocrx_word' id='word_1_614' title='bbox 3624 1275 3744 1329; x_wconf 73' lang='grc' dir='ltr'>οὐδὲν</span> 
     </span>
    </p>
   </div>
   <div class='ocr_carea' id='block_1_84' title="bbox 2212 1356 3536 1431">
    <p class='ocr_par' dir='ltr' id='par_1_84' title="bbox 2212 1356 3536 1431">
     <span class='ocr_line' id='line_1_84' title="bbox 2212 1356 3536 1431; baseline 0 -21"><span class='ocrx_word' id='word_1_615' title='bbox 2212 1356 2357 1411; x_wconf 85' lang='grc' dir='ltr'>οῦτω</span> <span class='ocrx_word' id='word_1_616' title='bbox 2388 1358 2675 1431; x_wconf 76' lang='grc' dir='ltr'>σφαλερὸν,</span> <span class='ocrx_word' id='word_1_617' title='bbox 2709 1360 2785 1425; x_wconf 89' lang='grc' dir='ltr'>ώς</span> <span class='ocrx_word' id='word_1_618' title='bbox 2824 1361 2887 1414; x_wconf 82' lang='grc' dir='ltr'>τὺ</span> <span class='ocrx_word' id='word_1_619' title='bbox 2923 1361 2981 1414; x_wconf 89' lang='grc' dir='ltr'>ἐν</span> <span class='ocrx_word' id='word_1_620' title='bbox 3007 1359 3316 1430; x_wconf 86' lang='grc' dir='ltr'>ἀνθρώποις</span> <span class='ocrx_word' id='word_1_621' title='bbox 3346 1358 3536 1429; x_wconf 82' lang='grc' dir='ltr'>κομᾷν.</span> 
     </span>
    </p>
   </div>
   <div class='ocr_carea' id='block_1_85' title="bbox 2297 1439 3745 1515">
    <p class='ocr_par' dir='ltr' id='par_1_85' title="bbox 2297 1439 3745 1515">
     <span class='ocr_line' id='line_1_85' title="bbox 2297 1439 3745 1515; baseline -0.002 -20"><span class='ocrx_word' id='word_1_622' title='bbox 2297 1442 2437 1496; x_wconf 83' lang='grc' dir='ltr'>Ἀλλ’</span> <span class='ocrx_word' id='word_1_623' title='bbox 2476 1443 2574 1515; x_wconf 83' lang='grc' dir='ltr'>οὐχ</span> <span class='ocrx_word' id='word_1_624' title='bbox 2623 1446 2652 1498; x_wconf 88' lang='grc' dir='ltr'>ό</span> <span class='ocrx_word' id='word_1_625' title='bbox 2681 1444 2772 1498; x_wconf 84' lang='grc' dir='ltr'>τὸν</span> <span class='ocrx_word' id='word_1_626' title='bbox 2802 1442 2935 1497; x_wconf 79' lang='grc' dir='ltr'>Θεὸν</span> <span class='ocrx_word' id='word_1_627' title='bbox 2950 1442 3304 1515; x_wconf 76' lang='grc' dir='ltr'>οφοϐούμενος</span> <span class='ocrx_word' id='word_1_628' title='bbox 3347 1440 3596 1505; x_wconf 81' lang='grc' dir='ltr'>τοιοῦτος,</span> <span class='ocrx_word' id='word_1_629' title='bbox 3640 1439 3745 1493; x_wconf 77' lang='grc' dir='ltr'>ἀλλά</span> 
     </span>
    </p>
   </div>
   <div class='ocr_carea' id='block_1_86' title="bbox 2212 1522 3744 1597">
    <p class='ocr_par' dir='ltr' id='par_1_86' title="bbox 2212 1522 3744 1597">
     <span class='ocr_line' id='line_1_86' title="bbox 2212 1522 3744 1597; baseline -0.003 -20"><span class='ocrx_word' id='word_1_630' title='bbox 2212 1525 2324 1579; x_wconf 87' lang='grc' dir='ltr'>τῶν</span> <span class='ocrx_word' id='word_1_631' title='bbox 2349 1525 2609 1597; x_wconf 89' lang='grc' dir='ltr'>κυμάτων</span> <span class='ocrx_word' id='word_1_632' title='bbox 2633 1525 3074 1597; x_wconf 86' lang='grc' dir='ltr'>ἀπηλλαγμένος,</span> <span class='ocrx_word' id='word_1_633' title='bbox 3106 1527 3163 1579; x_wconf 84' lang='grc' dir='ltr'>ὲν</span> <span class='ocrx_word' id='word_1_634' title='bbox 3192 1524 3403 1597; x_wconf 82' lang='grc' dir='ltr'>γαλήνῃ</span> <span class='ocrx_word' id='word_1_635' title='bbox 3431 1522 3644 1594; x_wconf 85' lang='grc' dir='ltr'>κάθηται</span> <span class='ocrx_word' id='word_1_636' title='bbox 3673 1523 3744 1577; x_wconf 76' lang='grc' dir='ltr'>καὶ</span> 
     </span>
    </p>
   </div>
   <div class='ocr_carea' id='block_1_87' title="bbox 2212 1606 3743 1681">
    <p class='ocr_par' dir='ltr' id='par_1_87' title="bbox 2212 1606 3743 1681">
     <span class='ocr_line' id='line_1_87' title="bbox 2212 1606 3743 1681; baseline -0.001 -21"><span class='ocrx_word' id='word_1_637' title='bbox 2212 1608 2413 1678; x_wconf 88' lang='grc' dir='ltr'>λιμένι,</span> <span class='ocrx_word' id='word_1_638' title='bbox 2448 1608 2546 1679; x_wconf 83' lang='grc' dir='ltr'>τὴν</span> <span class='ocrx_word' id='word_1_639' title='bbox 2569 1609 2738 1673; x_wconf 72' lang='grc' dir='ltr'>ὅντως</span> <span class='ocrx_word' id='word_1_640' title='bbox 2773 1609 3109 1681; x_wconf 87' lang='grc' dir='ltr'>δρεπόμενος</span> <span class='ocrx_word' id='word_1_641' title='bbox 3160 1609 3552 1680; x_wconf 83' lang='grc' dir='ltr'>μακαριότητα.</span> <span class='ocrx_word' id='word_1_642' title='bbox 3596 1606 3743 1675; x_wconf 79' lang='grc' dir='ltr'>Διάδὴ</span> 
     </span>
    </p>
   </div>
   <div class='ocr_carea' id='block_1_88' title="bbox 2210 1690 3752 1764">
    <p class='ocr_par' dir='ltr' id='par_1_88' title="bbox 2210 1690 3752 1764">
     <span class='ocr_line' id='line_1_88' title="bbox 2210 1690 3752 1764; baseline 0.001 -21"><span class='ocrx_word' id='word_1_643' title='bbox 2210 1690 2372 1745; x_wconf 89' lang='grc' dir='ltr'>τοῦτο</span> <span class='ocrx_word' id='word_1_644' title='bbox 2399 1692 2577 1746; x_wconf 86' lang='grc' dir='ltr'>πάντα</span> <span class='ocrx_word' id='word_1_645' title='bbox 2620 1694 2806 1747; x_wconf 86' lang='grc' dir='ltr'>ἐκεῖνα</span> <span class='ocrx_word' id='word_1_646' title='bbox 2836 1692 3212 1764; x_wconf 84' lang='grc' dir='ltr'>παραδραμὼν</span> <span class='ocrx_word' id='word_1_647' title='bbox 3252 1693 3282 1744; x_wconf 85' lang='grc' dir='ltr'><strong>ὁ</strong></span> <span class='ocrx_word' id='word_1_648' title='bbox 3321 1690 3752 1763; x_wconf 74' lang='grc' dir='ltr'>προφήτηςτοῦτον</span> 
     </span>
    </p>
   </div>
   <div class='ocr_carea' id='block_1_89' title="bbox 2217 1771 3742 1847">
    <p class='ocr_par' dir='ltr' id='par_1_89' title="bbox 2217 1771 3742 1847">
     <span class='ocr_line' id='line_1_89' title="bbox 2217 1771 3742 1847; baseline 0.005 -21"><span class='ocrx_word' id='word_1_649' title='bbox 2217 1775 2511 1846; x_wconf 76' lang='grc' dir='ltr'>μακαρίζει</span> <span class='ocrx_word' id='word_1_650' title='bbox 2560 1776 2740 1846; x_wconf 89' lang='grc' dir='ltr'>μόνον.</span> <span class='ocrx_word' id='word_1_651' title='bbox 2804 1777 3042 1839; x_wconf 87' lang='grc' dir='ltr'>Ἐκεῖνος</span> <span class='ocrx_word' id='word_1_652' title='bbox 3099 1775 3197 1847; x_wconf 82' lang='grc' dir='ltr'>μὲν</span> <span class='ocrx_word' id='word_1_653' title='bbox 3226 1774 3338 1846; x_wconf 89' lang='grc' dir='ltr'>γάρ</span> <span class='ocrx_word' id='word_1_654' title='bbox 3368 1776 3397 1828; x_wconf 83' lang='grc' dir='ltr'>ὁ</span> <span class='ocrx_word' id='word_1_655' title='bbox 3426 1771 3742 1845; x_wconf 43' lang='grc' dir='ltr'>μακαρισμᾱ,</span> 
     </span>
    </p>
   </div>
   <div class='ocr_carea' id='block_1_90' title="bbox 2216 1852 3745 1930">
    <p class='ocr_par' dir='ltr' id='par_1_90' title="bbox 2216 1852 3745 1930">
     <span class='ocr_line' id='line_1_90' title="bbox 2216 1852 3745 1930; baseline -0.005 -20"><span class='ocrx_word' id='word_1_656' title='bbox 2216 1855 2282 1910; x_wconf 84' lang='grc' dir='ltr'>ἂν</span> <span class='ocrx_word' id='word_1_657' title='bbox 2315 1856 2390 1927; x_wconf 84' lang='grc' dir='ltr'>μὴ</span> <span class='ocrx_word' id='word_1_658' title='bbox 2434 1858 2611 1912; x_wconf 88' lang='grc' dir='ltr'>πάντα</span> <span class='ocrx_word' id='word_1_659' title='bbox 2639 1857 2942 1930; x_wconf 88' lang='grc' dir='ltr'>συνδράμῃ,</span> <span class='ocrx_word' id='word_1_660' title='bbox 2989 1858 3089 1912; x_wconf 91' lang='grc' dir='ltr'>ούκ</span> <span class='ocrx_word' id='word_1_661' title='bbox 3120 1858 3185 1912; x_wconf 85' lang='grc' dir='ltr'>άν</span> <span class='ocrx_word' id='word_1_662' title='bbox 3217 1874 3352 1911; x_wconf 87' lang='grc' dir='ltr'>ποτε</span> <span class='ocrx_word' id='word_1_663' title='bbox 3382 1856 3555 1925; x_wconf 87' lang='grc' dir='ltr'>σταίη·</span> <span class='ocrx_word' id='word_1_664' title='bbox 3589 1852 3745 1924; x_wconf 80' lang='grc' dir='ltr'>μᾶλλον</span> 
     </span>
    </p>
   </div>
   <div class='ocr_carea' id='block_1_91' title="bbox 2213 1934 3744 2013">
    <p class='ocr_par' dir='ltr' id='par_1_91' title="bbox 2213 1934 3744 2013">
     <span class='ocr_line' id='line_1_91' title="bbox 2213 1934 3744 2013; baseline -0.004 -21"><span class='ocrx_word' id='word_1_665' title='bbox 2213 1938 2270 1992; x_wconf 83' lang='grc' dir='ltr'>δὲ</span> <span class='ocrx_word' id='word_1_666' title='bbox 2298 1941 2390 1995; x_wconf 73' lang='grc' dir='ltr'>καὶ</span> <span class='ocrx_word' id='word_1_667' title='bbox 2438 1942 2564 1994; x_wconf 88' lang='grc' dir='ltr'>ὅταν</span> <span class='ocrx_word' id='word_1_668' title='bbox 2599 1939 2902 2013; x_wconf 89' lang='grc' dir='ltr'>συνδράμῃ,</span> <span class='ocrx_word' id='word_1_669' title='bbox 2936 1940 3057 1994; x_wconf 87' lang='grc' dir='ltr'>τότε</span> <span class='ocrx_word' id='word_1_670' title='bbox 3098 1939 3403 1993; x_wconf 81' lang='grc' dir='ltr'>-σαλεύεται</span> <span class='ocrx_word' id='word_1_671' title='bbox 3453 1938 3575 2010; x_wconf 85' lang='grc' dir='ltr'>παρ’</span> <span class='ocrx_word' id='word_1_672' title='bbox 3604 1934 3744 1989; x_wconf 73' lang='grc' dir='ltr'>αὐτῶν</span> 
     </span>
    </p>
   </div>
   <div class='ocr_carea' id='block_1_92' title="bbox 2213 2018 3747 2094">
    <p class='ocr_par' dir='ltr' id='par_1_92' title="bbox 2213 2018 3747 2094">
     <span class='ocr_line' id='line_1_92' title="bbox 2213 2018 3747 2094; baseline -0.003 -20"><span class='ocrx_word' id='word_1_673' title='bbox 2213 2022 2435 2075; x_wconf 77' lang='grc' dir='ltr'>ἐκείνων</span> <span class='ocrx_word' id='word_1_674' title='bbox 2456 2022 2565 2076; x_wconf 77' lang='grc' dir='ltr'>τῶν</span> <span class='ocrx_word' id='word_1_675' title='bbox 2585 2023 2877 2076; x_wconf 90' lang='grc' dir='ltr'>τικτόντων</span> <span class='ocrx_word' id='word_1_676' title='bbox 2900 2023 3082 2078; x_wconf 75' lang='grc' dir='ltr'>αὐτόν.</span> <span class='ocrx_word' id='word_1_677' title='bbox 3101 2022 3213 2077; x_wconf 85' lang='grc' dir='ltr'>Καὶ</span> <span class='ocrx_word' id='word_1_678' title='bbox 3227 2024 3339 2094; x_wconf 89' lang='grc' dir='ltr'>γάρ</span> <span class='ocrx_word' id='word_1_679' title='bbox 3355 2022 3574 2085; x_wconf 87' lang='grc' dir='ltr'>πλοῦτος</span> <span class='ocrx_word' id='word_1_680' title='bbox 3584 2018 3747 2074; x_wconf 58' lang='lat' dir='ltr'>cia-ubli-</span> 
     </span>
    </p>
   </div>
   <div class='ocr_carea' id='block_1_93' title="bbox 2215 2104 3744 2180">
    <p class='ocr_par' dir='ltr' id='par_1_93' title="bbox 2215 2104 3744 2180">
     <span class='ocr_line' id='line_1_93' title="bbox 2215 2104 3744 2180; baseline -0.002 -22"><span class='ocrx_word' id='word_1_681' title='bbox 2215 2122 2296 2168; x_wconf 89' lang='grc' dir='ltr'>σε,</span> <span class='ocrx_word' id='word_1_682' title='bbox 2325 2107 2418 2160; x_wconf 79' lang='grc' dir='ltr'>καὶ</span> <span class='ocrx_word' id='word_1_683' title='bbox 2454 2107 2592 2178; x_wconf 84' lang='grc' dir='ltr'>γυνὴ</span> <span class='ocrx_word' id='word_1_684' title='bbox 2616 2106 2875 2172; x_wconf 88' lang='grc' dir='ltr'>πολλάκις</span> <span class='ocrx_word' id='word_1_685' title='bbox 2900 2107 3174 2180; x_wconf 76' lang='grc' dir='ltr'>εὔμορφος</span> <span class='ocrx_word' id='word_1_686' title='bbox 3219 2108 3506 2172; x_wconf 87' lang='grc' dir='ltr'>κατέλυσε,</span> <span class='ocrx_word' id='word_1_687' title='bbox 3534 2106 3618 2159; x_wconf 68' lang='grc' dir='ltr'>καὶ</span> <span class='ocrx_word' id='word_1_688' title='bbox 3632 2104 3744 2157; x_wconf 79' lang='grc' dir='ltr'>οἰκε·</span> 
     </span>
    </p>
   </div>
   <div class='ocr_carea' id='block_1_94' title="bbox 2213 2187 3745 2263">
    <p class='ocr_par' dir='ltr' id='par_1_94' title="bbox 2213 2187 3745 2263">
     <span class='ocr_line' id='line_1_94' title="bbox 2213 2187 3745 2263; baseline -0.001 -22"><span class='ocrx_word' id='word_1_689' title='bbox 2213 2187 2322 2242; x_wconf 84' lang='grc' dir='ltr'>τῶν</span> <span class='ocrx_word' id='word_1_690' title='bbox 2348 2188 2505 2259; x_wconf 86' lang='grc' dir='ltr'>γένος</span> <span class='ocrx_word' id='word_1_691' title='bbox 2534 2190 2833 2263; x_wconf 87' lang='grc' dir='ltr'>προέδωκε,</span> <span class='ocrx_word' id='word_1_692' title='bbox 2853 2193 2949 2246; x_wconf 63' lang='grc' dir='ltr'>κα)¹</span> <span class='ocrx_word' id='word_1_693' title='bbox 2966 2191 3152 2255; x_wconf 88' lang='grc' dir='ltr'>παῖδες</span> <span class='ocrx_word' id='word_1_694' title='bbox 3172 2192 3461 2262; x_wconf 89' lang='grc' dir='ltr'>γενόμενοι</span> <span class='ocrx_word' id='word_1_695' title='bbox 3477 2188 3745 2261; x_wconf 77' lang='grc' dir='ltr'>πατραλοίαι</span> 
     </span>
    </p>
   </div>
   <div class='ocr_carea' id='block_1_95' title="bbox 2214 2272 3746 2347">
    <p class='ocr_par' dir='ltr' id='par_1_95' title="bbox 2214 2272 3746 2347">
     <span class='ocr_line' id='line_1_95' title="bbox 2214 2272 3746 2347; baseline -0.001 -22"><span class='ocrx_word' id='word_1_696' title='bbox 2214 2272 2576 2345; x_wconf 86' lang='grc' dir='ltr'>κατέστησαν·</span> <span class='ocrx_word' id='word_1_697' title='bbox 2626 2274 2720 2328; x_wconf 69' lang='grc' dir='ltr'>καὶ</span> <span class='ocrx_word' id='word_1_698' title='bbox 2775 2275 2913 2347; x_wconf 83' lang='grc' dir='ltr'>ὅπερ</span> <span class='ocrx_word' id='word_1_699' title='bbox 2966 2274 3136 2346; x_wconf 80' lang='grc' dir='ltr'>ἔφθην</span> <span class='ocrx_word' id='word_1_700' title='bbox 3187 2274 3386 2340; x_wconf 88' lang='grc' dir='ltr'>εἰπὼν,</span> <span class='ocrx_word' id='word_1_701' title='bbox 3441 2272 3599 2327; x_wconf 82' lang='grc' dir='ltr'>πολλὰ</span> <span class='ocrx_word' id='word_1_702' title='bbox 3643 2287 3746 2324; x_wconf 78' lang='grc' dir='ltr'>παν·</span> 
     </span>
    </p>
   </div>
   <div class='ocr_carea' id='block_1_96' title="bbox 2213 2356 3746 2431">
    <p class='ocr_par' dir='ltr' id='par_1_96' title="bbox 2213 2356 3746 2431">
     <span class='ocr_line' id='line_1_96' title="bbox 2213 2356 3746 2431; baseline 0 -23"><span class='ocrx_word' id='word_1_703' title='bbox 2213 2356 2438 2426; x_wconf 90' lang='grc' dir='ltr'>ταχόθεν</span> <span class='ocrx_word' id='word_1_704' title='bbox 2480 2356 2593 2428; x_wconf 78' lang='grc' dir='ltr'>ἔχει</span> <span class='ocrx_word' id='word_1_705' title='bbox 2623 2357 2692 2411; x_wconf 81' lang='grc' dir='ltr'>τά</span> <span class='ocrx_word' id='word_1_706' title='bbox 2738 2358 2983 2431; x_wconf 88' lang='grc' dir='ltr'>σφαλερά</span> <span class='ocrx_word' id='word_1_707' title='bbox 3007 2357 3056 2417; x_wconf 71' lang='grc' dir='ltr'>δ.</span> <span class='ocrx_word' id='word_1_708' title='bbox 3093 2358 3364 2413; x_wconf 88' lang='grc' dir='ltr'>Ἐνταῦθα</span> <span class='ocrx_word' id='word_1_709' title='bbox 3400 2359 3457 2412; x_wconf 82' lang='grc' dir='ltr'>δὲ</span> <span class='ocrx_word' id='word_1_710' title='bbox 3493 2357 3586 2411; x_wconf 84' lang='grc' dir='ltr'>κᾶν</span> <span class='ocrx_word' id='word_1_711' title='bbox 3609 2356 3746 2410; x_wconf 77' lang='grc' dir='ltr'>πάντα</span> 
     </span>
    </p>
   </div>
   <div class='ocr_carea' id='block_1_97' title="bbox 2218 2437 3744 2513">
    <p class='ocr_par' dir='ltr' id='par_1_97' title="bbox 2218 2437 3744 2513">
     <span class='ocr_line' id='line_1_97' title="bbox 2218 2437 3744 2513; baseline -0.005 -17"><span class='ocrx_word' id='word_1_712' title='bbox 2218 2440 2422 2513; x_wconf 79' lang='grc' dir='ltr'>συρρέῃ</span> <span class='ocrx_word' id='word_1_713' title='bbox 2456 2441 2717 2496; x_wconf 88' lang='grc' dir='ltr'>τάναντία</span> <span class='ocrx_word' id='word_1_714' title='bbox 2741 2481 2757 2506; x_wconf 94' lang='grc'>,</span> <span class='ocrx_word' id='word_1_715' title='bbox 2788 2442 2849 2496; x_wconf 89' lang='grc' dir='ltr'>ού</span> <span class='ocrx_word' id='word_1_716' title='bbox 2889 2442 3049 2513; x_wconf 91' lang='grc' dir='ltr'>μόνον</span> <span class='ocrx_word' id='word_1_717' title='bbox 3086 2442 3237 2496; x_wconf 81' lang='grc' dir='ltr'>οὐδὲν</span> <span class='ocrx_word' id='word_1_718' title='bbox 3279 2442 3646 2513; x_wconf 83' lang='grc' dir='ltr'>παραϐλάπτει</span> <span class='ocrx_word' id='word_1_719' title='bbox 3678 2437 3744 2490; x_wconf 75' lang='grc' dir='ltr'>τὸν</span> 
     </span>
    </p>
   </div>
   <div class='ocr_carea' id='block_1_98' title="bbox 2219 2518 3747 2597">
    <p class='ocr_par' dir='ltr' id='par_1_98' title="bbox 2219 2518 3747 2597">
     <span class='ocr_line' id='line_1_98' title="bbox 2219 2518 3747 2597; baseline -0.002 -20"><span class='ocrx_word' id='word_1_720' title='bbox 2219 2525 2566 2597; x_wconf 71' lang='grc' dir='ltr'>μακαρισμὸν</span> <span class='ocrx_word' id='word_1_721' title='bbox 2592 2524 2801 2590; x_wconf 91' lang='grc' dir='ltr'>τοῦτον,</span> <span class='ocrx_word' id='word_1_722' title='bbox 2825 2525 2960 2579; x_wconf 91' lang='grc' dir='ltr'>ἀλλά</span> <span class='ocrx_word' id='word_1_723' title='bbox 2983 2526 3076 2597; x_wconf 73' lang='grc' dir='ltr'>καὶ</span> <span class='ocrx_word' id='word_1_724' title='bbox 3103 2526 3453 2597; x_wconf 85' lang='grc' dir='ltr'>ἰσχυρότερον</span> <span class='ocrx_word' id='word_1_725' title='bbox 3481 2524 3628 2578; x_wconf 74' lang='grc' dir='ltr'>αὐτὸν</span> <span class='ocrx_word' id='word_1_726' title='bbox 3650 2518 3747 2575; x_wconf 82' lang='grc' dir='ltr'>καθ-</span> 
     </span>
    </p>
   </div>
   <div class='ocr_carea' id='block_1_99' title="bbox 2220 2603 3746 2680">
    <p class='ocr_par' dir='ltr' id='par_1_99' title="bbox 2220 2603 3746 2680">
     <span class='ocr_line' id='line_1_99' title="bbox 2220 2603 3746 2680; baseline -0.002 -21"><span class='ocrx_word' id='word_1_727' title='bbox 2220 2607 2401 2677; x_wconf 89' lang='grc' dir='ltr'>ίστησι</span> <span class='ocrx_word' id='word_1_728' title='bbox 2432 2607 2528 2661; x_wconf 76' lang='grc' dir='ltr'>καὶ</span> <span class='ocrx_word' id='word_1_729' title='bbox 2554 2608 2947 2680; x_wconf 88' lang='grc' dir='ltr'>ἀνδρειότερον.</span> <span class='ocrx_word' id='word_1_730' title='bbox 2967 2608 3087 2663; x_wconf 83' lang='grc' dir='ltr'>Κᾶν</span> <span class='ocrx_word' id='word_1_731' title='bbox 3108 2609 3219 2679; x_wconf 88' lang='grc' dir='ltr'>γάρ</span> <span class='ocrx_word' id='word_1_732' title='bbox 3251 2608 3434 2671; x_wconf 84' lang='grc' dir='ltr'>πενία,</span> <span class='ocrx_word' id='word_1_733' title='bbox 3457 2608 3555 2661; x_wconf 73' lang='grc' dir='ltr'>κᾶν</span> <span class='ocrx_word' id='word_1_734' title='bbox 3575 2603 3746 2675; x_wconf 81' lang='grc' dir='ltr'>ἀτιμία,</span> 
     </span>
    </p>
   </div>
   <div class='ocr_carea' id='block_1_100' title="bbox 2216 2688 3744 2767">
    <p class='ocr_par' dir='ltr' id='par_1_100' title="bbox 2216 2688 3744 2767">
     <span class='ocr_line' id='line_1_100' title="bbox 2216 2688 3744 2767; baseline 0.005 -24"><span class='ocrx_word' id='word_1_735' title='bbox 2216 2690 2319 2744; x_wconf 79' lang='grc' dir='ltr'>κᾶν</span> <span class='ocrx_word' id='word_1_736' title='bbox 2344 2692 2593 2761; x_wconf 82' lang='grc' dir='ltr'>πήρωσις</span> <span class='ocrx_word' id='word_1_737' title='bbox 2633 2690 2886 2763; x_wconf 86' lang='grc' dir='ltr'>σώματος</span> <span class='ocrx_word' id='word_1_738' title='bbox 2928 2688 3005 2767; x_wconf 71' lang='grc' dir='ltr'>ᾖ,</span> <span class='ocrx_word' id='word_1_739' title='bbox 3051 2692 3157 2747; x_wconf 85' lang='grc' dir='ltr'>κᾶν</span> <span class='ocrx_word' id='word_1_740' title='bbox 3193 2692 3456 2762; x_wconf 82' lang='grc' dir='ltr'>γυναικὸς</span> <span class='ocrx_word' id='word_1_741' title='bbox 3505 2688 3744 2762; x_wconf 72' lang='grc' dir='ltr'>μοχθηρίαν</span> 
     </span>
    </p>
   </div>
   <div class='ocr_carea' id='block_1_101' title="bbox 2217 2772 3744 2850">
    <p class='ocr_par' dir='ltr' id='par_1_101' title="bbox 2217 2772 3744 2850">
     <span class='ocr_line' id='line_1_101' title="bbox 2217 2772 3744 2850; baseline -0.002 -22"><span class='ocrx_word' id='word_1_742' title='bbox 2217 2774 2320 2828; x_wconf 74' lang='grc' dir='ltr'>κᾶν</span> <span class='ocrx_word' id='word_1_743' title='bbox 2343 2774 2533 2838; x_wconf 87' lang='grc' dir='ltr'>παῖδες</span> <span class='ocrx_word' id='word_1_744' title='bbox 2566 2772 2850 2846; x_wconf 75' lang='grc' dir='ltr'>μοχθηροὶ,</span> <span class='ocrx_word' id='word_1_745' title='bbox 2880 2775 2983 2829; x_wconf 80' lang='grc' dir='ltr'>κᾶν</span> <span class='ocrx_word' id='word_1_746' title='bbox 3014 2774 3193 2829; x_wconf 79' lang='grc' dir='ltr'>ὁτιοῦν</span> <span class='ocrx_word' id='word_1_747' title='bbox 3214 2774 3406 2850; x_wconf 71' lang='grc' dir='ltr'>εἴπῃς,</span> <span class='ocrx_word' id='word_1_748' title='bbox 3426 2775 3522 2844; x_wconf 80' lang='grc' dir='ltr'>οὐχ</span> <span class='ocrx_word' id='word_1_749' title='bbox 3557 2774 3744 2825; x_wconf 74' lang='grc' dir='ltr'>ὑποσκε-</span> 
     </span>
    </p>
   </div>
   <div class='ocr_carea' id='block_1_102' title="bbox 2216 2850 3744 2929">
    <p class='ocr_par' dir='ltr' id='par_1_102' title="bbox 2216 2850 3744 2929">
     <span class='ocr_line' id='line_1_102' title="bbox 2216 2850 3744 2929; baseline -0.003 -19"><span class='ocrx_word' id='word_1_750' title='bbox 2216 2856 2350 2921; x_wconf 80' lang='grc' dir='ltr'>λίζει</span> <span class='ocrx_word' id='word_1_751' title='bbox 2379 2852 2566 2910; x_wconf 81' lang='grc' dir='ltr'>τοῦτον</span> <span class='ocrx_word' id='word_1_752' title='bbox 2598 2856 2690 2910; x_wconf 75' lang='grc' dir='ltr'>τὸν</span> <span class='ocrx_word' id='word_1_753' title='bbox 2728 2855 3097 2929; x_wconf 83' lang='grc' dir='ltr'>μακαρισμὸν,</span> <span class='ocrx_word' id='word_1_754' title='bbox 3137 2857 3259 2911; x_wconf 89' lang='grc' dir='ltr'>ούδέ</span> <span class='ocrx_word' id='word_1_755' title='bbox 3298 2854 3667 2929; x_wconf 79' lang='grc' dir='ltr'>παρασαλεύει.</span> <span class='ocrx_word' id='word_1_756' title='bbox 3690 2850 3744 2906; x_wconf 75' lang='grc' dir='ltr'>Οὐ</span> 
     </span>
    </p>
   </div>
   <div class='ocr_carea' id='block_1_103' title="bbox 2218 2936 3747 3011">
    <p class='ocr_par' dir='ltr' id='par_1_103' title="bbox 2218 2936 3747 3011">
     <span class='ocr_line' id='line_1_103' title="bbox 2218 2936 3747 3011; baseline -0.003 -19"><span class='ocrx_word' id='word_1_757' title='bbox 2218 2940 2327 3011; x_wconf 76' lang='grc' dir='ltr'>γὰρ</span> <span class='ocrx_word' id='word_1_758' title='bbox 2346 2939 2405 3005; x_wconf 78' lang='grc' dir='ltr'>ἐξ</span> <span class='ocrx_word' id='word_1_759' title='bbox 2431 2939 2653 2995; x_wconf 77' lang='grc' dir='ltr'>ἐκείνων</span> <span class='ocrx_word' id='word_1_760' title='bbox 2685 2938 2798 3011; x_wconf 78' lang='grc' dir='ltr'>ἔχει</span> <span class='ocrx_word' id='word_1_761' title='bbox 2827 2939 2925 3011; x_wconf 83' lang='grc' dir='ltr'>τὴν</span> <span class='ocrx_word' id='word_1_762' title='bbox 2947 2939 3178 3009; x_wconf 87' lang='grc' dir='ltr'>γένεσιν,</span> <span class='ocrx_word' id='word_1_763' title='bbox 3215 2940 3309 2995; x_wconf 77' lang='grc' dir='ltr'>ἵνα</span> <span class='ocrx_word' id='word_1_764' title='bbox 3336 2943 3431 2996; x_wconf 75' lang='grc' dir='ltr'>καὶ</span> <span class='ocrx_word' id='word_1_765' title='bbox 3459 2940 3547 2994; x_wconf 82' lang='grc' dir='ltr'>ὑπ’</span> <span class='ocrx_word' id='word_1_766' title='bbox 3571 2936 3747 2991; x_wconf 80' lang='grc' dir='ltr'>ἐκείνων</span> 
     </span>
    </p>
   </div>
   <div class='ocr_carea' id='block_1_104' title="bbox 2221 3020 3746 3095">
    <p class='ocr_par' dir='ltr' id='par_1_104' title="bbox 2221 3020 3746 3095">
     <span class='ocr_line' id='line_1_104' title="bbox 2221 3020 3746 3095; baseline -0.003 -18"><span class='ocrx_word' id='word_1_767' title='bbox 2221 3025 2429 3095; x_wconf 85' lang='grc' dir='ltr'>σείηται</span> <span class='ocrx_word' id='word_1_768' title='bbox 2459 3022 2569 3077; x_wconf 83' lang='grc' dir='ltr'>τῶν</span> <span class='ocrx_word' id='word_1_769' title='bbox 2607 3024 3095 3095; x_wconf 86' lang='grc' dir='ltr'>παρασυρομένων,</span> <span class='ocrx_word' id='word_1_770' title='bbox 3120 3024 3237 3077; x_wconf 77' lang='grc' dir='ltr'>ἀλλ’</span> <span class='ocrx_word' id='word_1_771' title='bbox 3274 3025 3484 3080; x_wconf 78' lang='grc' dir='ltr'>ἄνωθεν</span> <span class='ocrx_word' id='word_1_772' title='bbox 3511 3022 3599 3095; x_wconf 75' lang='grc' dir='ltr'>τὴν</span> <span class='ocrx_word' id='word_1_773' title='bbox 3629 3020 3746 3091; x_wconf 70' lang='grc' dir='ltr'>ῥίζαν</span> 
     </span>
    </p>
   </div>
   <div class='ocr_carea' id='block_1_105' title="bbox 2219 3104 3744 3181">
    <p class='ocr_par' dir='ltr' id='par_1_105' title="bbox 2219 3104 3744 3181">
     <span class='ocr_line' id='line_1_105' title="bbox 2219 3104 3744 3181; baseline -0.003 -18"><span class='ocrx_word' id='word_1_774' title='bbox 2219 3109 2482 3179; x_wconf 87' lang='grc' dir='ltr'>κέκτηται</span> <span class='ocrx_word' id='word_1_775' title='bbox 2503 3126 2516 3139; x_wconf 71' lang='grc' dir='ltr'><strong><em>υ</em></strong></span> <span class='ocrx_word' id='word_1_776' title='bbox 2542 3108 2621 3162; x_wconf 78' lang='grc' dir='ltr'>διὸ</span> <span class='ocrx_word' id='word_1_777' title='bbox 2651 3109 2746 3162; x_wconf 80' lang='grc' dir='ltr'>καὶ</span> <span class='ocrx_word' id='word_1_778' title='bbox 2773 3109 3070 3181; x_wconf 87' lang='grc' dir='ltr'>ἀχείρωτος</span> <span class='ocrx_word' id='word_1_779' title='bbox 3096 3110 3267 3181; x_wconf 88' lang='grc' dir='ltr'>μένει.</span> <span class='ocrx_word' id='word_1_780' title='bbox 3294 3112 3409 3166; x_wconf 75' lang='grc' dir='ltr'>Καὶ</span> <span class='ocrx_word' id='word_1_781' title='bbox 3440 3112 3487 3164; x_wconf 87' lang='grc' dir='ltr'>εἰ</span> <span class='ocrx_word' id='word_1_782' title='bbox 3520 3104 3744 3181; x_wconf 83' lang='grc' dir='ltr'>βούλεσθε,</span> 
     </span>
    </p>
   </div>
   <div class='ocr_carea' id='block_1_106' title="bbox 2217 3188 3745 3266">
    <p class='ocr_par' dir='ltr' id='par_1_106' title="bbox 2217 3188 3745 3266">
     <span class='ocr_line' id='line_1_106' title="bbox 2217 3188 3745 3266; baseline -0.005 -22"><span class='ocrx_word' id='word_1_783' title='bbox 2217 3191 2305 3245; x_wconf 82' lang='grc' dir='ltr'>ἐπ’</span> <span class='ocrx_word' id='word_1_784' title='bbox 2338 3190 2519 3246; x_wconf 80' lang='grc' dir='ltr'>αὐτῶν</span> <span class='ocrx_word' id='word_1_785' title='bbox 2550 3191 2659 3245; x_wconf 85' lang='grc' dir='ltr'>τῶν</span> <span class='ocrx_word' id='word_1_786' title='bbox 2698 3192 3041 3263; x_wconf 89' lang='grc' dir='ltr'>πραγμάτων</span> <span class='ocrx_word' id='word_1_787' title='bbox 3082 3194 3553 3266; x_wconf 84' lang='grc' dir='ltr'>μεταχειρίσωμεν</span> <span class='ocrx_word' id='word_1_788' title='bbox 3580 3188 3745 3243; x_wconf 85' lang='grc' dir='ltr'>τοῦτον.</span> 
     </span>
    </p>
   </div>
   <div class='ocr_carea' id='block_1_107' title="bbox 2216 3271 3745 3348">
    <p class='ocr_par' dir='ltr' id='par_1_107' title="bbox 2216 3271 3745 3348">
     <span class='ocr_line' id='line_1_107' title="bbox 2216 3271 3745 3348; baseline 0.001 -17"><span class='ocrx_word' id='word_1_789' title='bbox 2216 3275 2352 3347; x_wconf 73' lang='grc' dir='ltr'>Ούχί</span> <span class='ocrx_word' id='word_1_790' title='bbox 2374 3275 2559 3338; x_wconf 88' lang='grc' dir='ltr'>δοῦλος</span> <span class='ocrx_word' id='word_1_791' title='bbox 2593 3271 2661 3347; x_wconf 81' lang='grc' dir='ltr'>ἦν</span> <span class='ocrx_word' id='word_1_792' title='bbox 2707 3277 2935 3348; x_wconf 77' lang='grc' dir='ltr'>Ἰωσήφς</span> <span class='ocrx_word' id='word_1_793' title='bbox 2981 3276 3104 3347; x_wconf 72' lang='grc' dir='ltr'>οὐχὶ</span> <span class='ocrx_word' id='word_1_794' title='bbox 3135 3277 3285 3343; x_wconf 80' lang='grc' dir='ltr'>ξένος</span> <span class='ocrx_word' id='word_1_795' title='bbox 3311 3295 3325 3343; x_wconf 91' lang='grc'>;</span> <span class='ocrx_word' id='word_1_796' title='bbox 3369 3278 3490 3347; x_wconf 77' lang='grc' dir='ltr'>ούχὶ</span> <span class='ocrx_word' id='word_1_797' title='bbox 3516 3274 3745 3334; x_wconf 77' lang='grc' dir='ltr'>ἀπολις¹ς</span> 
     </span>
    </p>
   </div>
   <div class='ocr_carea' id='block_1_108' title="bbox 2215 3350 3745 3432">
    <p class='ocr_par' dir='ltr' id='par_1_108' title="bbox 2215 3350 3745 3432">
     <span class='ocr_line' id='line_1_108' title="bbox 2215 3350 3745 3432; baseline 0.002 -20"><span class='ocrx_word' id='word_1_798' title='bbox 2215 3361 2336 3430; x_wconf 74' lang='grc' dir='ltr'>οὐχὶ</span> <span class='ocrx_word' id='word_1_799' title='bbox 2381 3359 2666 3430; x_wconf 87' lang='grc' dir='ltr'>βαρϐάρων</span> <span class='ocrx_word' id='word_1_800' title='bbox 2708 3360 2948 3432; x_wconf 84' lang='grc' dir='ltr'>οἰκέτης,</span> <span class='ocrx_word' id='word_1_801' title='bbox 2995 3361 3258 3432; x_wconf 88' lang='grc' dir='ltr'>πρότερον</span> <span class='ocrx_word' id='word_1_802' title='bbox 3309 3362 3410 3432; x_wconf 80' lang='grc' dir='ltr'>μὲν</span> <span class='ocrx_word' id='word_1_803' title='bbox 3443 3350 3745 3431; x_wconf 71' lang='grc' dir='ltr'>Σαρακηνῶνν</span> 
     </span>
    </p>
   </div>
   <div class='ocr_carea' id='block_1_109' title="bbox 2218 3434 3747 3514">
    <p class='ocr_par' dir='ltr' id='par_1_109' title="bbox 2218 3434 3747 3514">
     <span class='ocr_line' id='line_1_109' title="bbox 2218 3434 3747 3514; baseline 0.003 -21"><span class='ocrx_word' id='word_1_804' title='bbox 2218 3439 2343 3493; x_wconf 81' lang='grc' dir='ltr'>ὕστε</span> <span class='ocrx_word' id='word_1_805' title='bbox 2353 3458 2444 3513; x_wconf 92' lang='grc' dir='ltr'>ρον</span> <span class='ocrx_word' id='word_1_806' title='bbox 2476 3440 2535 3493; x_wconf 86' lang='grc' dir='ltr'>δὲ</span> <span class='ocrx_word' id='word_1_807' title='bbox 2563 3441 2913 3513; x_wconf 85' lang='grc' dir='ltr'>ἀγριωτέρων</span> <span class='ocrx_word' id='word_1_808' title='bbox 2948 3443 3055 3497; x_wconf 84' lang='grc' dir='ltr'>τῶν</span> <span class='ocrx_word' id='word_1_809' title='bbox 3083 3444 3436 3513; x_wconf 81' lang='grc' dir='ltr'>Αἰγυπτίων;</span> <span class='ocrx_word' id='word_1_810' title='bbox 3463 3442 3576 3514; x_wconf 85' lang='grc' dir='ltr'>ούχί</span> <span class='ocrx_word' id='word_1_811' title='bbox 3604 3434 3747 3511; x_wconf 68' lang='grc' dir='ltr'>μοιχὸς</span> 
     </span>
    </p>
   </div>
   <div class='ocr_carea' id='block_1_110' title="bbox 2216 3517 3746 3599">
    <p class='ocr_par' dir='ltr' id='par_1_110' title="bbox 2216 3517 3746 3599">
     <span class='ocr_line' id='line_1_110' title="bbox 2216 3517 3746 3599; baseline -0.001 -22"><span class='ocrx_word' id='word_1_812' title='bbox 2216 3523 2526 3594; x_wconf 79' lang='grc' dir='ltr'>ἐνομίζετο;</span> <span class='ocrx_word' id='word_1_813' title='bbox 2575 3525 2635 3577; x_wconf 92' lang='grc' dir='ltr'>ού</span> <span class='ocrx_word' id='word_1_814' title='bbox 2671 3528 3060 3599; x_wconf 84' lang='grc' dir='ltr'>κατηγορεῖτο;</span> <span class='ocrx_word' id='word_1_815' title='bbox 3106 3527 3208 3581; x_wconf 89' lang='grc' dir='ltr'>ούκ</span> <span class='ocrx_word' id='word_1_816' title='bbox 3245 3527 3678 3598; x_wconf 78' lang='grc' dir='ltr'>έσυκοφαντεῖτο;</span> <span class='ocrx_word' id='word_1_817' title='bbox 3700 3517 3746 3570; x_wconf 72' lang='grc' dir='ltr'>οὐ</span> 
     </span>
    </p>
   </div>
   <div class='ocr_carea' id='block_1_111' title="bbox 2214 3600 3748 3683">
    <p class='ocr_par' dir='ltr' id='par_1_111' title="bbox 2214 3600 3748 3683">
     <span class='ocr_line' id='line_1_111' title="bbox 2214 3600 3748 3683; baseline -0.002 -22"><span class='ocrx_word' id='word_1_818' title='bbox 2214 3608 2589 3680; x_wconf 77' lang='grc' dir='ltr'>δεσμωτήριον</span> <span class='ocrx_word' id='word_1_819' title='bbox 2631 3606 2801 3678; x_wconf 57' lang='lat' dir='ltr'>(Ima;</span> <span class='ocrx_word' id='word_1_820' title='bbox 2838 3610 2937 3682; x_wconf 84' lang='grc' dir='ltr'>οὐχ</span> <span class='ocrx_word' id='word_1_821' title='bbox 2970 3610 3158 3665; x_wconf 74' lang='grc' dir='ltr'>ἅλυσιν</span> <span class='ocrx_word' id='word_1_822' title='bbox 3208 3611 3550 3683; x_wconf 88' lang='grc' dir='ltr'>περιέκειτο;</span> <span class='ocrx_word' id='word_1_823' title='bbox 3590 3605 3684 3660; x_wconf 80' lang='grc' dir='ltr'>Καὶ</span> <span class='ocrx_word' id='word_1_824' title='bbox 3706 3600 3748 3683; x_wconf 58' lang='grc' dir='ltr'>τί</span> 
     </span>
    </p>
   </div>
   <div class='ocr_carea' id='block_1_112' title="bbox 2214 3682 3749 3762">
    <p class='ocr_par' dir='ltr' id='par_1_112' title="bbox 2214 3682 3749 3762">
     <span class='ocr_line' id='line_1_112' title="bbox 2214 3682 3749 3762; baseline 0 -16"><span class='ocrx_word' id='word_1_825' title='bbox 2214 3690 2418 3747; x_wconf 86' lang='grc' dir='ltr'>τούτων</span> <span class='ocrx_word' id='word_1_826' title='bbox 2464 3691 2627 3744; x_wconf 76' lang='grc' dir='ltr'>αὐτὸν</span> <span class='ocrx_word' id='word_1_827' title='bbox 2679 3691 2944 3762; x_wconf 74' lang='grc' dir='ltr'>έϐλαψεν;</span> <span class='ocrx_word' id='word_1_828' title='bbox 2998 3693 3161 3748; x_wconf 85' lang='grc' dir='ltr'>Ἀλλά</span> <span class='ocrx_word' id='word_1_829' title='bbox 3204 3682 3294 3749; x_wconf 81' lang='grc' dir='ltr'>διά</span> <span class='ocrx_word' id='word_1_830' title='bbox 3351 3695 3520 3749; x_wconf 88' lang='grc' dir='ltr'>ταῦτα</span> <span class='ocrx_word' id='word_1_831' title='bbox 3568 3692 3651 3762; x_wconf 78' lang='grc' dir='ltr'>μὲν</span> <span class='ocrx_word' id='word_1_832' title='bbox 3678 3682 3749 3740; x_wconf 78' lang='grc' dir='ltr'>οὖν</span> 
     </span>
    </p>
   </div>
   <div class='ocr_carea' id='block_1_113' title="bbox 2219 3770 3748 3851">
    <p class='ocr_par' dir='ltr' id='par_1_113' title="bbox 2219 3770 3748 3851">
     <span class='ocr_line' id='line_1_113' title="bbox 2219 3770 3748 3851; baseline -0.005 -21"><span class='ocrx_word' id='word_1_833' title='bbox 2219 3774 2453 3847; x_wconf 89' lang='grc' dir='ltr'>μάλιστα</span> <span class='ocrx_word' id='word_1_834' title='bbox 2485 3775 2753 3846; x_wconf 88' lang='grc' dir='ltr'>μακάριος</span> <span class='ocrx_word' id='word_1_835' title='bbox 2798 3770 2886 3847; x_wconf 82' lang='grc' dir='ltr'>ἦν.</span> <span class='ocrx_word' id='word_1_836' title='bbox 2919 3776 2991 3829; x_wconf 84' lang='grc' dir='ltr'>Τὸ</span> <span class='ocrx_word' id='word_1_837' title='bbox 3018 3776 3128 3848; x_wconf 83' lang='grc' dir='ltr'>γὰρ</span> <span class='ocrx_word' id='word_1_838' title='bbox 3155 3776 3220 3850; x_wconf 85' lang='grc' dir='ltr'>δὴ</span> <span class='ocrx_word' id='word_1_839' title='bbox 3264 3776 3573 3851; x_wconf 81' lang='grc' dir='ltr'>θαυμαστὸν</span> <span class='ocrx_word' id='word_1_840' title='bbox 3607 3770 3748 3834; x_wconf 83' lang='grc' dir='ltr'>τοῦτο,</span> 
     </span>
    </p>
   </div>
   <div class='ocr_carea' id='block_1_114' title="bbox 2215 3856 3747 3933">
    <p class='ocr_par' dir='ltr' id='par_1_114' title="bbox 2215 3856 3747 3933">
     <span class='ocr_line' id='line_1_114' title="bbox 2215 3856 3747 3933; baseline -0.001 -22"><span class='ocrx_word' id='word_1_841' title='bbox 2215 3858 2352 3930; x_wconf 78' lang='grc' dir='ltr'>ὅπερ</span> <span class='ocrx_word' id='word_1_842' title='bbox 2382 3857 2551 3929; x_wconf 85' lang='grc' dir='ltr'>έφθην</span> <span class='ocrx_word' id='word_1_843' title='bbox 2589 3856 2783 3923; x_wconf 74' lang='grc' dir='ltr'>εἰπὼν,</span> <span class='ocrx_word' id='word_1_844' title='bbox 2814 3858 2897 3912; x_wconf 82' lang='grc' dir='ltr'>δτι</span> <span class='ocrx_word' id='word_1_845' title='bbox 2928 3859 3084 3913; x_wconf 79' lang='grc' dir='ltr'>οὐδὲν</span> <span class='ocrx_word' id='word_1_846' title='bbox 3116 3860 3178 3913; x_wconf 86' lang='grc' dir='ltr'>ού</span> <span class='ocrx_word' id='word_1_847' title='bbox 3215 3860 3380 3933; x_wconf 89' lang='grc' dir='ltr'>μόνον</span> <span class='ocrx_word' id='word_1_848' title='bbox 3409 3858 3747 3932; x_wconf 84' lang='grc' dir='ltr'>παραϐλάπτε-</span> 
     </span>
    </p>
   </div>
   <div class='ocr_carea' id='block_1_115' title="bbox 2215 3934 3747 4012">
    <p class='ocr_par' dir='ltr' id='par_1_115' title="bbox 2215 3934 3747 4012">
     <span class='ocr_line' id='line_1_115' title="bbox 2215 3934 3747 4012; baseline -0.004 -15"><span class='ocrx_word' id='word_1_849' title='bbox 2215 3959 2305 3998; x_wconf 90' lang='grc' dir='ltr'>ται</span> <span class='ocrx_word' id='word_1_850' title='bbox 2338 3942 2367 3994; x_wconf 86' lang='grc' dir='ltr'>ό</span> <span class='ocrx_word' id='word_1_851' title='bbox 2393 3942 2739 4012; x_wconf 81' lang='grc' dir='ltr'>μακαρισμὸς</span> <span class='ocrx_word' id='word_1_852' title='bbox 2769 3941 3018 3996; x_wconf 85' lang='grc' dir='ltr'>ἐντεῦθεν</span> <span class='ocrx_word' id='word_1_853' title='bbox 3045 3937 3220 4011; x_wconf 74' lang='grc' dir='ltr'>οὗτος,</span> <span class='ocrx_word' id='word_1_854' title='bbox 3247 3944 3389 3998; x_wconf 88' lang='grc' dir='ltr'>ἀλλά</span> <span class='ocrx_word' id='word_1_855' title='bbox 3419 3946 3511 3998; x_wconf 77' lang='grc' dir='ltr'>καὶ</span> <span class='ocrx_word' id='word_1_856' title='bbox 3541 3934 3747 4012; x_wconf 86' lang='grc' dir='ltr'>λαμπρό-</span> 
     </span>
    </p>
   </div>
   <div class='ocr_carea' id='block_1_116' title="bbox 2215 4021 3748 4099">
    <p class='ocr_par' dir='ltr' id='par_1_116' title="bbox 2215 4021 3748 4099">
     <span class='ocr_line' id='line_1_116' title="bbox 2215 4021 3748 4099; baseline -0.007 -20"><span class='ocrx_word' id='word_1_857' title='bbox 2215 4042 2374 4097; x_wconf 89' lang='grc' dir='ltr'>τερος</span> <span class='ocrx_word' id='word_1_858' title='bbox 2406 4023 2501 4077; x_wconf 84' lang='grc' dir='ltr'>καὶ</span> <span class='ocrx_word' id='word_1_859' title='bbox 2529 4024 2882 4097; x_wconf 83' lang='grc' dir='ltr'>φαιδρότερος</span> <span class='ocrx_word' id='word_1_860' title='bbox 2909 4024 3134 4095; x_wconf 88' lang='grc' dir='ltr'>γίνεται.</span> <span class='ocrx_word' id='word_1_861' title='bbox 3163 4028 3225 4080; x_wconf 85' lang='grc' dir='ltr'>Εἰ</span> <span class='ocrx_word' id='word_1_862' title='bbox 3255 4026 3368 4098; x_wconf 80' lang='grc' dir='ltr'>γὰρ</span> <span class='ocrx_word' id='word_1_863' title='bbox 3403 4026 3561 4099; x_wconf 82' lang='grc' dir='ltr'>μηδὲν</span> <span class='ocrx_word' id='word_1_864' title='bbox 3586 4021 3748 4077; x_wconf 82' lang='grc' dir='ltr'>τούτων</span> 
     </span>
    </p>
   </div>
   <div class='ocr_carea' id='block_1_117' title="bbox 2216 4107 3269 4182">
    <p class='ocr_par' dir='ltr' id='par_1_117' title="bbox 2216 4107 3269 4182">
     <span class='ocr_line' id='line_1_117' title="bbox 2216 4107 3269 4182; baseline -0.001 -18"><span class='ocrx_word' id='word_1_865' title='bbox 2216 4110 2443 4172; x_wconf 73' lang='grc' dir='ltr'>ἔπαθεν,</span> <span class='ocrx_word' id='word_1_866' title='bbox 2473 4109 2574 4163; x_wconf 82' lang='grc' dir='ltr'>οὐκ</span> <span class='ocrx_word' id='word_1_867' title='bbox 2611 4109 2676 4163; x_wconf 86' lang='grc' dir='ltr'>ἂν</span> <span class='ocrx_word' id='word_1_868' title='bbox 2706 4108 2849 4163; x_wconf 71' lang='grc' dir='ltr'>οὕτω</span> <span class='ocrx_word' id='word_1_869' title='bbox 2883 4111 3153 4182; x_wconf 88' lang='grc' dir='ltr'>μακάριος</span> <span class='ocrx_word' id='word_1_870' title='bbox 3181 4107 3269 4182; x_wconf 83' lang='grc' dir='ltr'>ἦν.</span> 
     </span>
    </p>
   </div>
   <div class='ocr_carea' id='block_1_118' title="bbox 2288 4188 3748 4266">
    <p class='ocr_par' dir='ltr' id='par_1_118' title="bbox 2288 4188 3748 4266">
     <span class='ocr_line' id='line_1_118' title="bbox 2288 4188 3748 4266; baseline -0.003 -21"><span class='ocrx_word' id='word_1_871' title='bbox 2288 4193 2352 4264; x_wconf 86' lang='grc' dir='ltr'>β’.</span> <span class='ocrx_word' id='word_1_872' title='bbox 2371 4192 2557 4246; x_wconf 88' lang='grc' dir='ltr'>Βούλει</span> <span class='ocrx_word' id='word_1_873' title='bbox 2576 4193 2810 4257; x_wconf 75' lang='grc' dir='ltr'>καὶτοὺς</span> <span class='ocrx_word' id='word_1_874' title='bbox 2834 4192 3189 4266; x_wconf 87' lang='grc' dir='ltr'>σφοδρότερον</span> <span class='ocrx_word' id='word_1_875' title='bbox 3214 4195 3272 4248; x_wconf 89' lang='grc' dir='ltr'>ἐν</span> <span class='ocrx_word' id='word_1_876' title='bbox 3295 4195 3463 4266; x_wconf 71' lang='grc' dir='ltr'>κακία</span> <span class='ocrx_word' id='word_1_877' title='bbox 3484 4188 3748 4263; x_wconf 56' lang='grc' dir='ltr'>διατρίψαν-</span> 
     </span>
    </p>
   </div>
   <div class='ocr_carea' id='block_1_119' title="bbox 2215 4269 3747 4347">
    <p class='ocr_par' dir='ltr' id='par_1_119' title="bbox 2215 4269 3747 4347">
     <span class='ocr_line' id='line_1_119' title="bbox 2215 4269 3747 4347; baseline -0.006 -18"><span class='ocrx_word' id='word_1_878' title='bbox 2215 4292 2314 4338; x_wconf 90' lang='grc' dir='ltr'>τας</span> <span class='ocrx_word' id='word_1_879' title='bbox 2342 4273 2515 4337; x_wconf 78' lang='grc' dir='ltr'>εἴπω,</span> <span class='ocrx_word' id='word_1_880' title='bbox 2561 4269 2682 4329; x_wconf 83' lang='grc' dir='ltr'>εἶτα</span> <span class='ocrx_word' id='word_1_881' title='bbox 2714 4273 2910 4345; x_wconf 85' lang='grc' dir='ltr'>ἀθρόον</span> <span class='ocrx_word' id='word_1_882' title='bbox 2953 4274 3449 4347; x_wconf 88' lang='grc' dir='ltr'>μεταϐαλομένους,</span> <span class='ocrx_word' id='word_1_883' title='bbox 3483 4276 3571 4328; x_wconf 78' lang='grc' dir='ltr'>καὶ</span> <span class='ocrx_word' id='word_1_884' title='bbox 3606 4273 3747 4325; x_wconf 81' lang='grc' dir='ltr'>πᾶσαν</span> 
     </span>
    </p>
   </div>
   <div class='ocr_carea' id='block_1_120' title="bbox 2216 4350 3745 4430">
    <p class='ocr_par' dir='ltr' id='par_1_120' title="bbox 2216 4350 3745 4430">
     <span class='ocr_line' id='line_1_120' title="bbox 2216 4350 3745 4430; baseline -0.003 -19"><span class='ocrx_word' id='word_1_885' title='bbox 2216 4357 2432 4430; x_wconf 83' lang='grc' dir='ltr'>ἐκείνην</span> <span class='ocrx_word' id='word_1_886' title='bbox 2468 4356 2566 4428; x_wconf 79' lang='grc' dir='ltr'>τὴν</span> <span class='ocrx_word' id='word_1_887' title='bbox 2604 4359 2804 4413; x_wconf 88' lang='grc' dir='ltr'>κακίαν</span> <span class='ocrx_word' id='word_1_888' title='bbox 2837 4358 3321 4429; x_wconf 86' lang='grc' dir='ltr'>ἀποδυσαμένους;</span> <span class='ocrx_word' id='word_1_889' title='bbox 3351 4360 3417 4413; x_wconf 88' lang='grc' dir='ltr'>Τί</span> <span class='ocrx_word' id='word_1_890' title='bbox 3454 4360 3544 4413; x_wconf 82' lang='grc' dir='ltr'>τοῦ</span> <span class='ocrx_word' id='word_1_891' title='bbox 3584 4350 3745 4429; x_wconf 82' lang='grc' dir='ltr'>λῃστοῦ</span> 
     </span>
    </p>
   </div>
   <div class='ocr_carea' id='block_1_121' title="bbox 2215 4440 3745 4515">
    <p class='ocr_par' dir='ltr' id='par_1_121' title="bbox 2215 4440 3745 4515">
     <span class='ocr_line' id='line_1_121' title="bbox 2215 4440 3745 4515; baseline -0.003 -19"><span class='ocrx_word' id='word_1_892' title='bbox 2215 4443 2439 4512; x_wconf 89' lang='grc' dir='ltr'>γέγονεν</span> <span class='ocrx_word' id='word_1_893' title='bbox 2500 4440 2864 4514; x_wconf 85' lang='grc' dir='ltr'>ἀθλιώτερον;</span> <span class='ocrx_word' id='word_1_894' title='bbox 2930 4441 3069 4495; x_wconf 86' lang='grc' dir='ltr'>Ἀλλ’</span> <span class='ocrx_word' id='word_1_895' title='bbox 3126 4442 3323 4513; x_wconf 88' lang='grc' dir='ltr'>ἀθρόον</span> <span class='ocrx_word' id='word_1_896' title='bbox 3383 4443 3745 4515; x_wconf 84' lang='grc' dir='ltr'>μακαριώτερος</span> 
     </span>
    </p>
   </div>
   <div class='ocr_carea' id='block_1_122' title="bbox 2217 4524 3744 4598">
    <p class='ocr_par' dir='ltr' id='par_1_122' title="bbox 2217 4524 3744 4598">
     <span class='ocr_line' id='line_1_122' title="bbox 2217 4524 3744 4598; baseline -0.003 -20"><span class='ocrx_word' id='word_1_897' title='bbox 2217 4525 2390 4597; x_wconf 88' lang='grc' dir='ltr'>ἐφάνη</span> <span class='ocrx_word' id='word_1_898' title='bbox 2435 4524 2673 4579; x_wconf 87' lang='grc' dir='ltr'>πάντων.</span> <span class='ocrx_word' id='word_1_899' title='bbox 2714 4525 2906 4578; x_wconf 87' lang='grc' dir='ltr'>Καίτοι</span> <span class='ocrx_word' id='word_1_900' title='bbox 2960 4524 3186 4595; x_wconf 85' lang='grc' dir='ltr'>μυρίους</span> <span class='ocrx_word' id='word_1_901' title='bbox 3233 4527 3524 4598; x_wconf 83' lang='grc' dir='ltr'>εἰργάσατο</span> <span class='ocrx_word' id='word_1_902' title='bbox 3552 4524 3744 4593; x_wconf 77' lang='grc' dir='ltr'>φύνους⁸</span> 
     </span>
    </p>
   </div>
   <div class='ocr_carea' id='block_1_123' title="bbox 2217 4607 3747 4682">
    <p class='ocr_par' dir='ltr' id='par_1_123' title="bbox 2217 4607 3747 4682">
     <span class='ocr_line' id='line_1_123' title="bbox 2217 4607 3747 4682; baseline -0.007 -18"><span class='ocrx_word' id='word_1_903' title='bbox 2217 4610 2312 4664; x_wconf 77' lang='grc' dir='ltr'>καὶ</span> <span class='ocrx_word' id='word_1_904' title='bbox 2349 4611 2456 4682; x_wconf 91' lang='grc' dir='ltr'>γάρ</span> <span class='ocrx_word' id='word_1_905' title='bbox 2487 4609 2704 4680; x_wconf 91' lang='grc' dir='ltr'>σταυρῷ</span> <span class='ocrx_word' id='word_1_906' title='bbox 2737 4607 3140 4675; x_wconf 77' lang='grc' dir='ltr'>κατεδικάζετο,</span> <span class='ocrx_word' id='word_1_907' title='bbox 3174 4610 3271 4661; x_wconf 70' lang='grc' dir='ltr'>καὶ</span> <span class='ocrx_word' id='word_1_908' title='bbox 3310 4609 3407 4681; x_wconf 81' lang='grc' dir='ltr'>τὴν</span> <span class='ocrx_word' id='word_1_909' title='bbox 3431 4609 3523 4663; x_wconf 75' lang='grc' dir='ltr'>ἐπὶ</span> <span class='ocrx_word' id='word_1_910' title='bbox 3558 4608 3747 4662; x_wconf 84' lang='grc' dir='ltr'>θάνατον</span> 
     </span>
    </p>
   </div>
   <div class='ocr_carea' id='block_1_124' title="bbox 2216 4688 3747 4764">
    <p class='ocr_par' dir='ltr' id='par_1_124' title="bbox 2216 4688 3747 4764">
     <span class='ocr_line' id='line_1_124' title="bbox 2216 4688 3747 4764; baseline 0.001 -19"><span class='ocrx_word' id='word_1_911' title='bbox 2216 4694 2398 4763; x_wconf 70' lang='grc' dir='ltr'>ἤγετο,</span> <span class='ocrx_word' id='word_1_912' title='bbox 2433 4692 2528 4745; x_wconf 76' lang='grc' dir='ltr'>καὶ</span> <span class='ocrx_word' id='word_1_913' title='bbox 2556 4692 2760 4756; x_wconf 85' lang='grc' dir='ltr'>πάντες</span> <span class='ocrx_word' id='word_1_914' title='bbox 2799 4691 2967 4747; x_wconf 84' lang='grc' dir='ltr'>αὐτοῦ</span> <span class='ocrx_word' id='word_1_915' title='bbox 3007 4692 3370 4764; x_wconf 86' lang='grc' dir='ltr'>κατηγόρουν,</span> <span class='ocrx_word' id='word_1_916' title='bbox 3412 4693 3504 4745; x_wconf 78' lang='grc' dir='ltr'>καὶ</span> <span class='ocrx_word' id='word_1_917' title='bbox 3539 4691 3566 4743; x_wconf 86' lang='grc' dir='ltr'>ὁ</span> <span class='ocrx_word' id='word_1_918' title='bbox 3591 4688 3747 4759; x_wconf 75' lang='grc' dir='ltr'>χρόνος</span> 
     </span>
    </p>
   </div>
   <div class='ocr_carea' id='block_1_125' title="bbox 2214 4770 3743 4847">
    <p class='ocr_par' dir='ltr' id='par_1_125' title="bbox 2214 4770 3743 4847">
     <span class='ocr_line' id='line_1_125' title="bbox 2214 4770 3743 4847; baseline -0.001 -18"><span class='ocrx_word' id='word_1_919' title='bbox 2214 4776 2361 4840; x_wconf 74' lang='grc' dir='ltr'>ἅπας</span> <span class='ocrx_word' id='word_1_920' title='bbox 2387 4775 2695 4840; x_wconf 80' lang='grc' dir='ltr'>ἀνάλωτοι,</span> <span class='ocrx_word' id='word_1_921' title='bbox 2728 4775 2823 4829; x_wconf 79' lang='grc' dir='ltr'>καὶ</span> <span class='ocrx_word' id='word_1_922' title='bbox 2857 4776 2886 4827; x_wconf 87' lang='grc' dir='ltr'>ό</span> <span class='ocrx_word' id='word_1_923' title='bbox 2913 4774 3026 4845; x_wconf 83' lang='grc' dir='ltr'>βίος</span> <span class='ocrx_word' id='word_1_924' title='bbox 3065 4774 3402 4847; x_wconf 86' lang='grc' dir='ltr'>δεδαπάνητο</span> <span class='ocrx_word' id='word_1_925' title='bbox 3437 4777 3494 4829; x_wconf 81' lang='grc' dir='ltr'>ἐν</span> <span class='ocrx_word' id='word_1_926' title='bbox 3518 4770 3743 4843; x_wconf 69' lang='grc' dir='ltr'>πονηρίᾳ·</span> 
     </span>
    </p>
   </div>
   <div class='ocr_carea' id='block_1_126' title="bbox 2214 4851 3748 4930">
    <p class='ocr_par' dir='ltr' id='par_1_126' title="bbox 2214 4851 3748 4930">
     <span class='ocr_line' id='line_1_126' title="bbox 2214 4851 3748 4930; baseline 0.002 -19"><span class='ocrx_word' id='word_1_927' title='bbox 2214 4859 2330 4911; x_wconf 85' lang='grc' dir='ltr'>ἀλλ’</span> <span class='ocrx_word' id='word_1_928' title='bbox 2363 4858 2550 4928; x_wconf 76' lang='grc' dir='ltr'>ἐπειδὴ</span> <span class='ocrx_word' id='word_1_929' title='bbox 2595 4861 2653 4912; x_wconf 88' lang='grc' dir='ltr'>ἐν</span> <span class='ocrx_word' id='word_1_930' title='bbox 2682 4857 2877 4929; x_wconf 88' lang='grc' dir='ltr'>βραχεῖ</span> <span class='ocrx_word' id='word_1_931' title='bbox 2902 4857 3080 4930; x_wconf 86' lang='grc' dir='ltr'>χρόνῳ</span> <span class='ocrx_word' id='word_1_932' title='bbox 3101 4858 3193 4913; x_wconf 73' lang='grc' dir='ltr'>τὸν</span> <span class='ocrx_word' id='word_1_933' title='bbox 3219 4859 3350 4912; x_wconf 84' lang='grc' dir='ltr'>Θεὸν</span> <span class='ocrx_word' id='word_1_934' title='bbox 3387 4859 3462 4922; x_wconf 85' lang='grc' dir='ltr'>ὡς</span> <span class='ocrx_word' id='word_1_935' title='bbox 3487 4858 3584 4929; x_wconf 84' lang='grc' dir='ltr'>χρὴ</span> <span class='ocrx_word' id='word_1_936' title='bbox 3612 4851 3748 4922; x_wconf 68' lang='grc' dir='ltr'>φοϐη-</span> 
     </span>
    </p>
   </div>
   <div class='ocr_carea' id='block_1_127' title="bbox 2216 4938 3745 5013">
    <p class='ocr_par' dir='ltr' id='par_1_127' title="bbox 2216 4938 3745 5013">
     <span class='ocr_line' id='line_1_127' title="bbox 2216 4938 3745 5013; baseline 0 -17"><span class='ocrx_word' id='word_1_937' title='bbox 2216 4943 2376 5011; x_wconf 83' lang='grc' dir='ltr'>θῆναι</span> <span class='ocrx_word' id='word_1_938' title='bbox 2400 4942 2663 5013; x_wconf 85' lang='grc' dir='ltr'>ἐφοϐήθη,</span> <span class='ocrx_word' id='word_1_939' title='bbox 2695 4940 2962 5013; x_wconf 87' lang='grc' dir='ltr'>μακάριος</span> <span class='ocrx_word' id='word_1_940' title='bbox 2987 4942 3198 5010; x_wconf 84' lang='grc' dir='ltr'>γέγονε.</span> <span class='ocrx_word' id='word_1_941' title='bbox 3224 4941 3379 4996; x_wconf 85' lang='grc' dir='ltr'>Οῦτω</span> <span class='ocrx_word' id='word_1_942' title='bbox 3410 4941 3551 5011; x_wconf 81' lang='grc' dir='ltr'>καίη</span> <span class='ocrx_word' id='word_1_943' title='bbox 3583 4938 3745 5007; x_wconf 73' lang='grc' dir='ltr'>πόρνη.</span> 
     </span>
    </p>
   </div>
   <div class='ocr_carea' id='block_1_128' title="bbox 2214 5020 3746 5096">
    <p class='ocr_par' dir='ltr' id='par_1_128' title="bbox 2214 5020 3746 5096">
     <span class='ocr_line' id='line_1_128' title="bbox 2214 5020 3746 5096; baseline -0.006 -18"><span class='ocrx_word' id='word_1_944' title='bbox 2214 5026 2417 5096; x_wconf 88' lang='grc' dir='ltr'>καίπερ</span> <span class='ocrx_word' id='word_1_945' title='bbox 2444 5024 2543 5096; x_wconf 86' lang='grc' dir='ltr'>τὴν</span> <span class='ocrx_word' id='word_1_946' title='bbox 2564 5024 2713 5096; x_wconf 86' lang='grc' dir='ltr'>ὥραν</span> <span class='ocrx_word' id='word_1_947' title='bbox 2740 5024 3174 5095; x_wconf 87' lang='grc' dir='ltr'>ἐμπορευομένη,</span> <span class='ocrx_word' id='word_1_948' title='bbox 3207 5026 3300 5078; x_wconf 77' lang='grc' dir='ltr'>καὶ</span> <span class='ocrx_word' id='word_1_949' title='bbox 3330 5026 3492 5078; x_wconf 83' lang='grc' dir='ltr'>πᾶσιν</span> <span class='ocrx_word' id='word_1_950' title='bbox 3523 5024 3597 5085; x_wconf 85' lang='grc' dir='ltr'>εἰς</span> <span class='ocrx_word' id='word_1_951' title='bbox 3620 5020 3746 5088; x_wconf 78' lang='grc' dir='ltr'>ὕϐριν</span> 
     </span>
    </p>
   </div>
   <div class='ocr_carea' id='block_1_129' title="bbox 2213 5102 3741 5179">
    <p class='ocr_par' dir='ltr' id='par_1_129' title="bbox 2213 5102 3741 5179">
     <span class='ocr_line' id='line_1_129' title="bbox 2213 5102 3741 5179; baseline -0.002 -17"><span class='ocrx_word' id='word_1_952' title='bbox 2213 5108 2574 5179; x_wconf 87' lang='grc' dir='ltr'>προκειμένη,</span> <span class='ocrx_word' id='word_1_953' title='bbox 2607 5108 2703 5161; x_wconf 76' lang='grc' dir='ltr'>καὶ</span> <span class='ocrx_word' id='word_1_954' title='bbox 2732 5107 2820 5161; x_wconf 81' lang='grc' dir='ltr'>διὰ</span> <span class='ocrx_word' id='word_1_955' title='bbox 2859 5107 3015 5160; x_wconf 87' lang='grc' dir='ltr'>τοῦτο</span> <span class='ocrx_word' id='word_1_956' title='bbox 3042 5108 3259 5162; x_wconf 83' lang='grc' dir='ltr'>πάντων</span> <span class='ocrx_word' id='word_1_957' title='bbox 3290 5104 3423 5162; x_wconf 79' lang='grc' dir='ltr'>οὖσα</span> <span class='ocrx_word' id='word_1_958' title='bbox 3457 5102 3741 5170; x_wconf 73' lang='grc' dir='ltr'>ἀθλιωτέρα,</span> 
     </span>
    </p>
   </div>
   <div class='ocr_carea' id='block_1_130' title="bbox 2216 5183 3745 5265">
    <p class='ocr_par' dir='ltr' id='par_1_130' title="bbox 2216 5183 3745 5265">
     <span class='ocr_line' id='line_1_130' title="bbox 2216 5183 3745 5265; baseline -0.008 -18"><span class='ocrx_word' id='word_1_959' title='bbox 2216 5193 2459 5265; x_wconf 82' lang='grc' dir='ltr'>μακαρία</span> <span class='ocrx_word' id='word_1_960' title='bbox 2488 5192 2744 5263; x_wconf 85' lang='grc' dir='ltr'>κατέστη,</span> <span class='ocrx_word' id='word_1_961' title='bbox 2777 5191 2867 5245; x_wconf 86' lang='grc' dir='ltr'>τὸν</span> <span class='ocrx_word' id='word_1_962' title='bbox 2900 5190 3033 5245; x_wconf 83' lang='grc' dir='ltr'>Θεὸν</span> <span class='ocrx_word' id='word_1_963' title='bbox 3062 5191 3138 5254; x_wconf 84' lang='grc' dir='ltr'>ώς</span> <span class='ocrx_word' id='word_1_964' title='bbox 3162 5190 3243 5244; x_wconf 88' lang='grc' dir='ltr'>δεῖ</span> <span class='ocrx_word' id='word_1_965' title='bbox 3278 5191 3580 5262; x_wconf 76' lang='grc' dir='ltr'>φοϐηθεῖσα.</span> <span class='ocrx_word' id='word_1_966' title='bbox 3610 5183 3745 5239; x_wconf 72' lang='grc' dir='ltr'>Οὐδὲν</span> 
     </span>
    </p>
   </div>
   <div class='ocr_carea' id='block_1_131' title="bbox 2215 5266 3743 5348">
    <p class='ocr_par' dir='ltr' id='par_1_131' title="bbox 2215 5266 3743 5348">
     <span class='ocr_line' id='line_1_131' title="bbox 2215 5266 3743 5348; baseline -0.005 -18"><span class='ocrx_word' id='word_1_967' title='bbox 2215 5279 2322 5348; x_wconf 87' lang='grc' dir='ltr'>γάρ</span> <span class='ocrx_word' id='word_1_968' title='bbox 2353 5279 2467 5329; x_wconf 89' lang='grc' dir='ltr'>ἐστι</span> <span class='ocrx_word' id='word_1_969' title='bbox 2516 5274 2704 5340; x_wconf 78' lang='grc' dir='ltr'>κακὸν,</span> <span class='ocrx_word' id='word_1_970' title='bbox 2736 5274 2765 5327; x_wconf 84' lang='grc' dir='ltr'>δ</span> <span class='ocrx_word' id='word_1_971' title='bbox 2815 5275 2889 5344; x_wconf 81' lang='grc' dir='ltr'>μὴ</span> <span class='ocrx_word' id='word_1_972' title='bbox 2926 5273 3206 5329; x_wconf 88' lang='grc' dir='ltr'>σϐέννυσιν</span> <span class='ocrx_word' id='word_1_973' title='bbox 3230 5276 3258 5329; x_wconf 88' lang='grc' dir='ltr'>ό</span> <span class='ocrx_word' id='word_1_974' title='bbox 3286 5274 3379 5328; x_wconf 81' lang='grc' dir='ltr'>τοῦ</span> <span class='ocrx_word' id='word_1_975' title='bbox 3422 5271 3550 5326; x_wconf 86' lang='grc' dir='ltr'>Θεοῦ</span> 
     </span>
    </p>
   </div>
   <div class='ocr_carea' id='block_1_132' title="bbox 2211 5346 3745 5430">
    <p class='ocr_par' dir='ltr' id='par_1_132' title="bbox 2211 5346 3745 5430">
     <span class='ocr_line' id='line_1_132' title="bbox 2211 5346 3745 5430; baseline -0.007 -19"><span class='ocrx_word' id='word_1_976' title='bbox 2211 5346 2346 5413; x_wconf 82' lang='grc' dir='ltr'>ἀλλὰ</span> <span class='ocrx_word' id='word_1_977' title='bbox 2398 5358 2649 5429; x_wconf 88' lang='grc' dir='ltr'>καθάπερ</span> <span class='ocrx_word' id='word_1_978' title='bbox 2693 5358 2754 5410; x_wconf 85' lang='grc' dir='ltr'>τὸ</span> <span class='ocrx_word' id='word_1_979' title='bbox 2800 5356 2913 5428; x_wconf 76' lang='grc' dir='ltr'>πῦρ</span> <span class='ocrx_word' id='word_1_980' title='bbox 2953 5366 2980 5403; x_wconf 81' lang='lat' dir='ltr'><strong>k</strong></span> <span class='ocrx_word' id='word_1_981' title='bbox 3024 5352 3136 5411; x_wconf 75' lang='grc' dir='ltr'>οἷον</span> <span class='ocrx_word' id='word_1_982' title='bbox 3172 5357 3238 5412; x_wconf 82' lang='grc' dir='ltr'>ἂν</span> <span class='ocrx_word' id='word_1_983' title='bbox 3280 5356 3418 5430; x_wconf 85' lang='grc' dir='ltr'>λάϐῃ</span> <span class='ocrx_word' id='word_1_984' title='bbox 3460 5354 3656 5422; x_wconf 83' lang='grc' dir='ltr'>σίδηρον</span> <span class='ocrx_word' id='word_1_985' title='bbox 3684 5346 3745 5430; x_wconf 68' lang='grc' dir='ltr'>δι’</span> 
     </span>
    </p>
   </div>
   <div class='ocr_carea' id='block_1_133' title="bbox 2210 5428 3745 5513">
    <p class='ocr_par' dir='ltr' id='par_1_133' title="bbox 2210 5428 3745 5513">
     <span class='ocr_line' id='line_1_133' title="bbox 2210 5428 3745 5513; baseline -0.009 -18"><span class='ocrx_word' id='word_1_986' title='bbox 2210 5428 2629 5513; x_wconf 75' lang='grc' dir='ltr'>εστραμμένον,</span> <span class='ocrx_word' id='word_1_987' title='bbox 2656 5442 2688 5513; x_wconf 86' lang='grc' dir='ltr'>ἢ</span> <span class='ocrx_word' id='word_1_988' title='bbox 2740 5442 2818 5494; x_wconf 90' lang='grc' dir='ltr'>ἰοῦ</span> <span class='ocrx_word' id='word_1_989' title='bbox 2850 5439 3047 5493; x_wconf 88' lang='grc' dir='ltr'>πολλοῦ</span> <span class='ocrx_word' id='word_1_990' title='bbox 3091 5441 3358 5512; x_wconf 89' lang='grc' dir='ltr'>γέμοντα,</span> <span class='ocrx_word' id='word_1_991' title='bbox 3392 5428 3491 5492; x_wconf 72' lang='grc' dir='ltr'>καὶ</span> <span class='ocrx_word' id='word_1_992' title='bbox 3530 5428 3745 5503; x_wconf 76' lang='grc' dir='ltr'>λαμπρὸν</span> 
     </span>
    </p>
   </div>
   <div class='ocr_carea' id='block_1_134' title="bbox 2271 5577 3724 5641">
    <p class='ocr_par' dir='ltr' id='par_1_134' title="bbox 2271 5577 3724 5641">
     <span class='ocr_line' id='line_1_134' title="bbox 2271 5577 3724 5641; baseline -0.001 -14"><span class='ocrx_word' id='word_1_993' title='bbox 2271 5577 2469 5641; x_wconf 69' lang='grc' dir='ltr'>εειινὶί.</span> <span class='ocrx_word' id='word_1_994' title='bbox 2493 5580 2589 5627; x_wconf 84' lang='grc' dir='ltr'>τῶν</span> <span class='ocrx_word' id='word_1_995' title='bbox 2611 5578 2923 5641; x_wconf 80' lang='grc' dir='ltr'>ἀνθρωπίνων.</span> <span class='ocrx_word' id='word_1_996' title='bbox 3020 5639 3031 5641; x_wconf 15' lang='grc' dir='ltr'>ξ</span> <span class='ocrx_word' id='word_1_997' title='bbox 3416 5638 3435 5641; x_wconf 27' lang='lat'><em>4</em></span> <span class='ocrx_word' id='word_1_998' title='bbox 3556 5634 3565 5641; x_wconf 87' lang='lat'><strong><em>_</em></strong></span> <span class='ocrx_word' id='word_1_999' title='bbox 3658 5630 3677 5641; x_wconf 42' lang='grc' dir='ltr'><strong>Δ</strong></span> <span class='ocrx_word' id='word_1_1000' title='bbox 3716 5625 3724 5641; x_wconf 63' lang='grc'>,</span> 
     </span>
    </p>
   </div>
   <div class='ocr_carea' id='block_1_135' title="bbox 2272 5630 3740 5700">
    <p class='ocr_par' dir='ltr' id='par_1_135' title="bbox 2272 5630 3740 5700">
     <span class='ocr_line' id='line_1_135' title="bbox 2272 5630 3740 5700; baseline -0.007 -10"><span class='ocrx_word' id='word_1_1001' title='bbox 2272 5640 2297 5675; x_wconf 78' lang='grc' dir='ltr'>ιι</span> <span class='ocrx_word' id='word_1_1002' title='bbox 2333 5642 2416 5689; x_wconf 89' lang='lat' dir='ltr'>Sic</span> <span class='ocrx_word' id='word_1_1003' title='bbox 2441 5641 2632 5697; x_wconf 57' lang='grc' dir='ltr'>δίου-ειη</span> <span class='ocrx_word' id='word_1_1004' title='bbox 2655 5630 2805 5690; x_wconf 67' lang='grc' dir='ltr'>εἱινίι.</span> <span class='ocrx_word' id='word_1_1005' title='bbox 2841 5645 2897 5688; x_wconf 82' lang='lat' dir='ltr'>el.</span> <span class='ocrx_word' id='word_1_1006' title='bbox 2914 5639 3112 5700; x_wconf 84' lang='lat' dir='ltr'><strong>quidam</strong></span> <span class='ocrx_word' id='word_1_1007' title='bbox 3140 5653 3254 5689; x_wconf 88' lang='lat' dir='ltr'>mss.</span> <span class='ocrx_word' id='word_1_1008' title='bbox 3279 5639 3375 5689; x_wconf 80' lang='lat' dir='ltr'><strong>Alii</strong></span> <span class='ocrx_word' id='word_1_1009' title='bbox 3412 5634 3579 5700; x_wconf 72' lang='grc' dir='ltr'>ἔχειτὰ</span> 
     </span>
    </p>
   </div>
   <div class='ocr_carea' id='block_1_136' title="bbox 2275 5692 3743 5764">
    <p class='ocr_par' dir='ltr' id='par_1_136' title="bbox 2275 5692 3743 5764">
     <span class='ocr_line' id='line_1_136' title="bbox 2275 5692 3743 5764; baseline 0.009 -24"><span class='ocrx_word' id='word_1_1010' title='bbox 2275 5702 2288 5740; x_wconf 77' lang='grc' dir='ltr'>ι</span> <span class='ocrx_word' id='word_1_1011' title='bbox 2349 5703 2471 5764; x_wconf 78' lang='grc' dir='ltr'>Οὐχὶ</span> <span class='ocrx_word' id='word_1_1012' title='bbox 2532 5692 2698 5757; x_wconf 77' lang='grc' dir='ltr'>ἄπολις</span> <span class='ocrx_word' id='word_1_1013' title='bbox 2755 5692 2947 5751; x_wconf 63' lang='grc' dir='ltr'>ἀρεταί</span> <span class='ocrx_word' id='word_1_1014' title='bbox 2982 5700 3032 5750; x_wconf 88' lang='lat' dir='ltr'>in</span> <span class='ocrx_word' id='word_1_1015' title='bbox 3088 5702 3263 5752; x_wconf 77' lang='lat' dir='ltr'>Morel.</span> <span class='ocrx_word' id='word_1_1016' title='bbox 3328 5692 3743 5759; x_wconf 68' lang='grc' dir='ltr'>Μοι”ἀγραιιτέρυν</span> 
     </span>
    </p>
   </div>
   <div class='ocr_carea' id='block_1_137' title="bbox 2206 5764 3024 5824">
    <p class='ocr_par' dir='ltr' id='par_1_137' title="bbox 2206 5764 3024 5824">
     <span class='ocr_line' id='line_1_137' title="bbox 2206 5764 3024 5824; baseline -0.002 -11"><span class='ocrx_word' id='word_1_1017' title='bbox 2206 5767 2301 5813; x_wconf 82' lang='grc' dir='ltr'>τῶν</span> <span class='ocrx_word' id='word_1_1018' title='bbox 2322 5765 2466 5811; x_wconf 61' lang='lat' dir='ltr'>deest</span> <span class='ocrx_word' id='word_1_1019' title='bbox 2491 5764 2544 5812; x_wconf 87' lang='lat' dir='ltr'><strong>in</strong></span> <span class='ocrx_word' id='word_1_1020' title='bbox 2570 5764 2725 5812; x_wconf 81' lang='lat' dir='ltr'>Suvil.</span> <span class='ocrx_word' id='word_1_1021' title='bbox 2803 5823 2809 5824; x_wconf 16' lang='grc' dir='ltr'>ί</span> <span class='ocrx_word' id='word_1_1022' title='bbox 3019 5818 3024 5824; x_wconf 87' lang='lat'><strong><em>_</em></strong></span> 
     </span>
    </p>
   </div>
   <div class='ocr_carea' id='block_1_138' title="bbox 2286 5823 3326 5875">
    <p class='ocr_par' dir='ltr' id='par_1_138' title="bbox 2286 5823 3326 5875">
     <span class='ocr_line' id='line_1_138' title="bbox 2286 5823 3326 5875; baseline -0.002 0"><span class='ocrx_word' id='word_1_1023' title='bbox 2286 5837 2299 5875; x_wconf 72' lang='grc' dir='ltr'><strong>Ι</strong></span> <span class='ocrx_word' id='word_1_1024' title='bbox 2335 5825 2483 5873; x_wconf 75' lang='lat' dir='ltr'>Suvil.</span> <span class='ocrx_word' id='word_1_1025' title='bbox 2506 5825 2740 5873; x_wconf 67' lang='grc' dir='ltr'>ἢνάλωτο.</span> <span class='ocrx_word' id='word_1_1026' title='bbox 2767 5823 2875 5872; x_wconf 79' lang='grc' dir='ltr'><strong>ΜοΧ</strong></span> <span class='ocrx_word' id='word_1_1027' title='bbox 2907 5824 3057 5874; x_wconf 81' lang='lat' dir='ltr'>Savil.</span> <span class='ocrx_word' id='word_1_1028' title='bbox 3089 5825 3191 5873; x_wconf 84' lang='grc' dir='ltr'>ἀλλ’</span> <span class='ocrx_word' id='word_1_1029' title='bbox 3213 5823 3326 5873; x_wconf 81' lang='grc' dir='ltr'>ἐπεί.</span> 
     </span>
    </p>
   </div>
   <div class='ocr_carea' id='block_1_139' title="bbox 2280 5872 3739 5953">
    <p class='ocr_par' dir='ltr' id='par_1_139' title="bbox 2280 5872 3739 5953">
     <span class='ocr_line' id='line_1_139' title="bbox 2280 5872 3739 5953; baseline -0.008 -19"><span class='ocrx_word' id='word_1_1030' title='bbox 2280 5872 2476 5953; x_wconf 53' lang='grc' dir='ltr'>ἑξεινίί.</span> <span class='ocrx_word' id='word_1_1031' title='bbox 2500 5889 2661 5953; x_wconf 36' lang='grc' dir='ltr'>φόϐος..</span> <span class='ocrx_word' id='word_1_1032' title='bbox 2682 5872 2902 5953; x_wconf 52' lang='grc' dir='ltr'>Καθάπερ</span> <span class='ocrx_word' id='word_1_1033' title='bbox 2920 5872 3026 5953; x_wconf 44' lang='grc' dir='ltr'>οὖν</span> <span class='ocrx_word' id='word_1_1034' title='bbox 3048 5872 3117 5934; x_wconf 66' lang='grc' dir='ltr'>τό</span> <span class='ocrx_word' id='word_1_1035' title='bbox 3134 5872 3243 5953; x_wconf 61' lang='grc' dir='ltr'>πῦο.</span> <span class='ocrx_word' id='word_1_1036' title='bbox 3273 5872 3417 5953; x_wconf 68' lang='grc' dir='ltr'>Ραμιρ</span> <span class='ocrx_word' id='word_1_1037' title='bbox 3441 5872 3739 5953; x_wconf 35' lang='grc' dir='ltr'>ρρςίνίίοειςξ</span> 
     </span>
    </p>
   </div>
   <div class='ocr_carea' id='block_1_140' title="bbox 2218 5944 3732 6012">
    <p class='ocr_par' dir='ltr' id='par_1_140' title="bbox 2218 5944 3732 6012">
     <span class='ocr_line' id='line_1_140' title="bbox 2218 5944 3732 6012; baseline -0.002 -16"><span class='ocrx_word' id='word_1_1038' title='bbox 2218 5949 2364 6012; x_wconf 72' lang='lat' dir='ltr'>Savil.</span> <span class='ocrx_word' id='word_1_1039' title='bbox 2390 5949 2473 6012; x_wconf 49' lang='lat' dir='ltr'>ml</span> <span class='ocrx_word' id='word_1_1040' title='bbox 2508 5944 2716 6012; x_wconf 55' lang='grc' dir='ltr'>φαιδρὸν,</span> <span class='ocrx_word' id='word_1_1041' title='bbox 2753 5944 3025 6012; x_wconf 72' lang='grc' dir='ltr'>ἀποσμήχει</span> <span class='ocrx_word' id='word_1_1042' title='bbox 3054 5949 3172 6007; x_wconf 82' lang='grc' dir='ltr'>μετὰ</span> <span class='ocrx_word' id='word_1_1043' title='bbox 3204 5944 3454 6012; x_wconf 73' lang='grc' dir='ltr'>ἀκριϐείας</span> <span class='ocrx_word' id='word_1_1044' title='bbox 3474 5944 3640 5995; x_wconf 79' lang='grc' dir='ltr'>ἀπάσης</span> <span class='ocrx_word' id='word_1_1045' title='bbox 3668 5948 3732 5982; x_wconf 71' lang='grc' dir='ltr'>καί</span> 
     </span>
    </p>
   </div>
   <div class='ocr_carea' id='block_1_141' title="bbox 2216 6009 3247 6073">
    <p class='ocr_par' dir='ltr' id='par_1_141' title="bbox 2216 6009 3247 6073">
     <span class='ocr_line' id='line_1_141' title="bbox 2216 6009 3247 6073; baseline 0.031 -17"><span class='ocrx_word' id='word_1_1046' title='bbox 2216 6011 2299 6066; x_wconf 75' lang='grc' dir='ltr'>τήν</span> <span class='ocrx_word' id='word_1_1047' title='bbox 2324 6011 2640 6073; x_wconf 46' lang='grc' dir='ltr'>τεθέαται</span> <span class='ocrx_word' id='word_1_1048' title='bbox 2669 6009 2859 6072; x_wconf 58' lang='grc' dir='ltr'>τὶνατῦεῗι</span> <span class='ocrx_word' id='word_1_1049' title='bbox 2882 6010 3057 6059; x_wconf 37' lang='lat' dir='ltr'>unum</span> <span class='ocrx_word' id='word_1_1050' title='bbox 3076 6022 3122 6060; x_wconf 45' lang='grc' dir='ltr'>δέ</span> <span class='ocrx_word' id='word_1_1051' title='bbox 3139 6023 3247 6061; x_wconf 71' lang='lat' dir='ltr'>nsu&#39;</span> 
     </span>
    </p>
   </div>
  </div>
