3956 6412
215 386 316 444 365

220 501 614 571 providentiam
646 518 660 556 :
693 500 785 557 sed
825 500 876 555 in
901 500 1145 557 omnibus
1178 500 1307 555 clari
1348 512 1401 555 et
1426 499 1593 571 gloria
1642 499 1804 570 pleni,

219 605 435 665 propter
448 594 748 660 civitatem,
774 600 988 663 propter
1006 607 1207 656 muros,
1238 600 1455 661 propter
1480 592 1805 655 custodiam,

217 694 440 757 pmpter
482 686 711 751 liberos,
755 694 973 756 propter
1008 699 1176 751 arma,
1223 692 1442 755 propter
1472 685 1765 755 potentiam
1791 725 1806 749 ,

209 792 324 830 non
351 791 409 831 se
440 785 626 846 tegent
666 791 776 845 pra:
803 775 1004 844 pudore
1032 774 1273 830 videntes
1302 774 1550 830 inimicos
1572 818 1585 839 ,
1606 775 1700 831 sed
1728 777 1806 829 eis

214 869 479 925 acerrime
500 876 805 933 occurrent,
837 868 1122 938 gloriantes
1146 908 1160 932 ,
1188 867 1289 922 sibi
1335 864 1608 936 placentes
1632 909 1647 934 ,
1690 883 1804 921 ma-

214 975 347 1031 gnos
373 968 648 1013 sumentes
676 959 912 1030 spiritus,
941 967 996 1013 et
1024 960 1218 1021 ornati,
1250 973 1371 1012 cum
1403 959 1544 1013 Deus
1560 974 1657 1028 per
1686 957 1801 1014 hazc

212 1050 391 1108 omnia
436 1050 684 1105 ostendat
732 1064 792 1105 se
839 1065 1025 1105 eorum
1074 1051 1373 1120 suscepisse
1421 1051 1795 1121 patrocinium.

210 1146 431 1199 Summa
460 1142 601 1197 enim
623 1142 903 1209 bonorum,
929 1150 983 1197 et
1007 1142 1274 1198 felicitatis
1301 1143 1510 1199 culmen
1537 1153 1615 1198 est
1643 1141 1800 1197 dein-

207 1251 368 1305 ceps,
396 1245 642 1290 ornatum
673 1245 726 1290 et
756 1236 1071 1291 instructum
1113 1250 1232 1292 esse
1261 1237 1356 1291 Dei
1383 1236 1606 1291 auxilio.
1643 1236 1707 1291 Et
1733 1252 1795 1291 ea

204 1332 270 1385 de
311 1344 473 1384 causa
517 1328 604 1383 hic
650 1328 764 1383 ﬁnit
805 1329 1135 1397 orationem,
1182 1330 1382 1387 docens
1432 1345 1624 1386 omnes
1670 1340 1795 1385 ante

198 1421 383 1476 munia
421 1419 563 1474 hunc
600 1429 843 1475 ornatum
888 1436 1162 1490 quaerere,
1189 1430 1243 1476 et
1274 1437 1340 1477 eo
1377 1423 1616 1493 gloriari.
1657 1422 1790 1477 Eum

201 1526 331 1579 ergo
360 1527 458 1565 nos
487 1527 697 1580 quoque
729 1526 1139 1582 persequamur,
1174 1521 1232 1566 ιιι
1256 1522 1453 1566 mterna
1493 1527 1793 1581 consequa-

197 1619 320 1656 nntr
348 1604 518 1668 bona,
546 1604 713 1673 gratia
743 1612 797 1657 et
838 1603 1165 1674 benignitate
1196 1603 1407 1658 Domini
1447 1604 1614 1657 nostri
1661 1602 1788 1657 Jesu

196 1694 432 1760 (Zbri-ti,
459 1695 543 1748 cui
585 1710 704 1749 eum
755 1695 914 1749 Patre
950 1706 1006 1751 et
1040 1695 1242 1766 Spiritu
1290 1706 1477 1751 sancto
1515 1695 1688 1766 gloria
1734 1696 1786 1748 in

195 1788 391 1843 s-a-cnla
416 1788 757 1842 smcnlorum.
790 1789 983 1844 Amen.

620 1923 686 1978 IN
724 1922 1048 1985 PSALMUM
1095 1924 1354 1981 CXXVII.

454 2036 507 2090 1.
545 2034 690 2089 Beati
710 2052 879 2090 omnes
906 2037 994 2107 qui
1021 2037 1192 2091 timent
1222 2036 1513 2092 Dominum.

259 2151 312 2204 i.
344 2149 480 2203 Vide
519 2148 786 2220 quomodo
830 2148 898 2202 ab
942 2163 1006 2205 eo
1034 2149 1238 2219 incipit,
1267 2149 1318 2203 in
1358 2165 1465 2219 quo
1489 2148 1664 2205 desiit.
1710 2148 1780 2206 Ut

185 2242 330 2295 enim
359 2241 467 2295 illic
494 2254 589 2295 eos
611 2240 793 2295 beatos
824 2249 1103 2310 propterea
1131 2241 1370 2307 censuit,
1402 2240 1544 2312 quod
1573 2240 1777 2311 pudore

185 2349 291 2386 non
320 2332 725 2396 afﬁciebantur,
756 2331 900 2401 quod
944 2331 1112 2387 Deum
1150 2331 1419 2386 habebant
1454 2331 1771 2402 adiutorem,

182 2434 235 2478 et
260 2432 492 2477 stantem
536 2436 564 2475 a
595 2422 703 2477 suis
748 2422 987 2492 partibus
1038 2421 1216 2494 (Psal.
1264 2422 1384 2477 {26.
1429 2423 1498 2492 5)
1536 2423 1652 2477 :ita
1688 2422 1775 2479 hic

181 2516 345 2570 etiam
373 2515 443 2570 ab
469 2530 534 2570 eo
562 2514 804 2581 orditur,
848 2513 1034 2569 dicens
1059 2531 1072 2567 :
1107 2513 1248 2568 Beati
1279 2532 1447 2569 omnes
1475 2516 1559 2585 qui
1601 2515 1772 2569 timent

181 2608 479 2662 hominum.
512 2607 575 2661 Et
602 2620 805 2668 rursus,
829 2613 1041 2675 sumpto
1070 2605 1259 2659 abillis
1287 2606 1568 2676 principio,
1594 2605 1772 2675 loqui-

180 2709 265 2753 tur
290 2698 632 2769 generaliter.
656 2698 821 2753 Recte
848 2708 1034 2761 autem
1058 2698 1208 2766 dixit,
1237 2698 1441 2762 Omnes,
1464 2698 1769 2769 signiﬁcans

176 2793 317 2862 quod
346 2793 463 2846 sive
487 2790 557 2845 sit
584 2805 794 2859 servus,
827 2791 939 2846 sive
968 2790 1234 2857 dominus,
1268 2792 1383 2847 sive
1410 2806 1630 2862 pauper,
1655 2792 1769 2847 sive

177 2885 393 2939 mutilus
430 2899 692 2953 corpore,
741 2898 804 2939 ac
843 2884 1075 2955 denique
1113 2886 1433 2956 quicumque
1475 2885 1583 2953 sit,
1634 2883 1763 2940 nihil

173 2994 360 3034 eorum
388 2988 531 3035 vetat
554 2980 838 3051 quominus
879 2980 1071 3035 habeat
1095 2979 1234 3035 hanc
1278 2994 1436 3050 quam
1483 2979 1598 3049 ipse
1635 2978 1765 3034 dicit

172 3072 575 3130 beatitudinem.
598 3073 772 3129 Alium
800 3076 942 3127 enim
970 3073 1150 3128 ﬁctum
1177 3082 1231 3129 et
1253 3073 1579 3133 simulatum,
1602 3086 1760 3142 quem

172 3165 328 3219 multi
358 3165 562 3219 beatum
577 3164 886 3235 praedicant,
908 3164 1070 3219 multa
1097 3164 1468 3219 concurrentia
1489 3164 1575 3217 vix
1600 3163 1758 3218 talem

172 3255 379 3311 faciunt
407 3272 421 3309 :
447 3266 500 3312 et
530 3256 631 3311 nisi
660 3256 835 3311 omnia
863 3258 1232 3312 concurrerint
1255 3297 1270 3322 ,
1312 3271 1422 3311 non
1451 3255 1612 3311 fuerit
1639 3257 1758 3326 quis

166 3348 359 3402 beatus
405 3348 544 3418 apud
586 3347 867 3406 homines:
911 3356 971 3403 ut
1009 3348 1160 3404 verbi
1202 3349 1417 3419 gratia:
1459 3349 1505 3403 si
1542 3349 1660 3420 quis
1689 3348 1759 3404 sit

165 3440 340 3507 dives,
373 3439 477 3494 hoc
504 3440 551 3495 ei
587 3455 693 3495 non
714 3440 913 3497 sufﬁcit
940 3440 1007 3496 ad
1036 3440 1420 3497 beatitudinem
1440 3482 1456 3510 ,
1488 3442 1587 3497 nisi
1617 3441 1756 3497 adsit

164 3534 390 3588 sanitas.
421 3532 475 3589 Si
504 3535 647 3589 enim
676 3534 745 3589 sit
769 3534 938 3602 dives,
971 3542 1025 3589 et
1043 3550 1267 3604 corpore
1285 3535 1523 3602 mutilus,
1551 3535 1754 3591 claudi-

162 3633 251 3679 cat
279 3625 397 3695 ejus
427 3624 697 3681 beatitudo
715 3667 729 3692 ,
760 3636 814 3681 et
843 3632 928 3681 est
951 3626 1197 3682 miserior
1224 3628 1563 3697 pauperibus.
1606 3628 1753 3684 Multi

163 3725 312 3771 certe
337 3716 529 3771 divites
557 3732 678 3771 cum
710 3717 912 3772 morbis
932 3717 1321 3786 conﬂictantes,
1354 3734 1634 3789 pauperes,
1662 3721 1752 3791 qui

163 3808 396 3878 compita
420 3808 786 3865 mendicantes
807 3809 1024 3876 obeunt,
1045 3809 1226 3866 felices
1246 3825 1367 3866 esse
1386 3810 1589 3879 dicunt,
1613 3821 1667 3867 et
1693 3828 1753 3869 se

161 3899 391 3953 miseros
418 3913 538 3954 esse
563 3898 764 3954 ducunt
790 3914 913 3955 cum
950 3899 1131 3956 decies
1167 3900 1315 3956 mille
1340 3901 1570 3956 talentis.
1614 3902 1753 3957 Bur-

159 4005 253 4045 sus
280 3990 324 4044 si
355 3989 423 4044 sit
448 3990 662 4060 quidem
687 4004 818 4046 sano
842 4005 1067 4060 corpore
1105 4000 1159 4045 et
1183 3990 1352 4058 dives,
1374 3991 1542 4062 gloria
1572 4001 1748 4046 autem

160 4094 217 4139 et
246 4083 453 4139 honore
495 4092 708 4151 careat,
756 4096 840 4142 est
879 4086 1021 4165 aliud
1066 4102 1250 4143 rursus
1288 4087 1748 4158 impedimentum.

160 4178 301 4233 Sunt
330 4178 471 4233 enim
498 4178 737 4233 nonnulli
766 4179 857 4249 qui
898 4179 1188 4249 plurimum
1231 4180 1444 4250 quidem
1472 4181 1751 4249 possident

160 4271 440 4340 pecuniae,
474 4276 703 4341 suntque
741 4285 968 4341 corpore
994 4272 1238 4342 integro:
1286 4273 1380 4328 sed
1428 4273 1495 4327 ab
1531 4273 1594 4328 iis
1617 4315 1631 4338 ,
1658 4275 1748 4344 qui

150 4356 429 4433 principes
449 4371 503 4417 et
520 4362 682 4418 duces
701 4370 845 4430 sunt,
869 4363 1176 4433 gravissima
1198 4365 1492 4435 patiuntur.
1513 4366 1590 4421 Eo
1605 4367 1745 4421 enim

157 4455 303 4526 quod
342 4455 536 4510 nullius
576 4456 685 4511 sint
725 4455 942 4510 honoris
973 4457 1291 4527 participes,
1339 4459 1648 4513 existimant
1688 4475 1748 4515 se

155 4562 280 4603 esse
316 4549 552 4603 omnium
593 4548 946 4613 miserrimos,
978 4558 1037 4604 ut
1076 4550 1165 4620 qui
1195 4550 1261 4604 iis
1287 4560 1527 4620 pareant,
1555 4552 1746 4622 quibus

153 4654 303 4709 smpe
336 4637 535 4694 habent
574 4652 759 4695 servos
794 4639 1188 4709 locupletiores.
1236 4640 1440 4697 Rursus
1480 4642 1527 4697 si
1568 4642 1747 4698 adsint

153 4729 372 4801 quidem
409 4731 575 4801 gloria
598 4773 613 4797 ,
653 4730 852 4786 divitia:
881 4741 935 4787 et
976 4732 1176 4787 sanitas
1198 4773 1212 4797 ,
1246 4748 1352 4788 non
1390 4733 1529 4789 adsit
1565 4744 1742 4790 autem

151 4823 417 4879 securitas
440 4864 455 4889 ,
486 4823 631 4893 quod
660 4824 923 4879 innumeri
963 4828 1013 4880 ei
1054 4824 1406 4891 insidientur,
1438 4825 1743 4894 invideant,

150 4914 295 4969 male
324 4915 509 4982 velint,
540 4916 712 4985 ipsum
752 4914 980 4982 oderint,
1015 4925 1295 4985 accusent,
1331 4918 1741 4985 calumnientur,

150 5006 199 5061 is
223 5006 329 5062 erit
356 5007 592 5061 omnium
624 5007 979 5073 miserrimus,
1007 5008 1169 5063 vitam
1191 5023 1355 5079 agens
1380 5011 1593 5080 leporis,
1627 5026 1745 5065 um-

152 5098 281 5152 bras
324 5097 530 5153 habens
570 5110 883 5168 suspeetas,
932 5114 1226 5170 omnesque
1254 5100 1480 5156 horrens
1504 5112 1557 5157 et
1582 5103 1745 5171 perti-

152 5208 422 5249 mescens.
450 5192 605 5262 Quod
635 5193 678 5247 si
703 5193 773 5248 ab
800 5194 866 5249 iis
889 5193 1048 5249 etiam
1078 5193 1213 5249 liber
1233 5194 1544 5261 sit,ametur
1563 5206 1740 5250 autem

149 5285 221 5339 ab
239 5284 511 5351 omnibus,
539 5293 593 5339 et
612 5286 660 5339 ei
687 5285 864 5339 omnia
895 5284 1183 5341 succedant
1223 5301 1288 5340 ex
1317 5286 1479 5340 animi
1519 5296 1740 5342 senten-

151 5377 256 5439 tia,
282 5391 479 5446 nempe
501 5376 690 5447 gloria,
731 5376 929 5432 divitia:
954 5420 970 5444 ,
1020 5379 1278 5433 securitas
1301 5420 1318 5446 ,
1367 5377 1540 5435 honor
1578 5380 1596 5449 (
1621 5396 1740 5450 qua:

148 5466 333 5523 omnia
353 5468 511 5522 simul
541 5481 863 5524 concurrere
892 5483 996 5523 non
1040 5477 1295 5537 possunt;
1327 5479 1501 5525 tamen
1526 5470 1593 5525 ita
1619 5487 1739 5526 esse

149 5557 464 5630 ﬁngamus),
488 5558 611 5613 licet
638 5557 751 5613 hare
774 5558 950 5613 omnia
973 5558 1215 5623 afﬂuant,
1237 5569 1291 5615 et
1314 5560 1447 5614 nihil
1478 5560 1549 5614 sit
1568 5564 1737 5631 impe-

144 5649 395 5713 dimenti,
425 5645 521 5703 sed
541 5657 595 5703 et
623 5648 804 5719 populi
828 5649 1221 5718 benevolentia,
1250 5660 1303 5706 et
1326 5652 1567 5720 corporis
1589 5653 1735 5707 sani-

145 5755 252 5805 tas,
281 5752 339 5797 et
375 5740 551 5796 omnis
589 5741 847 5797 securitas
866 5783 880 5803 .
912 5752 969 5798 et
995 5757 1024 5797 a
1052 5743 1196 5796 nullo
1222 5759 1377 5812 posse
1403 5745 1565 5810 vinei,
1595 5745 1645 5798 in
1674 5760 1737 5802 eo

144 5844 495 5900 concurrant,
522 5832 763 5904 improba
805 5849 947 5904 smpc
984 5843 1037 5891 et
1068 5850 1315 5905 perversa
1363 5837 1586 5893 muliere
1630 5840 1728 5895 sibi

1321 385 1682 444 EXPOSlTlO
1720 386 1785 443 IN
1814 387 2133 447 PSALMUM
2171 392 2423 463 CXXV".

3409 414 3516 469 586

1924 504 2225 573 conjuncta,
2257 508 2433 563 evadit
2473 509 2537 567 iis
2564 512 2810 570 miserior
2831 557 2846 583 ,
2894 517 2983 588 qui
3011 529 3194 577 carent
3222 522 3305 578 his
3333 528 3504 579 omni-

1917 592 2037 648 bus.
2079 595 2229 662 Quod
2258 598 2303 652 si
2329 602 2379 654 ei
2404 615 2536 656 uxor
2556 601 2692 658 bona
2717 615 2772 660 et
2800 623 2866 662 ex
2893 609 3056 665 animi
3085 616 3348 669 sententia
3373 632 3505 672 eve-

1916 686 2074 751 nerit,
2098 687 2141 741 si
2168 689 2338 743 malos
2357 689 2551 746 habeat
2578 693 2735 760 ﬁlios,
2761 711 2882 752 eum
2915 714 3036 754 esse
3065 705 3313 759 omnibus
3337 707 3502 762 mise-

1914 777 2111 833 riorem
2142 795 2362 836 necesse
2390 792 2473 838 est
2502 801 2515 837 :
2546 786 2685 855 quod
2711 788 2756 842 si
2778 790 2950 846 nullos
2982 793 3194 862 habeat,
3236 797 3421 867 lugere
3445 807 3503 854 et

1911 867 2211 925 lamentari.
2240 872 2475 944 Denique
2500 877 2543 931 si
2566 880 2767 948 qnzevis
2794 883 3023 941 humana
3056 891 3323 958 aspexerit
3344 893 3496 963 quis-

1910 960 2073 1027 piam,
2107 962 2268 1016 multa
2291 965 2492 1022 videbit
2517 971 2829 1041 prtecipitia.
2878 975 2945 1029 Et
2963 978 3087 1046 quid
3116 980 3216 1034 alia
3247 960 3498 1055 persequi

1906 1066 2041 1120 Opus
2083 1054 2199 1109 est?
2255 1055 2529 1127 Improbus
2575 1076 2719 1134 szepe
2750 1064 2978 1123 famulus
3017 1071 3195 1125 omnia
3221 1054 3494 1130 evertitet

1904 1141 2203 1233 confundit,
2235 1154 2289 1201 et
2317 1148 2448 1203 nihil
2471 1159 2552 1205 est
2580 1153 2715 1208 adeo
2744 1156 3002 1213 incertum
3027 1169 3081 1214 et
3112 1162 3389 1233 lubricum,
3434 1175 3493 1220 ut

1903 1231 1957 1286 in
1998 1232 2301 1291 hominibus
2324 1238 2565 1309 gloriari,
2595 1251 2648 1297 et
2672 1242 2739 1299 de
2762 1244 2828 1300 iis
2858 1248 3154 1317 sejactare.

1972 1322 2176 1381 Timem
2196 1326 2360 1383 Deum
2388 1332 2533 1402 felix.
2557 1363 2630 1373 —
2654 1337 2722 1389 At
2762 1353 2867 1392 non
2909 1348 2994 1393 est
3019 1341 3279 1411 ejusmodi
3319 1346 3364 1401 is
3397 1348 3487 1417 qui

1905 1415 2072 1471 Deum
2104 1419 2274 1487 timet,
2305 1423 2399 1477 sed
2433 1426 2500 1479 ab
2540 1425 2625 1481 his
2666 1427 2913 1485 fluctibus
2944 1433 3232 1503 liberatus,
3257 1415 3485 1495 sedet—in

1895 1522 2057 1579 portu
2085 1521 2140 1566 et
2172 1514 2224 1567 in
2255 1518 2636 1587 tranquillitate
2655 1562 2671 1588 ,
2699 1537 2822 1578 vera
2847 1534 2903 1579 et
2933 1538 3076 1581 certa
3107 1528 3289 1584 fruens
3317 1531 3483 1586 beati-

1895 1601 2098 1657 tudine.
2144 1601 2271 1659 ldeo
2313 1604 2419 1661 illis
2462 1610 2708 1667 omnibus
2747 1616 3029 1683 praeteritis
3057 1621 3310 1688 propheta
3341 1621 3481 1677 hunc

1893 1691 2067 1746 solum
2104 1692 2317 1749 beatum
2339 1696 2562 1767 judicat.
2596 1699 2691 1756 Illa
2720 1705 2863 1758 enim
2895 1706 3164 1763 beatitudo
3190 1726 3477 1782 numquam

1891 1781 2048 1850 plane
2086 1787 2404 1856 constiterit,
2440 1790 2538 1844 nisi
2565 1793 2742 1847 omnia
2774 1799 3184 1854 concurrerint:
3213 1800 3320 1856 imo
3339 1781 3476 1858 vero

1887 1873 2097 1930 etiamsi
2124 1879 2530 1948 concurrerint,
2577 1890 2699 1938 tunc
2727 1885 3075 1944 labefactatur
3120 1892 3188 1945 ab
3234 1894 3297 1947 iis
3347 1895 3474 1964 ipsis

1886 1981 2004 2033 quae
2031 1968 2175 2023 illam
2210 1971 2440 2040 pariunt.
2481 1972 2615 2027 Nam
2642 1983 2693 2029 et
2720 1975 2916 2033 divitia:
2946 1982 3236 2049 perniciem
3279 1985 3474 2041 attule-

1886 2067 2029 2126 runt,
2060 2069 2115 2114 et
2134 2076 2268 2115 uxor
2288 2077 2431 2134 smpe
2456 2064 2687 2122 formosa
2716 2068 2864 2134 obiit,
2894 2070 3074 2126 famuli
3100 2076 3464 2143 prodiderunt,

1882 2148 1976 2203 filii
2005 2150 2154 2206 fuere
2180 2154 2480 2223 parricidae,
2512 2166 2586 2223 et,
2616 2167 2675 2212 ut
2692 2158 2802 2228 jam
2828 2160 2955 2226 dixi,
2991 2164 3153 2217 multa
3180 2164 3337 2221 habet
3368 2183 3467 2221 un-

1881 2238 2040 2309 dique
2086 2242 2286 2299 incerta
2337 2253 2389 2299 et
2434 2246 2589 2303 valde
2637 2248 2858 2304 lubrica.
2902 2250 2998 2305 Hic
3042 2264 3217 2308 autem
3256 2256 3463 2311 etiamsi

1879 2332 2060 2387 omnia
2092 2335 2357 2390 contraria
2388 2336 2697 2406 confluant,
2749 2357 2853 2395 non
2900 2342 3060 2399 modo
3103 2344 3234 2399 nihil
3265 2347 3464 2402 laedunt

1878 2421 2015 2478 hanc
2043 2424 2446 2493 beatitudinem,
2498 2431 2590 2484 sed
2635 2447 2753 2486 eam
2800 2434 3091 2490 ﬁrmiorem
3138 2438 3366 2493 reddunt.
3407 2451 3462 2495 ct

1873 2518 2311 2573 constantiorem.
2362 2520 2476 2575 Etsi
2516 2523 2585 2577 sit
2614 2534 2897 2595 paupertas
2922 2568 2938 2593 ,
2986 2528 3085 2582 etsi
3135 2529 3458 2599 ignominia,

1874 2610 2137 2663 mutilatio
2164 2612 2434 2680 corporis,
2466 2629 2600 2668 uxor
2643 2616 2881 2686 improba
2910 2658 2924 2683 ,
2957 2620 3200 2674 scelerati
3247 2622 3362 2689 ﬁlii,
3406 2634 3461 2678 et

1871 2702 2246 2772 quodcumque
2275 2704 2417 2759 aliud
2457 2706 2678 2775 dixeris,
2729 2709 2832 2764 hoc
2862 2710 2991 2765 nihil
3021 2712 3304 2781 deprimit,
3358 2729 3458 2769 nec

1870 2792 2153 2849 labefactat
2195 2794 2333 2851 hanc
2379 2796 2781 2854 beatitudinem.
2832 2800 3011 2871 Neque
3039 2805 3180 2858 enim
3207 2820 3360 2859 suum
3388 2821 3455 2861 ex

1868 2883 1971 2939 illis
2000 2883 2161 2941 habet
2187 2895 2359 2941 ortum
2381 2930 2397 2956 ,
2432 2898 2488 2943 ut
2512 2891 2591 2944 eis
2612 2892 2881 2948 convulsis
2928 2894 3272 2953 labefactetur
3293 2936 3309 2963 ,
3358 2899 3452 2953 sed

1867 2977 2027 3032 habet
2054 2977 2289 3034 radicem
2321 2995 2350 3033 a
2379 2983 2587 3052 superis
2614 2999 2628 3034 :
2654 2986 2899 3054 quocirca
2922 2997 3099 3041 manet
3126 2988 3454 3060 inexpugna-

1864 3067 2006 3123 bilis.
2032 3071 2204 3139 Atque
2230 3070 2384 3138 adeo,
2408 3072 2452 3126 si
2482 3073 2673 3137 velitis,
2702 3090 2822 3129 eum
2853 3076 2904 3129 in
2930 3076 3058 3147 ipsis
3085 3079 3244 3133 rebus
3264 3090 3451 3135 osten-

1863 3160 2051 3216 damus
2077 3171 2129 3217 et
2160 3172 2564 3233 pertractemus.
2610 3172 2801 3220 Annon
2832 3178 2948 3222 erat
2986 3166 3184 3240 Joseph
3223 3173 3451 3227 servus?

1862 3268 2041 3307 annon
2086 3256 2374 3309 externus?
2415 3272 2590 3312 annon
2635 3260 2864 3315 extorris
2908 3277 2937 3314 a
2988 3265 3228 3332 patria'?
3269 3280 3447 3322 annon

1862 3358 2049 3400 servus
2078 3344 2448 3411 barbarorum,
2486 3349 2630 3419 prius
2658 3350 3065 3419 Saracenorum,
3094 3365 3276 3426 postea
3316 3357 3448 3426 ipsis

1859 3436 2234 3493 immaniorum
2251 3438 2621 3512 Egyptiorum
2638 3442 2661 3496 ?
2681 3459 2859 3499 annon
2878 3447 3279 3503 existimabatur
3296 3450 3448 3505 adul-

1860 3529 1979 3583 ter?
2021 3545 2197 3585 annon
2240 3533 2626 3588 accusabatur?
2651 3549 2824 3593 annon
2849 3539 3125 3593 calumniis
3155 3540 3448 3611 impetcba-

1860 3622 1980 3675 tur?
2000 3636 2175 3675 annon
2207 3622 2477 3677 habitabat
2506 3624 2559 3679 in
2590 3627 2837 3682 carcere?
2865 3643 3041 3683 annon
3064 3631 3272 3685 vinctus
3291 3640 3442 3688 tene-

1855 3712 2013 3767 batur
2041 3712 2205 3784 (Gen.
2238 3716 2325 3769 57.
2354 3726 2399 3770 et
2429 3716 2497 3772 '58
2519 3716 2576 3785 Π
2620 3716 2688 3770 Ει
2723 3719 2849 3788 quid
2895 3720 3082 3774 horum
3110 3737 3231 3777 eum
3270 3722 3443 3777 lzesit?

1856 3806 1968 3860 Imo
1989 3822 2115 3861 vero
2136 3822 2233 3877 per
2254 3808 2367 3863 hmo
2396 3818 2511 3863 erat
2534 3810 2588 3863 in
2609 3810 2793 3878 primis
2817 3810 3021 3865 beatus.
3046 3812 3157 3867 Hoc
3172 3824 3253 3868 est
3273 3814 3439 3883 enim,

1854 3901 1992 3955 sicut
2015 3899 2126 3970 jam
2152 3900 2282 3965 dixi,
2312 3901 2645 3968 admirabile,
2665 3902 2802 3972 quod
2831 3918 2935 3958 non
2964 3906 3134 3960 solum
3164 3906 3286 3961 hinc
3311 3908 3442 3962 nihil

1856 3990 2078 4045 lmdatur
2108 3991 2413 4058 beatitudo,
2446 3992 2542 4048 sed
2567 3993 2727 4048 etiam
2762 3994 3068 4064 prmclarior
3096 3997 3347 4052 reddatur
3388 4008 3442 4054 et

1855 4086 2133 4141 illustrior.
2190 4086 2246 4142 Si
2290 4086 2421 4141 nihil
2465 4088 2608 4143 enim
2662 4087 2737 4143 illi
2786 4104 2973 4145 eorum
3004 4091 3305 4159 accidisset,
3334 4108 3439 4148 non

1855 4177 2042 4231 fuisset
2070 4178 2206 4234 adeo
2237 4178 2443 4235 beatus.

1925 4268 1980 4322 2.
2025 4268 2116 4324 Vis
2147 4271 2308 4325 etiam
2341 4286 2435 4326 eos
2463 4270 2636 4327 dicam
2674 4272 2763 4343 qui
2792 4273 2846 4327 in
2873 4272 3004 4329 vitio
3044 4274 3220 4329 acrius
3245 4276 3441 4344 persti-

1853 4368 2071 4428 terunt,
2102 4361 2296 4417 deinde
2322 4373 2544 4432 repente
2572 4364 2759 4417 mutati
2797 4373 2958 4430 sunt,
3002 4372 3057 4419 et
3103 4380 3263 4420 omne
3312 4366 3438 4421 illud

1851 4453 2038 4507 vitium
2060 4454 2367 4508 exuerunt?
2397 4453 2533 4521 Quid
2562 4453 2659 4509 fuit
2679 4454 2887 4510 latrone
2912 4454 3197 4509 miserius?
3222 4456 3327 4511 Sed
3355 4473 3439 4511 rc-

1852 4556 2013 4616 pente
2056 4547 2225 4600 evasit
2272 4548 2508 4601 omnium
2554 4546 2895 4602 beatissimus
2935 4546 3086 4619 (Luc.
3112 4547 3230 4618 23).
3278 4550 3435 4619 Atqui

1851 4636 1997 4692 mille
2022 4636 2197 4690 credes
2218 4638 2412 4691 fecerat
2428 4654 2441 4701 ;
2457 4652 2578 4691 nam
2606 4646 2721 4691 erat
2749 4637 2923 4691 erucis
2939 4638 3199 4707 supplicio
3218 4638 3439 4693 damna-

1853 4738 1957 4794 tus,
1977 4738 2031 4783 et
2059 4727 2124 4783 ad
2154 4736 2379 4783 mortem
2407 4729 2689 4796 adductus,
2718 4745 2908 4785 omnes
2938 4745 3058 4784 eum
3084 4732 3435 4798 accusabant,

1850 4831 2018 4880 totum
2044 4832 2252 4891 tempus
2293 4830 2409 4876 erat
2449 4831 2840 4892 comsumptum
2865 4864 2879 4886 ,
2923 4831 2977 4877 ct
3020 4823 3126 4877 vita
3172 4832 3436 4878 transacta

1850 4916 2018 4972 fuerat
2046 4915 2099 4970 in
2125 4916 2329 4970 scelere
2350 4931 2369 4969 :
2400 4915 2492 4970 sed
2519 4914 2766 4984 quoniam
2788 4916 2978 4986 exiguo
3006 4901 3244 4985 tempore
3267 4915 3435 4970 Deum

1850 5007 1922 5062 ita
1953 5014 2010 5061 ut
2032 5014 2246 5076 oportet
2274 5005 2465 5072 timuit,
2496 5005 2681 5061 beatus
2706 5005 2873 5061 factus
2902 5017 3002 5062 est.
3035 5006 3106 5060 Ita
3128 5008 3286 5062 etiam
3318 5021 3427 5060 me-

1850 5099 2036 5165 retrix,
2068 5098 2193 5154 licet
2221 5097 2406 5153 forma:
2426 5109 2689 5170 quaestum
2714 5097 2915 5154 faceret
2942 5108 2997 5154 et
3029 5099 3263 5167 exposita
3293 5107 3434 5153 esset

1849 5192 2086 5246 omnium
2118 5192 2456 5247 contumelia:
2478 5233 2494 5259 ,
2524 5200 2579 5246 et
2620 5190 2739 5246 ideo
2766 5200 2911 5246 esset
2933 5192 3168 5246 omnium
3199 5190 3427 5243 miserrb

1849 5299 1957 5349 ma,
1984 5283 2138 5338 beata
2182 5283 2387 5337 exstitit
2436 5281 2646 5352 quando
2687 5282 2854 5336 Deum
2904 5292 2957 5335 ut
3004 5287 3214 5349 oportet
3259 5278 3429 5335 timuit

1848 5372 1997 5446 (Luc.
2029 5375 2106 5445 7).
2151 5373 2362 5428 Nullum
2391 5381 2475 5428 est
2498 5372 2640 5427 enim
2671 5371 2868 5425 malum
2910 5370 3049 5440 quod
3080 5384 3184 5423 non
3227 5370 3428 5423 exstin-

1846 5479 1971 5539 gnat
1993 5468 2086 5522 Dei
2106 5478 2310 5522 metus:
2337 5482 2457 5519 nam
2486 5464 2929 5535 quemadmodum
2958 5463 3113 5532 ignis,
3143 5461 3419 5531 quodcum.

1846 5577 1950 5631 que
1968 5558 2164 5615 ferrum
2182 5558 2387 5627 ceperit
2410 5554 2824 5618 contortum,ch
2853 5553 3091 5623 rubigine
3107 5551 3236 5606 conf
3235 5561 3428 5617 echini,

1848 5652 1898 5705 id
1930 5650 2129 5705 clarum
2150 5649 2325 5704 reddit
2348 5663 2412 5702 ac
2440 5646 2736 5717 pulchrum,
2757 5645 3077 5717 ferruginem
3096 5644 3426 5714 abstergens,

1911 5790 1926 5819 ί
1964 5793 2044 5834 ttae
2071 5798 2232 5839 voces.
2258 5796 2412 5832 (utnon
2435 5781 2689 5832 cxtorrisa
2714 5780 2911 5844 patria?
2943 5781 3149 5833 deerant
3173 5780 3220 5830 iu
3242 5778 3426 5835 March;

1849 5850 1936 5898 sed
1963 5852 2011 5897 in
2030 5847 2135 5896 aliis
2159 5844 2519 5896 exetuularibtts
2535 5844 2785 5906 leguntur.
