3956 6406
543 366 639 421 3ιῖ7
1240 358 1297 413 S.
1336 354 1613 412 JOANNIS
1643 347 2116 410 CHRYSOSTOMI
2155 344 2471 403 ARCHIEP.
2509 347 3041 404 CONSTANTINOP.
3656 353 3733 410 ὅτε

542 492 597 534 et
625 479 765 550 quod
794 481 849 532 in
874 496 938 533 eo
962 489 1075 532 erat
1101 489 1406 544 perversum
1451 481 1506 527 et
1545 470 1816 535 inflexum,
1850 468 2124 539 perfectis-

543 573 681 627 sime
707 572 924 640 corrigit
955 587 970 624 :
997 571 1065 623 ita
1095 569 1253 621 etiam
1288 567 1378 620 Dei
1428 575 1599 620 metus
1628 564 1709 617 vel
1752 563 1943 631 exiguo
1987 571 2121 614 tem-

546 679 676 733 pore
705 661 837 715 facit
854 660 1053 725 munia,
1083 668 1135 713 ct
1159 673 1252 711 eos
1281 656 1371 725 qui
1400 656 1468 710 ab
1498 658 1613 724 ipso
1637 655 1784 709 tincti
1809 661 1950 717 sunt,
1983 651 2122 704 milia

548 768 606 808 re
638 752 866 806 humana
891 750 1062 820 frangi
1089 750 1235 803 sinit.
1288 750 1478 802 Annon
1506 756 1621 802 erat
1664 745 1904 800 infirmus
1944 742 2128 797 Timo-

548 847 741 896 theus?
766 858 941 896 annon
969 842 1171 896 morbis
1195 852 1245 895 et
1272 838 1651 894 afflictionibus
1679 844 1936 907 perpetuo
1957 850 2123 889 vexa-

546 936 700 989 batur
727 934 805 1005 (f.
832 933 1042 989 Tim.5.
1068 932 1205 1003 35)?
1252 931 1387 997 Quid
1419 946 1546 1001 ergo
1595 929 1695 983 fuit
1740 928 1830 982 illo
1875 927 2122 982 beatius?

542 1027 677 1093 Quid
706 1041 833 1080 vero
857 1067 872 1088 ,
918 1024 1005 1079 dic
1027 1038 1228 1093 quarso,
1260 1022 1400 1077 Job?
1428 1037 1603 1075 annon
1634 1019 1878 1074 redactus
1906 1024 2021 1071 erat
2058 1015 2122 1068 ad

543 1114 948 1185 paupertatem?
993 1129 1170 1167 annon
1202 1112 1267 1167 ad
1296 1109 1618 1166 orbitatem?
1639 1110 1705 1163 ad
1729 1107 1968 1178 corporis
2001 1120 2123 1176 gra-

543 1209 761 1263 vissima
784 1206 997 1262 ulcera?
1024 1201 1825 1273 annoniprobris,contumeliis,
1847 1208 1900 1254 et
1921 1196 2125 1269 injuriis

543 1298 933 1369 appetebatur?
960 1313 1136 1352 annon
1167 1296 1305 1351 fame
1331 1304 1385 1350 et
1422 1296 1575 1349 malis
1604 1294 1851 1349 omnibus
1880 1290 2126 1346 humanis

542 1389 918 1445 cruciabatur?
958 1389 1007 1443 ls
1037 1397 1210 1442 tamen
1237 1386 1333 1442 fuit
1358 1387 1595 1442 omnium
1624 1383 1978 1440 beatissimus.
2008 1382 2122 1438 Non

543 1484 717 1539 solum
739 1484 880 1537 enim
906 1481 1038 1536 nihil
1056 1481 1244 1537 horum
1266 1480 1412 1535 illum
1431 1478 1605 1549 fregit,
1626 1479 1719 1534 sed
1739 1479 1897 1533 etiam
1924 1476 2126 1531 ﬁrmio-

545 1590 659 1631 rem
703 1573 846 1628 fecit.
892 1572 1194 1641 Quinetiam
1231 1586 1353 1626 cum
1395 1570 1498 1624 illis
1538 1569 1784 1623 omnibus
1823 1581 1961 1623 uxor
2001 1582 2124 1622 eum

547 1662 844 1734 premebat,
876 1661 1083 1732 probris
1110 1663 1399 1726 insectans,
1424 1670 1477 1716 et
1502 1669 1679 1715 tamen
1700 1675 1794 1730 per
1814 1663 1929 1713 inec
1947 1658 2126 1713 omnia

543 1755 719 1809 clarus
744 1753 933 1810 evasit.
977 1753 1101 1808 llaec
1138 1767 1267 1823 ergo
1290 1752 1468 1807 omnia
1497 1752 1842 1807 considerans
1869 1749 2127 1819 propheta

546 1846 792 1902 dicebat:
822 1844 997 1912 Beati,
1030 1846 1194 1914 inquit
1222 1885 1239 1912 ,
1293 1860 1465 1899 omnes
1514 1846 1600 1915 qui
1630 1847 1803 1898 timent
1828 1842 2126 1910 Dominum,

543 1941 633 2012 qui
660 1940 917 1995 ambulant
945 1940 999 1994 in
1024 1941 1114 1994 viis
1143 1940 1275 2010 ejus.
1321 1938 1398 1994 Ne
1422 1938 1563 1993 enim
1605 1936 1937 1993 existimares
1981 1935 2127 1992 suffl-

542 2047 670 2088 cere
709 2032 952 2087 timorem
980 2073 994 2095 ,
1045 2032 1240 2100 adjecit
1285 2030 1413 2086 illud
1453 2049 1468 2086 :
1513 2032 1614 2099 Qui
1640 2030 1902 2085 ambulant
1943 2028 1995 2084 in
2034 2031 2125 2086 viis

542 2125 674 2193 ejus,
704 2134 987 2194 utrumque
1011 2124 1326 2194 designans;
1361 2123 1463 2179 hoc
1484 2135 1585 2189 est,
1615 2123 1699 2195 qui
1729 2126 1902 2178 timent
1932 2134 1979 2178 et
2017 2140 2125 2176 am-

543 2218 738 2273 bulant.
787 2217 933 2272 Multi
960 2218 1104 2273 enim
1147 2217 1304 2273 fidem
1344 2218 1631 2287 perfectam
1658 2217 1934 2282 habentes,
1965 2218 2125 2272 vitam

543 2317 723 2361 autem
748 2306 1082 2377 ﬂagitiosum,
1107 2307 1343 2362 omnium
1367 2307 1516 2363 fuere
1544 2307 1846 2361 miserrimi.
1888 2307 1965 2361 Ne
1995 2322 2125 2375 ergo

545 2397 596 2450 id
621 2397 762 2467 quod
783 2398 912 2452 dicit
936 2397 1207 2452 videretur
1225 2414 1294 2451 ex
1341 2413 1404 2452 eo
1434 2397 1601 2452 refelli
1626 2439 1641 2462 ,
1688 2396 1957 2465 subjunin
1983 2414 1995 2450 :
2027 2396 2127 2464 Qui

545 2487 805 2541 ambulant
846 2487 900 2541 in
930 2487 1023 2541 viis
1050 2489 1176 2558 ejus.
1207 2488 1461 2553 Quasnam
1490 2497 1664 2541 autem
1708 2497 1831 2541 sunt
1859 2487 1958 2540 via:
1987 2486 2124 2555 ejus,

545 2574 645 2629 nisi
675 2576 779 2629 vita
808 2591 926 2644 qum
968 2592 1032 2630 ex
1075 2576 1269 2631 virtute
1313 2575 1643 2631 instituitur?
1682 2576 1783 2630 Per
1824 2592 1940 2630 eam
1982 2575 2126 2631 enim

545 2675 718 2734 potest
746 2665 798 2720 in
835 2666 1022 2720 cmlum
1053 2666 1296 2730 ascendi,
1327 2676 1380 2720 et
1420 2666 1503 2719 illa
1537 2666 1787 2734 primaria
1818 2666 2005 2720 civitas
2029 2680 2126 2734 ap-

544 2754 824 2823 prehendi,
857 2755 1073 2825 ipseque
1123 2756 1261 2810 Deus
1304 2755 1502 2822 videri,
1548 2766 1808 2824 quatenus
1853 2765 2025 2824 potest
2057 2757 2126 2811 ab

542 2847 757 2902 homine
777 2847 960 2916 aspici.
991 2849 1117 2919 Ejus
1137 2858 1315 2903 autem
1338 2850 1439 2904 viae
1464 2848 1731 2915 dicuntur,
1756 2849 2004 2919 quoniam
2030 2864 2127 2919 per

542 2952 633 2993 eas
654 2949 827 3007 potest
857 2939 908 2994 in
939 2940 1127 2994 cadum
1154 2940 1220 2994 ad
1252 2941 1416 2995 Deum
1446 2939 1733 3010 perveniri.

612 3026 797 3082 Multa:
824 3042 1142 3101 exponuntur
1169 3031 1263 3084 vite
1288 3029 1357 3084 ad
1389 3030 1568 3085 cwlum
1596 3034 1842 3102 ferentes;
1864 3045 2125 3083 numerum

539 3119 729 3173 claudit
755 3120 866 3175 laus
894 3120 1244 3192 eleemosyme,
1273 3123 1418 3193 cujus
1446 3122 1665 3192 eﬁicacia
1690 3121 1918 3191 exemplo
1941 3118 2126 3174 Lazari

449 3253 464 3262 .
541 3211 844 3266 illustratur.
878 3242 950 3253 -—
971 3212 1087 3267 Non
1118 3213 1270 3279 dixit,
1314 3213 1408 3269 Via
1433 3254 1449 3279 ,
1478 3213 1572 3269 sed
1591 3255 1608 3281 ,
1639 3214 1750 3269 Via:
1769 3254 1786 3281 ,
1832 3213 2124 3269 ostendens

540 3318 633 3358 eas
660 3318 781 3358 esse
805 3303 1002 3358 multas
1026 3314 1082 3359 et
1117 3304 1378 3358 diversas.
1424 3304 1708 3373 Propterea
1755 3304 1897 3359 enim
1929 3304 2124 3359 multas

541 3394 654 3449 vias
680 3394 888 3459 muniit,
918 3404 974 3449 ut
997 3410 1179 3450 earum
1206 3393 1542 3448 multitudine
1570 3393 1778 3449 facilem
1807 3394 1960 3450 nobis
1982 3393 2125 3449 face-

541 3494 620 3541 ret
648 3486 967 3555 ingressum.
1009 3486 1088 3541 Ex
1119 3486 1420 3542 hominibus
1447 3487 1589 3541 enim
1628 3487 1716 3540 alii
1745 3495 1870 3541 sunt
1899 3486 2122 3556 virgini-

542 3584 648 3633 tate
679 3576 932 3638 illustres,
964 3577 1050 3631 alii
1079 3592 1205 3631 vero
1235 3592 1293 3631 se
1318 3577 1541 3632 honeste
1560 3585 1752 3647 gerunt
1778 3578 1828 3631 in
1848 3578 2124 3632 matrimo-

539 3667 650 3735 nio,
673 3668 759 3722 alii
781 3678 1041 3723 ornantur
1067 3668 1321 3723 viduitate
1349 3685 1365 3723 :
1399 3670 1449 3723 bi
1477 3682 1537 3725 se
1561 3669 1811 3724 omnibus
1836 3679 2120 3735 exuerunt,

539 3759 611 3813 illi
641 3759 899 3826 dimidio;
943 3762 997 3816 hi
1038 3777 1133 3832 per
1169 3762 1309 3816 viam
1352 3770 1550 3817 rectam
1601 3763 2005 3833 ingrediuntur,
2049 3764 2123 3819 illi

537 3867 635 3921 per
678 3854 1042 3924 pcenitenliam
1077 3870 1090 3907 :
1132 3863 1187 3909 et
1214 3853 1332 3909 ideo
1360 3855 1555 3910 multas
1582 3856 1675 3910 tibi
1712 3856 1825 3910 vias
1873 3857 2117 3924 munivit,

537 3954 595 3998 ut
619 3943 772 4000 facile
798 3945 1130 4016 ingrediaris.
1165 3945 1280 4000 Non
1310 3949 1524 4016 potuisti
1555 3957 1675 4017 post
1711 3948 1977 4002 lavacrum
2000 3964 2119 4004 ser-

536 4053 664 4092 vare
693 4040 888 4107 corpus
917 4038 1209 4093 mundum?
1248 4040 1318 4093 At
1356 4056 1453 4109 per
1495 4041 1858 4109 paenitentiam
1891 4041 1943 4096 id
1971 4052 2120 4112 potes

543 4128 852 4195 sinundare,
881 4138 1035 4199 potes
1065 4145 1159 4199 per
1183 4131 1455 4199 pecunias,
1479 4147 1576 4201 per
1602 4133 2017 4205 eleemosynam.
2049 4135 2121 4189 At

538 4230 646 4271 non
677 4216 841 4273 habes
883 4219 1173 4289 pecunias?
1215 4219 1321 4275 Sed
1364 4231 1517 4290 potes
1562 4221 1779 4278 visitare
1822 4232 2117 4293 :rgrotum,

537 4315 691 4378 potes
711 4309 966 4366 accedere
990 4310 1055 4365 ad
1081 4325 1203 4365 eum
1228 4310 1315 4381 qui
1342 4318 1422 4365 est
1448 4311 1500 4366 in
1526 4312 1770 4376 vinculis,
1800 4313 1929 4369 dare
1958 4329 2121 4384 pocu-

540 4401 646 4455 lum
678 4401 904 4472 frigidae,
928 4412 982 4458 et
1012 4403 1112 4459 sub
1145 4403 1333 4458 eodem
1368 4412 1507 4459 tecto
1546 4402 1807 4473 hOSpitem
1839 4406 2117 4476 excipere,

537 4494 777 4562 premere
801 4495 937 4551 duos
961 4496 1148 4551 obolos
1165 4536 1181 4562 ,
1209 4495 1347 4550 sicut
1372 4494 1529 4550 vidua
1556 4537 1570 4562 ,
1600 4496 1950 4566 ingemiscere
1997 4514 2119 4565 pro-

537 4592 620 4640 ter
649 4601 743 4640 eos
762 4587 850 4655 qui
897 4585 1205 4657 affliguntur
1238 4584 1400 4656 (Luc.
1429 4582 1553 4659 2i).
1597 4586 1727 4639 Nam
1766 4587 1865 4641 hoc
1908 4602 2119 4656 quoque

542 4684 626 4730 est
649 4676 1011 4748 eleemosyna.
1042 4680 1111 4731 At
1133 4692 1192 4732 es
1228 4677 1459 4747 undique
1482 4677 1787 4744 destitutus,
1814 4685 1869 4731 et
1895 4677 2115 4733 omnino

542 4782 761 4838 pauper.
791 4775 845 4821 et
869 4782 1092 4835 corpore
1118 4768 1252 4823 adeo
1275 4767 1515 4830 infirmo,
1540 4775 1681 4823 utne
1711 4769 1884 4837 possis
1903 4769 2116 4838 quidem

538 4857 826 4914 incedere?
870 4857 997 4913 Haec
1034 4858 1209 4913 omnia
1248 4860 1329 4914 fer
1353 4873 1547 4928 magno
1574 4860 1785 4925 animo,
1823 4861 1932 4914 Deo
1958 4875 2120 4929 agens

537 4951 758 5022 gratias,
791 4958 846 5005 et
873 4965 1119 5021 magnam
1150 4951 1452 5006 mercedem
1478 4953 1731 5023 accipies.
1773 4952 1905 5008 Nam
1935 4952 1989 5008 in
2017 4954 2120 5009 hoc

536 5058 748 5114 quoque
777 5057 836 5097 se
862 5041 1086 5113 pulchre
1111 5043 1278 5112 gessit
1319 5042 1572 5099 Lazarus.
1624 5044 1806 5115 Neque
1843 5046 1984 5100 enim
2023 5047 2117 5101 ulli

537 5136 646 5191 suis
674 5135 765 5192 ille
791 5134 1037 5190 subvenit
1067 5135 1327 5205 pecuniis.
1377 5136 1475 5204 Qui
1506 5137 1649 5192 enim
1683 5137 1731 5190 id
1776 5139 2005 5200 fecisset.
2033 5140 2117 5193 cui

535 5226 616 5282 vel
640 5224 998 5281 necessarium
1024 5224 1208 5280 deerat
1231 5226 1584 5281 alimentum?
1614 5227 1723 5281 Non
1745 5228 2017 5296 ingressus
2039 5241 2120 5281 ρει

534 5332 828 5374 carcerem.
859 5315 1138 5384 Quomodo
1165 5316 1306 5372 enim
1329 5318 1417 5387 qui
1445 5333 1543 5371 nec
1569 5318 1722 5388 erigi,
1756 5334 1854 5372 nec
1883 5332 1940 5372 se
1960 5318 2121 5371 susti-

539 5425 667 5464 nere
709 5409 960 5479 poterat?
1003 5408 1119 5465 Non
1160 5409 1342 5464 invisit
1387 5419 1665 5480 :rgrotum.
1716 5409 1814 5477 Qui
1860 5414 2121 5479 potuisset

535 5498 626 5567 qui
648 5498 844 5569 linguis
863 5513 1058 5555 canum
1077 5507 1192 5554 erat
1219 5500 1500 5570 expositus
1525 5498 1674 5570 (Luc.
1700 5497 1788 5570 16)
1806 5500 1829 5553 ?
1850 5499 1917 5553 Et
1945 5509 2117 5553 tamen

539 5590 696 5643 etiam
723 5589 927 5662 absque
955 5588 1039 5646 his
1073 5593 1348 5660 praemium
1380 5592 1586 5647 virtutis
1615 5592 1858 5660 arripuit,
1884 5607 1950 5647 eo
1978 5592 2118 5661 quod

541 5682 716 5736 omnia
742 5682 922 5737 tulerit
953 5696 1213 5753 generoso
1239 5683 1436 5744 animo.
1463 5698 1528 5737 eo
1552 5683 1694 5753 quod
1720 5683 1902 5738 videns
1926 5682 2118 5738 crude-

546 5763 649 5817 Ιειιι
674 5784 727 5826 et
755 5773 1098 5827 inhumanum
1120 5773 1388 5829 hominem
1412 5774 1463 5828 in
1488 5774 1690 5829 honore
1716 5774 1915 5837 haberi,
1938 5776 2119 5828 vitam.

2233 482 2335 534 que
2359 483 2515 537 agere
2549 466 2601 522 in
2629 467 2854 531 deliciis,
2880 469 3111 537 seipsum
3141 474 3315 522 autem
3337 465 3522 521 versari
3545 468 3591 521 in
3616 468 3739 520 tantis

2234 559 2408 622 malis,
2456 574 2522 613 ne
2557 559 2778 613 verbum
2808 558 3020 627 quidem
3053 557 3354 611 indecorum
3387 556 3650 623 protulerit.
3689 557 3737 610 Et

2230 649 2350 703 ideo
2380 650 2431 703 in
2458 649 2574 702 sinu
2609 650 2834 703 Ahraha:
2862 659 3106 717 receptus
3133 655 3236 713 est,
3278 646 3364 712 qui
3400 657 3592 701 mortuo
3614 648 3743 700 nihilo

2231 747 2349 794 crat.
2376 740 2563 794 melius
2589 738 2828 804 allectus,
2863 740 2956 792 sed
2983 738 3139 808 plane
3160 747 3271 791 erat
3299 736 3509 800 inutilis,
3532 738 3576 790 in
3603 737 3742 789 divitis

2231 829 2491 883 vestibulo
2521 828 2787 898 projectus
2831 847 2844 882 :
2894 836 2947 881 et
2993 843 3112 881 cum
3159 826 3469 895 patriarcha,
3506 826 3584 895 qui
3625 835 3746 881 totct

2232 928 2404 974 tantas
2434 936 2519 974 res
2550 920 2800 988 praeclare
2825 927 3083 988 gesserat,
3112 918 3480 982 coronabatur,
3508 917 3659 970 victor
3680 933 3746 971 re-

2232 1012 2591 1076 nuntiabatur,
2618 1021 2673 1066 et
2698 1012 2815 1065 sinu
2847 1011 2986 1064 illius
3015 1010 3303 1072 fruebatur,
3326 1009 3414 1078 qui
3446 1023 3536 1063 nec
3558 1008 3748 1064 eleemo-

2230 1119 2415 1173 syuam
2448 1102 2676 1168 fecerat,
2710 1117 2807 1157 nec
2842 1102 2888 1155 ei
2913 1101 2996 1156 cui
3021 1100 3210 1169 injuria
3240 1100 3393 1154 fiebat
3427 1116 3621 1154 manum
3644 1116 3748 1167 pra:-

2230 1194 2435 1261 buerat,
2456 1210 2559 1250 non
2579 1194 2815 1263 hospites
2837 1200 3137 1262 exceperat,
3157 1208 3256 1247 nec
3280 1192 3473 1263 aliquid
3493 1192 3620 1247 aliud
3639 1192 3751 1261 ejus-

2229 1288 2373 1342 modi
2402 1289 2685 1344 ostendere
2707 1298 2974 1357 potuerat,
2997 1286 3090 1341 sed
3119 1294 3316 1340 tantum
3347 1285 3399 1339 in
3424 1285 3647 1339 omnibus
3671 1285 3752 1341 Deo

2229 1380 2424 1450 gratias
2440 1390 2640 1450 egerat,
2662 1391 2714 1435 et
2737 1380 3043 1450 praeclaram
3063 1378 3327 1448 patientia:
3348 1392 3584 1433 coronam
3599 1379 3754 1432 retule-

2230 1481 2331 1527 rat.
2363 1471 2546 1542 Magna
2572 1473 2711 1527 enim
2744 1488 2830 1527 res
2856 1472 3144 1542 gratiarum
3176 1470 3335 1533 actio,
3368 1469 3687 1539 philosophia,
3709 1485 3753 1523 ac

2231 1558 2479 1634 patientia
2498 1565 2514 1594 ¹
2545 1580 2663 1633 qua:
2694 1571 2769 1619 tot
2797 1571 2851 1618 et.
2867 1564 3024 1617 tantis
3047 1562 3199 1615 malis
3216 1569 3491 1616 exercetur
3513 1579 3526 1613 :
3545 1561 3677 1629 idque
3695 1559 3752 1613 fa-

2229 1664 2376 1709 ctum
2415 1664 2496 1708 est
2522 1655 2680 1720 longe
2711 1654 2945 1709 omnium
2975 1652 3287 1706 maximum.
3327 1651 3477 1707 Unde
3516 1652 3654 1705 etiam
3680 1649 3754 1704 Job

2229 1757 2514 1800 coronatus
2542 1756 2621 1800 est
2654 1764 2671 1802 :
2701 1754 3024 1814 quapmpter
3052 1742 3262 1797 dicebat
3309 1741 3577 1796 diabolus:
3605 1739 3755 1793 Pellem

2231 1853 2322 1908 pro
2345 1836 2500 1907 pelle,
2530 1847 2575 1890 et
2604 1837 2773 1890 omnia
2810 1850 2923 1906 quae
2949 1835 3098 1889 homo
3124 1833 3302 1896 habet,
3335 1832 3469 1886 dabit
3508 1847 3592 1901 pro
3625 1829 3754 1882 animo

2229 1947 2355 1996 sua;
2382 1930 2470 1984 sed
2494 1930 2705 1983 immitte
2730 1945 2939 1982 manum
2963 1937 3133 1991 tuam,
3183 1935 3230 1980 et
3278 1932 3425 1996 tange
3460 1938 3642 1976 carnem
3673 1923 3753 1991 ejus

2194 2058 2202 2067 ι
2233 2021 2387 2093 (Job.
2413 2020 2471 2077 2.
2511 2022 2565 2077 4.
2597 2019 2689 2093 5).
2722 2020 2838 2075 Non
2867 2028 2951 2075 est
2976 2019 3114 2074 enim
3146 2033 3330 2088 parum
3362 2016 3539 2071 dolore
3563 2014 3753 2068 affectam

2232 2113 2500 2167 refrenare
2525 2112 2756 2165 animam
2783 2110 2849 2165 ad
2890 2110 2990 2164 hoc
3015 2150 3030 2175 ,
3072 2118 3131 2164 ut
3172 2108 3306 2162 nihil
3338 2115 3536 2177 peccet.
3583 2104 3675 2159 lloc
3697 2113 3755 2156 est

2229 2220 2348 2257 eum
2391 2204 2646 2274 martyrio
2685 2200 3066 2257 conferendum
3100 2215 3115 2249 :
3164 2198 3267 2253 hoc
3303 2206 3386 2253 est
3424 2198 3657 2253 bonorum
3691 2208 3754 2246 co-

2231 2296 2449 2366 lophon.

2299 2392 2354 2445 3.
2395 2389 2462 2444 Et
2492 2400 2545 2443 tu
2574 2403 2720 2458 ergo,
2745 2402 2778 2443 ο
2807 2386 3018 2451 dilecte,
3045 2398 3164 2438 cum
3204 2391 3258 2437 te
3304 2397 3446 2451 saepe
3473 2381 3551 2435 vel
3584 2377 3752 2433 morbus

2231 2483 2315 2537 vel
2343 2482 2533 2545 febres,
2563 2480 2649 2535 vel
2679 2479 2889 2532 dolores
2928 2475 3203 2539 invadunt,
3232 2483 3460 2545 cogente
3495 2483 3543 2526 te
3565 2470 3750 2524 cruciatu

2229 2575 2407 2629 dicere
2422 2570 2619 2641 aliquid
2644 2569 3035 2639 blaSphemum,
3055 2568 3099 2622 si
3123 2575 3174 2621 te
3200 2565 3503 2628 retinueris,
3528 2579 3582 2617 ac
3603 2560 3750 2631 gratias

2229 2667 2427 2736 egeris,
2462 2666 2735 2735 Deumque
2758 2662 2927 2734 gloria
2966 2670 3022 2717 et
3048 2662 3249 2715 honore
3276 2659 3537 2723 affeceris,
3564 2653 3749 2710 eamdem

2229 2758 2528 2814 mercedem
2577 2756 2829 2827 accipies.
2872 2755 2984 2823 Qua
3030 2754 3172 2807 enim
3211 2752 3279 2806 de
3312 2766 3486 2814 causa,
3530 2749 3605 2803 dic
3640 2745 3748 2807 mihi,

2227 2863 2429 2920 quaeso,
2462 2848 2821 2917 blasphemas,
2847 2857 2901 2900 et
2928 2859 3118 2915 aspera
3145 2842 3309 2897 verba
3351 2838 3582 2913 profers?
3607 2837 3751 2891 tdeone

2228 2945 2405 3001 evadit
2431 2945 2520 3000 tibi
2549 2944 2705 2998 dolor
2748 2942 2950 2997 levior?
2980 2941 3182 2995 Tamen
3220 2942 3326 2995 etsi
3357 2941 3507 2995 dolor
3530 2938 3659 2992 ﬁeret
3681 2932 3751 2987 huc

2228 3040 2433 3093 ratione
2451 3038 2637 3102 levior,
2660 3052 2728 3091 ne
2747 3037 2825 3090 sic
2847 3036 3057 3106 quidem
3080 3043 3355 3104 oporteret
3374 3034 3555 3087 anima:
3581 3030 3748 3083 salutem

2227 3130 2476 3201 prodere,
2507 3129 2682 3184 habita
2703 3129 2909 3184 ratione
2925 3126 3235 3183 consolandi
3256 3125 3528 3196 corporis:
3551 3133 3749 3177 nuncnu-

2228 3233 2335 3278 tem
2365 3237 2470 3277 non
2498 3221 2658 3276 modo
2686 3236 2792 3275 non
2836 3219 3039 3274 levatur
3080 3217 3254 3281 dolor,
3289 3218 3384 3273 sed
3412 3216 3565 3272 etiam
3591 3208 3751 3283 gravior

2227 3313 2485 3369 redditur.
2528 3312 2661 3367 Nam
2689 3327 2809 3367 cum
2835 3311 2979 3366 videt
3016 3310 3258 3365 diabolus
3304 3324 3363 3363 se
3399 3309 3616 3379 potuisse
3648 3298 3749 3356 tead

2229 3404 2614 3474 hlaSphemiam
2636 3404 2925 3469 adducere,
2954 3402 3154 3458 fornaci
3188 3403 3367 3473 ignem
3393 3401 3549 3471 magis
3568 3392 3748 3463 subjicit.

2225 3506 2280 3551 et
2323 3496 2564 3552 dolorem
2606 3496 2901 3561 succendit,
2946 3504 3005 3549 ut
3046 3494 3163 3564 ejus
3203 3494 3524 3550 desiderium
3561 3487 3747 3559 impleas.

2227 3588 2387 3658 Ergo.
2410 3588 2548 3642 sicut
2573 3586 2703 3653 dixi,
2731 3586 2891 3641 etiam
2913 3587 2954 3641 si
2982 3586 3264 3650 levaretur,
3292 3601 3399 3640 non
3421 3589 3663 3653 Oportcret
3679 3576 3750 3629 hoc

2224 3681 2435 3737 facere:
2467 3679 2681 3750 quando
2715 3690 2893 3734 autem
2925 3677 3058 3733 nihil
3098 3678 3229 3732 lucri
3276 3678 3426 3743 facis,
3457 3675 3571 3746 quid
3609 3669 3751 3726 attinet

2227 3777 2450 3845 teipsum
2480 3772 2759 3829 occidere?
2786 3774 2853 3826 At
2873 3786 2977 3826 non
3006 3778 3157 3841 potes
3178 3769 3392 3824 tacere?
3427 3769 3531 3823 Deo
3553 3777 3660 3833 ergo
3682 3770 3751 3827 380

2223 3870 2452 3940 gratias:
2477 3869 2641 3922 Deum
2669 3864 2840 3937 gloria
2863 3875 2917 3919 et
2945 3862 3149 3918 honore
3188 3862 3364 3927 afﬁce,
3413 3860 3499 3932 qui
3537 3868 3583 3913 te
3611 3854 3750 3924 probat

2224 3964 2277 4017 in
2307 3961 2540 4017 fornace.
2573 3960 2679 4015 Pro
2707 3956 3035 4028 blasphemia
3076 3972 3140 4011 ex
3183 3970 3277 4010 ore
3320 3965 3410 4010 tuo
3448 3950 3646 4024 prodeat
3684 3940 3749 3997 Dei

2222 4056 2410 4126 gloria.
2437 4053 2513 4109 lta
2538 4062 2591 4109 et
2618 4066 2807 4122 magna
2832 4061 2915 4106 est
2935 4066 3161 4110 merces.
3185 4060 3239 4104 et
3263 4049 3456 4104 vulnus
3478 4044 3677 4100 efficitur
3698 4037 3752 4090 le-

2226 4149 2361 4203 vius.
2394 4145 2475 4200 Ad
2503 4143 2750 4201 eumdem
2778 4156 2989 4213 quoque
3016 4141 3234 4197 modum
3260 4141 3449 4193 beatus
3472 4136 3555 4191 ille
3577 4134 3750 4199 loquens

2223 4236 2453 4299 diccbat,
2484 4234 2731 4288 Dominus
2749 4232 2906 4299 dedit,
2938 4229 3189 4285 Dominus
3215 4230 3424 4284 abstulit
3442 4224 3573 4299 (Job.
3596 4216 3746 4282 1.9”-

2223 4329 2291 4384 Et
2318 4341 2539 4382 rursus:
2568 4325 2630 4381 Si
2657 4326 2787 4379 bona
2813 4341 2875 4378 ea:
2903 4339 3056 4376 manu
3096 4319 3305 4375 Domini
3334 4319 3622 4389 accepimus,
3650 4306 3749 4363 maid

2223 4437 2326 4475 non
2352 4418 2704 4474 sustinebimus
2729 4414 2846 4487 (Job
2891 4415 2945 4469 2.
2972 4412 3100 4487 10)?
3125 4413 3232 4470 Sed
3263 4412 3415 4479 mihi,
3442 4408 3646 4479 inquies.
3672 4412 3748 4455 n0"

2223 4511 2369 4567 dedit
2392 4526 2542 4580 opes.
2572 4508 2746 4564 Minus
2771 4517 2851 4563 est
2878 4522 3004 4577 ergo
3036 4504 3252 4560 vulnus.
3281 4503 3397 4559 Non
3425 4502 3559 4556 enim
3592 4488 3750 4563 aequali!

2222 4616 2306 4661 est
2326 4604 2514 4659 nudari
2542 4602 2754 4673 opibus,
2776 4615 2898 4655 cum
2925 4614 3017 4653 eas
3042 4596 3365 4667 possederis.
3395 4604 3449 4650 et
3475 4605 3586 4649 eum
3608 4591 3750 4640 earum

2224 4712 2511 4768 numquam
2538 4672 2831 4764 perieulum
2860 4690 3070 4758 feceris,
3090 4689 3267 4744 vivere
3291 4689 3341 4741 in
3361 4686 3552 4756 inopia.
3577 4679 3627 4735 Si
3643 4672 3749 4768 enim

2224 4762 2450 4843 aliorum
2479 4762 2654 4840 mala'
2684 4783 2948 4848 videntes,
2981 4788 3175 4836 etcum
3198 4779 3310 4834 suis
3338 4773 3580 4832 aerumnis
3604 4762 3749 4824 confe-

2224 4889 2423 4944 rentes,
2445 4876 2597 4932 multi
2621 4889 2879 4946 pauperes
2919 4886 3103 4928 eorum
3129 4869 3522 4938 comparatione
3558 4873 3641 4915 sua
3660 4864 3750 4946 esst

2222 4973 2464 5045 graviora
2493 4963 3066 5036 existimant:quaudo
3112 4978 3173 5018 se
3216 4976 3322 5016 non
3365 4973 3482 5014 cum
3521 4953 3644 5045 aliis,
3680 4941 3751 5000 sed

2225 5041 2345 5117 cum
2373 5061 2564 5130 seipsis
2603 5066 2938 5128 comparant,
2969 5053 3138 5124 cngita
3170 5061 3316 5106 tanto
3346 5064 3463 5104 esse
3499 5041 3749 5116 graviorem

2225 5157 2486 5217 dolorem,
2513 5161 2710 5223 quanto
2734 5148 2895 5206 efficit
2924 5145 3271 5216 experientia,
3300 5151 3358 5197 ut
3387 5140 3453 5195 sit
3476 5136 3630 5203 major
3653 5142 3749 5223 se":

2225 5262 2318 5302 sus
2340 5218 2668 5316 privationis.
2699 5241 2771 5295 Ita
2797 5240 2956 5294 etiam
2978 5246 3058 5291 est
3082 5236 3278 5297 levius,
3305 5233 3373 5287 ab
3401 5230 3545 5284 initio
3571 5218 3749 5315 non

2227 5340 2405 5395 huisse
2434 5336 2651 5401 liberos,
2680 5348 2836 5405 quam
2866 5331 2945 5385 eis
2974 5327 3173 5394 orbari,
3204 5340 3323 5380 cum
3356 5323 3494 5394 ipsos
3524 5316 3743 5372 habueris-

2226 5431 2339 5485 Non
2358 5438 2443 5485 est
2465 5428 2607 5483 enim
2629 5425 2825 5485 simile,
2858 5437 2962 5476 non
3005 5419 3299 5488 accepisse,
3328 5423 3382 5470 et
3400 5420 3653 5483 postquam
3678 5412 3745 5451 ac-

2226 5522 2451 5593 ceperis,
2478 5520 2555 5574 eis
2583 5533 2702 5573 esse
2729 5517 3008 5587 privatum.
3042 5510 3147 5567 Fer
3187 5523 3313 5579 ergo
3338 5516 3584 5578 generoso
3607 5494 3745 5548 animo

2292 5659 2306 5689 ¹
2345 5664 2394 5706 ιη
2415 5652 2553 5703 Savil.
2580 5653 2657 5702 hae
2682 5663 2842 5708 voces,
2865 5660 2924 5698 ac
2948 5643 3400 5711 desunt.

2290 5687 2310 5749 ί
2568 5687 3237 5776 ιῖἶιῖθῖ
3244 5687 3569 5776 ἒξῖίέωριὶυδ
3580 5687 3741 5755 quadrae

2229 5788 2307 5830 ret
2331 5765 2456 5829 {sed
2480 5765 2637 5826 omnia
2663 5765 2954 5835 exemplaria
2979 5771 3177 5830 habent,
3201 5765 3342 5817 mala.
