3956 6398
206 265 313 322 569

215 388 408 437 cuncta
437 396 564 451 qure
594 381 869 437 accidunt:
900 380 1000 435 hoc
1022 389 1101 435 est
1121 380 1316 449 quippe
1343 379 1674 450 martyrium.
1696 376 1809 432 Non

218 472 365 526 enim
392 486 520 526 eum
551 472 642 541 qui
666 468 964 526 sacriﬁcare
987 469 1222 539 jubetur,
1252 484 1355 523 non
1380 468 1699 531 sacriﬁcare,
1721 467 1815 523 scd

226 564 409 631 potius
433 560 683 615 dilaniari
721 569 775 614 et
811 559 1172 615 excarniﬁcari
1192 574 1350 629 quam
1378 559 1478 614 hoc
1499 558 1693 625 facere,
1729 573 1821 612 so-

227 652 341 705 lum
371 650 500 705 facit
530 640 877 723 martyrium:
903 651 996 707 sed
1023 654 1181 706 etiam
1228 667 1350 707 cum
1397 652 1551 706 dolor
1595 652 1820 720 impellit

228 743 302 798 ad
345 743 845 812 blaSpbemandum,
876 745 1168 798 toleranter
1196 744 1372 813 potius
1403 743 1541 798 ferre
1582 743 1821 799 laborem

228 844 492 902 statuere,
517 844 570 890 et
590 836 722 890 nihil
745 835 1076 891 inhonestum
1097 837 1295 904 dicere,
1322 847 1606 909 martyrem
1633 838 1816 893 efﬁcit.

229 928 338 983 Job
378 928 518 983 enim
562 943 666 981 non
714 927 831 983 ideo
860 928 958 982 fuit
986 938 1292 995 coronatus,
1338 928 1479 999 quod
1519 929 1821 983 sacrificare

229 1021 412 1091 jussus
439 1034 546 1073 non
571 1019 967 1086 sacrificaverit,
996 1019 1091 1075 sed
1121 1021 1262 1089 quod
1290 1020 1499 1075 dolores
1521 1028 1575 1075 ct
1603 1021 1822 1074 calami-

232 1120 374 1166 tates
399 1110 520 1165 forti
544 1112 720 1165 animo
742 1127 1024 1182 perpessus
1045 1113 1132 1167 sit.
1157 1113 1455 1182 Quinetiam
1483 1114 1676 1169 Paulus
1694 1129 1819 1183 pro-

231 1213 420 1274 pterea
442 1205 612 1259 victor
633 1205 968 1261 renuntiatus
990 1215 1092 1275 est,
1114 1216 1334 1278 propter
1353 1207 1578 1278 ﬂagella,
1607 1219 1823 1277 propter

234 1296 574 1365 afﬂictioncs,
604 1307 822 1367 propter
848 1299 949 1353 alia
976 1316 1093 1370 qua:
1120 1301 1372 1356 sustinuit
1391 1315 1509 1356 cum
1531 1306 1821 1371 gratiarum

232 1402 466 1446 actione.
493 1391 548 1445 2.
578 1390 795 1447 Labores
810 1410 1049 1447 manuum
1064 1402 1264 1448 tuarum
1279 1395 1605 1452 manducabis
1616 1416 1636 1464 ;
1655 1400 1825 1452 beatus

231 1501 308 1548 es,
336 1493 385 1537 et
413 1482 532 1537 bene
558 1483 644 1536 tibi
673 1485 787 1538 erit.
815 1485 927 1554 Qua
955 1484 1022 1540 de
1052 1500 1207 1540 causa
1232 1488 1385 1541 iterat
1412 1487 1824 1543 beatitudinem?

235 1576 503 1643 Quoniam
550 1582 695 1630 novit
736 1578 851 1646 ejus
899 1578 1333 1648 magnitudinem,
1386 1580 1439 1634 in
1494 1580 1573 1636 rei
1618 1582 1824 1637 visione

234 1668 647 1738 contemplanda
668 1669 902 1738 jucunde
929 1670 1261 1725 immoratur.
1290 1671 1359 1726 Et
1383 1673 1635 1743 quidnam
1670 1673 1820 1741 illud,

233 1760 412 1815 Bene?
437 1762 489 1816 '5.
523 1759 666 1815 Uxor
689 1768 777 1813 tua
803 1761 929 1814 sicut
954 1763 1065 1815 vitis
1096 1762 1360 1818 abundans
1387 1763 1440 1818 in
1468 1764 1707 1819 lateribus
1732 1765 1827 1818 do-

236 1869 353 1905 mus
375 1862 488 1907 tute.
512 1853 680 1918 Alius,
704 1850 769 1906 In
789 1853 1144 1923 penetralibus.
1162 1855 1330 1922 Alius,
1350 1854 1416 1910 In
1438 1859 1708 1928 femoribus
1723 1858 1819 1932 (a).

241 1941 371 1995 Filii
400 1943 472 1995 tui
498 1944 623 1997 sicut
652 1945 860 1998 novellw
885 1945 1129 1998 olivarum
1156 1947 1205 2000 in
1236 1947 1450 2002 circuitu
1469 1950 1661 2005 'menste
1697 1960 1818 2007 tute.

239 2034 296 2088 4.
326 2033 460 2088 Ecce
480 2035 550 2089 sic
572 2035 887 2089 benedicatur
916 2036 1064 2090 homo
1093 2037 1179 2108 qui
1205 2040 1340 2092 timet
1371 2039 1667 2096 Dominum.
1686 2042 1822 2109 Quid

241 2124 399 2189 dicis,
428 2125 643 2195 quaeso?
669 2126 784 2180 haec
809 2138 890 2181 est
915 2127 1206 2194 beatitudo,
1242 2128 1344 2187 hoc
1369 2129 1609 2182 lucrum?
1639 2130 1824 2189 dome-

239 2216 396 2269 sticae
424 2217 611 2286 copim,
645 2224 699 2271 et
726 2218 835 2271 suis
864 2216 962 2271 frui
992 2217 1287 2285 laboribus,
1312 2219 1593 2273 multitudo
1633 2221 1829 2277 libero-

242 2323 389 2375 rum,
432 2316 485 2362 et
522 2309 686 2362 uxor?
728 2308 843 2362 Non
875 2308 977 2363 hoc
1016 2309 1251 2379 quidem,
1282 2310 1375 2364 sed
1406 2309 1509 2365 hoc
1534 2326 1601 2367 ex
1630 2313 1829 2368 redun-

241 2399 395 2453 danti
421 2398 648 2468 quadam
693 2400 844 2467 capia
895 2399 1119 2454 accedit.
1174 2399 1396 2464 Qucerite
1439 2402 1605 2469 enim,
1635 2402 1826 2473 inquit,

244 2506 459 2562 regnum
485 2491 605 2558 Dei,
632 2501 680 2546 et
708 2501 886 2547 caztera
911 2493 1214 2564 adjicientur
1247 2493 1383 2547 vobis
1417 2493 1569 2564 (Luc.
1600 2495 1687 2549 12.
1715 2497 1828 2568 51).

242 2582 507 2651 Quoniam
537 2599 665 2653 ergo
707 2584 1013 2655 loquebatur
1057 2601 1177 2639 cum
1224 2586 1287 2639 iis
1323 2588 1409 2657 qui
1452 2595 1606 2642 erant
1649 2588 1824 2644 adhuc

247 2674 644 2738 imbecilliores,
665 2683 930 2745 tamquam
956 2676 1203 2745 parvulos
1225 2676 1423 2731 inducit
1443 2693 1508 2732 ex
1531 2679 1689 2734 rebus
1704 2693 1831 2733 sen-

245 2763 458 2818 silibus.
482 2762 663 2834 Neque
688 2779 814 2819 vero
837 2764 1067 2820 mireris.
1093 2765 1148 2822 Si
1175 2767 1316 2820 enim
1350 2767 1543 2821 Paulus
1574 2768 1675 2823 hoc
1706 2768 1831 2824 facit

248 2862 492 2923 tempore
520 2864 678 2910 tantae
707 2856 1080 2927 phiIOsophice,
1110 2872 1229 2913 cum
1253 2858 1332 2912 eis
1365 2859 1454 2928 qui
1483 2859 1659 2915 adhuc
1684 2860 1832 2915 httmi

245 2946 506 3014 rcpebant
525 2947 563 3009 ί,
592 2962 658 3002 ex
702 2947 785 3002 his
811 2947 1104 3015 disserens,
1152 2950 1321 3005 multo
1353 2952 1519 3021 magis
1550 2953 1828 3023 propheta.

248 3032 349 3091 Ubi
379 3052 504 3091 vero
534 3038 585 3091 id
613 3038 737 3093 facit
753 3039 980 3094 Paulus?
997 3040 1172 3095 Multis
1199 3042 1250 3095 in
1280 3041 1430 3096 locis.
1450 3044 1671 3111 Quando
1688 3047 1829 3101 enim

252 3128 322 3182 de
351 3129 652 3200 virginitate
680 3132 915 3200 disserit,
941 3134 1070 3188 nihil
1098 3134 1228 3189 dicit
1250 3135 1319 3189 de
1344 3136 1422 3192 eis
1450 3152 1569 3206 quae
1592 3137 1693 3192 illis
1709 3146 1834 3193 sunt

258 3228 529 3288 eventura,
562 3222 656 3276 sed
699 3223 846 3292 ponit
872 3232 1078 3278 tantum
1112 3225 1480 3281 liberationem
1512 3242 1541 3281 a
1567 3229 1830 3284 molestiis

252 3312 576 3366 matrimonii
607 3313 685 3383 (1.
714 3311 833 3368 Cor.
868 3314 917 3368 7.
945 3314 1037 3386 28)
1060 3324 1214 3371 :tum
1243 3315 1402 3371 etiam
1428 3317 1640 3387 quando
1664 3319 1833 3390 loqui-

249 3408 340 3455 tur
359 3401 428 3457 de
452 3401 655 3459 honore
680 3404 732 3459 in
756 3414 1022 3475 parentes,
1053 3407 1243 3463 eodem
1281 3408 1440 3463 modo
1470 3426 1596 3465 usus
1624 3420 1726 3478 est,
1760 3412 1831 3467 ita

247 3491 469 3550 dicens:
496 3494 647 3562 Quod
672 3507 743 3550 est
771 3498 988 3566 primum
1014 3499 1308 3554 mandatum
1334 3501 1388 3555 in
1423 3503 1834 3570 promissionibus

254 3582 471 3653 (Ephes.
516 3586 570 3641 6.
620 3583 697 3658 2).
732 3587 882 3654 Quod
912 3598 994 3643 cst
1027 3598 1203 3645 autem
1233 3591 1575 3647 mandatum?
1619 3592 1834 3649 Honora

248 3683 445 3741 patrem
472 3686 613 3728 tuum
643 3686 689 3729 et
718 3687 950 3745 matrem,
973 3688 1019 3733 et
1049 3681 1147 3733 eris
1176 3681 1428 3752 longaevus
1455 3700 1607 3752 super
1625 3693 1830 3741 terram.

246 3766 549 3831 Quinetiam
591 3770 803 3839 quando
831 3771 1015 3826 scribit
1057 3772 1125 3826 de
1162 3774 1486 3830 ostendenda
1512 3776 1564 3830 in
1594 3777 1835 3833 inimicos

248 3856 609 3928 philosophia,
641 3862 832 3916 sensile
858 3877 1046 3917 rursus
1063 3864 1337 3932 prmmium
1358 3867 1602 3935 proponit
1618 3867 1832 3924 dicens:

248 3945 368 4001 Hoc
380 3948 510 4002 enim
524 3950 735 4018 faciens,
751 3952 989 4007 carbones
1006 3953 1137 4024 ignis
1152 3970 1386 4025 congeres
1399 3972 1552 4027 super
1563 3967 1715 4029 caput
1727 3961 1836 4027 eius

247 4036 427 4106 (Rom.
449 4039 653 4107 12.20;
679 4040 866 4096 Matth.
890 4043 976 4099 19.
1007 4042 1119 4117 12).
1151 4044 1394 4101 Christus
1411 4057 1585 4103 autem
1606 4064 1708 4103 non
1726 4050 1831 4105 sic:

248 4144 422 4199 neque
448 4132 586 4186 enim
607 4148 727 4187 cum
746 4134 1019 4190 imbecillis
1035 4135 1296 4207 loquitur;
1333 4138 1425 4194 sed
1457 4139 1511 4194 in
1537 4139 1836 4211 virginitate

247 4220 462 4290 quidem
495 4225 736 4293 proponit
763 4240 1003 4295 regnum,
1035 4226 1086 4282 in
1124 4228 1364 4283 amandis
1406 4239 1582 4285 autem
1609 4230 1836 4288 inimicis

246 4312 508 4381 promittit
527 4312 640 4369 fore
652 4315 743 4369 Dei
764 4317 984 4383 similes,
1006 4329 1259 4388 quantum
1275 4330 1493 4388 possunt
1510 4321 1751 4379 homines
1761 4340 1837 4380 es.

246 4418 307 4460 se
330 4405 421 4459 Dei
439 4406 638 4462 similes
654 4406 866 4478 (Matth.
890 4409 1045 4467 5.44.
1062 4411 1176 4480 45).
1202 4411 1658 4477 Quemadmodum
1677 4417 1836 4471 etiam

246 4497 302 4551 in
324 4496 521 4565 Veteri,
549 4499 633 4555 ubi
659 4500 1038 4557 inducebantur
1054 4518 1149 4573 per
1167 4505 1403 4571 sensilia,
1424 4505 1718 4563 videbimus
1745 4524 1837 4564 eos

245 4589 339 4658 qui
368 4590 540 4644 sciunt
568 4591 954 4662 philosophari,
987 4594 1165 4649 induci
1194 4610 1222 4647 a
1247 4595 1558 4665 majoribus.
1584 4596 1640 4652 ld
1660 4608 1835 4654 autem

248 4678 447 4734 Paulus
491 4682 795 4751 signiﬁcans
838 4683 1265 4740 dicebatzluxta
1291 4687 1442 4754 [idem
1472 4688 1695 4758 defuncti
1719 4700 1837 4744 sunt

249 4788 422 4827 omnes
450 4773 532 4829 isti
573 4792 673 4830 non
709 4779 929 4847 acceptis
974 4779 1406 4845 promissionibus,
1438 4781 1525 4834 sed
1559 4783 1629 4835 eis
1656 4783 1836 4851 procul

248 4865 370 4918 uisis
398 4875 444 4918 et
471 4866 701 4923 salutatis
726 4866 909 4939 (Hebr.
934 4869 1025 4923 11.
1055 4869 1161 4940 15).
1191 4869 1303 4925 Νοιι
1332 4880 1414 4925 est
1438 4885 1566 4941 ergo
1593 4871 1707 4927 haec
1727 4873 1837 4928 sola

250 4971 461 5011 merces
488 4972 671 5014 eorum
698 4960 787 5030 qui
833 4959 999 5014 Deum
1045 4962 1252 5027 timent,
1291 4961 1389 5016 frui
1421 4963 1581 5017 rebus
1619 4963 1749 5030 suis,
1783 4971 1839 5017 ιιι

246 5054 377 5102 sunt
394 5062 526 5102 uxor
547 5057 602 5104 et
625 5049 801 5115 liberi,
830 5050 1011 5121 reique
1036 5050 1341 5106 domeSticae
1368 5052 1721 5121 prosperitas;
1744 5053 1839 5108 sed

172 5170 179 5175 ε
246 5139 368 5195 luce
391 5140 602 5210 quidem
631 5151 756 5196 sunt
780 5157 845 5196 ex
875 5142 1374 5211 superabundantia,
1398 5151 1453 5197 et
1471 5143 1636 5197 instar
1663 5142 1841 5213 cujus-

244 5231 371 5287 dam
390 5231 751 5289 additamenti:
769 5232 1029 5306 praecipua
1041 5242 1214 5289 autem
1234 5235 1838 5305 sunt,primumquidcm

249 5325 356 5380 hoc
383 5324 575 5394 ipsum,
610 5325 773 5381 Deum
801 5319 1009 5393 timere,
1041 5325 1181 5396 quod
1210 5326 1260 5380 in
1290 5328 1469 5395 seipse
1493 5326 1729 5381 continet
1751 5326 1861 5381 re-'

250 5416 712 5472 munerationem:
741 5415 937 5470 deinde
976 5430 1167 5470 arcana
1212 5416 1322 5482 illa,
1357 5415 1482 5482 Qua:
1519 5415 1693 5470 oculus
1732 5432 1836 5470 non

250 5508 396 5575 vidit,
426 5525 514 5562 nec
541 5508 678 5562 auris
705 5508 916 5573 audivit,
950 5524 1041 5562 nec
1063 5508 1118 5562 in
1142 5524 1229 5562 cor
1256 5508 1474 5563 hominis
1501 5510 1835 5563 ascenderunt

316 5647 332 5678 ι
368 5644 530 5704 Savil.,
553 5644 604 5695 ἱιι
622 5649 804 5696 terram
826 5643 1169 5706 despiciebant.

311 5707 386 5770 (α)
422 5708 474 5757 Hi
497 5707 797 5768 interpretes
816 5707 1011 5771 quinam
1024 5708 1123 5756 sint
1144 5722 1190 5771 ιιι
1202 5719 1339 5757 orsus
1352 5706 1615 5770 ignoratur.

1321 264 1676 323 EXPOSITXO
1714 264 1779 321 IN
1816 264 2135 324 PSALhmM
2174 265 2427 325 CXXVII.

3419 274 3524 331 370

1908 383 2005 446 .(l.
2034 382 2149 436 Cor.
2174 384 2226 436 2.
2258 381 2335 456 9).
2362 385 2415 440 5.
2435 384 2704 440 Benedicta
2732 387 2819 441 tibi
2846 387 3091 445 Dominus
3118 406 3182 444 ea:
3205 390 3352 455 Sion,
3376 403 3420 445 et
3446 393 3525 446 vi-

1933 475 2053 530 deas
2098 477 2227 530 bona
2255 476 2558 532 Jerusalem.
2608 480 2777 545 Alius,
2809 478 2874 533 Et
2906 482 3015 535 vide
3043 483 3095 536 in
3126 483 3269 537 bonis
3307 483 3522 541 Jerusa-

1932 564 2030 619 lem
2047 565 2140 638 (a).
2167 567 2309 622 Bona
2338 568 2466 623 dicit
2488 571 2774 638 civitatem,
2800 571 3030 637 divitias,
3055 573 3328 640 decorem,
3357 575 3519 629 victo-

1927 659 2056 723 rias,
2072 658 2327 726 honores,
2347 663 2774 731 prosperitatem,
2792 665 3136 733 fertilitatem,
3152 666 3325 721 securi
3334 675 3518 734 tatem,

1927 764 2136 819 pacem.

1996 841 2049 895 4.
2088 840 2330 896 Omnibus
2350 842 2523 897 diebus
2544 832 2658 898 vitae
2685 854 2802 900 tute.
2834 845 3064 902 Pulchre
3090 849 3249 903 etiam
3282 863 3406 903 usus
3434 857 3515 904 est

1932 933 2232 1002 adjectione
2261 935 2487 991 dierum.
2518 937 2650 992 Erat
2678 940 2818 993 enim
2846 938 2948 996 hoc
2966 941 3172 1011 signum
3194 943 3509 1006 maximum,

1935 1024 2074 1093 quod
2102 1025 2216 1080 hzec
2240 1040 2269 1079 a
2299 1028 2407 1081 Deo
2432 1027 2702 1093 darentur,
2735 1038 2788 1084 et
2816 1030 2931 1099 ejus
2977 1032 3319 1099 providentiae
3359 1046 3516 1102 argu-

1935 1125 2193 1180 mentum,
2222 1118 2363 1188 quod
2392 1117 2521 1173 nihil
2560 1120 2849 1174 humanum
2897 1132 3220 1201 paterentur,
3264 1137 3362 1176 nec
3388 1136 3514 1175 cor-

1931 1218 2169 1274 ruerent,
2202 1224 2300 1264 nec
2327 1211 2484 1265 ullam
2515 1210 2714 1266 ferrent
2745 1212 3112 1277 mulationem,
3160 1212 3259 1266 nisi
3302 1213 3513 1282 quando

1929 1302 2232 1371 indignatus
2261 1318 2322 1358 ea
2351 1304 2727 1359 intercidisset.
2756 1304 2806 1359 6.
2833 1304 2899 1359 Et
2925 1306 3093 1360 videas
3113 1307 3247 1374 ﬁlios
3268 1307 3507 1376 ﬁliorum.

1928 1394 2087 1464 Atqui
2110 1396 2279 1461 multi,
2299 1394 2525 1466 inquies,
2552 1396 2718 1451 Deum
2739 1397 3006 1461 timentes,
3035 1398 3151 1453 sine
3177 1397 3358 1453 liberis
3374 1412 3515 1452 sem-

1930 1503 2030 1558 per
2058 1488 2225 1543 fuere.
2269 1489 2338 1543 Et
2376 1489 2501 1559 quid
2541 1490 2643 1544 hoc
2686 1489 2787 1545 sibi
2837 1490 2984 1544 vult?
3013 1489 3195 1560 Neque
3232 1490 3373 1545 enim
3416 1505 3515 1545 nos

1930 1588 2150 1648 propter
2176 1581 2454 1649 prmseutia
2485 1582 2747 1646 exuimus,
2778 1580 2871 1635 sed
2919 1582 3183 1650 praecipue
3209 1581 3422 1650 quidem
3456 1589 3512 1633 ut

1931 1671 2043 1725 Deo
2064 1670 2398 1740 placeamus;
2430 1669 2621 1726 deinde
2659 1672 2818 1725 etiam
2863 1682 3081 1742 propter
3124 1685 3247 1741 spes
3286 1671 3508 1724 futuras.

1931 1763 2105 1831 Atque
2137 1770 2262 1815 tunc
2290 1761 2503 1829 quidem
2546 1761 2661 1815 hare
2689 1772 2843 1816 erant
2872 1762 3119 1832 prmmia;
3151 1776 3292 1816 nunc
3334 1772 3509 1816 autem

1929 1852 2140 1914 carlum,
2163 1862 2217 1906 et
2240 1852 2375 1906 bona
2401 1868 2521 1922 qua:
2544 1860 2668 1907 sunt
2693 1853 2744 1906 in
2772 1853 2936 1908 cmlis.
2961 1852 3112 1920 Quod
3135 1854 3178 1908 si
3200 1869 3318 1907 cum
3348 1853 3511 1908 Deum

1933 1943 2170 2010 timeres,
2201 1957 2305 1996 non
2334 1942 2560 1997 habuisti
2591 1943 2747 2009 tilios,
2779 1945 2865 2013 qui
2893 1944 2999 1998 scis
3025 1943 3278 2013 numquid
3308 1943 3516 1998 dederit

1934 2034 2035 2088 alia
2084 2037 2183 2089 hac
2228 2033 2476 2089 felicitate
2523 2034 2758 2103 majora?
2802 2033 2984 2104 Neque
3013 2035 3153 2088 enim
3184 2049 3369 2089 omnes
3409 2049 3515 2088 uno

1933 2126 2093 2181 modo
2121 2126 2381 2182 beneficio
2406 2126 2586 2193 afficit,
2617 2126 2710 2183 sed
2738 2128 2905 2193 varie,
2928 2142 3048 2182 cum
3077 2126 3151 2181 sit
3175 2127 3343 2182 dives.
3375 2126 3513 2191 Quot

1933 2216 2144 2271 fuerunt
2165 2217 2251 2286 qui
2273 2231 2392 2270 cum
2419 2216 2553 2272 filios
2574 2215 2851 2281 haberent,
2872 2216 3175 2286 iudicarunt
3193 2231 3287 2272 eos
3312 2216 3512 2283 felices,

1931 2307 2024 2378 qui
2051 2322 2157 2362 non
2187 2307 2480 2362 haberent?
2505 2316 2633 2378 qttot
2656 2308 2743 2379 qui
2759 2307 2971 2363 divitias
2996 2308 3362 2378 possidebant,
3386 2325 3512 2378 pau-

1934 2398 2149 2469 peribus
2177 2398 2426 2454 miserius
2447 2414 2511 2455 ex
2535 2399 2633 2454 hac
2658 2399 2765 2454 vita
2791 2401 3104 2455 excessere?
3133 2410 3260 2469 quot
3283 2397 3373 2470 qui
3395 2401 3513 2469 gle-

1933 2490 2064 2545 riam
2110 2490 2424 2560 consequuti
2468 2488 2697 2555 fuerant,
2750 2504 2812 2545 ea
2858 2499 3125 2561 tamquam
3169 2506 3295 2545 ense
3337 2491 3514 2560 aliquo

1934 2580 2165 2635 confossi
2211 2591 2352 2646 sunt,
2402 2589 2457 2637 et
2490 2581 2803 2652 gravissima
2845 2598 3069 2652 qumque
3112 2582 3514 2637 sustinuerunt?

1933 2670 2013 2727 Ne
2057 2686 2267 2742 quaeras
2316 2672 2407 2727 tibi
2451 2672 2692 2729 exhiberi
2735 2675 2965 2744 negotia,
3011 2689 3164 2729 neca
3195 2675 3302 2727 Deo
3330 2690 3512 2729 eorum

1934 2779 2054 2834 quae
2074 2764 2195 2819 facit
2220 2765 2476 2819 rationem
2508 2780 2784 2834 cxposcas,
2815 2765 2907 2820 sed
2938 2766 3077 2820 feras
3106 2767 3280 2820 omnia
3310 2765 3428 2820 forti
3447 2780 3510 2820 ac

1934 2870 2197 2925 generoso
2223 2856 2422 2920 animo,
2453 2863 2505 2909 et
2533 2871 2652 2910 cum
2681 2858 2968 2926 gratiarum
2992 2859 3227 2923 actione;
3260 2858 3365 2911 imo
3389 2871 3515 2911 vero

1936 2946 2071 3000 nulli
2115 2961 2293 2999 rerum
2334 2947 2673 3014 praesentium
2705 2948 2938 3001 animum
2972 2957 3117 3001 tuum
3147 2947 3349 3017 afﬁgas.
3382 2949 3515 3002 Pro-

1938 3048 2118 3107 pterea
2150 3037 2291 3089 enim
2321 3036 2478 3090 talem
2503 3036 2685 3104 jussus
2727 3050 2786 3090 es
2825 3036 3069 3091 emittere
3114 3039 3428 3102 orationem,
3462 3039 3511 3090 in

1937 3143 2038 3199 qua
2069 3144 2232 3182 unum
2274 3128 2443 3182 solum
2491 3129 2624 3198 petis
2668 3130 2986 3198 postulatum
3034 3131 3248 3197 sensile,
3291 3141 3343 3184 et
3384 3129 3514 3185 nihil

1937 3222 2183 3292 amplius.
2217 3220 2545 3290 Quamquam
2576 3220 2678 3276 hoc
2703 3237 2912 3293 quoque
2953 3239 3135 3278 rursus
3181 3237 3426 3279 mensura
3457 3226 3515 3277 lit

1937 3312 2194 3381 spiritale.
2226 3312 2340 3366 Alia
2368 3313 2509 3366 enim
2540 3314 2739 3379 omnia,
2763 3312 2830 3368 de
2850 3315 2993 3368 caalis
3014 3323 3067 3368 et
3096 3315 3161 3369 de
3180 3330 3345 3385 regno
3369 3315 3511 3385 quod

1937 3403 2047 3459 illic
2074 3411 2174 3469 est,
2219 3400 2285 3458 de
2316 3402 2546 3472 perfecta
2593 3405 2713 3458 vita:
2757 3405 3106 3472 institutione,
3139 3412 3194 3460 et
3222 3406 3286 3459 de
3318 3406 3514 3460 libera-

1940 3494 2083 3549 tione
2111 3509 2139 3547 a
2171 3494 2398 3561 peccatis
2428 3493 2581 3549 nobis
2606 3493 2887 3549 dicuntur:
2916 3495 2981 3548 de
3011 3495 3293 3550 sensilibus
3337 3504 3514 3550 autem

1938 3602 2098 3641 unum
2126 3586 2377 3656 jubemur
2396 3586 2591 3643 dicere.
2609 3586 2869 3654 Quidnam
2886 3588 3053 3641 illud?
3082 3587 3272 3641 Panem
3292 3597 3515 3641 nostrum

1938 3675 2464 3747 supersubstantialem
2505 3678 2571 3729 da
2612 3677 2754 3730 nobis
2801 3678 2950 3731 hodie
3002 3676 3209 3746 (Matth.
3240 3676 3293 3730 6.
3328 3677 3437 3747 11),
3465 3685 3520 3731 et

1940 3767 2068 3821 nihil
2099 3767 2262 3821 aliud.
2297 3768 2558 3835 Quoniam
2601 3768 2740 3821 enim
2785 3767 2851 3821 ad
2895 3767 3050 3820 aliam
3083 3767 3332 3835 deinceps
3361 3781 3518 3820 voca-

1941 3874 2063 3912 mur
2089 3857 2333 3927 patriam,
2362 3868 2415 3911 et
2441 3857 2504 3911 ad
2537 3858 2791 3926 majorem
2821 3857 2982 3910 vitatu
3023 3856 3274 3925 adscripti
3304 3870 3510 3920 sumus,

1943 3959 2154 4021 Oportet
2194 3949 2352 4004 etiam
2387 3958 2563 4001 nostra
2594 3949 2851 4017 postulata
2879 3961 2999 4001 esse
3025 3948 3072 4002 ei
3100 3946 3466 4001 convenientia
3500 3964 3512 3999 :

1948 4042 2065 4097 hate
2094 4048 2269 4094 autem
2297 4039 2416 4093 licet
2447 4036 2688 4103 afﬂuant,
2721 4039 2882 4092 multa
2903 4054 3020 4092 cum
3052 4037 3241 4092 fiducia
3272 4037 3514 4106 rejicere.

2017 4135 2273 4188 Promissa
2322 4132 2412 4185 Dei
2463 4143 2512 4185 ut
2559 4131 2973 4200 impleantur.—-
3002 4130 3114 4185 Pax
3144 4146 3292 4201 super
3331 4129 3514 4184 Israel.

1943 4227 2093 4281 Alius
2138 4226 2213 4295 (b)
2239 4267 2254 4290 ,
2292 4224 2354 4278 Et
2401 4224 2511 4278 vide
2539 4222 2673 4291 ﬁlios
2710 4222 2933 4290 ﬁliorum
2962 4231 3159 4276 tuorum
3182 4263 3198 4289 ,
3229 4237 3401 4289 pacem
3429 4237 3519 4273 su-

1943 4337 2034 4391 per
2061 4318 2243 4372 lsr‘ael.
2292 4317 2417 4371 llaec
2460 4322 2542 4369 est
2585 4314 2755 4369 oratio
2800 4314 2867 4367 de
2908 4312 3193 4367 communi.
3225 4314 3335 4366 Hoc
3376 4314 3515 4367 enim

1944 4413 2175 4467 maxime
2200 4409 2524 4473 desiderant,
2564 4407 2729 4475 utqui
2759 4407 2863 4459 sint
2893 4405 3049 4475 longo
3078 4404 3218 4459 bello
3246 4403 3426 4459 afﬂicti
3465 4415 3518 4460 et

1943 4502 2207 4558 exhausti.
2240 4498 2374 4567 Quid
2400 4496 2540 4552 enim
2566 4511 2660 4551 eos
2683 4496 2782 4549 alia
2806 4496 3014 4565 juvant,
3060 4494 3105 4549 si
3145 4509 3242 4563 pax
3285 4509 3390 4548 non
3416 4495 3514 4548 ad-

1944 4596 2046 4652 sit?
2068 4594 2217 4663 Quod
2246 4606 2374 4663 ergo
2401 4600 2484 4646 est
2510 4590 2793 4654 bonorum,
2822 4605 2942 4658 quae
2974 4598 3098 4643 tunc
3124 4597 3297 4655 erant,
3327 4588 3517 4657 princi-

1944 4705 2126 4760 puum,
2157 4699 2448 4754 eorumque
2475 4682 2831 4743 securitatem,
2855 4696 3045 4750 nempe
3068 4695 3273 4750 pacem,
3305 4680 3522 4751 pollice

1946 4793 2031 4838 tur
2056 4794 2279 4848 eamque
2308 4784 2646 4846 perpetuam;
2676 4773 2817 4844 quod
2863 4782 2948 4828 est
2988 4772 3219 4827 maxime
3246 4786 3381 4842 opus
3425 4772 3519 4826 Dei

1944 4869 2309 4944 providentitc,
2337 4867 2466 4921 dare
2489 4865 2711 4931 scilicet,
2739 4871 2792 4918 et
2817 4879 2921 4917 non
2942 4863 3118 4917 sinere
3140 4870 3197 4916 ut
3221 4861 3517 4918 intercidat.

1945 4962 2077 5032 Quia
2103 4960 2244 5016 enim
2269 4973 2445 5014 rerum
2469 4956 2820 5011 lmmanarum
2848 4963 3032 5009 natura
3053 4953 3193 5010 ﬂuxa
3214 4963 3315 5020 est,
3343 4962 3396 5009 et
3411 4968 3517 5008 non

1945 5065 2300 5124 permanens:
2325 5047 2612 5103 ostendens
2644 5046 2758 5101 h:cc
2783 5061 2889 5100 non
2915 5056 3115 5100 temere
3143 5043 3209 5098 ad
3239 5058 3333 5098 eos
3358 5042 3520 5098 deve-

1947 5145 2083 5210 nire,
2115 5142 2207 5197 sed
2234 5156 2263 5194 a
2289 5155 2521 5209 superno
2546 5137 2743 5191 auxilio
2767 5145 2819 5191 et
2842 5150 2871 5189 a
2904 5144 3030 5189 nutu
3057 5134 3240 5188 divino
3262 5132 3521 5204 procede-

1948 5249 2026 5301 re,
2049 5233 2203 5297 dixit,
2234 5228 2479 5284 Omnibus
2507 5225 2699 5292 diebus,
2730 5233 2786 5280 et
2806 5238 2989 5295 pacem
3015 5232 3415 5292 permanentem
3442 5233 3524 5278 est

1948 5323 2234 5395 pollicitus.
2278 5322 2451 5390 Atque
2498 5318 2600 5373 hoc
2634 5314 2851 5386 quidem
2900 5315 3097 5369 factum
3143 5322 3246 5381 est,
3287 5315 3427 5386 quod
3457 5316 3522 5369 ad

1948 5418 2115 5473 Deum
2144 5415 2354 5468 attinet.
2388 5410 2539 5478 Quod
2569 5410 2613 5464 si
2658 5409 2756 5463 fuit
2798 5407 3118 5477 interrupta,
3165 5406 3270 5464 hoc
3315 5422 3524 5479 quoque

1945 5510 2137 5567 accidit
2164 5524 2231 5563 ex
2257 5507 2464 5561 illorum
2495 5500 2852 5573 improbitate.
2895 5501 3353 5569 Quemadmodum
3379 5501 3524 5558 enim

2034 5642 2084 5698 α)
2116 5641 2201 5689 11ἰο
2222 5639 2466 5697 interpres
2489 5635 2596 5698 quis
2617 5635 2677 5698 sit
2695 5636 2988 5698 ignoramus.

2034 5653 2063 5689 α
2116 5642 2201 5689 11ἰο
2222 5642 2466 5697 interpres
2489 5642 2596 5698 quis
2617 5642 2677 5683 sit
2695 5642 2933 5697 ignoramu

2012 5642 2085 5766 Et);
2121 5701 2201 5752 ttic
2226 5701 2468 5761 interpres
2489 5698 2598 5760 quis
2615 5696 2677 5746 sit
2699 5697 2933 5746 nescitur.
