3956 6398
551 286 647 344 δτι

552 400 767 470 quando
789 400 1050 469 aliquibus
1072 399 1327 469 supplicia
1357 400 1610 465 minatur,
1640 398 1705 454 iis
1727 398 1814 469 qui
1845 413 1940 468 per
1961 400 2134 469 poeni-

553 493 772 547 tentiam
818 493 950 546 iram
999 492 1308 558 discutiunt,
1360 491 1643 547 cohibetur
1685 492 2035 561 supplicium:
2067 491 2136 546 ita

552 588 713 640 etiam
738 588 780 641 si
806 587 939 641 bona
970 587 1261 656 promittat,
1293 586 1390 640 visi
1411 596 1589 640 autem
1616 585 1811 640 fuerint
1833 583 2029 653 indigni
2049 584 2137 653 qui

552 678 813 746 promissa
862 685 1012 731 erant
1040 676 1443 747 cotisequuturi,
1484 685 1764 732 revocatur
1793 676 2133 746 promissum.

549 768 702 833 Quod
735 767 799 820 ad
828 782 949 821 eum
978 782 1106 837 ergo
1130 777 1358 837 spectat,
1389 768 1640 823 omnibus
1681 767 1870 821 diebus
1905 773 1989 821 est
2015 779 2135 820 eam

546 861 962 929 pollicitiiszsua
1009 872 1185 918 autem
1217 863 1554 933 improbitate
1591 863 1789 918 donum
1838 863 2138 931 interrupe-

545 964 689 1008 runt.
717 955 841 1009 llaec
866 965 1042 1010 autem
1072 956 1211 1023 dico,
1242 964 1300 1011 ut
1325 972 1498 1026 neque
1526 972 1590 1010 eo
1615 956 1852 1011 minante
1880 955 2135 1026 despere-

545 1062 684 1111 mus,
733 1047 825 1100 scd
877 1048 1187 1117 poenitentia
1237 1050 1369 1103 iram
1412 1048 1777 1119 repellamus:
1811 1063 1911 1103 nec
1950 1063 2134 1103 rursus

543 1139 681 1192 bona
712 1140 1055 1206 promittente
1082 1149 1468 1209 torpescamus,
1499 1140 1592 1195 sed
1618 1140 1816 1206 studio,
1846 1148 1901 1193 et
1944 1139 1995 1193 in
2027 1140 2133 1193 vita

545 1231 868 1286 instituenda
899 1232 1188 1301 diligentia,
1221 1236 1480 1303 promissa
1510 1233 1573 1287 ad
1597 1248 1730 1302 epus
1756 1247 2128 1304 provocemus.

543 1323 654 1378 Nisi
685 1325 829 1379 enim
876 1325 945 1379 ita
979 1326 1253 1392 faciamus,
1283 1341 1388 1381 non
1418 1326 1611 1381 sufficit
1640 1326 1707 1381 ad
1736 1326 2133 1382 conservandos

543 1429 642 1468 nos
672 1414 783 1468 sola
817 1416 1119 1485 promissio.
1159 1416 1293 1471 Nam
1325 1417 1474 1472 Iuda:
1504 1432 1716 1488 quoque
1759 1418 2020 1486 pollicitus
2051 1428 2133 1471 est

541 1522 662 1560 eum
693 1522 811 1561 es~e
839 1523 1109 1562 sessurum
1138 1524 1300 1577 super
1340 1508 1588 1564 thronum
1620 1524 1741 1564 cum
1773 1507 2019 1562 undecim
2051 1507 2133 1561 di-

541 1601 790 1669 scipulis:
824 1616 924 1656 nec
970 1610 1145 1657 tamen
1193 1602 1360 1664 sedit;
1394 1602 1446 1656 in
1476 1616 1636 1656 causa
1677 1609 1854 1655 autem
1900 1614 2005 1653 non
2037 1599 2132 1653 fuit

542 1690 630 1745 ille
672 1693 761 1759 qui
792 1691 1057 1761 promisit,
1088 1692 1181 1746 sed
1223 1692 1266 1745 is
1297 1693 1385 1762 qui
1415 1691 1679 1760 promisso
1704 1690 1955 1760 indignus
1987 1689 2131 1744 visus

539 1789 640 1835 est.
677 1781 739 1834 Et
767 1796 865 1835 nos
894 1798 1022 1852 ergo
1052 1798 1171 1837 cum
1197 1782 1485 1836 habeamus
1513 1783 1664 1852 regni
1696 1782 2037 1851 promissum,
2062 1796 2130 1836 ne

539 1874 704 1929 simus
726 1874 899 1942 ignavi
926 1890 989 1930 ac
1010 1875 1237 1941 desides,
1265 1875 1354 1929 sed
1376 1884 1556 1929 nostra
1581 1888 1793 1945 quoque
1820 1872 2125 1936 aﬂ’eramus,

498 1992 503 1999 -
537 1978 593 2021 ut
623 1968 885 2037 possimus
910 1968 1047 2023 bona
1077 1978 1276 2023 mterna
1304 1966 1579 2038 consequi,
1603 1968 1770 2036 gratia
1795 1975 1849 2020 et
1884 1964 2126 2035 benigni-

536 2066 645 2113 tate
677 2060 885 2114 Domini
918 2061 1083 2115 nostri
1118 2062 1243 2117 Jesu
1273 2060 1489 2128 Christi,
1529 2060 1616 2116 cui
1646 2058 1815 2131 gloria
1856 2067 1911 2115 et
1953 2059 2125 2129 impe-

536 2153 672 2207 rium
693 2153 746 2208 in
777 2154 968 2209 saecula
995 2155 1338 2213 smculorum.
1363 2156 1555 2210 Amen.

958 2287 1028 2341 IN
1055 2286 1380 2343 PSALMUM
1408 2284 1691 2341 CXXVIII.

539 2378 587 2430 l.
643 2378 793 2446 Swpe
833 2389 1247 2450 exputgnaceruut
1290 2395 1368 2435 me
1416 2395 1449 2432 a
1485 2380 1749 2448 iuventute
1798 2393 1909 2430 mea
1934 2416 1948 2440 ,
1989 2375 2126 2429 dicat

607 2487 742 2524 nunc
783 2470 964 2525 Israel.
1000 2472 1053 2524 2.
1080 2473 1232 2540 Swpe
1252 2480 1662 2542 expugnaverunt
1690 2487 1768 2525 me
1813 2487 1844 2522 a
1862 2470 2125 2537 juventute

607 2576 718 2615 mea
753 2578 773 2616 :
804 2564 983 2616 etenim
1030 2580 1132 2617 non
1171 2574 1438 2632 potuerunt
1464 2564 1610 2616 mihi.
1664 2563 1818 2617 Alius
1862 2564 2125 2631 interpres

607 2652 755 2716 dicit,
787 2651 861 2726 (η)
887 2654 992 2707 Sed
1017 2671 1117 2707 non
1150 2664 1419 2723 potuerunt
1446 2654 1593 2707 milii.

614 2743 710 2796 llic
749 2761 960 2814 quoque
1005 2744 1250 2800 Psalmus
1294 2745 1530 2800 cohaeret
1574 2745 1921 2815 prmcedenti.
1982 2745 2126 2811 Quo-

539 2834 680 2887 niam
721 2836 863 2889 enim
894 2837 1382 2906 interrumpebatur
1405 2836 1710 2901 aedificatio,
1744 2852 1843 2892 nec
1871 2852 2005 2905 opus
2029 2838 2124 2891 dc-

536 2927 831 2982 ducehatur
860 2929 927 2982 ad
957 2929 1115 2983 tinem
1141 2969 1155 2993 ,
1189 2944 1282 2984 eos
1312 2929 1364 2982 in
1408 2929 1600 2983 bonam
1628 2942 1779 2998 spem
1828 2929 2119 2992 adducens,

534 3035 604 3075 ne
652 3020 1018 3089 desperarent,
1061 3037 1125 3076 ex
1176 3022 1461 3090 prmteritis
1499 3021 1654 3090 jubet
1693 3036 1787 3077 eos
1818 3020 1887 3076 de
1931 3020 2122 3076 futuris

535 3126 655 3167 esse
707 3112 847 3166 bona
886 3114 1101 3179 animo,
1156 3122 1212 3167 et
1238 3112 1395 3168 docet
1423 3128 1517 3168 eos
1561 3112 1677 3167 hanc
1711 3112 1871 3167 verba
1916 3111 2116 3166 dicere.

531 3200 786 3269 Quaenam
818 3202 901 3255 illa
920 3203 943 3238 9
970 3201 1103 3259 Cum
1123 3217 1269 3273 saepe
1294 3218 1386 3257 eos
1414 3203 1754 3270 invasissent,
1788 3218 2118 3273 nequaquam

533 3300 823 3361 potuerunt
850 3308 1127 3362 superare,
1155 3309 1255 3348 nec
1283 3294 1541 3363 integram
1569 3294 1847 3348 victoriam
1872 3302 2118 3362 reporta-

524 3394 677 3440 runt.
708 3385 779 3439 Et
804 3394 984 3441 tamen
1019 3386 1281 3456 captivos,
1319 3386 1511 3457 inquit,
1539 3395 1818 3454 ceperunt,
1855 3395 1909 3442 et
1935 3387 1987 3443 iu
2006 3394 2121 3442 ter-

531 3490 647 3529 ram
696 3475 926 3531 alienam
951 3477 1307 3532 traduxerunt
1330 3518 1346 3543 ,
1374 3485 1429 3532 et
1464 3477 1631 3532 multa
1680 3478 1819 3533 bella
1850 3479 2114 3534 vicerunt.

532 3566 600 3621 Et
626 3576 752 3622 tunc
777 3567 996 3637 quidem
1035 3569 1264 3624 maxime
1290 3584 1396 3624 non
1425 3584 1495 3624 ex
1528 3569 1741 3638 propria
1772 3570 1989 3634 virtute,
2018 3570 2115 3625 sed

529 3674 597 3713 ex
638 3658 943 3715 Iudaeorum
972 3671 1193 3730 peccato
1232 3670 1571 3733 superarunt.
1600 3662 1932 3732 Quamquam
1982 3664 2118 3718 alio—

533 3752 621 3819 qui
650 3767 749 3806 nec
772 3753 837 3807 ad
869 3752 1030 3808 tinem
1070 3769 1239 3823 usque
1275 3768 1619 3823 permansere
1648 3754 1900 3809 victores.
1933 3754 2117 3825 Neque

532 3844 678 3900 enim
711 3854 1002 3915 potuerunt
1036 3862 1204 3917 genus
1230 3847 1451 3901 omnino
1475 3846 1677 3911 delere,
1735 3846 1820 3903 vel
1846 3847 2114 3902 civitatem

530 3939 753 3993 omnino
798 3949 1066 4002 evertere,
1112 3950 1205 3993 aut
1240 3947 1453 4009 gentem
1481 3937 1717 3993 funditus
1744 3938 1991 4009 perdere,
2021 3939 2117 3995 sed

526 4044 651 4087 eum
674 4032 965 4102 paulisper,
985 4031 1098 4086 Deo
1122 4031 1470 4095 concedente,
1496 4031 1766 4096 vicissent,
1791 4032 2112 4088 rursusvin-

526 4122 807 4177 cebantur.
835 4121 1116 4189 Quomodo
1143 4130 1320 4176 autem
1351 4121 1741 4178 vincebantur?
1768 4123 1850 4178 Ad
1879 4124 2112 4192 priorem

531 4211 840 4269 felicitatem
878 4212 1084 4269 Judteis
1134 4213 1549 4269 revertentibus.
1599 4213 1751 4281 Quod
1793 4215 2006 4283 quidem
2030 4217 2113 4271 si-

527 4303 789 4375 gniﬁcans
829 4305 964 4359 alius
992 4305 1257 4373 interpres
1276 4304 1438 4369 dixit,
1484 4304 1590 4359 Sed
1616 4319 1716 4357 non
1742 4305 2113 4372 praavatuerunt

521 4411 676 4465 super
694 4411 793 4450 me.
818 4397 874 4450 ‘5.
889 4396 1061 4465 Supra
1077 4395 1285 4450 dorsum
1307 4411 1471 4448 meum
1493 4395 1863 4463 fabricaverunt
1883 4405 2115 4464 peccato-

523 4506 621 4553 res,
640 4488 1059 4559 prolongaoerunt
1069 4488 1382 4557 iniquitatem
1404 4503 1566 4542 suain.
1586 4487 1722 4556 Quid
1740 4487 1841 4543 hoc
1865 4489 1982 4543 est?
1996 4488 2110 4544 Non

526 4591 751 4643 temere,
798 4580 990 4650 inquit,
1019 4589 1073 4634 et
1119 4581 1336 4635 fortuito
1361 4578 1763 4645 insidiabantur,
1808 4581 1900 4635 sed
1944 4581 2110 4636 multa

524 4672 884 4726 moliebantur
939 4681 996 4726 et
1038 4670 1504 4737 machinabantur,
1548 4670 1703 4725 dolos
1755 4681 2022 4727 struentes
2056 4682 2111 4729 et

524 4764 826 4819 clanculum
878 4763 1207 4818 invadentes.
1265 4763 1394 4819 Illud
1440 4763 1582 4819 enim
1607 4805 1622 4828 ,
1681 4763 1856 4833 Supra
1896 4763 2107 4819 dorsum

520 4873 723 4924 metam,
757 4856 838 4911 vel
870 4855 1107 4911 fraudem
1144 4864 1200 4910 et
1240 4856 1596 4911 exulceratam
1645 4856 1898 4913 malitiam
1942 4858 2109 4927 signi-

520 4948 666 5013 ﬁcat,
700 4945 784 5001 vel
826 4947 934 5002 vim
964 4954 1020 5000 et
1043 4945 1377 5002 violentiam.
1428 4946 1538 5001 Hoc
1561 4954 1663 5010 est,
1706 4949 2109 5017 Aggressisunt

519 5055 694 5097 meam
726 5040 1022 5111 potentiam
1057 5037 1415 5105 confringere.
1465 5038 1616 5095 Alius
1654 5047 1834 5094 autem
1874 5054 1972 5107 pro
2014 5055 2101 5107 eo,

512 5133 933 5198 Fabricaomnt,
990 5130 1160 5196 dixit,
1201 5128 1482 5184 straverunt
1532 5127 1606 5201 (lt)
1630 5169 1647 5196 ,
1693 5138 1753 5183 ut
1799 5130 2107 5186 ostenderet

516 5228 665 5294 ipsos
695 5223 1192 5294 inpurandisjusto
1237 5220 1442 5277 insidiis
1469 5236 1687 5290 operam
1718 5235 1941 5290 ponere.
1966 5221 2100 5276 Pro-

514 5318 846 5389 tongaoerunt
872 5317 1200 5385 ιὶηἰφιίςαιεικ
1247 5329 1413 5370 ωιτη.
1446 5311 1603 5379 πριιίά
1643 5320 1727 5368 est
1764 5312 1904 5383 quod
1933 5312 2104 5369 dicit?

513 5406 882 5463 Ostenditreos
903 5424 1010 5465 non
1028 5408 1204 5462 solum
1225 5418 1566 5475 eum'magno
1594 5404 1796 5475 impetu
1818 5405 2098 5473 invasisse,

516 5500 612 5554 sed
638 5502 804 5555 etiam
824 5516 951 5556 cum
982 5515 1174 5571 magna
1204 5497 1619 5570 perseverantia,
1656 5507 1714 5553 ut
1739 5496 1829 5569 qui
1873 5498 2098 5554 multum
2196 5524 2201 5533 -

582 5610 652 5727 gn;
817 5611 883 5683 sit
902 5611 983 5661 hic
1004 5612 1248 5684 interpres
1261 5609 1524 5663 nescimus.
1647 5672 1659 5685 ,
1914 5673 1925 5684 ⁸

605 5670 630 5715 b
814 5680 1169 5727 interpretatio.
1211 5679 1485 5727 araverwtt.
1525 5678 1603 5724 est
1640 5679 1780 5727 Juxta
1803 5671 1925 5727 Aqui

583 5670 650 5727 (bl
682 5670 1169 5735 Haecinterpretatio,
1211 5679 1485 5733 araverwtt,
1525 5678 1603 5724 est
1640 5672 1780 5735 juxta
1803 5671 2023 5736 Aquilam
2048 5680 2099 5723 et

531 5724 937 5783 Theodotionem.

1301 288 1357 342 S.
1398 286 1675 342 JlMNNIS
1711 282 2188 341 CIIRYSOSTOMI
2229 285 2543 340 AliClllEP.
2584 285 3121 346 CONSTANTINOP.
3678 306 3753 362 δῖε

2248 399 2503 469 temporis
2525 414 2589 454 ea
2620 400 2671 455 in
2691 416 2751 457 re
2764 413 3141 461 consumerent
3156 446 3171 471 ,
3194 417 3246 461 et
3265 406 3488 464 insidiari
3513 426 3643 467 suum
3656 433 3754 487 opus

2243 507 2365 549 esse
2383 492 2663 561 ducerent,
2708 495 2761 550 in
2791 511 2964 567 eoque
2992 498 3204 554 assidue
3242 501 3586 569 persisterent.
3612 504 3697 563 Sed
3718 512 3755 571 id

2245 584 2373 638 nihil
2401 586 2477 639 eis
2503 586 2721 655 profuit,
2746 603 2849 644 non
2869 590 3065 645 nostris
3090 591 3308 660 viribus,
3328 594 3416 648 sed
3443 596 3528 652 Dei
3553 604 3756 672 potentia,

2242 679 2507 733 coercitis.
2534 679 2791 747 Quocirca
2814 684 3102 739 ostendens
3122 701 3243 741 eum
3273 688 3359 751 qui
3389 690 3532 759 erigit
3553 700 3756 763 trepzeum

2241 777 2294 823 et
2317 771 2453 838 parit
2479 771 2778 841 victoriam,
2803 775 3073 844 subjunxit
3116 795 3130 831 :
3161 778 3214 832 4.
3237 777 3477 834 Dominus
3494 782 3646 853 justus
3665 802 3754 840 coita

2241 861 2363 915 cidit
2403 863 2617 918 emices
2658 876 2995 934 peccatorum.
3028 868 3177 924 Alius
3205 881 3378 926 autem
3406 888 3520 942 pro,
3564 872 3751 944 Cervices,

2240 951 2392 1018 dixit,
2428 952 2617 1023 Funes,
2646 957 2722 1027 (α)
2747 958 3050 1029 significans
3076 960 3314 1027 insidias,
3345 964 3580 1029 insultas,
3600 967 3757 1024 machi-

2241 1044 2502 1100 nationes.
2536 1046 2701 1102 Recte
2731 1059 2909 1103 autem
2927 1050 3085 1119 dixit,
3108 1067 3236 1120 non,
3259 1054 3518 1120 Dissolvit,
3538 1057 3640 1123 sed,
3663 1058 3759 1112 Con.

2241 1135 2361 1187 cidit
2386 1151 2405 1189 :
2437 1144 2494 1190 ut
2519 1138 2688 1207 magis
2707 1140 3022 1196 oswnderet
3041 1158 3163 1197 eum
3191 1143 3242 1197 id
3266 1143 3472 1208 fecisse,
3503 1147 3756 1204 reddentem

2238 1241 2424 1281 eorum
2456 1230 2676 1284 consilia
2706 1232 2917 1301 penitus
2961 1233 3190 1289 inutilia.
3232 1236 3361 1291 Cum
3394 1238 3529 1292 enim
3556 1240 3761 1308 inciperet

2240 1334 2425 1374 rursus
2454 1322 2694 1377 construi
2719 1324 2927 1391 civitas,
2949 1326 3099 1381 multi
3127 1326 3360 1398 undique
3383 1329 3673 1386 invadebant
3688 1333 3753 1386 in-

2238 1410 2375 1464 vidia
2406 1412 2809 1470 cxtaheseentes
2844 1434 2858 1469 :
2898 1431 2997 1472 nec
3027 1417 3078 1471 id
3120 1420 3288 1474 semel
3329 1429 3546 1488 tantum,
3583 1432 3660 1477 aut
3681 1423 3755 1489 bis,

2238 1499 2329 1552 sed
2359 1516 2729 1569 smpenumero
2776 1503 3038 1560 fecerunt.
3071 1507 3183 1563 llos
3215 1508 3384 1578 ipsum
3429 1512 3582 1565 etiam
3625 1514 3759 1568 evenit

2238 1589 2291 1643 in
2325 1591 2582 1646 Ecclesia.
2606 1592 2742 1649 Cum
2790 1595 2934 1651 enim
2982 1598 3239 1669 inciperet
3264 1603 3463 1668 enasci,
3489 1618 3651 1658 omnes
3670 1620 3757 1659 eam

2236 1682 2447 1735 aSsitlue
2476 1684 2795 1739 invadebant
2825 1704 2837 1739 :
2873 1688 2924 1741 in
2962 1689 3221 1759 principio
3246 1693 3458 1762 quidem
3500 1710 3651 1765 rcges,
3691 1710 3759 1765 po-

2237 1771 2369 1842 puli,
2403 1784 2456 1828 et
2480 1776 2689 1845 tyranni
2717 1794 2729 1829 :
2756 1789 2939 1848 postea
2959 1789 3136 1835 autem
3164 1783 3371 1837 insidia:
3398 1784 3721 1841 ltmreticoruxu
3745 1806 3755 1840 :

2222 1872 2289 1916 .ct
2319 1864 2606 1921 maximum
2634 1908 2647 1932 ,
2690 1871 2895 1924 varium
2942 1872 3328 1943 multiplexque
3365 1876 3552 1931 bellum
3579 1877 3757 1948 undique

2234 1957 2592 2012 suscitabatur
2624 1977 2636 2013 :
2676 1961 2771 2015 sed
2802 1971 2978 2019 tamen
3008 1980 3112 2018 non
3147 1968 3429 2037 praevaluit
3469 1969 3589 2023 :sed
3623 1969 3756 2039 proﬂi-

2233 2048 2338 2115 gati
2368 2057 2491 2103 sunt
2509 2048 2707 2116 hostes,
2741 2054 2899 2109 ﬂoret
2917 2066 3093 2111 autem
3113 2057 3375 2112 Ecclesia.
3404 2060 3457 2114 5.
3483 2059 3757 2131 Confundet!-

2235 2150 2317 2193 tur
2344 2149 2390 2193 et
2419 2152 2769 2198 convertantur
2795 2155 3071 2201 retrorsum
3108 2166 3282 2206 omnes
3318 2153 3407 2221 qui
3429 2153 3622 2206 oderunt
3645 2153 3753 2208 Sion.

2234 2233 2417 2300 Alius,
2465 2235 2830 2293 Subvertantur
2874 2249 3145 2298 retrorsum
3171 2243 3265 2316 (ὁ).
3295 2245 3352 2301 6.
3382 2245 3529 2299 Fiant
3562 2248 3667 2300 sicut
3688 2249 3754 2317 fa-

2234 2341 2355 2378 num
2408 2336 2671 2394 tectorum,
2714 2331 2851 2400 quod
2901 2333 3197 2402 priusquam
3237 2337 3499 2400 evellatur,
3551 2338 3757 2391 exaruit:

2233 2417 2283 2470 7.
2311 2418 2375 2471 de
2397 2435 2495 2488 quo
2520 2436 2621 2474 non
2645 2422 2871 2490 implevit
2900 2441 3107 2479 manum
3138 2444 3287 2480 suam
3316 2429 3401 2499 qui
3430 2430 3575 2482 metit.
3609 2428 3749 2490 Alius,

2233 2505 2476 2578 Pugnant
2502 2526 2674 2564 situm.
2702 2512 2771 2565 Et
2796 2515 2965 2568 sinum
3002 2532 3148 2570 suum
3169 2519 3256 2587 qui
3292 2520 3569 2587 ntanipnlos
3591 2519 3750 2589 colligit.

2229 2602 2283 2653 8.
2307 2602 2373 2655 Et
2403 2620 2502 2656 non
2531 2604 2767 2659 dixerunt
2794 2609 2881 2679 qui
2899 2610 3239 2678 prrcteribant,
3270 2611 3555 2666 Benedictio
3595 2610 3751 2664 Domini

2230 2711 2381 2764 super
2454 2711 2561 2751 vos.
2613 2696 2972 2754 Bcnediximus
3021 2702 3159 2755 vobis
3205 2703 3260 2756 in
3329 2705 3525 2758 nomine
3578 2702 3748 2756 Domitii.

2231 2784 2672 2841 Adhortationem
2726 2791 3031 2857 preczitione
3079 2793 3373 2859 concludit,
3421 2810 3484 2848 ex
3514 2793 3753 2847 narratione

2230 2878 2641 2945 prmtcritornm,
2672 2890 2727 2935 et
2764 2896 2830 2935 ex
2859 2881 3104 2937 oratione
3131 2883 3430 2939 auditorem
3462 2884 3524 2939 ad
3550 2883 3752 2939 confiten-

2228 2966 2355 3021 dum
2381 2968 2675 3035 adducens,
2720 2980 2776 3027 et
2809 2972 3058 3042 injustam
3088 2974 3215 3029 belli
3266 2991 3479 3030 causam
3504 2974 3751 3030 ostendens.

2224 3060 2308 3115 .Ex
2338 3062 2535 3118 invidia
2554 3063 2699 3119 enim
2744 3073 2800 3121 et
2835 3065 2960 3121 odio
2988 3066 3185 3123 bellum
3227 3084 3551 3140 suscepere:
3579 3078 3625 3124 et
3667 3067 3752 3121 ideo

2227 3156 2357 3211 dicit
2389 3175 2401 3209 :
2430 3155 2747 3213 Erubescant
2786 3169 2832 3213 et
2858 3171 3210 3215 convertantur
3232 3173 3505 3218 retrorsum
3531 3177 3674 3219 omnes
3692 3158 3754 3229 φιὶ

2227 3247 2442 3303 oderunt
2472 3247 2621 3303 Sion.
2651 3248 2769 3304 Non
2799 3250 2998 3318 solum,
3029 3251 3221 3323 inquit,
3250 3255 3548 3318 vincantur,
3572 3251 3649 3308 sed
3671 3260 3751 3309 Utr-

2227 3343 2367 3412 piter
2404 3351 2459 3398 et
2499 3342 2745 3400 ridicule.
2779 3344 2983 3399 Deinde
3024 3359 3152 3400 cum
3196 3345 3446 3414 dixisset,
3479 3346 3620 3400 Fiant
3659 3344 3752 3397 sicut

2228 3436 2416 3507 fanum
2437 3442 2699 3502 tectorum,
2728 3437 2965 3505 persistit
2993 3438 3043 3491 in
3066 3438 3433 3506 similitudine,
3451 3454 3548 3494 non
3570 3451 3649 3493 eos
3665 3443 3752 3489 tan-

2228 3534 2338 3580 tum
2360 3524 2503 3581 furno
2526 3541 2865 3596 comparans,
2902 3527 2994 3582 sed
3041 3526 3185 3584 fmno
3209 3530 3355 3600 quod
3384 3540 3465 3585 est
3500 3542 3642 3598 supra
3680 3523 3750 3578 do-

2225 3630 2364 3671 mos.
2394 3617 2728 3687 Quamquam
2757 3617 2900 3672 enim
2947 3617 3001 3673 id
3047 3634 3259 3688 quoque
3291 3619 3434 3690 quod
3482 3628 3557 3675 est
3588 3618 3633 3672 in
3656 3627 3751 3685 agro

2225 3708 2429 3779 pingui,
2479 3707 2731 3765 celeriter
2782 3709 3009 3775 difﬂuit;
3072 3711 3258 3766 volens
3311 3724 3485 3767 tamen
3526 3708 3751 3766 ostendere

2224 3819 2383 3872 quam
2430 3811 2613 3860 essent
2651 3803 2787 3859 viles
2828 3802 3142 3871 adversarii,
3192 3820 3290 3861 eos
3342 3814 3602 3877 comparat
3644 3799 3752 3855 fano

2224 3892 2368 3964 quod
2394 3902 2477 3949 est
2502 3908 2668 3965 super
2713 3894 2903 3951 domos
2935 3913 2949 3951 :
2981 3906 3040 3951 ut
3082 3898 3335 3967 utrinque
3365 3897 3598 3951 ostendat
3632 3902 3749 3961 quam

2224 3985 2332 4040 sint
2361 3984 2579 4056 fragiles
2607 3997 2663 4041 et
2717 3987 2926 4054 caduci,
2955 4003 3148 4058 nempe
3173 3998 3227 4044 et
3264 4004 3334 4044 ex
3365 3988 3490 4044 freni
3518 3994 3693 4047 natura,
3712 3986 3751 4033 el

2224 4090 2291 4131 ex
2320 4086 2509 4131 natura
2557 4076 2683 4133 loci.
2715 4079 2893 4147 Tales,
2921 4080 3113 4149 inquit.
3144 4089 3269 4135 sunt
3300 4081 3522 4136 insultus
3547 4078 3749 4133 adversa-

2224 4167 2448 4236 riorum,
2477 4169 2569 4239 qui
2594 4183 2699 4225 non
2726 4169 2926 4226 habent
2952 4170 3209 4237 radicem,
3235 4187 3339 4227 nec
3362 4170 3747 4227 fundamentum:

2221 4259 2312 4329 qui
2338 4260 2723 4330 aliquantisper
2746 4260 2963 4334 quidem
2985 4263 3235 4318 videntur
3254 4263 3469 4328 ﬂorere,
3498 4269 3655 4331 ρυειεει
3681 4268 3749 4308 θυι

2223 4359 2331 4406 tem
2359 4350 2637 4421 deficiunt,
2662 4362 2717 4409 et
2744 4369 2811 4409 ex
2848 4356 3040 4425 seipsis
3088 4356 3362 4410 excidunt.
3395 4355 3533 4411 Talis
3556 4359 3631 4405 est
3659 4358 3751 4418 pro-

2220 4444 2450 4513 speritas
2472 4460 2658 4501 eorum
2685 4447 2776 4518 qui
2812 4447 2996 4502 vivunt
3027 4448 3079 4502 in
3111 4448 3338 4514 scelere,
3365 4449 3480 4511 talis
3499 4441 3748 4516 jucundius

2220 4550 2400 4590 rerum
2429 4536 2587 4606 hujus
2614 4538 2773 4593 vitm:
2800 4539 2958 4593 simul
2983 4540 3125 4594 enim
3156 4549 3210 4595 et
3243 4540 3478 4595 cernitur
3502 4548 3552 4593 et
3588 4529 3746 4589 interit.

2219 4637 2278 4682 ut
2304 4642 2423 4698 qua:
2449 4644 2549 4685 nec
2578 4628 2771 4685 habeat
2792 4630 3195 4687 fundamentum
3218 4632 3454 4702 aliquod,
3483 4642 3575 4684 nec
3601 4632 3746 4696 poten-

2218 4719 2369 4774 tiam.
2402 4719 2471 4775 Et
2518 4720 2641 4776 ideo
2668 4737 2774 4776 nun
2806 4732 2888 4777 est
2935 4724 3014 4778 eis
3057 4724 3392 4779 adhibendus
3423 4723 3635 4779 animus,
3676 4708 3744 4765 sed

2216 4811 2605 4868 considerando
2645 4828 2805 4882 quam
2846 4814 2953 4868 sint
2992 4812 3156 4868 ﬂuxa:
3192 4824 3249 4868 et
3293 4813 3539 4872 caducae,
3582 4801 3747 4861 deside-

2219 4905 2403 4961 randa:
2431 4914 2557 4961 sunt
2591 4921 2679 4962 res
2715 4915 2952 4973 aeternae,
2996 4908 3346 4971 immortales,
3392 4901 3678 4961 immobiles,
3707 4900 3748 4944 et

2215 4998 2269 5054 in
2294 5014 2427 5070 quas
2453 4999 2598 5055 nulla
2625 4999 2769 5056 cadit
2798 5001 3024 5055 mutatio
3059 5018 3072 5054 :
3097 5015 3229 5069 quas
3257 5000 3416 5055 detur
3443 4994 3587 5052 nobis
3607 4984 3745 5045 omni-

2214 5092 2315 5148 bus
2344 5093 2621 5164 consequi,
2678 5094 2846 5164 gratia
2898 5102 2953 5148 et
2993 5094 3317 5164 benignitate
3370 5086 3566 5146 Domini
3612 5075 3743 5138 nostri

2213 5186 2342 5244 Jesu
2368 5186 2590 5253 Christi,
2620 5202 2742 5243 cum
2774 5202 2881 5257 quo
2910 5186 3055 5242 Patri
3090 5187 3255 5258 gloria
3286 5184 3442 5243 simul
3465 5195 3576 5239 cum
3595 5181 3743 5233 sancto

2213 5280 2434 5352 Spiritu,
2468 5281 2520 5336 in
2551 5280 2745 5336 saecula
2774 5280 3115 5336 saeculorum.
3142 5282 3332 5336 Amen.

2274 5434 2348 5498 (a)
2379 5441 2489 5485 nec
2509 5430 2849 5497 interpretatio
2866 5470 2881 5492 ,
2896 5432 3035 5496 {mes
3050 5469 3066 5493 ,
3084 5438 3163 5482 est
3194 5431 3333 5494 juxta
3347 5425 3558 5492 Aquilam
3578 5426 3626 5469 ei
3638 5423 3741 5479 53"“

2209 5498 2447 5548 machum.

2273 5557 2343 5620 (ὁ)
2377 5567 2518 5607 Juxta
2540 5570 2688 5621 quem
2711 5556 2775 5605 sit
2805 5555 2902 5621 illa
2932 5556 3287 5621 interpretatio,
3310 5554 3592 5621 ignoramus;
3610 5534 3737 5590 "ei"

2208 5617 2535 5684 musquoque
2552 5617 2694 5682 juxta
2715 5630 2865 5680 quem
2888 5617 3012 5668 infra
3036 5617 3231 5668 versum
3251 5619 3330 5678 sit,
3356 5620 3569 5679 pugnum-
