3956 6412
209 303 303 356 5'”

198 424 331 489 τισὶ,
362 422 460 477 καὶ
478 423 569 478 διὰ
595 424 692 494 τῆς
722 425 1010 496 μετανοίας
1030 427 1443 500 ἀποκρούωνται
1464 431 1562 501 τὴν
1588 432 1781 504 ὀργὴν,

202 508 418 561 ίσταται
450 508 519 562 τὰ
550 522 577 550 ι
605 510 702 581 τῆς
730 511 1003 583 τιμωρίας
1022 529 1036 542 ο
1087 511 1230 565 οὕτω
1263 512 1367 566 κᾶν
1406 513 1585 583 ἀγαθὰ
1617 515 1790 584 ἐπαγ-ι

198 590 468 663 γείλητσι,
495 591 703 658 ἀνάξιοι
735 593 792 646 δέ
833 595 1072 664 φανῶσιν
1101 598 1149 650 οἰ
1181 596 1280 667 τῆς
1309 597 1639 667 ἐπαγγελίας
1662 600 1790 671 μέλ-

197 678 384 738 λοντες
410 675 727 740 ἀπολαύειν,
758 677 1165 748 ἀναχαιτίζεται
1191 682 1260 732 τά
1289 680 1385 752 τῆς
1417 680 1785 751 ὑποσχέσεως.

196 758 408 832 Τδν,μέν
436 756 532 814 οῦν
586 761 668 824 εἰς
697 760 861 814 αὐτὸν
891 757 1050 835 ἦκον,
1107 763 1288 828 πάσας
1315 764 1414 828 τὰς
1447 764 1660 836 ἡμέρας
1688 766 1788 819 αὐ-

193 848 311 911 τοῖς
343 845 747 918 ἐπηγγείλατοο
793 850 859 919 τῇ
906 848 961 901 δέ
1007 850 1218 903 ἑαυτῶν
1270 849 1505 922 πονηρίᾳ
1533 849 1790 920 διέκοψαν

196 928 297 1003 τὴν
330 929 558 1001 δωρεάν.
584 929 767 983 Ταῦτα
797 931 854 985 δέ
882 931 911 971 ιι
938 931 1105 1001 λέγω,
1141 933 1228 986 ἵνα
1260 936 1396 1005 μήτε
1439 932 1790 997 ἀπειλοῦντος

197 1011 367 1067 αὑτοῦ
397 1012 885 1084 ἀπογινώσκωμεν,
916 1014 1052 1069 ἀλλά
1078 1019 1144 1087 τῇ
1191 1016 1451 1088 μετανοίᾳ
1487 1016 1586 1089 τὴν
1618 1017 1789 1088 ὀργὴν

197 1095 656 1168 ἀποκρουώμεθα,
692 1097 827 1168 μηδέ
865 1099 1077 1170 χρηστὰ
1100 1099 1571 1171 ἐπαγγελλομένου
1593 1099 1790 1153 ἀναπί-

199 1197 446 1250 πτωμεν,
479 1178 615 1236 ἀλλά
655 1183 722 1252 τῇ
762 1182 965 1253 σπουδῇ
1000 1184 1093 1236 καὶ
1121 1185 1187 1254 τῇ
1215 1183 1359 1237 κατά
1403 1184 1495 1237 τὸν
1526 1184 1637 1255 βίον
1671 1185 1790 1237 ἐπι-

201 1264 394 1337 μελείᾳ
426 1262 791 1336 προκαλῶμεν
835 1266 916 1330 εἰς
945 1265 1107 1337 ἔργον
1159 1267 1258 1331 τὰς
1309 1267 1651 1339 ὑποσχέσεις.
1690 1268 1789 1321 Ἂν

198 1351 308 1420 γὰρ
339 1348 412 1419 μὴ
440 1347 599 1401 τοῦτο
627 1347 891 1419 ποιῶμεν,
927 1351 1027 1403 οὐκ
1045 1352 1259 1422 ἀρκεῖή
1288 1351 1591 1420 ἐπαγγελία
1614 1350 1788 1404 σῶσαι

201 1433 361 1505 μόνη.
391 1432 544 1485 Ἐπεὶ
565 1432 658 1485 καί
676 1431 755 1502 τῷ
793 1432 965 1504 Ἰούδᾳ
996 1435 1383 1504 ἐπηγγείλατο,
1407 1436 1489 1487 ὅτι
1515 1433 1787 1489 καθιεῖται

200 1518 292 1570 ἐπὶ
323 1514 418 1569 τοῦ
455 1514 647 1586 θρόνου
684 1515 822 1586 μετά
855 1517 964 1570 τῶν
1011 1517 1206 1572 ἕνδεκα
1246 1516 1536 1588 μαθητῶνο
1568 1518 1662 1570 καὶ
1689 1517 1790 1569 οὐκ

199 1599 455 1652 ἐκάθισεν
475 1616 489 1629 ·
522 1598 629 1671 ήδέ
662 1598 810 1653 αἰτία
840 1600 900 1653 οὐ
927 1600 1078 1672 παρὰ
1104 1601 1195 1654 τὸν
1222 1601 1613 1671 ὑποσχόμενον,
1654 1599 1791 1654 ἀλλά

197 1681 354 1753 παρά
370 1682 463 1735 τὸν
476 1680 695 1747 ἀνάξιον
723 1684 819 1753 τῆς
850 1684 1201 1754 ὑποσχέσεως
1216 1686 1473 1753 φανέντα.
1497 1685 1608 1737 Καὶ
1627 1686 1791 1754 ἡμεῖς

196 1767 379 1821 τοίνυν
405 1765 620 1836 ἔχοντες
654 1765 931 1836 βασιλείας
955 1767 1311 1836 ἐπαγγελίαν,
1339 1768 1412 1838 μὴ
1433 1767 1787 1839 ρᾳθυμῶμεν,

197 1850 331 1906 ἀλλά
363 1851 431 1904 τὰ
455 1851 584 1922 παρ’
608 1850 816 1904 ἑαυτῶν
837 1851 1200 1923 εἰσφέρωμεν,
1231 1851 1316 1904 ἵνα
1342 1851 1659 1922 δυνηθῶμεν
1684 1851 1789 1904 τῶν

197 1935 438 1989 αἰωνίων
467 1934 688 2004 ἀγαθῶν
717 1934 1017 2005 ἐπιτυχεῖν,
1072 1936 1257 2007 χάριτι
1287 1935 1382 1989 καὶ
1410 1935 1792 2008 φιλανθρωπίᾳ

195 2017 292 2073 τοῦ
337 2018 539 2091 Κυρίου
572 2017 732 2090 ἡμῶν
778 2018 953 2089 Ἰησοῦ
987 2017 1248 2090 Χριστοῦ,
1285 2012 1329 2086 ᾧ
1370 2021 1403 2091 ἡ
1450 2019 1576 2083 δόξα
1604 2022 1697 2074 καὶ
1729 2020 1791 2073 τὸ

196 2106 400 2178 κράτος
427 2106 508 2168 εἰς
530 2104 658 2165 τοὺς
687 2101 887 2166 αἰῶνας
914 2103 1021 2158 τῶν
1057 2103 1289 2158 αἰώνων.
1332 2104 1524 2175 Ἀμην.

482 2240 637 2315 [565]
670 2242 777 2296 Eu:
815 2243 956 2296 TON
992 2244 1152 2297 PKH'
1180 2242 1503 2298 ΨΑΛΜΟΝ.

192 2355 534 2418 Πλεονάκις
569 2352 964 2425 ἐπολέμησάν
983 2371 1060 2423 με
1091 2355 1160 2425 ἐκ
1202 2354 1486 2422 νεότητός
1516 2371 1635 2425 μου
1656 2395 1670 2417 ,
1706 2355 1788 2407 εί-

264 2426 433 2478 πάτω
464 2426 540 2492 δὴ
601 2423 871 2492 Ἰσραήλ.
907 2424 1243 2491 Πλεονάκις
1276 2423 1672 2493 ἐπολέμὴσάν
1711 2441 1790 2492 με

262 2498 333 2549 ἐκ
377 2495 659 2563 νεότητός
696 2509 854 2563 μου³
919 2496 1017 2549 καὶ
1075 2495 1186 2563 γὰρ
1233 2498 1344 2550 οὐκ
1388 2495 1792 2563 ἡδυνήθησάν

264 2584 387 2638 μοι.
429 2565 658 2636 ’Έτερός
687 2582 851 2635 φησιν
878 2566 1240 2638 ἑρμηνευτὴς,
1306 2567 1458 2621 Ἀλλ’
1492 2569 1605 2621 οὐκ
1645 2563 1792 2631 ἡδυ-

262 2637 547 2705 νήθησάν
567 2652 692 2704 μοι.

266 2753 380 2807 Καὶ
417 2746 570 2816 οὗτος
595 2751 691 2805 τοῦ
724 2751 830 2813 πρὸ
857 2751 1022 2807 αὐτοῦ
1048 2752 1228 2825 ἔχεται
1250 2754 1278 2807 ό
1298 2753 1513 2824 ψαλμός
1547 2754 1793 2809 ο.Ἐπει-

190 2837 257 2909 δὴ
292 2837 404 2907 γὰρ
425 2834 739 2889 διεκόπτετο
764 2835 834 2888 τά
862 2837 960 2907 τῆς
991 2838 1302 2908 οἰκοδομῆς,
1342 2838 1437 2890 καὶ
1480 2836 1618 2909 πρὸς
1638 2836 1791 2899 τέλος

191 2922 253 2972 τὺ
279 2919 442 2991 ἔργον
465 2919 566 2971 οὐκ
584 2919 694 2990 ᾔει,
723 2920 872 2987 ἄγων
914 2920 1112 2983 αὐτοὺς
1156 2923 1233 2984 εἰς
1267 2920 1510 2992 χρηστὰς
1546 2920 1788 2982 ἐλπίδας,

191 3004 284 3057 ἵνα
310 3003 397 3073 μὴ
436 3002 918 3071 ἀπογινώσκωσιν,
973 3005 1037 3057 ἐκ
1076 3004 1187 3057 τῶν
1228 3003 1612 3075 παρελθόντων
1658 3004 1791 3075 περί

190 3086 305 3141 τῶν
361 3086 662 3158 μελλόντων
699 3086 923 3159 θαρρεῖν
961 3089 1157 3152 αὐτοὺς
1201 3088 1647 3160 παρασκευάζει,
1695 3088 1791 3141 καὶ

196 3170 447 3224 παιδεύει
485 3170 683 3232 αὐτοὺς
711 3169 890 3239 λέγειν
918 3170 1096 3224 ταῦτα
1136 3171 1205 3224 τά
1238 3173 1481 3241 ῥήματα.
1517 3172 1653 3223 Ποῖα
1687 3170 1786 3238 δέ;

194 3256 327 3309 Ὅτι
349 3254 640 3319 πολλάκιςά
660 3255 993 3326 ἐπιθέμενοι,
1013 3255 1399 3327 περιγενέσθαι
1414 3257 1517 3309 οὐκ
1540 3257 1786 3326 ίσχυσαν,

193 3338 323 3393 οὐδὲ
349 3338 608 3410 ὁλοσχερῆ
628 3339 787 3408 νίκην
816 3339 1036 3410 ἦραντο.
1065 3341 1175 3393 Καὶ
1224 3339 1329 3411 μὴν
1359 3339 1551 3392 ἔλαϐον
1586 3341 1790 3411 αἰχμα-

190 3424 424 3485 λώτους,
481 3424 634 3493 φησὶ,
673 3425 767 3476 καὶ
809 3425 948 3495 πρὸς
979 3425 1078 3496 τὴν
1108 3424 1398 3492 ἀλλοτρίαν
1426 3425 1788 3497 μετέστησαν,

189 3507 291 3561 καὶ
312 3505 543 3567 πολλοὺς
560 3504 829 3577 πολέμους
850 3507 1129 3579 ἐνίκησαν.
1156 3509 1411 3563 Μάλιστα
1431 3508 1530 3579 μὲν
1553 3510 1649 3562 καὶ
1670 3509 1789 3563 τότε

186 3590 293 3643 οὐκ
322 3590 388 3642 ἐκ
410 3588 509 3658 τῆς
536 3587 742 3652 οἰκείας
769 3587 973 3658 ἰσχύος,
1002 3590 1118 3643 ἀλλ’
1146 3593 1211 3644 ἐκ
1240 3592 1336 3662 τῆς
1367 3592 1483 3649 τῶν,
1520 3593 1792 3648 Ἰουδαίων

187 3672 472 3744 ἁμαρτίας
503 3671 901 3742 περιεγένοντο.
959 3673 1170 3739 Ἀλλως
1197 3674 1255 3727 δέ
1308 3674 1368 3727 οὐ
1403 3674 1566 3745 μέχρι
1602 3676 1794 3741 τέλους

186 3758 417 3826 ἔμειναν
444 3753 520 3817 ὡς
546 3755 980 3825 περιγεγονότες.
1019 3757 1156 3811 Οὐδέ
1181 3757 1290 3829 γὰρ
1332 3758 1561 3828 ἴσχυσαν
1590 3776 1792 3813 παντε-

187 3840 304 3903 λῶς
334 3837 599 3907 ἀφανίσαι
627 3838 687 3891 τὸ
711 3839 889 3907 γένος,
924 3839 1046 3893 ούδέ
1082 3841 1365 3909 ἐξαλεῖψαι
1418 3852 1441 3881 ο
1466 3843 1567 3913 τὴν
1613 3841 1789 3905 πόλιν,

184 3923 315 3977 οὐδὲ
346 3923 432 3985 εἰς
457 3920 608 3984 τέλος
634 3921 900 3976 ἀπολέσαι
927 3922 987 3976 τὸ
1010 3921 1164 3988 ἔθνος
1183 3940 1198 3953 ·
1236 3923 1376 3977 ἀλλά
1430 3925 1565 3993 πρὸς
1587 3924 1788 3993 ὀλίγον,
1815 3973 1824 3980 .

185 4006 491 4069 ἐνδιδόντος
538 4003 630 4057 τοῦ
656 4003 815 4070 Θεοῦ,
852 4007 1288 4078 περιγενόμενοι,
1334 4007 1496 4062 πάλιν
1528 4006 1788 4079 ἡττῶντο.

186 4088 323 4153 Πῶς
373 4088 433 4141 δὲ
478 4086 751 4160 ἡττῶντο;
805 4088 927 4142 Τῶν
970 4090 1237 4145 Ἰουδαίων
1267 4092 1360 4145 ἐπὶ
1389 4094 1491 4164 τὴν
1518 4092 1793 4163 προτέραν

187 4174 506 4244 εὐπραγίαν
526 4172 880 4228 ἐπανιόντων.
905 4176 971 4227 "O
994 4176 1088 4229 καὶ
1115 4176 1293 4246 δηλῶν
1307 4176 1496 4247 ἐτερος
1521 4177 1794 4248 ἑρμηνευ-

188 4258 319 4329 τὴς,
369 4256 523 4311 Ἀλλ’
544 4259 659 4327 οὐχ
689 4258 1122 4328 ὑπερίσχυσάν
1153 4278 1295 4329 μου,
1322 4256 1495 4314 εἶπεν.
1531 4261 1663 4316 Ἐπὶ
1686 4261 1795 4315 τὸν

187 4342 400 4396 νῶτόν
421 4358 541 4410 μου
561 4342 907 4396 ὲτέκταινον
939 4345 993 4396 οἰ
1047 4344 1406 4412 ἁμαρτωλοὶ,
1447 4346 1796 4415 ἐμάκρυναν

189 4426 316 4494 τὴν
348 4427 606 4496 ἀνομίαν
631 4425 851 4482 αὐτῶν.
884 4427 949 4480 Τί
979 4428 1097 4479 ἐστι
1125 4427 1318 4489 τοῦτο;
1361 4430 1473 4500 Οὐχ
1507 4430 1582 4494 ὡς
1605 4429 1794 4502 ἔτυχεν

185 4510 579 4577 ἐπεϐούλευον,
641 4512 829 4583 φησὶν,
881 4510 1018 4565 ἀλλὰ
1057 4511 1231 4565 πολλὰ
1287 4513 1646 4583 ἐμηχανῶντο
1701 4518 1796 4571 καὶ

183 4594 703 4665 ἐπραγματεύοντο,
726 4595 910 4659 δόλους
932 4595 1252 4665 ῥάπτοντες,
1285 4596 1462 4668 λάθρα
1489 4598 1796 4668 ἐπιτιθέμε-

182 4696 300 4732 νοι.
324 4678 401 4732 Τὸ
433 4679 562 4750 γὰρ,
603 4679 735 4732 Ἐπί
761 4679 870 4732 τὸν
896 4676 1091 4732 νῶτόν
1112 4696 1252 4748 μου,
1285 4680 1317 4751 ἢ
1350 4680 1410 4732 τὸ
1447 4680 1663 4751 δολερὸν
1699 4682 1795 4734 καὶ

184 4760 436 4815 ὓπουλον
467 4760 636 4828 δηλοῖ,
689 4761 723 4832 ἢ
762 4761 823 4813 τὸ
852 4763 993 4816 κατὰ
1031 4764 1233 4833 κράτος
1265 4763 1360 4816 καὶ
1415 4763 1552 4833 μετά
1594 4763 1795 4834 πολλῆς

182 4847 298 4915 τῆς
332 4843 715 4916 σφοδρότητος.
747 4845 1061 4911 Τουτέστιν,
1093 4846 1263 4915 αὐτὴν
1312 4846 1410 4915 τὴν
1434 4844 1666 4917 δύναμίν
1692 4862 1793 4915 μου

184 4926 498 4981 συνθλάσαι
553 4928 891 5000 ἐπεχείρουν.
931 4930 1157 5000 Ἕτερος
1186 4929 1242 4983 δέ
1270 4930 1291 4968 ί
1329 4930 1451 4983 ἀντὶ
1484 4929 1601 4997 τοῦ,
1648 4929 1797 4984 Ἐτέ-

260 5128 294 5158 ⁸
315 5127 470 5177 Savil.
517 5128 634 5177 τισὶ.
659 5129 762 5184 τοῖς
794 5127 845 5177 δέ
878 5127 957 5176 διὰ
1000 5125 1247 5190 μετανοίας
1286 5126 1686 5190 ἀποκρουομένοις
1709 5128 1795 5186 τήν

260 5190 343 5238 τὴν
364 5190 555 5238 ἵσταται
574 5180 651 5238 τά.

181 5190 343 5254 ὀργὴν
364 5190 555 5238 ἵσταται
574 5190 651 5238 τά.

256 5249 647 5323 ξὲδνὶιπαῦτα
825 5312 837 5323 ⁸
915 5315 925 5323 Δ
1010 5308 1034 5323 ,
1142 5310 1163 5323 ,
1387 5308 1413 5320 ..

260 5312 444 5437 τὸτί-ἓξ
458 5325 575 5384 mss.
594 5315 667 5362 sic
689 5312 959 5373 incipiunt:
980 5308 1119 5368 οὗτος
1140 5310 1300 5375 ἔχεται
1330 5308 1417 5360 τοῦ
1448 5311 1681 5376 προτέρου
1699 5312 1794 5362 πά-

260 5392 284 5437 '_
344 5394 355 5411 '
445 5390 559 5437 P09
640 5434 649 5437 ,
908 5435 918 5437 _
992 5436 999 5437 ,
1151 5436 1186 5437 η
1224 5435 1233 5437 _
1372 5433 1396 5437 -
1540 5435 1549 5437 μ
1630 5436 1637 5437 ,

179 5377 577 5484 λΝδόιλίόῗὶὲῗῨῗέἀ
598 5434 802 5501 ῥήματα.
829 5435 926 5485 Καὶ
952 5436 1043 5499 γὰρ
1083 5435 1330 5492 πολλάκις.
1366 5433 1479 5486 Sav.
1503 5435 1565 5484 τὰ
1587 5436 1791 5502 ῥήματα.

189 5499 334 5549 Ποῖα
355 5498 437 5549 δέ;
472 5496 546 5545 ὃτι
567 5496 814 5549 πολλάκις.
842 5500 1039 5546 melius.

244 5511 334 5548 οια
355 5511 437 5557 ae;
472 5511 546 5545 οτι
567 5511 814 5555 πολλάκις,
842 5511 1039 5546 melius.

260 5571 289 5599 ε
315 5560 471 5608 Savil.
493 5559 551 5606 τὸ
573 5559 724 5619 γένος,
743 5561 773 5617 ἢ
799 5559 886 5617 τήν
916 5559 1054 5607 πόλιν
1073 5558 1328 5623 ἐξαλεῖψαι.
1352 5557 1481 5608 Infra
1498 5559 1634 5610 idem
1660 5575 1796 5612 πεοι-

244 5619 456 5668 τόιιενοι.
485 5619 659 5668 Morel.
682 5620 1049 5668 περιγενόμενοι.
1072 5620 1270 5668 melius.

182 5619 456 5683 γινόμενοι.
485 5619 659 5669 Morel.
682 5620 1049 5684 περιγενόμενοι,
1072 5619 1270 5671 melius.

189 5679 1794 5769 ..ηὲἒὲϋξξξξξξξξέίὶἑεεεῑξξιελέεελέξ.·.ἐὲ.ξεεηγεέέῖῄεεη.ντ

189 5755 375 5794 verum
390 5743 505 5807 φησί
521 5743 827 5816 τεόυηάεὺει
844 5756 855 5791 :
871 5743 981 5792 ham
1002 5756 1113 5792 mox
1128 5745 1314 5807 legum
1333 5743 1480 5793 εἶπεν·
1502 5743 1689 5807 ᾳυὶεεὶὶ
1708 5743 1801 5795 au?-

189 5810 303 5857 t-sm
323 5806 408 5856 hic
429 5808 683 5866 interpres,
704 5813 973 5867 Ignoralur.
1127 5844 1133 5848 .

524 5844 973 5946 amre;
1012 5844 1142 5947 με

1245 305 1616 366 EXPOSITIO
1654 308 1721 366 IN
1772 307 2098 365 PSALMUM
2135 310 2418 369 CXXVIII.

3380 308 3488 365 579.

1897 449 2166 500 κταινον,
2200 434 2617 503 Ἢροτρίασαν,
2650 430 2823 498 εἶπεν,
2871 431 2960 487 ἵνα
3002 429 3241 507 δηλώσῃ,
3275 430 3359 486 ὅτι
3397 433 3489 505 ἕρ*

1892 534 1988 587 γον
2010 516 2293 573 ἐποιοῦντο
2312 516 2410 588 τὴν
2432 516 2576 571 κατά
2602 517 2697 570 τοῦ
2723 514 2935 569 δικαίου
2965 514 3280 586 ἐπιϐουλήν.
3316 515 3489 584 Ἐμιίν

1891 621 2128 672 κρυναν
2154 603 2271 672 τὴν
2295 603 2553 673 ἀνομίαν
2574 601 2792 657 αὐτῶν.
2821 601 2887 654 Τί
2921 604 3070 655 ἐστιν
3102 601 3132 654 δ
3159 601 3344 671 λέγεις
3371 601 3489 654 Δεί-

1893 704 2084 741 κνυσιν
2113 689 2194 741 ὅτι
2215 687 2275 740 οὐ
2311 687 2450 758 μετὰ
2481 685 2839 757 σφοδρότητος
2866 685 3106 757 ἐπῄεσαν
3142 685 3324 756 μόνον,
3351 685 3490 740 ἀλλά

1892 772 1987 824 καὶ
2020 770 2159 842 μετά
2188 771 2393 842 πολλῆς
2424 770 2526 841 τῆς
2562 770 2911 842 προσεδρίας,
2942 769 3111 823 πολὺν
3140 767 3488 832 δαπανῶντες

1890 854 2222 925 χρόνον,-καλ⁸
2247 854 2408 926 ἔργον
2434 852 2751 923 ποιούμενοι
2774 851 2871 923 τὴν
2899 851 3214 922 ἐπιϐουλὴν,
3251 851 3346 906 καὶ
3374 853 3491 905 ἐπιο

1897 938 2149 1009 μένοντες
2173 938 2458 1009 διηνεκῶς.
2483 938 2625 993 Ἀλλ’
2662 937 2816 991 οὐδὲν
2862 937 3041 1002 αὐτοῖς
3062 939 3272 1007 ἐγίνετο
3303 936 3485 993 πλέον.

1894 1024 1956 1076 οὐ
1987 1023 2136 1094 παρὰ
2163 1021 2262 1095 τὴν
2281 1022 2563 1093 ἡμετέραν
2585 1021 2760 1093 ἰσχὺν,
2781 1020 2917 1075 ἀλλά
2945 1021 3098 1093 παρὰ
3114 1023 3213 1092 τὴν
3238 1019 3334 1075 τοῦ
3349 1020 3486 1075 Θεοῦ

1893 1106 2142 1178 δύναμιν.
2207 1107 2410 1177 Διόπερ
2453 1105 2669 1168 δεικνὺς
2706 1105 2798 1159 τὸν
2845 1104 3080 1159 ἱστῶντα
3111 1104 3173 1158 τὸ
3205 1105 3485 1176 τρόπαιον,

1893 1193 1988 1244 καὶ
2006 1193 2106 1262 τὴν
2121 1190 2279 1260 νίκην
2296 1188 2686 1262 ἐργαζόμενον,
2706 1190 2956 1259 ἐπήγαγε
2978 1204 2992 1219 ·
3021 1189 3237 1258 Κύριος
3260 1188 3489 1254 δίκαιος

1891 1277 2244 1343 συνέκοψεν
2281 1273 2546 1343 αὐχένας
2578 1271 2966 1343 ἁμαρτωλῶν.
3014 1263 3244 1343 Ἕτερος
3276 1271 3333 1325 δέ
3368 1272 3491 1325 ἀντὶ

1890 1356 2006 1424 τοῦ,
2035 1357 2330 1426 Αὺχένας,
2358 1357 2627 1426 Βρόχους
2657 1350 2801 1419 εἷπε,
2831 1353 3010 1427 δηλῶν
3041 1354 3145 1419 τὰς
3172 1352 3486 1419 ἐπιϐουλὰς,

1890 1441 1990 1506 τὰς
2020 1441 2265 1510 ἐφόδους,
2298 1440 2399 1504 τὰς
2439 1441 2713 1511 μηχανάς.
2769 1439 2969 1503 Καλῶς
3015 1437 3074 1490 δὲ
3122 1437 3208 1504 οὐ,
3255 1436 3487 1503 διέλυσε,

1892 1520 2067 1587 εἶπεν,
2120 1523 2276 1589 ἀλλὰ,
2314 1523 2706 1592 Συνέκοψεν,
2758 1522 2847 1576 ἵνα
2894 1521 3094 1593 μᾶλλον
3141 1522 3360 1593 ἐμφήνῃ
3406 1521 3490 1576 ὅτι

1889 1607 2048 1661 τοῦτο
2069 1607 2385 1680 εἰργάσατο,
2419 1604 2569 1678 [566]
2607 1605 2856 1678 ἀχρηστα
2901 1607 2981 1668 εἰς
3008 1603 3162 1667 τέλος
3192 1603 3365 1658 ποιῶν
3387 1604 3491 1657 αὐ·-

1889 1692 1998 1745 τῶν
2026 1692 2092 1745 τὰ
2121 1690 2485 1761 βουλεύματα.
2521 1690 2633 1743 Καὶ
2666 1689 2775 1758 γὰρ
2808 1688 3119 1764 ἀρχομένης
3143 1688 3245 1760 τῆς
3281 1688 3489 1752 πόλεως

1891 1773 2173 1839 κτίζεσθαι
2202 1774 2368 1827 πάλιν
2412 1775 2459 1840 Β,
2496 1771 2683 1826 πολλοὶ
2725 1771 3065 1842 πανταχόθεν
3122 1770 3490 1842 ἐπιτιθέμενοι

1889 1855 2032 1931 ἦσαν
2082 1857 2161 1929 τῷ
2194 1858 2376 1929 φθόνῳ
2403 1858 2717 1929 τηκόμενοι,
2749 1858 2843 1911 καὶ
2870 1858 2969 1927 οὐχ
3020 1856 3191 1923 ἅπαξ,
3219 1856 3343 1910 οὐδέ
3386 1855 3489 1919 δὶς,

1891 1944 2025 1997 ἀλλά
2065 1944 2159 1997 καὶ
2194 1941 2456 2006 πολλάκις
2494 1942 2653 1996 τοῦτο
2690 1941 2931 1994 ἐποίουν.
2959 1940 3133 1994 Τοῦτο
3160 1940 3358 2010 γέγονε
3398 1940 3493 1992 καὶ

1891 2030 1983 2083 ἐπὶ
2012 2030 2111 2100 τῆς
2145 2028 2494 2101 Ἐκκλησίας.
2529 2027 2865 2100 Ἀρχομένης
2895 2026 3007 2097 γὰρ
3038 2027 3210 2098 αὐτῆς
3235 2024 3489 2096 φύεσθαι,

1893 2112 2134 2182 συνεχῶς
2173 2112 2485 2165 ἐπετίθεντο
2547 2112 2782 2175 πάντεςο
2839 2109 2990 2181 παρά
3032 2109 3131 2180 μέν
3163 2108 3264 2179 τὴν
3313 2108 3491 2179 ἀρχὴν

1894 2196 2155 2267 βασιλεῖς,
2205 2196 2300 2249 καὶ
2333 2196 2515 2267 δῆμοι,
2553 2195 2650 2250 καὶ¹
2694 2195 2984 2267 τύραννον
3030 2191 3167 2265 μετὰ
3222 2192 3280 2245 δέ
3315 2192 3491 2245 ταῦτα

1891 2279 1999 2332 τῶν
2026 2279 2295 2351 αἱρέσεων
2327 2281 2384 2332 αί
2419 2279 2728 2343 ἐπιϐουλαὶ,
2756 2278 2852 2333 καὶ
2885 2277 3056 2339 πολὺς
3085 2274 3430 2346 πανταχόθεν
3461 2276 3490 2326 ό

1894 2363 2129 2433 πόλεμος
2158 2362 2253 2415 καὶ
2288 2362 2530 2426 ποικίλος
2560 2362 2976 2435 (Ξινεριιῑιπίζετο⁹
3013 2359 3129 2415 ἀλλ’
3162 2360 3311 2430 ὅμως
3336 2356 3491 2411 οὐδὲν

1896 2446 2115 2516 ἴσχυσεν
2136 2461 2149 2475 ·
2184 2445 2320 2499 ἀλλὰ
2344 2444 2414 2498 τὰ
2448 2446 2547 2517 μὲν
2577 2446 2685 2499 τῶν
2715 2445 2990 2517 πολεμίων
3013 2443 3202 2514 ἐλύθη,
3227 2441 3297 2495 τὰ
3317 2440 3373 2494 δὲ
3393 2442 3491 2511 τῆς

1906 2529 2236 2600 Ἐκκλησίας
2269 2528 2444 2584 ἀνθεῖ.
2478 2527 3005 2598 Αἰσχυνθήτωσαν
3045 2527 3146 2581 καί
3189 2526 3491 2593 ἀποστρα-

1891 2614 2185 2684 φήτωσαν
2202 2616 2291 2680 εἰς
2314 2615 2387 2668 τὰ
2408 2613 2604 2666 ὀπίσω
2635 2611 2859 2680 πάντες
2884 2615 2938 2666 οἰ
2959 2611 3290 2682 μισοῦντες
3317 2607 3488 2662 Σιών.

1896 2698 2111 2762 νΑλλος,
2155 2697 2696 2766 Ἅνατραπήτωσαν
2728 2698 2814 2763 εἰς
2843 2694 2918 2749 τὰ
2956 2696 3172 2750 ὀπίσω.
3220 2692 3490 2760 Γενηθήο

1892 2797 2096 2838 τωσαν
2137 2782 2279 2836 ὡσεὶ
2319 2783 2531 2850 χόρτος
2552 2779 2855 2851 δωμάτων,
2886 2780 2955 2847 ὃς
2977 2781 3092 2850 πρὸ
3132 2778 3239 2833 τοῦ
3266 2777 3493 2831 ἐκσπα-

1893 2867 2117 2936 σθῆναι
2147 2865 2447 2935 ἐξηράνθη
2474 2882 2487 2895 ·
2517 2860 2590 2920 οὗ
2620 2868 2732 2919 οὐκ
2778 2865 3102 2933 ἐπλήρωσε
3153 2862 3271 2931 τὴν
3322 2859 3493 2929 χεῖρα

1890 2950 2078 3005 αὐτοῦ
2117 2953 2150 3004 ὀ
2187 2947 2447 3017 θερίζων.
2479 2948 2706 3019 Ἔτερός
2728 2965 2883 3020 φησι,
2919 2946 3040 3015 Τὴν
3060 2946 3252 3015 δράκα
3275 2944 3490 2999 αὑτοῦ.

1889 3034 2003 3090 Καὶ
2031 3033 2141 3087 τὸν
2167 3034 2403 3087 κόλπον
2423 3030 2610 3085 αὑτοῦ
2643 3032 2676 3083 ό
2702 3031 2776 3083 τὰ
2808 3028 3116 3099 δράγματα
3143 3026 3488 3096 συλλέγων.

1890 3119 2001 3173 Καὶ
2028 3119 2141 3172 οὐκ
2174 3113 2354 3171 εἶπαν
2409 3117 2461 3171 οὶ
2506 3114 2902 3183 παράγοντες,
2944 3113 3213 3182 Εὐλογίά
3266 3110 3491 3180 Κυρίου

1889 3203 1983 3273 ἐφ’
2014 3200 2191 3271 ὑμᾶς.
2225 3198 2664 3270 Εὺλογήκαμεν
2689 3196 2848 3268 ὑμᾶς
2873 3199 2945 3252 ἐν
2967 3197 3213 3266 ὀνόματι
3244 3196 3488 3263 Κυρίου.

1892 3286 1988 3350 Εἰς
2015 3284 2181 3356 εὐχὴν
2204 3283 2518 3338 κατακλείει
2549 3281 2646 3354 τὴν
2673 3280 2997 3352 παραίνεσιν
3029 3279 3137 3334 ἀπό
3163 3297 3223 3332 τε
3246 3278 3345 3349 τῆς
3375 3278 3493 3349 διη-

1891 3372 2107 3442 γήσεως
2137 3368 2244 3422 τῶν
2284 3366 2688 3439 παρελθόντων,
2719 3366 2831 3420 ἀπό
2859 3383 2918 3419 τε
2952 3365 3052 3435 τῆς
3075 3365 3241 3436 εὐχῆς
3267 3363 3492 3436 θαρρεῖν

1893 3454 2329 3526 παρασκευάζων
2355 3452 2446 3506 τὸν
2464 3451 2761 3521 ἀκροατὴν,
2787 3450 2883 3504 καὶ⁷
2902 3450 3117 3513 δεικνὺς
3134 3448 3226 3501 τοῦ
3252 3449 3491 3518 πολέμου

1893 3542 1992 3614 τὴν
2014 3540 2272 3593 ὑπόθεσιν
2301 3538 2507 3592 ἄδικον.
2548 3535 2680 3589 Ἀπὸ
2710 3535 2821 3606 γὰρ
2854 3534 3051 3604 φθόνου
3076 3534 3171 3587 καὶ
3206 3532 3401 3603 μίσους
3423 3533 3491 3584 τὰ

1892 3626 1991 3696 τῆς
2025 3624 2203 3695 μάχης
2238 3622 2436 3694 ᾔρετο*
2460 3619 2541 3673 διό
2580 3636 2744 3689 φησιν
2769 3657 2785 3683 ,
2833 3617 3359 3687 Αἰσχυνθήτωσαν
3392 3617 3494 3669 καὶ

1892 3704 2459 3775 άποστραφήτωσαν
2488 3705 2577 3767 εἰς
2596 3703 2669 3755 τά
2698 3703 2893 3756 ὀπίσω
2914 3700 3140 3765 πάντες
3160 3702 3211 3753 οί
3235 3696 3494 3769 μισοῦν-

1894 3807 1993 3856 τες
2024 3787 2195 3843 Σιών.
2224 3787 2316 3858 Μὴ
2349 3787 2509 3858 μόνον
2542 3784 2937 3856 ήττηθείησαν,
2962 3783 3098 3837 ἀλλὰ
3125 3783 3221 3835 καὶ
3246 3780 3491 3853 αἰσχρῶς

1895 3874 1989 3926 καὶ
2013 3871 2455 3940 καταγελάστως.
2481 3865 2616 3922 Εἶτα
2650 3869 2841 3934 εἰπὼν,
2874 3866 3323 3933 Γενηθήτωσαν
3346 3866 3492 3918 ὠσεί

1894 3956 2109 4025 χόρτος
2141 3953 2444 4023 δωμάτων,
2475 3950 2803 4023 ἐνδιατρίϐει
2842 3953 2911 4022 τῇ
2940 3951 3133 4012 εἰκόνι,
3175 3950 3274 4020 οὐχ
3301 3947 3492 4011 ἁπλῶς

1895 4038 2074 4108 χόρτῳ
2104 4034 2493 4107 παραϐάλλων,
2524 4033 2662 4087 ἀλλὰ
2693 4033 2772 4105 τῷ
2820 4034 2917 4087 ἐπὶ
2971 4032 3261 4103 δωμάτων.
3298 4030 3492 4086 Καίτοι

1894 4138 1959 4191 γε
1992 4121 2089 4174 καὶ
2125 4122 2154 4173 ό
2208 4120 2265 4171 ἐν
2321 4118 2490 4189 πεδίῳ
2520 4117 2759 4190 λιπαρῷ,
2813 4118 3025 4189 ταχέως
3074 4116 3322 4189 διαρρεῖ,
3375 4113 3493 4169 ἀλλ’

1895 4207 2099 4268 ἐκεῖνος
2119 4204 2148 4244 ιι
2175 4203 2399 4258 πλείονα
2420 4203 2637 4267 δεικνὺς
2658 4202 2765 4255 τῶν
2791 4202 3054 4256 ἐναντίων
3072 4202 3173 4273 τὴν
3189 4202 3489 4265 εὐτέλειαν,

1893 4291 1974 4361 τῷ
1997 4289 2089 4342 ἐπὶ
2118 4288 2227 4342 τῶν
2254 4287 2520 4359 δωμάτων
2551 4287 2749 4353 αὐτοὺς
2778 4286 3119 4358 παραϐάλλει
3138 4301 3153 4316 '
3183 4287 3326 4341 ὥστε
3358 4288 3490 4343 ἐκα-

1894 4373 2137 4444 τέρωθεν
2161 4372 2330 4438 δεῖξαι
2358 4372 2539 4426 αὐτῶν
2567 4371 2628 4424 τὸ
2654 4371 3096 4436 εὐκατάπτωτον,
3126 4371 3220 4423 καὶ
3244 4370 3353 4424 ἀπὸ
3384 4372 3487 4442 τῆς

1897 4458 2114 4527 φύσεως
2142 4456 2236 4510 τοῦ
2262 4457 2480 4528 χόρτου,
2528 4455 2622 4508 καὶ
2658 4454 2767 4507 ἀπὸ
2802 4455 2899 4524 τῆς
2927 4454 3142 4522 φύσεως
3175 4453 3270 4506 τοῦ
3299 4455 3489 4509 τόπου.

1898 4540 2180 4603 Τοιαῦται,
2224 4541 2381 4609 φησὶ,
2407 4538 2515 4592 τῶν
2548 4537 2809 4591 ἐναντίων
2834 4538 2892 4589 αἰ
2918 4536 3118 4605 ἔφοδοι,
3150 4536 3251 4590 οὐκ
3273 4536 3492 4608 ἔχουσαι

1902 4622 2080 4697 ῥίζαν,
2114 4622 2235 4678 οὐδὲ
2270 4621 2568 4675 ὑπόστασιν
2589 4637 2603 4652 ο
2631 4618 2768 4673 ἀλλὰ
2799 4619 2934 4691 πρὸς
2960 4619 3138 4688 ὀλίγον
3177 4619 3276 4690 μὲν
3305 4621 3494 4674 δοκοῦ-

1902 4725 1987 4761 σιν
2019 4705 2220 4770 ἀνθεῖν,
2258 4703 2485 4775 ὕστερον
2514 4703 2572 4755 δέ
2601 4701 2936 4774 ἐλέγχονται,
2967 4704 3063 4756 καὶ
3097 4703 3313 4767 ἐαυτοῖς
3344 4720 3496 4776 περι-

1898 4791 2179 4844 πίπτουσι.
2213 4787 2452 4858 Τοιαύτη
2478 4786 2575 4840 καὶ
2604 4786 2714 4840 τῶν
2740 4787 2799 4840 ἐν
2828 4786 3013 4859 ἀδικίᾳ
3056 4787 3273 4852 ζώντων
3301 4790 3334 4862 ἡ
3365 4790 3493 4861 εὐη-

1901 4873 2087 4945 μερία,
2115 4870 2226 4925 τῶν
2257 4870 2526 4940 βιωτικῶν
2549 4871 2583 4942 ἡ
2611 4868 2908 4942 φαιδρότης
2930 4884 2944 4900 ·
2979 4870 3117 4942 ὁμοῦ
3143 4889 3203 4925 τε
3230 4870 3337 4944 γὰρ
3360 4874 3491 4940 φαί-

1898 4975 2049 5012 νεται
2076 4956 2173 5010 καὶ
2206 4954 2524 5019 ἀπόλλυται,
2555 4952 2680 5007 οὔτε
2703 4954 3003 5009 ὑπόστασίν
3022 4973 3165 5022 τινα,
3182 4956 3307 5011 οὔτε
3330 4955 3494 5012 δύνα-

1902 5061 1994 5115 μιν
2027 5041 2244 5114 ἔχουσα.
2273 5041 2473 5113 Διόπερ
2502 5040 2565 5093 οὐ
2593 5040 2676 5093 δεῖ
2702 5039 2913 5105 τούτοις
2943 5042 3251 5113 προσέχειν,
3274 5040 3411 5095 ἀλλά
3432 5040 3494 5093 τὸ

1897 5125 2265 5181 εύκατάλυτον
2298 5125 2480 5178 αὐτῶν
2502 5122 2817 5187 ἐννοοῦντας
2842 5162 2857 5187 ,
2892 5122 3001 5177 τῶν
3030 5124 3315 5177 ἀθανάτων
3336 5122 3489 5193 ἐφίε-

1899 5211 2022 5264 σθαι
2046 5210 2142 5264 καί⁹
2174 5210 2446 5281 ἀκινήτων
2473 5204 2836 5279 πραγμάτων,
2865 5208 2961 5260 καὶ
2991 5208 3092 5260 οὐκ
3121 5207 3357 5276 ἐχόντων
3388 5222 3488 5277 με·

1895 5294 2128 5367 ταϐολήν
2146 5311 2160 5325 ο
2187 5287 2263 5347 ὧν
2293 5296 2504 5362 γένοιτο
2533 5293 2743 5353 πάντας
2773 5292 2923 5361 ἡμᾶς
2955 5292 3249 5360 ἐπιτυχεῖν,
3302 5289 3491 5362 χάριτι

1897 5377 1991 5431 καὶ
2021 5375 2404 5447 φιλανθρωπίᾳ
2449 5375 2543 5429 τοῦ
2575 5374 2781 5446 Κυρίου
2819 5371 2976 5444 ἡμῶν
3019 5371 3194 5444 Ἰησοῦ
3224 5372 3487 5444 Χριστοῦ,

1902 5461 2020 5534 μεθ’
2072 5454 2133 5514 οὗ
2168 5459 2246 5530 τῷ
2282 5460 2459 5531 Πατρὶ
2483 5461 2517 5530 ὴ
2563 5460 2689 5525 δόξα
2722 5458 2839 5528 ἅμα
2871 5454 2949 5527 τῷ
2982 5456 3124 5529 ἁγίῳ
3182 5456 3487 5529 Πνεύματι,

1897 5545 1977 5609 είς
2005 5544 2133 5608 τοὺς
2161 5542 2366 5606 αἰῶνας
2396 5544 2505 5596 τῶν
2546 5541 2778 5596 αἰώνων.
2829 5540 3029 5619 Ἀμήν.

1910 5770 1913 5773 ν
1961 5748 1986 5787 ε
2002 5744 2082 5796 Sic
2106 5746 2237 5801 Sam;
2252 5741 2302 5794 in
2324 5742 2444 5793 Mor.
2458 5742 2599 5792 πάλιν
2619 5742 2814 5805 deerat,
2827 5743 2915 5793 sed
2935 5742 3121 5794 lectum
3133 5743 3213 5790 est
3233 5739 3292 5790 ab
3304 5736 3487 5804 mterp.

1963 5807 1991 5847 δ
2013 5808 2096 5859 Si:
2116 5808 2287 5859 Morel.
2318 5807 2469 5858 Savil.
2493 5806 2596 5855 ἀλλ’
2620 5805 2766 5864 ὅιιωςω
3068 5822 3164 5943 23ι
3403 5828 3421 5842 .~
