3956 6420
266 382 379 437 575

710 491 772 547 IN
822 487 1139 546 PSALMUM
1187 483 1420 541 CXXIX.

265 637 292 690 1
309 677 322 688 .
359 634 434 688 De
455 629 718 702 profundis
741 626 950 680 clamavi
965 623 1032 676 ad
1047 632 1114 687 te,
1141 620 1386 674 Domine:
1411 617 1639 682 Domine,
1669 615 1853 669 exaudi

863 731 1028 769 vocem
1075 728 1256 766 meam.

345 859 394 910 1.
433 852 764 922 Profunditas
791 863 1010 918 precum.
1039 875 1114 886 —
1135 841 1272 912 Quid
1300 849 1403 903 est,
1430 838 1510 893 De
1544 835 1852 909 profundis?

277 949 391 1002 Non
435 945 567 999 dixit
606 939 959 1002 solummodo,
994 937 1069 993 Ex
1097 949 1211 999 ore,
1261 946 1435 1001 neque
1491 926 1847 992 solummodo,

271 1039 349 1092 Ex
380 1036 585 1103 lingua;
619 1046 738 1085 nam
766 1037 978 1084 errante
1014 1026 1175 1079 etiam
1222 1031 1399 1076 mente
1423 1020 1581 1075 verba
1612 1017 1849 1072 fundun-

266 1139 394 1191 tur;
421 1123 546 1185 scd,
577 1121 657 1177 Ex
700 1121 863 1175 corde
892 1113 1324 1187 profundissimo,
1356 1126 1476 1166 cum
1508 1124 1702 1179 magno
1731 1119 1847 1162 stu-

263 1219 381 1277 dio,
417 1224 471 1270 et
505 1227 694 1282 magna
720 1209 880 1264 animi
927 1207 1217 1269 alacritate,
1247 1219 1310 1259 ex
1353 1203 1485 1272 ipsis
1515 1201 1707 1255 mentis
1757 1215 1848 1270 pe-

266 1305 583 1362 netralibus.
615 1303 771 1358 Tales
798 1308 922 1355 sunt
957 1299 1098 1354 enim
1144 1297 1306 1351 animi
1352 1309 1536 1348 eorum
1581 1293 1670 1362 qui
1714 1290 1849 1344 affli-

263 1406 510 1467 guntur:
551 1393 854 1447 universum
899 1404 994 1444 cor
1035 1401 1215 1442 secum
1263 1390 1634 1445 commovent,
1681 1383 1846 1436 Deum

268 1491 583 1543 invocantes
610 1500 730 1538 cum
761 1495 949 1552 magna
973 1479 1384 1548 compunctione
1415 1492 1428 1529 :
1461 1483 1515 1530 et
1542 1473 1663 1529 ideo
1687 1473 1844 1528 etiam

265 1578 576 1634 audiuntur.
600 1574 756 1628 Tales
781 1573 924 1626 enim
951 1584 1138 1641 preces
1164 1581 1406 1637 magnam
1430 1564 1627 1619 habent
1657 1572 1845 1634 poten—

271 1669 424 1731 tiam,
454 1678 508 1720 ut
536 1680 653 1735 quae
693 1677 865 1732 neque
911 1661 1307 1723 subvertantur,
1338 1671 1506 1725 neque
1537 1655 1848 1710 concutian-

267 1768 379 1821 tur,
411 1757 507 1810 etsi
533 1769 624 1809 eas
648 1753 892 1808 diabolus
920 1763 1115 1820 magno
1152 1749 1350 1818 impetu
1383 1747 1612 1802 invadat.
1643 1747 1836 1815 Quem-

265 1847 554 1902 admodum
609 1845 750 1899 enim
798 1841 958 1897 arbor
1009 1840 1214 1905 valida,
1264 1847 1318 1894 et
1363 1854 1482 1909 qua:
1528 1839 1580 1892 in
1625 1837 1845 1893 multam

267 1935 678 2007 profunditatem
707 1943 860 1988 terra:
889 1931 997 2001 agit
1025 1930 1250 1993 radices,
1303 1929 1523 1998 ejusque
1570 1928 1720 1982 sinus
1747 1928 1844 1982 de-

266 2026 452 2090 vincit,
479 2024 647 2079 cuivis
669 2031 945 2078 ventorum
968 2021 1184 2090 impetui
1207 2020 1440 2083 resistit;
1473 2036 1591 2088 qua:
1615 2022 1666 2073 in
1690 2029 1845 2076 terra:

265 2126 448 2170 autem
482 2130 686 2169 summa
737 2113 1017 2183 superﬁcie
1033 2112 1132 2166 sita
1160 2121 1261 2176 est,
1311 2111 1355 2164 si
1399 2111 1648 2179 quaelibet
1688 2125 1844 2180 parva

264 2222 398 2262 aura
422 2205 736 2270 incubuerit,
763 2203 1132 2267 labefactatur,
1179 2211 1235 2256 et
1278 2200 1534 2256 radicitus
1561 2200 1741 2255 evulsa
1762 2200 1846 2271 ja-

265 2309 356 2354 cet
399 2297 545 2352 humi
574 2315 586 2350 :
620 2296 687 2350 ita
738 2296 895 2350 etiam
943 2309 1128 2364 preces
1157 2308 1274 2362 qure
1305 2291 1371 2346 ab
1419 2291 1526 2345 imo
1554 2291 1846 2347 ascendunt

265 2399 323 2444 et
352 2395 577 2459 egerunt
604 2387 812 2441 radices
841 2385 894 2440 in
922 2383 1202 2456 profundo,
1228 2381 1437 2437 etiamsi
1479 2381 1844 2436 innumerabi-

267 2481 350 2536 les
376 2479 616 2536 venerint
642 2478 990 2548 cogitationes
1013 2519 1027 2544 ,
1058 2475 1268 2531 etiamsi
1300 2476 1553 2530 instructa
1604 2481 1709 2528 tota
1735 2473 1848 2528 dia-

268 2571 381 2625 boli
408 2571 568 2634 acies,
599 2569 764 2624 firma:
794 2577 1010 2622 manent
1038 2577 1091 2622 et
1128 2566 1365 2633 stabiles,
1390 2576 1441 2620 et
1460 2565 1676 2620 minime
1696 2581 1847 2620 ever-

269 2671 456 2716 tuntur
484 2676 639 2731 :qua:
667 2669 842 2715 autem
866 2674 930 2713 ex
962 2673 1054 2713 ore
1078 2667 1132 2712 et
1158 2656 1306 2711 labiis
1327 2656 1642 2726 procedunt,
1667 2663 1720 2710 et
1741 2671 1844 2710 non

267 2755 339 2810 ab
393 2755 501 2808 imo
543 2751 860 2818 ascendunt,
921 2766 988 2804 ne
1030 2758 1250 2820 possunt
1293 2748 1506 2818 quidem
1558 2747 1623 2802 ad
1682 2748 1846 2802 Deum

267 2844 580 2910 ascendere,
613 2852 830 2915 propter
857 2844 974 2913 ejus
1001 2843 1090 2913 qui
1120 2842 1328 2897 accedit
1364 2840 1682 2896 socordiam.
1714 2840 1845 2894 Eum

267 2939 414 2993 enim
465 2938 553 3009 qui
598 2938 718 2992 talis
759 2944 861 3004 est,
905 2936 1017 2990 sive
1049 2935 1208 2990 fuerit
1249 2933 1438 3003 aliquis
1485 2933 1759 3000 strepitus,
1803 2930 1848 2984 is

267 3032 444 3102 ipsum
471 3031 754 3094 everterit;
785 3030 896 3084 sive
927 3027 1195 3092 tumultus,
1241 3027 1308 3081 ab
1347 3026 1587 3079 oratione
1611 3023 1848 3078 abduxe-

269 3126 392 3180 rit:
436 3133 490 3179 et
528 3137 589 3177 os
625 3122 839 3192 quidem
885 3129 1120 3182 resonat,
1152 3134 1246 3173 cor
1289 3133 1413 3172 vero
1439 3126 1517 3172 est
1569 3117 1746 3181 inane,
1793 3123 1850 3167 et

270 3215 390 3271 sola
414 3230 473 3270 ac
499 3216 707 3269 deserta
751 3214 1021 3284 cogitatio.
1054 3214 1124 3266 At
1153 3213 1318 3266 sancti
1348 3226 1452 3264 non
1483 3209 1561 3264 sic
1589 3209 1834 3274 orabant,

271 3306 373 3360 sed
399 3320 513 3360 cum
536 3316 684 3360 tanto
712 3305 886 3359 studio
907 3319 969 3359 ac
991 3303 1349 3367 vehementia,
1377 3310 1435 3356 ut
1469 3301 1630 3356 etiam
1680 3311 1846 3356 totum

267 3411 470 3465 corpus
511 3395 860 3450 innectereut.
892 3395 1082 3450 Beatus
1113 3395 1290 3464 itaque
1330 3393 1508 3448 Iielias
1552 3407 1714 3447 orans
1742 3394 1850 3463 pri-

267 3504 418 3543 mum
459 3489 670 3558 quidem
697 3488 946 3558 quaesivit
971 3486 1308 3542 solitudinem
1345 3485 1575 3540 :deinde
1599 3499 1718 3540 cum
1756 3499 1852 3555 po-

266 3581 469 3635 suisset
511 3589 667 3650 caput
698 3581 836 3634 inter
874 3595 1043 3650 genua
1066 3621 1081 3647 ,
1113 3587 1170 3634 et
1213 3579 1448 3649 seipsum
1487 3594 1606 3633 cum
1658 3593 1850 3646 magno

265 3672 468 3726 ardore
487 3672 796 3727 incenderet
821 3714 834 3738 ,
865 3673 936 3727 ita
971 3670 1221 3726 fundebat
1264 3685 1448 3738 preces
1475 3670 1567 3740 (5.
1597 3671 1724 3742 Reg.
1758 3671 1844 3724 18.

267 3766 341 3820 42
363 3764 403 3834 ).
426 3765 479 3820 Si
512 3766 586 3820 vis
626 3773 800 3818 autem
845 3779 966 3818 eum
996 3764 1155 3818 etiam
1183 3762 1363 3816 videre
1392 3771 1592 3815 rectum
1620 3771 1846 3815 stantem

271 3855 322 3908 in
357 3853 616 3916 oratione,
648 3854 766 3909 vide
791 3870 911 3908 eum
942 3867 1123 3907 rursus
1146 3863 1280 3908 exte'
1311 3867 1421 3906 -‘um
1451 3865 1616 3920 usque
1654 3850 1718 3905 ad
1748 3868 1848 3906 cae-

271 3947 472 4012 lnm,et
503 3948 572 4001 ita
599 3956 876 4002 extensum
901 3956 956 4001 ut
984 3947 1141 4000 etiam
1171 3946 1343 4015 ignem
1378 3959 1409 3999 e
1436 3945 1572 3998 cmlo
1599 3943 1851 4013 dejiceret

269 4036 436 4106 (Ibid.
479 4054 524 4090 υ.
557 4035 786 4108 56-58).
822 4037 892 4092 Ita
941 4036 1099 4091 etiam
1131 4035 1345 4106 quando
1387 4035 1551 4088 voluit
1591 4037 1852 4090 suscitare

272 4129 441 4182 ﬁlium
472 4128 640 4182 viduze
663 4169 678 4194 ,
718 4145 837 4184 cum
867 4137 1032 4182 totum
1077 4127 1314 4197 seipsum
1345 4126 1702 4196 expandisset,
1731 4143 1848 4182 eam

270 4225 439 4280 edidit
470 4227 917 4282 resurrectionem
940 4269 956 4295 ,
1004 4243 1110 4282 non
1150 4226 1347 4281 fractus
1372 4267 1390 4291 ,
1417 4242 1588 4296 neque
1617 4226 1849 4282 oscitans

267 4321 411 4375 sicut
447 4335 564 4387 nos,
605 4321 700 4375 sed
727 4322 891 4375 animi
937 4321 990 4375 iu
1033 4320 1235 4374 orando
1276 4321 1550 4375 alacritate
1602 4319 1850 4374 incensus

269 4413 368 4479 (5.
407 4413 528 4483 Reg.
559 4414 645 4468 17.
693 4411 936 4484 19.-2Ξ).
981 4411 1116 4481 Quid
1156 4423 1334 4468 autem
1378 4413 1498 4469 dico
1542 4413 1742 4470 ileliam
1795 4423 1851 4469 et

267 4513 484 4560 sanctos
512 4505 666 4559 illos?

345 4594 586 4649 Mulieres
629 4595 860 4666 quedam
895 4611 1011 4650 cum
1048 4595 1284 4668 lacrymis
1328 4597 1581 4664 precando
1610 4637 1627 4663 ,
1677 4604 1852 4662 aptata

266 4690 573 4756 impetrant;
609 4686 741 4740 Ister
767 4704 854 4741 seu
885 4686 1149 4740 Danubius
1197 4703 1331 4756 saepe
1371 4687 1531 4758 glaeie
1558 4685 1846 4740 concrescit.

263 4807 340 4818 --
374 4777 486 4830 Vidi
512 4792 654 4846 smpe
681 4779 932 4832 mulieres
955 4786 1174 4846 propter
1195 4778 1368 4831 virum
1418 4777 1851 4846 peregrinantem

265 4880 324 4923 ct
347 4869 599 4924 infantem
649 4879 995 4939 atgrotantem
1026 4868 1096 4923 ita
1125 4869 1191 4922 de
1216 4869 1492 4938 profundis
1517 4878 1728 4922 orantes
1749 4909 1762 4932 ,
1795 4877 1851 4922 et

270 4969 448 5013 tantos
476 4959 648 5014 fontes
670 4961 1022 5031 lacrymarunt
1048 4961 1374 5026 emittentes,
1406 4969 1463 5014 ut
1493 4960 1705 5014 tandem
1735 4960 1849 5014 voti

269 5051 356 5105 sui
385 5060 565 5106 essent
599 5058 896 5120 compotes.
941 5051 994 5106 Si
1023 5059 1201 5106 autem
1246 5052 1498 5106 mulieres
1539 5052 1610 5106 ita
1638 5051 1847 5106 inﬂam-

269 5154 491 5196 mantur
519 5141 570 5195 in
614 5141 946 5196 orationibus
981 5156 1077 5210 pro
1106 5143 1220 5195 viro
1258 5151 1312 5196 et
1354 5141 1574 5208 infante,
1604 5158 1848 5213 quamam

265 5233 392 5287 viro
420 5233 570 5286 venia
617 5231 847 5296 dabitur,
893 5233 982 5302 qui
1028 5232 1203 5286 anima
1244 5242 1418 5288 morte
1447 5225 1651 5286 affecta
1675 5233 1852 5288 mollis

265 5332 353 5379 at
377 5331 432 5376 et
460 5322 769 5393 languidus?
797 5322 933 5377 Hinc
965 5323 1140 5390 itaque
1188 5321 1264 5386 iit,
1302 5332 1358 5376 ut
1394 5337 1514 5376 cum
1555 5336 1696 5391 saepe
1724 5336 1849 5376 ore-

268 5429 416 5478 mus,
445 5428 629 5467 rursus
659 5413 846 5467 inanes
875 5421 1224 5467 revertamur.
1246 5413 1380 5468 Audi
1400 5412 1667 5482 quomodo
1690 5413 1846 5468 Anna

269 5504 465 5561 orabat
495 5504 562 5559 de
615 5504 886 5574 profundis
907 5543 922 5569 ,
951 5503 1246 5572 cujusmodi
1279 5503 1449 5558 fontes
1495 5503 1848 5575 lacrymarum

264 5597 582 5664 emittebat,
625 5596 896 5667 quomodo
942 5610 1038 5664 per
1085 5597 1378 5651 orationem
1426 5596 1748 5652 eveltebatur
1795 5597 1849 5653 in

263 5689 498 5746 sublime
527 5691 601 5757 (i.
635 5689 758 5760 Reg.
805 5689 856 5743 i.
903 5689 988 5743 to.
1025 5686 1134 5758 il).
1173 5687 1270 5756 Qui
1309 5690 1450 5744 enim
1482 5690 1551 5746 ita
1580 5703 1846 5762 precatur,

269 5783 435 5838 etiam
480 5792 762 5853 antequam
795 5789 1153 5850 consequatur
1173 5778 1324 5849 quod
1340 5784 1603 5852 postulat.
1628 5800 1694 5840 ex
1722 5799 1847 5842 ora-

1370 364 1726 422 EXi'OSITIO
1770 363 1830 417 ΙΝ
1875 361 2196 418 PSALMUM
2235 363 2473 418 CXXIX.

3433 369 3534 424 δτι

1960 478 2102 533 tione
2129 494 2316 546 magna
2344 479 2481 534 bona
2512 480 2754 549 percipit,
2778 495 2966 534 omnes
2994 482 3152 536 animi
3183 482 3532 551 perturbatio-

1957 584 2051 624 nes
2097 569 2414 638 reprimens,
2467 569 2600 623 iram
2642 570 2874 636 sedans,
2926 571 3175 624 invidiam
3219 571 3531 641 expellens,

1955 658 2292 728 cupiditatem
2323 661 2661 727 exstinguens
2682 700 2697 725 ,
2741 675 2916 714 rerum
2947 660 3014 714 ad
3062 662 3220 714 vitam
3259 663 3532 732 pertinen-

1957 751 2088 804 tium
2133 765 2369 806 amorem
2407 750 2703 804 diminuens
2750 760 2802 804 et
2847 751 3157 813 exsiccans,
3194 752 3430 808 animum
3481 754 3534 809 in

1955 855 2147 911 magna
2193 840 2571 910 tranquillitate
2613 841 2962 904 constituens,
2994 842 3047 896 in
3080 842 3250 912 ipsum
3303 843 3534 914 denique

1953 932 2144 987 caelum
2194 931 2512 986 ascendens.
2542 929 3000 997 Quemadmodum
3031 934 3173 988 enim
3222 934 3399 1004 pluvia
3430 935 3533 989 du-

1953 1040 2068 1078 ram
2100 1032 2296 1078 terram
2323 1063 2339 1088 ,
2368 1023 2420 1076 in
2451 1037 2613 1092 quam
2644 1021 2862 1086 decidit,
2894 1023 2975 1077 vel
3021 1023 3154 1092 ignis
3182 1024 3379 1079 ferrum
3406 1026 3532 1082 mol-

1953 1116 2014 1170 lit
2044 1133 2056 1170 :
2090 1115 2160 1170 ita
2189 1116 2330 1170 vitiis
2357 1114 2664 1170 induratum
2690 1117 2926 1170 animum
2970 1116 3089 1172 talis
3127 1117 3301 1173 oratio
3328 1128 3384 1174 et
3411 1119 3532 1188 igne

1953 1205 2341 1269 vehementius,
2369 1215 2424 1262 et
2450 1207 2730 1276 plusquam
2760 1207 2934 1276 pluvia
2958 1208 3128 1262 mollit
3157 1217 3210 1262 et
3237 1209 3529 1265 ltumectat.

1951 1296 2046 1350 Est
2074 1296 2215 1351 enim
2246 1296 2420 1350 anima
2446 1308 2632 1352 tenera
2662 1307 2715 1351 et
2755 1297 2821 1351 ad
2856 1295 3158 1367 fingendum
3190 1299 3361 1354 facilis
3393 1319 3406 1355 ε
3437 1303 3528 1355 sed

1950 1385 2090 1456 quod
2129 1386 2249 1441 lstri
2281 1401 2433 1458 aqua:
2484 1403 2625 1457 saepe
2669 1389 2868 1454 evenit,
2920 1397 2976 1442 ut
3000 1388 3168 1458 glaeie
3195 1405 3528 1456 concrescat,

1951 1479 2001 1532 id
2029 1480 2189 1533 etiam
2233 1493 2428 1534 nostra:
2450 1480 2643 1534 accidit
2677 1481 2887 1544 anima),
2945 1491 3004 1534 ut
3044 1497 3075 1536 a
3119 1495 3342 1553 peccato
3368 1493 3422 1537 et
3443 1495 3530 1537 so-

1949 1570 2128 1625 ευτᾱὶει
2179 1569 2486 1626 indurescat
2535 1581 2589 1627 et
2627 1572 2935 1642 lapides-cat.
2980 1573 3170 1643 Magno
3211 1590 3339 1644 ergo
3380 1575 3531 1630 nobis

1948 1662 2126 1716 calore
2150 1677 2285 1731 Opus
2307 1671 2406 1726 est,
2437 1670 2495 1717 ut
2520 1663 2661 1732 quod
2689 1664 2875 1718 durttm
2901 1674 2981 1718 est
3002 1665 3262 1719 emolliat.
3295 1667 3405 1720 Hoc
3434 1683 3530 1720 au-

1950 1762 2056 1808 tem
2104 1754 2332 1808 maxime
2375 1753 2536 1810 efﬁcit
2573 1757 2762 1816 oratio.
2812 1757 3035 1822 Qu-ndo
3063 1772 3192 1827 ergo
3232 1760 3526 1814 oratiOnem

1947 1843 2272 1914 aggrederis,
2305 1860 2371 1900 ne
2403 1845 2504 1900 hoc
2533 1845 2704 1900 solum
2734 1862 2942 1916 quurras
2975 1858 3030 1902 ut
3055 1848 3196 1917 quod
3229 1850 3362 1918 petis
3380 1852 3520 1905 acci-

1949 1937 2106 2007 pias:
2139 1937 2234 1992 sed
2263 1937 2422 1992 etiam
2465 1947 2524 1994 ut
2569 1939 2621 1992 in
2655 1939 2767 2007 ipsa
2811 1941 3056 1994 oratione
3105 1942 3337 1996 animam
3385 1951 3526 1999 tuam

1948 2029 2222 2084 meliorem
2249 2029 2469 2084 eflicias.
2501 2029 2629 2083 Nam
2661 2029 2763 2084 hoc
2782 2045 2992 2100 quoque
3015 2039 3097 2085 est
3124 2049 3314 2086 munus
3335 2033 3530 2086 oratio-

1948 2118 2051 2174 nis.
2071 2119 2171 2186 Qui
2202 2120 2270 2173 ita
2302 2129 2439 2185 orat,
2466 2120 2523 2174 ﬁt
2553 2121 2617 2174 iis
2643 2136 2761 2190 quae
2791 2121 2856 2174 ad
2883 2120 3022 2174 hanc
3049 2122 3210 2176 vitam
3233 2124 3524 2192 pertinent,

1947 2211 2208 2282 superior,
2227 2222 2404 2267 mente
2424 2212 2714 2278 extollitur,
2732 2213 2905 2266 levem
2931 2212 3105 2268 reddit
3123 2214 3520 2284 Cogitationem,

1949 2305 2091 2359 nulla
2144 2306 2542 2374 perturbatione
2589 2307 2752 2361 animi
2794 2306 3096 2375 impeditur.
3147 2305 3223 2360 De
3263 2309 3529 2378 profundis

1948 2396 2160 2450 clamavi
2197 2396 2266 2450 ad
2292 2407 2371 2462 te,
2400 2395 2635 2451 Domine.
2669 2398 2782 2451 Duo
2829 2397 2915 2452 hic
2940 2397 3112 2467 ponit,
3144 2406 3200 2452 et
3248 2396 3398 2463 illud,
3450 2397 3527 2452 De

1948 2487 2238 2556 profundis,
2270 2486 2468 2551 ethoc,
2491 2488 2808 2543 ciamavisse
2841 2506 2854 2542 :
2886 2489 3181 2544 clamorem
3210 2503 3315 2543 non
3347 2489 3530 2544 dicens

1951 2585 2133 2632 tonum
2163 2578 2326 2644 vocis,
2359 2578 2453 2634 sed
2494 2579 2832 2635 aliectionem
2876 2579 3058 2634 animi.
3089 2580 3320 2646 Domine,
3348 2581 3530 2634 exaudi

1949 2685 2118 2724 vocem
2168 2686 2350 2724 meam.
2384 2671 2519 2726 Hinc
2559 2671 2664 2726 duo
2693 2671 2966 2736 discimus,
3007 2686 3200 2742 nempe
3229 2686 3327 2727 nos
3353 2686 3385 2726 a
3421 2672 3532 2726 Deo

1959 2761 2205 2816 absolute
2235 2762 2524 2832 impetrare
2548 2777 2652 2817 non
2672 2777 2852 2832 posse,
2874 2763 2971 2816 nisi
3001 2771 3180 2817 nostra
3202 2777 3413 2832 quoque
3439 2763 3532 2816 ad-

1951 2853 2151 2909 fuerint
2178 2873 2192 2908 :
2224 2855 2473 2926 quocirca
2508 2855 2651 2925 prius
2691 2855 2838 2920 dicit,
2879 2854 2958 2908 De
2985 2856 3254 2926 profundis
3291 2853 3526 2919 clamavi,

1951 2956 2006 3002 et
2033 2955 2179 3014 tunc,
2212 2947 2417 3001 Exaudi
2447 2947 2686 3012 ;deinde
2712 2947 3007 3001 orationem
3039 2946 3322 3009 infensam,
3368 2944 3528 3000 vebe-

1953 3049 2208 3102 mentem,
2239 3046 2292 3093 et
2323 3038 2533 3107 plenam
2564 3038 2812 3108 lacrymis
2841 3037 3289 3106 eompuuctionis,
3311 3051 3530 3106 magnas

1953 3117 2151 3183 ltab'ere
2181 3129 2322 3182 vires
2364 3127 2472 3180 [leo
2500 3126 2872 3197 persuadendi,
2924 3137 2982 3182 ut
3023 3127 3086 3181 iis
3114 3142 3233 3196 qua:
3282 3127 3530 3182 dicuntur

1951 3227 2168 3274 annuat.
2195 3219 2484 3290 Tamquam
2514 3218 2656 3272 enim
2684 3233 2931 3287 magnum
2961 3224 3015 3271 et
3052 3217 3362 3287 prteclarum
3403 3218 3526 3286 quid

1953 3309 2188 3377 iecisset,
2236 3317 2294 3363 et
2345 3318 2526 3378 partes
2569 3321 2694 3362 suas
2751 3308 3042 3377 implesset,
3101 3307 3170 3361 ita
3219 3307 3525 3376 subjnnxit:

1952 3399 2187 3467 Domine,
2210 3399 2395 3454 exaudi
2418 3415 2582 3454 vocem
2605 3415 2784 3453 meam.
2807 3400 2863 3456 εὶ.
2891 3398 3040 3452 Fiant
3068 3416 3212 3453 aures
3240 3410 3340 3452 tua:
3365 3400 3525 3454 inten-

1951 3493 2122 3546 dentes
2165 3493 2216 3545 in
2256 3508 2422 3546 vocem
2475 3491 2841 3562 deprecationis
2881 3508 3028 3546 mea'.
3076 3493 3246 3546 Aures
3272 3491 3401 3547 dicit
3441 3508 3533 3546 an-

1949 3585 2127 3640 diendi
2154 3585 2450 3639 facultatem
2479 3603 2492 3640 :
2519 3595 2573 3640 et
2597 3601 2783 3641 rursus
2805 3601 2990 3640 Vocem
3034 3603 3139 3641 non
3172 3587 3528 3642 inteusionont

1955 3679 2196 3746 Spiritus,
2227 3693 2328 3732 nec
2354 3678 2642 3733 clamorem
2686 3679 3009 3748 signiﬁcans,
3041 3678 3134 3733 sed
3167 3680 3428 3734 intensam
3456 3681 3528 3732 af-

1953 3770 2258 3824 fectionem.
2298 3770 2352 3823 5.
2383 3767 2444 3823 Si
2471 3769 2758 3838 iniquitates
2787 3768 3138 3835 observaveris,
3164 3768 3396 3836 Domine,
3426 3770 3530 3824 Do-

1952 3862 2104 3926 mine,
2132 3861 2241 3928 quis
2268 3859 2569 3914 sustinebit?
2595 3859 2671 3914 Ne
2699 3860 2818 3928 quis
2844 3861 2984 3914 enim
3013 3859 3174 3926 dicat,
3195 3861 3322 3915 Sum
3346 3874 3533 3930 pecca.

1954 3964 2075 4019 tor,
2103 3963 2157 4008 et
2200 3953 2387 4023 plenus
2438 3953 2591 4007 malis
2638 3952 3133 4020 innumerabilibus,
3181 3969 3287 4008 non
3316 3967 3530 4024 possunt

1952 4047 2230 4112 accedere,
2283 4061 2459 4110 orare,
2505 4057 2561 4100 et
2603 4045 2768 4099 Dt-um
2827 4047 3098 4111 invocare,
3146 4045 3284 4100 hanc
3339 4045 3533 4100 tollens

1953 4139 2380 4203 excusationem,
2404 4138 2464 4192 Si
2492 4137 2780 4205 iniquitates
2819 4137 3174 4202 observaveris,
3205 4138 3396 4208 inquit,
3422 4137 3533 4191 Do-

1953 4232 2104 4295 mine,
2136 4230 2368 4296 Domine,
2409 4231 2519 4299 quis
2554 4228 2853 4284 sustinebit?
2878 4228 3010 4284 Nam
3061 4229 3210 4295 illud,
3246 4229 3392 4294 Quis,
3444 4231 3528 4284 Itic

1953 4322 2130 4376 nullus
2151 4330 2254 4378 est.
2284 4322 2465 4392 Neque
2489 4321 2629 4376 enim
2668 4319 2781 4375 ﬁeri
2809 4329 3005 4389 potest,
3033 4328 3090 4374 ut
3114 4320 3158 4375 si
3206 4336 3384 4376 rerum
3410 4334 3440 4374 ε
3477 4337 3540 4376 se

1951 4423 2221 4484 gestarum
2248 4429 2457 4467 summo
2483 4414 2602 4481 jure
2628 4413 2696 4467 ab
2742 4411 2846 4465 ullo
2873 4411 3115 4480 exigatur
3164 4414 3319 4478 ratio,
3367 4415 3532 4481 passit

1953 4521 2202 4575 umquam
2238 4505 2654 4561 misericordiam
2696 4513 2750 4558 et
2778 4505 3113 4561 clementiam
3140 4504 3411 4573 consequi.

2019 4599 2074 4653 2.
2109 4598 2234 4652 "th
2253 4608 2430 4652 autem
2459 4597 2708 4663 dicimus,
2734 4614 2842 4652 non
2869 4597 3208 4667 impellentes
3227 4598 3439 4652 animos
3471 4601 3523 4652 in

1953 4687 2272 4755 socordiam,
2296 4687 2391 4743 sed
2412 4701 2506 4740 eos
2527 4689 2888 4754 consolantes,
2914 4688 3003 4758 qui
3030 4686 3228 4743 cadunt
3259 4687 3313 4743 in
3336 4689 3526 4757 despe-

1952 4782 2236 4837 rationem.
2287 4777 2413 4844 Quis
2450 4779 2582 4833 enim
2625 4779 2922 4848 gloriabitur
2967 4796 3020 4833 se
3061 4781 3306 4833 mundum
3355 4780 3534 4834 habere

1954 4888 2063 4935 cor,
2093 4881 2180 4923 aut
2209 4872 2320 4940 quis
2345 4871 2653 4939 conﬁdenter
2679 4871 2807 4924 dicet
2845 4888 2902 4926 se
2938 4888 3045 4926 esse
3061 4889 3242 4942 parum
3268 4889 3298 4925 α
3320 4874 3535 4943 peccatis

1954 4961 2135 5036 (Prov.
2165 4961 2257 5026 9.0,
2285 4962 2378 5031 9)?
2421 4963 2490 5017 Et
2510 4962 2636 5032 quid
2666 4963 2784 5018 dico
2804 4963 2977 5018 alios?
3001 4963 3132 5018 Nam
3161 4964 3372 5018 etiamsi
3395 4963 3534 5018 Pan.

1954 5056 2060 5110 lum
2090 5056 2143 5109 in
2175 5055 2408 5110 medium
2449 5055 2743 5120 adduxero,
2772 5067 2824 5111 et
2850 5071 3036 5110 eorum
3065 5071 3186 5126 quae
3216 5055 3341 5110 fecit
3367 5055 3533 5109 ratio-

1959 5164 2081 5202 nem
2109 5162 2320 5202 summo
2344 5148 2463 5218 jure
2491 5163 2745 5216 exegero,
2793 5162 2863 5203 ne
2887 5147 3080 5216 poterit
3109 5145 3322 5216 quidem
3370 5145 3531 5200 susti-

1955 5254 2104 5293 nere.
2133 5235 2270 5306 Quid
2299 5237 2441 5292 enim
2468 5238 2664 5306 poterit
2691 5234 2912 5291 dicere?
2956 5235 3247 5304 Pmpltetas
3276 5233 3422 5304 legit,
3472 5243 3529 5286 ut

1959 5332 2048 5401 qui
2073 5332 2206 5401 legis
2241 5331 2425 5399 patrize
2451 5339 2599 5385 esset
2622 5329 2849 5398 diligens
2873 5327 3151 5382 aemulator
3182 5343 3196 5381 :
3224 5327 3372 5395 signa
3401 5325 3530 5379 vidit

1955 5436 2074 5490 quae
2127 5420 2346 5486 ﬁebant,
2387 5428 2441 5474 et
2487 5429 2662 5473 tamen
2711 5419 2960 5472 manebat
3008 5425 3361 5488 persequatur
3389 5433 3408 5469 τ
3436 5431 3536 5472 nec

1955 5514 2101 5582 prius
2139 5511 2342 5565 destitit
2365 5525 2522 5581 quam
2546 5509 2910 5565 admirabilem
2949 5508 3093 5563 illam
3131 5509 3386 5565 visionem
3415 5524 3536 5565 sus.-

1953 5604 2139 5673 cepit,
2187 5612 2244 5658 et
2285 5617 2471 5657 vocem
2513 5601 2714 5656 audivit
2768 5599 3104 5656 terribilem:
3153 5612 3315 5656 antea
3355 5611 3532 5657 autem

1955 5695 2150 5751 mansit
2192 5693 2370 5748 omnia
2422 5705 2620 5762 susque
2650 5691 2825 5762 deque
2871 5692 3199 5761 permiscens
3227 5699 3286 5748 et
3307 5691 3534 5747 confun-

1954 5785 2103 5840 dens.
2131 5783 2237 5839 Illis
2265 5791 2440 5839 tamen
2463 5784 2708 5840 omnibus
2738 5782 3109 5854 praetermissis
3135 5783 3276 5841 Deus
3298 5791 3353 5840 ot
3378 5793 3534 5840 voca-
