3956 6408
481 358 592 412 375

490 478 582 540 vit,
610 485 661 530 et
683 489 868 542 magna
891 473 1056 541 gratia
1081 469 1296 539 dignum
1324 471 1552 524 censuit.
1585 468 1720 536 Quid
1751 483 1879 522 vero
1907 482 2067 537 cory-

487 569 697 636 pilatum
720 567 862 618 illum
892 563 1146 616 Petrum?
1170 576 1274 615 non
1305 569 1421 630 post
1438 558 1839 614 innumerabilia
1859 558 2006 627 signa
2019 565 2072 610 et

489 659 776 722 miracula,
818 665 1123 725 tantamque
1178 653 1597 708 admonitionem
1641 661 1698 707 et
1743 649 2071 705 exhortatio-

490 765 630 815 nem,
650 749 822 816 arguit
841 747 890 801 in
921 746 1289 817 gravissimum
1311 745 1456 798 illum
1485 745 1688 813 lapsum
1707 741 1996 798 cecidisse?
2015 739 2074 796 ll-

489 841 575 894 lud
605 852 779 894 tamen
809 839 1168 908 praztermisit,
1198 846 1252 892 ct
1281 837 1644 908 apostolorum
1680 850 1802 891 eum
1842 833 2070 905 primum

487 932 780 986 constituit.
817 931 878 985 Et
918 931 1038 985 ideo
1058 930 1192 984 dixit
1216 946 1229 982 :
1257 929 1458 994 Simon,
1492 928 1692 992 Simon,
1715 943 1824 981 ecce
1844 925 2074 995 expetivit

493 1037 698 1080 satanas
730 1026 952 1078 cribrare
975 1033 1022 1077 te
1043 1033 1296 1094 tamquam
1328 1023 1546 1076 triticum
1577 1037 1594 1075 :
1625 1037 1716 1091 ego
1742 1030 1908 1073 autem
1936 1017 2076 1072 oravi

488 1137 578 1187 pro
600 1127 668 1182 te,
695 1135 755 1171 ne
777 1116 980 1186 de/iciat
997 1115 1121 1184 ﬁdes
1143 1126 1229 1168 tua
1250 1113 1402 1183 (Luc.
1424 1114 1512 1167 22.
1531 1114 1614 1169 51.
1637 1111 1748 1183 52).
1770 1111 1936 1166 Porro
1957 1118 2077 1178 post

489 1212 602 1264 lucc
612 1223 822 1279 quoque
841 1208 883 1261 si
907 1221 1009 1261 non
1027 1221 1145 1260 cum
1165 1205 1522 1260 misericordia
1541 1203 1885 1259 etclementia
1901 1203 2077 1256 veniat

487 1299 553 1355 ad
577 1299 948 1369 judicandum,
978 1299 1071 1352 sed
1087 1298 1343 1351 rationem
1357 1294 1896 1364 summojureexigat,
1922 1293 2076 1362 plane

494 1393 726 1446 inveniet
773 1405 962 1444 omnes
1000 1403 1124 1444 reos
1161 1398 1216 1444 et
1245 1389 1524 1444 obnoxios.
1581 1387 1841 1455 Quocirca
1872 1387 2066 1441 Paulus

495 1497 708 1552 quoque
733 1481 943 1536 dicebat
973 1499 986 1534 :
1032 1479 1182 1534 Nihil
1207 1481 1330 1534 milii
1357 1481 1587 1534 conscius
1610 1495 1744 1535 sum.
1777 1478 1864 1532 sed
1890 1494 1992 1530 non
2023 1478 2076 1531 in

497 1578 590 1628 Itoc
608 1576 920 1644 justiﬁcatus
948 1590 1056 1626 sum
1085 1571 1102 1641 (
1131 1573 1180 1626 l.
1210 1571 1328 1626 Cor.
1351 1572 1404 1626 4.
1456 1570 1534 1642 4).
1561 1570 1619 1625 Si
1658 1571 1940 1640 iniquitates
1990 1569 2078 1622 ob-

491 1669 797 1733 servaveris,
846 1666 1093 1733 Domine,
1133 1666 1367 1720 Domine.
1402 1663 1668 1734 Repetitio
1718 1672 1800 1717 est
1845 1677 1951 1716 non
2002 1671 2079 1716 te-

492 1775 658 1822 mere,
692 1776 790 1814 nec
819 1759 916 1813 abs
963 1775 1042 1824 re,
1075 1757 1169 1812 sed
1196 1757 1510 1810 admirantis
1555 1764 1609 1810 et
1646 1755 1909 1822 stupentis
1944 1753 2075 1807 insi-

490 1868 647 1922 gnem
676 1852 791 1921 ejus
822 1850 1184 1916 clementiam,
1217 1857 1270 1904 et
1310 1848 1572 1902 infinitam
1625 1845 1983 1916 tuajestatem,
2024 1854 2078 1898 et

494 1953 698 1995 vastum
754 1941 973 2011 pelagus
1020 1941 1136 2010 ejus
1167 1940 1419 1994 bonitatis
1451 1938 1548 2010 (a).
1605 1939 1729 2006 Quis
1775 1936 2078 1992 sustinebit?

490 2033 776 2095 Nondixit,
809 2033 939 2100 Quis
965 2031 1220 2102 effugiet?
1263 2031 1378 2097 sed,
1420 2031 1546 2098 Quis
1588 2028 2077 2098 sustinebitfsigni-

491 2129 652 2179 ticaiis
681 2125 820 2194 quod
860 2139 957 2178 nec
987 2133 1132 2178 stare
1161 2122 1376 2192 quidem
1421 2122 1634 2191 poterit.
1677 2121 1731 2175 4.
1779 2120 1912 2187 Quia
1939 2121 2078 2187 apud

489 2227 536 2268 te
562 2216 851 2287 propitiatio
875 2225 962 2270 est.
986 2215 1122 2282 Quid
1148 2222 1250 2280 est,
1273 2213 1424 2284 Apud
1453 2223 1498 2267 te
1520 2213 1810 2284 propitiatio
1831 2223 1901 2266 est
1921 2213 1946 2267 .7
1963 2212 2075 2269 Non

491 2313 542 2364 in
591 2309 808 2374 nostris,
859 2309 1053 2379 inquit,
1085 2315 1232 2361 recte
1261 2305 1452 2370 factis,
1485 2305 1580 2361 sed
1606 2305 1658 2359 in
1706 2316 1794 2360 tua
1840 2305 2077 2360 bonitate

489 2401 616 2455 licet
666 2399 900 2469 effugere
927 2398 1267 2468 supplicium.
1299 2395 1368 2451 Ut
1401 2396 1658 2466 judicium
1691 2397 1832 2450 enitn
1860 2397 2074 2468 effugia-

491 2506 631 2556 mus,
683 2491 732 2542 in
767 2501 854 2543 tua
901 2489 1185 2544 clementia
1217 2488 1378 2541 situm
1420 2497 1522 2542 est.
1549 2489 1701 2555 Quod
1748 2489 1792 2544 si
1822 2503 1938 2542 eam
1969 2504 2074 2543 non

491 2583 747 2636 fuerimus
773 2581 1064 2652 assequuti,
1100 2589 1279 2637 nostra
1311 2596 1418 2636 non
1466 2580 1736 2636 suflieiunt
1774 2582 1840 2636 ad
1873 2596 1970 2636 nos
2010 2582 2076 2635 ab

492 2674 565 2727 ira
600 2673 767 2727 futura
787 2673 1108 2742 eripiendos.

565 2768 616 2820 5.
659 2767 770 2822 lloe
813 2769 972 2822 etiam
1005 2781 1099 2836 per
1131 2765 1440 2836 prophetam
1489 2765 1791 2836 significans
1821 2765 2030 2821 dicebat
2060 2783 2072 2818 :

496 2857 606 2929 Iz‘go
631 2875 742 2912 sum
781 2859 865 2925 qui
913 2858 1052 2912 deleo
1095 2858 1379 2928 iniquitates
1417 2866 1528 2912 tuas
1561 2857 1839 2927 (Isaiuli’t.
1874 2857 1995 2928 25).
2020 2858 2074 2913 ld

489 2961 599 3016 est,
636 2951 745 3004 lloc
772 2958 849 3004 est
889 2964 1086 3010 mettnt,
1131 2963 1262 3002 mea:
1290 2947 1560 3013 bonitatis,
1598 2962 1730 3002 mea:
1755 2947 2071 3003 clementiae.

491 3043 618 3096 Nam
667 3057 786 3111 qua:
818 3050 903 3094 tua
929 3049 1072 3105 sunt,
1105 3055 1208 3095 non
1249 3038 1522 3094 sufficiunt
1571 3053 1818 3109 umquam
1852 3049 1908 3092 ut
1935 3048 1986 3094 te
2017 3039 2079 3094 li-

492 3137 676 3189 herent
729 3148 758 3186 a
809 3132 1085 3201 supplicio,
1142 3130 1241 3185 nisi
1281 3146 1395 3186 mea
1424 3131 1638 3186 accedat
1679 3130 1978 3186 clementia.
2013 3130 2078 3184 Et

493 3241 692 3287 rursus,
729 3223 840 3293 Ego
861 3239 943 3277 vos
959 3223 1195 3278 sustineo.
1232 3219 1451 3290 PrOpter
1480 3237 1659 3274 nomen
1694 3230 1832 3274 tuum
1859 3221 2078 3274 sustinui

492 3328 571 3382 te,
629 3316 860 3370 Domine.
923 3315 1171 3370 Sustinuit
1216 3315 1387 3367 anima
1435 3331 1545 3367 mea
1584 3315 1635 3368 in
1680 3313 1881 3368 verbum
1910 3324 2076 3388 _tuum

500 3407 671 3476 (Isai.
702 3407 792 3460 46.
839 3406 934 3476 4).
991 3405 1047 3460 5.
1095 3405 1330 3474 Speravit
1358 3405 1528 3458 anima
1576 3421 1688 3458 mea
1737 3405 1790 3458 in
1835 3404 2073 3458 Domino.

491 3501 658 3566 Alius,
705 3498 923 3568 Propter
965 3497 1123 3568 legem
1167 3506 1326 3553 tuam.
1361 3496 1507 3552 Alius
1551 3510 1755 3564 rursus,
1788 3495 1854 3550 Ut
1891 3512 2078 3564 cogno-

491 3601 659 3644 scatur
690 3589 895 3643 per-bum
934 3599 1075 3641 tuum
1119 3587 1216 3657 (ὁ).
1263 3586 1414 3654 Quod
1441 3597 1615 3642 autem
1642 3587 1787 3654 dicit,
1818 3597 1899 3642 est
1927 3587 2073 3656 ejus-

494 3684 655 3738 modi.
716 3684 936 3753 Propter
975 3682 1332 3746 clcmentiam,
1385 3691 1600 3750 propter
1649 3696 1839 3736 nomen
1883 3689 2030 3734 tuum
2057 3723 2070 3746 ,

491 3783 706 3844 projitcr
748 3774 918 3844 legem
954 3781 1094 3827 tuam
1126 3771 1426 3841 exspectavi
1466 3771 1688 3825 salutent
1717 3789 1730 3825 :
1756 3787 1876 3825 nam
1929 3772 1972 3824 si
2007 3771 2072 3824 ad

495 3881 608 3920 mea
634 3866 1006 3936 reSpcxissem,
1025 3864 1135 3934 jam
1156 3864 1282 3917 olim
1299 3863 1688 3932 desperassem,
1710 3863 1838 3916 olim
1859 3878 2073 3916 omnem

495 3956 738 4010 tiduciam
762 3955 1078 4024 abjecissem
1109 3968 1288 4009 :nuuc
1307 3964 1484 4008 autem
1510 3954 1677 4024 legem
1715 3962 1857 4007 tuam
1880 3963 1932 4006 et
1957 3968 2074 4007 rer-

494 4047 617 4100 bum
649 4056 797 4099 tuum
811 4045 1113 4109 attendens,
1133 4046 1326 4099 bonam
1348 4059 1496 4115 spem
1513 4044 1775 4114 concipio.
1797 4043 2072 4112 Quodnam

493 4135 753 4190 verbum?
778 4135 1007 4190 Verbum
1036 4136 1366 4200 clementiae;
1390 4134 1501 4204 ipse
1523 4135 1668 4189 enim
1692 4144 1775 4189 est
1793 4137 1882 4206 qui
1906 4135 2032 4190 dicit
2055 4152 2069 4188 :

498 4227 756 4294 Quantum
775 4225 1132 4280 distatewlttm
1151 4241 1184 4278 a
1221 4235 1375 4292 terra,
1407 4234 1600 4278 tantum
1637 4226 1824 4280 distant
1865 4227 2074 4280 consilia

492 4333 604 4371 mea
655 4333 686 4370 a
723 4317 933 4372 consilio
967 4326 1148 4382 vestro,
1178 4323 1225 4368 et
1249 4316 1342 4368 viai
1383 4329 1508 4368 mea:
1533 4331 1563 4367 a
1585 4315 1678 4370 viis
1706 4317 1879 4368 vestris
1905 4314 2070 4385 (Isai.

492 4409 581 4465 b9.
612 4406 703 4478 9).
732 4407 800 4461 Et
827 4421 1010 4461 rursus
1039 4423 1053 4460 :
1086 4405 1374 4460 Secundum
1393 4405 1707 4459 altitudinem
1735 4406 1846 4459 cwli
1883 4423 1914 4458 a
1940 4416 2073 4460 terra

493 4500 809 4571 conﬁrmavit
830 4498 1077 4553 Dominus
1096 4497 1490 4552 misericordiam
1509 4513 1653 4551 suam
1675 4513 1828 4566 super
1847 4499 2074 4552 timentes

491 4594 656 4660 ipsum
701 4589 885 4662 (Psal.
933 4589 1054 4644 102.
1086 4589 1214 4660 Η).
1243 4589 1310 4643 Et
1335 4603 1517 4642 rursus
1560 4605 1574 4641 :
1619 4587 1877 4652 Quantum
1924 4588 2073 4642 distat

487 4683 658 4736 oriens
697 4681 760 4734 ab
816 4697 1018 4746 occasu,
1062 4681 1240 4750 procul
1285 4681 1492 4734 removit
1539 4695 1570 4733 a
1597 4680 1744 4734 nobis
1783 4681 2091 4750 iniquitates-

491 4782 686 4825 nostras
719 4769 892 4842 (Ibid.
925 4787 972 4825 υ.
1009 4771 1075 4824 12
1096 4769 1137 4842 ).
1170 4770 1282 4824 Hoc
1308 4780 1426 4836 est,
1455 4769 1569 4824 Non
1589 4785 1691 4825 eos
1720 4780 1922 4825 tantum
1953 4787 2069 4825 ser-

492 4862 608 4916 vavi
635 4861 723 4930 qui
749 4875 808 4917 se
835 4869 979 4914 recte
1002 4868 1302 4931 gesserunt,
1330 4860 1424 4915 sed
1451 4863 1661 4929 peperci
1691 4861 1850 4916 etiam
1883 4876 2071 4930 pecca-

491 4952 717 5017 toribus,
761 4960 816 5006 et
867 4949 1005 5005 inter
1053 4949 1243 5004 delicta
1291 4961 1377 5003 tua
1412 4951 1762 5020 patrocinium
1788 4967 1986 5017 meum,
2018 4960 2074 5006 et

489 5045 752 5114 quatntui
782 5058 962 5097 curam
991 5057 1142 5113 gero,
1194 5043 1422 5097 ostendi.
1455 5043 1601 5098 Alius
1645 5045 1833 5114 inquit,
1896 5044 1964 5099 Ut
2001 5046 2073 5099 sis

487 5129 1109 5203 taribilislc),exspectavi
1133 5133 1426 5189 Dominum.
1451 5135 1724 5190 Terribilis
1749 5138 1832 5192 cui
1850 5137 1872 5191 ?
1890 5136 2070 5192 Inimi-

578 5274 626 5336 (ι)
655 5271 785 5336 Vox,
810 5268 1209 5336 bonitatis,‘deest
1232 5269 1458 5336 in.Savil.,
1481 5270 1627 5320 male.

578 5274 626 5336 αι)
655 5274 785 5330 Vox,
810 5274 1046 5330 bonitatis,
1066 5274 1209 5319 deest
1232 5274 1280 5317 in
1299 5274 1458 5328 savil.,
1481 5274 1627 5320 male.

552 5274 623 5398 ξι»)
656 5341 736 5381 ηαξ
760 5333 1186 5398 interpretationes
1207 5331 1389 5398 quinta;
1414 5340 1467 5381 et
1487 5340 1643 5382 sextze
1675 5333 1940 5398 Editionmm
1959 5346 2073 5398 esse

489 5391 732 5456 sidentur.
759 5403 870 5442 Nam
894 5391 955 5456 in
981 5391 1461 5456 rttexaplis'A‘quilge,
1498 5394 1755 5456 Symmachi
1785 5400 1838 5442 et
1857 5395 2073 5456 'I‘beodﬁo-

489 5457 636 5506 tionis
657 5455 894 5505 lectiones
914 5453 1152 5502 habentur
1180 5456 1243 5502 ab
1275 5453 1351 5504 bis
1375 5453 1600 5504 diversle.
1626 5455 1750 5504 Vide
1773 5458 1822 5504 in
1846 5455 2073 5517 Hexaplis
2101 5508 2103 5511 ,

490 5525 1108 5669 Ἐῇὶετεὶίέῐίέἓῗιεσνηέ
1127 5589 1195 5640 δίε
1215 5589 1732 5669 ιοννίρίίίξνὲθδτὲἓίεθν
1747 5595 1890 5669 87‘”
1908 5575 2072 5669 ἷὶηεθ·

489 5645 667 5717 Aqujla
691 5657 742 5698 et
761 5645 1056 5717 'l‘lieodotio,
1084 5653 1242 5701 ἕνεκεν
1283 5651 1369 5700 τοῦ
1395 5655 1562 5717 etiam),
1601 5652 1658 5703 ob
1701 5645 2076 5717 metttnt.'§ym-

492 5707 721 5765 machus,
762 5713 826 5782 ξν.
873 5729 918 5760 τ.
963 5707 1138 5774 νόμζου,
1179 5707 1608 5778 ρνεριει·’1εῃειίι,
1653 5724 1709 5764 ac
1750 5719 1791 5766 sl
1839 5707 2068 5782 legisset,

490 5787 632 5841 ττντη
661 5772 823 5869 p725,
847 5809 941 5841 t.xx
967 5772 1031 5843 Ev.
1057 5813 1101 5844 τ.
1128 5772 1376 5860 superos,
1401 5772 1602 5861 propter
1625 5812 1816 5851 nonten.

1209 355 1264 404 ὃ.
1307 351 1582 408 JOANNIS
1610 349 2086 406 (lllllYSOSTOMI
2127 349 2437 404 ARCllllif’.
2479 351 3013 406 (IONSTANTINOP.
3621 351 3698 413 376

2186 466 2282 529 eis,
2316 466 2729 531 insidiatoribus,
2758 468 2820 520 iis
2847 468 2935 537 qui
2981 467 3105 520 Illilli
3135 467 3316 522 iuit-nsi
3342 479 3475 522 sunt.
3502 472 3620 538 Quid
3643 487 3703 528 ωι

2181 570 2388 623 rursus,
2416 553 2639 626 PrOptrr
2686 572 2864 610 nomen
2903 558 3088 612 tuum?
3124 557 3387 624 Quamvis,
3437 560 3604 630 inquit,
3628 579 3704 632 ego

2179 649 2277 702 sim
2305 659 2573 718 peccator,
2607 658 2660 704 et
2691 650 2879 719 plenus
2909 651 3061 705 malis
3090 651 3560 720 innumerabilibus,
3599 660 3705 712 scic-

2182 739 2300 793 ham
2332 749 2526 806 tamen,
2558 756 2627 796 ne
2651 757 2847 796 nomen
2897 754 3044 797 tuum
3103 744 3482 814 profanaretur,
3531 747 3626 803 fore
3663 763 3706 803 ιιι

2180 847 2278 886 nos
2307 841 2589 902 pereuntes
2615 834 2832 889 minime
2859 834 3181 905 chpiceres.
3213 836 3360 903 Quod
3388 839 3494 907 ipse
3535 854 3708 910 quoque

2175 921 2312 976 dixit
2338 923 2389 976 in
2424 924 2745 980 Ezechiele:
2780 923 2901 978 Non
2945 935 3150 995 prapter
3203 943 3288 982 vos
3337 943 3424 998 ego
3467 931 3603 1000 facio,
3642 933 3708 985 sed

2181 1024 2386 1081 propter
2440 1031 2622 1068 nomen
2659 1031 2843 1082 meum,
2876 1027 2930 1069 ut
2977 1033 3076 1071 non
3117 1020 3407 1089 profanetur
3436 1020 3553 1074 inter
3577 1032 3710 1092 gentes

2185 1102 2409 1175 (Ezeclt.
2443 1107 2531 1161 56.
2561 1106 2698 1178 22).
2743 1108 2855 1162 lloc
2903 1118 3005 1172 est,
3046 1109 3152 1165 Nos
3181 1111 3389 1179 quidem
3420 1129 3516 1166 non
3563 1130 3711 1171 sumus

2181 1194 2323 1264 digni
2367 1197 2455 1265 qui
2509 1212 2804 1264 serventur,
2834 1215 3008 1269 neque
3052 1217 3115 1254 ex
3169 1201 3326 1257 rebus
3363 1217 3391 1255 a
3423 1204 3563 1259 nobis
3583 1208 3712 1274 gestis

2185 1287 2288 1340 ulla
2317 1288 2453 1343 bona
2483 1304 2578 1360 spe
2604 1291 2868 1360 ducimur,
2891 1294 2984 1348 sed
3020 1305 3390 1363 chpcctamus
3411 1295 3516 1351 fore
3541 1307 3590 1352 ut
3609 1314 3711 1353 con-

2181 1397 2458 1438 servemur
2502 1393 2716 1455 propter
2745 1402 2938 1442 nomen
2977 1398 3144 1454 tuutn,
3168 1404 3336 1458 eaque
3384 1390 3527 1445 nobis
3567 1392 3713 1445 relicta

2182 1484 2262 1528 est
2307 1490 2430 1544 spes
2475 1479 2677 1534 salutis.
2710 1479 2894 1546 Alius,
2932 1479 3143 1551 Propter
3183 1492 3364 1535 metum
3401 1484 3596 1536 sustinui
3629 1481 3712 1536 Do-

2182 1567 2394 1620 minum.
2421 1569 2591 1635 Alius,
2628 1569 2845 1640 Propter
2869 1572 3026 1640 legem
3057 1574 3273 1627 sustinui
3309 1573 3584 1628 Dominum.
3613 1576 3734 1646 Susa

2183 1657 2328 1710 tinuit
2383 1660 2554 1713 anima
2608 1677 2719 1714 mea
2763 1664 2816 1716 in
2876 1664 3021 1718 verba
3074 1673 3178 1718 tuo.
3221 1666 3400 1728 Altus,
3442 1665 3714 1735 Exspectauit

2181 1749 2352 1801 anima
2373 1767 2480 1803 mea
2501 1753 2702 1805 verbum
2728 1755 2836 1817 eius
2864 1755 2958 1827 (a).
2983 1757 3148 1821 Alius,
3181 1757 3597 1812 Sustinuitanima
3611 1775 3712 1819 mea,

2183 1849 2227 1893 et
2251 1841 2448 1894 verbum
2475 1843 2584 1911 ejus
2609 1847 2907 1912 exspectavi.
2930 1847 3039 1902 lloc
3057 1857 3157 1915 est,
3185 1848 3260 1902 Ex
3285 1851 3547 1919 promissis
3569 1859 3614 1902 et
3633 1849 3712 1904 fro-

2183 1933 2464 2002 quentibus
2503 1935 2968 2003 pollicitationibus
2996 1939 3061 1994 de
3090 1941 3412 2012 benignitate
3439 1943 3545 2010 ejus
3569 1943 3714 1996 etcle-

2184 2027 2380 2081 mentia
2409 2039 2672 2097 sumptam
2700 2045 2904 2084 sacram
2937 2032 3092 2088 habui
3134 2049 3406 2100 aneoram,
3425 2049 3517 2088 nec
3539 2034 3597 2088 de
3622 2049 3712 2088 mea

2185 2117 2352 2172 salute
2373 2133 2530 2188 spem
2562 2120 2754 2188 abjeci.
2783 2123 2836 2177 6.
2869 2125 2911 2176 Α
2940 2125 3168 2178 custodia
3195 2129 3442 2179 matutina
3490 2143 3624 2196 usque
3663 2128 3715 2177 ad

2183 2219 2374 2262 noctem
2396 2220 2558 2280 speret
2583 2209 2746 2267 Israel
2767 2215 2817 2267 iu
2851 2213 3086 2270 Domino.
3117 2216 3249 2271 Tota
3282 2220 3406 2285 vita,
3437 2217 3586 2286 iuqnit
3607 2235 3618 2281 ,
3640 2215 3715 2270 huc

2183 2311 2282 2365 est,
2313 2302 2466 2357 Omni
2491 2303 2577 2359 die
2604 2320 2667 2360 ac
2714 2315 2889 2362 nocte.
2927 2307 3064 2362 Nihil
3117 2320 3197 2363 est
3251 2311 3390 2364 enim
3438 2310 3498 2364 ad
3536 2311 3714 2364 salutent

2186 2393 2557 2460 prmstabilius,
2601 2410 2758 2465 quam
2789 2409 3044 2466 perpetuo
3074 2399 3220 2452 illum
3267 2401 3545 2468 respicere,
3588 2407 3632 2453 et
3665 2398 3714 2450 ab

2185 2484 2268 2537 illa
2320 2499 2416 2554 spe
2447 2486 2699 2556 pendere,
2753 2488 2873 2543 licet
2921 2489 3195 2545 innmnera
3239 2493 3493 2556 accidant,
3519 2507 3621 2562 qua:
3643 2504 3715 2543 nos

2184 2575 2454 2645 impellant
2480 2579 2528 2630 itt
2555 2578 2998 2649 desperationem.
3031 2583 3124 2636 llic
3148 2593 3232 2636 est
3264 2600 3443 2638 murus
3468 2582 3712 2642 infractus,

2183 2670 2372 2724 invicta
2402 2673 2654 2737 munitio,
2701 2673 2858 2727 turris
2900 2675 3342 2745 inexpugnabilis.
3391 2675 3494 2730 Etsi
3520 2689 3628 2744 ergo
3653 2687 3714 2726 res

2183 2761 2449 2816 minentur
2480 2773 2722 2830 mortem,
2753 2765 3065 2833 periculum,
3103 2776 3158 2821 et
3186 2767 3479 2833 interitum,
3528 2782 3585 2820 ne
3608 2763 3713 2818 de-i-

2181 2862 2290 2907 stas
2335 2869 2552 2924 sperare
2603 2856 2652 2908 in
2700 2855 2900 2922 Deum,
2933 2867 2982 2910 et
3014 2868 3328 2926 exspectare
3367 2858 3478 2928 ejus
3513 2857 3712 2910 salutem.

2182 2943 2368 2997 Omnia
2401 2953 2525 2999 sunt
2555 2945 2626 3000 illi
2663 2945 2828 3000 facilia
2859 2957 2912 3000 et
2949 2948 3216 3015 expedita,
3275 2959 3328 3004 et
3379 2950 3458 3003 vel
3499 2949 3544 3001 in
3592 2945 3715 2999 rebus

2183 3036 2511 3092 difficillimis
2560 3048 2614 3092 et
2667 3038 3083 3108 impeditissimis
3127 3041 3328 3094 exitum
3388 3039 3616 3095 inveniet.
3659 3032 3715 3087 Ne

2183 3138 2430 3200 exspecta
2460 3145 2589 3200 ergo
2621 3131 2732 3185 fore
2758 3141 2812 3184 ut
2839 3133 3010 3186 solum
3036 3131 3126 3185 tibi
3151 3133 3291 3187 adsit
3312 3133 3570 3193 auxilium,
3593 3130 3629 3183 si
3652 3140 3715 3180 res

2182 3223 2430 3277 secunda:
2458 3222 2710 3278 affluant:
2732 3223 2824 3278 sed
2858 3233 2979 3279 tunc
3005 3225 3254 3289 maxime,
3281 3225 3486 3296 quando
3512 3229 3619 3276 sunt
3639 3219 3714 3272 llu-

2183 3324 2299 3368 ctus
2346 3314 2583 3379 maximi,
2636 3323 2694 3370 et
2731 3315 3020 3371 vehemens
3064 3325 3370 3385 tempestas,
3395 3327 3446 3369 et
3467 3321 3714 3369 extremum

2183 3406 2423 3460 imminet
2451 3405 2764 3476 periculum.
2791 3407 2940 3461 Tunc
2981 3407 3120 3461 enim
3160 3409 3391 3461 maxime
3421 3408 3550 3462 Deus
3592 3413 3710 3454 suam

2181 3497 2416 3552 ostendit
2455 3497 2762 3567 potentiam.
2791 3497 2904 3552 Hoc
2929 3507 3010 3552 est
3037 3512 3162 3567 ergo
3188 3498 3331 3569 quod
3353 3497 3478 3553 dicit
3503 3515 3514 3551 :
3537 3496 3716 3563 Oportet

2183 3589 2234 3643 in
2262 3590 2424 3643 Deum
2453 3597 2707 3658 perpetuo
2725 3602 2959 3658 sperare,
2991 3597 3100 3642 toto
3123 3587 3242 3642 vita:
3266 3597 3516 3658 tempore.
3542 3586 3586 3638 7.
3613 3579 3715 3649 Quia

2179 3680 2320 3748 apud
2369 3678 2642 3733 Dominum
2697 3679 3072 3744 misericordia,
3123 3689 3170 3732 et
3209 3680 3413 3750 copiosa
3458 3675 3585 3747 apud
3630 3687 3715 3724 eum

2180 3771 2474 3840 redemptio.
2497 3770 2550 3825 8.
2581 3768 2648 3822 Et
2673 3769 2781 3839 ipse
2804 3769 3011 3823 redintet
3034 3768 3203 3824 Israel
3229 3770 3294 3823 ab
3318 3769 3536 3823 omnibus
3563 3760 3710 3831 iniqui-

2182 3862 2366 3915 tatibus
2409 3862 2540 3932 ejus.
2572 3860 2708 3927 Quid
2737 3869 2854 3927 est,
2905 3859 3057 3929 Apud
3083 3858 3356 3914 Dominum
3379 3850 3715 3912 misericordia’

2182 3951 2322 4006 Fons
2349 3961 2403 4006 et
2445 3951 2742 4014 thesaurus,
2790 3950 2978 4020 inquit,
3009 3950 3115 4005 illic
3141 3959 3224 4006 est
3251 3949 3540 4006 clementia.-
3562 3958 3714 4016 perpe-

2181 4052 2270 4098 tuo
2319 4043 2632 4099 scaturiens.
2664 4042 2764 4099 Ubi
2790 4051 2964 4098 autem
2992 4052 3074 4098 est
3117 4041 3496 4107 misericordia,
3528 4039 3621 4095 illic
3651 4042 3714 4090 est

2178 4140 2337 4193 etiam
2364 4137 2659 4206 redemptio
2685 4155 2698 4192 :
2722 4151 2821 4192 nec
2847 4136 3018 4191 solum
3047 4136 3362 4206 redemptio,
3392 4149 3563 4192 rerum
3586 4130 3712 4185 etiam

2181 4229 2344 4283 multa
2370 4243 2432 4282 ac
2464 4229 2699 4297 copiosa,
2744 4235 2799 4283 et
2841 4228 3155 4282 immensum
3199 4230 3417 4300 pelagus
3437 4224 3711 4283 clementia).

2181 4319 2292 4373 Etsi
2322 4333 2450 4387 ergo
2478 4332 2661 4372 sumus
2685 4334 2713 4371 ει
2754 4319 2986 4388 peccatis
3027 4317 3241 4388 proditi.
3267 4335 3372 4374 non
3397 4322 3589 4388 oportet
3613 4326 3714 4367 con-

2177 4411 2356 4465 cidere
2382 4451 2394 4474 ,
2433 4424 2532 4464 nec
2568 4409 2872 4479 desperare.
2904 4407 3001 4466 Ubi
3031 4411 3172 4462 enim
3204 4420 3288 4465 est
3314 4403 3648 4465 misericordia
3671 4408 3712 4454 et

2177 4502 2480 4566 clementia,
2517 4516 2621 4556 non
2665 4503 2948 4570 exiguntur
2993 4509 3098 4555 tam
3132 4510 3393 4556 accuratis
3439 4499 3710 4554 delictorum

2179 4595 2430 4658 rationes,
2454 4593 2636 4662 judice
2665 4602 2880 4664 propter
2905 4608 3149 4664 magnam
3201 4593 3631 4651 misericordiam,
3671 4593 3713 4638 et

2178 4687 2397 4740 multam
2423 4685 2487 4739 ad
2518 4685 2852 4740 clementiam
2894 4685 3321 4754 prepensionem,
3345 4684 3499 4738 multa
3529 4688 3712 4751 praster-

2176 4785 2442 4832 currente.
2476 4775 2786 4844 Hujusmodi
2818 4776 2958 4828 enim
3001 4785 3081 4828 est
3107 4775 3266 4840 Dens,
3305 4789 3492 4843 nempe
3512 4771 3573 4826 ad
3599 4767 3710 4820 assi-

2175 4870 2279 4924 due
2303 4867 2664 4924 miserendum
2686 4877 2737 4921 et
2759 4867 3135 4936 ignoscendum
3166 4881 3454 4936 propensus
3475 4875 3520 4918 ct
3546 4857 3710 4931 proeli-

2175 4961 2278 5015 vis.
2310 4960 2374 5014 Et
2402 4962 2509 5029 ipse
2525 4961 2731 5012 redimet
2755 4957 2924 5013 Israel
2945 4958 3006 5011 ab
3023 4957 3249 5012 omnibus
3265 4956 3589 5028 iniquitatibus
3605 4951 3709 5021 ejus.

2176 5054 2232 5108 Si
2262 5067 2390 5124 ergo
2415 5055 2485 5106 ita
2514 5061 2599 5108 est
2643 5052 2837 5122 ubique
2862 5051 3048 5105 diffusa
3081 5051 3194 5120 ejus
3220 5049 3510 5106 clementiic
3535 5042 3709 5112 magni-

2177 5147 2323 5212 tudo,
2350 5146 2552 5200 clarum
2569 5156 2653 5201 est
2672 5160 2792 5200 eum
2813 5158 2931 5198 esse
2953 5145 3202 5213 populum
3224 5156 3374 5196 suum
3394 5146 3708 5194 servaturum,

2175 5247 2226 5292 et
2241 5237 2586 5293 liberaturum
2603 5251 2706 5289 non
2723 5235 2890 5289 solum
2905 5249 2932 5287 a
2945 5233 3225 5302 supplicio,
3245 5231 3336 5287 sed
3353 5231 3502 5286 etiam
3517 5242 3542 5280 a
3561 5233 3713 5293 pecca-

2176 5330 2263 5384 tis.
2283 5329 2409 5384 Haee
2429 5343 2556 5397 ergo
2569 5342 2688 5381 cum
2706 5328 2952 5387 sciamus,
2982 5336 3382 5393 perseveremus
3402 5325 3652 5392 precantes
3669 5319 3712 5364 (τι

2175 5431 2390 5478 orantes
2418 5437 2432 5474 :
2459 5429 2511 5473 et
2549 5431 2840 5487 numquam
2863 5415 3202 5478 desistamus,
3230 5414 3339 5468 sive
3362 5407 3708 5478 acceperimus.

2211 5609 2214 5612 ’
2238 5597 2312 5660 (a)
2345 5598 2427 5660 ttic
2453 5597 2698 5657 interpres
2721 5603 2798 5644 est
2821 5593 2945 5642 forte
2965 5592 3284 5657 Symmachus,
3309 5590 3441 5660 cujus
3463 5587 3706 5660 ιβῐηεξῐξηῗῇ

2174 5646 2308 5708 πιειῖ
2328 5660 2386 5708 ad
2410 5659 2536 5708 ιιιιηο
2557 5646 3024 5732 enumerans?!
3042 5646 3714 5732 ξιξςηιριέθξξπεζ’ἐὲτιυῗξῖὶἐῖῖὶξὲ

2175 5701 2534 5781 ἱίίῖιὲἱιῖνὶιὲἆίῆ
2555 5701 2879 5768 έέίίδῖξᾶὶίι-ιιῆ
2890 5701 3059 5766 intima
3072 5701 3205 5776 mea,
3223 5723 3297 5763 est
3317 5701 3495 5774 Aquila,
3511 5712 3555 5753 ut
3575 5701 3691 5748 t'idvll

2179 5780 2227 5828 in
2250 5789 2397 5844 Itexaj
2417 5780 2477 5830 lis
2500 5783 2691 5829 uestris.
