3956 6410
290 308 405 364 ὗῖὕ

296 416 686 501 παραδραμῶν
711 417 739 470 ὁ
768 418 897 501 Θεὸς
922 419 1015 473 καὶ
1043 420 1290 488 ἐκάλεσε,
1318 426 1412 479 καὶ
1434 427 1653 498 χάριτος
1692 430 1892 501 ἠξίωσε

305 499 526 569 πολλῆς.
567 499 638 552 Τί
668 500 725 554 δέ
753 500 843 555 τὸν
876 506 1173 575 κορυφαῖον
1204 508 1412 563 ἐκεῖνον
1444 511 1537 563 τὸν
1564 499 1801 582 Πέτρον;
1833 513 1894 565 ού

301 583 449 668 μετὰ
490 582 664 655 μυρία
700 584 955 657 θαύματα
977 588 1069 643 καὶ
1108 594 1335 661 σημεῖα,
1371 595 1466 649 καὶ
1487 595 1757 668 τοσαύτην
1794 614 1897 649 πα-

302 666 550 737 ραίνεσιν
570 668 666 722 καὶ
696 670 1029 742 συμϐουλὴν,
1063 674 1257 744 ἤλεγξε
1288 677 1369 741 είς
1397 677 1459 731 τὸ
1492 678 1691 751 πτῶμα
1712 666 1901 732 ἐκεῖνο

299 752 367 805 τὸ
391 751 627 822 χαλεπὸν
656 754 889 809 πεσόντα
916 773 930 821 ;
964 756 1102 810 Ἀλλ’
1128 759 1278 830 ὅμως
1308 761 1531 816 κάκεῖνο
1557 763 1894 834 παρέδραμε,

303 834 407 887 καὶ
458 833 675 905 πρῶτον
706 836 813 889 τῶν
842 839 1158 894 ἀποστόλων
1188 844 1514 916 κατέστησε.
1568 833 1659 898 Διὸ
1706 844 1859 913 ἔλεγε
1879 859 1895 873 ⁸

305 918 529 986 Σίμων,
564 919 778 988 Σίμων,
806 920 935 976 ἰδοὺ
956 922 1248 993 ἐζήτησεν
1281 930 1313 981 ό
1334 927 1603 995 σατανᾶς
1626 927 1899 982 σινιάσαι

198 1066 207 1073 Ὁ
304 1018 386 1055 σε
417 1001 498 1066 ὡς
521 1001 629 1055 τόν
663 1002 872 1057 σῖτονο
903 1007 1066 1078 κάγὼ
1085 1008 1343 1078 ἐδεήθην
1371 1010 1505 1080 περὶ
1530 1011 1668 1077 σοῦ,
1698 1010 1797 1064 ἵνα
1809 1008 1896 1080 μὴ

304 1086 534 1154 ἐκλίπῃ
566 1086 604 1154 ἡ
633 1089 840 1155 πίστις
883 1105 1022 1145 σου.
1058 1093 1168 1146 Καὶ
1223 1094 1364 1164 μετά
1410 1095 1582 1149 ταῦτα
1610 1094 1686 1160 δὲ,
1736 1095 1786 1147 εἰ
1822 1095 1898 1164 μὴ

306 1170 450 1240 ἐλέῳ
484 1170 576 1223 καὶ
603 1171 985 1245 φιλανθρωπίᾳ
1035 1174 1167 1250 ἔλθῃ
1206 1179 1233 1208 ⁸
1268 1182 1492 1252 κρῖναι,
1544 1179 1661 1233 ἀλλ’
1693 1178 1901 1248 ἀκριϐῆ

310 1255 643 1326 ποιήσασθαι
661 1256 761 1328 τὴν
789 1256 1057 1322 ἐξέτασιν,
1082 1261 1290 1325 πάντας
1316 1262 1650 1327 ὑπευθύνους
1675 1262 1898 1332 εὑρήσει

310 1338 555 1401 πάντως.
603 1339 693 1391 Διὸ
746 1341 840 1393 καὶ
901 1340 1112 1405 Παῦλος
1168 1343 1353 1411 ἔλεγεν
1379 1363 1394 1378 ο
1426 1346 1619 1401 Οὐδὲν
1667 1342 1901 1414 ἐμαυτῷ

309 1421 593 1487 σύνοιδα,
645 1423 784 1477 ἀλλ’
831 1427 944 1480 οὐκ
973 1425 1044 1480 ἐν
1090 1429 1280 1493 τούτῳ
1309 1429 1705 1499 δεδικαίωμαι.
1768 1429 1903 1483 Ἐὰν

311 1507 570 1575 ἀνομίας
609 1509 1030 1578 παρατηρήσῃ,
1064 1513 1262 1581 Κύριε,
1292 1515 1486 1582 Κύριε.
1524 1515 1582 1567 Ὁ
1619 1512 1905 1567 διπλασια-

315 1589 458 1659 σμὸς
488 1590 589 1661 οὐχ
616 1589 822 1655 ἁπλῶς,
861 1592 999 1647 ἀλλά
1030 1594 1423 1667 θαυμάζοντος,
1459 1599 1554 1651 καὶ
1602 1597 1904 1668 ἐκπληττο-

317 1672 485 1742 μένου
517 1673 608 1727 τὸν
644 1673 812 1728 πολὺν
839 1675 941 1746 τῆς
964 1676 1381 1749 φιλανθρωπίας
1420 1681 1570 1734 ἐστὶν
1590 1680 1773 1749 ὄγκον,
1809 1679 1905 1732 καὶ

310 1758 419 1828 τὴν
453 1758 848 1829 μεγαλωσύνην
875 1761 1040 1814 αὑτοῦ
1072 1763 1172 1832 τὴν
1206 1764 1530 1835 ἀπέραντον,
1559 1765 1652 1817 καὶ
1689 1763 1750 1816 τὸ
1769 1764 1904 1833 ἀχαο

313 1843 407 1906 νές
441 1841 678 1911 πέλαγος
723 1844 822 1915 τῆς
861 1845 1198 1916 ἀγαθότητος
1227 1846 1278 1917 ξ.
1316 1849 1413 1913 Τίς
1456 1847 1906 1915 ὑποστήσεται;

317 1925 433 1980 Καὶ
469 1926 569 1980 ούκ
596 1922 739 1992 εἷπε,
772 1927 855 1993 τίς
888 1928 1234 1999 διαφεύξεται
1261 1949 1275 1999 ;
1303 1931 1459 1998 ἀλλὰ,
1511 1932 1607 1998 Τίς
1630 1932 1903 1999 ὑποστή-

316 2025 537 2072 σεταις
587 2010 720 2063 Οὐδὲ
777 2012 970 2079 στῆναι
1019 2013 1329 2084 δυνήσεται,
1375 2016 1557 2086 φησίν.
1594 2016 1717 2069 ’Ότι
1748 2015 1907 2083 παρὰ

315 2092 421 2144 σοὶ
461 2095 495 2146 ό
527 2094 777 2163 ἱλασμός
805 2093 957 2149 ἐστι.
989 2097 1053 2148 Τί
1083 2099 1249 2161 ἐστιν,
1271 2098 1391 2151 Ὅτι
1421 2098 1580 2165 παρά
1607 2098 1704 2152 σοὶ
1729 2101 1761 2152 ὁ
1780 2100 1908 2151 ἱλα-

316 2176 478 2244 σμός
507 2175 710 2236 ἐστιν;
744 2177 858 2230 Οὐκ
892 2179 949 2231 ἐν
990 2181 1105 2242 τοῖς
1145 2181 1436 2250 ἡμετέροις
1467 2179 1907 2251 κατορθώμασιν,

316 2260 440 2313 ἀλλ’
469 2262 527 2313 ἐν
556 2262 620 2330 τῇ
656 2260 955 2329 ἀγαθότητι
983 2265 1048 2334 τῇ
1072 2267 1136 2335 σῇ
1170 2268 1286 2317 ἐστι
1313 2265 1373 2317 τὸ
1398 2265 1677 2333 διαφυγεῖν
1697 2264 1796 2337 τὴν
1819 2264 1910 2317 κό-

321 2343 505 2398 λασιν.
548 2343 620 2395 Τὸ
653 2345 764 2415 γὰρ
808 2344 1090 2416 διαδρᾶναι
1126 2345 1224 2418 τὴν
1252 2347 1408 2418 δίκην
1435 2348 1491 2400 ἐν
1532 2349 1597 2418 τῇ
1633 2349 1697 2418 σῇ
1733 2349 1909 2399 κεῖται

321 2426 726 2498 φιλανθρωπίᾳ.
782 2427 900 2481 Κᾶν
960 2429 1033 2500 μὴ
1093 2430 1293 2500 ταύτης
1356 2431 1789 2501 ἀπολαύσωμεν,
1843 2430 1911 2484 τά

325 2508 571 2580 ἡμέτερα
612 2510 712 2563 οὐκ
755 2511 916 2581 ἀρκεί
945 2511 1046 2582 τῆς
1081 2513 1379 2585 μελλούσης
1418 2515 1565 2584 ἡμᾶς
1605 2513 1907 2585 ἐξαρπάσαι

319 2609 516 2665 οργης.

394 2682 466 2743 γ’.
487 2675 655 2729 Τοῦτο
678 2677 771 2730 καὶ
794 2677 885 2731 διὰ
906 2684 1003 2738 τοῦ
1037 2683 1315 2751 προφήτου
1336 2682 1511 2752 δηλῶν
1529 2681 1716 2749 ἔλεγεν
1731 2695 1744 2708 ·
1778 2679 1915 2749 Ἐγώ

321 2763 444 2831 ειμι
474 2764 505 2815 ό
531 2760 865 2831 ἐξαλείφων
883 2764 990 2829 τὰς
1008 2764 1261 2833 ἀνομίας
1289 2783 1427 2819 σου.
1452 2766 1494 2817 Τ
1498 2764 1729 2829 ουτὲστι,
1756 2764 1916 2817 τοῦτο

322 2845 461 2915 ἐμόν
489 2846 625 2909 ἐστι,
656 2846 754 2916 τῆς
777 2848 915 2917 ἐμῆς
947 2846 1305 2918 ἀγαθότητος,
1324 2849 1423 2918 τῆς
1446 2848 1584 2919 ἐμῆς
1613 2847 1918 2918 φιλανθρω-

322 2928 480 2991 πίας.
530 2927 617 2990 Ὡς
644 2929 713 2982 τά
739 2944 800 2996 γε
835 2928 905 2982 σά
927 2930 1027 2982 οὐκ
1071 2931 1230 3001 ἀρκεῖ
1259 2946 1388 2982 ποτε
1429 2931 1563 3000 πρὸς
1602 2929 1915 3000 ἐλευθερίαν

321 3011 620 3081 τιμωρίας,
645 3010 710 3064 ἂν
730 3011 805 3082 μὴ
827 3012 894 3063 τὰ
910 3012 1008 3080 τῆς
1029 3012 1167 3081 ἐμῆς
1186 3012 1456 3083 προστεθῇ
1485 3012 1912 3086 φιλανθρωπίας.

324 3095 442 3147 Καὶ
488 3094 682 3147 πάλιν
732 3095 879 3163 Ἐγὼ
937 3093 1225 3165 ἀνέχομαι
1279 3094 1465 3164 ὑμῶν.
1526 3095 1772 3148 Ἕνεκεν
1808 3092 1916 3147 τοῦ

328 3178 623 3246 ὀνόματός
646 3192 764 3231 σου
805 3177 1094 3247 ὑπέμεινα
1126 3195 1221 3241 σε,
1247 3180 1444 3246 Κύριε.
1498 3177 1844 3247 ’Υπέμεινεν
1876 3176 1916 3245 ἡ

331 3258 505 3329 ψυχή
535 3278 657 3329 μου
694 3263 781 3326 εὶς
801 3260 909 3314 τὸν
944 3262 1131 3330 λόγον
1155 3278 1297 3317 σου.
1350 3263 1644 3316 Ἦνῑπισεν
1667 3261 1706 3328 ἡ
1746 3258 1916 3329 ψυχή

329 3364 449 3415 μου
478 3345 575 3398 ἐπὶ
633 3344 741 3399 τὸν
769 3345 1008 3412 Κύριον.
1045 3345 1259 3409 Ἀλλος,
1295 3346 1546 3399 Ἕνεκεν
1596 3345 1700 3399 τοῦ
1731 3345 1919 3413 νόμου

329 3444 476 3482 σου.
509 3427 737 3497 ’Έτερος
774 3428 959 3491 πάλιν,
998 3429 1247 3483 Ἕνεκεν
1275 3430 1380 3486 τοῦ
1433 3428 1773 3499 γνωσθῆναι
1814 3427 1922 3481 τὸν

329 3511 525 3578 λόγον
549 3525 688 3564 σου.
721 3512 786 3565 Ὀ
809 3511 867 3565 δὲ
899 3509 1069 3579 λέγει,
1099 3511 1342 3565 τοιοῦτόν
1363 3513 1513 3565 ἐστι’
1543 3512 1631 3565 διὰ
1664 3511 1763 3581 τῆν
1798 3510 1921 3580 φιλ-

331 3594 652 3664 ανθρωπίαν
674 3609 789 3657 σου,
825 3593 914 3647 διά
960 3595 1051 3647 τὸν
1081 3594 1243 3665 νόμον
1278 3612 1369 3648 σου
1406 3594 1779 3666 προσεδόκησα
1813 3611 1924 3647 σω-

329 3677 533 3747 τηρίαν
556 3693 570 3705 ο
606 3677 730 3729 ἐπεὶ
756 3677 837 3740 είς
861 3676 930 3729 τὰ
970 3674 1212 3748 ἐμαυτοῦ
1268 3680 1320 3730 εί
1366 3678 1608 3743 ἀπεῖδον,
1640 3677 1809 3732 πάλαι
1856 3676 1923 3730 ἂν

329 3761 619 3828 ἁπέγνων,
644 3760 814 3813 πάλαι
846 3761 911 3814 ἂν
942 3760 1230 3833 ἀπήλπισα
1255 3778 1268 3791 ⁸
1321 3761 1414 3814 νῦν
1445 3761 1500 3815 δέ
1537 3761 1615 3831 τῷ
1644 3761 1794 3832 νόμῳ
1830 3777 1921 3813 σου

331 3843 625 3915 προσέχων
662 3846 753 3898 καὶ
776 3843 853 3914 τῷ
886 3844 1031 3914 λόγῳ
1083 3861 1200 3907 σου,
1248 3843 1492 3914 χρηστάς
1526 3846 1633 3913 ἔχω
1681 3843 1921 3907 ἐλπίδας.

335 3929 489 4001 Ποίῳ
514 3929 657 4000 λόγῳ
681 3947 695 3997 ;
725 3929 816 4000 Τῷ
842 3932 941 4000 τῆς
977 3927 1411 3999 φιλανθρωπίας.
1444 3928 1613 3991 Αὐτὸς
1639 3927 1748 3999 γάρ
1777 3930 1925 3980 ἐστιν

336 4012 496 4086 [570]
524 4014 553 4066 ὁ
579 4014 754 4083 λέγων
776 4032 788 4044 ·
823 4012 1027 4078 Καθὼς
1070 4012 1282 4081 ἀπέχει
1315 4014 1347 4065 ὀ
1373 4011 1630 4080 οίιοανὸς
1666 4010 1784 4064 ἀπὸ
1816 4009 1927 4079 τῆς

340 4095 474 4166 γῆς,
530 4097 717 4163 οὕτως
771 4096 1113 4166 ἀπέχουσιν
1152 4100 1211 4149 αι
1236 4096 1464 4159 ,βουλαί
1486 4112 1605 4164 μου
1655 4095 1775 4149 ἀπὸ
1817 4093 1928 4161 τῆς

338 4180 579 4249 βουλῆς
620 4180 805 4251 ὑμῶν,
855 4181 955 4235 καὶ
1007 4183 1068 4234 αἱ
1122 4180 1251 4234 ὁδοί
1274 4197 1395 4250 μου
1440 4178 1560 4233 ἀπὸ
1607 4175 1728 4232 τῶν
1773 4175 1930 4231 ὁδῶν

340 4264 532 4335 ὑμῶν.
569 4267 679 4319 Καὶ
709 4264 870 4318 πάλιν
896 4281 909 4294 ·
937 4266 1096 4320 Κατὰ
1126 4264 1190 4318 τὸ
1213 4265 1372 4333 ὒψος
1393 4263 1499 4317 τοῦ
1525 4261 1786 4331 οὐρανοῦ
1810 4260 1929 4316 ἀπὸ

343 4347 456 4416 τῆς
486 4346 601 4416 γῆς
626 4348 992 4416 ἐκραταιῗωσε
1023 4349 1240 4418 Κύριος
1291 4348 1356 4401 τὸ
1403 4346 1578 4412 ἕλεος
1610 4344 1797 4399 αὑτοῦ
1831 4343 1931 4397 ἐπὶ

345 4433 489 4500 τοὺς
520 4435 929 4504 φοϐουμένους
975 4434 1183 4487 αὐτόν.
1233 4433 1342 4486 Καὶ
1387 4431 1546 4486 πάλιν
1570 4448 1584 4461 ·
1615 4429 1754 4486 Καθ’
1780 4429 1933 4487 ὅσον

342 4516 686 4585 ἀπέχουσιν
707 4517 769 4569 αἱ
797 4513 1087 4571 ἀνατολαὶ
1111 4514 1230 4570 ἀπὸ
1283 4513 1556 4584 δυσμῶν,
1595 4512 1933 4583 ἐμάκρυνεν

344 4601 451 4669 ἀφ’
481 4599 651 4669 ἡμῶν
686 4599 797 4666 τὰς
821 4601 1074 4669 ἀνομίας
1100 4597 1288 4668 ἡμῶν.
1318 4598 1630 4659 Τουτέστιν,
1652 4597 1713 4650 ού
1744 4613 1932 4668 κατορο

347 4683 634 4748 θὼσαντας
663 4683 842 4737 ἔσωσα
868 4684 1049 4753 μόνον,
1075 4683 1209 4737 ἀλλὰ
1228 4682 1323 4735 καὶ
1341 4680 1766 4752 ἁμαρτανόντων
1785 4682 1934 4750 ἐφει-

350 4769 557 4838 σάμην,
590 4769 683 4821 καὶ
706 4766 910 4837 μεταξὺ
935 4767 1045 4820 τῶν
1066 4766 1554 4838 πλημμελημάτων
1580 4764 1687 4818 τῶν
1706 4764 1814 4817 σῶν
1834 4764 1935 4836 τὴν

348 4852 638 4922 ἀντίληψιν
665 4855 765 4924 τὴν
786 4851 1023 4919 ἐμαυτοῦ
1055 4853 1149 4905 καὶ
1176 4850 1275 4920 τὴν
1309 4849 1637 4920 κηδεμονίαν
1662 4848 1937 4913 ἐπεδειξά-

354 4954 488 5007 μην.
511 4935 702 5000 ⁸Ἀλλος
730 4938 914 5006 φησὶν,
941 4936 1142 5002 Ὅπως
1163 4935 1447 5004 ἐπίφοϐος
1473 4933 1611 5002 ἔσῃ,
1643 4932 1936 5001 προσεδό-

351 5035 521 5088 κησα
569 5021 675 5075 τὸν
723 5021 965 5089 Κύριον.
1010 5019 1301 5089 Ἐπίφοϐος
1335 5017 1481 5085 τίνι;
1519 5017 1647 5077 Τοῖς
1700 5016 1935 5089 ἐχθροῖς,

352 5106 468 5167 τοῖς
493 5103 820 5169 ἐπιϐούλοις,
844 5108 958 5168 τοῖς
982 5102 1330 5175 ἐχθραίνουσί
1366 5118 1476 5172 μοι.
1508 5101 1574 5153 Τί
1600 5101 1659 5155 δέ
1685 5102 1801 5155 ἐστι
1831 5102 1938 5156 πά·-

350 5188 462 5251 λιν,
491 5187 741 5243 Ἕνεκεν
764 5187 870 5243 τοῦ
906 5188 1196 5257 ὀνόματός
1217 5202 1368 5251 σου;
1410 5187 1536 5242 Ὅτι
1565 5187 1613 5238 εἰ
1634 5187 1729 5241 καὶ
1756 5187 1937 5257 ἀμαρ-

351 5269 527 5333 τωλὸς
561 5269 691 5339 ἐγὼ,
743 5271 839 5325 καὶ
889 5271 1098 5343 μυρίων
1130 5271 1317 5342 γέμων
1365 5271 1568 5337 κακῶν,
1602 5270 1788 5342 φησὶν,
1824 5268 1938 5322 ἀλλ’

351 5357 511 5425 ὅμως
547 5355 717 5427 ᾔδειν,
749 5356 830 5409 ὅτι
854 5356 941 5408 ἵνα
970 5356 1045 5426 μὴ
1074 5356 1134 5409 τὸ
1159 5355 1332 5426 ὄνομά
1366 5374 1457 5410 σου
1499 5354 1803 5428 βεϐηλωθῇ,
1841 5355 1941 5408 οὐκ

355 5437 428 5493 ἂν
461 5437 730 5509 περιεῖδες
751 5440 901 5511 ἡμᾶς
924 5439 1348 5513 ἀπολλυμένους.
1376 5443 1441 5496 Ὃ
1467 5443 1561 5496 καὶ
1585 5440 1748 5504 αὐτὸς
1778 5442 1836 5496 ἐν
1862 5439 1942 5511 τῷ

423 5584 449 5612 ⁸
475 5583 556 5612 Ε-ιι
572 5583 606 5612 Π
653 5583 673 5612 ἕ

429 5584 449 5612 Ι
514 5600 520 5607 -
655 5583 673 5597 "

429 5646 454 5683 δ
475 5581 879 5706 ξ’ἳςίθίγέῗόῗτξλτος
916 5643 1061 5693 deest
1084 5644 1130 5693 in
1166 5642 1275 5693 Sav.
1309 5645 1415 5695 Mox
1446 5646 1575 5695 idem
1600 5646 1717 5694 ἀλλὰ
1742 5646 1809 5702 τίς
1829 5647 1941 5695 ὓπο-

354 5705 802 5770 ηξε-ἠυεταιςδηλῶν
845 5707 918 5770 ὅτι
944 5705 1054 5770 οὐδὲ
1091 5712 1256 5770 στῆναι
1279 5707 1527 5770 δυνήσεται
1564 5707 1677 5770 ’ΪΟτι
1718 5710 1844 5770 παρὰ
1864 5711 1940 5770 σοὶ

360 5768 564 5831 ἱλασμός
584 5769 705 5819 ἐστι.
717 5769 823 5820 Οὐκ
846 5769 893 5818 έν
907 5767 1004 5823 τοῖς
1018 5769 1279 5831 ἡμετέροις.
1293 5767 1372 5819 Sic
1385 5771 1469 5819 ille
1485 5768 1773 5831 Quibusdam
1782 5767 1949 5823 Omiss.

1357 309 1723 371 EXPOSI'I'IO
1756 315 1827 372 IN
1866 314 2196 375 PSALMUM
2235 321 2475 379 CXXIX.

3479 334 3607 392 5Ἱῶ

2011 433 2270 506 Ἰεζεκιὴλ
2302 435 2481 505 λέγει·
2515 439 2596 491 Οὐ
2635 436 2709 491 δι’
2749 438 2902 507 ὑμᾶς
2935 439 3051 510 ἐγὼ
3097 440 3265 510 ποιῶ,
3298 443 3457 500 ἀλλὰ
3486 448 3597 503 διὰ

1997 522 2063 575 τὸ
2088 522 2275 591 ὄνομά
2290 542 2433 593 μου.
2460 526 2562 579 ἵνα
2585 526 2671 596 μὴ
2706 527 3029 596 βεϐηλωθῇ
3063 530 3133 583 ἐν
3160 531 3285 599 τοῖς
3321 532 3583 588 ἔθνεσιν.

1998 609 2288 663 Τουτέστιν
2320 622 2368 677 ε,
2397 614 2556 683 ἡμεῖς
2589 615 2687 684 μὲν
2716 616 2816 668 οὐκ
2837 611 2979 686 ἦμεν
3014 615 3154 682 ἄξιοι
3188 619 3447 690 σωθῆναι,
3466 624 3589 676 οὐδὲ

1996 696 2218 769 εἴχομέν
2247 716 2369 754 τινα
2401 700 2509 753 ἀπὸ
2527 700 2638 755 τῶν
2663 703 3064 774 πεπραγμένων
3089 706 3218 775 ἡμῖν
3260 709 3593 778 προσδοκίαν.

1999 790 2244 860 χρηστήν
2268 805 2284 820 °
2337 789 2426 843 διὰ
2456 789 2511 843 δὲ
2545 790 2603 843 τὸ
2630 790 2802 861 ὄνομά
2853 809 2948 846 σου
2990 794 3379 866 προσδοκῶμεν
3418 797 3589 852 σώζει

2002 878 2150 941 σθαι,
2204 880 2298 932 καὶ
2349 878 2487 951 αῦτη
2525 881 2656 951 ἡμῖν
2689 879 3073 947 ὑπολέλειπται
3104 887 3378 957 σωτηρίας
3410 887 3584 952 ἐλπίς.

2005 964 2217 1029 Ἀλλος,
2254 965 2511 1021 ’Ἕνεκεν
2537 968 2727 1038 φόϐου
2775 967 3065 1038 ὑπέμεινα
3099 972 3335 1040 Κύριον.
3372 975 3586 1040 Ἀλλος,

2003 1052 2257 1107 ’Ἕνεκεν
2296 1057 2487 1124 νόμου
2544 1055 2835 1126 ὑπέμεινα
2886 1057 3122 1124 Κύριον.
3175 1060 3520 1130 ’Υπέμεινεν
3552 1066 3586 1131 ἡ

2000 1140 2172 1211 ψυχή
2193 1159 2315 1211 μου
2366 1144 2456 1209 είς
2509 1141 2616 1197 τὸν
2644 1144 2832 1213 λόγον
2861 1162 2997 1201 σου.
3038 1145 3253 1213 Ἀλλος,
3293 1152 3589 1217 Προσεδόα

2002 1246 2198 1297 κησεν
2247 1231 2286 1299 ή
2325 1230 2497 1301 ψυχή
2556 1249 2669 1301 μου
2700 1231 2781 1297 τῷ
2813 1233 3031 1301 ῥήματι
3083 1236 3291 1290 αὐτοῦ.
3359 1237 3548 1302 ’Ἄλλος
3574 1279 3587 1301 ,

2013 1319 2363 1390 ’Υπέμεινεν
2387 1322 2425 1390 ή
2446 1321 2616 1391 ψυχή
2641 1341 2783 1392 μου,
2819 1324 2919 1377 καὶ
2952 1324 3021 1379 τὸ
3044 1324 3213 1395 ῥῆμα
3237 1328 3424 1382 αὐτοῦ
3451 1328 3591 1381 ἐκα-

1995 1407 2332 1477 ραδόκησα.
2365 1410 2676 1474 Τουτέστιν,
2709 1411 2815 1465 ἀπὸ
2845 1412 2953 1467 τῶν
2982 1414 3328 1483 ἐπαγγελιῶν
3361 1416 3456 1468 καὶ
3484 1417 3593 1469 τῶν

2006 1495 2248 1567 συνεχῶν
2268 1498 2614 1568 ὑποσχέσεων
2631 1498 2740 1552 τῶν
2762 1500 2890 1571 περὶ
2913 1500 3323 1572 φιλανθρωπίας
3346 1503 3439 1556 καὶ
3458 1521 3595 1576 χρη-

2008 1584 2263 1656 στότητος
2292 1584 2540 1658 ἄγκυραν
2571 1581 2720 1657 εἶχον
2761 1586 2935 1657 ἱερὰν,
2968 1589 3063 1642 καὶ
3109 1588 3210 1642 οὐκ
3249 1590 3595 1661 ἀπηγόρευον

2005 1672 2074 1725 τὰ
2107 1671 2248 1726 κατά
2273 1674 2530 1744 ἐμαυτόν.
2566 1673 2701 1728 Ἀπὸ
2730 1675 3014 1745 φυλακῆς
3034 1678 3256 1746 πρωΐας
3287 1677 3464 1747 μέχρι
3488 1696 3593 1732 νυ-

2006 1758 2149 1826 κτὸς
2185 1758 2490 1813 ἐλπισάτω
2520 1760 2546 1797 ἀ
2582 1762 2831 1829 Ἰσραὴλ
2857 1762 2955 1816 ἐπὶ
2987 1762 3094 1817 τὸν
3124 1766 3361 1833 Κύριον.
3410 1766 3596 1820 Πάντα

2006 1847 2098 1902 τὸν
2127 1847 2260 1918 βίον,
2291 1849 2461 1919 φησί·
2494 1850 2765 1916 τουτέστι,
2820 1851 2989 1906 νύκτα
3022 1853 3116 1906 καί
3143 1855 3358 1924 ἡμέραν
3390 1857 3592 1910 πᾶσαν.

2009 1935 2175 1990 Οὐδὲν
2205 1936 2313 2008 γάρ
2346 1935 2482 2008 πρὸς
2522 1937 2796 2007 σωτηρίαν
2833 1938 2945 1991 ἴσον
2993 1937 3088 1992 τοῦ
3116 1939 3408 2004 διαπαντὸς
3440 1942 3594 2012 ὀρᾷν,

2009 2023 2104 2077 καὶ
2131 2022 2227 2092 τῆς
2250 2022 2463 2087 ἐλπίδος
2488 2024 2862 2095 ἐκκρέμασθαι
2888 2025 3123 2095 ἐκείνης,
3144 2025 3242 2080 κᾶν
3272 2026 3439 2098 μυρία
3459 2045 3597 2097 συμ-

2012 2110 2188 2183 πίπτῃ
2225 2123 2248 2150 ο
2272 2110 2342 2164 τὰ
2366 2113 2447 2174 είς
2477 2111 2789 2179 ἀπόγνωσιν
2818 2112 3180 2181 ἐμϐάλλοντα.
3222 2113 3392 2167 Τοῦτο
3424 2117 3599 2185 τεῖχος

2010 2198 2277 2269 ἀῤῥαγές,
2304 2198 2463 2251 τοῦτο
2509 2199 2779 2268 ἀσφάλεια
2828 2201 3146 2272 ἀχείρωτος,
3181 2202 3343 2256 τοῦτο
3392 2201 3600 2272 πύργος

2011 2287 2241 2356 ἄμαχος.
2268 2285 2389 2340 Κᾶν
2415 2287 2484 2340 τὰ
2535 2286 2840 2358 πράγματα
2891 2287 3069 2342 τοίνυν
3104 2289 3333 2343 θάνατον
3379 2289 3598 2361 ἀπειλῇ,

2013 2374 2109 2425 καὶ¹
2137 2372 2402 2437 κίνδυνον,
2433 2375 2529 2427 καὶ
2558 2375 2956 2446 πανωλεθρίαν,
2991 2377 3065 2448 μὴ
3090 2379 3337 2449 ἀποστῇς
3364 2377 3600 2441 ἐλπίζων

2018 2463 2098 2526 εἰς
2134 2462 2286 2527 Θεὸν,
2318 2463 2414 2517 καὶ
2461 2463 2776 2535 προσδοκῶν
2809 2464 2906 2535 τὴν
2940 2467 3070 2536 παρ’
3102 2467 3267 2520 αὐτοῦ
3306 2469 3600 2538 σωτηρίαν.

2027 2549 2212 2620 Ῥᾴδια
2240 2549 2349 2620 γὰρ
2371 2549 2520 2620 αὐτῷ
2553 2551 2729 2604 πάντα
2768 2552 2863 2604 καὶ
2892 2552 3109 2611 εύκολα,
3164 2553 3257 2606 καὶ
3296 2553 3355 2618 ἐξ
3385 2554 3605 2625 ἀπόρων

2016 2636 2183 2709 πόρον
2210 2638 2394 2707 εὑρεῖν
2420 2637 2731 2708 δυνήσεται.
2766 2638 2859 2709 Μὴ
2902 2638 3085 2692 τοίνυν
3112 2639 3255 2693 κατὰ
3284 2640 3410 2712 ῥοῦν
3440 2658 3606 2714 φεροα

2019 2724 2196 2795 μένων
2223 2724 2332 2778 τῶν
2362 2726 2706 2796 πραγμάτων
2730 2727 3005 2795 προσδόκα
3034 2727 3442 2780 ἀπολαύει-εσθαι
3473 2745 3608 2797 συμυ

2020 2812 2223 2883 μαχίας
2252 2804 2410 2882 μόνον
2435 2829 2449 2844 ·
2488 2812 2622 2865 ἀλλὰ
2662 2814 2758 2867 καὶ
2777 2814 2895 2866 τότε
2940 2814 3197 2885 μάλιστα,
3236 2815 3367 2867 ὅταν
3401 2814 3599 2868 κλυδώρ

2018 2918 2129 2954 νιον
2218 2902 2313 2954 καὶ
2361 2900 2589 2972 χειμὼν,
2623 2902 2715 2956 καὶ
2748 2904 2776 2956 ὁ
2812 2903 3076 2973 περὶτῶν
3110 2905 3354 2973 ἐσχάτων
3383 2903 3606 2973 ἐπικρέο

2022 3006 2190 3060 μαται
2219 2989 2483 3052 κίνδυνος.
2517 2989 2651 3042 Τότε
2673 2988 2782 3060 γὰρ
2810 2990 3045 3059 μάλιστα
3072 2989 3252 3043 πλεῖον
3293 2991 3322 3043 ό
3351 2990 3483 3053 Θεὸς
3510 2988 3608 3059 τὴν

2019 3080 2212 3133 ἐαυτοῦ
2246 3080 2477 3151 δύναμιν
2505 3081 2861 3136 ἐνδείκνυται.
2895 3081 3065 3136 Τοῦτο
3090 3078 3184 3135 οῦν
3208 3082 3356 3135 ἐστιν
3384 3081 3413 3134 ὃ
3437 3080 3607 3147 λέγει’

2018 3168 2314 3233 διαπαντὸς
2351 3170 2432 3223 δεῖ
2459 3170 2597 3242 πρὸς
2628 3170 2834 3243 Κύριον
2874 3171 3113 3235 ἐλπίζειν
3143 3171 3323 3226 πάντα
3351 3170 3441 3223 τὸν
3472 3169 3605 3240 βίον,

2020 3259 2201 3312 πᾶσαν
2229 3259 2330 3330 τὴν
2350 3260 2514 3329 ζωήν.
2548 3259 2671 3313 ’Ότι
2704 3258 2862 3326 παρὰ
2882 3259 2960 3324 τῷ
2981 3261 3174 3329 Κυρίῳ
3204 3258 3270 3313 τὸ
3292 3259 3488 3324 ἕλεος,
3510 3262 3609 3312 καὶ

2022 3346 2225 3415 πολλὴ
2266 3348 2404 3415 παρ’
2425 3349 2586 3413 αὐτῷ
2612 3349 2934 3416 λύτρωσις.
2976 3348 3085 3402 Καὶ
3111 3347 3296 3414 αὐτὸς
3313 3346 3611 3416 λυτρώσε-

2023 3452 2115 3489 ται
2156 3434 2264 3489 τὸν
2313 3435 2562 3505 Ἰσραὴλ
2594 3436 2661 3490 ἐκ
2697 3436 2912 3491 πασῶν
2938 3434 3058 3490 τῶν
3095 3433 3356 3505 ἀνομιῶν
3401 3436 3607 3490 αὑτοῦ.

2024 3522 2090 3575 Τί
2126 3522 2295 3587 ἐστιν,
2322 3523 2443 3577 Ὅτι
2474 3527 2636 3591 παρὰ
2664 3523 2744 3589 τῷ
2764 3524 2959 3591 Κυρίῳ
2992 3523 3057 3578 τὸ
3091 3523 3300 3590 ἔλεος;
3334 3523 3493 3594 Πηγὴ
3521 3523 3613 3575 καὶ

2025 3608 2301 3681 θησαυρὸς
2332 3611 2451 3662 ἐκεῖ
2481 3609 2922 3680 φιλανθρωπίας,
2974 3610 3129 3680 φησὶ,
3165 3610 3429 3682 πηγάζων
3464 3608 3613 3681 15711

2023 3696 2305 3765 διηνεκῶς.
2341 3696 2513 3750 Ὅπου
2546 3696 2604 3750 δὲ
2654 3697 2804 3760 ἕλεος
2829 3737 2844 3761 ,
2889 3697 2983 3750 καὶ
3015 3696 3319 3765 λύτρωσις·
3373 3696 3469 3750 καὶ
3518 3698 3616 3767 οὐχ

2024 3784 2218 3847 ἁπλῶς
2249 3783 2539 3853 λύτρωσις,
2562 3782 2699 3837 ἀλλὰ
2724 3784 2820 3837 καὶ
2851 3781 3042 3851 πολλὴ,
3081 3784 3175 3836 καὶ
3209 3781 3617 3854 φιλανθρωπίας

2029 3869 2255 3942 ἄπειρον
2293 3870 2547 3938 πέλαγος.
2585 3869 2700 3923 Κᾶν
2720 3869 2900 3923 τοίνυν
2929 3869 3035 3922 ὑπὸ
3068 3869 3176 3922 τῶν
3200 3868 3617 3941 ἁμαρτημάτων

2028 3951 2180 4028 ὦμεν
2209 3957 2591 4029 προδεδομένοι
2624 3957 2643 3995 ί
2655 3956 3008 4022 ,ἀναπίπτειν
3027 3956 3087 4009 ού
3105 3956 3233 4029 χρὴ,
3258 3955 3379 4010 οὐδὲ
3409 3958 3618 4024 ἀπαγο-

2033 4045 2232 4117 ρεύειν.
2251 4045 2430 4098 Ὅπου
2449 4043 2558 4115 γὰρ
2580 4044 2726 4106 έλεος
2747 4044 2842 4097 καὶ
2868 4043 3270 4114 φιλανθρωπία,
3293 4044 3354 4096 ού
3376 4043 3618 4113 γίνονται

2030 4133 2137 4186 τῶν
2155 4131 2334 4203 πεπλη
2344 4132 2523 4203 μμελη
2533 4131 2710 4202 μένων
2732 4131 2980 4203 ἀκριϐεῖς
2996 4132 3052 4185 αἱ
3084 4131 3326 4197 εύθῦναι,
3351 4131 3446 4186 τοῦ
3471 4131 3619 4185 δικά-

2033 4220 2217 4285 ζοντος
2241 4219 2333 4275 διὰ
2351 4220 2442 4273 τὸν
2461 4219 2629 4273 πολὺν
2653 4218 2820 4285 ἔλεον,
2844 4220 2938 4272 καὶ
2960 4220 3021 4273 τὸ
3047 4220 3183 4291 πρὸς
3208 4218 3622 4291 φιλανθρωπίαν

2034 4308 2353 4380 ἐπιρῤεπές,
2376 4308 2447 4361 τὰ
2485 4305 2656 4361 πολλά
2679 4307 3136 4379 παρατρέχοντος.
3170 4306 3422 4360 Τοιοῦτον
3451 4305 3557 4376 γὰρ
3594 4308 3622 4359 ὁ

2034 4397 2185 4461 Θεὸς,
2220 4396 2356 4468 πρὸς
2384 4396 2444 4450 τὸ
2469 4395 2643 4449 ἐλεεῖν
2663 4395 2924 4466 διηνεκῶς
2948 4395 3043 4447 καὶ
3073 4393 3402 4465 συγγνώμην
3424 4393 3624 4446 διδόναι

2036 4484 2339 4557 ἐπιρρεπὲς
2371 4484 2466 4538 καὶ
2495 4484 2785 4555 πρόχειρον
2812 4492 2859 4535 κ.
2897 4482 3004 4537 Καὶ
3034 4482 3217 4548 αὐτὸς
3252 4481 3624 4550 λυτρὼσεται

2036 4573 2143 4628 τὸν
2187 4571 2434 4640 Ἰσραὴλ
2485 4571 2554 4625 ἐκ
2587 4569 2805 4625 πασῶν
2835 4568 2954 4624 τῶν
2985 4567 3250 4640 ἀνομιῶν
3310 4570 3517 4625 αὐτοῦ.
3561 4570 3624 4622 Et

2036 4664 2213 4717 τοίνυν
2241 4661 2481 4723 τοιοῦτός
2506 4662 2643 4725 ἐστι,
2693 4660 2786 4713 καὶ
2816 4660 3043 4729 κέχυται
3067 4657 3344 4729 πανταχοῦ
3374 4657 3475 4728 τῆς
3505 4656 3624 4727 φιλ-

2008 4784 2011 4787 -
2037 4750 2356 4821 ανθρωπίας
2385 4748 2550 4804 αὐτοῦ
2587 4747 2647 4801 τὸ
2684 4747 2911 4820 μέγεθος
2937 4749 2990 4811 h,
3039 4746 3261 4817 εὔδηλον
3298 4746 3379 4800 ὅτι
3408 4746 3501 4800 καὶ
3533 4745 3625 4798 τὸν

2038 4839 2165 4893 λαὸν
2206 4836 2372 4891 αὐτοῦ
2402 4837 2587 4905 σώσει,
2617 4839 2709 4891 καὶ
2737 4835 3038 4903 ἀπαλλάξει
3073 4835 3194 4906 οὐχὶ
3229 4834 3500 4897 κολάσεως
3531 4834 3627 4904 μόο

2038 4945 2148 4993 νον,
2177 4925 2315 4981 ἀλλὰ
2341 4926 2435 4979 καὶ
2464 4925 2574 4979 τῶν
2611 4924 3050 4996 ἁμαρτημάτων.
3089 4924 3259 4977 Ταῦτ’
3292 4919 3386 4977 οὖν
3403 4922 3623 4984 εἰδότες,

2044 5015 2293 5086 μένωμεν
2345 5014 2816 5086 παρακαλοῦντες,
2874 5013 3141 5084 δεόμενοι,
3202 5013 3296 5066 καὶ
3358 5009 3624 5083 μηδέποτε

2038 5100 2387 5172 ἀποστῶμεν,
2413 5101 2517 5155 κᾶν
2550 5100 2826 5171 λάϐωμεν,
2861 5097 2962 5152 κᾶν
3008 5097 3084 5168 μὴ
3112 5096 3390 5166 λάϐωμεν.
3427 5095 3489 5148 Εἰ
3515 5093 3633 5162 γὰρ

2039 5184 2135 5238 τοῦ
2164 5183 2348 5239 δοῦναι
2388 5184 2597 5256 κύριος,
2632 5181 2842 5237 καὶτοῦ
2888 5180 3017 5233 πότε
3050 5179 3233 5232 δοῦναι
3264 5175 3454 5247 κύριός
3484 5176 3633 5239 ἐστι,

2104 5279 2126 5307 ο
2150 5278 2233 5327 διο
2254 5278 2387 5334 Sana;
2403 5277 2454 5325 in
2476 5274 2826 5327 Μοτ.τουτὲστι
2843 5273 3004 5334 deest.
3020 5270 3118 5334 Sgd
3130 5271 3209 5334 hic
3231 5268 3623 5334 desiderabatur.

2103 5339 2132 5379 ἀ
2158 5339 2303 5389 Hunc
2322 5329 2518 5387 vérsum
2537 5338 2608 5386 sic
2627 5335 2777 5385 habet
2797 5335 2908 5384 Sav.
2935 5332 3085 5396 :‘Ajtrb
3111 5333 3324 5396 φυλακῆς
3338 5329 3520 5392 πρωίας
3540 5330 3628 5392 με·

2038 5416 2117 5464 χρι
2127 5401 2311 5457 νυκτὸς,
2321 5399 2417 5449 ἀπὸ
2436 5401 2646 5464 φυλακῆς
2664 5396 2846 5464 πρωίας
2858 5393 3229 5464 ἐλπισάτω,“ρῐο.
3250 5393 3284 5444 ll
3294 5395 3334 5464 Ιξι
3350 5403 3628 5464 ι’θτο-τεῃςιιι

2044 5454 2150 5531 ᾖῖἰίο
2162 5476 2222 5511 an
2237 5454 2495 5511 eximendo
2519 5454 2715 5522 typbgr.‘
2729 5454 3005 5518 irrepseril,
3018 5468 3078 5502 an
3091 5468 3151 5503 ex
3167 5468 3277 5504 mss.
3294 5454 3516 5503 desumla
3542 5454 3624 5511 sit,

2074 5539 2093 5562 ι
2221 5559 2232 5572 α

2042 5536 2266 5634 Ιὲῐὲοὲἓιν.
2287 5583 2579 5645 προσπίπτῃ,
2605 5585 2658 5631 et
2684 5592 2796 5631 mox
2817 5578 3101 5633 ἐκϐαλόντα,

2110 5644 2128 5681 ί
2157 5647 2270 5708 Sav.
2284 5644 2669 5708 προσδεδομένρι.

2106 5707 2255 5778 ἥξειν.
2273 5699 2892 5778 ἐπιρρεπήςςκαῖπρὸχειρος.
2911 5701 3127 5765 Utraque
3140 5699 3289 5751 lectio
3301 5704 3429 5752 slare
3443 5702 3624 5763 potest.

2113 5767 2141 5808 δ
2163 5768 2299 5820 Unus
2317 5766 2461 5817 αὐτοῦ
2486 5768 2540 5816 τὸ
2566 5766 2785 5828 πέλαγος.
