3956 6436
230 300 339 358 δτι

230 416 356 469 sive
388 426 518 468 non.
549 410 609 467 Si
640 410 781 467 enim
805 410 932 466 dare
969 408 1127 465 situm
1167 415 1249 462 est
1288 407 1338 461 in
1392 411 1508 476 ejus
1557 416 1838 477 potestate,

237 510 297 563 in
328 506 447 579 ejus
475 507 641 561 etiam
668 513 931 577 potestate
959 503 1117 559 situm
1143 511 1246 568 est,
1278 500 1489 571 quando
1514 501 1646 565 vult,
1677 500 1840 555 dare:

239 610 459 668 tempus
479 608 659 652 autem
688 596 829 651 novit
853 597 1070 664 optime.
1095 595 1402 650 Maneamus
1425 608 1552 664 ergo
1574 602 1842 662 rogantes,

235 694 629 763 supplicantes,
681 689 1009 745 confidentes
1058 689 1175 757 ejus
1224 686 1604 742 misericordiae
1658 697 1710 741 ct
1738 686 1848 742 cle-

238 789 486 851 mentiae,
517 804 618 844 nec
648 802 895 857 umquam
925 785 992 840 de
1014 792 1204 839 nostra
1245 782 1419 838 salute
1474 781 1843 851 desperemus,

236 883 346 938 sed
369 889 552 936 nostra
579 878 864 933 atl‘cramus
882 919 896 940 ,
929 886 984 932 et
1024 875 1112 929 ille
1143 873 1294 928 nobis
1320 887 1609 943 numquam
1635 871 1842 938 deerit,

235 970 682 1045 quandoquidem
721 978 802 1023 est
827 965 1201 1022 inenarrabilis
1233 965 1371 1035 apud
1398 980 1519 1020 eum
1542 962 1846 1017 misericor-

234 1068 354 1134 dia,
384 1076 437 1121 et
451 1064 659 1120 infinita
687 1062 967 1116 clementia
994 1078 1007 1113 :
1037 1074 1195 1130 quam
1231 1058 1387 1113 detur
1415 1056 1569 1111 nobis
1588 1055 1836 1109 omnibus

235 1159 498 1228 assequi,
552 1156 720 1227 gratia
760 1163 816 1208 ct
866 1152 1190 1222 benignitate
1236 1149 1444 1204 Domini
1498 1148 1663 1203 nostri
1707 1147 1833 1202 Jesu

234 1250 476 1316 Christi,
512 1250 725 1321 quicum
773 1246 916 1302 Patri
958 1256 1012 1301 et
1049 1243 1266 1315 Spiritui
1300 1251 1485 1297 sancto
1526 1240 1692 1313 gloria
1715 1281 1730 1308 ,
1783 1238 1838 1294 in

248 1343 451 1399 saicula
505 1341 843 1397 saeculorum.
897 1332 1089 1393 'Ameu.

704 1453 769 1510 IN
804 1451 1136 1509 =PSALMUM
1186 1448 1403 1505 CXXX.

240 1571 297 1625 Ι.
333 1568 569 1634 Domine,
615 1576 820 1622 nonest
862 1564 1137 1620 exaltatum
1156 1578 1247 1617 cor
1283 1577 1469 1626 meum,
1518 1576 1676 1633 neque
1717 1558 1837 1613 elati

311 1670 433 1717 sunt
452 1658 585 1714 oculi
604 1659 720 1712 mei.
747 1656 916 1720 Alius,
950 1655 1127 1724 Neque
1144 1653 1356 1707 esaltati
1378 1660 1495 1705 sunt
1520 1653 1626 1721 (a-).
1658 1648 1838 1720 Neque

317 1750 575 1808 aurbulaui
600 1750 656 1803 in
681 1749 899 1819 magnis,
923 1762 1084 1814 neque
1108 1747 1163 1799 in
1204 1741 1520 1798 mirabilibus
1543 1752 1702 1812 super
1736 1756 1840 1795 me.

315 1847 488 1909 Alius,
534 1843 601 1899 lu
632 1840 1079 1915 magnitudinibus.
1103 1839 1272 1904 Alius,
1303 1835 1371 1891 In
1417 1834 1840 1908 ntagnificeatiis,

310 1955 408 1992 nec
434 1953 515 2019 me
545 1931 979 2006 mutua-antibus.

316 2072 662 2142 Quandonam
686 2068 897 2141 gloriari
918 2067 1083 2120 liceat.
1105 2062 1325 2132 —-—Quid
1356 2060 1460 2116 hoc
1484 2056 1604 2113 est?
1645 2055 1843 2112 Paulus

236 2165 378 2223 dicit
403 2164 621 2219 stultum
650 2175 770 2215 esse
795 2160 1028 2227 seipsum
1078 2154 1294 2209 laudare
1316 2194 1330 2215 ,
1383 2151 1589 2206 etiamsi
1635 2149 1703 2203 sit
1749 2162 1841 2200 ne-

236 2273 420 2320 cessc,
454 2264 507 2311 et
554 2255 673 2308 ideo
722 2249 995 2322 subjunxit
1041 2249 1226 2303 dit-ens
1261 2265 1274 2300 :
1307 2245 1408 2299 Fui
1454 2243 1696 2313 insipirns
1739 2240 1842 2312 glo-

235 2351 421 2411 rians;
466 2362 551 2401 vos
592 2361 672 2398 me
726 2342 957 2414 coegistis
1000 2340 1085 2412 (2.
1136 2336 1255 2394 Cor.
1280 2335 1371 2391 12.
1407 2333 1530 2406 Η).
1557 2332 1841 2402 Quomodo

236 2443 347 2498 hoc
372 2455 501 2510 ergo
528 2436 789 2508 ignoravit
815 2434 1095 2507 propheta,
1125 2440 1177 2487 et
1224 2445 1367 2485 nunc
1411 2428 1701 2499 gloriatur,
1733 2440 1838 2481 non

236 2535 383 2605 apud
412 2536 565 2596 duos,
595 2541 683 2586 aut
715 2541 846 2596 tres,
868 2539 960 2584 aut
983 2528 1190 2590 decem,
1221 2524 1313 2579 sed
1347 2521 1485 2593 apud
1535 2521 1836 2576 universum

237 2627 429 2682 orbem
469 2623 660 2680 terrae?
692 2622 959 2679 Gloriatur
993 2630 1170 2673 autem
1217 2617 1401 2671 dicens
1431 2634 1443 2669 :
1470 2614 1598 2670 Sum
1627 2612 1840 2666 humilis

236 2730 295 2773 et
351 2719 682 2783 moderatus,
732 2723 789 2769 et
834 2711 1134 2770 mirandum
1167 2711 1219 2765 in
1267 2708 1481 2763 modum
1504 2705 1729 2781 humilis
1776 2718 1840 2758 ac

236 2810 491 2879 simplex.
523 2808 636 2863 Hoc
660 2807 801 2863 cnim
824 2805 923 2860 sibi
956 2804 1067 2858 vult
1100 2802 1261 2864 aliud,
1290 2801 1343 2855 2.
1374 2798 1669 2853 A'blactatus
1690 2814 1840 2866 super

238 2914 454 2957 matrem
501 2917 665 2955 suam.
709 2901 886 2968 Quare
919 2912 1046 2968 ergo
1094 2895 1195 2949 hoc
1242 2893 1402 2948 facit?
1439 2891 1701 2958 Quoniam
1751 2904 1838 2945 res

236 2992 456 3063 quidem
483 3008 585 3046 non
611 3000 693 3045 est
716 2989 935 3045 omnino
961 2986 1221 3057 prohibita
1242 3027 1256 3052 ,
1286 2984 1392 3038 imo
1420 2998 1547 3036 vero
1573 2995 1839 3036 nonnum-

238 3101 402 3155 quam
435 3092 519 3139 est
546 3081 846 3137 necessaria
865 3121 881 3146 ,
911 3090 1070 3147 atque
1096 3076 1230 3132 adeo
1276 3086 1676 3143 nonnumquam
1706 3069 1839 3124 inci-

246 3173 355 3239 dit,
380 3184 436 3228 ut
463 3189 568 3228 non
595 3174 638 3227 si
664 3171 968 3242 gloriemur,
1001 3168 1097 3223 sed
1122 3167 1165 3221 si
1190 3181 1292 3220 non
1331 3165 1641 3235 gloriemur,
1667 3161 1838 3215 simus

243 3266 573 3334 insipientes.
620 3264 881 3330 Quocirca
920 3256 1116 3316 Paulus
1154 3273 1364 3328 quoque
1400 3255 1531 3312 dicit
1559 3271 1572 3308 :
1598 3252 1837 3324 ‘Quiglo-

240 3358 428 3421 tiatur,
486 3357 539 3409 in
588 3353 810 3410 Domino
863 3352 1110 3424 glorietur
1163 3349 1247 3419 (2.
1293 3347 1411 3403 Cor.
1455 3346 1706 3416 1017).
1735 3342 1835 3411 Qui

236 3450 386 3503 enim
416 3447 468 3501 in
497 3461 659 3502 cruce
688 3459 794 3499 non
819 3443 1096 3514 gloriatur,
1126 3449 1209 3495 est
1241 3438 1478 3493 onmium
1504 3434 1835 3504 insipientis-

234 3538 447 3601 simus;
471 3536 560 3607 qui
589 3550 696 3590 non
737 3534 789 3589 in
821 3532 924 3587 tide
952 3532 1229 3603 gloriatur,
1271 3537 1354 3584 est
1380 3527 1619 3583 omnitnn
1649 3526 1838 3582 miser-

234 3628 552 3698 rinms;qui
611 3627 663 3682 in
695 3625 777 3680 his
806 3640 911 3680 non
956 3624 1214 3695 gloriatur
1249 3629 1307 3676 et
1343 3620 1475 3686 fidit,
1525 3620 1571 3675 is
1618 3619 1838 3673 omnino

235 3720 451 3791 peribit.
488 3718 555 3773 Et
593 3716 713 3772 ideo
741 3717 993 3771 audacter
1012 3714 1228 3769 dicebat
1253 3712 1449 3769 Paulus
1472 3728 1487 3767 :
1514 3710 1645 3766 Mihi
1669 3721 1837 3764 autem

236 3811 372 3864 absit
392 3809 623 3883 gloriari,
653 3807 750 3862 nisi
778 3808 830 3861 in
867 3823 1014 3861 cruce
1041 3804 1248 3857 Domini
1290 3803 1449 3856 nostri
1487 3801 1610 3857 Iesu
1647 3801 1836 3857 Christi

236 3900 396 3971 (Gal.
428 3900 479 3956 6.
506 3899 635 3971 14).
663 3896 730 3952 Et
757 3913 940 3952 rursus
972 3913 986 3950 :
1021 3893 1102 3950 Ne
1123 3894 1367 3967 glorietur
1391 3893 1527 3947 dives
1568 3892 1621 3946 in
1651 3892 1837 3949 divitiis

196 4062 207 4069 υ
237 3997 368 4057 suis,
400 4011 555 4066 neque
579 3994 781 4067 sapiens
804 3992 867 4045 in
895 3990 1144 4062 sapientia
1172 4005 1267 4043 sua
1296 4003 1315 4041 :
1341 3989 1429 4042 sed
1455 3988 1508 4040 in
1534 3987 1627 4040 hac
1652 3987 1836 4058 glorie-

239 4096 346 4151 tur,
391 4089 524 4155 quod
549 4085 796 4156 intelligat
821 4093 868 4137 et
892 4093 1160 4154 cognoscat
1190 4076 1463 4135 Dominum
1486 4077 1631 4149 (Jer.
1650 4076 1716 4134 ‘9.
1742 4078 1832 4135 25.

239 4179 313 4235 24
331 4177 378 4249 ).
406 4178 685 4245 Quomodo
714 4187 797 4233 est
837 4190 967 4247 ergo
993 4175 1192 4229 malum
1222 4172 1477 4245 gloriari?
1506 4171 1561 4228 Si
1590 4171 1641 4228 id
1668 4166 1834 4227 facia-

243 4287 365 4327 inus
387 4272 762 4327 utPharisteus
791 4267 956 4342 (Luc.
982 4268 1108 4341 18).
1143 4262 1210 4321 Et
1234 4282 1419 4338 quare,
1446 4265 1672 4338 inquies,
1706 4265 1837 4321 dicit

242 4364 461 4425 Paulus,
515 4362 618 4417 Fui
666 4362 913 4431 insipiens
959 4358 1220 4431 glorians;
1251 4374 1338 4413 vos
1364 4374 1443 4413 me
1484 4357 1712 4430 coegistis
1741 4356 1830 4428 (2.

242 4455 472 4512 (ἰοί-,ιλ
505 4455 635 4528 ll)?
679 4454 939 4522 Quoniam
977 4450 1228 4506 narrabat
1273 4450 1529 4522 prteclara
1571 4450 1696 4505 vita:
1721 4466 1833 4505 sua:

244 4547 482 4603 instituta
510 4557 565 4603 et
587 4545 843 4608 facinora,
867 4560 987 4615 quae
1021 4559 1127 4599 non
1156 4542 1438 4614 oportebat
1465 4557 1702 4605 narrare,
1733 4541 1835 4596 nisi

246 4653 468 4694 necesse
500 4647 666 4694 esset.
698 4635 837 4692 Alibi
879 4642 1056 4690 autem
1079 4633 1208 4689 dicit
1240 4652 1253 4686 :
1286 4632 1347 4687 Si
1372 4633 1574 4687 votuero
1601 4631 1833 4703 gloriari,

246 4746 349 4783 non
386 4746 474 4784 ero
518 4728 798 4799 insipiens;
841 4727 1096 4780 ueritatem
1121 4724 1252 4778 enim
1277 4724 1445 4778 dicam
1476 4723 1495 4794 (
1513 4722 1568 4777 2.
1592 4721 1712 4777 Cor.
1744 4720 1832 4775 12.

248 4824 339 4894 6).
369 4823 469 4892 Qui
512 4822 792 4877 veritatem
821 4834 951 4889 ergo
975 4817 1124 4879 dicit,
1171 4834 1291 4872 cum
1334 4826 1543 4886 tempus
1569 4815 1833 4885 postulat,

246 4931 354 4970 non
383 4923 467 4970 est
489 4914 765 4983 insipiens.
792 4904 910 4966 Non
936 4918 1018 4964 est
1040 4924 1168 4979 ergo
1189 4909 1443 4978 insipiens
1464 4907 1720 4977 propheta
1747 4904 1836 4975 qui

246 5008 503 5078 gloriatur
534 5024 549 5060 :
576 5020 700 5061 vera
726 5004 868 5059 enim
912 5004 1064 5058 dixit.
1095 5001 1199 5057 Sed
1239 5015 1482 5071 qua‘nam
1513 5013 1672 5055 eausa
1713 5013 1835 5054 eum

246 5100 475 5166 induxit,
525 5107 583 5154 ut
633 5099 749 5154 haec
796 5096 1036 5153 diceret?
1066 5093 1136 5151 Ut
1186 5094 1398 5148 doceret
1444 5091 1716 5147 auditores
1769 5106 1839 5145 ne

249 5200 522 5261 postquam
550 5189 757 5247 liberati
788 5197 913 5245 sunt
940 5202 970 5241 a
999 5187 1151 5242 malis
1169 5227 1185 5253 ,
1214 5191 1545 5239 revertantur
1570 5181 1633 5236 ad
1657 5185 1838 5252 pristi-

251 5299 371 5336 nam
400 5283 688 5338 amcntiam
720 5290 774 5337 et
817 5278 1177 5344 insolentiam,
1211 5291 1308 5331 nec
1338 5291 1367 5328 a
1398 5274 1609 5329 vinculo
1630 5273 1834 5329 liberati

249 5376 508 5441 resiliant,
552 5384 608 5430 et
646 5375 697 5429 iu
729 5375 883 5428 aliam
922 5370 1243 5441 captivitatis
1292 5367 1661 5425 necessitatem
1703 5367 1836 5421 inci-

240 5470 399 5525 dant.
421 5468 753 5538 Quapropter
770 5467 896 5520 dum
925 5479 1018 5519 sua
1041 5470 1236 5526 narrat,
1261 5459 1555 5515 auditorem
1582 5458 1836 5527 corrigit:

305 5629 381 5703 to
414 5627 529 5703 ait?
550 5626 615 5703 sit
632 5624 714 5703 ἕπεο
735 5623 1266 5703 toleraremus?!”-
1292 5616 1584 5703 ξὀξιέεέίξξε
1602 5623 1838 5703 εμπεριυ-

240 5676 533 5759 ςηῖᾖὲεῖηῆδ
550 5676 568 5738 ἑ
588 5676 611 5734 ὁ
632 5687 735 5737 haec
755 5676 1183 5759 mtcrpretajtiogest
1207 5682 1349 5759 juxlta
1362 5676 1580 5742 Aquilam
1602 5684 1657 5728 et
1674 5676 1713 5728 Τ
1716 5676 1836 5727 hce-

234 5744 510 5811 dotimiem,
534 5761 750 5814 sequens
771 5744 1047 5808 νενόμικα
1067 5744 1416 5808 Synnnachum.

1352 294 1715 352 EXPOSI'I'IO
1752 293 1817 350 IN
1858 294 2180 353 PSALMUM
2220 299 2434 355 CXXX.

3438 304 3560 365 373‘

1953 426 2060 467 non
2081 412 2208 468 dicit
2231 424 2430 482 autem,
2464 415 2735 471 Exaltatus
2756 415 2969 487 quidem
3009 432 3144 482 sum,
3182 418 3541 488 perturbatio-

1951 518 2074 558 nem
2101 513 2277 561 autem
2305 506 2467 561 animi
2490 508 2725 562 continui
2748 526 2762 563 :
2788 508 2886 564 sed
2912 508 3072 579 quid!
3105 507 3225 563 Non
3251 521 3323 564 est
3343 510 3541 565 exalta-

1952 602 2057 649 tum
2087 612 2396 662 cormeum;
2436 598 2537 653 hoc
2566 608 2668 661 est,
2701 597 2816 654 Non
2862 601 3031 670 tetigit
3072 601 3309 656 animum
3362 618 3540 660 meum

1951 691 2206 761 nequitia.
2239 690 2389 746 Mens
2414 692 2556 746 enim
2605 692 2721 761 ejus
2764 705 2877 748 erat
2907 693 3066 748 veluti
3098 694 3325 764 quidam
3360 706 3547 764 portus

1954 785 2113 839 nullis
2155 784 2407 840 ﬂuctibus
2434 785 2682 855 agitatus,
2739 785 2857 853 ejus
2898 786 3066 841 morbi
3118 786 3288 841 undas
3324 785 3571 840 tninimo'

1951 874 2266 944 suscipiens,
2291 874 2383 946 qui
2428 886 2510 931 est
2553 890 2709 931 causa
2739 876 2976 931 omnium
3004 876 3288 942 malorum,
3311 885 3367 930 et
3392 875 3557 933 radix-

1951 979 2206 1023 extremte
2255 968 2573 1039 iniquitatis.
2608 968 2744 1035 Quid
2785 977 2865 1024 cst
2913 964 3052 1037 quod
3099 969 3246 1032 dicit,
3301 967 3538 1032 Domine;

1950 1075 2052 1113 non
2094 1067 2165 1114 est
2206 1061 2480 1115 exaltatum
2536 1078 2622 1115 cor
2659 1078 2845 1126 meum,
2897 1077 3054 1130 neque
3101 1062 3220 1115 elati
3250 1071 3365 1114 sunt
3406 1062 3543 1116 oculi

1951 1152 2089 1206 mei?
2126 1151 2243 1206 Non
2297 1153 2561 1220 contraxi,
2596 1152 2785 1223 inquit,
2841 1152 3157 1221 supercilia,
3190 1168 3360 1223 neque
3388 1152 3541 1208 erexi

1948 1245 2234 1299 cervicem.
2266 1245 2307 1298 A
2341 1242 2486 1298 fonte
2509 1246 2652 1299 enim
2681 1245 2891 1299 interno
2934 1243 3348 1313 perturbationis
3375 1245 3537 1299 animi

1950 1339 2169 1392 morbus
2211 1338 2506 1393 scaturicns
2558 1339 2768 1393 interno
2812 1338 3003 1392 tumori
3047 1336 3322 1394 conformo
3345 1350 3543 1407 corpus

1949 1430 2175 1502 effingit.
2208 1430 2386 1503 Neque
2411 1431 2665 1486 ambulavi
2693 1432 2745 1486 iu
2772 1432 2988 1503 magnis,
3017 1447 3176 1498 neque
3202 1431 3255 1484 in
3292 1428 3538 1483 mirabili-

1950 1524 2039 1577 bus
2079 1540 2231 1594 supcr
2271 1540 2370 1579 me.
2418 1524 2556 1592 Quid
2595 1533 2697 1590 cst,
2720 1522 2795 1578 .In
2826 1524 3065 1594 magnis?
3110 1525 3162 1577 In
3196 1522 3536 1588 hominibus,

1950 1618 2148 1687 inquit,
2198 1619 2449 1684 tumidis,
2496 1618 2776 1683 divitibus,
2816 1617 3221 1689 arrogantibus,
3272 1616 3539 1686 superbis.

1951 1710 2137 1767 Vidisti
2169 1721 2365 1783 quanta
2389 1713 2459 1768 sit
2483 1711 2793 1768 humilitas?
2835 1712 2950 1767 Non
2981 1711 3166 1768 solum
3206 1723 3322 1766 erat
3364 1712 3480 1780 ipsc
3509 1726 3538 1764 θ

1950 1804 2137 1860 morbo
2166 1804 2395 1869 alienus,
2413 1804 2508 1861 sed
2538 1819 2632 1860 eos
2653 1805 2835 1871 etiam,
2857 1803 2946 1875 qni
2974 1814 3128 1860 erant
3146 1803 3357 1869 tumidi,
3381 1803 3542 1875 fugio-

1950 1897 2059 1965 bat,
2091 1908 2145 1953 et
2177 1913 2207 1952 a
2237 1897 2429 1954 talibus
2455 1896 2725 1955 resiliebat
2754 1897 3228 1966 cmtibttsprnptct‘
3260 1910 3536 1964 magnum,

1947 1994 2089 2065 quod
2147 1993 2200 2047 in
2245 1992 2604 2062 arrogantiam
2652 1997 2994 2060 conceperat,
3038 1989 3240 2044 odium.
3269 1989 3535 2057 Quoniam

1947 2084 2090 2141 enim
2121 2083 2330 2139 infenso
2364 2093 2479 2138 erat
2522 2082 2573 2137 in
2604 2081 2706 2137 hoc
2749 2081 2933 2135 vitium
2985 2081 3187 2145 animo,
3229 2095 3333 2134 non
3364 2080 3538 2134 solum

1947 2177 2013 2232 ab
2066 2192 2132 2233 eo
2170 2176 2458 2240 rcsiliebat,
2497 2189 2598 2230 nec
2639 2174 3003 2244 pcrmittebat,
3057 2181 3115 2227 ut
3155 2172 3208 2228 in
3254 2172 3538 2228 castellum

1945 2271 2139 2325 anima:
2160 2279 2304 2325 esset
2330 2268 2378 2324 ei
2409 2268 2547 2323 nllus
2569 2267 2762 2330 aditus,
2794 2265 2888 2322 sed
2924 2280 3019 2321 eos
3057 2266 3240 2331 etiam,
3268 2265 3356 2336 qui
3404 2265 3533 2320 illud

1945 2365 2308 2429 sectabantur,
2336 2362 2650 2434 longissimo
2676 2361 2957 2416 intervallo
2987 2359 3237 2431 fugiebat,
3278 2369 3330 2413 ut
3359 2359 3428 2413 ab
3453 2358 3535 2414 eis

1945 2457 2076 2512 nihil
2105 2456 2410 2512 detrimenti
2432 2464 2678 2525 caperet.

2010 2552 2322 2622 ,Arrogantes
2349 2559 2394 2603 et
2418 2548 2620 2621 superbi
2647 2555 2956 2619 qtmntopere
2983 2545 3232 2617 fugiendi.
3262 2575 3327 2585 —
3353 2542 3538 2613 Neque

1944 2661 2072 2701 vero
2103 2645 2242 2699 inter
2270 2656 2427 2712 parva
2458 2651 2601 2697 recte
2627 2640 2760 2696 facta
2775 2638 3086 2694 ducendum
3121 2644 3205 2691 est
3243 2635 3425 2706 fugere
3448 2649 3530 2688 ar-

1943 2747 2195 2811 rogantes
2218 2779 2233 2801 ,
2262 2736 2385 2791 odio
2415 2735 2614 2791 habere
2638 2724 2874 2788 tumidos
2892 2738 2952 2786 .et
2979 2728 3298 2791 insolentes,
3336 2740 3538 2794 eosque

1941 2832 2232 2892 abhorrere
2259 2838 2311 2885 et
2340 2828 2572 2883 aversari
2603 2844 2616 2880 :
2647 2824 2740 2881 sed
2769 2831 2851 2878 est
2886 2822 3113 2876 maxima
3142 2818 3350 2873 virtutis
3377 2831 3536 2872 secu-

1941 2927 2099 2988 ritas,
2136 2921 2454 2977 humilitatis
2482 2916 2715 2972 maxima
2741 2912 3002 2970 custodia.
3038 2906 3218 2980 Neque
3245 2909 3296 2962 in
3325 2905 3534 2961 mirabi-

1942 3018 2070 3072 libus
2096 3032 2247 3081 super
2269 3030 2363 3068 me.
2393 3013 2560 3073 Alius,
2595 3008 2770 3079 Neque
2798 3008 2849 3060 in
2876 3022 2954 3059 me
2976 3002 3394 3072 exsuperantibus
3428 2998 3527 3070 (α).

1940 3111 1994 3166 2.
2046 3111 2108 3166 Si
2147 3126 2245 3164 non
2286 3105 2542 3161 humiliter
2572 3103 2882 3166 sentiebam,
2930 3098 3019 3152 sed
3049 3095 3266 3151 exaltari
3308 3095 3533 3148 animum

1944 3222 2131 3262 meam.
2172 3204 2226 3258 '5.
2253 3200 2399 3257 Sicut
2419 3198 2701 3252 obluctatus
2726 3204 2797 3248 est
2818 3207 2968 3260 super
2996 3200 3205 3243 matrem
3241 3203 3384 3242 suam
3406 3229 3422 3252 ,
3462 3187 3536 3240 ita

1940 3299 2181 3354 retribues
2202 3297 2253 3349 in
2279 3293 2502 3347 animum
2524 3304 2704 3344 meum.
2732 3286 2901 3347 Alius,
2926 3280 3011 3337 lta
3029 3277 3335 3336 retribuatur
3351 3277 3533 3331 anima

1941 3406 2086 3447 mete.
2119 3387 2323 3444 Dictum
2348 3392 2553 3454 estper
2576 3378 2929 3452 hyperbaton,
2964 3388 3155 3443 nempe
3180 3389 3193 3425 :
3222 3369 3279 3427 Si
3304 3384 3405 3423 non
3434 3368 3536 3423 ltu-

1942 3484 2139 3540 militer
2179 3476 2472 3536 sentiebam
2499 3516 2513 3538 ,
2556 3475 2689 3528 sicut
2733 3470 3054 3525 alilactatum
3102 3478 3265 3534 super
3309 3471 3532 3517 matrem

1943 3590 2091 3631 suam
2112 3614 2127 3638 ,
2153 3568 2249 3628 sed
2274 3567 2497 3625 exoltavi
2520 3580 2612 3620 cor
2639 3578 2814 3618 nicum
2840 3601 2855 3626 ,
2880 3560 2955 3613 ita
2986 3557 3315 3614 rrtribuatnr
3340 3552 3534 3608 animm

1942 3682 2099 3721 mete.
2128 3661 2279 3729 Quod
2308 3669 2485 3715 autem
2508 3644 2656 3722 dicit,
2679 3662 2763 3708 est
2783 3650 3044 3720 ejusmodi
3076 3666 3090 3702 :
3114 3642 3232 3701 Non
3256 3646 3428 3701 solum
3456 3642 3529 3698 fui

1944 3758 2077 3814 liber
2094 3772 2124 3810 a
2155 3754 2282 3808 vitio
2306 3793 2320 3815 ,
2350 3746 2671 3819 arrogantia,
2704 3743 2917 3812 inquam
2938 3782 2952 3808 ,
2998 3754 3103 3795 nec
3127 3738 3298 3793 solum
3330 3735 3397 3791 ab
3425 3736 3489 3791 iis
3510 3772 3526 3801 ,

1941 3850 2029 3919 qui
2060 3848 2146 3902 illa
2179 3843 2386 3916 praediti
2430 3848 2587 3904 sunt,
2637 3836 2842 3890 alienus
2875 3851 2888 3887 :
2919 3828 3271 3887 verumctiam
3311 3835 3529 3883 contrao

1942 3944 2073 3998 riam
2102 3941 2151 3997 ei
2179 3939 2427 3995 virtutem
2455 3930 2835 4004 supramodum
2867 3926 3100 3996 suscepi,
3131 3937 3324 3990 nempe
3350 3919 3529 3974 humi-

1941 4036 2141 4090 litatum
2168 4074 2184 4099 ,
2226 4027 2645 4085 moderationem
2673 4065 2688 4090 ,
2736 4018 3136 4076 contritionem.
3184 4012 3319 4068 Illud
3355 4011 3528 4080 ipsum

1940 4127 2187 4183 Christus
2214 4136 2427 4193 quoque
2453 4116 2693 4189 principii
2715 4111 2987 4180 discipulis
3011 4107 3143 4171 suis,
3166 4105 3349 4159 dicens
3373 4119 3387 4156 :
3414 4099 3514 4156 Nis

1942 4216 2169 4272 conversi
2196 4214 2421 4287 fueritis,
2451 4220 2500 4267 et
2530 4205 2813 4281 eﬁiciamini
2833 4205 2959 4258 sicut
2986 4196 3200 4269 parvuli,
3236 4212 3336 4250 non
3357 4194 3528 4263 ingrc-

1942 4309 2147 4364 diemiui
2166 4285 2374 4377 regnum
2394 4303 2630 4358 ccelorum
2654 4301 2672 4367 (
2695 4295 2877 4352 Matth.
2903 4293 2992 4349 18.
3021 4293 3054 4348 3
3071 4290 3114 4362 ).
3140 4289 3307 4352 Talis,
3335 4285 3528 4377 inquit,

1943 4400 2041 4456 fuit
2078 4414 2197 4455 mea
2223 4374 2509 4450 humilitas
2535 4433 2550 4457 ,
2599 4390 2774 4459 qualis
2816 4384 3029 4440 infantis
3054 4423 3069 4448 ,
3119 4379 3209 4450 qui
3240 4377 3436 4447 pendet
3461 4374 3531 4430 ab

1938 4494 2106 4549 ubere
2136 4490 2340 4546 matris.
2372 4481 2827 4553 Quemadmodum
2858 4476 3000 4532 enim
3032 4475 3117 4528 ille
3145 4469 3380 4524 θέωνι-οι
3411 4483 3530 4521 ma—

1942 4584 2045 4651 tri,
2076 4581 2289 4637 humilis
2310 4586 2412 4641 est,
2439 4583 2494 4632 et
2520 4572 2665 4629 omni
2695 4565 2998 4638 arrogantia
3041 4575 3239 4619 vacuus
3264 4601 3279 4624 ,
3326 4558 3452 4613 vivit
3475 4556 3529 4611 in

1943 4674 2243 4735 innocentia
2273 4683 2479 4727 summa
2505 4673 2560 4723 et
2590 4661 2968 4733 simplicitate:
2997 4658 3067 4710 ita
3093 4669 3192 4725 ego
3214 4651 3371 4708 etiam
3405 4661 3531 4719 erga

1944 4771 2110 4825 Deum
2146 4781 2232 4818 me
2257 4760 2508 4833 gerebam
2529 4799 2545 4825 ,
2577 4756 2625 4810 ei
2656 4761 2913 4824 perpetuo
2938 4746 3241 4802 adhaerens:
3269 4738 3534 4797 Ahlactati

1942 4869 2119 4916 autem
2145 4873 2252 4913 non
2265 4855 2371 4910 abs
2394 4866 2452 4909 re
2479 4848 2760 4912 meminit;
2792 4841 2887 4900 sed
2927 4839 3113 4896 volens
3143 4833 3425 4892 ostendi-re
3449 4836 3535 4887 at-

1944 4953 2256 5015 llictiunem,
2284 4945 2602 5015 angustiam,
2629 4936 2898 5002 dolorem,
2925 4935 3187 4989 malorum
3206 4926 3536 4999 magnitudi-

1945 5061 2088 5103 nem.
2140 5036 2597 5110 Quemadmodum
2628 5047 2757 5103 ergo
2796 5026 3046 5099 parvulus
3067 5066 3084 5092 ,
3132 5023 3221 5093 qui
3250 5033 3421 5089 nuper
3442 5109 3445 5110 7
3467 5017 3536 5072 ab

1946 5141 2107 5193 ubere
2132 5135 2348 5191 avulsus
2382 5139 2498 5194 est,
2542 5142 2611 5182 ne
2644 5126 2721 5181 sic
2749 5120 2966 5194 quidem
3008 5133 3038 5172 a
3082 5124 3256 5171 matre
3295 5109 3531 5175 recedit,

1940 5232 2038 5291 sed
2067 5230 2220 5293 ﬂens,
2247 5238 2488 5298 gemens,
2519 5223 2707 5291 lugens
2728 5261 2742 5282 ,
2773 5230 2915 5286 aegre
2941 5212 3119 5268 ferens
3152 5207 3251 5280 (ὁ)
3287 5215 3347 5298 et
3368 5221 3427 5260 se
3452 5202 3536 5298 af-

1942 5325 2175 5387 ﬂictans,
2204 5296 2361 5373 matri
2382 5328 2596 5384 semper
2615 5310 2872 5372 adhaeret,
2904 5318 3003 5360 nec
3022 5301 3090 5356 ab
3110 5315 3172 5356 ea
3196 5297 3398 5354 recedit
3423 5312 3436 5349 :
3467 5296 3537 5350 ita

1946 5432 2046 5487 ego
2066 5426 2298 5484 quoque,
2326 5408 2514 5478 inquit,
2536 5418 2657 5459 cum
2677 5415 2851 5455 essem
2872 5396 2925 5452 in
2942 5393 3253 5459 afﬂictione,
3276 5388 3535 5461 angustiis

2007 5548 2082 5613 (α)
2114 5554 2224 5613 περ
2244 5537 2690 5613 interpretation!
2703 5522 3540 5613 .tseta.§!'2m:§!?‘;.'lt.°:.llta°d°‘

1945 5582 2129 5663 uoii‘éni
2137 5582 2939 5665 Tiita'i'ééé'ﬁ-Eism'désidemui
2959 5593 3007 5641 in
3030 5590 3249 5665 editione
3263 5582 3443 5665 Savilit.

2601 5663 2784 5739 feretis;
2804 5657 3180 5739 (degendam),
3216 5655 3429 5705 deerant
3476 5650 3541 5699 in.

1950 5722 2135 5792 ndiéu.’
2156 5722 2257 5786 Sed
2284 5733 2330 5783 in
2355 5730 2466 5784 aliis
2487 5722 2865 5790 "exemplaribus
2889 5722 3152 5771 habentur.
