3956 6402
528 311 634 368 379

527 438 580 482 et
607 428 788 482 multis
809 428 1218 496 calamitatibus,
1250 430 1360 484 Deo
1385 446 1598 502 semper
1618 432 1837 487 adhaesi.
1867 433 1920 489 Si
1946 446 2124 491 autem

528 520 599 573 ita
628 535 732 574 non
762 520 856 585 fui,
887 521 1231 588 retribuatur,
1264 521 1458 593 inquit,
1489 540 1650 595 super
1665 527 1897 581 animam
1930 544 2124 594 meam,

535 614 636 665 hoc
662 619 763 677 est,
799 611 918 664 dem
949 610 1188 665 ultitmtm
1217 614 1557 684 supplicium.
1583 617 1638 670 4.
1672 615 1852 687 Sperat
1879 615 2046 671 Israel
2072 622 2125 672 in

528 700 746 755 Domine
771 743 788 770 ,
819 718 882 756 ea:
909 702 1002 756 hoc
1028 720 1160 758 nunc
1200 713 1245 758 et
1282 722 1438 774 usque
1465 707 1518 760 in
1545 709 1807 762 steculum.
1842 709 2003 765 Vides
2024 751 2038 777 ,
2069 720 2128 766 ut

524 792 633 847 dixi
661 797 712 848 in
745 796 1004 865 principio
1029 837 1044 862 ,
1092 797 1144 851 in
1174 798 1236 852 iis
1262 799 1475 868 quidem
1503 818 1621 871 quae
1649 804 1714 857 ad
1744 804 1901 858 fidem
1931 815 1984 860 et
2022 806 2122 860 do-

525 895 700 956 gmata
729 889 1035 958 pertinent,
1068 891 1168 944 etsi
1213 891 1356 944 nulla
1385 909 1545 947 causa
1573 895 1661 962 sit,
1707 905 1955 964 oportere
1983 899 2120 952 assi-

521 977 626 1033 due
647 978 883 1047 gloriari,
909 989 962 1034 et
987 995 1112 1034 eum
1137 982 1225 1051 qui
1259 999 1362 1037 non
1389 984 1645 1052 gloriatur
1667 987 1874 1054 perire:
1898 988 1948 1042 in
1976 999 2120 1045 recte

521 1077 700 1122 autem
737 1069 912 1136 factis,
941 1086 1063 1124 cum
1098 1079 1306 1143 tempus
1332 1075 1594 1144 postulat,
1625 1092 1728 1130 non
1763 1080 2118 1136 recusandum

522 1175 642 1216 esse
669 1162 908 1232 gloriari.
939 1162 1218 1231 Quodnam
1262 1177 1342 1220 est
1378 1176 1553 1221 autem
1587 1170 1832 1237 tempus?
1872 1171 2033 1227 Multa
2063 1184 2118 1228 et

525 1252 700 1317 varia,
729 1269 955 1322 quorum
984 1269 1148 1308 unum
1180 1264 1265 1310 est
1290 1297 1304 1320 ,
1349 1256 1572 1312 docendi
1600 1260 1920 1316 auditorem.
1963 1263 2113 1331 Quod

517 1341 606 1397 hic
633 1359 846 1413 quoque
874 1345 1073 1412 sciens,
1123 1356 1177 1402 et
1201 1349 1489 1405 ostendens
1536 1367 1595 1406 se
1645 1367 1736 1407 sua
1787 1365 1932 1410 recte
1975 1357 2111 1413 facta

519 1435 639 1490 ideo
658 1436 857 1501 dicere,
884 1448 942 1492 ut
963 1439 1260 1494 auditorem
1282 1441 1347 1496 ad
1371 1443 1452 1496 sui
1477 1443 1826 1501 imitationem
1855 1449 2107 1517 attrahat,

516 1529 791 1598 subjunxit
831 1531 1057 1586 dicens:
1092 1531 1274 1604 Speret
1314 1534 1483 1590 Israel
1522 1537 1574 1591 in
1610 1537 1828 1594 Domino
1852 1581 1868 1598 .
1915 1559 1978 1596 ea:
2016 1543 2111 1598 hoc

515 1635 651 1672 nunc
685 1630 730 1673 et
761 1637 914 1690 usque
939 1622 994 1676 in
1020 1625 1285 1678 saxulum.
1312 1625 1434 1681 Sive
1456 1668 1472 1693 ,
1521 1628 1707 1698 inquit,
1738 1631 2070 1688 calamitates
2089 1677 2104 1701 ,

513 1711 625 1764 sive
646 1713 1008 1782 aegritudines,
1032 1715 1144 1770 sive
1164 1711 1322 1785 bella,
1353 1727 1406 1772 et
1431 1720 1786 1789 captivitates,
1806 1725 1918 1780 sive
1937 1726 2109 1792 quod-

512 1820 742 1873 cumque
768 1807 907 1862 aliud
937 1823 1104 1876 grave
1131 1811 1533 1881 etinopinatum
1565 1817 1762 1870 malum
1793 1827 1844 1872 te
1869 1820 2104 1876 circum-

511 1895 744 1961 sederit,
773 1912 920 1967 Spem
952 1900 1006 1953 in
1039 1901 1203 1956 Deum
1249 1911 1304 1956 et
1337 1907 1786 1974 exspectationem
1814 1910 1956 1965 illam
1985 1919 2106 1967 tene

511 1987 738 2043 firmiter
762 2031 776 2053 ,
809 1998 862 2043 et
899 1991 1117 2046 omnino
1151 1993 1323 2049 bonus
1351 1997 1453 2050 erit
1497 1995 1589 2051 tibi
1627 1999 1746 2053 linis
1794 2010 1848 2054 et
1894 2003 2100 2072 exitus,

507 2077 620 2132 Deo
661 2079 865 2134 scilicet
909 2080 1046 2136 hanc
1080 2093 1222 2138 tuam
1251 2085 1445 2141 bonam
1491 2102 1640 2157 Spem
1671 2105 2046 2148 remunerante
2072 2110 2102 2150 a

506 2170 658 2224 malis
685 2171 779 2227 tibi
822 2172 943 2227 data
991 2173 1346 2244 liberatione,
1393 2179 1445 2233 in
1489 2179 1700 2235 Christo
1729 2181 1855 2236 Jesu
1877 2184 2102 2241 Domino

505 2271 688 2317 nostro
719 2281 732 2318 :
764 2265 848 2318 cui
869 2265 1040 2334 gloria
1069 2275 1126 2321 et
1153 2269 1432 2339 imperium
1457 2271 1510 2324 in
1538 2274 1732 2327 saecula
1759 2276 2096 2332 saeculorum.

506 2355 540 2407 Α
552 2368 697 2410 men.

929 2447 993 2502 IN
1033 2447 1358 2505 PSALMUM
1397 2451 1638 2508 CXXXI.

505 2537 532 2588 1
591 2535 842 2591 Memento
867 2579 882 2605 ,
915 2537 1134 2594 Domine
1156 2582 1170 2609 ,
1201 2542 1367 2595 David
1389 2585 1404 2612 ,
1438 2553 1482 2598 et
1509 2548 1671 2601 omnis
1702 2551 2099 2610 mansuetudinis

1219 2637 1349 2706 ejus.

576 2743 628 2796 1.
660 2742 825 2798 Mosis
848 2747 1286 2801 mansuetudo.—
1303 2748 1444 2802 Alibi
1467 2750 1679 2820 quidem
1711 2765 1899 2824 rogant
1919 2759 2094 2816 solum

502 2835 703 2889 servari
731 2851 796 2889 ex
824 2838 1084 2892 memoria
1111 2840 1374 2908 majorum
1406 2859 1418 2896 :
1453 2841 1537 2897 hic
1565 2851 1742 2899 autem
1769 2847 1906 2902 bona
1933 2862 2093 2918 opera

499 2935 754 2990 narrant,
790 2936 845 2982 et
886 2929 1027 2998 quod
1055 2937 1137 2986 est
1167 2933 1402 2987 omnium
1432 2934 1692 2990 bonorum
1720 2953 1878 2994 causa
1905 2982 1918 3005 ,
1973 2957 2092 2997 mo-

497 3018 865 3087 derationem,
907 3019 1260 3078 humilitatem
1286 3065 1300 3090 ,
1348 3027 1832 3083 mansuetudinem.
1875 3031 2000 3087 Ideo
2038 3033 2092 3088 in

498 3111 727 3165 maxima
755 3127 968 3182 quoque
992 3113 1347 3172 admiratione
1375 3117 1669 3175 habebatur
1694 3121 1886 3178 Moses.
1918 3123 2046 3178 Erat
2072 3167 2088 3193 ,

499 3201 669 3272 inquit
693 3244 706 3270 ,
755 3205 1047 3261 mitissimus
1073 3209 1299 3262 omnium
1328 3210 1588 3266 hominum
1608 3254 1622 3277 ,
1665 3216 1750 3284 qui
1772 3226 1914 3270 erant
1941 3235 2092 3288 super

497 3304 683 3348 terram
710 3293 729 3367 (
753 3294 916 3350 Num.
943 3297 1031 3350 12.
1062 3297 1152 3370 ἦ).
1179 3298 1282 3354 Sed
1305 3302 1543 3356 nonnulli
1571 3303 1804 3360 haeretici
1829 3307 1944 3377 ejus
1969 3309 2090 3364 vita:

497 3386 818 3451 institutum,
846 3396 901 3443 et
926 3387 979 3443 id
1001 3390 1142 3458 quod
1169 3391 1368 3446 dictum
1395 3403 1478 3448 est
1506 3395 1958 3466 reprehendentes
1985 3401 2084 3473 (ιι),

497 3476 703 3544 dicunt,
754 3478 892 3546 Quid
920 3479 1093 3536 dicis?
1141 3491 1256 3536 erat
1288 3483 1375 3538 ille
1413 3486 1760 3555 mitissimus,
1785 3491 1873 3560 qui
1895 3492 2089 3548 invasit

493 3569 844 3642 ngyptium,
895 3580 1097 3629 etcum
1140 3573 1445 3632 interfecit?
1476 3578 1564 3648 qui
1590 3578 1804 3636 Judaeos
1845 3583 2086 3652 implevit

492 3663 750 3736 sanguine
779 3673 834 3720 et
858 3665 1014 3721 bellis
1039 3667 1349 3724 intestinis?
1377 3669 1466 3740 qui
1486 3670 1645 3739 jussit
1675 3681 1732 3728 ut
1760 3677 2084 3747 consangui-

492 3756 578 3811 nei
603 3767 858 3828 cognatos
883 3758 1234 3814 occiderent?
1259 3761 1346 3830 qui
1375 3762 1622 3830 precibus
1647 3772 1705 3818 ut
1736 3775 1874 3821 terra
1902 3765 2085 3822 dehis-

491 3857 642 3903 ceret
666 3847 858 3915 effecit,
889 3857 944 3904 et
967 3865 998 3904 e
1025 3850 1271 3920 supernis
1315 3849 1515 3908 fulmen
1550 3852 1801 3910 deorsum
1826 3856 2080 3926 vibravit,

490 3950 544 3994 et
569 3939 693 3994 illos
719 3940 935 4009 quidem
961 3941 1285 4007 submersit,
1333 3941 1431 3999 hos
1472 3961 1600 4000 vero
1646 3949 1888 4003 exussit?
1915 3949 1961 4004 si
1995 3949 2082 4006 hic

489 4031 655 4098 mitis,
680 4032 798 4101 quis
826 4046 998 4086 saevus
1027 4041 1081 4088 et
1109 4033 1426 4089 iracundus?
1448 4036 1662 4104 Desine,
1695 4055 1868 4109 neque
1891 4055 2082 4110 super-

491 4137 725 4177 vacanea
757 4123 994 4193 loquere.
1028 4123 1179 4189 Quod
1207 4125 1348 4179 enim
1375 4136 1493 4181 erat
1531 4129 1694 4196 mitis,
1742 4141 1797 4186 et
1843 4122 2078 4189 omnium

492 4216 768 4270 hominum
791 4215 1120 4282 mitissimus,
1143 4228 1196 4272 et
1224 4218 1364 4281 dico,
1385 4235 1559 4290 neque
1580 4238 1831 4294 umquam
1858 4229 2080 4282 cessabo

485 4307 686 4374 dicere,
713 4319 767 4364 et
793 4309 837 4364 si
865 4309 1044 4375 vultis,
1070 4325 1174 4364 non
1201 4311 1415 4367 aliunde
1433 4329 1592 4384 quam
1622 4331 1687 4370 ex
1714 4315 1779 4371 iis
1799 4334 1916 4388 qua:
1937 4319 2078 4376 dicta

487 4409 610 4457 sunt
635 4401 874 4457 conabor
899 4402 1185 4458 ostendere
1224 4402 1342 4472 ejus
1384 4407 1866 4464 mansuetudinem.
1915 4412 2077 4482 Atqui

487 4503 726 4563 poteram
757 4493 936 4550 dicere
965 4509 1083 4564 quae
1109 4493 1177 4549 de
1206 4509 1393 4552 sorore
1430 4496 1498 4552 ab
1523 4511 1590 4552 eo
1622 4499 1688 4553 ad
1726 4499 1893 4556 Deum
1935 4501 2076 4560 dicta

487 4595 634 4647 sunt,
661 4586 1106 4656 supplicationem
1137 4601 1238 4655 qua
1267 4602 1365 4656 pro
1391 4589 1590 4658 populo
1619 4604 1746 4645 usus
1770 4600 1869 4656 est,
1899 4594 2075 4649 omnia

488 4676 652 4730 verba
682 4677 770 4732 illa
795 4679 1088 4748 apostolica
1114 4719 1130 4744 ,
1160 4688 1215 4734 et
1248 4679 1380 4734 caelo
1407 4679 1564 4750 digna
1589 4723 1605 4749 ,
1655 4682 2074 4740 moderationem

490 4785 594 4837 qua
615 4770 985 4838 alloquebatur
1011 4772 1285 4839 pepulum.
1316 4773 1568 4830 Poterant
1597 4775 1712 4831 hinc
1730 4777 1832 4832 dici
1858 4819 1874 4844 ,
1909 4787 1964 4833 et
1991 4777 2076 4833 his

482 4859 587 4915 alia
616 4859 775 4930 longe
799 4860 949 4930 plura
979 4865 1313 4929 enumerari;
1339 4863 1434 4918 sed
1461 4865 1505 4920 si
1535 4866 1712 4932 vultis,
1738 4867 1820 4923 his
1852 4879 2074 4938 praeter-

484 4953 696 5018 missis,
742 4967 808 5009 ex
839 4953 904 5007 iis
931 4953 1060 5023 ipsis
1083 4969 1202 5023 qua:
1229 4965 1352 5008 ante
1378 4955 1518 5010 dicta
1559 4968 1688 5012 sunt
1722 4959 2032 5016 abinimicis
2053 5005 2070 5030 ,

481 5061 580 5116 age
606 5043 952 5106 ostendamus
983 5059 1105 5100 eum
1133 5045 1296 5101 fuisse
1319 5048 1554 5102 omnium
1588 5049 1862 5106 hominum
1899 5052 2072 5110 mitis-

483 5136 704 5204 simum,
735 5151 802 5191 ex
825 5136 1017 5206 quibus
1037 5150 1160 5192 eum
1189 5150 1388 5191 saevum
1413 5177 1430 5203 ,
1475 5137 1761 5196 immanem
1786 5153 1838 5197 et
1864 5143 2074 5201 iracun-

482 5227 608 5282 dum
635 5227 848 5297 quidam
874 5243 994 5283 esse
1021 5229 1344 5284 existimant.
1368 5230 1646 5297 Quomodo
1671 5248 1800 5304 ergo
1826 5239 2074 5294 ostende-

483 5319 644 5376 mus?
677 5321 732 5376 Si
761 5322 910 5390 prius
935 5320 1338 5380 distinxerimus
1361 5364 1376 5388 ,
1421 5340 1485 5379 ac
1512 5324 1877 5384 definierimus
1897 5369 1915 5397 ,
1945 5332 2071 5401 quid

482 5414 552 5467 sit
578 5413 952 5482 mansuetudo,
980 5421 1035 5469 et
1059 5415 1187 5486 quid
1209 5414 1479 5472 ferocitas.
1507 5417 1692 5489 Neque
1722 5421 1865 5476 enim
1889 5422 2068 5490 ferire,

482 5515 565 5559 est
593 5505 839 5560 absolute
867 5505 1196 5574 ferocitatis;
1235 5525 1407 5580 neque
1437 5526 1677 5580 parcere,
1709 5518 2070 5572 mansuetudi-

485 5598 566 5652 nis
596 5615 610 5649 :
637 5597 728 5652 sed
759 5598 901 5653 mitis
928 5600 1018 5654 ille
1047 5612 1129 5656 est
1156 5643 1168 5668 ,
1219 5604 1306 5672 qui
1336 5605 1474 5660 ferre
1516 5615 1690 5674 potest
1731 5624 1850 5678 qua:
1882 5610 1933 5663 in
1961 5611 2070 5666 sei-

543 5708 732 5787 ςιρδιις
749 5712 945 5787 finietur
971 5722 1142 5766 notare
1159 5719 1455 5782 Manicbceos,
1481 5722 1564 5785 qui
1595 5721 1761 5786 legem
1789 5729 1840 5776 et
1863 5732 2068 5787 Moysem

480 5770 932 5830 reprehendebant.

1246 309 1302 370 ς.
1342 313 1624 374 JOANNIS
1660 319 2136 376 CHRYSOSTOMI
2174 322 2490 379 ARCIIIEP.
2533 327 3066 392 CONSTANTINOP.
3670 359 3743 415 330

2237 452 2386 506 psum
2419 452 2632 510 peccata
2663 455 2786 500 sunt
2819 489 2835 514 ,
2880 451 2968 520 qui
3011 452 3131 508 aliis
3175 455 3361 514 factam
3405 463 3621 534 injuriam
3660 491 3748 543 pro-

2234 529 2426 597 pulsat,
2450 541 2503 585 et
2527 533 2603 588 eis
2631 533 2731 589 fert
2751 551 2928 606 opem,
2954 550 3008 596 et
3031 554 3114 598 est
3140 547 3422 608 vehemens
3441 529 3567 612 ultor
3585 529 3745 621 eorum.

2231 623 2322 689 qui
2352 623 2544 690 probra
2587 626 2875 697 ingerunt;
2916 634 3208 702 quiautem
3249 657 3350 697 non
3396 657 3472 702 est
3507 627 3746 725 ejusmodi,

2230 711 2324 764 sed
2349 723 2431 767 est
2460 712 2623 770 hebes
2643 757 2658 782 ,
2689 717 2866 788 deses,
2895 727 3264 787 somnolentus
3286 773 3300 798 ,
3333 745 3384 790 et
3411 750 3598 796 mortuo
3623 711 3744 802 nihil;

2231 804 2420 860 melius
2445 805 2687 875 affectus,
2721 826 2825 865 non
2858 826 2940 868 est
2981 818 3124 872 mitis
3150 837 3248 876 nec
3275 839 3582 886 mansuetus.
3606 835 3746 907 Despi-

2227 908 2349 950 cere
2378 910 2472 952 eos
2497 900 2691 968 quibus
2721 903 2778 956 fit
2801 903 2993 975 injuria
3019 949 3034 974 ,
3081 925 3186 965 non
3209 913 3387 973 dolere
3408 919 3561 976 vicem
3603 900 3741 984 eorum

2225 987 2313 1055 qui
2343 987 2530 1058 injuria
2574 991 2917 1061 afficiuntur,
2965 1014 3066 1055 nec
3120 1003 3184 1057 iis
3208 1005 3360 1062 irasci
3404 1011 3488 1080 qui
3516 1016 3690 1082 probris
3709 1031 3747 1075 et

2223 1081 2562 1137 contumeliis
2585 1085 2862 1154 afficiunt,
2891 1103 3001 1145 non
3027 1103 3108 1148 est
3141 1099 3362 1165 virtutis,
3393 1103 3482 1157 sed
3513 1081 3606 1160 vitii
3633 1127 3645 1162 :
3669 1127 3746 1166 non

2221 1181 2303 1225 est
2350 1178 2805 1247 mansuetudinis,
2856 1184 2949 1239 sed
2980 1183 3223 1254 ignaviae.
3265 1192 3438 1260 Quare
3477 1197 3570 1254 hoc
3612 1201 3744 1272 ipsum

2221 1264 2456 1319 ostendit
2505 1267 2623 1337 ejus
2651 1277 3114 1333 mansuetudinem
3142 1323 3157 1348 ,
3204 1291 3259 1336 et
3306 1287 3446 1354 quod
3487 1264 3746 1349 esset-adeo

2219 1355 2434 1423 ardens,
2469 1369 2524 1413 ut
2546 1363 2829 1432 prosiliret,
2862 1383 2983 1424 cum
3029 1372 3233 1429 videret
3266 1377 3397 1433 alios
3423 1382 3594 1451 injuria
3619 1387 3744 1454 aitici,

2220 1444 2351 1500 iram
2390 1463 2488 1518 pro
2536 1451 2742 1521 justitia
2798 1474 2901 1513 non
2941 1461 3123 1518 valens
3169 1467 3420 1527 cohibere
3453 1444 3542 1528 :vat
3579 1444 3744 1546 quando

2216 1535 2330 1604 ipse
2359 1541 2498 1595 malo
2525 1543 2703 1614 aliquo
2729 1547 2948 1606 affectus
2989 1564 3108 1620 est,
3141 1573 3240 1614 nec
3266 1568 3404 1617 ultus
3423 1576 3519 1630 est,
3546 1535 3631 1623 nec
3655 1586 3744 1639 pa:-

2215 1644 2339 1683 nam
2371 1637 2639 1704 sumpsit,
2690 1654 2789 1693 nec
2827 1656 2858 1695 a
2907 1643 3260 1716 philosophia:
3285 1652 3519 1711 instituto
3545 1637 3741 1728 umquam

2213 1725 2456 1779 recessit.
2484 1727 2542 1781 Si
2579 1739 2755 1785 autem
2796 1733 2986 1790 fuisset
3027 1738 3162 1794 adeo
3186 1757 3363 1800 saevus
3389 1759 3442 1802 et
3466 1725 3739 1807 iracundus:

2212 1815 2300 1883 qui
2332 1831 2430 1886 pro
2457 1818 2578 1874 aliis
2605 1822 2741 1877 adeo
2772 1825 3200 1888 inﬂammabatur
3241 1845 3297 1891 et
3335 1842 3738 1911 excandescebat,

2211 1922 2500 1978 numquam
2527 1913 2766 1969 animum
2795 1918 3114 1990 induxisset,
3145 1935 3201 1980 ut
3227 1943 3327 1997 pro
3354 1932 3418 1986 iis
3437 1949 3548 2003 qute
3562 1937 3618 1990 ad
3642 1938 3742 2008 seip-

2209 2012 2328 2052 sum
2357 2003 2715 2072 pertinebant,
2739 2010 3038 2077 quiesceret
3066 2031 3077 2066 :
3107 2017 3200 2071 sed
3223 2027 3350 2077 tunc
3377 2026 3536 2094 magis
3556 2003 3740 2083 irritatus

2209 2093 2416 2152 fuisset.
2462 2097 2622 2155 Scitis
2651 2104 2792 2158 enim
2835 2121 2935 2161 nos
2978 2111 3170 2179 wgrius
3217 2112 3361 2171 ferre
3408 2129 3574 2173 nostra
3615 2138 3735 2191 quam

2208 2189 2403 2245 aliena.
2430 2192 2522 2247 llle
2547 2204 2745 2260 autem,
2778 2214 2898 2252 cum
2922 2202 3008 2255 alii
3030 2203 3242 2273 quidem
3267 2211 3408 2264 male
3437 2189 3734 2281 patiebantur,

2207 2297 2314 2336 non
2343 2283 2518 2339 minus
2544 2303 2702 2356 quam
2733 2290 2808 2344 illi
2832 2291 2929 2362 ipsi
2956 2296 3148 2364 quibus
3173 2301 3314 2355 male
3360 2304 3532 2371 ﬁebat,
3563 2308 3738 2363 ulcisce-

2206 2373 2359 2428 batur
2385 2392 2397 2427 :
2426 2374 2619 2432 delicta
2646 2389 2827 2434 autem
2853 2398 2973 2452 qua:
3003 2385 3055 2439 in
3087 2387 3258 2458 ipsum
3301 2392 3524 2448 admissa
3552 2395 3733 2460 fuerant,

2203 2479 2324 2519 cum
2353 2467 2586 2522 maxima
2614 2474 3053 2538 praetermittebat
3104 2478 3386 2538 tolerantia
3411 2524 3426 2548 ,
3467 2485 3515 2538 in
3559 2497 3734 2556 utroque

2202 2567 2446 2613 extremo
2471 2563 2771 2618 consistens
2792 2605 2807 2631 ,
2842 2565 2932 2620 illo
2957 2569 3170 2636 quidem
3193 2613 3207 2637 ,
3250 2589 3310 2629 se
3337 2591 3454 2630 esse
3479 2578 3616 2634 malis
3639 2579 3734 2632 inie-

2203 2662 2344 2707 stum
2369 2694 2385 2719 ,
2436 2651 2538 2708 hoc
2567 2670 2694 2710 vero
2720 2672 2778 2711 se
2828 2673 2947 2713 esse
2976 2659 3152 2716 lenem
3200 2673 3252 2718 et
3283 2669 3560 2735 patientem
3598 2679 3732 2724 osten-

2200 2743 2358 2798 dens.
2381 2743 2486 2799 Sed
2516 2745 2624 2813 dic,
2651 2762 2852 2817 quaeso,
2883 2750 3009 2818 quid
3035 2767 3157 2807 eum
3185 2753 3365 2813 facere
3388 2762 3730 2829 Oportuit?eatu

2201 2832 2476 2903 deSpicere
2497 2874 2513 2899 ,
2564 2851 2682 2906 qua:
2712 2837 3038 2896 inferebatur
3061 2883 3076 2908 ,
3121 2843 3370 2913 injuriam
3394 2848 3432 2913 ³,
3493 2861 3540 2905 et
3579 2852 3730 2905 nmium

2199 2927 2341 2998 quod
2376 2929 2673 2997 pertinebat
2710 2930 2775 2986 ad
2810 2934 3100 3002 populum?
3133 2936 3237 2993 Sed
3281 2939 3336 2994 id
3381 2958 3481 2996 non
3512 2953 3613 2998 erat
3648 2944 3732 3012 ejus

2198 3019 2289 3089 qui
2318 3019 2536 3088 regebat
2564 3022 2840 3090 pepulum,
2873 3040 2973 3080 nec
2999 3029 3245 3096 patientis
3270 3032 3491 3103 alicujus
3517 3043 3566 3089 et
3591 3035 3729 3094 mitis,

2197 3111 2292 3167 sed
2318 3111 2516 3167 desidis
2547 3123 2600 3168 et
2622 3116 2817 3183 ignavi.
2843 3115 2920 3171 Tu
2951 3128 3126 3174 autem
3154 3123 3420 3179 medicum
3443 3127 3631 3196 quidem
3653 3141 3729 3179 nou

2195 3206 2565 3276 reprehendis,
2594 3208 2685 3278 qui
2717 3209 3051 3278 putredinem
3081 3223 3247 3268 totum
3279 3231 3474 3288 corpus
3499 3233 3728 3289 permean-

2197 3305 2302 3352 tem
2329 3299 2568 3354 sectione
2588 3300 2829 3369 reprimit
2853 3318 2866 3355 :
2895 3301 3044 3358 illum
3065 3314 3241 3360 autem
3272 3308 3405 3364 dicis
3429 3326 3539 3365 esse
3556 3310 3732 3364 atrocis-

2194 3385 2387 3442 simum
2416 3429 2432 3454 ,
2463 3390 2552 3457 qui
2576 3390 2820 3446 morbum
2855 3392 3009 3463 longe
3036 3397 3320 3464 putredine
3361 3402 3634 3470 graviorem
3661 3414 3731 3469 per

2195 3487 2362 3532 totum
2389 3479 2643 3548 populum
2673 3493 3073 3550 permanentem
3106 3487 3213 3541 ictu
3243 3493 3401 3558 paulo
3425 3492 3635 3562 graviori
3658 3505 3728 3543 vo-

2193 3569 2350 3623 luerit
2376 3570 2662 3624 coercere?
2689 3572 2848 3641 Atqui
2870 3572 2984 3629 hazc
3008 3585 3130 3630 sunt
3151 3577 3347 3646 judicis
3371 3596 3472 3636 non
3501 3581 3616 3635 satis
3633 3595 3727 3634 conv

2191 3661 2428 3717 siderati.
2456 3661 2610 3718 Tanti
2635 3665 2776 3719 enim
2802 3667 2981 3737 populi
3006 3669 3339 3738 przel’ectum,
3366 3680 3420 3729 et
3444 3675 3528 3743 qui
3547 3671 3729 3728 ducebat

2189 3759 2403 3822 gentem
2429 3751 2565 3807 adeo
2590 3768 2858 3823 asperam,
2882 3755 3070 3811 duram
3098 3767 3152 3813 et
3177 3760 3578 3829 intractabilem,
3604 3775 3727 3830 opor-

2192 3845 2337 3899 tebat
2372 3846 2550 3900 statim
2579 3859 2610 3900 a
2643 3846 2902 3917 principio
2929 3849 3254 3918 reprimere,
3301 3861 3356 3909 et
3391 3856 3443 3910 in
3471 3856 3576 3924 ipso
3601 3852 3727 3908 vesti-

2188 3936 2316 3991 bulo
2331 3935 2656 4004 rescindere,
2677 3951 2744 3992 ne
2764 3937 2961 3994 malum
2981 3940 3188 4010 longius
3205 3956 3466 4014 serperet.
3489 3947 3553 4000 At
3569 3944 3726 4002 ohruit,

2187 4026 2377 4096 inquit,
2410 4027 2614 4082 Dathan
2635 4036 2690 4082 et
2719 4027 2940 4084 Abiron.
2962 4030 3099 4097 Quid
3121 4032 3252 4087 dicis
3267 4034 3293 4086 ?
3319 4035 3644 4105 oportebatne
3659 4034 3726 4087 dc-

2187 4120 2394 4190 spicere
2414 4120 2791 4189 sacerdotium,
2806 4125 3126 4192 coneulcari,
3153 4133 3208 4180 et
3235 4127 3331 4184 Dei
3358 4130 3499 4200 leges
3518 4127 3725 4190 everti,et

2186 4213 2239 4268 id
2265 4213 2408 4283 quod
2433 4214 2610 4268 omnia
2634 4215 2872 4269 continet
2899 4215 3114 4270 dissolvi
3145 4235 3158 4272 :
3189 4217 3310 4272 dico
3336 4229 3508 4275 autem
3543 4217 3726 4287 dignun.

2186 4314 2292 4360 tem
2335 4304 2659 4370 sacerdotii;
2691 4312 2745 4359 et
2771 4305 3017 4362 omnibus
3041 4306 3198 4379 adyta
3230 4309 3560 4378 patefacere,
3595 4316 3643 4363 et
3677 4319 3723 4358 ex

2185 4411 2372 4452 eorum
2399 4402 2705 4466 contemptu
2731 4397 3039 4465 permittere
3064 4407 3120 4451 ut
3146 4399 3331 4455 liceret
3361 4399 3638 4456 volentibus
3658 4410 3724 4450 sa.

2184 4500 2461 4546 crosancta
2490 4489 2808 4544 conculcare
2831 4498 2977 4559 septa
3003 4530 3019 4556 ,
3064 4500 3116 4545 et
3154 4494 3333 4547 omnia
3379 4507 3566 4562 susque
3592 4490 3727 4556 deque

2183 4597 2341 4651 agere
2356 4591 2409 4636 et
2424 4579 2690 4636 miscere?
2711 4580 2868 4649 Atqui
2886 4596 2946 4636 ea
2967 4596 3070 4636 non
3089 4591 3203 4637 erat
3216 4583 3636 4642 mansuetudinis,
3653 4574 3724 4632 sed

2183 4673 2583 4728 inhumanitatis
2612 4683 2665 4728 et
2694 4673 3020 4728 crudelitatis
3041 4715 3056 4740 ,
3089 4673 3366 4744 despicere
3395 4683 3586 4729 tantum
3613 4664 3725 4738 (μιυά

2181 4766 2456 4821 crescebat
2486 4764 2684 4818 malum
2712 4784 2726 4817 :
2757 4774 2811 4820 et
2836 4762 2962 4819 dum
2983 4764 3226 4820 ducentis
3251 4777 3511 4836 parceret,
3542 4757 3724 4832 perdere

2183 4866 2260 4912 tot
2281 4858 2464 4912 millia.
2498 4856 2593 4911 Dic
2617 4857 2757 4912 enim
2788 4856 2916 4910 mihi
2937 4897 2951 4922 ,
2984 4871 3164 4926 quaeso
3188 4898 3204 4924 ,
3252 4859 3464 4928 quando
3486 4855 3628 4927 jussit
3650 4866 3722 4920 εει

2182 4963 2310 5002 nere
2338 4945 2662 5016 propinquos
2685 4946 2960 5014 occidere,
2984 4947 3110 5017 quid
3127 4964 3249 5002 eum
3290 4949 3466 5002 facere
3498 4942 3719 5016 oportuit,

2179 5052 2304 5092 cum
2334 5037 2475 5092 Deus
2513 5038 2863 5104 irasceretur,
2892 5047 3160 5092 cresceret
3185 5038 3453 5108 impietas,
3481 5052 3589 5092 cum
3616 5029 3720 5086 nihil

2180 5138 2343 5196 esset,
2375 5128 2514 5199 quod
2545 5144 2639 5184 eos
2665 5137 2846 5199 posset
2881 5129 2948 5184 ab
2974 5129 3052 5183 ira
3091 5129 3340 5199 eripere?
3388 5129 3720 5199 permitterent:

2179 5221 2362 5276 debuit
2385 5229 2441 5275 ut
2469 5220 2621 5293 plaga
2648 5221 2876 5277 cteleStis
2906 5223 2960 5276 in
2990 5236 3176 5277 omnes
3201 5223 3366 5277 tribus
3392 5218 3716 5276 descenderet.

2178 5323 2232 5368 et
2261 5313 2508 5368 universo
2537 5312 2718 5384 generi
2744 5311 3011 5368 interitum
3039 5312 3290 5378 afferret,
3332 5323 3520 5367 etcum
3549 5304 3714 5378 Suppli-

2179 5406 2263 5461 cio
2306 5405 2574 5475 negligere
2613 5414 2886 5475 peccatum
2923 5404 3353 5460 immedicabile?
3397 5419 3464 5458 an
3503 5415 3640 5473 ptena
3677 5405 3714 5448 et

2241 5538 2261 5570 ι
2293 5535 2405 5600 Alii,
2425 5535 2672 5598 despicere
2710 5543 3007 5599 grassantem
3030 5538 3304 5600 nequitiam.
3327 5545 3487 5600 perte
3503 5545 3586 5583 non
3601 5539 3712 5600 sper;

2178 5600 2338 5649 nenda
2378 5590 2524 5648 lectio
2551 5612 2561 5647 :
2591 5590 2733 5648 erun"
2769 5612 2836 5647 ue
2875 5600 3080 5648 fortasse
3103 5590 3197 5662 ἰιιιί
3223 5596 3561 5671 praeferendam
3601 5590 3711 5639 alter!

2178 5663 2448 5708 putabunt:
2481 5661 2568 5708 sed
2591 5606 2863 5708 cumgliam
2899 5659 3101 5708 Savilius
3139 5668 3314 5708 narttet'
3358 5666 3500 5708 atque
3530 5649 3711 5703 ttorelln:

2177 5663 2448 5724 putabunt:
2481 5661 2568 5710 sed
2591 5673 2697 5709 cum
2722 5659 2863 5710 aliam
2899 5659 3101 5710 Savilius
3136 5659 3314 5724 pariter
3358 5666 3500 5724 atque
3530 5663 3639 5703 More

2177 5717 2501 5778 adhibuerim,
2542 5731 2690 5784 atque
2721 5724 2871 5789 ita_ab
2895 5717 3168 5789 lutet-preti:
3203 5723 3376 5789 lectum
3399 5722 3473 5768 sit.
3501 5729 3597 5789 eam
3619 5717 3708 5760 retr

2181 5798 2303 5835 nere
2327 5787 2481 5836 visum
2500 5793 2575 5834 est
2602 5783 2743 5835 {cum
2765 5783 2942 5850 alioqui
2966 5798 3045 5837 res
3067 5787 3128 5834 sit
3153 5784 3329 5834 mininn
3353 5783 3586 5831 momenti.
