3956 6420
254 365 342 419 579
906 350 909 355 ’
1285 352 1652 412 EXPOSITIO
1680 353 1748 408 IN
1785 355 2113 412 PSALML‘M
2154 358 2386 415 CXXXL

252 472 543 547 συμφοραῖς,
578 470 807 542 εἰχόμην
824 470 917 523 τοῦ
941 470 1099 527 Θεοῦ.
1122 472 1183 525 Εἰ
1215 471 1271 525 δέ
1305 471 1380 543 μὴ
1413 468 1587 533 οὕτως
1613 469 1783 547 ήμην,

247 557 622 628 ἀνταποδοθείη,
656 560 839 628 φησὶν,
876 558 970 613 ἐπὶ
1008 559 1105 630 τὴν
1132 558 1310 630 ψυχήν
1349 574 1473 629 μου,
1517 557 1785 616 τουτέστι.

249 653 382 721 δίκην
408 649 545 719 δοίην
579 646 676 719 τὴν
707 648 960 720 ἐσχάτην.
1020 646 1358 703 Ἐλπισὰτω
1390 643 1641 717 Ἰσραὴλ
1686 646 1787 701 ἐπὶ

248 738 340 793 τὸν
380 738 608 804 Κύριον,
645 736 765 789 ἀπὸ
803 737 910 791 τοῦ
953 736 1074 791 νῦν
1116 736 1215 791 καί
1251 736 1364 803 ἕως
1398 736 1511 791 τοῦ
1551 734 1785 803 αἰῶνος.

255 826 418 897 Ὁρᾷς,
445 826 574 895 ὅπερ
594 824 731 895 ἔφην
759 824 820 890 ἐξ
843 826 1040 898 ἀρχῆς,
1072 826 1154 881 ὅτι
1186 828 1245 880 ἐν
1274 826 1374 898 μὲν
1403 828 1516 889 τοῖς
1544 826 1673 896 περί
1696 824 1787 878 πί-

246 929 395 976 στεως
418 913 505 966 καὶ
534 912 836 983 δογμάτων,
870 914 963 967 καὶ
983 914 1162 977 αἰτίας
1191 914 1291 967 οὐκ
1319 912 1504 977 οὔσης,
1528 911 1791 982 διηνεκῶς

244 1000 313 1052 δεῖ
334 1000 641 1070 καυχᾶσθαι,
665 1000 759 1055 καὶ
784 1002 815 1055 6
843 1000 918 1073 μὴ
949 1000 1302 1072 καυχώμενος
1324 1000 1619 1054 ἀπόλωλεν·
1649 1002 1706 1053 ἐν
1730 998 1792 1054 δὲ

244 1089 340 1151 τοῖς
385 1086 762 1158 κατορθώμασι
808 1086 901 1141 τοῦ
954 1088 1095 1159 βίου,
1135 1088 1228 1142 τοῦ
1272 1087 1464 1158 καιροῦ
1498 1086 1792 1150 καλοῦντος

241 1176 469 1230 οὐδέποτε
516 1177 901 1244 παραιτεῖσθαι
944 1178 1026 1231 δεῖ
1059 1177 1120 1231 τὺ
1162 1174 1490 1248 καυχᾶσθαι.
1527 1178 1681 1240 Ποῖος
1733 1175 1792 1230 δέ

243 1267 442 1336 καιρός;
495 1266 684 1321 Πολλοὶ
732 1268 827 1322 καί¹
879 1266 1145 1339 διάφοροι,
1179 1261 1256 1321 ὧν
1313 1269 1410 1322 καί⁹
1468 1262 1550 1330 εἷς
1578 1269 1696 1321 ἐστι
1729 1266 1793 1321 τὸ

240 1353 499 1410 παιδεῦσαι
526 1355 617 1409 τὸν
640 1356 938 1427 ἀκροατήν.
974 1358 1040 1410 Ὃ
1068 1356 1130 1429 δὴ
1169 1357 1264 1409 καὶ
1298 1352 1452 1420 οὗτος
1489 1355 1665 1421 εἰδὼς,
1700 1357 1793 1411 καὶ

242 1443 450 1507 δεικνὺς,
480 1442 663 1496 ὅτιδιά
689 1442 847 1497 τοῦτο
871 1443 1018 1512 λέγει
1041 1444 1205 1497 αὐτοῦ
1235 1443 1341 1497 ⁸τά
1372 1443 1792 1514 κατορθώματα,

241 1532 313 1585 ῖνα
339 1532 422 1584 τὸν
446 1529 718 1602 ἀκροατὴν
738 1531 1108 1602 ἐπισπάσηται
1135 1533 1271 1603 πρὸς
1298 1533 1388 1586 τὸν
1412 1532 1574 1586 αὐτὸν
1610 1531 1791 1602 ζῆλόν,

239 1619 458 1688 ἐπήγαγε
495 1618 694 1687 λέγων’
747 1617 1086 1673 Ἐλπισάτω
1136 1617 1374 1686 Ἰσραὴλ
1413 1617 1510 1671 ἐπὶ
1540 1616 1649 1671 τὸν
1678 1616 1796 1671 Κύ-

235 1721 367 1773 ριον,
390 1706 503 1760 ἀπὸ
530 1706 637 1759 τοῦ
678 1706 796 1759 νῦν
825 1705 921 1759 καὶ
961 1706 1073 1774 ἕως
1101 1705 1207 1760 τοῦ
1231 1707 1466 1771 αίῶνος.
1500 1705 1621 1760 Κάν
1649 1723 1712 1758 συ
1722 1722 1791 1777 μ-

239 1792 397 1862 φοραὶ,
435 1792 587 1863 φησί,
625 1791 727 1847 κᾶν
760 1792 1009 1863 ἀθυμίαι,
1037 1792 1140 1846 κᾶν
1170 1792 1418 1864 πόλεμοι,
1456 1792 1557 1847 κᾶν
1596 1795 1796 1864 αἰχμα-

210 1873 421 1945 λωσίαι,
444 1880 546 1933 κᾶν
574 1879 754 1933 ὁτιοῦν
778 1879 889 1932 τῶν
920 1880 1198 1949 ἀδοκήτων
1221 1878 1515 1952 περισταίη
1534 1879 1722 1933 δεινῶν
1740 1879 1792 1948 δ,

238 1971 291 2023 σὺ
319 1970 409 2037 τῆς
436 1970 653 2033 ἐλπίδος
680 1969 803 2042 ἔχου
837 1972 936 2041 τῆς
966 1971 1044 2034 εἰς
1073 1970 1165 2023 τὸν
1188 1969 1341 2034 Θεὸν,
1373 1969 1467 2024 καὶ
1498 1970 1596 2039 τῆς
1626 1986 1795 2042 προσ-

234 2056 392 2120 δοκίας
434 2058 676 2126 ἐκείνης,
728 2058 824 2111 καὶ
872 2058 1090 2120 πάντως
1129 2056 1389 2128 ἐπιτεύξῃ
1420 2056 1660 2128 χρηστοῦ
1699 2056 1793 2111 τοῦ

233 2144 411 2210 τέλους,
448 2145 542 2199 τοῦ
578 2144 714 2198 Θεοῦ
754 2147 821 2217 τῇ
872 2144 1025 2198 λύσει
1052 2144 1161 2198 τῶν
1198 2145 1386 2199 δεινῶν
1429 2143 1791 2215 ἀμειϐομένου

212 2220 286 2284 ’σε
312 2234 400 2302 τῆς
428 2232 604 2303 καλῆς
636 2232 845 2303 ταύτης
879 2231 1111 2295 ἐλπίδος,
1137 2234 1195 2284 ἐν
1235 2230 1456 2303 Χριστῷ
1507 2229 1682 2303 Ἰησοῦ
1714 2229 1793 2301 τῷ

234 2319 397 2391 Κυρίῳ
424 2320 606 2391 ήμῶν,
710 2320 743 2390 ή
771 2319 897 2384 δόξα
918 2320 1012 2374 καὶ
1034 2318 1095 2372 τὸ
1118 2318 1318 2390 κράτος
1340 2320 1419 2383 εἰς
1445 2320 1570 2383 τούς
1592 2318 1793 2382 αἰῶνας

231 2406 322 2461 τῶν
352 2408 581 2463 αἰώνων.
627 2408 826 2479 Ἀμήν.
1172 2434 1177 2437 Α

484 2612 641 2687 [5⁸74]
681 2614 790 2667 ΕΙΣ
827 2612 966 2667 ΤοΝ
999 2612 1152 2666 PAA'
1188 2610 1508 2666 ΨΑΛΜΟΝ.

230 2757 539 2829 κνήσθητι,
595 2758 794 2825 Κύριε,
848 2755 956 2811 τοῦ
1018 2755 1221 2819 Δαυῒδ,
1271 2756 1371 2810 καὶ
1423 2754 1628 2823 πάσης
1682 2755 1793 2825 τῆς

701 2845 1037 2913 πραότητος
1092 2843 1301 2898 αὑτοῦ.

287 2985 350 3043 α’.
381 2986 646 3059 Ἀλλαχοῦ
682 2987 782 3057 μὲν
820 2985 928 3040 ἀπὸ
958 2985 1059 3056 τῆς
1100 2986 1323 3056 μνήμης
1360 2983 1469 3038 τῶν
1510 2983 1792 3054 προγόνων

228 3076 367 3147 μόνον
422 3077 641 3144 ἀξιοῦσι
671 3074 960 3139 σώζεσθαι·
980 3074 1214 3128 ἐνταῦθα
1238 3074 1293 3126 δέ
1311 3074 1405 3127 καὶ
1420 3072 1488 3126 τά
1511 3072 1789 3143 κατορθώ-

232 3182 357 3232 ματα
386 3165 629 3236 λέγουσι,
669 3165 764 3217 καὶ
801 3162 862 3216 τὸ
910 3161 1126 3215 πάντων
1178 3160 1352 3214 αίτιον
1398 3158 1508 3212 τῶν
1546 3159 1789 3228 ἀγαθῶν,

231 3254 514 3318 ἐπιείκειαν,
531 3249 1064 3321 ταπεινοφροσύνην,
1086 3247 1389 3319 πραότητα,
1413 3248 1469 3299 ἐν
1491 3239 1535 3313 ᾦ
1555 3246 1791 3315 μάλιστα

229 3337 539 3411 ἐθαυμάζετο
570 3339 669 3393 καὶ
694 3337 954 3407 Μωῦσῆς.
985 3333 1107 3389 Ἦν
1120 3334 1230 3404 γὰρ
1247 3334 1600 3403 πραότατος,
1634 3336 1789 3404 φησί,

226 3412 440 3481 πάντωά
459 3424 705 3495 ἀνδρῶν
732 3424 850 3478 τῶν
878 3423 976 3477 ἐπὶ
999 3421 1111 3490 τῆς
1137 3420 1267 3491 τῆς,
1345 3419 1508 3474 Ἀλλά
1522 3438 1665 3485 τινες
1681 3421 1790 3475 τῶν

223 3516 487 3587 αἱρετικῶν
524 3513 1026 3585 ἐπιλαμϐανόμενοι
1051 3512 1153 3581 τῆς
1181 3510 1455 3574 πολιτείας
1479 3510 1665 3575 αὐτοῦ,
1697 3510 1791 3564 καί⁵

223 3603 304 3656 τοῦ
330 3606 648 3678 εἰρημένου,
675 3602 808 3673 φασί
826 3618 838 3633 ’
864 3600 928 3653 Τί
953 3601 1166 3669 λέγεις;
1195 3600 1499 3671 πραότατος
1528 3601 1733 3662 ἐκεῖνος
1763 3601 1792 3652 6

221 3690 306 3758 λάξ
342 3694 561 3763 ἐναφεὶς
593 3690 671 3762 τῷ
699 3690 1000 3759 Αἰγυπτίῳ,
1033 3690 1127 3743 καὶ
1160 3686 1399 3742 ἀνελώνά
1421 3704 1437 3752 ;
1458 3689 1626 3751 ότούς
1666 3688 1791 3740 Ἰου-

222 3778 380 3844 δαίους
403 3780 686 3852 ἐμφυλίων
712 3778 995 3848 ἐμπλήσας
1016 3776 1264 3846 αἱμάτων
1304 3776 1397 3827 καὶ
1437 3774 1726 3844 πολέμων;
1760 3775 1788 3826 6

224 3870 558 3936 ωγγενικούς
591 3865 855 3929 κελεύσας
883 3862 1220 3935 ἐργάσασθαι
1251 3862 1472 3931 φόνους;
1499 3863 1529 3914 6
1554 3862 1653 3934 τὴν
1685 3863 1790 3932 γῆν

221 3958 338 4029 εὐχῇ
383 3958 601 4020 διελὼν,
642 3956 736 4010 καὶ
780 3956 1079 4027 κεραυνοὺς
1124 3953 1329 4008 ἄνωθεν
1386 3955 1413 4005 ἐ
1449 3952 1646 4022 εγκὼν,
1695 3954 1791 4006 καὶ

221 4047 330 4111 τούς
374 4047 472 4116 μέν
502 4043 931 4105 καταποντίσας,
966 4043 1093 4104 τοὺς
1127 4041 1184 4094 δὲ
1222 4039 1600 4109 καταφλέξας;
1634 4032 1791 4105 οὗτος

222 4134 264 4184 εἰ
299 4135 466 4204 πρᾶος
496 4130 594 4206 ἦν,
628 4131 713 4195 τίς
743 4130 956 4200 ὀργίλος
996 4129 1091 4183 καὶ
1130 4128 1395 4198 σκληρός;
1436 4127 1673 4192 Παῦσαι,
1713 4127 1788 4199 μὴ

223 4224 436 4293 περιττά
463 4223 729 4294 φθέγγου.
765 4220 888 4272 Ὅτι
917 4220 1089 4291 πρᾶος
1112 4214 1201 4290 ἦν,
1225 4217 1318 4272 καὶ
1343 4217 1559 4271 πάντων
1588 4217 1792 4289 ἀνθρώ-

224 4328 328 4365 πων
359 4313 689 4385 πραότατος,
722 4308 816 4363 καὶ
863 4307 1026 4376 λέγω,
1072 4308 1168 4360 καὶ
1205 4306 1303 4360 οὐκ
1351 4318 1375 4346 ο
1414 4307 1791 4378 ἀποστήσομαι

221 4395 379 4453 ταῦτα
406 4398 609 4467 λέγων.
638 4395 733 4449 καὶ
764 4397 812 4448 εἰ
835 4392 1086 4465 βούλεσθε
1115 4393 1214 4463 οὐχ
1234 4393 1520 4466 ἑτέρωθεν,
1555 4394 1669 4448 ἀλλ’
1692 4394 1789 4448 ἀπ’

220 4484 385 4539 αὐτῶν
412 4485 624 4539 τούτων
653 4482 762 4537 τῶν
792 4480 1097 4553 εἰρημένων
1124 4479 1293 4547 δεῖξαι
1327 4482 1657 4551 πειράσομαι
1690 4482 1789 4534 αὐ-

219 4570 305 4626 τοῦ
326 4573 423 4644 τὴν
448 4572 757 4644 πραότητα.
781 4569 971 4622 Καίτοι
1001 4584 1065 4636 γε
1093 4567 1218 4636 ἐνῆν
1238 4566 1416 4635 λέγειν
1445 4565 1514 4621 τά
1546 4568 1790 4638 περὶτῆς

217 4659 442 4731 ἀδελφῆς
474 4658 744 4730 εἰρημένα
781 4656 930 4728 αὐτῷ
967 4655 1104 4728 πρὸς
1142 4654 1234 4708 τὸν
1265 4654 1417 4717 Θεὸν,
1460 4654 1557 4725 τήν
1610 4658 1792 4727 ἰκετη-

222 4745 353 4815 ρίαν,
381 4748 448 4819 ην
482 4746 626 4815 ὑπὲρ
652 4744 748 4799 τοῦ
776 4744 963 4808 ἐθνους
981 4742 1236 4815 ἀνέθηκε,
1268 4744 1444 4796 πάντα
1471 4742 1539 4795 τά
1570 4744 1790 4814 ῥήματα

218 4833 392 4887 ἐκεῖνα
423 4833 496 4887 τά
528 4830 883 4893 ἀποστολικά,
924 4831 1018 4883 καὶ
1063 4828 1173 4883 τῶν
1211 4829 1457 4900 οὐρανῶν
1507 4829 1653 4896 ἄξια,
1691 4831 1790 4891 τὴν

219 4920 512 4974 ἐπιείκειαν
568 4919 684 4991 μεθ’
733 4915 801 4990 ἦς
857 4916 935 4989 τῷ
988 4918 1144 4988 δήμῳ
1178 4916 1464 4986 διελέγετο.
1505 4917 1662 4987 Ἐνῆν
1696 4919 1791 4972 καί⁵

215 5008 383 5063 ταῦτα
406 5009 609 5078 λέγειν,
639 5008 735 5063 καὶ
763 5007 923 5078 ἐτερα
950 5005 1156 5060 τούτων
1187 5005 1409 5059 πλείονα
1433 5006 1786 5078 ἀπαριθμεῖν·

218 5094 325 5148 ἀλλ’
363 5099 413 5150 εἰ
450 5095 728 5168 βούλεσθε,
761 5095 932 5149 ταῦτα
979 5094 1264 5165 παρέντες,
1304 5092 1439 5165 φέρε
1481 5097 1576 5149 ἀπ’
1609 5095 1791 5149 αὐτῶν

216 5182 411 5238 τούτων
438 5184 549 5237 τῶν
582 5183 890 5255 ἔμπροσθεν
916 5180 1221 5253 εἰρημένων
1255 5181 1406 5250 παρὰ
1441 5182 1551 5236 τῶν
1579 5182 1790 5252 ἐχθρῶν

217 5269 497 5341 δείξωμεν,
520 5272 601 5324 ὅτι
632 5271 930 5340 πραότατος
962 5264 1051 5338 ἦν,
1090 5269 1184 5337 ἀφ’
1212 5262 1287 5322 ὧν
1325 5268 1494 5340 βαρύν
1516 5270 1609 5322 καὶ
1636 5270 1793 5341 σκλη-

222 5355 308 5429 ρδν
336 5358 433 5411 καὶ
453 5357 670 5429 ὀργίλον
689 5356 851 5412 αὐτὸν
888 5352 1027 5409 εἶναι
1049 5353 1327 5426 νομίζουσί
1352 5373 1514 5421 τινες.
1542 5357 1666 5421 Πῶς
1698 5354 1792 5412 οὖν

279 5573 305 5602 ⁸
331 5573 449 5624 Sav.
470 5574 607 5624 αὐτά.

281 5632 308 5700 If
329 5635 444 5700 δαν.
469 5635 631 5700 δεινόν.
657 5634 835 5685 Melius
857 5635 977 5687 Mor.
1003 5638 1252 5700 περισταίη
1276 5638 1462 5687 δεινῶν..

279 5695 305 5758 ξ
328 5697 469 5747 Alius
488 5698 656 5758 μόνων.

280 5752 440 5826 f'_Sav.
462 5752 501 5808 δ’
516 5760 595 5826 λὰξ
617 5759 815 5826 ἐνεχθείς
834 5761 901 5826 τῷ
928 5760 1187 5826 Αἰγυπτίῳ,
1213 5760 1292 5811 καί
1311 5761 1487 5823 ἀνελὼν
1508 5760 1669 5813 αὐτόν.

277 5818 296 5842 ⁸
316 5820 411 5872 Sav
434 5854 444 5864 .
470 5820 551 5869 καὶ
574 5818 725 5884 λέγωῖ
746 5820 848 5871 οὐκ.

3361 364 3471 420 380

1886 472 2168 545 δείξομενς
2197 476 2259 528 Εἰ
2284 474 2546 547 πρότερον
2569 473 2968 545 διακρίναιμεν,
3001 490 3093 529 και
3120 475 3467 548 ὁρισαίμεθα,

1889 562 1941 615 τί
1975 562 2107 616 ποτέ
2132 563 2250 616 ἐστι
2284 564 2551 635 πραότης,
2579 564 2672 617 καὶ
2695 562 2748 616 τί
2786 563 3080 635 τραχύτης.
3115 564 3249 619 Οὐδὲ
3275 565 3386 637 γάρ
3409 566 3471 619 τὸ

1890 648 2167 720 πλήττειν,
2220 651 2558 722 τραχύτητος
2617 651 2821 714 ἁπλῶς,
2879 651 2998 704 οὐδὲ
3050 652 3111 704 τὸ
3171 653 3469 720 φείδεσθαι,

1890 740 2214 812 πραότητος·
2243 740 2376 795 ἀλλά
2405 745 2579 815 πρᾶος
2613 740 2817 803 ἐκεῖνός
2838 742 3006 805 ἐστιν,
3036 742 3065 794 6
3087 740 3155 793 τά
3186 743 3265 805 εἰς
3284 742 3473 795 ἐαυτὸν

1891 829 2340 901 πλημμελήματα
2370 830 2556 902 φέρειν
2586 829 2905 901 δυνάμενος,
2940 831 3036 885 καὶ
3065 833 3094 884 6
3119 833 3233 894 τοῖς
3253 831 3473 885 ἀδικου-

1895 928 2078 999 μένοις
2105 927 2351 1000 ἀμύνων,
2393 930 2487 983 καὶ
2523 929 2752 1000 σφοδρὸς
2777 928 2988 993 ἐκδικος
3020 929 3129 983 τῶν
3171 928 3473 1001 ἐπηρεάζου

1895 1026 2072 1097 μένων
2124 1025 2425 1097 γινόμενος·
2470 1026 2545 1091 ὡς
2586 1028 2614 1081 ὃ
2652 1044 2717 1095 γε
2751 1026 2824 1097 μὴ
2858 1024 3117 1090 τοιοῦτος,
3150 1025 3344 1097 νωθὴς,
3380 1026 3473 1079 καὶ

1893 1112 2152 1183 ὐπνηλδς,
2200 1113 2296 1167 καὶ
2333 1114 2528 1186 νεκροῦ
2563 1116 2716 1169 οὐδὲν
2754 1114 2974 1186 ἄμεινον
3019 1114 3376 1183 διακείμενος,
3410 1114 3472 1167 οὐ

1893 1202 2090 1271 πρᾶος,
2128 1201 2248 1255 οὐδὲ
2278 1202 2552 1272 ἐπιεικής.
2581 1203 2655 1255 Τὸ
2684 1203 2931 1275 παρορᾷν
2968 1202 3372 1272 ἀδικουμένους,
3412 1199 3474 1255 τὸ

1897 1288 1972 1360 μὴ
2006 1288 2192 1357 ἀλγεῖν
2242 1289 2382 1361 ὑπὲρ
2422 1288 2534 1343 τῶν
2575 1290 2966 1361 ἀδικουμένων,
3010 1288 3143 1359 μηδὲ
3172 1287 3473 1359 θυμοῦσθαι

1893 1379 2004 1439 τοῖς
2024 1376 2441 1447 ἐπηρεάζουσιν,
2470 1377 2571 1431 οὐκ
2595 1378 2818 1449 ἀρετῆς,
2844 1375 2981 1430 ἀλλά
2998 1375 3216 1438 κακίας
3239 1375 3338 1429 οὐκ
3365 1375 3475 1444 ἀρα

1895 1463 2221 1535 πραότητος,
2255 1463 2389 1517 ἀλλά
2426 1464 2672 1528 νωθείας.
2710 1464 2874 1517 Ὥστε
2912 1463 3043 1516 αὐτὸ
3076 1462 3140 1531 δὴ
3175 1461 3335 1515 τοῦτο
3373 1462 3477 1515 δεί-

1895 1569 2085 1606 κνυσιν
2115 1553 2278 1609 αὐτοῦ
2302 1551 2398 1622 τὴν
2420 1552 2725 1623 πραότητα,
2745 1553 2838 1605 καὶ
2863 1552 2944 1605 ὅτι
2968 1551 3141 1614 οὕτως
3164 1545 3230 1621 ἦν
3252 1549 3475 1622 θερμὸς,

1893 1640 1970 1703 ὡς
1991 1640 2086 1693 καὶ
2120 1640 2425 1711 προπηδᾷν,
2457 1641 2515 1692 ἐν
2542 1634 2622 1702 οἷς
2657 1640 2876 1711 ἐτέρους
2904 1637 3289 1707 ἀδικουμένους
3307 1637 3475 1708 ἐώρα,

1896 1729 2146 1799 κατέχειν
2180 1729 2241 1781 οὐ
2276 1728 2575 1799 δυνάμενος
2611 1727 2705 1797 τὴν
2737 1727 2877 1796 ὑπὲρ
2910 1727 3002 1780 τοῦ
3032 1726 3241 1779 δικαίου
3280 1726 3479 1794 ἀγανά-

1896 1834 2107 1889 κτησιν’
2133 1818 2297 1887 ήυίκα
2318 1816 2449 1885 γοῦν
2480 1817 2642 1880 αὐτὸς
2672 1816 2857 1879 κακῶς
2887 1815 3146 1886 ἔπασχεν,
3182 1814 3305 1868 οὐτε
3336 1814 3479 1886 ἠμύ-

1884 1906 2045 1969 νατο,
2074 1904 2198 1959 οὔτε
2233 1906 2474 1978 ἐπεξῄει,
2501 1904 2614 1958 ἀλλ’
2644 1907 2824 1976 ἔμεινε
2867 1905 3171 1973 φιλοσοφῶν
3193 1902 3476 1974 διηνεκῶς.

1897 1992 2049 2067 [575]
2079 1994 2141 2047 Εἰ
2172 1994 2228 2047 δὲ
2255 1995 2461 2065 τραχὺς
2480 1988 2569 2063 ἦν,
2592 1994 2686 2047 καὶ
2714 1992 2952 2064 ὀργίλος,
2973 1998 3073 2049 οὐκ
3102 1992 3169 2046 ἂν
3195 1991 3336 2062 ὑπὲρ
3366 1992 3482 2044 ἐτέ-

1897 2098 2007 2151 ρων
2032 2081 2060 2133 6
2085 2078 2225 2133 οῦτω
2246 2079 2382 2143 ζέων
2410 2081 2501 2134 καὶ
2528 2080 3061 2151 διαθερμαινόμενος,
3090 2079 3231 2150 ὑπὲρ
3250 2078 3359 2132 τῶν
3384 2079 3481 2132 αὐ-

1895 2166 1989 2219 τοῦ
2023 2165 2089 2220 ἂν
2118 2167 2441 2233 κατεδέξατο
2469 2167 2761 2238 ήσυχάσαι,
2792 2166 2926 2220 ἀλλά
2967 2166 3101 2220 πολύ
3135 2166 3334 2237 μᾶλλον
3358 2166 3481 2218 τότε

1895 2252 1961 2308 ἂν
1989 2253 2320 2325 ἐξηγριώθη.
2357 2256 2501 2308 Ἴστε
2532 2257 2661 2326 γὰρ,
2685 2256 2764 2308 ὃτι
2790 2255 2987 2325 μᾶλλον
3009 2255 3101 2309 ἐπὶ
3130 2257 3241 2318 τοῖς
3259 2255 3481 2317 οἰκείοις

1895 2342 1930 2413 ἢ
1953 2344 2065 2406 τοῖς
2094 2342 2396 2414 ἀλλοτρίοις
2422 2343 2718 2414 ἀλγοῦμεν.
2766 2343 3003 2403 Ἐκεῖνος
3032 2342 3089 2396 δὲ
3116 2340 3225 2396 τῶν
3261 2343 3363 2413 μὲν
3384 2342 3509 2396 άλ-’

1894 2431 2002 2485 λων
2033 2431 2349 2501 πασχόντων
2376 2431 2584 2494 κακῶς,
2621 2432 2798 2485 αὐτῶν
2836 2432 2937 2485 οὐκ
2971 2429 3192 2485 ἔλαττον
3238 2430 3346 2484 τῶν
3378 2448 3482 2484 πα-

1898 2519 2137 2590 σχόντων
2159 2518 2418 2590 ήμύνετο·
2451 2519 2521 2572 τὰ
2544 2519 2602 2572 δέ
2635 2521 2716 2582 εἰς
2738 2519 2902 2573 αὐτὸν
2934 2519 3192 2590 γινόμενα
3222 2518 3482 2590 πλημμε-

1895 2605 2115 2676 λήματα
2153 2606 2293 2678 μετά
2339 2605 2541 2678 πολλῆς
2581 2607 2886 2678 παρέτρεχε
2929 2609 3029 2679 τῆς
3070 2608 3388 2680 καρτερίας,
3422 2610 3483 2659 ἐν

1894 2693 2175 2765 ἑκατέροις
2204 2694 2374 2766 ἄκρος
2411 2693 2509 2760 ὢν,
2549 2695 2643 2748 καὶ
2664 2695 2742 2766 τῷ
2776 2697 2874 2767 μὲν
2895 2696 2958 2749 τὸ
2990 2697 3373 2766 μισοπόνηρον,
3405 2695 3484 2765 τῷ

1893 2781 1957 2835 δέ
1983 2782 2045 2834 τὸ
2083 2782 2440 2853 μακρόθυμον
2480 2782 2941 2851 ἐπιδεικνύμενος.
2998 2783 3158 2837 Ἀλλά
3203 2784 3254 2836 τί
3308 2785 3482 2837 ποιεῖν

1894 2870 2086 2940 ἐχρῆν,
2117 2870 2241 2923 εἰπέ
2277 2888 2401 2940 μοι;
2444 2872 2707 2941 περιορᾷν
2737 2870 2835 2941 τὴν
2870 2871 3085 2924 ἀδικίαν
3114 2869 3132 2908 ί
3167 2871 3478 2941 γινομένην,

1895 2958 1990 3010 καὶ
2033 2959 2113 3020 εἰς
2147 2957 2209 3010 τὸ
2239 2957 2441 3027 πλῆθος
2478 2957 2726 3011 ἐκϐαῖνον
2754 2956 2815 3010 τὺ
2845 2957 3048 3023 κακόν;
3094 2958 3231 3011 Ἀλλ’
3275 2960 3375 3011 οὐκ
3412 2954 3481 3028 ἦν

1893 3044 2051 3097 τοῦτο
2081 3043 2436 3113 δημαγωγοῦ,
2472 3044 2593 3098 οὐδὲ
2621 3043 2976 3115 μακροθύμου
3003 3045 3147 3108 τινὸς
3180 3046 3273 3099 καὶ
3303 3048 3483 3113 ἀνεξι-

1895 3131 2090 3199 κάκου,
2120 3130 2254 3185 ἀλλά
2275 3131 2483 3202 νωθροῦ
2506 3132 2600 3185 καὶ
2617 3131 3090 3193 ἀνα-πεπτωκότος.
3122 3134 3194 3185 Σὺ
3217 3133 3273 3186 δέ
3312 3133 3482 3204 ἰατρῷ

1898 3220 1997 3289 μὲν
2047 3219 2149 3273 οὐκ
2199 3218 2451 3288 ἐγκαλεῖς
2508 3218 2607 3290 τὴν
2662 3219 2929 3284 σηπεδόνα
2969 3220 3288 3289 βαδίζουσαν
3340 3223 3482 3276 κατὰ

1896 3309 2100 3374 παντὸς
2129 3308 2225 3364 τοῦ
2259 3307 2509 3379 σώματος
2551 3308 3032 3380 προαναστέλλοντι
3061 3311 3124 3380 τῇ
3154 3313 3316 3380 τομῇ,
3340 3312 3481 3364 ἐκεῖ-

1894 3420 1984 3457 νον
2018 3404 2074 3457 δὲ
2112 3402 2447 3476 τραχύτατον
2474 3398 2613 3457 εἶναι
2645 3402 2771 3473 φῂς,
2801 3401 2894 3455 τὸν
2926 3402 3080 3457 νόσον
3104 3403 3283 3475 πολλῷ
3313 3420 3482 3477 σηπε-

1893 3496 2044 3558 δόνος
2076 3494 2465 3565 χαλεπωτέραν
2504 3493 2645 3547 κατά
2687 3493 2890 3556 παντὸς
2934 3492 3163 3566 ῥέουσαν
3188 3494 3282 3548 τοῦ
3308 3495 3482 3566 δήμου

1896 3582 2225 3654 βουληθέντα
2279 3582 2626 3653 ἀναχαιτίσαι
2678 3581 2861 3653 πληγῇ
2911 3582 3258 3654 τραχυτέρᾳ;
3320 3583 3481 3638 Ἀλλά

1892 3668 2068 3723 ταῦτα
2088 3668 2401 3740 ἀγνώμονος
2420 3668 2694 3722 δικαστοῦ.
2720 3669 2823 3722 Τὸν
2849 3669 2958 3740 γὰρ
2980 3670 3287 3741 προστάτην
3306 3671 3368 3742 δή
3377 3690 3478 3741 μου

1894 3756 2172 3822 τοσούτου,
2205 3757 2301 3810 καὶ
2321 3755 2472 3818 ἔθνος
2495 3754 2636 3808 οὕτω
2664 3755 2897 3827 σκληρὸν
2919 3757 3136 3824 ἄγοντα,
3161 3759 3254 3811 καὶ
3279 3761 3477 3829 τραχὺ,

1894 3845 1986 3897 καὶ
2027 3844 2296 3913 δυσήνιον,
2329 3845 2388 3897 ἐν
2423 3842 2727 3913 προοιμίοις
2778 3843 3122 3897 ἀναστέλλειν
3156 3846 3345 3916 ἐχρῆν,
3383 3848 3478 3900 καὶ

1891 3932 1956 3984 ἐκ
1990 3931 2278 4005 προθύρων
2324 3930 2674 3995 ἀνακόπτειν,
2705 3928 2846 3983 ὥστε
2891 3932 2965 4002 μὴ
2990 3933 3300 4005 περαιτέρω
3339 3951 3477 4005 προ-

1890 4022 2095 4075 ϐαίνειν
2142 4022 2168 4061 3
2196 4020 2256 4073 τὸ
2289 4019 2480 4073 δεινόν.
2542 4019 2704 4073 Ἀλλά
2752 4019 3032 4086 κατέδυσε,
3074 4020 3224 4090 φησὶ,
3282 4020 3476 4084 Δαθάν,

1894 4111 1990 4165 καὶ
2032 4108 2310 4180 ’Λϐειρών.
2352 4110 2417 4162 Τί
2447 4108 2664 4178 λέγεις;
2696 4109 2790 4161 καὶ
2813 4108 2922 4161 έδει
2953 4109 3215 4181 περιιδεῖν
3250 4111 3477 4181 ίερωσύ·

1892 4215 1991 4268 νην
2029 4196 2398 4266 πατουμένην,
2445 4197 2539 4249 καὶ
2569 4194 2704 4248 Θεοῦ
2746 4195 2945 4267 νόμους
2982 4197 3476 4268 ἀνατρεπομένους,

1894 4286 1989 4338 καὶ
2020 4285 2080 4338 τὸ
2107 4284 2329 4355 συνέχον
2364 4283 2582 4338 ἅπαντα
2610 4284 2974 4355 διαλυόμενον,
3016 4284 3158 4353 λέγω
3183 4285 3247 4356 δὴ
3283 4285 3345 4337 τὸ
3376 4287 3478 4355 τῆς

1897 4372 2199 4445 ἱερωσύνης
2233 4371 2471 4442 ἀξίωμα,
2498 4372 2590 4424 καὶ
2619 4373 2754 4425 πᾶσι
2782 4371 2919 4440 βατά
2946 4373 3169 4441 ποιῆσαι
3196 4373 3264 4425 τά
3285 4373 3475 4436 ἀδυτα,

1893 4461 1986 4513 καί
2023 4460 2131 4513 ἀπὸ
2171 4458 2272 4528 τῆς
2307 4458 2434 4528 περὶ
2468 4458 2694 4521 τούτους
2737 4458 3010 4528 ῥᾳθυμίας
3053 4458 3330 4528 προθεῖναι
3362 4463 3477 4525 τοῖς

1896 4546 2240 4618 βουλομένοις
2273 4546 2396 4608 τούς
2432 4546 2611 4617 ῖερούς
2647 4548 2980 4598 καταπατεῖν
3010 4545 3348 4615 περιϐόλους,
3382 4551 3476 4602 καὶ

1894 4638 2072 4691 πάντα
2098 4635 2209 4690 ἀνω
2240 4635 2335 4689 καί⁵
2360 4635 2511 4689 κάτω
2531 4633 2807 4702 γίνεσθαι;
2851 4634 3011 4688 Ἀλλά
3036 4636 3210 4689 ταῦτα
3241 4637 3477 4707 μάλιστα

1897 4724 2203 4795 πραότητος
2227 4723 2326 4776 οὐκ
2344 4718 2434 4792 ἦν,
2467 4720 2602 4775 ἀλλά
2632 4721 3026 4793 ἀπανθρωπίας
3054 4724 3147 4777 καὶ
3172 4724 3475 4797 ὠμότητος,

1891 4812 1952 4865 τὸ
1988 4810 2247 4882 περιιδεῖν
2280 4807 2533 4864 τοσοῦτον
2563 4808 2732 4862 κακὸν
2763 4809 3079 4881 αὐξόμενον,
3110 4812 3203 4866 καὶ
3230 4814 3478 4884 φειδόμεο

1895 4918 1985 4953 νον
2031 4898 2339 4963 διακοσίων,
2381 4898 2643 4952 ἀπολέσαι
2696 4899 2960 4970 μυριάδας
3009 4901 3299 4965 τοσαύτας.
3341 4903 3475 4954 Εἰπὲ

1895 4985 2003 5057 γάρ
2045 5002 2156 5057 μοι,
2185 4986 2273 5039 ὅτε
2305 4984 2556 5039 ἐκέλευσε
2585 4983 2785 5054 σφάξαι
2825 4987 2951 5050 τούς
2982 4990 3392 5059 προσήκοντας,
3424 4988 3477 5041 τί

1895 5076 2119 5146 ποιῆσαι
2149 5074 2335 5146 ἐχρῆν,
2365 5073 2721 5146 ὀργιζομένου
2760 5075 2916 5141 Θεοῦ,
2946 5076 3044 5147 τῆς
3082 5076 3336 5140 ἀσεϐείας
3382 5078 3477 5131 αὐ-

1898 5162 2150 5234 ξομένης,
2178 5162 2394 5225 οὐδενὸς
2425 5160 2577 5225 ὄντος
2607 5161 2700 5215 τοῦ
2725 5162 3021 5233 δυναμένου
3045 5166 3144 5233 τῆς
3178 5163 3347 5234 ὀργῆς
3376 5166 3476 5217 af.-

1892 5252 2019 5314 τούς
2046 5250 2384 5322 ἐξαρπάσαις
2420 5251 2633 5318 ἀφεῖναι
2655 5251 2751 5320 τὴν
2772 5253 2836 5304 ἐκ
2864 5250 2970 5305 τῶν
2999 5251 3240 5323 οὐρανῶν
3269 5251 3477 5324 πληγήν

1894 5343 1988 5395 ἐπὶ
2031 5340 2128 5404 τὰς
2186 5340 2359 5409 φυλὰς
2405 5340 2623 5402 ἁπάσας
2661 5338 2965 5411 ἐνεχθῆναι,
2997 5342 3093 5394 καὶ
3132 5341 3477 5414 πανωλεθρίᾳ

1895 5429 2230 5500 παραδοῦναι
2276 5428 2338 5481 τὸ
2379 5429 2553 5496 γένος,
2601 5426 2695 5480 καὶ
2728 5428 2866 5497 μετά
2890 5430 2989 5498 τῆς
3014 5429 3285 5494 κολάσεως
3317 5447 3381 5483 πε
3393 5448 3475 5502 ρι-

1900 5517 2026 5571 ιδεῖν
2057 5517 2152 5570 καὶ
2172 5516 2268 5587 τὴν
2289 5516 2561 5586 ἁμαρτίαν
2584 5515 2802 5570 ἀνίατον
2826 5518 3116 5589 γινομένην
3136 5537 3149 5585 ;
3185 5519 3216 5591 ἢ
3238 5518 3472 5591 τιμωρίᾳ

1965 5752 1984 5794 ί
2007 5755 2104 5804 Alii
2122 5755 2204 5809 τήν
2226 5753 2411 5803 κακίαν.

1959 5819 1985 5858 ⁸
2011 5817 2121 5867 Sav.
2146 5817 2399 5881 προϐῆναι,
2422 5821 2477 5868 el.
2498 5814 2623 5869 infra
2644 5819 2721 5868 καὶ
2746 5817 2804 5867 τὸ
2820 5820 3015 5884 συνέχον
3038 5821 3181 5874 ἄτιον.
