3956 6412
164 347 255 403 εει

161 460 307 513 cule
333 470 629 530 paucorum
658 467 940 522 corporum
968 459 1022 507 et
1052 460 1324 523 precanum
1355 455 1423 509 de
1452 453 1629 510 medio
1651 454 1750 511 tol-

163 550 275 604 lere
300 591 316 613 ,
344 559 397 602 et
426 549 562 602 iram
593 554 832 601 avertere
855 584 871 611 ,
924 543 1194 613 Deumque
1215 542 1437 599 reddere
1462 546 1750 615 propitium

163 641 251 704 iis,
281 640 371 710 qui
402 639 530 693 talia
568 636 938 692 admiserant?
961 635 1017 691 Si
1041 636 1111 689 ita
1138 637 1522 691 examinavcris
1564 652 1682 706 qua:
1720 651 1750 690 a

161 734 311 802 justo
340 732 473 785 facta
501 741 642 797 sunt,
673 746 737 785 ex
764 744 829 786 eo
850 730 1078 785 maxime
1098 727 1301 784 videbis
1323 744 1445 783 eum
1468 730 1629 785 fuisse
1654 730 1754 786 tui-

165 825 453 878 tissimum.

235 914 292 971 2.
321 914 428 969 Sed
466 914 579 968 hzec
608 928 675 967 ex
699 914 762 967 iis
787 928 904 982 qua!
924 912 1060 968 dicta
1092 919 1217 967 sunt
1241 912 1476 968 sinentes
1503 913 1752 969 studiosis

164 1023 473 1072 recensere,
498 1023 563 1061 ne
589 1023 650 1061 ea
671 1048 686 1071 ,
718 1021 837 1076 qua:
857 1006 1030 1059 obiter
1054 1005 1382 1073 aﬂ'eruntur,
1416 1006 1522 1059 sint
1551 1006 1750 1073 majora

164 1103 234 1156 iis
257 1117 379 1172 quae
406 1110 530 1156 sunt
554 1102 603 1153 in
636 1100 880 1153 manibus
897 1138 911 1161 ,
950 1097 1014 1152 ad
1043 1098 1093 1152 id
1119 1098 1258 1168 quod
1283 1105 1368 1153 est
1389 1097 1540 1153 nobis
1562 1112 1754 1167 propo-

166 1195 328 1247 situm
355 1232 369 1256 ,
423 1201 777 1245 revertamur.
821 1188 957 1254 Quid
991 1200 1105 1243 erat
1150 1195 1326 1244 autem
1374 1188 1749 1258 propositum:

164 1284 423 1339 Memento
446 1323 461 1348 ,
513 1280 758 1347 Domine,
815 1279 1011 1343 David,
1060 1288 1109 1333 et
1155 1280 1318 1333 ontnis
1356 1278 1754 1332 mansuetudinis

162 1380 273 1443 eius
295 1392 315 1431 :
336 1377 394 1430 2.
423 1377 550 1429 sicut
579 1374 774 1446 juravit
805 1372 1025 1426 Domino
1046 1413 1060 1435 ,
1093 1381 1261 1424 ratum
1287 1371 1413 1424 vovit
1439 1367 1548 1423 Deo
1568 1368 1750 1425 Iacob.

161 1473 297 1526 Cum
324 1468 687 1540 proposuisset
703 1466 883 1520 dicere
905 1464 971 1520 de
993 1463 1418 1529 mansuetudine,
1442 1464 1506 1517 iis
1536 1471 1757 1532 prteter-

162 1564 346 1619 missis
376 1578 496 1633 quac
522 1560 665 1617 Sauli
695 1559 922 1626 fecerat,
952 1574 1070 1628 quae
1097 1557 1345 1611 fratribus
1370 1597 1385 1622 ,
1430 1570 1551 1626 qua:
1586 1553 1755 1609 Jona-

164 1656 290 1718 tbzc,
324 1655 522 1708 omissa
565 1652 694 1707 item
727 1650 977 1720 patientia
1003 1663 1108 1718 qua
1130 1663 1257 1702 usus
1279 1654 1391 1702 erat
1419 1647 1469 1700 iu
1501 1645 1752 1711 militem,

161 1749 251 1818 qui
281 1761 405 1800 emn
432 1742 746 1833 aSpergebat
767 1740 917 1795 mille
942 1740 1150 1808 probris
1170 1752 1232 1793 ac
1252 1736 1570 1833 maledictis,
1598 1743 1652 1791 et
1672 1734 1755 1790 bis

164 1840 322 1909 longe
355 1826 628 1906 pluribus,
678 1832 746 1887 ad
789 1830 933 1885 aliud
970 1840 1128 1900 caput
1153 1828 1367 1884 deducit
1412 1826 1750 1894 orationem,

163 1932 305 2001 quod
349 1929 638 1984 maximum
700 1928 752 1980 in
780 1940 840 1980 se
892 1924 1066 1979 zelum
1115 1931 1169 1978 et
1206 1921 1452 1977 ardorem
1495 1921 1754 1975 continet.

162 2026 341 2091 Quare
365 2035 492 2089 ergo
518 2021 616 2074 hoc
638 2016 808 2074 facit?
836 2016 1047 2071 Duabus
1066 2014 1136 2071 de
1153 2014 1328 2069 causis
1353 2033 1367 2070 :
1390 2029 1492 2068 tina
1518 2012 1752 2082 quidem,

162 2114 415 2184 quoniam
456 2112 596 2166 Deus
638 2125 703 2165 eo
746 2110 977 2164 maxime
1026 2108 1323 2162 delectatur
1356 2124 1369 2160 :
1400 2104 1571 2175 Super
1609 2119 1757 2176 quem

162 2205 315 2270 enim,
352 2203 554 2274 inquit,
582 2201 874 2273 respiciam,
902 2200 999 2254 nisi
1029 2215 1179 2268 super
1205 2207 1519 2253 mansuetum
1541 2205 1589 2251 et
1612 2197 1756 2267 quie-

161 2309 291 2360 tum,
316 2303 368 2350 et
391 2303 679 2347 trementem
700 2291 848 2346 rei-ba
879 2307 988 2345 mea
1016 2288 1185 2362 (lsai.
1214 2289 1298 2346 66.
1333 2288 1444 2360 2)?
1472 2288 1576 2343 alia
1607 2301 1753 2354 vero,

160 2388 413 2459 quoniam
441 2385 543 2441 hoc
585 2385 725 2456 quod
767 2384 1000 2439 maxime
1029 2382 1290 2453 urgebat,
1339 2397 1533 2452 nempe
1574 2379 1755 2450 templi

159 2479 530 2545 constructio,
580 2485 638 2534 et
665 2477 894 2532 civitatis
919 2474 1235 2540 atdilicatio,
1279 2485 1332 2530 et
1358 2474 1559 2545 antiqui
1587 2481 1758 2527 status

162 2571 474 2641 reipublicae
501 2568 766 2624 restitutio
786 2608 802 2634 ,
843 2565 911 2621 ad
940 2565 1042 2621 hoc
1066 2566 1298 2621 maxime
1342 2564 1521 2634 dirigit
1558 2563 1756 2618 oratio-

161 2679 310 2727 nem,
341 2669 398 2715 et
430 2659 555 2716 illud
583 2659 796 2729 quidem
827 2656 1205 2728 praetermittit,
1236 2665 1293 2711 ut
1320 2654 1462 2726 quod
1491 2657 1556 2709 sit
1590 2655 1759 2709 mani-

161 2758 359 2811 festum
401 2763 459 2811 et
494 2753 547 2807 in
586 2749 834 2807 confesso
863 2767 878 2806 :
907 2749 1116 2821 cognita
1159 2748 1303 2804 enim
1348 2756 1464 2802 erat
1504 2748 1751 2802 omnibus

160 2851 279 2920 ejus
300 2846 687 2912 mansuetudo;
715 2845 765 2900 id
789 2853 968 2900 autem
991 2858 1099 2916 quo
1118 2843 1351 2899 maxime
1369 2857 1504 2912 Opus
1526 2840 1748 2895 habebat

159 2942 229 2997 ad
268 2956 427 2996 suum
474 2937 772 2994 institutum
801 2978 818 3004 ,
872 2936 923 2992 id
956 2936 1007 2990 in
1056 2935 1292 2991 medium
1342 2931 1573 2989 adducit.
1618 2930 1757 2999 Quid

161 3036 305 3092 enim
352 3033 534 3088 videre
577 3031 902 3101 cupiebant?
932 3028 1211 3100 Templum
1248 3029 1535 3085 excitatura
1560 3067 1576 3093 ,
1604 3034 1757 3081 vete-

161 3141 361 3196 resque
403 3127 536 3180 ritus
568 3131 623 3178 et
656 3122 988 3178 ceremonias
1015 3121 1305 3176 restitutas.
1338 3118 1599 3186 Quoniam
1630 3131 1758 3187 ergo

166 3220 339 3275 David
378 3226 490 3274 erat
526 3231 589 3272 ea
635 3231 694 3272 re
740 3214 972 3270 maxime
1023 3212 1264 3283 insignis,
1314 3210 1456 3267 illius
1503 3208 1661 3265 studii
1704 3216 1763 3264 et

162 3309 332 3366 animi
363 3308 509 3379 quasi
536 3305 1023 3362 remunerationem
1054 3305 1240 3373 petita
1270 3301 1380 3356 Deo
1406 3299 1588 3370 templi
1630 3298 1756 3354 a-di~

162 3402 494 3465 licationem,
516 3410 571 3456 et
593 3399 724 3455 dicit
752 3418 767 3455 :
796 3396 1070 3465 Memento,
1100 3394 1338 3459 Domine,
1365 3392 1552 3460 David,
1580 3402 1628 3447 et
1648 3407 1758 3445 om-

159 3500 242 3553 nis
279 3492 684 3551 mansuetudinis
722 3494 832 3560 eius
858 3507 878 3546 :
915 3492 1042 3547 sicut
1071 3490 1263 3561 iuravit
1302 3486 1560 3552 Domino,
1587 3496 1759 3540 votum

158 3591 293 3645 posit
318 3586 431 3642 Deo
448 3585 629 3640 Iacob.
659 3586 713 3640 '5.
738 3584 799 3639 Si
823 3583 1064 3637 introiero
1088 3582 1141 3635 in
1172 3578 1549 3635 tabernaculum
1578 3576 1759 3631 domus

159 3696 309 3746 mea,
332 3680 379 3734 si
396 3677 670 3732 ascendere
687 3677 741 3730 in
760 3676 945 3730 lectum
965 3673 1112 3727 strati
1135 3673 1251 3739 mei,
1273 3672 1325 3726 Δ.
1346 3671 1390 3725 si
1417 3671 1602 3724 dedero
1622 3684 1759 3723 som-

158 3790 286 3828 num
310 3771 473 3826 oculis
497 3770 640 3833 meis,
671 3778 719 3822 et
741 3765 994 3838 palpebris
1023 3765 1145 3820 meis
1169 3762 1597 3827 dormitationem,
1629 3760 1684 3815 5.
1706 3768 1757 3813 et

157 3864 386 3933 requiem
401 3861 705 3931 temporibus
722 3859 866 3923 meis,
887 3857 1044 3911 donec
1062 3855 1312 3910 inveniam
1333 3855 1498 3909 locum
1517 3850 1752 3921 Domino,

158 3955 547 4011 tabernaculum
564 3951 673 4006 Deo
698 3950 879 4005 Iacob.
906 3950 966 4004 Et
991 3947 1116 4019 quid
1139 3948 1239 4001 hoc
1259 3946 1324 4000 ad
1350 3955 1402 4001 te
1426 3946 1450 4000 ?
1471 3944 1754 4011 Quoniam,

160 4047 363 4118 inquit,
395 4046 462 4101 ab
488 4061 555 4101 eo
582 4058 749 4115 genus
775 4043 921 4105 duxi,
949 4052 1002 4095 et
1027 4042 1280 4112 quoniam
1307 4055 1424 4094 cum
1451 4038 1542 4095 tibi
1571 4037 1759 4092 fuisset

157 4152 444 4209 acceptum
471 4137 586 4207 ejus
613 4136 843 4190 studium
871 4142 928 4189 et
953 4130 1225 4203 diligentia
1249 4171 1265 4198 ,
1312 4130 1493 4185 dixisti
1540 4140 1592 4186 te
1640 4132 1758 4200 ejus

155 4246 338 4305 genus
375 4240 427 4284 8|.
471 4245 691 4300 regnum
736 4236 1037 4282 erecturum
1070 4244 1083 4278 ε
1124 4234 1406 4295 propterea
1445 4224 1560 4279 hare
1605 4236 1754 4295 ριιοιει

156 4334 431 4382 conventa
461 4336 604 4378 nunc
627 4338 657 4376 a
684 4330 736 4377 te
760 4320 1043 4391 exigimus.
1066 4319 1182 4373 Non
1206 4319 1340 4373 dixit
1357 4328 1558 4387 autem,
1579 4318 1759 4375 Donec

156 4418 509 4475 mdilicavero
528 4414 665 4486 (hoc
679 4414 822 4469 enim
845 4428 952 4468 non
974 4411 1148 4468 fuerat
1163 4412 1211 4467 ei
1233 4410 1611 4482 permissum),
1639 4412 1757 4480 sed,

158 4510 345 4566 Donec
369 4508 602 4562 invenero
631 4504 796 4559 locum
825 4502 1041 4557 Domino
1069 4513 1114 4557 et
1135 4503 1534 4557 tabernaculum.
1560 4503 1759 4559 Deinde

156 4616 293 4658 eum
320 4597 537 4670 quidem
565 4596 653 4667 qui
680 4603 765 4652 est
787 4593 1146 4649 arditlcaturus
1175 4595 1412 4665 praeterit
1441 4637 1455 4648 .
1482 4610 1605 4648 eum
1633 4610 1759 4650 vero

159 4693 261 4766 qui
286 4698 373 4747 est
400 4687 703 4760 pollicitus,
735 4687 787 4741 in
814 4684 1046 4740 medium
1072 4684 1309 4752 adducit,
1342 4694 1399 4740 ut
1422 4686 1561 4741 scias
1591 4702 1759 4757 quan-

159 4798 281 4841 tum
309 4784 508 4839 bonum
531 4780 600 4835 sit
620 4786 798 4835 rectus
823 4776 1056 4845 animus,
1084 4785 1139 4832 et
1163 4777 1434 4847 quomodo
1458 4779 1599 4833 Deus
1618 4794 1759 4833 sem-

158 4895 268 4950 per
295 4873 636 4932 consueverit
661 4881 808 4927 recto
834 4870 995 4924 animi
1024 4870 1263 4924 instituto
1290 4878 1346 4925 et
1385 4870 1540 4926 bonae
1570 4871 1760 4925 volun-

157 4972 264 5027 tati
292 4966 596 5025 mercedem
617 4964 943 5020 constituere
975 4979 989 5016 :
1017 4971 1072 5018 et
1120 4963 1243 5019 ideo
1277 4965 1394 5033 ejus
1428 4966 1602 5036 potius
1642 4981 1759 5021 me-

157 5063 351 5130 minit,
384 5059 634 5130 quoniam
663 5058 776 5128 ipse
817 5065 902 5113 est
930 5055 1106 5127 potius
1131 5057 1218 5127 qui
1252 5057 1567 5125 mditicavit,
1600 5075 1759 5130 quam

160 5155 336 5210 ﬁlius.
366 5151 466 5208 Hic
488 5149 632 5206 enim
674 5149 942 5220 pollicitus
969 5158 1050 5204 est
1080 5166 1093 5203 :
1126 5148 1216 5204 ille
1263 5164 1392 5204 vero
1430 5149 1613 5219 jussus
1656 5162 1758 5208 est.

166 5247 308 5304 Vide
346 5255 523 5300 autem
565 5244 849 5298 maximam
887 5242 1004 5312 ejus
1041 5241 1201 5296 animi
1250 5242 1601 5299 alacritatem.
1645 5245 1761 5301 Non

162 5339 352 5399 solum
378 5337 507 5393 dicit
534 5351 593 5391 se
622 5351 727 5389 non
768 5335 1129 5404 ingressurum
1155 5333 1376 5390 domum
1394 5375 1410 5403 ,
1443 5351 1542 5391 nec
1568 5337 1760 5392 lectum

130 5444 526 5499 ,asccnsurum
546 5466 562 5488 ,
593 5425 688 5481 sed
728 5440 796 5480 ne
822 5441 885 5480 ea
911 5425 1124 5496 quidem
1166 5441 1288 5496 qua:
1328 5437 1483 5483 erant
1507 5431 1765 5486 naturalis

166 5520 513 5582 necessitatis
539 5521 704 5575 libere
730 5519 1133 5590 desutnpturum
1155 5561 1171 5581 ,
1204 5518 1377 5575 donec
1404 5520 1666 5576 invenerit
1685 5523 1761 5577 lo-

166 5632 294 5674 cum
327 5622 384 5670 et
414 5611 811 5669 tabernaculum
847 5609 955 5663 Deo
988 5609 1174 5664 Iacob.
1224 5612 1459 5677 Quorum
1500 5613 1766 5668 contraria

167 5710 251 5764 eis
280 5722 311 5763 a
342 5705 457 5760 Deo
483 5702 890 5770 objiciebantur,
918 5700 1128 5755 dicente
1157 5718 1170 5755 :
1216 5700 1312 5756 Vos
1340 5703 1541 5772 quidem
1566 5703 1764 5758 habita-

170 5802 232 5853 tis
283 5800 336 5853 in
382 5794 611 5849 domibus
655 5792 895 5861 laqueatis
926 5809 942 5846 .'
971 5793 1148 5848 domus
1193 5805 1357 5848 autem
1404 5797 1511 5849 mea
1560 5808 1632 5851 cst
1676 5796 1765 5855 de-

1297 338 1652 399 EXPOSITIO
1691 341 1756 398 IN
1794 340 2116 400 PSALMUM
2154 345 2389 403 CXXXI.

3342 354 3446 411 382

1859 465 1992 510 serta
2019 456 2119 529 (a).
2153 456 2324 512 Donec
2351 460 2584 515 invenero
2612 462 2778 518 locum
2798 463 3036 529 Domino.
3070 469 3449 527 tabernaculum

1860 545 1970 601 Deo
2006 547 2169 603 Iacob
2217 553 2384 622 (Agg.
2434 554 2483 608 1.
2531 554 2620 624 4).
2675 556 2804 612 \‘ide
2852 558 2940 614 liic
2988 572 3174 616 rursus
3212 564 3445 620 studium

1857 649 1912 695 et
1936 642 2097 696 animi
2148 645 2581 701 sollicitudinem.
2623 646 2737 703 Rex
2777 648 2942 715 dicit,
2996 649 3174 707 Donec
3215 656 3449 712 inuenero

1859 733 2027 787 locum
2074 734 2293 789 Domino
2317 777 2332 799 ,
2376 739 2755 793 tabernaculum
2789 741 2897 795 Deo
2920 741 3082 798 Iacob
3135 745 3233 816 (b)
3264 765 3279 801 :
3311 763 3404 803 rex
3427 789 3443 814 ,

1859 824 2073 894 inquam
2097 867 2111 890 ,
2143 828 2230 897 qui
2262 828 2314 881 in
2343 844 2530 883 omnes
2548 829 2879 886 dominatum
2903 834 3197 890 obtinebat.
3221 838 3450 894 Nolebat

1857 917 2005 972 enim
2031 919 2203 973 solum
2228 931 2529 987 exstruere,
2552 922 2645 977 sed
2672 925 2830 978 etiam
2860 929 2911 979 in
2944 927 3063 981 loco
3089 930 3368 997 aptissimo
3392 941 3450 988 et

1857 1011 1946 1082 qui
1971 1012 2166 1080 templo
2196 1012 2348 1067 valde
2373 1027 2713 1085 congrueret,
2750 1026 2805 1071 et
2835 1032 2970 1088 opus
2994 1021 3044 1075 ei
3077 1035 3193 1077 erat
3222 1024 3450 1093 inquisi-

1858 1104 2005 1158 tione
2038 1122 2052 1158 :
2086 1112 2229 1158 tanta
2258 1115 2374 1159 crat
2394 1108 2561 1162 animi
2600 1109 2888 1178 vigilantia.
2919 1112 2973 1168 6.
3008 1112 3143 1169 Ecce
3165 1117 3450 1174 audiuimus

1857 1211 1968 1249 eam
1990 1195 2046 1249 in
2070 1194 2321 1265 Ephrata,
2351 1199 2631 1254 invenimus
2654 1217 2765 1254 eam
2798 1202 2853 1255 in
2881 1206 3078 1275 campis
3111 1208 3285 1276 sylcae.
3311 1208 3449 1264 Nar-

1857 1294 1941 1340 rat
1985 1303 2133 1343 nunc
2158 1298 2358 1354 vetera,
2392 1290 2684 1345 ostendens
2722 1308 2901 1348 arcam
2928 1304 3087 1350 auten
3125 1298 3284 1368 longo
3310 1306 3449 1354 tem-

1859 1393 1990 1446 pore
2015 1393 2225 1434 errasse
2249 1420 2264 1444 ,
2308 1380 2481 1434 locum
2517 1380 2637 1436 loco
2659 1393 2990 1451 mutantem,
3033 1397 3085 1439 et
3122 1388 3245 1442 ideo
3272 1391 3403 1445 dicit
3432 1407 3449 1445 :

1859 1468 1994 1525 Ecce
2015 1473 2301 1526 auditimus
2342 1486 2454 1527 eam
2481 1473 2536 1528 in
2576 1474 2852 1546 prrata;
2890 1481 2990 1533 hoc
3014 1492 3130 1547 est,
3164 1482 3237 1536 Ea
3268 1499 3453 1541 narra-

1865 1569 2057 1615 verunt
2082 1562 2234 1617 nobis
2260 1572 2438 1632 patres
2465 1564 2656 1631 nostri,
2689 1565 2806 1621 lucc
2832 1568 3049 1625 auribus
3079 1574 3275 1627 nostris
3295 1588 3451 1632 acce-

1861 1652 2055 1721 pimus,
2085 1653 2225 1724 quod
2261 1670 2381 1709 cum
2416 1663 2546 1712 tunc
2578 1670 2792 1728 quoque
2834 1660 3029 1730 ubique
3071 1663 3347 1720 oberraret
3394 1667 3449 1723 in

1857 1744 1999 1813 agris
2019 1754 2074 1800 ct
2100 1746 2324 1815 campis,
2353 1756 2535 1817 postea
2561 1750 2818 1806 collocata
2842 1753 2912 1807 sit
2938 1769 2952 1805 :
2985 1753 3084 1808 hoc
3112 1756 3282 1825 ipsum
3308 1773 3453 1816 nunc

1859 1850 2071 1905 quoque
2105 1836 2220 1892 ﬁat.
2262 1838 2497 1909 Ephrata
2521 1839 2608 1896 hic
2636 1842 2765 1897 dicit
2794 1843 2989 1899 tribum
3015 1844 3169 1912 Iuda,
3203 1848 3269 1902 ad
3291 1864 3450 1919 quam

1860 1939 1982 1998 post
2008 1929 2223 2000 longam
2251 1931 2622 1988 circuitionem
2646 1933 2873 1991 deducta
2901 1944 3019 2003 est.
3042 1938 3094 1992 7.
3121 1937 3453 1996 lntroibimus

1858 2021 1911 2074 in
1935 2020 2263 2076 tabernacula
2305 2024 2437 2094 ejus,
2467 2023 2796 2080 adorabimus
2841 2026 2895 2079 in
2936 2027 3070 2092 loco,
3098 2029 3183 2082 ubi
3208 2038 3453 2085 steterunt

1860 2114 2010 2181 pedes
2038 2115 2167 2184 ejus.
2194 2115 2383 2171 Vidisti
2429 2132 2592 2187 quam
2633 2132 2819 2173 crasso
2865 2118 3079 2176 dicendi
3132 2123 3295 2179 modo
3324 2140 3454 2180 usus

1858 2213 1943 2259 est
1973 2217 2190 2276 propter
2237 2217 2506 2277 stuporem
2556 2223 2741 2264 eorum
2785 2211 2875 2287 qui
2913 2211 3231 2283 audiebant,
3267 2214 3452 2283 dicent.

1862 2297 1954 2351 Dei
1983 2299 2342 2366 tabernacula,
2370 2309 2425 2355 et
2461 2301 2644 2369 pedes,
2666 2310 2722 2356 ct
2760 2303 2935 2357 locum
2960 2362 2972 2373 ,
2997 2304 3085 2359 ubi
3119 2306 3333 2361 stabant
3360 2322 3449 2378 pe—

1854 2387 1957 2443 des
1976 2390 2111 2458 ejus.
2135 2390 2229 2446 llis
2254 2403 2430 2447 autem
2449 2393 2697 2448 omnibus
2719 2395 2918 2451 indicat
2937 2398 3113 2453 locum
3138 2414 3298 2467 arcte,
3321 2416 3458 2471 quo-

1861 2479 2001 2534 niam
2032 2495 2095 2535 ex
2126 2494 2191 2534 eo
2219 2481 2339 2537 loco
2368 2483 2661 2539 edebantur
2679 2500 2841 2541 voces
2880 2485 3171 2544 lmrribiles
3196 2490 3265 2547 de
3290 2493 3454 2549 rebus

1860 2584 1980 2640 quae
2011 2570 2075 2623 ad
2106 2570 2323 2627 Iudaeos
2351 2575 2726 2644 pertinebant,
2759 2593 2879 2648 qua:
2908 2588 3061 2635 erant
3085 2581 3310 2638 obscura
3344 2584 3458 2639 sol-

1862 2672 2067 2726 ventes,
2093 2671 2149 2719 et
2174 2663 2346 2719 futura
2379 2666 2750 2736 praedicentes.
2777 2670 2829 2725 8.
2866 2669 3066 2742 Surge,
3101 2672 3318 2729 Domine
3339 2715 3354 2739 ,
3402 2676 3458 2730 in

1860 2757 2081 2827 requiem
2139 2767 2278 2811 tuam
2300 2799 2314 2824 ,
2351 2770 2406 2814 tu
2454 2772 2499 2814 et
2531 2777 2653 2815 arca
2693 2764 3110 2833 sanctiﬁcationis
3135 2774 3253 2821 tum.
3308 2767 3461 2824 Alius

1859 2847 2027 2916 dicit,
2061 2848 2402 2906 Fortitudinis
2430 2860 2550 2910 tuae.
2585 2852 2760 2919 Alius,
2792 2852 3008 2924 Imperii
3044 2857 3121 2910 uti
3138 2873 3159 2913 :
3191 2858 3266 2929 (ο)
3312 2868 3460 2914 utra-

1859 2956 1964 3011 que
1993 2953 2172 2998 autem
2200 2959 2348 2999 vera.
2394 2943 2548 2999 illine
2574 2945 2719 2999 enim
2746 2946 3061 3004 tradebatur
3082 2953 3375 3017 sanctitas,
3403 2962 3461 3009 et

1856 3047 1979 3103 qua:
2028 3043 2180 3088 erant
2226 3035 2276 3089 ei
2326 3035 2589 3104 imposita:
2617 3035 2826 3104 litera,
2860 3047 3019 3093 erant
3052 3049 3109 3096 et
3152 3041 3454 3099 sanctitatis

1859 3121 2160 3179 eﬂ'ectriees
2188 3133 2243 3178 et
2284 3125 2517 3180 roboris.

1931 3217 1981 3272 5.
2026 3216 2254 3273 Pulchre
2285 3232 2413 3289 ergo
2438 3218 2516 3274 sic
2537 3218 2698 3285 dixit;
2727 3236 2973 3291 magnam
2999 3223 3142 3279 enim
3173 3224 3314 3281 Deus
3346 3240 3447 3297 per

1859 3322 1977 3363 eam
2005 3310 2293 3378 potentiam
2317 3310 2547 3366 ostendit
2571 3314 2761 3380 semel,
2787 3321 2841 3368 ct
2867 3314 2971 3383 bis,
2994 3324 3047 3370 et
3066 3330 3459 3388 sa‘pcnumero,

1860 3410 1917 3455 ut
1942 3401 2152 3471 quando
2168 3411 2321 3472 capta
2350 3402 2420 3457 ab
2440 3404 2666 3472 Azotiis,
2696 3406 2910 3476 quando
2933 3408 3219 3465 simulacra
3244 3409 3460 3483 deiecit,

1859 3493 2073 3565 quando
2097 3510 2191 3551 eos
2220 3496 2310 3566 qui
2342 3497 2623 3567 tetigerunt
2665 3500 2964 3569 percussit,
2993 3502 3209 3572 quando
3234 3519 3296 3559 ea
3329 3506 3459 3561 red-

1858 3585 1967 3640 dita
2008 3594 2067 3642 ut
2096 3586 2246 3656 plaga
2293 3597 2531 3644 cessaret
2555 3589 2732 3645 ell'ecit
2755 3632 2773 3657 ,
2801 3600 2858 3646 et
2885 3607 2983 3661 per
3005 3593 3107 3649 alia
3137 3635 3153 3662 ,
3183 3610 3303 3666 qua:
3351 3597 3462 3655 illic

1860 3677 2007 3744 fecit,
2031 3693 2180 3732 suam
2202 3679 2440 3734 ostendit
2461 3681 2773 3750 potentiam.
2795 3682 2932 3750 Quid
2955 3693 3037 3739 est
3065 3695 3267 3754 autem,
3291 3686 3461 3760 Surge

1860 3771 1914 3825 in
1938 3772 2159 3841 requiem
2203 3780 2341 3825 tuam
2361 3773 2388 3827 ?
2416 3773 2558 3839 Fac,
2588 3774 2779 3843 inquit,
2808 3784 2867 3830 nt
2896 3791 2995 3831 nos
3018 3777 3342 3834 desistamus
3367 3796 3459 3835 er-

1793 3916 1798 3921 ,
1860 3876 2001 3926 rare,
2015 3871 2067 3916 et
2087 3877 2208 3916 arca
2232 3863 2584 3932 circumferri,
2608 3876 2664 3920 et
2684 3880 2747 3921 ea
2771 3867 2983 3922 tandem
3003 3869 3288 3940 aliquando
3305 3872 3460 3941 quie-

1860 3961 1994 4007 scat.
2026 3952 2084 4007 9.
2110 3953 2411 4009 Sacerdotes
2451 3956 2526 4008 tui
2552 3957 2826 4012 induantur
2863 3959 3080 4032 iustitia.
3113 3960 3281 4025 Alius,
3314 3962 3459 4016 Ami-

1860 4047 2077 4113 ciautur,
2095 4047 2252 4112 alius,
2269 4046 2297 4101 Ι
2303 4047 2579 4116 minantur,
2605 4050 2745 4120 quod
2763 4052 2976 4121 quidem
2994 4063 3075 4109 est
3094 4055 3358 4125 apertius:
3380 4066 3465 4113 est

1861 4140 2004 4196 enim
2033 4150 2320 4209 precantis,
2346 4154 2449 4194 non
2474 4141 2829 4210 prtcdicentis,
2850 4152 2903 4198 et
2925 4146 3153 4213 petentis
3168 4148 3466 4217 possessio-

1861 4248 1983 4287 nem
2005 4232 2236 4288 virtutis.
2253 4233 2517 4289 Justitiam
2535 4243 2713 4290 autem
2739 4236 2824 4291 hic
2845 4237 2975 4292 dicit
3002 4240 3133 4295 ritus
3150 4253 3353 4307 sacros,
3371 4254 3464 4294 sa-

1861 4325 2181 4389 cerdotium,
2201 4326 2426 4392 cultum,
2446 4328 2789 4394 sacriﬁcium,
2813 4328 3131 4397 oblationes,
3158 4339 3351 4386 etcum
3380 4330 3463 4387 his

1864 4416 2154 4486 perfectam
2173 4416 2295 4472 vita:
2326 4417 2734 4484 institutionem,
2756 4419 3007 4487 quoniam
3025 4436 3089 4474 ea
3119 4431 3203 4476 est
3230 4422 3467 4478 maxime

1862 4509 2179 4579 requirenda
2200 4524 2229 4562 a
2251 4509 2635 4565 sacerdotibus.
2659 4509 2726 4563 Et
2738 4512 2900 4565 sancti
2918 4512 2992 4565 tui
3010 4512 3329 4567 exsultabant
3344 4529 3362 4567 :
3375 4515 3467 4571 ubi

1863 4601 1979 4657 lucc
1993 4601 2196 4657 scilicet
2205 4600 2340 4655 facta
2357 4600 2569 4657 fuerint.
2582 4600 2708 4656 Vide
2721 4615 2844 4656 eum
2859 4617 2964 4657 non
2976 4617 3218 4673 qua'rere
3230 4613 3474 4663 constru-

1863 4695 2092 4751 ctionem
2117 4694 2369 4760 civitatis,
2395 4708 2499 4748 non
2530 4709 2708 4748 rerum
2741 4693 3007 4749 venalium
3029 4696 3407 4753 abundantiam
3439 4736 3461 4766 ,

1865 4800 1973 4840 non
1993 4784 2217 4839 aliarum
2232 4798 2410 4838 rerum
2431 4784 2861 4854 prosperitatem,
2883 4785 2977 4841 sed
2996 4787 3181 4858 templi
3192 4787 3464 4855 decorem,

1864 4886 1920 4929 et
1945 4890 2084 4929 arca:
2121 4874 2359 4943 requiem
2379 4914 2395 4941 ,
2423 4874 2761 4930 sacerdotum
2795 4873 3004 4945 plenam
3037 4877 3419 4948 perfectionem
3449 4921 3466 4948 ,

1867 4967 2002 5021 ritus
2026 4978 2209 5021 sacros
2237 5005 2254 5028 ,
2286 4965 2486 5020 cultum
2508 5008 2525 5031 ,
2553 4966 2933 5023 sacerdotium.
2967 4968 3172 5026 Deinde
3197 4976 3319 5041 quia
3347 4972 3464 5027 haec

1867 5059 2152 5129 petierunt,
2188 5057 2394 5128 ipsique
2420 5058 2632 5113 luerunt
2658 5059 2838 5115 multis
2864 5061 3095 5129 peccatis
3118 5062 3365 5128 obnoxii,
3397 5064 3467 5118 ad

1871 5159 2141 5221 parentem
2159 5164 2346 5205 rursus
2359 5149 2615 5221 confugit,
2634 5150 2819 5206 dicens
2832 5170 2843 5204 :
2854 5152 2878 5206 l
2888 5151 2940 5205 0.
2959 5150 3174 5221 Propter
3190 5152 3355 5207 David
3363 5171 3469 5208 ser-

1869 5260 1980 5299 vum
1999 5253 2253 5297 tuumnon
2271 5251 2467 5297 avertas
2481 5244 2660 5311 faciem
2680 5242 2854 5296 chr-isti
2875 5243 2963 5295 tui.
2977 5238 3118 5304 Quid
3137 5252 3241 5308 est,
3255 5243 3470 5316 Propter

1874 5335 2036 5389 David
2050 5351 2245 5388 servum
2269 5342 2408 5387 tuum
2428 5334 2452 5387 7
2471 5333 2583 5387 Non
2608 5342 2841 5403 pr0pter,
2872 5332 3072 5402 inquit,
3097 5333 3237 5389 illius
3268 5344 3472 5393 tantum

1873 5427 2140 5494 virtutem,
2170 5441 2267 5482 nec
2309 5425 2450 5496 quod
2480 5433 2685 5480 tantum
2712 5424 2944 5479 studium
2977 5426 3153 5496 posuit
3187 5426 3254 5483 ad
3285 5425 3386 5482 hoc
3417 5439 3471 5483 ut

1898 5625 1907 5634 .
1936 5562 2010 5623 (ει)
2034 5569 2152 5634 tunc
2172 5561 2371 5611 omnino
2416 5560 2581 5610 verbis
2623 5559 2856 5611 differunt
2876 5572 2902 5608 a
2928 5565 3069 5609 textu
3092 5557 3264 5625 Aggei
3290 5561 3340 5611 in
3366 5562 3471 5611 ιτΔὶ-

2033 5631 2260 5734 ῗὲυέἒῗῇί
2281 5682 2461 5735 desunt
2483 5683 2587 5731 haec
2612 5682 2779 5741 verba,
2793 5680 3156 5733 tabernaculum
3184 5692 3282 5734 Deo
3302 5685 3462 5736 Jacob.

1942 5748 1992 5796 lc
2036 5753 2211 5796 Harum
2233 5754 2281 5796 et
2301 5745 2611 5800 sequentium
2628 5746 3083 5800 interpretationum
3102 5754 3325 5799 auctores
3337 5751 3455 5800 iano

1942 5745 2013 5800 (cl
2036 5753 2211 5796 Harum
2233 5754 2281 5796 et
2301 5745 2611 5810 sequentium
2628 5746 3083 5809 interpretationum
3102 5754 3325 5799 auctores
3337 5751 3478 5811 igno-

1881 5821 2066 5859 rantur.
