3956 6404
576 340 666 391 .·δῦ

563 449 817 518 templum
850 448 1128 510 excitaret,
1150 443 1244 499 sed
1267 443 1426 497 etiam
1457 442 1579 511 quia
1611 441 1663 495 id
1691 456 1751 496 es
1780 442 1829 495 ei
1866 440 2152 511 pollicitus.

565 541 784 609 Propter
817 539 985 594 David
1022 553 1218 592 servum
1239 544 1378 589 tuum
1404 576 1419 600 ,
1451 551 1515 589 ne
1538 544 1734 587 avertas
1761 534 1944 603 [aciem
1987 531 2163 585 christi

562 629 656 678 ιιιὶ-
686 632 976 701 Cuiusnam
1000 627 1199 699 inquit?
1227 627 1354 696 Ejus
1374 628 1462 695 qui
1487 635 1613 680 tunc
1642 635 1834 679 unctus
1856 634 1958 688 est,
1990 637 2164 693 popu-

563 728 781 796 lumque
803 722 939 794 regit
963 731 1016 777 et
1043 722 1094 778 ei
1121 730 1335 791 prmest.
1370 720 1456 775 ll.
1487 716 1690 773 Iuravit
1717 716 1966 771 Dominus
1994 715 2161 770 David

560 818 819 871 ueritatem
847 825 894 869 et
933 830 1035 870 non
1060 813 1388 885 [rustrabitur
1417 827 1547 865 eam.
1576 809 1655 864 De
1678 810 1848 880 [ructu
1873 807 2059 862 ventris
2092 806 2165 860 tui

559 924 749 977 ponam
774 923 928 976 super
942 906 1111 961 sedem
1135 915 1301 959 tuam.
1328 903 1614 972 Postquam
1636 902 1780 955 enim
1811 899 2027 955 Davidis
2053 915 2167 953 me—

567 999 741 1065 minit,
770 1007 827 1054 et
850 998 1065 1054 virtutis
1092 997 1213 1063 viri,
1241 1006 1296 1052 et
1316 994 1475 1050 studii
1505 994 1644 1065 quod
1671 994 1722 1048 in
1751 993 2006 1065 templum
2036 1008 2167 1049 cou-

571 1092 788 1155 tulerat,
820 1105 885 1146 ac
912 1100 1089 1146 vetera
1119 1090 1389 1153 narravit,
1420 1097 1474 1142 et
1503 1096 1560 1142 ut
1586 1088 1638 1142 in
1664 1087 1825 1157 priori
1854 1088 1975 1141 vita:
2004 1087 2162 1141 insti-

568 1192 685 1238 tuto
713 1193 1032 1254 appareret,
1067 1183 1291 1252 rogavit,
1323 1180 1373 1235 id
1399 1180 1540 1251 quod
1567 1189 1651 1235 est
1678 1180 1976 1234 maximum
2003 1191 2160 1249 caput

562 1277 822 1342 adducit,
854 1276 946 1330 Dei
979 1277 1261 1345 promissa.
1289 1275 1544 1341 Qumnam
1583 1283 1759 1328 autem
1803 1289 1866 1328 ea
1895 1274 2060 1328 sunt?
2089 1273 2167 1329 De

562 1374 738 1440 [ructu
778 1373 964 1423 ventris
999 1368 1073 1422 tui
1111 1383 1298 1439 ponam
1328 1382 1483 1434 super
1510 1365 1678 1420 sedem
1705 1376 1865 1420 tuam.
1892 1366 1998 1421 Sed
2041 1382 2157 1435 pro.

568 1461 732 1517 missa
763 1476 867 1515 non
897 1460 1032 1515 facta
1078 1468 1205 1514 sunt
1233 1474 1366 1529 pure
1405 1468 1458 1514 et
1501 1458 1766 1524 absolute,
1792 1458 1887 1514 sed
1929 1474 2051 1513 cum
2088 1459 2166 1514 eis

569 1550 859 1605 accedente
884 1551 1111 1620 quadam
1142 1550 1468 1605 conditione.
1489 1550 1743 1616 Quantam
1766 1560 1941 1605 autem
1959 1559 2074 1605 erat
2102 1564 2163 1604 ea

566 1642 838 1696 conditio?
863 1641 1000 1697 Audi
1026 1658 1040 1703 ;
1071 1642 1343 1712 subjungit
1371 1643 1515 1697 enim
1543 1642 1597 1695 ιε
1632 1642 1719 1696 12.
1755 1642 1815 1697 Si
1840 1641 2167 1696 custodierint

570 1734 668 1801 lilii
690 1734 764 1787 tui
784 1744 1136 1789 testamentum
1157 1751 1322 1788 meum
1347 1775 1361 1799 ,
1394 1745 1439 1788 et
1476 1734 1761 1788 testimonia
1796 1750 1907 1788 mea
1932 1734 2169 1804 Inecqua:

564 1825 757 1880 docebo
783 1827 919 1897 ipsos
939 1869 954 1890 ,
994 1836 1040 1881 et
1076 1827 1171 1895 ﬁlii
1192 1843 1365 1880 eorum
1391 1843 1546 1897 usque
1569 1827 1623 1880 in
1660 1827 1904 1881 stcculum
1928 1826 2166 1881 sedebunt

564 1935 719 1988 super
736 1917 972 1973 thronum
993 1927 1155 1972 tuum.
1177 1917 1309 1972 Cum
1332 1918 1414 1972 his
1436 1919 1608 1972 verbis
1626 1926 1884 1988 concepta
1908 1917 2167 1988 promissa

574 2010 711 2064 Deus
751 2010 1002 2077 fecisset,
1032 2009 1110 2064 eis
1158 2008 1373 2064 tradidit
1396 2008 1811 2079 chirographum
1846 2025 1861 2063 :
1891 2008 1964 2063 illi
1986 2017 2167 2064 autem

573 2114 761 2155 rursus
785 2100 1034 2155 dixerunt
1053 2142 1069 2167 ,
1101 2099 1286 2154 Omnia
1304 2116 1631 2170 quwcumque
1658 2101 1779 2153 dicit
1809 2098 2060 2154 Dominus
2083 2104 2165 2169 [ac

566 2194 757 2247 ciemus
792 2202 840 2248 et
872 2193 1136 2247 audiemus
1180 2191 1390 2263 (Exod.
1437 2192 1529 2247 24.
1556 2190 1650 2265 7).
1693 2191 1893 2247 Deinde
1918 2192 2167 2262 quoniam

568 2286 784 2342 videbat
817 2300 976 2341 unam
1006 2294 1211 2355 partem
1244 2299 1365 2339 esse
1390 2294 1543 2353 pacta
1572 2293 1832 2339 conventa
1867 2295 2168 2354 transgres-

568 2392 706 2445 sam,
733 2376 950 2433 deducit
971 2378 1269 2431 orationem
1293 2375 1361 2430 ad
1389 2376 1585 2439 locum,
1614 2376 2033 2431 consolationem
2065 2392 2168 2429 un-

568 2470 731 2538 dique
756 2471 1018 2533 exeitans,
1041 2479 1096 2526 et
1119 2471 1339 2526 dicens:
1363 2471 1448 2525 15.
1483 2470 1734 2535 Quoniam
1753 2472 1900 2543 elegit
1925 2469 2171 2527 Dominus

570 2563 724 2631 Sion,
748 2564 896 2635 elegit
917 2581 1027 2619 eam
1052 2565 1106 2618 in
1146 2565 1503 2619 habitationem
1531 2565 1646 2618 sibi.
1676 2565 1763 2620 14.
1808 2563 1937 2620 Haec
1975 2566 2170 2635 requies

573 2674 685 2712 mea
720 2659 774 2711 in
811 2658 1057 2713 saeculum
1097 2657 1296 2713 steculi.
1336 2656 1435 2711 llic
1458 2657 1729 2726 habitabo,
1775 2660 2015 2730 quoniam
2043 2660 2171 2731 elegi

567 2765 701 2804 eam.
725 2748 840 2804 Hoc
860 2757 959 2814 est,
988 2748 1105 2804 Non
1129 2750 1291 2805 homo
1311 2749 1487 2805 locum
1512 2750 1688 2821 elegit,
1712 2751 1807 2805 sed
1837 2751 1976 2806 Deus
1997 2751 2169 2822 ipsum

564 2858 665 2899 sua
692 2845 955 2900 sententia
995 2842 1310 2908 constituit,
1349 2858 1406 2898 se
1436 2843 1501 2897 ad
1527 2857 1712 2897 eorum
1753 2843 2169 2899 imbecillitatem

570 2935 885 3009 demittens.
922 2933 1036 2990 lloc
1059 2943 1145 2990 est
1180 2948 1311 3006 ergo
1334 2934 1477 3005 quod
1517 2934 1647 2990 dicit
1679 2952 1693 2989 :
1723 2936 1892 3002 Quem
1922 2934 2132 3005 elegisti
2151 2975 2167 3001 ,

566 3043 726 3097 quem
751 3034 841 3082 tua
865 3026 1127 3082 sententia
1147 3026 1487 3091 constituisti,
1512 3041 1671 3097 quem
1689 3040 1717 3079 a
1725 3036 1871 3096 ptum
1897 3012 2018 3082 esse
2037 3041 2169 3083 cen-

566 3120 742 3183 suisti,
767 3136 832 3174 ne
854 3121 1128 3190 permittas
1147 3128 1205 3175 ut
1222 3120 1518 3175 collabatur
1534 3129 1589 3175 et
1609 3121 1854 3175 intereat.
1884 3119 2009 3176 llaec
2027 3120 2168 3175 enim

568 3212 772 3278 dixisti,
803 3211 903 3266 Hic
921 3211 1175 3266 habitabo.
1199 3211 1306 3267 Sed
1333 3211 1449 3267 btec
1473 3212 1684 3267 dicebat
1712 3227 1832 3267 cum
1867 3212 1970 3267 illis
2000 3213 2170 3283 pactis

568 3304 871 3359 conventis.
921 3303 1293 3370 Quibusnam?
1322 3302 1384 3357 Si
1413 3303 1741 3357 custodiet-int
1782 3303 1878 3370 ﬁlii
1907 3306 1980 3358 tui
2017 3314 2169 3358 testa-

578 3404 797 3450 mentum
826 3412 1010 3449 meum.
1039 3396 1127 3451 15.
1165 3393 1488 3449 Venationem
1506 3396 1615 3464 ejus
1644 3395 1937 3450 benedicens
1963 3396 2169 3451 benedi-

570 3505 703 3542 cam.
733 3488 885 3544 Alius
905 3527 921 3554 ,
948 3486 1126 3543 Cibum
1155 3488 1198 3542 ’.
1231 3486 1579 3542 Venationem
1607 3488 1775 3555 dicit,
1805 3504 1983 3544 rerum
2009 3504 2173 3546 vena-

575 3582 703 3636 lium
730 3580 1110 3635 abundantiam
1134 3620 1150 3646 ,
1184 3578 1551 3644 fertilitatem,
1583 3589 1638 3636 et
1677 3591 1925 3650 precatur
1959 3590 2017 3637 ut
2053 3581 2172 3639 hmc

571 3674 755 3728 omnia
785 3673 865 3729 eis
907 3682 1174 3744 tamquam
1221 3688 1252 3727 a
1283 3671 1519 3728 futilibus
1560 3672 1805 3731 afﬂuant.
1836 3675 1982 3732 Talis
2021 3677 2169 3734 enim

571 3774 692 3819 erat
714 3765 839 3819 olim
867 3763 1173 3820 Judmorum
1200 3764 1510 3834 reipublicae
1538 3774 1710 3821 status
1733 3806 1749 3832 ,
1794 3776 1853 3821 ut
1885 3768 1965 3824 eis
1989 3770 2169 3825 omnia

570 3873 668 3913 ceu
699 3873 727 3910 a
750 3856 985 3913 fontibus
1007 3856 1311 3922 aftluerent,
1338 3873 1437 3914 nec
1455 3858 1716 3914 sentirimt
1739 3858 1873 3915 ullas
1900 3862 2169 3918 naturales

580 3949 930 4005 necessitates
957 3991 972 4013 ,
1004 3948 1267 4018 siquando
1312 3949 1479 4005 Deum
1529 3948 1792 4006 baberent
1833 3951 2120 4022 propitium
2149 3966 2167 4007 :

573 4025 720 4097 nulla
745 4042 888 4097 enim
914 4050 1031 4097 erat
1072 4041 1212 4111 apud
1241 4055 1338 4097 eos
1366 4042 1586 4113 penuria
1608 4083 1623 4109 ,
1666 4057 1774 4098 non
1816 4042 1989 4100 fames
2010 4084 2028 4110 ,
2060 4060 2168 4101 non

574 4132 742 4202 pestis
761 4172 776 4197 ,
805 4145 905 4187 nec
930 4145 1073 4209 mors
1102 4131 1387 4186 immatura
1408 4171 1423 4196 ,
1459 4147 1560 4186 nec
1600 4133 1799 4204 aliquid
1837 4149 2023 4190 eorum
2048 4151 2169 4206 quae

570 4225 742 4287 solent
776 4223 997 4278 evenire
1030 4222 1357 4287 hominibus,
1388 4222 1483 4277 sed
1506 4222 1584 4278 eis
1622 4224 1799 4278 omnia
1826 4239 1923 4280 ceu
1953 4241 2018 4281 ex
2046 4226 2168 4282 fon-

573 4319 715 4373 tibus
741 4314 1051 4380 affluebant,
1082 4313 1179 4369 Dei
1197 4315 1401 4369 scilicet
1420 4331 1579 4369 manu
1609 4315 1631 4347 ⁸
1656 4316 1955 4387 corrigente
1976 4317 2168 4374 huma-

572 4425 760 4465 narum
786 4423 965 4465 rerum
992 4406 1438 4463 imbecillitatem.
1472 4407 1582 4462 Hoc
1605 4423 1735 4479 ergo
1764 4407 1852 4463 hic
1873 4408 2021 4475 dicit,
2048 4409 2169 4465 Pol-

571 4502 748 4557 licitus
773 4516 833 4556 es
862 4508 915 4556 te
942 4514 1062 4556 esse
1086 4498 1490 4557 benedicturum
1520 4498 1637 4569 ejus
1662 4500 1998 4555 venationem
2018 4541 2035 4567 ,
2064 4500 2169 4557 hoc

571 4602 675 4660 est,
705 4603 760 4649 te
784 4592 1127 4663 pra-biturum
1157 4607 1336 4646 rerum
1366 4591 1789 4646 necessariarum
1815 4592 2023 4661 copiam
2045 4607 2165 4649 cum

576 4685 744 4741 multa
770 4685 1085 4739 securitate.
1116 4682 1383 4757 Pauperes
1410 4685 1520 4755 ejus
1541 4684 1780 4739 saturabo
1808 4684 2045 4757 panibus.
2075 4685 2165 4741 16.

572 4776 873 4837 Sacerdotes
895 4781 1009 4844 eius
1030 4777 1241 4830 induam
1264 4774 1513 4842 salutari,
1538 4785 1584 4830 ct
1621 4778 1784 4831 sancti
1808 4778 1919 4849 ejus
1938 4778 2169 4831 exsulta-

571 4871 708 4930 tione
743 4865 1090 4923 exsultabant.
1128 4867 1219 4921 17.
1268 4866 1404 4921 Illuc
1442 4868 1721 4938 producam
1761 4884 1921 4923 cornu
1957 4867 2168 4925 David:

575 4962 748 5034 paravi
768 4960 1025 5016 lucernam
1056 4958 1242 5012 christo
1266 4974 1397 5013 meo.
1425 4959 1512 5014 18.
1544 4958 1789 5014 Inimicos
1824 4961 1935 5031 ejus
1957 4960 2167 5015 induam

571 5056 869 5129 confusione
892 5069 913 5109 :
938 5069 1094 5125 super
1142 5052 1310 5122 ipsum
1355 5063 1522 5106 autem
1561 5051 1794 5123 eﬂlorebit
1832 5053 2167 5122 sanctificatio

570 5167 701 5204 mea.
726 5146 857 5203 Vide
872 5145 1105 5215 undique
1123 5144 1464 5200 constitutam
1491 5143 1915 5213 prosperitatem,
1938 5158 2005 5199 eo
2023 5144 2168 5216 quod

570 5242 729 5298 rebus
752 5237 1070 5296 necessariis
1094 5251 1202 5292 non
1228 5243 1439 5306 egeant,
1467 5235 1608 5304 quod
1634 5233 1685 5287 in
1710 5243 1824 5288 tuto
1850 5234 1961 5289 sint
1988 5249 2167 5291 sacer-

643 5415 657 5446 ¹
687 5418 831 5471 illud.
859 5417 1000 5477 Audi,
1039 5417 1284 5479 subiungit
1319 5419 1467 5479 etum,
1502 5412 1873 5464 desiderabatur
1911 5426 1961 5462 tn
1998 5413 2164 5464 morcl.

570 5484 660 5531 sed
688 5483 896 5531 habetur
913 5482 963 5529 in
990 5477 1405 5528 Editione‘Savilii.

639 5563 658 5592 ⁸
699 5561 750 5609 ln
788 5560 959 5609 Graeco
984 5593 1016 5621 ,Α
1041 5558 1204 5621 θήραν.
1230 5556 1402 5621 _Multa
1446 5554 1571 5621 LXX
1606 5554 1915 5621 exemplaria
1941 5592 1954 5615 ,
1979 5557 2093 5621 jam
2136 5572 2161 5607 a

577 5624 753 5683 priscis
795 5615 1117 5679 temporibus.
1167 5618 1371 5672 habent.
1413 5618 1582 5680 χήραν,
1633 5615 1866 5678 viduam;
1903 5618 1993 5667 sed
2047 5632 2163 5670 vera

579 5689 729 5737 lectio
753 5695 850 5745 est,
884 5687 1059 5750 θήραν,
1091 5688 1232 5737 hebr.
1274 5687 1424 5747 ωιτν,
1465 5689 1597 5748 quod
1637 5686 1816 5750 Aquila
1866 5690 2021 5737 vertit
2060 5687 2164 5737 ἐπι-

579 5750 815 5807 σιτισμόν.
850 5747 1023 5795 cibum.

540 5833 549 5847 ι
641 5810 664 5841 ³
686 5810 770 5858 Sic
800 5810 977 5864 Satilq
1010 5809 1203 5872 Morel.,
1230 5807 1316 5861 Dei
1338 5807 1522 5862 scilicet
1543 5808 1723 5874 gratia.

529 5891 546 5928 l

1296 332 1350 387 S.
1382 330 1662 387 JOANNIS
1699 325 2173 387 CIIRYSOSTOMI
2208 326 2525 384 ARCIIIEP.
2558 322 3092 384 CONSTAN'IINOI‘.

3688 333 3759 388 38l

2276 439 2449 507 dotes,
2473 440 2615 509 quod
2641 441 2865 511 populus
2888 441 2959 495 sit
2980 440 3029 493 in
3054 439 3252 507 laetitia,
3269 440 3406 510 quod
3429 455 3512 494 rex
3526 442 3584 495 sit
3602 441 3765 498 fortier

2273 534 2587 604 potenleic
2608 534 2750 588 enim
2774 535 2904 589 dicit
2927 535 3216 597 lucernam,
3239 533 3320 588 vel
3340 548 3525 603 regem,
3548 535 3617 588 vel
3632 535 3768 591 defen-

2272 625 2583 688 siouem,vel
2602 625 2848 688 salutem,
2868 624 2953 680 vel
2972 625 3136 680 lucem
3156 642 3167 677 :
3187 638 3305 679 cum
3320 621 3566 679 hisautem
3580 624 3682 680 dicit
3694 643 3770 680 nn-

2273 719 2476 773 ximum
2502 732 2672 789 genus
2694 718 3082 789 prosperitatis.
3102 717 3373 786 Quodnam
3387 717 3436 771 id
3453 717 3549 773 est?
3568 719 3769 774 Abscondi

2275 811 2541 877 inimicos,
2581 820 2636 866 et
2657 811 2861 866 nullum
2891 827 3013 867 esse
3042 812 3132 882 qui
3161 813 3242 865 his
3284 811 3434 866 bonis
3458 812 3605 880 possit
3625 812 3769 880 aliquid

2271 903 2577 960 detrimenti
2607 902 2819 957 all‘errc.
2860 903 2975 959 Non
3006 903 3140 957 dixit
3182 913 3358 957 autem
3387 902 3611 957 absolute
3635 904 3772 957 luleri-

2274 1005 2407 1062 tum,
2437 996 2555 1063 sed,
2587 993 2970 1051 Confusionem
2988 1036 3004 1061 ,
3036 995 3220 1050 volens
3247 1010 3342 1050 eos
3368 1010 3425 1051 se
3450 995 3582 1050 vivos
3606 995 3772 1050 abscon-

2254 1089 2436 1157 dere,
2465 1099 2520 1145 et
2548 1087 2783 1146 latebras
2807 1104 3047 1160 (μείω-(τε
3068 1130 3083 1154 ,
3110 1096 3165 1143 ει
3194 1104 3286 1158 per
3325 1103 3386 1143 ea
3427 1104 3536 1157 qua:
3573 1088 3775 1157 patiuntur

2274 1180 2457 1236 testari
2500 1189 2698 1251 quanta
2740 1182 2811 1238 sit
2856 1181 2934 1235 vis
2977 1189 3033 1235 ct
3061 1179 3281 1235 felicitas
3329 1179 3448 1233 huic
3488 1180 3633 1249 genti.
3656 1179 3776 1248 Super

2272 1274 2440 1344 ipsum
2466 1285 2635 1329 autem
2662 1274 2896 1346 eﬂlorebit
2922 1273 3257 1342 sanctiﬁcatio
3278 1288 3405 1325 utea.
3426 1271 3552 1339 Quid
3570 1281 3655 1335 est,
3674 1288 3777 1338 super

2273 1370 2438 1439 ipsum
2460 1369 2487 1423 ?
2508 1368 2680 1439 Super
2704 1370 2953 1440 populum
2980 1383 3176 1422 meum.
3205 1367 3309 1422 Pro
3333 1382 3399 1423 eo
3422 1376 3582 1420 autem
3601 1366 3781 1435 quodest

2254 1464 2628 1534 ‘Sancti/icatio
2648 1502 2663 1525 ,
2696 1463 2830 1516 alius
2853 1460 3017 1526 dixit,
3045 1457 3216 1513 Cornu
3248 1459 3287 1512 ⁸.
3325 1458 3499 1521 Alius,
3528 1455 3641 1528 Ejus
3660 1472 3777 1525 segre-

2273 1559 2427 1629 gatio.
2457 1557 2610 1612 Alius
2629 1594 2645 1620 ,
2671 1553 2802 1627 Ejus
2827 1562 3156 1625 segregatum.
3185 1550 3326 1620 Quid
3354 1558 3434 1605 est
3460 1564 3576 1618 ergo
3596 1549 3706 1617 quod
3724 1548 3779 1602 di-

2258 1659 2417 1703 ctum
2445 1646 2573 1703 est?
2597 1646 2723 1701 Mihi
2754 1646 2964 1700 videtur
2995 1645 3079 1699 hic
3117 1643 3299 1699 dicere
3328 1641 3705 1713 prosperitatem,
3725 1654 3781 1692 sc-

2272 1740 2578 1806 curitatem,
2608 1738 2770 1801 vires,
2796 1751 3044 1808 regnum.

2262 1856 2265 1861 ν
2350 1832 2609 1887 Promissa
2634 1829 2731 1885 Dei
2752 1831 3089 1902 operationem
3110 1838 3335 1883 nostram
3356 1824 3781 1895 exspectant-Qua:

2259 1925 2324 1981 ἐἰ
2355 1922 2629 1995 segregavi
2652 1920 3055 1987 abinitio,btcc,
3081 1920 3271 1991 inquit,
3295 1920 3570 1975 manebunt
3588 1917 3779 1982 ﬂorentia,

2262 2017 2591 2087 'pullulantia
2617 2056 2634 2083 ,
2660 2029 2767 2071 non
2797 2014 3014 2069 ﬂaccida
3031 2055 3045 2079 ,
3076 2028 3250 2083 neque
3270 2012 3556 2068 decidentia
3578 2027 3592 2075 ;
3616 2010 3687 2064 sed
3705 2007 3782 2061 lirc

2274 2110 2454 2163 omnia
2482 2114 2661 2173 erunt,
2684 2107 2728 2161 si
2756 2117 2968 2161 maneat
2987 2120 3052 2161 ea
3078 2120 3199 2174 qua:
3227 2104 3373 2174 prius
3403 2102 3534 2158 dicta
3559 2111 3629 2156 est
3649 2098 3780 2154 tondi-

2262 2205 2370 2259 ‘tio.
2418 2202 2671 2271 Qumnam
2719 2212 2896 2256 autem
2928 2215 2990 2255 ea
3035 2202 3155 2255 est?
3198 2198 3262 2254 Si
3290 2199 3597 2254 custodierint
3632 2195 3705 2264 ﬁlii
3735 2194 3782 2244 ui

2262 2305 2625 2351 testamentum
2652 2310 2837 2348 meum.
2869 2292 3010 2349 Sola:
3029 2292 3171 2346 enim
3197 2292 3292 2348 Dei
3321 2290 3664 2363 promissionis
3680 2285 3782 2340 nobis

2276 2389 2416 2444 bona
2446 2403 2553 2444 non
2587 2387 2826 2458 praebent
2850 2428 2863 2450 ,
2892 2385 2997 2440 nisi
3041 2400 3141 2440 nos
3183 2399 3399 2455 quoque
3428 2382 3685 2443 faciamus,
3704 2392 3781 2444 qua:

2279 2481 2331 2536 in
2362 2491 2545 2535 nostra
2593 2486 2859 2549 potestate
2901 2479 3000 2533 sita
3030 2485 3186 2542 sunt,
3210 2491 3315 2531 nec
3338 2480 3542 2544 oportet
3572 2485 3649 2526 eas
3667 2478 3781 2522 alten-

2277 2574 2466 2629 dentes
2492 2587 2613 2628 esse
2643 2572 2863 2642 supinos
2883 2611 2899 2635 ,
2931 2584 3031 2625 nec
3061 2569 3340 2623 remissos.
3379 2566 3532 2621 Multa
3558 2562 3674 2618 enim
3704 2574 3780 2627 qua

2260 2663 2520 2737 “promisit
2562 2665 2699 2720 bona
2729 2663 2870 2719 Deus
2898 2677 3004 2716 non
3035 2659 3183 2729 facit,
3210 2660 3255 2715 si
3283 2660 3372 2730 qui
3406 2656 3639 2729 promissa
3661 2666 3780 2707 susce-

2278 2768 2471 2829 perunt
2512 2758 2852 2813 inveniantur
2900 2753 3100 2825 indigni
3133 2751 3607 2824 :quemadmodum
3631 2743 3778 2801 etnuh

2275 2867 2396 2921 qua:
2436 2851 2670 2904 minatus
2695 2856 2777 2903 est
2799 2889 2814 2914 ,
2846 2863 2951 2901 non
2993 2845 3175 2903 educit
3203 2846 3256 2900 in
3289 2859 3424 2915 opus
3447 2885 3463 2911 ,
3498 2842 3538 2896 si
3565 2842 3593 2895 ii
3611 2840 3681 2909 qui
3702 2849 3779 2890 eum

2276 2943 2553 2998 irritarunt
2573 2985 2588 3009 ,
2618 2949 2801 3012 postea
2832 2948 3139 3006 mutentur,
3170 2948 3224 2993 et
3267 2938 3401 2992 iram
3431 2934 3678 3005 apellant.
3704 2928 3782 2981 lla:

2276 3052 2398 3092 cum
2422 3050 2522 3091 nos
2544 3049 2756 3106 quoque
2776 3034 3031 3097 scianms,
3054 3046 3161 3086 non
3178 3031 3352 3085 simus
3373 3037 3577 3099 propter
3598 3019 3781 3094 promissa

2276 3130 2550 3197 socordes,
2574 3144 2643 3184 ne
2679 3141 3014 3191 corruamus,
3048 3139 3147 3179 nec
3174 3132 3397 3195 propter
3416 3121 3575 3177 tninas
3599 3116 3781 3182 desterc-

2277 3240 2397 3281 nms
2420 3266 2436 3292 ,
2462 3224 2556 3280 sed
2586 3231 2872 3279 nmtemur.
2914 3219 2988 3275 lta
3025 3218 3168 3275 enim
3200 3217 3494 3288 poterimus
3522 3225 3609 3266 nos
3638 3216 3783 3278 quem

2276 3315 2456 3371 futura
2486 3314 2625 3370 bona
2654 3310 2941 3383 consequi,
2965 3309 3135 3382 gratia
3173 3318 3227 3364 et
3266 3302 3614 3363 miserimirdia
3636 3294 3781 3353 Domini

2277 3408 2447 3464 nostri
2476 3406 2606 3464 Jesu
2633 3405 2855 3473 Christi,
2886 3403 2972 3461 cui
2996 3402 3167 3475 gloria
3193 3411 3249 3457 et
3277 3400 3555 3473 imperium
3581 3396 3627 3451 in
3646 3385 3782 3448 seculi

2275 3501 2617 3560 saeculorum.
2646 3500 2839 3555 Amen.

2711 3634 2776 3692 IN
2808 3632 3026 3689 PSALM
3036 3631 3130 3690 ωι
3154 3629 3416 3687 CXXXII.

2278 3754 2329 3810 1.
2358 3751 2489 3808 Ecce
2500 3766 2651 3822 quam
2668 3751 2852 3803 bonum
2874 3753 2922 3800 et
2945 3761 3098 3816 quam
3115 3742 3410 3815 jucundum
3430 3720 3784 3825 (Alius[a].

2274 3887 2281 3894 .
2346 3845 2470 3915 quid
2488 3845 2675 3900 bonum
2698 3851 2746 3897 et
2767 3839 2891 3912 quid
2914 3834 3348 3911 pulchrum),nisi
3373 3833 3586 3887 habitare
3605 3829 3784 3897 frmi!

2346 3952 2524 3993 unum.

2346 4053 2522 4109 Multae
2542 4048 2757 4121 quidem
2782 4061 2869 4102 res
2885 4053 3010 4100 sunt
3035 4043 3272 4114 pulchrte
3296 4049 3351 4097 et
3376 4040 3615 4104 honestze,
3634 4031 3707 4090 sed
3724 4045 3782 4085 ca-

2274 4154 2397 4201 rent
2418 4141 2813 4203 delectatione;
2840 4137 2961 4192 alia:
2988 4142 3114 4190 sunt
3139 4133 3357 4205 quidem
3386 4145 3562 4187 rursus
3580 4121 3782 4198 jucundr.

2274 4237 2370 4295 sed
2395 4235 2548 4290 deest
2572 4233 2653 4289 eis
2683 4232 2965 4287 honestum
2997 4245 3011 4282 :
3040 4243 3146 4282 non
3179 4226 3335 4282 facile
3377 4233 3547 4279 autem
3575 4212 3781 4283 continuit.

2274 4340 2331 4387 ut
2353 4339 2579 4399 utraque
2619 4323 2962 4383 conveniant.
2987 4319 3095 4377 Sed
3126 4319 3179 4374 in
3209 4321 3311 4375 hoc
3348 4316 3486 4389 quod
3528 4313 3695 4370 dictum
3715 4312 3781 4363 est.

2275 4425 2389 4479 hare
2417 4431 2643 4493 utraque
2663 4424 3009 4482 concurrunt,
3039 4422 3093 4470 et
3119 4413 3383 4482 voluptas,
3405 4419 3460 4466 et
3486 4408 3783 4495 honestas

2272 4519 2436 4573 sima.
2454 4485 2572 4570 Hoc
2593 4512 2735 4570 enim
2759 4510 2810 4564 in
2827 4508 3012 4580 primis
3026 4505 3184 4560 habet
3202 4503 3420 4569 caritas,
3433 4498 3563 4572 quod
3581 4508 3680 4551 cum
3690 4485 3783 4543 utili-

2273 4620 2379 4668 tate
2399 4610 2467 4666 sit
2486 4607 2673 4666 eadem
2702 4604 2948 4661 facillima
2976 4610 3136 4672 atque
3157 4597 3550 4670 jucundissima.
3574 4590 3681 4681 Eant
3698 4594 3783 4681 ergo

2272 4703 2360 4758 hic
2378 4713 2588 4773 quoque
2616 4695 2813 4752 laudat.
2832 4692 2948 4749 Non
2978 4690 3113 4747 dixit
3136 4689 3278 4745 enim
3309 4686 3543 4743 absolute
3568 4679 3783 4735 habitatio-

2272 4812 2419 4864 nem,
2447 4807 2620 4864 neque
2659 4804 2763 4846 una
2805 4784 3068 4842 contineri
3111 4779 3454 4845 domuncula,
3488 4773 3574 4832 sed
3601 4774 3645 4826 in
3669 4775 3781 4864 unum

2273 4856 2670 4950 liabilare,-hoc
2708 4889 2812 4945 est,
2839 4893 2960 4935 cum
3006 4873 3289 4932 concordia
3319 4879 3373 4929 et
3398 4868 3657 4927 dilectione

2270 4985 2414 5041 enim
2441 4981 2565 5037 facit
2593 4992 2752 5033 unam
2779 4989 2901 5031 esse
2926 4972 3177 5026 animam.
3203 4966 3402 5023 Deinde
3424 4971 3671 5035 postquam
3693 4950 3783 5005 dixit

2273 5077 2557 5134 honestum
2582 5082 2636 5129 et
2647 5066 2960 5143 jucundum,
2991 5063 3044 5120 id
3069 5061 3264 5119 clarius
3284 5058 3527 5120 reddens,
3548 5064 3630 5123 per
3653 5054 3783 5143 exciu-

2274 5169 2358 5241 pla
2407 5182 2518 5223 rem
2558 5140 2843 5233 exprimit,
2875 5164 2931 5212 et
2956 5152 3263 5225 corporales
3305 5144 3669 5241 similitudines,

2274 5217 2497 5333 possunt
2538 5217 2792 5311 auditoris
2828 5248 2999 5305 oculis
3027 5261 3145 5301 eam
3187 5242 3377 5299 melius
3410 5236 3665 5306 subjicere.
3691 5217 3782 5333 Villi

2272 5326 2448 5408 autem
2493 5360 2737 5420 quaenam
2776 5349 2902 5397 sunt
2943 5335 3335 5395 similitudines.
3362 5330 3416 5386 2.
3447 5329 3582 5385 Sicut

2272 5454 2377 5498 tum
2404 5443 2458 5496 in
2486 5412 2669 5510 capite,
2693 5434 2829 5507 quod
2854 5430 3108 5489 descendit
3126 5431 3180 5484 in
3194 5426 3416 5491 barbam,
3435 5420 3621 5510 barbam
3639 5412 3777 5510 Amittit

2272 5541 2324 5596 5.
2363 5535 2499 5610 quod
2543 5505 2797 5589 descendit
2834 5529 2889 5583 in
2931 5542 3074 5582 oram
3106 5518 3378 5578 vestimenti
3411 5517 3533 5589 ejus.
3567 5507 3650 5564 llic
3678 5505 3777 5555 cum!

2337 5673 2354 5706 ι
2390 5675 2473 5721 Vix
2500 5680 2679 5731 capere
2720 5664 2899 5728 possim
2936 5673 3036 5725 quo
3066 5665 3202 5732 pacto
3232 5653 3489 5732 quispiam,
3522 5648 3640 5706 'n'n,
3670 5636 3775 5683 50"“

2273 5745 2317 5807 ej
2324 5758 2397 5810 us,
2420 5729 2625 5810 verterit
2637 5752 2667 5810 ;_
2676 5749 2785 5810 qua;
2794 5741 2971 5810 :ropter
2984 5729 3248 5810 mendum
3251 5729 3478 5810 suspicor.

2336 5809 2407 5868 (a)
2439 5814 2551 5863 ρυιδ
2574 5803 2637 5853 sit
2657 5798 2734 5850 hic
2755 5801 3004 5860 interpres
3028 5798 3290 5857 ignoratur.
