3956 6410
188 338 295 396 333

188 458 414 528 στῆσαι,
469 455 588 510 ἀλλ’
633 455 711 510 ὅτι
746 456 840 511 καὶ
889 456 1162 528 συνθήκας
1208 455 1331 511 ἔθου
1394 458 1532 529 πρὸς
1590 458 1774 513 αὐτόν.

188 540 452 594 Ἕνεκεν
483 539 667 593 Δαυῒδ
707 539 812 594 τοῦ
841 540 1066 595 δούλου
1105 555 1223 595 σου
1258 541 1345 610 μὴ
1386 541 1780 611 ἀποστρέψας

189 623 255 677 τὸ
288 626 620 693 πρόσωπον
645 623 751 677 τοῦ
779 623 1029 691 κριστοῦ
1061 639 1199 679 σου.
1242 625 1399 689 Τίνος
1439 625 1573 697 φησί
1599 642 1614 692 ;
1669 625 1776 679 Τοῦ

183 708 313 761 τότε
347 706 665 779 χρισθέντος
688 708 782 761 καὶ
803 707 1277 780 δημαγωγοῦντος,
1310 710 1405 763 καὶ
1431 709 1778 780 προεστῶτος

184 790 286 843 τοῦ
322 790 479 845 λαοῦ.
507 792 731 859 Ὠμοσε
757 792 973 859 Κύριος
1005 792 1110 846 τοῦ
1136 792 1318 846 Δαυῒδ
1346 791 1654 859 ἀλήθειαν,
1678 792 1777 847 καί

185 876 264 929 οὺ
282 874 370 944 μὴ
402 873 683 941 ἀθετήσει
717 887 743 915 α
772 874 986 941 αὐτήν.
1023 876 1118 929 Ἐκ
1144 875 1373 944 καρποῦ
1404 876 1516 944 τῆς
1545 878 1780 942 κοιλίας

186 975 310 1012 σου
344 956 604 1027 θήσομαι
632 957 730 1011 ἐπὶ
769 957 875 1013 τοῦ
925 959 1144 1025 θρόνου
1197 975 1334 1013 σου.
1394 960 1611 1031 Ἐπειδὴ
1668 961 1779 1031 γὰρ

187 1042 441 1114 ἐμνήσθη
480 1042 572 1096 τοῦ
592 1042 775 1110 Δαυῖδ,
801 1043 894 1096 καὶ
924 1044 1023 1114 τῆς
1054 1043 1256 1117 ἀρετῆς
1284 1044 1380 1099 τοῦ
1428 1045 1641 1117 ἀνδρὸς,
1684 1047 1779 1099 καὶ

188 1128 291 1197 τῆς
323 1128 561 1199 σπουδῆς
586 1129 684 1198 τῆς
704 1130 841 1199 πρὸς
861 1128 951 1182 τὸν
977 1127 1126 1195 ναὸν,
1157 1130 1253 1183 καὶ
1278 1129 1347 1183 τά
1373 1129 1575 1184 παλαιά
1596 1129 1780 1201 διηγή-

194 1228 343 1283 ματα
381 1206 524 1269 εἷπε.
556 1211 654 1264 καὶ
700 1210 931 1281 ⁴ἠξίωσεν
961 1211 1055 1266 ἐπὶ
1095 1213 1195 1283 τῆς
1235 1214 1508 1286 προτέρας
1550 1213 1716 1267 αὐτοῦ
1749 1213 1778 1253 δ

187 1296 433 1366 φανῆναι
483 1296 779 1363 πολιτείας,
810 1298 948 1369 ὅπερ
1004 1296 1265 1369 μέγιστον
1301 1297 1415 1369 ἔχει
1457 1298 1775 1367 κεφάλαιον.

187 1379 350 1434 τοῦτο
376 1381 758 1452 προϐάλλεται,
804 1381 905 1446 τάς
938 1382 1214 1453 συνθήκας
1246 1382 1641 1452 ἀναγινώσκων
1679 1381 1776 1436 τοῦ

188 1465 350 1519 Θεοῦ.
384 1467 542 1519 Ποῖαι
574 1465 632 1519 δὲ
666 1460 827 1520 αὗταί
874 1466 1049 1531 εἰτινς
1087 1466 1188 1521 Ἐκ
1226 1468 1460 1535 καρποῦ
1496 1466 1607 1535 τῆς
1650 1484 1776 1521 κοι-

188 1549 334 1615 λίας
364 1565 484 1603 σου
533 1547 791 1618 θήσομαι
827 1548 925 1602 ἐπὶ
952 1550 1060 1604 τοῦ
1091 1551 1307 1618 θρόνου
1338 1565 1475 1606 σου.
1512 1551 1648 1604 Ἀλλ’
1680 1551 1778 1621 οὐχ

191 1633 383 1698 ἁπλῶς
428 1636 487 1687 αἰ
524 1633 791 1703 συνθῆκαι
831 1633 1099 1702 ἐγένοντο,
1132 1633 1269 1688 ἀλλά
1315 1635 1453 1705 μετά
1492 1634 1776 1707 διορισμοῦ

186 1735 357 1782 τινος.
392 1718 489 1781 Τίς
514 1718 572 1771 δὲ
598 1713 667 1789 ἧν
689 1719 719 1771 ὁ
748 1719 1056 1790 διορισμός;
1083 1720 1281 1773 ¹Ἀκουε
1301 1735 1316 1751 ο
1348 1720 1543 1787 ἐπάγει
1571 1720 1679 1789 γάρ
1714 1729 1737 1757 c
1760 1733 1773 1747 ο

201 1802 347 1857 Ἐὰν
374 1801 759 1871 φυλάξωνται
788 1806 842 1856 οἱ
872 1804 991 1857 υἱοί
1018 1819 1136 1858 σου
1175 1803 1291 1872 τὴν
1314 1802 1609 1871 διαθήκην
1631 1820 1773 1873 μου,

190 1885 293 1939 καί
326 1885 402 1940 τὰ
445 1886 740 1953 μαρτύριά
772 1903 894 1955 μου
936 1887 1143 1941 ταῦτα.
1188 1885 1227 1941 ἁ
1269 1886 1490 1951 διδάξω
1530 1885 1772 1951 αὐτοὺς,

188 1968 289 2021 καὶ
320 1970 378 2023 οἱ
405 1967 521 2021 vlo!
567 1967 767 2023 αὐτῶν
795 1968 906 2035 ἕως
939 1969 1046 2023 τοῦ
1072 1969 1289 2035 αἰῶνος
1315 1969 1656 2024 καθιοῦνται
1676 1969 1775 2023 ἐπὶ

188 2053 299 2109 τοῦ
338 2055 557 2122 θρόνου
592 2066 729 2107 σου.
771 2051 988 2116 Ταύτας
1028 2053 1126 2118 τάς
1180 2053 1454 2125 συνθήκας
1488 2054 1714 2123 θέμενος
1746 2054 1776 2106 ό

187 2136 344 2200 Θεὸς,
396 2135 580 2199 αὐτοῖς
630 2135 928 2207 ἐνεχείρισε
978 2135 1041 2188 τὸ
1089 2137 1479 2208 χειρόγραφον·
1532 2139 1776 2193 κάκεῖνοι

188 2220 354 2276 πάλιν
384 2220 590 2289 ἔλεγον,
623 2219 826 2273 Πάντα
858 2220 977 2274 ὅσα
1002 2218 1174 2275 εἶπεν
1206 2224 1241 2276 ό
1270 2224 1482 2289 Κύριος
1521 2222 1772 2289 ποιήσοο

180 2322 300 2376 μεν
331 2306 431 2359 καὶ
466 2305 868 2374 ἀκουσόμεθα.
902 2302 1030 2358 Είτα
1059 2306 1246 2378 ἐπειδὴ
1274 2307 1378 2379 ὁρᾷ
1417 2305 1477 2359 τὸ
1514 2305 1573 2358 ἐν
1607 2305 1775 2376 μέρος

184 2388 579 2460 παρασεσηκὸς
610 2388 711 2452 τὰς
751 2386 1046 2459 συνθήκας,
1077 2388 1170 2443 ἐπὶ
1194 2389 1286 2443 τὸν
1327 2389 1491 2442 τόπον
1516 2390 1640 2457 ἄγει
1681 2388 1774 2441 τὸν

183 2473 369 2540 λόγον,
411 2470 748 2541 πανταχόθεν
779 2471 944 2524 κινῶν
969 2470 1163 2539 λόγους
1193 2471 1656 2542 παρακλητικοὺς,
1680 2472 1774 2525 καὶ

182 2557 366 2624 λέγων
387 2572 400 2585 ·
434 2555 558 2607 Ὅτι
601 2553 924 2619 ἐξελέξατο
973 2555 1189 2621 Κύριος
1214 2553 1332 2622 τὴν
1365 2553 1540 2618 Σιὼν,
1573 2557 1773 2623 ᾐρετί-

174 2634 339 2694 σατο
385 2638 584 2707 αὐτὴν
611 2642 700 2705 είς
741 2638 1054 2692 κατοικίαν
1079 2638 1292 2704 ἐαυτῷ.
1337 2642 1498 2707 Αὕτη
1529 2640 1567 2707 η
1597 2639 1774 2693 κατά-

181 2722 419 2789 παυσις
451 2740 571 2791 μου
610 2723 697 2787 εὶς
733 2720 920 2775 αἰῶνα
960 2720 1195 2787 αἰῶνος.
1216 2712 1355 2776 ’Ὧδε
1406 2722 1768 2789 κατοικήσω,

181 2805 276 2860 ὅτι
324 2803 702 2874 ῄρετισάμην
735 2804 951 2870 αὐτήν.
996 2804 1305 2866 Τουτέστιν,
1336 2806 1437 2859 οὐκ
1486 2804 1771 2876 ἀνθρωπος

178 2889 275 2943 τὸν
301 2889 469 2943 τόπον
513 2888 817 2955 ἐξελέξατο,
851 2888 967 2942 ἀλλ’
1005 2891 1034 2943 ὁ
1063 2890 1196 2952 Θεὸς
1239 2891 1401 2943 αὐτὸν
1446 2889 1767 2959 ἐψηφίσατο,

180 2972 641 3043 συγκαταϐαίνων
693 2972 872 3025 αὐτῶν
922 2975 989 3043 τῇ
1037 2973 1310 3045 ἀσθενείᾳ.
1345 2975 1411 3026 '0
1462 2969 1554 3026 οὖν
1599 2973 1769 3041 λέγει,

178 3056 425 3111 τοιοῦτόν
451 3059 599 3110 ἐστιν
619 3072 632 3085 ο
663 3056 722 3108 ὃν
751 3055 919 3119 εἵλου,
952 3056 1012 3111 ὃν
1044 3055 1295 3121 ἐξελέξω,
1328 3057 1386 3110 ὃν
1410 3055 1682 3128 ἐψηφίσω,
1711 3057 1771 3111 ὃν

179 3139 515 3209 ἐδοκίμασας
558 3138 859 3209 ἐπιτήδειον
897 3135 1056 3202 εἶναι,
1114 3140 1188 3210 μὴ
1236 3140 1380 3210 ἀφῇς
1424 3139 1768 3213 διαρρυῆναι,

185 3223 328 3293 μηδέ
358 3223 669 3277 ἀπολέσθαι.
707 3222 890 3276 Ταῦτα
918 3222 1028 3293 γὰρ
1062 3222 1268 3292 ἔλεγες,
1299 3223 1383 3277 ὅτι
1419 3222 1772 3290 Κατοικήσω

176 3307 461 3363 ἐνταῦθα.
500 3307 662 3361 Ἀλλά
705 3307 883 3361 ταῦτα
920 3308 1139 3374 ἐλέγετο
1179 3311 1315 3380 μετὰ
1347 3311 1458 3368 τῶν
1487 3305 1771 3374 συνθηκῶν

171 3389 425 3444 ἐκείνων.
457 3389 631 3443 Ποίων
654 3387 720 3460 δὴ
742 3387 979 3455 τούτων;
1007 3388 1148 3442 Ἐὰν
1169 3388 1559 3459 φυλάξωνται
1579 3392 1633 3443 οἰ
1657 3388 1777 3442 υἱοι

171 3488 297 3526 σου
320 3472 436 3542 τὴν
452 3471 756 3541 διαθήκην
775 3490 920 3543 μου.
942 3471 1063 3543 Τὴν
1079 3471 1273 3542 θήραν
1294 3469 1489 3542 αὐτῆς
1505 3468 1780 3542 εὐλογῶν

174 3552 520 3621 εὐλογήσω.
542 3553 790 3625 Ἕτερος,
818 3554 932 3608 Τὸν
956 3555 1362 3624 ἐπισιτισμόν.
1397 3556 1584 3627 Θήραν
1619 3554 1768 3625 λέγει

172 3636 288 3690 τῶν
326 3635 503 3690 ὠνίων
530 3636 630 3708 τὴν
656 3637 941 3706 ἀφθονίαν,
970 3638 1070 3708 τὴν
1101 3639 1411 3711 εὐετηρίαν,
1440 3643 1535 3696 καὶ
1547 3639 1767 3712 εὔχεται

171 3718 413 3773 adv-cad
447 3720 631 3783 αὐτοῖς
669 3720 746 3781 ὡς
790 3720 900 3774 ἀπὸ
952 3720 1144 3792 πηγῶν
1186 3723 1454 3794 ἐπιρρεῖν.
1506 3725 1614 3777 Καὶ
1656 3726 1767 3798 γὰρ

168 3801 436 3872 τοιαύτην
465 3798 612 3873 εἶχον
638 3802 913 3858 πολιτείαν
942 3805 991 3857 οἰ
1027 3805 1269 3859 Ἰουδαῖοι
1295 3806 1357 3859 τὸ
1385 3807 1632 3871 παλαιὸν,
1663 3809 1766 3863 οὑκ

168 3884 580 3957 αἰσθανομένην
600 3887 710 3939 τῶν
742 3887 987 3956 φυσικῶν
1010 3887 1284 3956 ἀναγκῶν,
1299 3888 1496 3943 εῖποτε
1524 3890 1614 3944 τὸν
1632 3891 1764 3943 Θεὸν

170 3968 339 4020 nam:
369 3963 548 4039 εἰχον
588 3967 712 4022 οὔτε
748 3967 858 4041 γὰρ
900 3969 1135 4023 σιτοδεία
1169 3988 1253 4035 τις
1284 3967 1353 4043 ἦν
1396 3974 1526 4045 παρ’
1557 3974 1760 4037 αὐτοῖς,

166 4050 236 4104 οὐ
276 4049 456 4120 λιμὸς,
491 4051 524 4120 ἢ
561 4051 772 4123 λοιμὸς,
801 4051 863 4104 οὐ
893 4051 1122 4108 θάνατος
1151 4054 1349 4126 ἄωρος,
1377 4055 1478 4110 οὐκ
1504 4054 1633 4110 ἀλλο
1657 4056 1764 4110 τῶν

163 4134 437 4189 τοιούτων
473 4137 643 4201 οὐδὲν,
675 4133 764 4190 οἷα
807 4135 1131 4207 συμϐαίνειν
1160 4142 1276 4203 τοῖς
1299 4140 1612 4212 ἀνθρώποις
1642 4144 1764 4195 εῖω-

164 4218 290 4282 θεν,
320 4217 458 4272 ἀλλά
502 4222 689 4277 πάντα
729 4219 914 4283 αὐτοῖς
953 4218 1142 4293 ῶσπερ
1182 4223 1247 4275 ἐκ
1292 4223 1485 4295 πηγῶν
1517 4225 1759 4297 ἐπέρρει,

159 4301 274 4370 τῆς
301 4300 400 4354 τοῦ
437 4302 573 4357 Θεοῦ
605 4303 788 4374 χειρὸς
824 4313 849 4342 θ
882 4302 990 4356 τῶν
1019 4303 1379 4375 ἀνθρωπίνων
1419 4311 1761 4381 πραγμάτων

160 4382 273 4454 τὴν
299 4384 585 4439 ἀσθένειαν
609 4385 1021 4458 διορθουμένης.
1066 4385 1219 4460 [579]
1254 4390 1427 4444 Τοῦτο
1462 4388 1556 4447 οὖν
1598 4410 1761 4465 φησιν

160 4467 428 4534 ἐνταῦθα,
454 4466 818 4541 δτιῪπέσχου
849 4471 948 4542 τὴν
990 4469 1164 4545 θήραν
1204 4474 1375 4545 αὐτῆς
1420 4476 1758 4548 εὐλογήσειν,

156 4552 437 4619 τουτέστι,
460 4553 557 4625 τὴν
584 4555 691 4610 τῶν
712 4557 1029 4625 ἀναγκαίων
1054 4557 1312 4628 ἀφθονίαν
1339 4558 1597 4630 παρέξειν
1620 4560 1761 4631 μετά

156 4634 376 4706 πολλῆς
401 4639 502 4707 τῆς
526 4638 852 4707 ἀσφαλείας.
890 4642 1036 4708 Τοὺς
1083 4642 1360 4710 πτωχοὺς
1398 4642 1591 4711 αὐτῆς
1619 4661 1758 4713 χορ-

156 4718 337 4771 τάσω
384 4719 598 4788 ἄρτων.
644 4722 794 4790 Τοὺς
846 4725 1022 4794 ἱερεῖς
1068 4725 1260 4794 αὐτῆς
1289 4725 1525 4779 ἐνδύσω
1562 4741 1759 4795 σωτη-

148 4802 332 4869 ρίαν,
375 4805 472 4857 καί
512 4807 565 4859 οἰ
622 4806 779 4861 ὅσιοι
826 4808 1019 4877 αὐτῆς
1060 4807 1418 4879 ἀγαλλιάσει
1465 4809 1758 4877 ἀγαλλιά-

157 4902 407 4942 σονται.
438 4890 599 4944 Ἐκεῖ
633 4892 980 4957 ἐξανατελῶ
1020 4894 1199 4962 κέρας
1228 4892 1308 4959 τῷ
1339 4893 1522 4948 Δαυῒδ
1545 4912 1558 4924 ·
1595 4895 1758 4963 ἡτοί-

151 4985 339 5039 μασα
393 4973 628 5041 λύχνον
680 4974 762 5041 τῷ
815 4975 1043 5045 χριστῷ
1090 4995 1232 5047 μου.
1298 4977 1444 5044 Τοὺς
1503 4978 1758 5046 ἐχθροὺς

152 5053 361 5109 αὑτοῦ
397 5055 634 5111 ἐνδύσω
683 5060 1017 5127 αἰσχύνην·
1058 5060 1157 5114 ἐπὶ
1190 5058 1258 5113 δὲ
1288 5062 1480 5116 αὐτὸν
1509 5061 1757 5129 ἐξανθήο

154 5153 265 5192 σει
294 5137 362 5191 τὸ
399 5139 666 5211 ἀγίασμά
704 5160 845 5213 μου.
877 5144 1021 5213 Ὅρα
1074 5144 1410 5215 πανταχόθεν
1455 5145 1754 5218 εὐημερίαν

225 5349 255 5420 _‘
280 5348 395 5420 Sa].
408 5350 564 5420 ..ού-μή
588 5353 816 5420 ἀθετήσῃ.

224 5411 451 5487 {51.5103
469 5411 579 5487 S'av:
598 5434 610 5463 :
630 5434 663 5486 «ι
672 5411 897 5487 Fat-(0530
925 5416 1109 5487 αὐτούς.
1139 5418 1333 5487 ἰμιιιεεινρἒ
1356 5428 1519 5487 taan
1540 5423 1750 5487 legerat,

150 5474 475 5545 tlljlide‘lur2
521 5474 688 5545 αὐτοῦ.
716 5477 888 5545 Ριςιρει
911 5474 1247 5545 ιιυιειῐιειίοω
1280 5474 1428 5532 αὐτοῦ
1454 5474 1666 5545 ίειτίξῖιῑ
1691 5474 1753 5536 σά

298 5532 567 5607 τοῖοι-οων.
584 5536 684 5607 8ςά
704 5540 919 5607 πολιτεία
942 5543 1142 5607 prqplje
1166 5543 1225 5592 ad
1250 5532 1489 5606 personas
1504 5532 1747 5607 ερὲοῖειψί

150 5594 496 5659 Quamobrem
515 5596 663 5646 αὐτοῦ
688 5612 889 5659 prorsus
906 5594 957 5650 in'
982 5594 1139 5651 αὐτῶν
1159 5594 1445 5656 mniandtmi
1468 5594 1683 5659 ’νῖἆειύιὲ

228 5663 252 5727 εξ
281 5658 414 5727 Lilud
432 5658 774 5727 ἄκουε,ἐπάγει
798 5663 887 5726 γάρ
910 5676 1006 5727 non
1036 5664 1185 5716 habet
1206 5665 1378 5717 Morel.
1432 5722 1435 5727 ς

226 5719 254 5758 tl
278 5717 394 5784 SpV.
423 5721 505 5784 καὶ
524 5717 1054 5784 εὔχεταίῶστέπάντα.

230 5790 259 5818 ο
274 5781 397 5831 Mor.
422 5781 634 5848 χάριτος.

1274 333 1645 395 EXI‘OSlTlO
1680 334 1747 393 IN
1789 334 2126 395 PSALMUM
2156 338 2419 398 CXXXII.

3365 348 3470 404 ὅθι

1885 459 2429 532 συγκεκροτημένην,
2455 460 2567 516 ἀπὸ
2595 459 2687 514 τοῦ
2714 459 2882 533 μηδὲν
2903 460 3012 516 τῶν
3043 463 3355 534 ἀναγκαίων
3382 468 3473 519 ἐν-

1881 543 2015 610 δεῖν,
2041 544 2151 597 ἀπὸ
2177 545 2272 598 τοῦ
2298 547 2424 610 τοὺς
2449 547 2620 617 ἱερεῖς
2650 547 2710 600 ἐν
2741 546 3012 618 ἀσφαλείᾳ
3043 543 3205 614 εἶναι,
3238 550 3347 603 ἀπὸ
3375 551 3475 606 τοῦ

1879 626 1972 680 τὸν
2006 626 2133 681 λαὸν
2154 628 2214 682 ἐν
2245 628 2574 701 εὐφροσύνῃ,
2602 630 2711 684 ἀπὸ
2734 630 2829 683 τοῦ
2848 629 2942 684 τὸν
2967 629 3193 701 βασιλέα
3218 633 3277 686 ἐν
3304 633 3468 705 ἰσχύϊ.

1881 708 2090 781 Λύχνον
2118 710 2225 780 γὰρ
2271 712 2506 766 ἐνταῦθα
2555 712 2589 785 ἢ
2631 712 2723 765 τὸν
2758 712 2982 783 βασιλέα
3026 714 3214 784 φησὶν,
3255 716 3290 787 ἦ
3321 716 3475 770 ἀντί-

1880 793 2064 864 ληψιν,
2099 795 2132 866 ἢ
2166 796 2463 869 σωτηρίαν,
2495 797 2528 868 ἢ
2559 795 2704 865 φῶς·
2749 796 2885 867 μετὰ
2912 797 2968 850 δὲ
2989 797 3193 854 τούτων
3218 798 3280 853 τὸ
3312 798 3475 871 μέγι-

1884 895 2009 931 στον
2047 880 2147 951 τῆς
2194 880 2496 953 εὐημερίας
2542 875 2703 944 εἶδος.
2735 882 2895 934 Ποῖον
2924 882 2988 953 δὴ
3014 881 3201 950 τοῦτο;
3230 883 3305 935 Τὸ
3341 884 3473 948 τοὺς

1883 961 2113 1034 ἐχθροὺς
2160 962 2621 1032 ἐγκαλύπτεσθαι,
2677 963 2773 1017 καὶ
2805 964 3011 1035 μηδένα
3043 959 3183 1019 εῖναι
3232 964 3327 1020 τὸν
3374 965 3469 1019 λυ-

1884 1045 2210 1116 μαινόμενον
2235 1049 2348 1111 τοῖς
2388 1047 2576 1111 καλοῖς
2604 1046 2834 1110 τούτοις.
2869 1047 2979 1101 Καὶ
3007 1049 3107 1102 οὐκ
3136 1045 3288 1102 εἶπεν
3316 1049 3471 1103 ἀπώ-

1880 1126 2031 1182 λειαν
2058 1128 2267 1194 ἁπλῶς,
2291 1130 2408 1183 ἀλλ’
2434 1130 2723 1201 αἰσχύνην,
2746 1129 3070 1201 βουλόμενος
3097 1130 3238 1185 ὥστε
3260 1132 3471 1198 ζῶντας

1881 1210 2348 1285 ἐγκαλύπτεσθαι,
2384 1215 2480 1267 καὶ
2514 1213 2901 1281 καταδύεσθαι,
2938 1214 3033 1267 καί¹
3072 1216 3371 1285 μαρτυρεῖν
3399 1214 3471 1269 δι’

1882 1284 1959 1346 ὧν
1988 1294 2258 1366 πάσχουσι
2308 1296 2403 1368 τὴν
2433 1298 2587 1367 ἰσχὺν
2615 1297 2712 1351 καὶ
2752 1298 2853 1369 τὴν
2885 1298 3185 1369 εὐημερίαν
3212 1284 3291 1368 τῷ
3327 1298 3472 1352 ἔθνει

1879 1373 2080 1446 τούτῳ.
2114 1378 2237 1432 Ἐπί
2267 1378 2335 1432 δὲ
2363 1381 2550 1435 αὑτὸν
2567 1379 2893 1447 ἐξανθήσει
2912 1380 2979 1433 τὸ
2995 1380 3263 1451 άτίασμά
3283 1399 3403 1449 μου
3421 1381 3467 1436 ί.

1881 1458 1946 1512 Τί
1980 1458 2150 1525 ἐστιν,
2167 1461 2291 1516 Ἐπὶ
2320 1463 2388 1516 δὲ
2413 1464 2771 1528 αὐτόν;Ἐπί
2791 1462 2884 1517 τὸν
2910 1463 3058 1517 λαόν.
3084 1464 3154 1518 Τὸ
3182 1464 3450 1534 ἁγίασμα

1879 1541 2068 1615 ἔτερος
2118 1545 2188 1599 Τὸ
2217 1547 2397 1615 κέρας
2437 1542 2612 1601 εἶπεν.
2646 1546 2862 1615 Ἀλλος,
2893 1547 3214 1617 Ἀερόρισμα
3258 1548 3469 1603 αὐτοῦ.

1885 1627 2095 1694 Ἄλλος,
2148 1630 2216 1684 Τὸ
2251 1632 2671 1701 ἀφωρισμένον
2717 1631 2927 1688 αὐτοῦ.
2958 1632 3024 1684 Τί
3071 1632 3189 1685 ποτ’
3229 1627 3323 1686 οὖν
3353 1632 3472 1686 ἐστι

1882 1711 1941 1764 τὸ
1981 1713 2309 1785 εἰρημένον;
2359 1716 2514 1786 Ἐμοὶ
2557 1716 2706 1769 δοκεῖ
2760 1715 2863 1787 τὴν
2916 1705 3225 1788 εὐπραγίαν
3266 1715 3470 1786 λέγειν,

1878 1797 1979 1869 τὴν
2009 1796 2335 1867 ἀσφάλειαν,
2369 1797 2470 1868 τὴν
2509 1798 2687 1869 ἰσχὺν,
2722 1798 2823 1870 τὴν
2854 1799 3153 1870 βασιλείαν.

1953 1879 2136 1952 Ἀπερ
2168 1879 2229 1944 ἐξ
2263 1879 2443 1952 ἀρχῆς
2481 1880 2738 1954 ἀφώρισα
2777 1882 2946 1954 αὐτῷ,
2977 1883 3154 1939 ταῦτα
3190 1885 3343 1952 μενεῖ
3371 1884 3471 1937 ἀν-

1880 1962 2098 2029 θοῦντα,
2131 1966 2286 2036 φησὶ,
2331 1965 2584 2037 βρύοντα,
2617 1968 2678 2020 οὐ
2723 1968 3118 2039 μαραινόμενα,
3148 1968 3269 2022 οὐδὲ
3304 1986 3472 2022 κατα-

1878 2047 2183 2101 πίπτοντα’
2226 2048 2363 2102 ἀλλά
2402 2049 2581 2103 ταῦτα
2621 2052 2800 2105 πάντα
2841 2051 3012 2117 ἐσται,
3046 2051 3142 2104 τοῦ
3183 2050 3471 2123 διορσσμοῦ

1876 2130 1971 2183 τοῦ
2009 2129 2321 2201 ἔμπροσθεν
2366 2134 2660 2204 εἰρημένου
2704 2134 2975 2204 μένοντος.
3039 2135 3201 2187 Ποίου
3246 2134 3311 2206 δὴ
3344 2133 3471 2187 τού-

1878 2233 2003 2283 του;
2045 2217 2189 2271 Ἐὰν
2228 2218 2615 2287 φυλάξωνται
2647 2224 2700 2275 οἰ
2735 2220 2855 2274 υἱοί
2893 2236 3012 2274 σου
3038 2219 3154 2289 τὴν
3174 2220 3472 2289 διαθήκην

1874 2316 2012 2368 μου.
2044 2300 2118 2353 Οὐ
2160 2300 2273 2371 γάρ
2322 2302 2481 2371 μόναι
2526 2304 2582 2356 αἰ
2633 2303 2961 2374 ὑποσχέσεις
3009 2303 3104 2357 τοῦ
3151 2304 3287 2358 Θεοῦ
3323 2321 3469 2376 παρ-

1878 2383 2094 2453 έχουσιν
2119 2385 2253 2455 ἡμῖν
2280 2385 2351 2439 τά
2396 2386 2599 2455 ἀγαθὰ,
2626 2387 2694 2441 ἂν
2749 2386 2824 2458 μὴ
2868 2386 2961 2441 καὶ
3009 2389 3171 2458 ἡμεῖς
3212 2390 3281 2443 τὰ
3335 2390 3464 2462 παρ’

1876 2466 2084 2520 ἑαυτῶν
2124 2467 2405 2539 ποιῶμεν,
2472 2470 2591 2522 οὐδὲ
2636 2470 2742 2541 χρὴ
2785 2469 2997 2536 τούτοις
3027 2480 3053 2519 8
3097 2472 3466 2543 προσέχοντας

1876 2550 2352 2613 ἀναπεπτωκέναι,
2396 2552 2492 2605 καὶ
2544 2552 2771 2616 ὑπτίους
2816 2550 2976 2608 εἶναι.
3020 2554 3199 2608 Πολλά
3233 2555 3342 2625 γὰρ
3375 2557 3471 2610 καὶ

1874 2635 1981 2687 τῶν
2018 2635 2242 2705 ἀγαθῶν
2269 2628 2346 2690 ὧν
2382 2636 2755 2708 ἐπηγγείλατο
2799 2639 2828 2691 ὁ
2865 2637 2998 2701 Θεὸς
3048 2636 3110 2691 οὐ
3164 2642 3332 2701 ποιεῖ,
3362 2638 3469 2694 τῶν

1874 2718 1974 2781 τὰς
2024 2719 2356 2787 ἐπαγγελίας
2400 2718 2715 2791 δεξαμένων
2746 2719 2983 2785 ἀναξίων
3024 2721 3459 2792 εὑρισκομένων·

1875 2798 2065 2872 ὥσπερ
2095 2802 2191 2854 καὶ
2214 2801 2283 2855 τὰ
2306 2802 2473 2868 κακά,
2504 2803 2541 2857 ἃ
2565 2801 2886 2874 ἠπείλησεν,
2914 2805 2995 2866 εἰς
3017 2802 3177 2874 ἔργον
3199 2804 3301 2858 οὐκ
3321 2804 3468 2873 ἄγει,

1875 2882 1984 2937 τῶν
2032 2884 2454 2956 παροξυνάντων
2486 2887 2650 2940 αὐτὸν
2694 2886 2921 2958 ὕστερον
2957 2886 3468 2959 μεταϐαλλομένων,

1876 2967 1969 3021 καὶ
2006 2967 2105 3039 τὴν
2137 2968 2309 3042 ὀργὴν
2336 2971 2860 3043 ἀποκρουσαμένων.
2898 2969 3085 3023 Ταῦτα
3117 2966 3212 3026 οὖν
3242 2971 3466 3038 εἰδότες,

1877 3050 2012 3121 μήτε
2053 3049 2141 3104 διὰ
2178 3050 2278 3114 τὰς
2316 3054 2644 3123 ὑποσχέσεις
2671 3051 3027 3124 ρᾳθυμῶμεν,
3066 3053 3153 3107 ἵνα
3188 3055 3264 3125 μὴ
3296 3073 3469 3109 κατα-

1874 3132 2151 3204 πέσωμεν,
2176 3135 2317 3204 μήτε
2340 3135 2431 3188 διὰ
2451 3135 2551 3199 τὰς
2565 3135 2793 3199 ἀπειλὰς
2816 3135 3307 3207 ἀπογινώσκωμεν,
3329 3138 3468 3193 ἀλλά

1875 3216 2363 3289 μεταδαλλὼμεθα.
2406 3216 2564 3271 Οὕτω
2590 3219 2700 3288 γάρ
2727 3218 3073 3289 δυνησόμεθα
3102 3218 3212 3273 τῶν
3244 3221 3467 3291 μελλόν-

1870 3315 1980 3353 των
2013 3303 2287 3372 ἐπιτυχεῖν
2316 3300 2558 3371 ἀγαθῶν,
2593 3302 2777 3374 χάριτι
2818 3303 2914 3356 καὶ⁵
2960 3302 3343 3377 φιλανθρωπίᾳ
3370 3306 3465 3358 τοῦ

1871 3384 2080 3454 Κυρίου
2112 3384 2271 3455 ἡμῶν
2303 3384 2479 3456 Ἰησοῦ
2510 3384 2773 3457 Χριστοῦ,
2794 3377 2889 3456 ᾧὴ
2916 3385 3045 3451 δόξα
3066 3387 3162 3440 καὶ
3182 3388 3243 3440 τὸ
3264 3388 3465 3460 κράτος

1870 3470 1952 3534 είς
1975 3470 2103 3533 τοὺς
2133 3470 2336 3533 αἰῶνας
2360 3470 2470 3523 τῶν
2504 3470 2740 3526 αἰώνων.
2770 3470 2966 3541 ’Δμήν.

2264 3629 2375 3682 ΕΙΣ
2411 3628 2548 3682 TON
2597 3629 2745 3682 PAB'
2794 3630 3120 3685 ΨᾹΛΜΟΝ.

1882 3727 2038 3783 Ἰδοὺ
2076 3728 2154 3799 δὴ
2182 3729 2241 3781 τί
2284 3729 2497 3792 καλὸν,
2522 3727 2560 3797 ἢ
2590 3729 2648 3782 τί
2685 3730 2946 3799 τερπνόν
2983 3729 3177 3799 (ἄλλος,
3210 3728 3356 3784 Ἰδοὺ
3402 3732 3462 3786 τί

1936 3798 2194 3923 (ιξέαθὸν,⁸
2242 3799 2340 3852 καὶ
2378 3799 2437 3851 τί
2484 3801 2721 3885 καλόν),
2766 3798 2905 3852 ἀλλ’
2954 3799 2994 3868 ἢ
3046 3799 3112 3853 τὸ
3159 3801 3460 3856 κατοικεῖν

2016 3873 2246 3923 ελφουι·
2287 3867 2389 3922 ἐπὶ
2418 3868 2485 3921 τὸ
2517 3870 2697 3923 αὐτος

2016 3868 2246 3937 ελφοὺς
2287 3867 2389 3922 ἐπὶ
2418 3868 2485 3921 τὸ
2517 3867 2692 3933 αὐτό;

1938 3992 2118 4047 Πολλά
2150 3993 2261 4047 τῶν
2297 3990 2643 4066 πραγμᾶτων
2678 3992 2796 4047 ἐστὶ
2834 3994 2935 4065 μὲν
2967 3992 3132 4060 καλὰ,
3158 3994 3217 4049 τὸ
3246 3993 3305 4049 δὲ
3329 4012 3456 4067 τερ-

1866 4076 1999 4132 πνὸν
2029 4077 2130 4131 οὐκ
2178 4076 2321 4148 ἔχει·
2363 4076 2526 4148 ἐτερα
2567 4074 2595 4115 δ
2624 4078 2817 4150 ἡδονὴν
2853 4078 2952 4149 μὲν
2993 4078 3106 4150 ἔχει
3141 4078 3327 4146 πάλιν,
3360 4077 3456 4132 τοῦ

1867 4160 2017 4235 [580]
2046 4160 2331 4215 καλλίστου
2353 4159 2408 4215 δὲ
2436 4161 2806 4233 ἀπεστέρηται
2829 4176 2843 4191 ⁸
2871 4163 3158 4235 ἀμφότερα
3184 4163 3241 4215 δέ
3266 4162 3455 4217 συνελ-

1864 4245 1998 4306 θεῖν,
2038 4246 2101 4298 οὑ
2134 4243 2338 4318 σφόδρα
2367 4242 2621 4316 εὖποραν.
2648 4244 2788 4298 Ἀλλ’
2816 4245 2909 4298 ἐπὶ
2949 4246 3140 4298 τούτου
3163 4244 3258 4298 τοῦ
3297 4246 3452 4317 εἰρη-

1866 4327 2029 4398 μένου
2052 4328 2338 4399 ἀμφότερα
2360 4326 2533 4380 ταῦτα
2564 4327 2996 4400 συνδεδράμηκε,
3028 4328 3121 4381 καὶ
3150 4328 3334 4399 ἡδονὴ,
3358 4329 3455 4382 καὶ

1860 4410 1922 4463 τὸ
1952 4410 2259 4468 κάλλιστον.
2284 4409 2453 4463 Τοῦτο
2474 4410 2584 4481 γὰρ
2603 4410 2838 4481 μάλιστα
2870 4413 2902 4479 ἡ
2930 4410 3119 4482 ἀγάπη
3152 4410 3415 4480 κέκτηται
3433 4425 3449 4440 ⁶

1865 4492 2006 4564 μετά
2046 4493 2148 4564 τῆς
2180 4492 2446 4562 ὠφελείας
2496 4493 2592 4545 καὶ⁸
2636 4492 2699 4545 τὸ
2751 4493 2948 4564 ῥᾷστον
2996 4491 3131 4562 ἔχει,
3184 4492 3281 4544 καὶ
3327 4491 3447 4562 ἡδύ.

1861 4577 2078 4647 Ταύτην
2122 4577 2254 4646 γοῦν
2286 4578 2380 4631 καὶ
2421 4576 2655 4631 ἐνταῦθα
2697 4578 2943 4648 ἀνυμνεῖ.
2975 4578 3048 4643 Οὐ
3101 4578 3209 4648 γὰρ
3262 4577 3449 4641 ἁπλῶς

1859 4659 1957 4730 τὴν
1991 4660 2203 4729 οἴκησιν
2238 4655 2409 4725 εἶπεν,
2438 4659 2559 4713 οὐδὲ
2604 4658 2684 4730 τῷ
2730 4660 2811 4712 ἐνὶ
2847 4659 3165 4730 συνέχεσθαι
3198 4660 3443 4731 οἰκίσκῳ,

1858 4744 1974 4797 ἀλλ’
1997 4745 2088 4797 ἐπὶ
2113 4746 2175 4798 τὸ
2202 4744 2335 4799 αὐτὸ
2358 4745 2651 4810 κατοικεῖν,
2683 4743 2951 4809 τουτέστι,
2977 4742 3116 4815 μετὰ
3138 4744 3448 4815 ὁμοφωνίας

1859 4829 1953 4881 καὶ⁸
1984 4828 2233 4900 ἀγάπης*
2264 4827 2425 4881 τοῦτο
2447 4827 2557 4897 γὰρ
2580 4829 2727 4880 ποιεῖ
2754 4827 2933 4898 ψυχὴν
2972 4822 3112 4881 εἶναι
3147 4832 3293 4898 μίαν.
3313 4822 3447 4881 Εἶτα

1858 4909 2029 4963 εἰπὼν
2060 4910 2226 4965 καλὸν
2252 4911 2346 4965 καὶ
2373 4911 2627 4982 τερπνὸν,
2670 4910 3005 4983 σαφέστερον
3034 4911 3203 4966 ποιῶν
3238 4911 3330 4965 τὸν
3357 4911 3448 4963 λό-

1856 5011 1974 5063 γον,
2011 4996 2104 5048 καὶ
2136 4996 2218 5059 εἰς
2256 4993 2607 5066 παράδειγμα
2644 4994 2865 5066 ἐκφέρει
2905 4993 2967 5047 τὸ
3010 4995 3319 5067 εἰρημένον,
3348 4995 3441 5047 καί

1860 5077 2180 5148 σωματικὰς
2232 5078 2446 5141 εἰκόνας
2492 5077 2695 5148 τίθησι,
2745 5077 3052 5148 δυναμένας
3103 5076 3441 5147 σαφεστέραν

1855 5160 1934 5231 τῷ
1971 5162 2214 5233 ἀκροατῇ
2256 5160 2605 5232 παραστῆσαι
2629 5160 2729 5231 τὴν
2754 5159 2897 5227 ὄψιν.
2935 5161 3092 5224 Τίνες
3125 5160 3180 5213 δέ
3212 5161 3348 5213 εἰσιν
3384 5162 3440 5214 αἰ

1856 5244 2063 5309 εἰκόνες
2093 5245 2195 5317 ὅρα
2222 5246 2265 5298 ί.
2299 5244 2393 5310 Ὠς
2408 5245 2602 5314 μύρον
2629 5242 2728 5297 ἐπὶ
2756 5241 3047 5312 κεφαλῆς,
3067 5241 3133 5294 τὸ
3161 5242 3441 5295 καταϐαῖ-

1854 5336 1966 5381 νο)⁴
1996 5327 2097 5381 ἐπὶ
2120 5327 2228 5384 τὸν
2246 5326 2517 5397 πώγωνα,
2550 5327 2657 5379 τεν
2693 5323 2945 5395 πώγωνα
2971 5324 3079 5377 τὸν
3107 5322 3343 5392 Ἀαρὼν,
3370 5324 3440 5379 τὸ

1854 5411 2213 5467 καταϐαῖνον
2250 5412 2348 5465 ἐπὶ
2393 5411 2510 5481 τὴν
2540 5409 2667 5475 ῷαν
2706 5408 2814 5464 τοῦ
2856 5409 3189 5479 ἐνδύματος
3228 5408 3435 5464 αὐτοῦ.

1922 5607 1941 5646 ΐ
1964 5609 2077 5657 Sav.
2111 5606 2167 5670 τὸ
2188 5606 2404 5670 ἁγίασμά
2429 5622 2539 5670 μου,
2559 5606 2804 5670 τουτέστιν
2830 5605 2905 5670 ἐπὶ
2925 5607 3007 5655 τὸν
3026 5608 3158 5656 λαόν.

1884 5692 1892 5699 ·
1918 5673 1943 5731 β
1969 5668 2251 5731 tegendum
2273 5668 2468 5716 videtur
2494 5668 2604 5731 οὐδὲ
2634 5669 2725 5731 χρὴ
2752 5669 2961 5725 ταύταις.

1917 5730 1944 5769 τε
1966 5729 2061 5779 Alii
2089 5730 2176 5777 οὐκ
2196 5731 2312 5792 ἔχει,
2335 5732 2470 5778 ὥσπε
2522 5729 2678 5791 ἔτερα(
2700 5739 2749 5778 ΘΙ
2771 5743 2882 5779 mox
2905 5729 2990 5779 τοῦ
3012 5729 3164 5780 καλοῦ
3190 5733 3238 5780 δέ
3260 5732 3432 5787 imor.

1923 5792 1938 5832 i
1969 5792 2049 5839 Sic
2068 5791 2180 5839 Sav.
2206 5803 2354 5839 amue
2377 5792 2441 5839 ila
2472 5746 2591 5839 rem
2618 5791 2797 5839 inlero.
2826 5791 2877 5839 In
2900 5791 3017 5839 Mor.
3044 5803 3131 5839 οοςι
3153 5796 3314 5839 deest.

1923 5792 1938 5832 ἱ
1969 5792 2049 5842 Sic
2068 5791 2180 5841 Sav.
2206 5791 2354 5853 sique
2377 5792 2441 5842 ila
2472 5791 2591 5853 [egit
2618 5791 2797 5854 inlerp.
2826 5791 2877 5841 In
2900 5791 3017 5844 Mor.
3044 5803 3131 5858 δρα
3153 5796 3314 5847 deest.
