3956 6404
163 386 274 440 385

161 514 293 553 cum
320 503 463 559 esset
496 488 749 562 pontifex,
773 481 1062 553 angebatur
1089 477 1190 530 hoc
1216 479 1515 541 unguento,
1529 475 1581 520 et
1601 462 1756 517 undi-

160 607 273 663 que
301 554 597 642 distillabat
625 598 638 634 :
668 586 783 634 erat
820 583 994 628 autem
1040 566 1195 622 valde
1240 571 1445 634 gratus,
1473 554 1756 627 jucundus,

163 645 223 735 et
244 676 490 732 amabilis
512 673 577 727 iis
604 669 693 740 qui
723 682 846 723 eum
874 663 1139 724 videbant,
1156 663 1370 728 propter
1395 650 1532 705 hanc
1557 645 1763 701 unctio-

169 785 320 824 nem.
363 760 819 838 Quemadmodum
865 770 993 828 ergo
1020 752 1128 817 ille,
1172 746 1382 818 inquit,
1430 750 1621 797 unctus
1661 736 1763 791 hoc

168 833 482 933 unguento,
527 865 611 911 est
655 853 755 907 hoc
789 849 970 903 habitu
1012 844 1259 905 decorus,
1304 837 1448 891 vultu
1495 833 1680 894 laetus,
1709 837 1763 883 et

168 921 341 1009 mtiIta
368 921 602 1021 repletus
631 939 939 1012 fragrantia,
974 935 1303 1008 gratiamque
1332 926 1529 998 praebet
1574 921 1761 974 viden-

170 1046 319 1100 tibus
348 1011 517 1096 ocdlis
538 1057 551 1092 :
573 1038 644 1093 ita
659 1011 818 1092 etiam
853 1032 954 1086 hoc
984 1026 1264 1099 pulchrum
1292 1030 1375 1075 est
1398 1036 1412 1081 ;
1437 1026 1490 1073 et
1510 1011 1765 1086 quemad-

170 1134 396 1197 modum
436 1129 560 1186 illud
602 1123 962 1199 spectaculum
1005 1134 1108 1173 non
1155 1115 1327 1169 solum
1369 1118 1452 1165 est
1496 1108 1609 1160 visu
1646 1103 1738 1175 pul

170 1227 400 1290 chrum,
453 1221 548 1277 sed
595 1195 754 1274 etiam
801 1214 1033 1271 delectat
1078 1206 1264 1262 oculos
1293 1224 1305 1255 :
1336 1202 1406 1257 ita
1454 1199 1614 1255 etiam
1664 1195 1765 1248 hoc

172 1317 332 1372 aﬂ'ert
367 1314 697 1381 voluptatem
735 1308 948 1362 animae.
974 1303 1028 1357 4.
1063 1299 1208 1355 Sicut
1248 1312 1332 1349 ros
1377 1291 1634 1351 Hermon,
1680 1285 1765 1355 qui

172 1407 431 1463 descendit
450 1376 740 1459 iit-montem
787 1396 937 1452 Sion.
984 1390 1218 1446 Adduxit
1258 1388 1415 1441 etiam
1459 1376 1765 1435 similitudi-

172 1517 323 1566 nem,
350 1514 470 1569 qua:
518 1494 734 1549 amitam
780 1489 941 1543 habet
976 1480 1382 1556 iucunditatem,
1404 1483 1455 1528 et
1480 1467 1764 1540 spectatori

175 1560 386 1664 praebet
410 1584 843 1645 delectationem.
866 1577 992 1633 Haec
1015 1584 1192 1629 autem
1220 1582 1324 1627 non
1351 1566 1444 1619 abs
1462 1579 1520 1618 re
1546 1560 1721 1631 posuit
1750 1575 1762 1609 :

172 1686 272 1742 sed
298 1684 547 1756 quoniam
585 1688 709 1735 ante
747 1672 1105 1743 captivitatem
1153 1663 1338 1720 decem
1367 1659 1471 1712 illa;
1519 1654 1686 1708 tribus
1714 1659 1769 1705 et
1823 1702 1827 1706 ,

173 1779 298 1834 dua:
328 1777 446 1831 aliae
485 1780 640 1828 erant
681 1768 956 1838 dispersae,
981 1775 1043 1814 ac
1070 1756 1277 1817 divisae,
1309 1761 1364 1806 et
1388 1765 1447 1805 ca
1472 1761 1630 1802 causa
1668 1741 1764 1797 fuit

173 1871 363 1925 multze
399 1863 710 1935 iniquitatis,
733 1870 933 1926 eosque
960 1853 1027 1908 ad
1057 1848 1367 1911 seditiones,
1398 1839 1769 1897 contentiones

173 1980 232 2024 et
254 1964 391 2021 bella
436 1929 641 2029 impulit
672 1972 686 2008 :
718 1953 832 2007 bzec
870 1966 937 2005 ne
966 1946 1155 2001 tierent
1199 1940 1408 2005 suadet,
1438 1942 1493 2025 et
1541 1929 1770 1988 consulit

176 2074 249 2115 ne
276 2014 755 2126 p0pulus'amplins
801 2039 1162 2100 distrahatur;
1195 2030 1289 2086 sed
1336 2014 1497 2083 simul
1544 2022 1766 2085 habitet,

176 2153 245 2207 sit
277 2116 636 2216 Ico'ujunctus,
683 2136 877 2207 unique
913 2121 1326 2185 administratori
1347 2130 1402 2176 et
1428 2116 1539 2188 regi
1569 2119 1767 2184 pareat,

174 2214 476 2312 caritasque
497 2237 565 2292 ab
604 2232 753 2289 initio
776 2229 841 2283 ad
871 2226 1028 2281 finem
1056 2235 1221 2292 usque
1246 2214 1474 2280 difﬂuat,
1501 2219 1769 2278 tamquam

176 2350 269 2390 ros
294 2346 484 2389 omnes
505 2323 822 2399 pervadens.
844 2319 1135 2386 Comparat
1160 2321 1338 2364 autem
1364 2305 1641 2360 caritatem
1673 2316 1772 2354 un-

175 2433 380 2498 guento
402 2431 458 2477 et
481 2390 589 2475 rori
620 2435 634 2472 :
667 2430 762 2486 per
782 2409 909 2467 illud
952 2405 1168 2478 quidem
1216 2399 1529 2457 suavitatem
1568 2390 1768 2453 odoris,

180 2531 280 2588 per
308 2515 455 2568 hunc
483 2522 610 2565 vero
646 2505 876 2576 quietem
907 2508 958 2554 et
985 2493 1392 2551 delectationem
1419 2488 1564 2541 visus
1589 2481 1774 2538 volens

177 2575 486 2665 emendem.
536 2575 786 2669 Quoniam
831 2593 954 2647 illuc
980 2586 1236 2643 mandauit
1277 2581 1530 2637 Dominus
1567 2575 1772 2635 benedi-

177 2703 417 2758 ctionem.
461 2694 617 2759 Illuc,
666 2686 932 2764 quonam?
960 2684 1017 2738 In
1059 2682 1220 2737 talem
1265 2675 1669 2739 habitationem,
1719 2671 1772 2725 in

180 2792 347 2848 talem
386 2782 750 2848 concordiam,
777 2779 829 2833 in
861 2778 1019 2832 talem
1049 2784 1395 2834 consensum,
1423 2768 1476 2821 in
1508 2765 1610 2820 tale
1646 2777 1777 2818 con-

182 2881 514 2941 tubernium.
548 2876 661 2931 Hoc
704 2870 846 2929 enim
888 2876 968 2923 est
1016 2862 1338 2923 benedictio,
1378 2859 1516 2914 sicut
1563 2864 1777 2910 contra-

183 2978 330 3034 rium
379 2968 704 3028 maledictio.
749 2960 1010 3031 Quocirca
1051 2956 1153 3011 hoc
1179 2965 1392 3024 quoque
1426 2947 1605 3003 laudat
1633 2947 1778 3014 quis-

183 3070 329 3142 piam
356 3109 373 3134 ,
401 3065 587 3119 dicens
617 3076 633 3115 :
659 3055 892 3115 Amicitia
937 3056 1153 3122 fratrum
1177 3088 1191 3114 ,
1219 3054 1267 3101 et
1294 3042 1564 3097 concordia
1607 3038 1779 3107 proxi-

185 3127 408 3222 morum,
435 3166 479 3211 et
503 3154 579 3208 uir
601 3160 649 3206 et
670 3148 850 3205 mulier
883 3157 1055 3200 secum
1076 3135 1433 3193 consentientes
1464 3130 1646 3204 (Eccli.
1684 3127 1775 3182 25.

188 3252 276 3320 2).
305 3249 371 3303 Et
396 3220 526 3300 alius
562 3242 704 3296 vires
741 3238 859 3309 ejus
888 3229 1223 3302 muigmatice
1250 3224 1579 3297 significans,
1609 3220 1737 3274 dicit
1762 3236 1775 3272 :

187 3343 261 3399 Si
278 3342 379 3395 duo
410 3337 720 3394 dormierint,
757 3332 897 3383 calor
938 3327 1033 3380 erit
1062 3321 1208 3391 ipsis,
1238 3333 1284 3373 et
1305 3316 1561 3387 funiculus
1597 3312 1782 3382 triplex

185 3452 295 3490 non
324 3431 475 3503 facile
515 3435 772 3495 rumpatur
806 3418 999 3492 (Eccla.
1029 3416 1083 3470 4.
1114 3414 1203 3469 Il.
1237 3409 1349 3480 ΡΞ).
1382 3407 1511 3462 Nam
1540 3414 1596 3459 et
1629 3404 1779 3457 volu-

190 3535 398 3597 ptatem
446 3519 531 3573 hic
573 3494 825 3575 ostendit,
858 3519 909 3564 et
947 3508 1127 3560 vires:
1159 3514 1350 3573 nempe
1389 3494 1785 3569 quiescentibus

185 3628 444 3685 magnam
477 3608 587 3664 fore
607 3607 953 3672 voluptatem,
986 3606 1040 3652 ct
1069 3607 1287 3664 magnas
1331 3591 1468 3644 vires
1516 3584 1786 3656 (tremuli-

190 3710 318 3764 Iius.
342 3705 404 3759 Et
434 3714 635 3763 rursus,
691 3696 870 3750 Frater
892 3710 921 3744 a
949 3690 1108 3760 fratre
1148 3685 1377 3753 adiutus,
1421 3688 1490 3734 est
1530 3689 1786 3746 tamquam

190 3798 319 3854 urbs
348 3795 514 3848 valida
545 3790 724 3863 (Prov.
751 3788 836 3841 18.
869 3782 1153 3854 19).Ροιτο
1177 3776 1420 3829 Christus
1455 3784 1665 3840 quoque
1706 3766 1787 3819 di-

190 3893 296 3958 cit,
324 3887 422 3944 Ubi
450 3886 552 3939 duo
576 3893 661 3938 aut
693 3892 791 3935 tres
821 3872 1110 3947 congregati
1137 3871 1322 3942 fuerint
1346 3866 1399 3919 in
1429 3862 1628 3918 nomine
1657 3875 1783 3921 meo,

98 4024 120 4042 .
192 3954 309 4039 illic
352 3995 463 4034 sum
494 3978 547 4031 in
588 3974 750 4028 medio
789 3984 963 4026 eorum
988 3963 1198 4040 (Matth.
1232 3961 1320 4023 18,
1352 3955 1467 4029 20).
1500 3954 1616 4009 Jam
1661 3966 1791 4005 vero

200 4078 323 4146 ipsa
367 4080 579 4142 quoque
621 4066 723 4121 hoc
768 4072 953 4117 natura
1007 4055 1187 4126 exigit.
1231 4050 1489 4120 Quocirca
1532 4045 1599 4100 ab
1643 4043 1792 4097 initio

199 4135 353 4223 [iens
379 4135 502 4219 cum
528 4158 795 4215 hominem
825 4155 1065 4223 fingeret,
1096 4146 1326 4209 dicebat,
1362 4138 1483 4195 Non
1508 4147 1581 4192 cst
1608 4135 1794 4188 bonum

198 4258 460 4316 hominem
488 4269 591 4307 esse
623 4250 785 4304 solum
808 4243 960 4315 (Gen.
988 4241 1043 4295 2.
1076 4238 1167 4308 18)
1198 4253 1211 4289 :
1243 4246 1292 4289 et
1321 4246 1441 4287 cum
1472 4230 1670 4283 faceret
1694 4224 1796 4278 hoc

198 4349 426 4413 animal,
459 4346 733 4401 mulierem
770 4341 1006 4407 inquam,
1041 4339 1255 4401 propter
1279 4322 1649 4380 necessitatem
1677 4332 1793 4371 cam

202 4446 330 4500 viro
349 4439 635 4508 colligavit,
661 4433 804 4488 mille
827 4428 998 4484 modis
1028 4439 1123 4477 nos
1153 4424 1308 4478 inter
1320 4433 1416 4472 nos
1444 4414 1792 4483 coniungens.

205 4538 282 4594 Et
306 4535 455 4590 vitam
476 4502 633 4602 usque
658 4528 712 4580 in
736 4522 994 4579 secutum.
1048 4517 1157 4571 Hoc
1185 4512 1407 4584 pulchre
1431 4506 1645 4578 adjecit.
1699 4502 1796 4558 Ubi

204 4632 356 4688 enim
381 4636 463 4684 est
487 4622 722 4685 dilectio,
752 4617 861 4672 illic
888 4624 968 4668 est
1000 4623 1185 4681 magna
1216 4606 1491 4663 securitas,
1522 4607 1577 4655 et
1614 4594 1798 4664 cupio-

207 4737 335 4778 sum
359 4735 387 4774 a
415 4719 524 4772 Deo
552 4713 824 4768 auxilium.
852 4707 925 4761 Ea
951 4704 1092 4759 enim
1120 4707 1203 4754 est
1226 4704 1395 4752 mater
1423 4692 1705 4746 bonorum.
1735 4699 1797 4739 ea

206 4824 298 4871 est
347 4810 463 4866 fons
486 4816 540 4862 et
581 4804 759 4867 radix,
787 4815 849 4854 ea
894 4804 977 4852 est
1013 4791 1274 4847 bellorum
1316 4783 1557 4848 exitium,
1583 4788 1805 4834 conten-

209 4903 379 4959 tionis
404 4899 664 4954 interitus.
695 4865 949 4960 Quocirca
978 4883 1028 4938 id
1059 4879 1382 4952 signiﬁcans,
1411 4869 1702 4940 sulijunxit,
1738 4865 1803 4919 Et

208 5000 373 5054 vitam
395 5006 552 5061 usque
576 4989 628 5043 in
656 4982 920 5041 circulum.
946 4969 1402 5046 Quemadmodum
1429 4964 1571 5019 enim
1613 4959 1804 5015 seditio

212 5099 274 5146 et
301 5082 573 5143 contentio
609 5086 833 5133 mortem
863 5070 1018 5141 parit,
1051 5076 1277 5131 eamque
1323 5059 1659 5111 immaturam
1690 5066 1704 5105 :
1734 5049 1803 5103 ita

214 5179 385 5237 etiam
414 5171 628 5229 dilectio
648 5177 703 5224 et
731 5137 1011 5220 consensio
1034 5170 1214 5227 pacem
1237 5162 1291 5206 et
1310 5144 1683 5207 coricordiam;
1717 5137 1805 5194 ubi

213 5279 403 5326 autem
445 5273 529 5321 est
567 5276 669 5333 pax
715 5264 771 5312 et
809 5248 1117 5317 concordia,
1165 5244 1269 5298 vita
1318 5248 1400 5295 est
1441 5235 1721 5295 tutissima,
1754 5237 1809 5284 et

216 5365 381 5430 longe
404 5355 762 5414 sccurissima.
788 5347 853 5401 Et
869 5342 992 5415 quid
1020 5354 1153 5411 opus
1178 5344 1262 5393 est
1279 5335 1458 5389 dicere
1490 5323 1815 5399 przeseutia?

215 5417 296 5510 Ea
317 5417 471 5506 cuitu
495 5445 650 5502 nobis
673 5440 879 5495 caalum'
906 5432 1145 5503 largitur,
1168 5435 1225 5483 et
1250 5428 1389 5481 bona
1419 5417 1725 5481 ineﬂitbilia,
1755 5424 1811 5470 et

213 5553 305 5602 est
350 5540 527 5610 regina
560 5536 837 5591 virtutum.
891 5528 1014 5582 Ilaec
1063 5537 1191 5592 ergo
1225 5533 1347 5574 cum
1399 5515 1650 5573 sciamus,
1690 5522 1810 5563 eam

214 5598 505 5705 diligenter
567 5634 989 5694 persequamur,
1035 5624 1093 5671 ut
1140 5622 1196 5668 et
1246 5605 1598 5680 prmsentibus
1657 5598 1812 5655 bonis

216 5728 239 5779 I‘
272 5694 485 5785 nan-ur,
518 5723 576 5773 ot
595 5713 786 5770 futuris
813 5751 828 5765 .
855 5722 975 5780 quae
1016 5705 1170 5760 detur
1209 5700 1362 5757 nobis
1386 5694 1636 5753 omnibus
1661 5703 1810 5743 asse-

215 5818 339 5893 qui,
364 5783 526 5885 gratia
554 5815 609 5865 et
636 5801 960 5875 benignitate
992 5792 1201 5851 Domini
1246 5790 1413 5845 nostri
1437 5788 1563 5846 .icsu
1590 5783 1808 5849 Christi.

1274 351 1635 414 EXPOSI'I'IO
1676 348 1742 405 IN
1772 341 2097 404 PSALMUSI
2134 338 2422 399 CXXXIII.

3354 324 3461 376 336

1865 471 1985 510 cum
2017 469 2122 526 quo
2166 456 2306 506 Patri
2356 448 2524 522 gloria
2568 444 2728 502 simul
2769 459 2890 499 cum
2928 451 3121 498 sancto
3153 441 3378 511 Spiritu,
3407 441 3459 494 in

1864 548 2057 603 sucula
2089 544 2428 601 s;ccu|0rum.
2459 542 2649 596 Amen.

2295 654 2357 709 IN
2384 648 2710 709 PSALMUM
2736 644 3025 703 CXXXIII.

1870 774 1929 827 L
1957 772 2095 831 Ecce
2106 786 2238 825 nunc
2264 767 2537 823 benedicitc
2565 764 2858 828 Dominum,
2880 777 3053 817 omnes
3073 759 3202 817 servi
3233 755 3468 818 Domini,

2275 859 2363 929 qui
2382 857 2529 914 statis
2552 856 2611 911 in
2638 854 2788 908 domo
2817 851 3035 907 Domini.

1939 997 2180 1053 Psalmos
2200 995 2267 1050 de
2292 992 2547 1064 gradibus
2573 988 2660 1045 hic
2688 985 2935 1049 absolvit,
2962 984 3207 1040 oratione
3233 981 3469 1054 pulchro
3530 998 3531 1007 η

1868 1090 1974 1145 fine
2000 1088 2274 1149 conclusa,
2306 1082 2461 1139 laude
2485 1082 2688 1137 sciiicet
2703 1087 2757 1135 et
2787 1076 3174 1134 benedictione.
3202 1074 3324 1128 Vult
3338 1086 3460 1128 esse

1871 1183 1967 1238 Dei‘
1990 1194 2177 1236 servos
2223 1193 2327 1231 non
2366 1175 2538 1230 solum
2581 1171 2935 1243 dogmatibus,
2976 1166 3072 1223 sed
3115 1166 3275 1220 etiam
3304 1178 3463 1219 accu-

1868 1283 1982 1330 rata
2021 1272 2143 1326 vita;
2180 1268 2553 1324 institutione:
2582 1273 2639 1320 es
2677 1264 2797 1319 ideo
2831 1260 3045 1331 adjecit,
3091 1257 3193 1323 Qui
3229 1257 3379 1311 statis
3408 1255 3462 1309 in

1869 1364 2021 1418 domo
2061 1361 2288 1425 Domini,
2326 1360 2378 1412 in
2422 1356 2567 1410 atriis
2602 1354 2784 1408 domus
2811 1350 2911 1405 Dei
2936 1348 3115 1403 nostri.
3146 1347 3280 1402 Eum
3317 1347 3461 1400 enim

1869 1458 2066 1527 quiest
2114 1455 2352 1522 impurus
2396 1458 2453 1505 et
2487 1447 2760 1519 profanus,
2806 1442 2956 1499 nefas
3003 1451 3086 1496 est
3122 1447 3462 1495 sacrosancta

1871 1557 2023 1619 septa
2058 1544 2280 1615 ingredi.
2320 1541 2676 1609 Quamobrem
2702 1538 2749 1593 si
2776 1535 2897 1606 quis
2940 1532 3132 1602 dignus
3160 1540 3247 1586 est.
3267 1530 3355 1600 qui
3385 1529 3467 1583 in-

1871 1639 2163 1709 grediatur,
2187 1636 2233 1690 is
2253 1648 2465 1707 quoque
2492 1630 2685 1701 dignus
2710 1635 2792 1684 est
2813 1626 2901 1698 qui
2932 1623 3231 1681 benedicat.
3262 1622 3466 1676 Domus

1871 1731 2015 1787 enim
2062 1729 2155 1785 Dei
2194 1737 2277 1783 cst
2318 1727 2450 1781 caelo
2471 1723 2662 1780 similis
2688 1730 2780 1778 :et
2804 1716 3249 1791 quemadmodum
3276 1729 3347 1769 ex
3366 1713 3464 1767 ad-

1873 1820 2123 1877 versariis
2166 1816 2518 1890 potestatibus
2557 1813 2757 1869 nullam
2781 1810 2862 1867 fas
2883 1819 2966 1866 est
2993 1808 3121 1863 illuc
3141 1806 3363 1872 intrare,
3392 1803 3466 1859 ita

1874 1930 1975 1971 nec
1995 1916 2047 1969 in
2079 1913 2299 1969 domum
2327 1908 2439 1965 Dei.

1948 2008 2204 2073 Quantam
2245 2000 2475 2073 requirat
2504 1998 2821 2054 sanctitatem
2849 1992 3187 2048 Eucliaristia
3216 1987 3469 2058 racemis;

1877 2098 2077 2167 Corpus
2095 2106 2143 2151 et
2168 2094 2376 2167 sanguis
2402 2091 2609 2146 Domini
2625 2091 2679 2144 in
2706 2085 3066 2149 Eucharistia;
3098 2083 3221 2137 Non:
3240 2098 3339 2135 non
3364 2091 3470 2134 tota

1875 2206 2053 2245 sainno
2097 2185 2462 2243 consumenda.
2485 2212 2562 2225 -—
2584 2180 2898 2245 Considera,
2931 2192 2966 2232 o
2989 2175 3170 2237 Muto,
3211 2180 3466 2245 quantam

1875 2281 2187 2351 dignitatem
2227 2275 2532 2347 assequeris
2558 2291 2573 2328 :
2605 2279 2662 2328 et
2688 2286 2809 2327 cum
2841 2280 2896 2324 tu
2928 2269 3040 2338 ipse
3082 2278 3293 2337 qimqne
3334 2273 3471 2317 tem—

1877 2373 2022 2443 plum
2054 2370 2224 2425 factus
2263 2368 2358 2435 sis,
2387 2376 2582 2441 quanta
2605 2380 2635 2420 a
2665 2371 2718 2418 te
2738 2362 2859 2432 jure
2891 2361 2958 2415 sit
2983 2356 3281 2430 praestanda
3329 2355 3473 2425 puri-

1880 2472 1979 2519 tas.
2022 2460 2303 2529 Quomodo
2347 2470 2525 2513 autem
2572 2454 2880 2511 exhibueris
2921 2450 3239 2521 puritatem?
3267 2448 3320 2502 Si
3349 2462 3469 2501 om-

1880 2571 1999 2609 nem
2048 2553 2240 2609 malam
2282 2548 2656 2622 cogitationem
2702 2541 2992 2613 expuleris,
3021 2540 3064 2595 si
3101 2538 3293 2595 feceris
3320 2547 3379 2592 ut
3403 2536 3470 2590 ad

1882 2646 2076 2700 mentis
2107 2644 2383 2699 castellum
2428 2636 2704 2695 diabolicis
2750 2633 3050 2689 actionibus
3092 2630 3271 2685 nullus
3296 2638 3476 2698 pateat

1881 2738 2078 2804 aditus,
2112 2737 2156 2791 si
2188 2747 2455 2804 tamquam
2484 2733 2536 2786 in
2558 2729 2758 2787 sanctis
2801 2726 2976 2797 adytis
3025 2732 3284 2794 perpetuo
3327 2732 3472 2778 tuum

1881 2829 2116 2884 animum
2143 2839 2393 2881 exornes.
2421 2823 2477 2878 Si
2504 2823 2647 2877 enim
2670 2816 2944 2886 intem1ilo
2972 2815 3193 2870 Juda‘ico
3215 2827 3319 2866 non
3348 2810 3473 2865 lice—

1880 2923 1973 2978 bat
1998 2920 2243 2976 omnibus
2270 2917 2511 2989 quemvis
2535 2915 2709 2969 locum
2737 2909 2940 2981 ingredi
2968 2926 2981 2962 :
3014 2907 3110 2964 sed
3137 2916 3289 2962 erant
3310 2904 3476 2958 multa

1882 3024 1938 3071 et
1959 3015 2106 3068 varia
2133 3011 2462 3072 discrimina,
2486 3015 2540 3061 et
2567 3015 2684 3061 erat
2713 3004 2799 3058 hic
2825 3000 3039 3072 quidem
3068 2999 3217 3052 locus
3257 2997 3470 3066 praesti-

1884 3118 2029 3164 tutus
2071 3103 2371 3177 proselytis,
2406 3102 2495 3157 ille
2538 3113 2667 3155 vero
2692 3095 2892 3152 inducis
2930 3093 3019 3163 qui
3048 3092 3253 3147 fuerant
3280 3089 3347 3143 ab
3371 3090 3470 3141 ini-

1883 3203 1981 3266 tio,
2014 3199 2149 3253 alius
2173 3193 2559 3258 sacerdotibus,
2591 3190 2728 3244 alius
2765 3183 2999 3257 pontifici
3026 3182 3146 3247 soli,
3179 3181 3336 3251 idque
3368 3195 3473 3233 non

1884 3305 2117 3362 semper,
2145 3288 2241 3344 sed
2280 3285 2446 3342 semel
2486 3284 2536 3338 in
2582 3295 2725 3337 anno
2755 3279 2962 3348 :cogita
3002 3273 3144 3344 apud
3183 3282 3235 3327 te
3277 3279 3472 3341 quanta

1886 3382 1981 3438 tibi
2010 3380 2288 3435 sanctitate
2313 3389 2447 3446 opus
2486 3373 2574 3437 sit,
2607 3371 2696 3442 qui
2726 3370 2873 3440 signa
2906 3366 3071 3422 multo
3094 3362 3295 3433 majora
3321 3375 3480 3415 acce-

1887 3473 2048 3545 peris,
2076 3486 2234 3542 quam
2259 3483 2378 3539 quae
2415 3474 2596 3521 sancta
2635 3473 2941 3517 sanctorum
2988 3467 3113 3511 tunc
3150 3457 3474 3522 acceperint.

1888 3541 2070 3634 Neque
2094 3541 2234 3617 enim
2256 3558 2564 3620 Cherubim,
2597 3554 2691 3610 sed
2722 3554 2955 3622 ipsorum
2985 3544 3276 3602 Cherubim
3303 3541 3481 3597 Domi-

1895 3671 2022 3709 num
2056 3652 2221 3707 habes
2264 3647 2672 3709 inhabitantem,
2700 3654 2873 3710 neque
2914 3651 3125 3701 urnam,
3157 3648 3371 3694 manna,
3400 3639 3481 3684 ta-

1892 3743 2047 3800 bulas
2088 3741 2348 3811 lapideas,
2377 3748 2431 3792 et
2457 3738 2663 3805 virgam
2686 3734 2889 3796 Aaron,
2926 3727 3018 3782 sed
3062 3737 3257 3793 corpus
3286 3731 3339 3776 et
3361 3736 3484 3775 sau-

1892 3837 2102 3907 guinem
2147 3830 2495 3892 dominicum,
2528 3834 2580 3883 et
2626 3822 2881 3894 Spiritum
2929 3832 3024 3889 pro
3063 3816 3232 3880 litera,
3266 3824 3317 3867 et
3358 3827 3482 3883 grav
3520 3796 3530 3807 ’

1896 3929 2047 3992 tiam,
2072 3940 2192 3995 qua:
2226 3929 2444 3992 superat
2469 3918 2751 3973 hmnauam
2777 3911 3173 3982 cogitationem,
3205 3914 3259 3960 et
3286 3903 3485 3958 donum

1896 3994 2273 4074 inenarrabile.
2302 4013 2419 4078 Quo
2447 4018 2625 4064 autem
2671 4003 2959 4074 majoribus
2986 3999 3150 4069 signis
3173 4012 3235 4051 ac
3263 3994 3482 4066 symbo-

1900 4110 1966 4164 lis
1992 4118 2047 4164 et
2066 4107 2237 4177 magis
2263 4099 2582 4159 venerandis
2603 4094 2874 4169 mysteriis
2896 4091 3145 4161 dignatus
3164 4100 3243 4150 es,
3276 4099 3342 4140 eo
3371 4099 3487 4137 ma-

1896 4203 1983 4272 jor
2011 4209 2094 4254 est
2113 4215 2141 4253 a
2161 4174 2225 4252 ite
2244 4192 2545 4267 praestanda
2579 4188 2854 4249 sanctitas,
2879 4190 2933 4237 et
2957 4197 3022 4237 eo
3046 4181 3154 4235 eris
3181 4176 3365 4244 majori
3389 4174 3490 4229 ob-

1901 4262 2091 4347 noxius
2118 4262 2398 4361 supplicio,
2429 4283 2475 4339 si
2505 4297 2624 4353 qua:
2662 4278 2810 4350 jussa
2836 4282 2961 4329 sunt
2982 4265 3391 4326 transilieris.2.
3420 4262 3491 4317 lu

1900 4383 2128 4440 noctibus
2149 4358 2372 4436 extollitc
2391 4391 2570 4429 manus
2589 4381 2777 4427 uestras
2795 4369 2848 4422 in
2868 4375 3064 4420 sancta.
3084 4361 3257 4424 Alius,
3282 4358 3491 4413 Sancte.

1903 4478 2069 4540 Alius,
2090 4472 2431 4540 Sanctiﬁcate.
2451 4466 2517 4520 Et
2536 4461 2807 4519 benedicite
2818 4456 3091 4512 Dominum
3107 4451 3200 4524 (a).
3221 4448 3493 4511 Curdixit,

1903 4569 1972 4624 In
2001 4564 2264 4621 noctibus?
2293 4563 2499 4617 Doceus
2524 4571 2622 4609 nos
2645 4569 2750 4608 non
2779 4564 2898 4605 eam
2945 4554 3107 4600 totam
3133 4555 3323 4597 somno
3358 4553 3492 4593 cou-

1907 4656 2219 4714 sumendam
2276 4666 2426 4716 esse,
2472 4644 2867 4711 ostendensque
2919 4637 3160 4708 puriores
3202 4644 3325 4686 tunc
3372 4644 3495 4685 esse

1906 4763 2114 4820 preces,
2145 4743 2356 4816 quando
2382 4751 2435 4795 et
2476 4753 2626 4792 mens
2673 4744 2755 4789 est
2792 4732 2978 4794 levior,
3007 4737 3063 4783 et
3090 4723 3241 4780 nobis
3266 4731 3350 4779 cst
3379 4722 3503 4790 plus

1909 4841 2026 4897 OlII.
2074 4814 2225 4905 Quod
2277 4833 2322 4888 si
2366 4833 2420 4887 in
2468 4841 2624 4884 nocte
2669 4833 2878 4895 oportet
2903 4821 2967 4876 ad
2999 4828 3179 4873 sancta
3222 4814 3496 4878 accedere,

1908 4930 2188 4987 considera
2247 4937 2530 4996 quamnam
2589 4922 2947 4988 consequetur
3003 4911 3247 4972 veniam,
3296 4907 3386 4977 qui
3431 4921 3501 4960 ne

1909 5024 2055 5082 domi
2099 5020 2314 5092 quidem
2358 5016 2452 5071 illo
2497 5024 2737 5082 tempore
2776 5022 2960 5079 preces
2995 5003 3184 5059 fundit.
3232 4997 3496 5067 Propheta

1910 5117 2051 5171 enim
2088 5087 2189 5167 tce
2215 5110 2355 5166 tecto
2396 5106 2614 5169 excitat,
2658 5111 2713 5156 et
2755 5099 2968 5154 deducit
3012 5095 3067 5150 in
3096 5092 3369 5159 templum.
3409 5087 3500 5155 ju-

1914 5209 2046 5263 beus
2071 5215 2234 5260 totam
2260 5203 2366 5256 illic
2396 5208 2607 5253 noctem
2635 5207 2793 5265 agere
2823 5208 2838 5245 :
2863 5198 2920 5242 at
2939 5197 2995 5240 tu
3022 5201 3090 5239 ue
3117 5182 3258 5237 domi
3284 5178 3500 5249 quidem

1916 5315 2139 5355 manens
2165 5296 2264 5350 hoc
2285 5293 2431 5348 facis.
2453 5286 2681 5345 Pulchre
2703 5293 2882 5338 autem
2904 5278 3056 5342 dixit,
3076 5275 3282 5335 Sancte,
3303 5270 3502 5325 docens

1917 5407 2037 5449 esse
2080 5387 2340 5442 orandum
2385 5382 2587 5450 absque
2625 5372 2781 5430 malis
2812 5366 3221 5440 cegitationihus
3245 5403 3261 5429 ,
3306 5362 3509 5429 absque

1917 5486 2041 5543 odio
2083 5490 2139 5537 et
2186 5471 2577 5535 malevolentia,
2623 5468 2825 5534 absque
2868 5460 3110 5524 avaritia,
3150 5455 3355 5523 absque
3395 5450 3508 5505 ullo

1919 5540 2025 5633 alio
2043 5568 2301 5644 ejusmodi
2328 5570 2568 5635 peccato,
2595 5556 2741 5630 quod
2767 5554 2923 5609 affert
2946 5550 3140 5605 animae
3165 5546 3404 5602 exitium.
3439 5540 3506 5595 Et

1922 5664 2198 5723 bcncdicitc
2238 5656 2535 5714 Dominum.
2560 5651 2673 5706 Iloe
2696 5655 2781 5704 est
2814 5645 2957 5702 enim
3002 5641 3232 5697 maxime
3276 5636 3510 5709 perfecta

1988 5778 2062 5841 (τι)
2087 5775 2140 5824 tti
2160 5774 2460 5841 interpretes
2486 5764 2572 5830 qui
2592 5762 2691 5815 sint
2710 5763 2983 5826 ignoratur.
