3956 6392
507 298 608 355 587

508 418 828 484 benedictio,
856 413 1067 486 quando
1105 411 1388 466 verborum
1419 417 1473 464 et
1494 408 1612 462 vita:
1661 406 1819 461 fuerit
1857 419 2087 460 consen-

505 527 621 576 sus,
645 520 698 565 et
729 524 822 579 per
846 521 1006 577 opera
1033 507 1201 559 Deum
1230 501 1390 572 quite
1409 501 1613 555 creavit
1636 499 1801 570 gloria
1825 497 2087 561 alfeceris,

507 613 561 655 nt
601 599 718 652 vult
740 596 1080 669 Evangeliutn
1123 594 1307 648 dicens
1336 609 1348 645 :
1374 591 1564 645 Luceat
1603 591 1692 644 tua:
1723 598 1883 642 vestra
1920 603 2091 640 coram

507 691 810 754 hominibus,
834 699 887 742 ut
910 688 1111 741 videant
1155 701 1311 754 opera
1355 693 1518 737 vestra
1561 682 1710 742 bona,
1742 679 2090 749 etgloriﬁcent

508 783 714 836 Patrem
754 790 991 845 vestrum,
1013 778 1100 848 qui
1119 787 1189 831 est
1211 778 1262 829 in
1287 776 1422 829 caelis
1444 772 1654 844 (Matth.
1681 772 1734 826 5.
1769 771 1876 841 l6).
1906 772 1959 825 '5.
1992 768 2090 823 Be-

506 873 699 925 nedicat
729 879 776 924 te
807 870 1052 924 Dominus
1077 883 1139 922 ea:
1169 866 1318 932 Sion,
1345 866 1430 933 qtti
1459 863 1574 935 fecit
1599 863 1778 916 celum
1808 873 1853 914 et
1881 870 2085 914 terram.

509 965 618 1018 lloe
644 973 743 1028 est,
768 962 825 1018 Si
845 964 960 1016 hanc
991 959 1197 1024 feceris,
1219 957 1562 1027 consequeris
1587 969 1798 1025 quoque
1822 952 1913 1008 Dei
1933 952 2089 1006 bene-

506 1057 811 1114 dictionem.
843 1054 886 1106 si
914 1059 1217 1121 pernocles,
1245 1049 1289 1102 si
1323 1056 1503 1102 sancte
1549 1062 1691 1111 ores,
1721 1045 1764 1099 si
1788 1045 1862 1098 sis
1898 1043 2088 1112 dignus

505 1157 646 1200 stare
675 1146 728 1198 in
771 1144 933 1199 domo
979 1141 1207 1203 Domini,
1239 1139 1284 1194 si
1333 1139 1557 1208 teipsum
1606 1136 1860 1206 templum
1905 1144 2084 1205 aptum

506 1237 820 1308 przrbueris.
853 1236 1140 1304 Postquam
1183 1248 1310 1302 ergo
1336 1247 1396 1286 ea
1419 1247 1522 1302 qua
1561 1230 1793 1300 oportuit
1834 1227 2085 1282 exhorta-

507 1341 649 1380 Itone
676 1341 802 1380 usus
832 1333 932 1388 est,
968 1324 1272 1394 precatione
1299 1320 1568 1376 concludit
1611 1319 1927 1373 orationem.
1975 1316 2088 1372 Hoc

503 1431 586 1474 est
612 1419 754 1473 enim
793 1417 980 1486 optimi
1026 1415 1278 1478 doctoris,
1301 1422 1353 1468 et
1375 1413 1600 1468 consilio
1638 1411 1934 1465 auditorem
1976 1409 2086 1463 eri-

503 1527 650 1580 gere,
676 1521 726 1564 et
757 1510 999 1580 precibus
1030 1506 1367 1572 confirmare,
1408 1506 1792 1572 robustumque
1837 1501 2084 1556 reddere.

504 1603 638 1667 Quid
669 1602 765 1656 sibi
797 1601 910 1654 vult
941 1599 1040 1652 hoc
1068 1597 1208 1668 quod
1237 1597 1383 1656 dicit,
1417 1595 1498 1648 Ea:
1522 1593 1688 1648 Sion?
1727 1593 1854 1646 Erat
1878 1592 1955 1646 eis
1985 1607 2085 1645 no-

508 1708 628 1747 men
661 1689 1034 1754 desiderabile,
1081 1687 1324 1756 sacrique
1349 1699 1535 1739 omnes
1559 1683 1692 1736 ritus
1723 1681 1831 1736 illic
1859 1695 2082 1750 perage-

505 1786 732 1839 bantur:
765 1791 820 1837 et
845 1782 966 1836 ideo
1007 1790 1251 1850 precatur
1275 1787 1332 1832 ut
1357 1783 1676 1845 recuperent
1719 1773 1949 1843 priorem
1979 1781 2087 1826 sta-

506 1887 615 1928 tum
649 1874 937 1944 religionis,
965 1872 1187 1941 illosque
1216 1883 1395 1924 sacros
1421 1867 1552 1921 ritus
1582 1872 1853 1936 peragant,
1873 1873 1926 1917 et
1951 1863 2088 1918 hanc

503 1975 893 2037 consequantur
913 1963 1354 2019 benedictionem.
1380 1959 1578 2016 Deinde
1605 1975 1698 2015 eos
1719 1957 2003 2012 sustollens
2019 1955 2085 2010 ad

503 2061 688 2113 altiora
735 2059 1001 2127 dogmata,
1034 2063 1088 2108 et
1115 2054 1277 2108 Deum
1324 2051 1517 2121 ubique
1564 2065 1684 2106 esse
1725 2048 2083 2116 docens,jus-

502 2151 637 2203 sisse
664 2158 840 2204 autem
867 2148 1118 2219 templum
1149 2143 1397 2200 aedificari
1429 2151 1646 2214 propter
1675 2141 1882 2196 illorum
1921 2141 2086 2194 imbe-

502 2239 795 2305 cillitatem,
816 2248 868 2293 et
893 2247 1144 2306 Oportere
1168 2251 1288 2290 eum
1315 2234 1547 2306 undique
1573 2235 1841 2299 invocare,
1859 2232 2084 2302 subjun-

503 2331 598 2394 xit,
639 2331 735 2396 Qui
761 2331 873 2401 fecit
894 2328 1073 2384 caelum
1097 2338 1140 2381 et
1167 2337 1370 2381 terram.

575 2422 757 2476 Preces
803 2423 981 2491 ubique
1009 2419 1309 2474 ευιὶιιεηάιε.
1332 2449 1403 2459 -
1439 2417 1542 2473 Sed
1588 2418 1660 2472 illi
1699 2417 1912 2486 quidem
1961 2432 2085 2472 cum

506 2524 631 2566 tunc
675 2513 782 2566 illic
828 2513 1164 2576 invocabant,
1211 2526 1307 2565 nos
1354 2517 1532 2564 autem
1577 2509 1630 2563 in
1675 2510 1819 2563 omni
1866 2509 2002 2573 loco,
2031 2510 2083 2562 in

503 2607 647 2660 nutni
676 2621 822 2674 agro,
876 2605 927 2658 in
973 2605 1153 2668 domo,
1187 2604 1237 2656 in
1269 2602 1406 2666 foro,
1439 2601 1490 2654 in
1519 2601 1823 2666 solitudine,
1859 2601 1908 2654 in
1941 2600 2081 2665 navi,

505 2696 558 2750 in
599 2696 919 2760 diVersorio,
966 2704 1019 2750 et
1048 2695 1364 2760 ubicumque
1411 2691 1686 2746 fuerimus.
1723 2693 1764 2746 Α
1797 2692 1914 2746 luco
1941 2694 2083 2747 enim

505 2801 608 2839 non
658 2785 1008 2856 prohibentur
1048 2797 1255 2855 preces,
1286 2783 1446 2838 modo
1487 2783 1593 2836 sint
1619 2796 1814 2846 mores,
1850 2783 1938 2853 qui
1967 2800 2085 2853 pre-

503 2881 652 2934 cilms
678 2879 1016 2933 conveniant.
1046 2877 1328 2946 Postquam
1360 2891 1487 2946 ergo
1518 2876 1567 2929 in
1596 2875 1694 2930 hac
1721 2892 1778 2930 re
1815 2891 1910 2928 nos
1941 2885 2084 2930 recte

503 2971 839 3038 gesserimus,
865 2968 1034 3023 Deum
1070 2969 1261 3037 ubique
1302 2967 1624 3032 invocemus,
1656 2975 1711 3021 et
1748 2967 1936 3033 aderit,
1963 2981 2084 3021 nos-

502 3077 605 3130 que
646 3060 932 3130 adjuvabit,
970 3069 1024 3114 et
1063 3075 1408 3130 quaecumque
1451 3069 1573 3114 sunt
1623 3059 1776 3136 nobis
1822 3060 2077 3125 difficilia,

502 3154 671 3208 facilia
693 3153 879 3208 reddet
907 3161 961 3208 et
982 3153 1249 3223 expedita,
1279 3169 1481 3223 nosque
1509 3152 1662 3207 bonis
1689 3153 1878 3208 futuris
1899 3154 2081 3224 digna-

502 3247 643 3300 bitur
670 3263 682 3300 :
729 3262 847 3315 qua:
893 3245 1049 3300 detur
1081 3245 1232 3299 nobis
1261 3246 1507 3300 omnibus
1536 3249 1809 3316 consequi,
1835 3249 2001 3316 gratia
2030 3257 2084 3303 ct

503 3337 824 3405 benignitate
875 3336 1083 3390 Domini
1129 3337 1295 3390 nostri
1322 3336 1447 3390 Jesu
1479 3336 1692 3401 Christi,
1728 3341 1810 3392 cui
1833 3339 2000 3409 gloria
2029 3349 2084 3394 et

495 3426 783 3496 imperium
827 3442 966 3480 nunc
1006 3436 1058 3482 ct
1099 3441 1330 3496 semper,
1361 3435 1413 3481 et
1442 3427 1496 3481 in
1523 3429 1716 3483 szecula
1741 3431 2078 3486 saeculorum.

501 3527 692 3573 Amen.

911 3635 976 3690 IN
1029 3635 1345 3693 PSALMUM
1381 3637 1663 3692 CXXXIV.

503 3749 554 3801 l.
599 3745 826 3802 Laudate
862 3765 1042 3802 nomen
1093 3748 1317 3815 Domini,
1347 3750 1570 3815 laudate,
1599 3752 1748 3814 servi,
1785 3751 2076 3807 Dominum.

572 3843 623 3895 2.
672 3842 769 3905 Qui
814 3844 957 3894 statis
999 3843 1050 3894 in
1095 3840 1244 3894 domo
1277 3841 1498 3906 Domini,
1526 3843 1580 3896 in
1613 3844 1755 3897 atriis
1781 3844 1959 3896 domus
1989 3844 2084 3898 Dei

571 3933 747 3984 nostri.
778 3931 829 3983 5.
865 3929 1092 3983 Laudate
1115 3929 1410 3996 Dominum,
1439 3933 1557 4002 quia
1583 3932 1738 3986 bonus
1764 3932 2028 3987 Dominus.

573 4064 624 4115 Ι.
667 4061 744 4113 Ad
795 4061 898 4114 hoc
940 4075 1123 4114 rursus
1172 4060 1413 4115 hortatur
1458 4063 1794 4129 sacrificium,
1849 4064 1990 4134 quod
2023 4065 2082 4120 fit

499 4170 595 4223 per
634 4153 836 4207 laudes.
881 4151 992 4205 Hoc
1021 4161 1104 4204 est
1127 4153 1269 4205 enim
1299 4153 1405 4207 Deo
1439 4155 1756 4210 sacrificium
1783 4165 1835 4210 et
1861 4157 2078 4211 oblatio.

504 4245 568 4297 Et
607 4244 725 4298 ideo
766 4243 890 4297 alibi
935 4257 1145 4312 quoque
1182 4243 1345 4296 dicit:
1373 4243 1611 4298 Laudabo
1641 4262 1820 4301 nomen
1865 4247 1960 4300 Dei
1986 4250 2082 4302 mei

500 4351 610 4388 cum
636 4336 852 4400 cantico,
879 4333 1050 4404 magni
1054 4334 1212 4402 βεαῡο
1239 4350 1351 4387 eum
1379 4335 1431 4387 in
1461 4335 1641 4398 laude;
1669 4345 1714 4389 et
1741 4337 1950 4405 placebit
1976 4338 2080 4392 Deo

500 4445 650 4494 super
689 4427 897 4480 vitulum
937 4426 1208 4492 novellum,
1240 4443 1427 4480 cornua
1453 4429 1807 4497 producentem
1831 4439 1880 4484 et
1917 4447 2081 4502 ungu-

501 4520 622 4587 las(
655 4518 794 4572 Psal.
822 4519 912 4573 68.
939 4519 1028 4574 5-1.
1059 4518 1188 4590 52).
1219 4518 1344 4574 Loci
1375 4529 1552 4574 autem
1582 4530 1636 4576 et
1658 4523 1918 4578 atriorum
1943 4524 2080 4578 assi-

499 4610 601 4663 due
627 4610 885 4674 meminit,
910 4625 1003 4664 eos
1024 4611 1140 4665 loco
1162 4611 1400 4681 affigens,
1427 4621 1482 4667 et
1509 4628 1614 4668 non
1645 4614 1824 4669 sinens
1849 4615 2078 4681 resilire;

500 4702 928 4771 quandoquidem
972 4703 1023 4755 in
1055 4704 1312 4772 principio
1335 4720 1545 4774 quoque
1573 4705 1747 4774 ipsum
1777 4707 1895 4761 ideo
1923 4707 2082 4776 jussit

500 4802 797 4855 exstruere,
839 4805 944 4859 quo
991 4793 1162 4846 omnis
1203 4793 1446 4862 impietas
1493 4806 1547 4849 et
1594 4797 1875 4852 simulacra
1931 4799 2080 4852 tolle-

501 4889 703 4943 rentur,
753 4889 806 4932 nt
839 4894 1024 4934 omnes
1047 4880 1097 4934 in
1125 4897 1290 4936 unum
1321 4884 1492 4938 locum
1518 4897 1852 4956 cogerentur,
1891 4899 1943 4942 et
1973 4905 2078 4943 non

500 4975 666 5027 libere
711 4971 982 5040 effuseque
1034 4982 1372 5042 vagarentur,
1419 4990 1518 5030 nec
1573 4993 1826 5043 nemma,
1885 4979 2077 5045 fontes,

499 5075 708 5118 numtes
733 5072 786 5117 et
809 5062 976 5116 colles
1002 5073 1318 5134 usurparent
1343 5074 1819 5138 converterentque
1848 5069 1900 5123 in
1927 5084 2082 5125 occa-

497 5157 703 5211 sionem
751 5155 1058 5226 impietatis,
1109 5157 1219 5210 illie
1259 5157 1641 5225 sacrificantes,
1673 5169 1728 5214 et
1776 5161 1999 5218 libantes
2027 5165 2078 5219 in

498 5249 743 5302 excelsis.
784 5247 1044 5313 Quocirca
1088 5263 1211 5303 eum
1248 5264 1459 5319 quoque
1503 5261 1674 5304 morte
1720 5251 1936 5308 damnat
1991 5257 2082 5326 qui

501 5351 646 5392 extra
697 5339 951 5408 templum
995 5341 1274 5406 sacriﬁcat,
1326 5342 1548 5398 dicens:
1583 5344 1685 5409 Qui
1724 5361 1822 5400 non
1851 5349 2083 5403 obtulerit

505 5426 558 5480 in
581 5429 926 5495 tabernaculo,
953 5439 999 5484 et
1022 5433 1395 5499 sacriﬁcaverit,
1441 5437 1646 5505 sanguis
1675 5437 1718 5490 ei
1756 5438 2085 5506 imputabitur

501 5517 687 5585 (Lerit.
715 5522 774 5575 l7
832 5521 908 5591 ι).
945 5521 1019 5576 Ea
1048 5523 1114 5578 de
1139 5539 1300 5577 causa
1331 5539 1424 5580 eos
1451 5526 1681 5596 undique
1709 5528 1816 5582 illic
1843 5530 1893 5583 in
1919 5546 2083 5585 unum

501 5607 678 5662 locum
725 5613 886 5683 cogit,
937 5619 995 5665 ut
1043 5613 1321 5670 audientes
1367 5631 1427 5671 se
1450 5617 1691 5673 modeste
1713 5629 1765 5674 et
1793 5629 2084 5688 temperate

507 5708 708 5765 gerant,
736 5717 765 5756 a
808 5703 1046 5772 falsaque
1070 5715 1122 5759 et
1153 5721 1373 5762 erronea
1409 5709 1728 5778 cogitatione
1758 5712 2077 5767 abstineant.

1212 297 1264 353 S.
1303 291 1580 352 JOAthS
1616 287 2087 349 CllRYSOSTO-Ml
2126 287 2446 349 ARCHIEP.
2484 292 3020 354 CONSTANTINOP.
3643 308 3722 364 388

2203 402 2363 462 Juhet
2386 418 2564 463 autem
2591 426 2686 465 eos
2708 427 2921 479 canere,
2951 413 3178 484 psallere
3203 425 3254 472 ct
3275 415 3504 484 laudare,
3527 422 3633 491 quia
3656 425 3726 480 Dei

2201 495 2385 553 laudes
2399 511 2551 555 erant
2572 503 2650 556 eis
2669 505 2882 558 occasio
2904 507 3128 574 pietatis,
3153 507 3278 564 dum
3293 513 3728 571 continerentvete—

2198 603 2285 644 res
2307 593 2656 658 narrationes,
2677 611 2737 649 ea
2759 611 2948 668 nempe
2968 613 3085 668 qua:
3105 599 3155 653 in
3171 599 3418 673 Egypto,
3434 620 3544 674 quae
3559 606 3605 660 in
3627 609 3729 662 soli-

2200 678 2401 746 tudine,
2421 698 2539 750 quaa
2567 685 2618 736 in
2649 693 2786 738 terra
2817 689 3182 755 promissionis
3199 689 3331 744 facta
3352 697 3730 766 sunt,quomodo

2199 767 2283 823 lex
2319 769 2420 824 lata
2452 771 2677 842 sit,qu:e
2691 784 2836 844 gesta
2869 785 2992 831 sunt
3016 779 3068 832 in
3099 789 3277 836 monte
3293 782 3435 848 Sina,
3465 795 3730 855 etquaanam

2198 857 2333 912 bella
2357 861 2702 917 confecerunt
2735 883 2746 916 :
2777 865 3042 938 simulque
3074 885 3179 923 uno
3215 873 3504 944 eodemque
3529 887 3728 948 tempore

2198 948 2336 1004 Deus
2357 951 2509 1007 laude
2528 954 2877 1024 afficiebatur,
2909 969 2964 1014 et
2986 962 3072 1029 qui
3097 963 3375 1030 canebant,
3403 981 3728 1038 argumentum

2196 1039 2456 1096 doctrinm
2477 1047 2776 1114 copiebant,
2793 1065 2912 1118 qua:
2931 1061 2985 1104 et
3009 1053 3168 1108 vitam
3192 1070 3379 1112 eorum
3399 1063 3728 1129 componebat,

2195 1140 2250 1185 et
2279 1133 2343 1186 ad
2369 1134 2597 1202 perfeCIa
2623 1137 2866 1208 dogmata
2893 1141 3209 1198 deducebat.
3231 1145 3458 1202 Laudate
3476 1149 3728 1219 Dominum,

2193 1225 2432 1292 quoniam
2483 1228 2640 1283 bonus
2668 1230 2930 1287 Dominus.
2961 1236 3131 1301 Alius,
3161 1237 3233 1310 (τι)
3259 1239 3506 1315 Quoniam
3529 1244 3732 1314 benignas

2193 1327 2284 1370 est.
2321 1319 2472 1384 Quod
2503 1333 2585 1376 est
2626 1323 2690 1377 iis
2732 1325 2820 1394 qui
2851 1328 3076 1383 audiunt
3125 1332 3354 1385 maxime
3395 1337 3726 1404 expetendum,

2194 1407 2294 1462 hoc
2316 1413 2464 1479 ponit
2493 1413 2728 1480 assidue,
2763 1415 3169 1488 humanitatem,
3203 1423 3637 1494 misericordiam,
3661 1428 3730 1481 be-

2192 1500 2521 1570 nignitatcm.

2269 1590 2576 1648 Psalmodite
2623 1598 2709 1650 vis.
2747 1596 2956 1654 Iudaici
3011 1605 3184 1674 pepuli
3240 1605 3437 1660 electio.
3465 1640 3532 1651 —
3555 1610 3732 1664 Psallite

2191 1682 2384 1734 nomini
2407 1688 2538 1752 ejus,
2565 1689 2799 1753 quoniam
2834 1707 2986 1744 suave
3013 1703 3103 1746 est.
3155 1694 3264 1750 Hoc
3307 1698 3436 1753 dicit
3484 1701 3730 1756 OSIemleus

2191 1786 2302 1826 rem
2349 1773 2515 1841 ipsam
2562 1775 2756 1833 habere
2795 1781 3080 1850 quamdam
3117 1786 3201 1839 vel
3234 1803 3328 1856 per
3353 1803 3413 1843 se
3450 1791 3727 1860 voluptatem

2190 1879 2297 1918 una
2326 1881 2446 1920 cum
2475 1869 2717 1925 utilitate.
2740 1871 3070 1944 Praecipuum
3099 1877 3258 1932 etiam
3285 1879 3403 1948 ejus
3433 1881 3622 1936 lucrum
3648 1895 3725 1948 est,

2189 1960 2255 2014 ad
2284 1961 2445 2016 Deum
2474 1962 2702 2034 hymnos
2730 1968 2933 2038 dicere,
2963 1972 3195 2029 animam
3225 1992 3540 2048 expurgare,
3565 1983 3727 2050 cogita-

2192 2051 2386 2107 tionem
2415 2054 2465 2108 in
2498 2056 2661 2110 altum
2692 2060 2978 2128 extollere,
3011 2079 3135 2118 vera
3174 2075 3228 2120 et
3257 2079 3500 2124 accurata
3525 2071 3726 2141 dogmata

2188 2141 2418 2210 discere,
2443 2146 2509 2201 de
2533 2151 2883 2217 przcsentibus
2905 2162 2959 2207 et
2987 2153 3174 2210 futuris
3200 2158 3576 2230 pllilOSOjthal'l.
3597 2163 3728 2216 Habet

2189 2244 2363 2290 autem
2392 2253 2512 2293 cum
2561 2241 2643 2295 his
2683 2259 2777 2311 per
2820 2246 3103 2302 melodiam
3146 2252 3368 2307 multam
3419 2255 3723 2326 voluptatem,

2189 2329 2606 2385 consolationem
2648 2333 2880 2403 aliquam
2925 2347 2980 2392 et
3027 2343 3435 2410 recreationem,
3463 2355 3608 2415 atque
3631 2362 3726 2400 eum

2190 2421 2276 2488 qui
2306 2422 2446 2477 canit
2477 2427 2840 2483 venerandum
2859 2430 3051 2485 reddit.
3083 2434 3234 2500 Quod
3281 2448 3460 2492 autem
3491 2439 3611 2492 tales
3634 2438 3723 2492 effio

2189 2510 2314 2577 ciat,
2365 2513 2566 2568 clarum
2609 2526 2692 2572 est
2733 2534 2796 2574 ex
2847 2536 2912 2575 eo
2937 2524 3079 2592 quod
3103 2526 3242 2580 alter
3268 2527 3480 2595 quidem
3508 2530 3726 2598 interpres

2189 2599 2349 2666 dicat,
2386 2603 2518 2668 Quia
2545 2607 2782 2661 decorum
2808 2609 2908 2681 (b);
2928 2613 3063 2667 alter
3084 2629 3229 2682 vero,
3264 2618 3398 2683 Quia
3413 2635 3570 2673 suave.
3591 2619 3726 2673 Ambo

2189 2700 2366 2747 autem
2397 2710 2520 2748 vera
2552 2696 2751 2753 dicunt.
2794 2701 2926 2754 Nam
2974 2703 3090 2758 licet
3131 2705 3200 2760 sit
3229 2709 3429 2764 millies
3475 2710 3673 2764 lascivus
3693 2710 3728 2763 is

2188 2785 2276 2853 qui
2304 2787 2466 2852 canit,
2499 2788 2622 2842 dum
2655 2790 2912 2858 psalmum
2944 2807 3234 2863 reveretur,
3266 2801 3409 2870 sopit
3442 2801 3724 2874 tyrannidem

2189 2873 2418 2931 lasciviae
2445 2893 2554 2933 sua:
2585 2898 2597 2932 :
2633 2881 2756 2936 licet
2781 2884 2845 2937 sit
2876 2899 3164 2956 oppressus
3209 2892 3366 2946 malis
3406 2891 3723 2946 innumerabi-

2187 2969 2346 3032 libus,
2375 2977 2430 3024 et
2456 2971 2524 3026 ab
2550 2975 2862 3042 aegritudine
2888 2979 3048 3032 animi
3075 2991 3386 3050 occupetur,
3411 2984 3532 3038 dum
3556 2982 3724 3038 demul-

2187 3069 2339 3116 cetur
2365 3077 2392 3114 a
2424 3063 2693 3134 voluptate
2722 3105 2737 3130 ,
2771 3066 2908 3121 levat
2948 3069 3205 3136 animum,
3249 3075 3456 3128 extollit
3495 3075 3724 3144 cogitatio-

2189 3169 2333 3220 nem,
2364 3163 2417 3208 et
2443 3167 2676 3210 mentem
2705 3159 2984 3213 sublimem
3011 3162 3210 3217 evehit.
3242 3164 3300 3219 4.
3338 3165 3577 3230 Quoniam
3598 3165 3722 3218 Jacal

2187 3248 2333 3317 elegit
2380 3251 2475 3303 sibi
2530 3249 2796 3318 Dominus,
2842 3252 3008 3307 Israel
3047 3255 3099 3309 in
3126 3261 3486 3325 possessionem
3507 3259 3608 3311 sibi.
3632 3257 3722 3311 Non

2187 3340 2315 3393 dicit
2346 3341 2594 3396 beneficia
2625 3359 2742 3412 qua:
2763 3354 2887 3398 sunt
2914 3345 2994 3400 eis
3021 3361 3139 3401 cum
3169 3349 3286 3404 aliis
3319 3352 3621 3415 communia,
3651 3348 3722 3402 sed

2186 3433 2326 3502 quod
2357 3445 2438 3488 est
2469 3450 2652 3490 eorum
2684 3439 2955 3507 proprium
2986 3430 3345 3498 et'eximium.
3376 3445 3721 3511 Quodnamau-

2189 3533 2294 3579 tem
2328 3523 2428 3578 hoc
2471 3527 2624 3580 erat?
2649 3528 2798 3596 Quod
2829 3530 3083 3588 Dominus
3125 3535 3378 3604 populum
3419 3552 3535 3592 eum
3578 3535 3721 3602 elegil.

2187 3625 2242 3672 et
2263 3617 2362 3672 sibi
2393 3617 2676 3687 dedicavit,
2724 3629 2777 3675 et
2820 3638 2929 3691 pra:
2970 3625 3087 3678 aliis
3118 3627 3440 3694 peculiarem
3486 3625 3722 3698 quamdam

2187 3709 2240 3764 in
2267 3726 2360 3764 eos
2385 3713 2617 3765 ostendit
2643 3712 3083 3768 benevolentiam.
3133 3715 3189 3769 Id
3221 3729 3403 3772 autem
3432 3717 3611 3773 faciunt
3632 3714 3722 3768 ubi-

2186 3817 2289 3873 que
2320 3805 2610 3872 prophetae,
2640 3820 2709 3860 ex
2741 3806 3012 3861 beneficiis
3041 3807 3092 3861 in
3121 3809 3262 3878 ipsos
3285 3812 3488 3864 collatis
3504 3807 3721 3880 permulta

2186 3897 2324 3950 dicta
2357 3911 2450 3951 sua
2478 3908 2881 3966 componentes.
2907 3899 3042 3965 Quid
3072 3911 3155 3956 est
3178 3912 3382 3965 autem,
3412 3903 3475 3956 In
3499 3899 3723 3973 possessio-

2186 4005 2298 4042 nem
2326 3991 2458 4043 sibi?
2485 3990 2536 4044 ln
2568 4005 2718 4058 opes,
2748 3991 2797 4046 in
2820 3991 3114 4047 facultates.
3141 3993 3254 4048 Etsi
3278 3996 3422 4050 enim
3451 3997 3518 4049 sit
3537 3991 3725 4065 populus
3799 3978 3808 3990 ’

2186 4084 2428 4153 exiguus,
2461 4099 2580 4137 eum
2615 4092 2880 4153 tamquam
2912 4084 3122 4139 divitias
3166 4086 3348 4155 elegit,
3395 4103 3497 4141 non
3531 4085 3723 4155 paucita-

2188 4182 2312 4238 tem,
2367 4173 2458 4227 sed
2509 4174 2757 4228 virtutem
2789 4175 3092 4240 attendens,
3116 4177 3180 4231 ad
3209 4193 3367 4246 quam
3399 4180 3571 4233 volens
3587 4173 3722 4230 dedu-

2184 4283 2311 4321 cere
2331 4268 2489 4336 clcgit
2517 4281 2630 4331 eos,
2663 4284 2729 4323 eo
2755 4268 2958 4322 scilicet
2977 4269 3118 4337 quod
3141 4271 3226 4324 alii
3252 4271 3495 4326 homines
3514 4284 3610 4324 non
3634 4275 3722 4320 tan-

2189 4366 2270 4412 tas
2297 4357 2345 4410 ci
2373 4373 2500 4428 opes
2529 4367 2737 4426 parent,
2767 4367 2990 4426 quantas
3041 4359 3127 4413 hic
3153 4362 3382 4430 populus
3402 4403 3416 4426 ,
3468 4362 3534 4414 ita
3565 4367 3613 4412 ut
3646 4355 3724 4409 hoc

2187 4450 2508 4517 processerit
2554 4457 2608 4502 et
2633 4466 2696 4503 ex
2727 4450 2842 4518 ejus
2871 4451 2958 4520 qui
3000 4450 3146 4503 illum
3176 4451 3339 4520 elegit
3377 4446 3722 4507 benevolentia,

2185 4550 2239 4595 et
2261 4541 2326 4595 ad
2369 4555 2556 4594 eorum
2603 4539 3010 4594 institutionem.
3044 4539 3196 4595 Solet
3224 4544 3366 4596 enim
3407 4540 3589 4596 Paulus
3620 4550 3724 4606 quo-

2186 4648 2290 4702 que
2331 4631 2600 4701 appellare
2637 4631 2854 4685 divitias
2891 4633 3115 4686 salutem
3144 4632 3436 4697 hominum,
3468 4641 3523 4686 ut
3548 4624 3723 4698 quando

2186 4722 2315 4776 dicit
2345 4741 2357 4775 :
2385 4722 2529 4774 Idem
2567 4722 2697 4774 enim
2736 4719 3000 4786 Dominus,
3041 4723 3127 4792 qui
3169 4732 3242 4777 est
3268 4723 3405 4777 dives
3427 4724 3475 4776 in
3500 4731 3666 4779 omnes,
3687 4721 3722 4765 et

2185 4829 2336 4881 super
2372 4829 2540 4865 omnes
2581 4812 2667 4882 qui
2719 4813 2950 4865 invocant
2998 4813 3204 4881 ipsum(
3236 4813 3386 4866 Rom.
3420 4812 3504 4866 10.
3535 4806 3647 4876 12).
3673 4802 3722 4856 El

2186 4921 2392 4971 rursus,
2421 4905 2634 4958 Domino
2663 4921 2752 4958 suo
2775 4913 2893 4969 stat,
2921 4915 3008 4958 aut
3027 4906 3158 4957 cadit
3189 4904 3361 4978 (Rom.
3395 4905 3476 4958 Η.
3501 4903 3570 4970 4).
3591 4896 3722 4953 Vides

2187 4996 2454 5066 quomodo
2482 4996 2713 5050 ostendit
2745 4996 2836 5050 Dei
2885 4996 2936 5049 in
2980 5010 3074 5050 eos
3105 4997 3542 5058 beneVolentiam,
3574 4988 3720 5060 provi-

2187 5089 2442 5150 dentiam,
2471 5103 2676 5154 euram,
2705 5087 3059 5153 allectioncm,
3088 5103 3206 5142 cum
3233 5103 3327 5142 eos
3355 5083 3609 5141 vocaverit
3627 5095 3721 5150 p05-

2188 5182 2504 5238 sessionem.
2549 5181 2651 5235 Per
2697 5181 2812 5235 haec
2850 5189 3075 5250 utraque
3104 5196 3231 5250 ergo
3261 5180 3489 5235 ostendit
3513 5173 3720 5232 eximimu

2189 5274 2244 5328 in
2290 5289 2382 5328 eos
2426 5272 2834 5342 providentiam,
2875 5279 2930 5328 et
2970 5272 3110 5343 quod
3158 5273 3393 5342 elegerit,
3441 5279 3492 5325 et
3533 5263 3655 5337 quod
3681 5262 3719 5313 in

2249 5374 2320 5444 (_a_)
2347 5374 2470 5444 Quis
2490 5371 2558 5420 sit
2587 5371 2672 5444 hic
2696 5371 2947 5444 interpres
2979 5370 3279 5444 ignoramus.
3305 5371 3426 5444 Tota
3447 5363 3714 5444 a-utemblljff

2185 5423 2550 5493 leétibfAlius,
2585 5448 2603 5480 ι
2638 5423 2873 5492 Quoniam
2905 5423 3136 5499 benignus
3172 5439 3261 5492 est,
3298 5449 3316 5481 ι
3345 5433 3485 5480 deest
3525 5431 3568 5477 in
3593 5423 3715 5474 Sari!-

2249 5507 2317 5567 (b)
2340 5503 2596 5572 igHebraica
2624 5505 2775 5572 verba
2805 5511 2963 5572 sunt,
2997 5506 3127 5560 Div:
3167 5505 3242 5555 ’3.
3283 5499 3617 5572 Interpretatio
3649 5503 3716 5572 ait:

2186 5557 2288 5616 tein
2307 5557 2407 5632 [ὅτι
2430 5568 2698 5632 ἐύπρεπές,
2731 5565 2847 5631 quia
2883 5557 3082 5632 decens,
3110 5573 3211 5632 aut,
3248 5563 3360 5632 quia
3384 5557 3715 5632 iterarunt“???

2184 5631 2394 5692 Aquilae.
2423 5617 2848 5692 Seqtiens'au'tem
2882 5617 3270 5692 interpretatio:
3305 5623 3424 5692 Quia
3462 5632 3607 5692 suave
3631 5617 3714 5692 ξξι

2183 5675 2449 5753 agema;
2469 5675 2673 5740 suis;
2681 5675 2738 5742 [si
2752 5675 2846 5740 fuit
2875 5675 2929 5739 {.1
2946 5675 3204 5754 ‘t‘ufx’asiig
3222 5675 3335 5738 ‘n'osi
3346 5691 3408 5735 ris
3422 5722 3436 5747 ,
3470 5691 3517 5732 et
3544 5685 3612 5729 est
3635 5675 3707 5724 tor-

2185 5761 2316 5803 tasse
2347 5755 2642 5812 Symmachi.
