3956 6402
218 328 324 384 58!)

214 456 364 496 suam
396 436 805 510 possessionem.
837 432 1022 488 Vidisti
1046 429 1314 501 quomodo
1342 425 1639 482 ostenderit
1681 423 1798 494 ejus

216 530 647 588 humanitatem?
674 538 728 584 et
748 527 868 582 ideo
892 525 1151 594 incipiens
1176 522 1329 588 dixit,
1363 519 1589 574 Laudato
1617 518 1796 573 Domi-

214 640 355 691 num,
402 615 524 693 grtia
553 622 709 675 bonus
752 627 825 673 est
863 615 1126 670 Dominus.
1185 614 1237 668 5.
1289 612 1420 678 Quia
1452 627 1542 680 ego
1567 610 1794 680 cognovi,

215 717 345 786 quod
374 729 586 786 magnus
614 721 683 765 est
711 707 976 763 Dominus.
1007 708 1144 761 Ecce
1164 706 1327 759 "aliam
1354 702 1505 757 all'ert
1550 699 1797 755 laudandi

211 824 450 864 causam.
496 807 586 861 Dic
632 804 759 858 mihi
805 812 1005 867 autem,
1051 814 1226 870 rogo:
1259 806 1313 853 tu
1340 794 1501 863 nosti,
1543 794 1631 848 alii
1671 788 1799 848 vero

218 915 321 954 non
353 897 581 953 narunt?
608 895 814 950 Norunt
844 892 1082 962 quidem,
1112 890 1206 945 sed
1237 903 1341 944 non
1368 888 1439 943 ita
1473 894 1531 940 ut
1558 900 1677 954 ego.
1703 884 1800 938 Est

214 990 357 1046 enim
405 988 637 1042 maxime
684 994 1011 1048 sanctorum,
1070 990 1126 1038 et
1169 995 1354 1036 eorum
1396 978 1487 1049 qui
1510 977 1795 1047 plurimum

209 1080 588 1143 ascenderunt,
615 1078 918 1134 accuratius
945 1076 1062 1144 ejus
1083 1086 1411 1142 cognoscere
1439 1071 1792 1138 majestatem,

207 1187 318 1229 non
341 1173 552 1243 quidem
583 1171 881 1225 universam
914 1166 932 1235 (
961 1167 1063 1221 hoc
1089 1164 1231 1219 enim
1258 1162 1371 1217 fieri
1407 1176 1511 1216 non
1537 1160 1793 1232 potest‘),

211 1264 307 1321 sed
336 1263 574 1333 apertius
603 1276 760 1330 quam
789 1259 899 1312 alii.
930 1256 998 1310 Et
1035 1255 1176 1310 Deus
1220 1264 1388 1308 noster
1417 1268 1525 1323 pne
1566 1250 1796 1305 omnibus

210 1356 330 1410 diis.
356 1355 514 1418 Ecce,
544 1353 770 1422 inquies,
798 1351 888 1421 qui
918 1350 1040 1403 dicit
1069 1363 1315 1418 magnum
1344 1360 1464 1400 esse
1493 1345 1792 1409 Dominum,

205 1464 263 1510 et
302 1461 363 1500 se
390 1445 446 1500 id
474 1444 708 1508 novisse,
739 1441 1032 1512 procedens
1054 1440 1102 1496 ei
1127 1438 1268 1508 quod
1294 1438 1505 1493 dixerat
1538 1435 1790 1501 detrahit,

203 1547 407 1594 etcum
452 1533 659 1590 confert
703 1549 829 1590 eum
854 1533 1006 1596 aliis,
1034 1541 1087 1587 et
1127 1547 1221 1601 per
1263 1528 1713 1598 comparationem
1745 1525 1794 1581 ei

209 1629 578 1699 excellentiam
606 1627 808 1682 tribuit.
835 1625 1201 1695 Nequaquam,
1227 1622 1419 1691 inquit,
1442 1619 1536 1676 sed
1561 1628 1686 1675 tunc
1718 1618 1795 1672 lo-

206 1719 472 1791 quebatur
491 1718 693 1773 habens
719 1719 977 1772 rationem
999 1731 1204 1781 eorum,
1224 1714 1312 1784 qui
1333 1710 1639 1777 audiebant,
1665 1725 1795 1779 pau-

207 1813 359 1868 latim
381 1828 477 1868 eos
505 1811 573 1866 ad
602 1811 653 1866 id
694 1810 979 1865 deducens.
1003 1807 1184 1878 Neque
1210 1806 1351 1861 enim
1371 1804 1483 1877 hoc
1507 1803 1794 1858 admodum

209 1920 461 1974 magnum
500 1919 621 1959 eum
652 1901 905 1967 OStendit,
951 1899 1094 1971 quod
1121 1900 1327 1954 dicatur
1357 1898 1497 1951 Dens
1534 1909 1654 1950 esse
1683 1909 1795 1946 ma-

208 1998 373 2065 jor,et
397 2008 619 2065 magnus
647 2008 756 2063 prae
782 1992 884 2046 illis
913 2008 927 2046 :
962 1990 1078 2057 sed,
1106 1989 1244 2044 sicut
1268 1988 1398 2048 dixi,
1425 1985 1640 2056 adoptat
1674 1998 1791 2037 ora-

211 2088 411 2141 tionem
453 2085 737 2140 humilitati
779 2083 1107 2147 auditorum,
1151 2096 1245 2137 eos
1283 2080 1533 2150 paulatim
1559 2078 1788 2147 erigens.

207 2180 357 2235 Bene
389 2180 531 2235 enim
560 2188 685 2233 tunc
709 2194 833 2233 cum
878 2177 957 2232 eis
1000 2177 1277 2248 agebatur,
1330 2174 1472 2246 quod
1504 2173 1619 2228 haec
1643 2171 1795 2226 audi-

208 2273 433 2338 vissent,
461 2281 511 2325 et
541 2284 795 2340 persuasa
821 2269 1101 2324 haberent.

280 2362 336 2416 2.
410 2361 561 2430 Quod
590 2362 731 2417 enim
762 2376 946 2416 omnes
986 2361 1117 2414 citra
1147 2359 1305 2413 ullam
1342 2357 1792 2428 comparatimiem

207 2465 463 2524 snperet,
505 2454 739 2509 ostendit
781 2469 876 2522 per
915 2468 979 2509 ea
1031 2468 1151 2524 quae
1193 2460 1516 2522 sequuntur,
1565 2450 1793 2505 alfercns

208 2547 499 2601 maximum
547 2554 912 2616 argumentum
943 2544 1058 2614 ejus
1103 2546 1385 2614 potentire,
1416 2554 1470 2597 et
1507 2541 1794 2597 ostendens

208 2652 271 2694 se
295 2637 475 2709 priora
501 2636 705 2693 dixisse
750 2644 965 2706 propter
992 2636 1406 2691 imbecillitatem
1437 2634 1741 2689 auditorum
1775 2651 1790 2688 :

209 2738 266 2785 et
292 2730 415 2785 ideo
439 2728 650 2800 quando
673 2737 875 2784 tantum
905 2730 1173 2794 enuntiat,
1211 2740 1375 2796 parva
1403 2721 1796 2793 dicit;quando

208 2832 387 2880 autem
414 2821 727 2887 conﬁrmat,
756 2831 811 2878 et
853 2822 1214 2887 demonstrat,
1267 2828 1322 2875 et
1349 2819 1469 2889 ejus
1497 2818 1798 2888 majestatis

209 2916 367 2972 affert
393 2917 781 2985 probationem,
828 2931 1012 2986 magna
1043 2916 1258 2984 profert.
1292 2910 1432 2979 Quid
1452 2923 1583 2980 ergo
1608 2920 1796 2981 postea

209 3010 445 3072 adducit,
463 3008 600 3078 quod
628 3009 700 3063 sit
727 3024 791 3064 eo
812 3008 1027 3078 dignum
1049 3016 1126 3075 ,et
1151 3006 1294 3074 quod
1335 3006 1404 3060 sit
1430 3005 1520 3058 Dei
1542 3001 1799 3061 tantum?

212 3102 350 3157 Vide
392 3102 701 3172 :snbjangit
734 3102 918 3157 enim:
966 3100 1018 3155 6.
1051 3099 1233 3154 Omnia
1276 3113 1595 3168 quaacumquc
1628 3095 1794 3151 voluit

213 3196 495 3264 Dominus,
524 3195 640 3265 fecit
669 3195 725 3248 in
762 3192 888 3248 caelo
940 3203 989 3246 et
1014 3193 1067 3245 in
1109 3203 1271 3257 (ma,
1298 3207 1350 3244 tu
1387 3189 1607 3242 maribus
1658 3198 1705 3241 et
1742 3188 1795 3241 in

213 3286 441 3341 omnibus
484 3285 695 3356 abyssis.
725 3285 911 3340 Vidisti
951 3283 1235 3355 potentiam
1277 3282 1362 3336 cui
1401 3280 1532 3334 nihil
1577 3280 1796 3334 omnino

206 3378 364 3435 deest
390 3381 415 3431 7
456 3378 629 3433 vidisti
655 3377 855 3432 fontem
880 3376 1045 3431 vitae?
1092 3374 1267 3428 vidisti
1309 3374 1450 3428 vires
1470 3373 1793 3440 inexpugna-

205 3469 351 3524 biles
372 3467 590 3523 ividisti
623 3467 988 3524 excellentiam
1021 3464 1240 3519 omnino
1279 3462 1743 3533 incomparabilem
1773 3462 1797 3515 ἲ

206 3561 387 3615 vidisti
410 3567 721 3628 potestatem
747 3574 865 3629 qua:
886 3558 1030 3611 nullo
1060 3555 1217 3610 modo
1245 3555 1591 3624 prohibetur?
1622 3554 1795 3607 vidisti

203 3652 260 3708 ei
285 3651 463 3705 omnia
490 3650 733 3719 expedita
759 3659 814 3705 ct
838 3648 1050 3705 facilia?
1078 3647 1261 3703 Omnia
1287 3648 1450 3713 enim,
1471 3647 1799 3717 inquit,qua:-

204 3757 424 3812 cumque
462 3741 614 3795 voluit
639 3740 772 3811 fecit.
803 3739 917 3808 Dic,
946 3739 1194 3794 ubinam?
1232 3738 1300 3792 ln
1325 3737 1447 3792 celo
1484 3746 1529 3791 et
1558 3737 1608 3789 in
1641 3745 1794 3789 terra.

205 3833 330 3888 lloe
353 3842 436 3887 est
462 3848 565 3887 non
586 3832 673 3888 bic
690 3833 883 3899 solum,
907 3831 1000 3888 sed
1022 3832 1180 3887 etiam
1209 3831 1260 3886 in
1278 3830 1428 3885 caelo.
1452 3829 1565 3884 Non
1589 3829 1642 3882 in
1665 3830 1798 3883 cmlo

206 3924 426 3990 solum,
464 3924 558 3978 sed
603 3923 764 3978 etiam
802 3924 856 3978 in
886 3931 1049 3978 terra.
1095 3921 1209 3976 Non
1236 3921 1405 3975 solum
1421 3920 1471 3974 in
1501 3930 1661 3984 terra,
1704 3918 1798 3973 sed

206 4019 380 4074 etiam
426 4015 495 4070 In
525 4017 777 4082 maribus,
807 4024 856 4070 et
882 4015 935 4069 in
961 4014 1190 4070 omnibus
1228 4012 1454 4083 abyssis.
1499 4011 1601 4066 Per
1638 4011 1799 4081 abys-

205 4124 337 4164 sum
354 4110 494 4164 enim
524 4109 648 4164 dicit
667 4124 787 4180 qua:
809 4117 934 4164 sunt
952 4107 1088 4164 infra
1115 4115 1333 4174 terram,
1354 4105 1799 4176 quemadmodum

206 4201 548 4267 dicendo,ln
566 4202 784 4269 celo,ea
809 4215 928 4270 qua:
956 4207 1079 4257 sunt
1098 4214 1260 4270 super
1294 4198 1476 4255 cados.
1499 4197 1653 4254 Unde
1670 4212 1791 4252 cum

213 4303 300 4349 tot
323 4301 380 4347 et
401 4301 542 4348 tanta
570 4295 707 4359 sint,
741 4293 984 4348 voluntas
1002 4291 1462 4363 ejusnequaquam
1495 4288 1798 4359 impeditur,

207 4384 315 4439 sed
344 4386 517 4438 omnia
539 4384 809 4456 pervadit,
826 4382 1038 4454 etquod
1054 4390 1135 4437 est
1155 4380 1488 4444 admirabile,
1521 4380 1566 4434 is
1587 4421 1601 4446 ,
1624 4381 1712 4449 qui
1739 4393 1802 4434 ea

207 4476 375 4538 fecit,
408 4475 553 4530 nullo
599 4475 844 4545 negotio,
876 4474 960 4528 vel
988 4472 1205 4538 labore,
1233 4488 1340 4527 non
1378 4471 1560 4542 jussu,
1587 4470 1682 4526 sed
1713 4485 1805 4523 vo-

208 4568 428 4622 luntate
452 4567 608 4622 fecit:
632 4567 805 4622 solum
830 4566 971 4620 enim
1000 4565 1192 4630 voluit,
1218 4572 1273 4618 et
1298 4577 1432 4632 opus
1456 4563 1633 4617 statim
1677 4576 1805 4615 con-

207 4670 506 4728 sequutum
549 4668 647 4713 est.
721 4658 906 4713 Vidisti
961 4656 1228 4727 quomodo
1294 4655 1588 4711 ostenderit
1644 4670 1803 4725 quam

220 4751 399 4807 facilia
428 4767 489 4806 ac
512 4754 725 4821 copiosa
748 4751 941 4806 fuerint
964 4750 1080 4820 ejus
1101 4765 1262 4819 opera
1279 4791 1292 4812 ,
1322 4759 1375 4804 et
1395 4748 1662 4818 quomodo
1689 4748 1807 4817 ejus

213 4852 463 4917 potestas
503 4844 766 4913 prohiberi
812 4858 918 4899 non
972 4843 1217 4914 poterat?
1251 4841 1448 4896 Deinde
1484 4842 1700 4896 mittens
1728 4840 1808 4894 di-

218 4954 359 4995 cere
386 4939 453 4994 de
480 4940 610 4995 cmlo
651 4950 705 4993 et
735 4949 873 4993 terra
925 4948 980 4993 et
1030 4939 1185 5004 mari,
1218 4937 1374 4993 aliert
1422 4952 1483 4991 ea
1537 4952 1655 5007 qua:
1685 4945 1809 4990 sunt

217 5033 279 5087 in
329 5030 441 5097 eis,
501 5029 595 5086 sed
645 5045 744 5085 nec
796 5031 973 5085 omnia
1022 5029 1235 5099 quidem
1280 5044 1398 5099 qua:
1445 5040 1569 5081 sunt
1620 5027 1675 5087 in.
1707 5028 1806 5089 eis,

215 5125 320 5184 sed
348 5140 469 5179 cum
496 5125 924 5194 praetermisisset
948 5139 1150 5192 eaquae
1170 5130 1289 5176 sunt
1319 5122 1371 5176 in
1393 5120 1546 5188 Caelo,
1563 5120 1662 5175 etsi
1689 5131 1813 5173 sunt

216 5218 643 5281 admirabilium,
675 5215 802 5271 dicit
843 5231 907 5271 ea
932 5232 1049 5284 quae
1088 5224 1212 5270 sunt
1260 5214 1398 5269 circa
1444 5213 1654 5268 cwlum.
1699 5213 1810 5281 Qua

215 5310 316 5364 de
346 5306 440 5364 re?
484 5308 744 5377 Quoniam
793 5306 880 5361 illa
928 5306 1165 5378 quidem,
1215 5306 1315 5361 etsi
1365 5320 1555 5375 magna
1597 5314 1810 5367 essent,

216 5408 385 5456 erant
439 5407 614 5454 tamen
646 5398 825 5455 multis
855 5399 1076 5470 ignota:
1116 5398 1231 5453 hmc
1274 5408 1489 5465 autem,
1534 5399 1665 5453 licet
1713 5399 1815 5451 mi-

218 5508 381 5555 nora,
412 5492 768 5548 cernebantur
797 5501 993 5555 tamen,
1042 5499 1098 5546 et
1137 5505 1325 5547 omnes
1374 5489 1643 5548 habebant
1692 5506 1817 5562 spc-

221 5594 488 5642 Ctatores.
514 5582 648 5651 Quia
673 5598 801 5652 ergo
824 5582 987 5639 verba
1014 5581 1240 5637 faciebat
1265 5581 1404 5653 apud
1433 5583 1697 5649 homines,
1729 5580 1821 5652 qui

292 5703 327 5764 ‘_
354 5706 456 5751 nuo
475 5706 609 5764 Mss,
631 5697 720 5764 hoc
740 5695 868 5764 enim
885 5697 1153 5749 absurdum
1174 5704 1275 5761 est;
1298 5712 1410 5763 quae
1439 5701 1635 5764 quidem
1663 5704 1823 5753 versio

218 5761 418 5821 optime
438 5761 639 5825 quadrat
663 5759 721 5809 ad
744 5762 942 5809 seriem.

1320 309 1679 369 EXPOSITIO
1717 307 1783 365 IN
1828 307 2147 368 PSALMUM
2185 312 2475 368 CXXXIV.
3131 368 3137 373 ,
3389 327 3491 381 δυο

1914 439 2020 480 non
2053 434 2255 481 tantum
2274 426 2377 483 fide
2403 427 2731 485 ducebantur
2749 432 2814 485 ad
2843 448 2906 486 ea
2935 435 3213 504 cogitanda
3239 453 3358 508 quas
3383 458 3488 498 non

1907 516 2257 587 apparebant,
2289 530 2545 588 quantum
2571 536 2636 575 ex
2685 522 2750 577 iis
2786 538 2907 593 quae
2952 527 3280 595 apparebant
3324 533 3489 587 veluti

1912 622 2073 661 manu
2103 607 2433 663 ducebantur
2463 625 2476 663 :
2509 611 2577 666 ab
2606 611 2671 665 iis
2694 613 2876 683 incipit
2909 623 3089 671 texere
3117 619 3408 676 orationem
3436 632 3490 677 et

1908 698 2227 765 doctrinam,
2261 703 2401 770 quod
2428 702 2543 756 aliis
2591 703 2887 760 faciendum
2914 708 3104 764 suadet
3132 710 3235 765 hoc
3278 721 3331 766 et
3374 713 3488 782 ipse

1904 788 2127 846 faciens.
2153 792 2430 859 Quodnam
2460 794 2591 849 hoc?
2638 797 2798 851 Deum
2840 814 2902 852 ex
2944 799 3060 867 ejus
3089 803 3339 870 operibus
3370 805 3487 860 lau-

1902 880 2051 948 dare,
2084 899 2206 938 eum
2234 885 2324 954 qui
2370 886 2574 955 singula
2614 888 2729 956 ejus
2766 904 2927 958 Opera
2954 890 3238 961 didicerit,
3281 895 3487 967 ipsique

1906 986 2002 1041 pro
2023 973 2246 1043 singulis
2269 976 2493 1045 gloriam
2523 978 2739 1034 referre.
2765 981 2897 1047 Quia
2926 983 3065 1036 enim
3089 985 3157 1038 ad
3194 1002 3315 1041 eum
3368 988 3484 1041 lau—

1902 1061 2134 1118 dandum
2165 1064 2476 1133 adhortans,
2516 1069 2730 1125 assidue
2758 1070 2968 1126 dicebat
2998 1090 3011 1126 :
3043 1072 3272 1130 Laudato
3303 1093 3483 1133 nomen

1903 1153 2132 1225 Domini,
2156 1157 2378 1226 laudate,
2399 1161 2549 1224 servi,
2576 1161 2846 1216 Dominum
2873 1179 2893 1218 :
2918 1166 3151 1221 ostendit
3169 1169 3326 1223 etiam
3353 1186 3483 1239 quo-

1904 1246 2065 1301 modo
2094 1247 2309 1305 laudare
2337 1260 2600 1319 oporteat,
2629 1253 2999 1323 persequendo
3025 1256 3329 1312 universum
3361 1274 3479 1314 cor-

1902 1353 2001 1407 pus
2042 1350 2321 1408 creatnrac,
2349 1342 2644 1411 laudando,
2675 1355 2729 1399 et
2752 1345 3070 1404 admirando
3094 1350 3110 1381 ί
3136 1350 3481 1419 sapientiam,

1904 1429 2315 1498 providentiam,
2350 1434 2663 1502 potentiam,
2700 1450 2903 1492 curam.
2931 1438 3065 1493 Hinc
3091 1439 3347 1496 discimus
3377 1454 3484 1495 non

1900 1537 2021 1578 esse
2052 1516 2153 1579 hoc
2173 1526 2345 1579 solum
2376 1537 2613 1582 nostrum
2640 1544 2808 1595 mare,
2836 1531 2932 1586 sed
2962 1532 3125 1586 multa
3171 1542 3226 1588 et
3249 1534 3480 1597 diversa,

1899 1625 1954 1669 et
1975 1614 2173 1670 infinita
2204 1619 2388 1671 maria.
2424 1618 2563 1674 Dixit
2592 1621 2732 1674 enim
2754 1664 2768 1685 ,
2809 1620 2877 1676 In
2904 1624 3128 1678 maribus
3172 1635 3216 1678 et
3251 1625 3481 1680 omnibus

1899 1704 2110 1775 abyssis.
2142 1705 2393 1776 Caspium
2415 1710 2577 1769 enim.
2597 1720 2652 1766 et
2670 1711 2905 1767 Indicum
2921 1723 2977 1769 et
3000 1713 3237 1769 Rubrum
3267 1726 3389 1769 sunt
3415 1719 3482 1768 ab

1899 1795 2001 1851 hoc
2030 1797 2209 1862 utique
2235 1797 2520 1867 disjuncta,
2552 1810 2607 1854 et
2629 1800 2873 1857 Oceanus
2898 1804 2989 1873 qui
3018 1805 3185 1860 ambit
3215 1809 3477 1862 extrinse-

1897 1902 2013 1943 cus.
2043 1889 2094 1941 7.
2127 1886 2363 1944 Educeus
2387 1890 2542 1945 nubes
2569 1890 2630 1945 ab
2650 1901 2868 1947 extremo
2893 1903 3054 1949 teme.
3088 1897 3255 1961 Alius,
3275 1897 3479 1953 διωθι-

1898 1978 2024 2033 lens.
2055 1979 2221 2043 Alius,
2253 1980 2472 2035 Aura/rit
2500 1980 2561 2035 ab
2578 1983 2811 2037 extremis
2838 1984 3042 2052 finibus.
3071 1986 3240 2054 Alius,
3282 1990 3329 2043 Α
3355 1991 3477 2057 ﬁni-

1898 2070 1990 2124 bus
2022 2068 2117 2140 (a).
2145 2071 2255 2126 Hoc
2279 2072 2436 2125 etiam
2466 2072 2518 2126 in
2542 2072 2644 2127 Job
2670 2073 2869 2129 dictum
2900 2083 2980 2130 est
3002 2094 3013 2128 :
3038 2074 3267 2146 Alligatus
3295 2095 3478 2147 aquam

1896 2163 1949 2216 in
1987 2163 2197 2217 nubibus
2226 2165 2329 2219 suis
2374 2163 2519 2231 (Job.
2549 2165 2638 2220 26.
2680 2165 2759 2235 8).
2789 2165 2857 2220 Ει
2897 2165 3146 2223 Salomon
3170 2187 3188 2222 ς
3211 2168 3479 2225 Conlinens

1897 2271 2081 2323 aquam
2118 2257 2169 2309 in
2218 2256 2503 2310 vestimento
2532 2254 2724 2327 (Prov.
2754 2257 2842 2315 50.
2876 2256 2969 2328 4).
3015 2258 3111 2313 llic
3148 2270 3326 2315 autem
3371 2277 3475 2315 non

1899 2345 2000 2401 hoc
2043 2346 2190 2413 dicit,
2238 2347 2336 2403 sed
2387 2347 2529 2402 aliud
2561 2348 2824 2403 mirabile.
2856 2348 3159 2415 Quidnam?
3198 2353 3351 2420 Quod
3385 2371 3479 2409 aer

1899 2451 2020 2490 cum
2049 2438 2284 2492 crassior
2324 2438 2503 2504 fuerit,
2546 2452 2761 2492 sursum
2822 2438 2994 2495 fertur
3046 2450 3101 2496 et
3150 2446 3470 2499 transmitti-

1899 2534 2004 2592 tur,
2053 2537 2107 2583 et
2131 2528 2372 2583 ascendit
2398 2530 2449 2585 id
2478 2529 2618 2600 quod
2644 2544 2806 2600 grave
2828 2537 2944 2596 est,
2974 2531 3057 2586 via
3096 2536 3360 2590 conuariat
3393 2537 3476 2591 in.

1896 2617 2160 2686 gredieus.
2194 2618 2520 2676 Admirabile
2542 2629 2721 2675 autem
2749 2630 2830 2674 est
2857 2620 2997 2689 quod
3022 2637 3156 2692 aqua
3182 2624 3232 2679 in
3259 2640 3323 2680 eo
3346 2641 3478 2681 con-

1899 2707 2132 2763 tineatur
2161 2726 2176 2764 :
2208 2710 2301 2764 sed
2352 2709 2519 2765 multo
2559 2709 2946 2777 admirabilius,
2975 2714 3114 2781 quod
3148 2714 3198 2769 in
3239 2731 3303 2769 eo
3336 2718 3477 2785 quod

1897 2799 2015 2855 leve
2060 2805 2147 2854 est
2192 2807 2442 2855 contenta
2492 2802 2735 2858 feratur:
2771 2813 2827 2859 et
2873 2804 3049 2859 adhuc
3077 2805 3477 2870 admirabilius,

1898 2887 2039 2959 quod
2068 2903 2206 2957 aqua
2246 2904 2364 2957 quae
2392 2890 2445 2944 in
2487 2890 2580 2944 illo
2605 2905 2728 2946 aere
2768 2893 3107 2958 continetur,
3139 2905 3416 2965 postquam
3448 2914 3479 2950 c

1899 2977 2039 3032 nube
2065 2975 2351 3043 effluxerit,
2399 2979 2466 3034 ab
2490 2994 2616 3034 aere
2642 2980 2730 3049 qui
2771 2983 3012 3051 sequitur
3034 3024 3049 3046 ,
3100 2999 3205 3037 non
3251 2984 3479 3053 amplius

1898 3070 2252 3134 contineatur,
2281 3070 2374 3124 sed
2405 3070 2637 3141 undique
2664 3071 2890 3140 difﬂuat,
2913 3082 2968 3129 et
3009 3075 3059 3127 in
3093 3083 3287 3129 terram
3328 3075 3478 3131 defe-

1898 3168 2065 3215 ratur.
2094 3161 2254 3231 Atqui
2302 3161 2347 3215 si
2378 3176 2440 3215 ea
2466 3162 2831 3218 contineretur
2857 3180 2920 3218 ex
2961 3174 3143 3219 natura
3165 3206 3181 3231 ,
3211 3175 3480 3235 oporteret

1897 3266 2015 3307 eam
2042 3252 2200 3306 etiam
2229 3252 2491 3309 contineri
2517 3253 2569 3307 in
2598 3268 2745 3310 aere.
2770 3255 3226 3324 Quemadmodum
3253 3258 3394 3312 enim
3434 3260 3478 3313 si

1898 3345 2016 3415 quis
2036 3352 2205 3399 utrem
2227 3344 2280 3399 in
2299 3359 2475 3399 aerem
2488 3346 2635 3401 abire
2648 3346 2869 3414 sineret,
2884 3363 3019 3419 aqua
3038 3349 3272 3419 plenum,
3288 3351 3480 3408 deinde

1900 3435 2128 3491 ferretur
2147 3435 2214 3491 ab
2226 3450 2371 3504 aere,
2385 3435 2612 3492 ferretur
2626 3439 2785 3493 etiam
2802 3454 2935 3511 aqua
2958 3456 3077 3512 quae
3093 3441 3235 3496 intus
3245 3444 3484 3498 contine—

1902 3532 2006 3591 tur,
2024 3526 2068 3580 si
2086 3524 2381 3581 effluxisset
2409 3526 2476 3582 ab
2502 3538 2618 3583 utre
2646 3545 2659 3582 :
2693 3528 2766 3583 ita
2794 3540 3211 3587 consentaneum
3238 3542 3380 3587 esset
3395 3534 3483 3589 hic

1899 3635 2112 3691 quoque
2129 3621 2264 3676 fieri.
2281 3620 2385 3677 Sed
2402 3622 2522 3692 quia
2535 3630 2723 3677 cuncta
2742 3639 2903 3695 opera
2921 3633 3045 3679 sunt
3058 3624 3410 3688 admirabilia,
3431 3637 3486 3681 ct

1901 3718 2156 3781 superant
2179 3712 2508 3782 Opinionem,
2537 3727 2695 3783 supra
2721 3728 2899 3768 rerum
2930 3714 3171 3769 ordinem
3222 3726 3276 3770 et
3316 3716 3482 3770 ratio-

1903 3816 2024 3856 nem
2056 3815 2269 3857 omnem
2315 3801 2449 3857 fiunt
2494 3802 2609 3859 hmc
2645 3804 2841 3858 omnia.
2867 3804 3019 3871 Quod
3048 3805 3189 3860 enim
3232 3808 3283 3860 in
3329 3807 3487 3863 nubis

1902 3908 2026 3949 aere
2051 3893 2375 3961 continetur,
2407 3909 2513 3951 non
2536 3894 2837 3950 continetur
2865 3897 2919 3950 in
2947 3911 3069 3951 aere
3091 3899 3177 3967 qui
3200 3899 3481 3968 consequi-

1905 3994 2009 4037 tur.
2044 3984 2231 4038 Vidisti
2280 4000 2394 4039 rem
2441 3984 2846 4047 admirabilem,
2898 3997 2952 4041 et
2999 3987 3309 4059 quomodo,
3346 3990 3487 4060 quod

1904 4078 2113 4132 czeteris
2141 4077 2349 4132 videtur
2378 4092 2497 4133 esse
2542 4078 2751 4142 minus,
2796 4079 2845 4132 id
2886 4094 3006 4134 cum
3040 4089 3235 4149 posuit,
3280 4079 3407 4136 fecit
3434 4097 3492 4135 ut

1908 4167 1976 4221 sit
2007 4166 2359 4224 admirabile?
2390 4167 2590 4223 Deinde
2616 4166 2850 4224 ostendit
2875 4170 3035 4224 etiam
3064 4171 3207 4225 aliud
3253 4169 3488 4225 admirao

1908 4258 2033 4326 bile,
2066 4259 2272 4322 dicens,
2305 4259 2379 4314 Ab
2412 4269 2634 4315 extremo
2668 4269 2847 4328 teme,
2877 4260 2996 4328 vel,
3029 4261 3073 4314 Α
3095 4277 3291 4316 summa
3320 4270 3488 4317 term.

1907 4350 2022 4406 Non
2071 4352 2242 4408 solum
2282 4353 2425 4407 enim
2453 4351 2769 4417 ascendunt,
2799 4351 2893 4407 sed
2922 4353 3084 4407 etiam
3123 4351 3341 4416 vadunt,
3393 4368 3493 4405 nec

1908 4443 1997 4499 ubi
2042 4450 2436 4515 apparuerunt,
2484 4442 2590 4521 illic
2632 4442 2887 4495 emittunt
2925 4440 3196 4509 pluviam,
3235 4438 3328 4494 sed
3369 4454 3492 4496 cum

1908 4535 2073 4590 multa
2091 4549 2234 4604 saepe
2249 4534 2362 4588 loca
2382 4531 2866 4604 praetercurrerint,
2886 4530 3011 4585 alibi
3034 4530 3232 4586 imbres
3258 4531 3491 4600 pariunt,

1912 4625 2213 4685 civitatibus
2240 4633 2295 4678 et
2320 4622 2567 4694 gentibus
2594 4621 2897 4692 prmteritis.
2945 4619 3061 4676 Non
3108 4630 3189 4675 est
3218 4635 3347 4691 ergo
3392 4620 3496 4676 hoc

1912 4717 2082 4772 solum
2109 4713 2372 4781 mirabile,
2418 4712 2559 4784 quod
2600 4711 2982 4777 sustolluntur,
3006 4711 3099 4767 sed
3140 4712 3302 4769 etiam
3353 4713 3495 4783 quod

1914 4806 2165 4864 incedunt
2194 4817 2462 4876 tamquam
2493 4806 2544 4859 in
2579 4804 2847 4872 tabulatis,
2871 4804 3103 4860 ferentes
3132 4813 3331 4860 tantam
3379 4821 3502 4860 mo.

1913 4900 2016 4955 lem
2047 4914 2325 4967 aquarum.

1987 4995 2039 5049 5.
2074 4993 2126 5046 Μ
2134 4994 2209 5044 ira
2237 4992 2591 5045 elementorum
2615 4991 2979 5044 contrariorum
3009 4990 3218 5054 mixtio;
3246 4984 3500 5044 ventorum

1916 5086 2218 5149 connnoda;
2251 5086 2382 5138 venti
2422 5084 2671 5153 quomodo
2713 5083 2766 5137 in
2805 5084 3069 5137 thesauris.
3098 5112 3171 5123 -—-
3198 5080 3426 5151 Fulgura
3453 5082 3503 5132 in

1918 5182 2138 5253 pluviam
2180 5180 2316 5247 fecit.
2351 5177 2484 5231 Vide
2530 5192 2715 5231 rursus
2767 5174 2907 5229 aliud
2956 5174 3235 5237 mirabile,
3266 5173 3503 5229 diversas

1920 5283 2139 5328 naturas
2164 5269 2561 5325 convenientes.
2589 5267 2771 5337 Neque
2815 5266 2957 5320 enim
3000 5264 3209 5332 fulgure
3244 5272 3329 5319 est
3355 5264 3506 5333 quid-

1922 5380 2080 5436 quam
2110 5363 2276 5433 magis
2316 5361 2550 5434 igneum,
2592 5375 2765 5429 neque
2813 5357 2964 5427 aquis
2999 5366 3085 5413 est
3121 5356 3319 5428 aliquid
3365 5355 3477 5425 frigi

1924 5455 2076 5510 dius:
2109 5468 2171 5508 ea
2207 5461 2383 5505 tamen
2427 5450 2733 5510 miscentur,
2769 5462 2866 5526 nec
2885 5444 3304 5510 confunduntur,
3339 5462 3510 5516 neque

1927 5553 2409 5615 contemperantur,
2450 5539 2544 5595 sed
2588 5553 2919 5607 unaquaeque
2956 5547 3237 5599 conservat
3277 5551 3400 5607 suos
3444 5539 3511 5590 tt-

1995 5702 2010 5732 ι
2046 5706 2128 5748 me
2150 5708 2314 5753 voces,
2338 5700 2385 5746 et
2407 5689 2715 5747 admirando.
2734 5690 2913 5742 desunt
2932 5693 2983 5743 in
3007 5692 3150 5745 Savll.

1995 5760 2069 5823 (α)
2102 5760 2185 5819 ιριιὶ
2209 5760 2305 5808 sint
2328 5756 2375 5806 hi
2397 5757 2698 5818 interpretes
2716 5754 2983 5816 ignoratur.

3648 5533 3673 5553 ἢ
