  <div class='ocr_page' id='page_1' title='image "/cluster/home/n/w/nwhite01/storage/ocr_20150623/55:no.5/coo.31924054869551/383.png"; bbox 0 0 3956 6408; ppageno 0'>
   <div class='ocr_carea' id='block_1_1' title="bbox 544 322 643 376">
    <p class='ocr_par' dir='ltr' id='par_1_1' title="bbox 544 322 643 376">
     <span class='ocr_line' id='line_1_1' title="bbox 544 322 643 376; baseline -0.04 0"><span class='ocrx_word' id='word_1_1' title='bbox 544 322 643 376; x_wconf 63' lang='grc' dir='ltr'><strong>ωε</strong></span> 
     </span>
    </p>
   </div>
   <div class='ocr_carea' id='block_1_2' title="bbox 547 431 2124 501">
    <p class='ocr_par' dir='ltr' id='par_1_2' title="bbox 547 431 2124 501">
     <span class='ocr_line' id='line_1_2' title="bbox 547 431 2124 501; baseline -0.002 -13"><span class='ocrx_word' id='word_1_2' title='bbox 547 452 661 488; x_wconf 72' lang='grc' dir='ltr'><strong>ειυς.</strong></span> <span class='ocrx_word' id='word_1_3' title='bbox 713 434 930 488; x_wconf 70' lang='lat' dir='ltr'><strong>Manens</strong></span> <span class='ocrx_word' id='word_1_4' title='bbox 981 434 1120 488; x_wconf 89' lang='lat' dir='ltr'><strong>enim</strong></span> <span class='ocrx_word' id='word_1_5' title='bbox 1171 431 1304 500; x_wconf 85' lang='lat' dir='ltr'><strong>ignis</strong></span> <span class='ocrx_word' id='word_1_6' title='bbox 1350 431 1402 484; x_wconf 90' lang='lat' dir='ltr'><strong>in</strong></span> <span class='ocrx_word' id='word_1_7' title='bbox 1439 445 1604 500; x_wconf 85' lang='lat' dir='ltr'><strong>aqua,</strong></span> <span class='ocrx_word' id='word_1_8' title='bbox 1639 440 1692 483; x_wconf 90' lang='lat' dir='ltr'><strong>et</strong></span> <span class='ocrx_word' id='word_1_9' title='bbox 1733 446 1866 500; x_wconf 88' lang='lat' dir='ltr'><strong>aqua</strong></span> <span class='ocrx_word' id='word_1_10' title='bbox 1898 431 1952 484; x_wconf 93' lang='lat' dir='ltr'><strong>in</strong></span> <span class='ocrx_word' id='word_1_11' title='bbox 1983 432 2124 501; x_wconf 91' lang='lat' dir='ltr'><strong>igne,</strong></span> 
     </span>
    </p>
   </div>
   <div class='ocr_carea' id='block_1_3' title="bbox 547 522 2124 594">
    <p class='ocr_par' dir='ltr' id='par_1_3' title="bbox 547 522 2124 594">
     <span class='ocr_line' id='line_1_3' title="bbox 547 522 2124 594; baseline -0.004 -15"><span class='ocrx_word' id='word_1_12' title='bbox 547 541 718 594; x_wconf 87' lang='lat' dir='ltr'><strong>neque</strong></span> <span class='ocrx_word' id='word_1_13' title='bbox 763 525 850 580; x_wconf 93' lang='lat' dir='ltr'><strong>hic</strong></span> <span class='ocrx_word' id='word_1_14' title='bbox 891 524 1032 579; x_wconf 84' lang='lat' dir='ltr'><strong>illam</strong></span> <span class='ocrx_word' id='word_1_15' title='bbox 1063 522 1367 587; x_wconf 85' lang='lat' dir='ltr'><strong>exsiccavit,</strong></span> <span class='ocrx_word' id='word_1_16' title='bbox 1413 535 1512 576; x_wconf 89' lang='lat' dir='ltr'><strong>nec</strong></span> <span class='ocrx_word' id='word_1_17' title='bbox 1549 522 1634 574; x_wconf 89' lang='lat' dir='ltr'><strong>illa</strong></span> <span class='ocrx_word' id='word_1_18' title='bbox 1678 536 1800 575; x_wconf 92' lang='lat' dir='ltr'><strong>eum</strong></span> <span class='ocrx_word' id='word_1_19' title='bbox 1847 523 2124 575; x_wconf 76' lang='lat' dir='ltr'><strong>exstinxit.</strong></span> 
     </span>
    </p>
   </div>
   <div class='ocr_carea' id='block_1_4' title="bbox 543 611 2126 687">
    <p class='ocr_par' dir='ltr' id='par_1_4' title="bbox 543 611 2126 687">
     <span class='ocr_line' id='line_1_4' title="bbox 543 611 2126 687; baseline -0.004 -16"><span class='ocrx_word' id='word_1_20' title='bbox 543 616 702 687; x_wconf 81' lang='lat' dir='ltr'><strong>Atqui</strong></span> <span class='ocrx_word' id='word_1_21' title='bbox 731 615 905 686; x_wconf 77' lang='lat' dir='ltr'><strong>fulgur</strong></span> <span class='ocrx_word' id='word_1_22' title='bbox 942 624 1024 670; x_wconf 87' lang='lat' dir='ltr'><strong>est</strong></span> <span class='ocrx_word' id='word_1_23' title='bbox 1059 615 1177 684; x_wconf 85' lang='lat' dir='ltr'><strong>igne</strong></span> <span class='ocrx_word' id='word_1_24' title='bbox 1210 612 1369 668; x_wconf 88' lang='lat' dir='ltr'><strong>solari</strong></span> <span class='ocrx_word' id='word_1_25' title='bbox 1416 612 1639 679; x_wconf 83' lang='lat' dir='ltr'><strong>acutius,</strong></span> <span class='ocrx_word' id='word_1_26' title='bbox 1682 621 1737 666; x_wconf 91' lang='lat' dir='ltr'><strong>et</strong></span> <span class='ocrx_word' id='word_1_27' title='bbox 1777 611 2126 680; x_wconf 85' lang='lat' dir='ltr'><strong>splendidius,</strong></span> 
     </span>
    </p>
   </div>
   <div class='ocr_carea' id='block_1_5' title="bbox 543 701 2129 776">
    <p class='ocr_par' dir='ltr' id='par_1_5' title="bbox 543 701 2129 776">
     <span class='ocr_line' id='line_1_5' title="bbox 543 701 2129 776; baseline -0.003 -15"><span class='ocrx_word' id='word_1_28' title='bbox 543 715 596 761; x_wconf 88' lang='lat' dir='ltr'><strong>et</strong></span> <span class='ocrx_word' id='word_1_29' title='bbox 633 722 699 761; x_wconf 86' lang='lat' dir='ltr'><strong>eo</strong></span> <span class='ocrx_word' id='word_1_30' title='bbox 737 706 904 776; x_wconf 91' lang='lat' dir='ltr'><strong>magis</strong></span> <span class='ocrx_word' id='word_1_31' title='bbox 939 713 1113 771; x_wconf 84' lang='lat' dir='ltr'><strong>secat,</strong></span> <span class='ocrx_word' id='word_1_32' title='bbox 1154 718 1218 758; x_wconf 89' lang='lat' dir='ltr'><strong>ac</strong></span> <span class='ocrx_word' id='word_1_33' title='bbox 1248 702 1452 758; x_wconf 85' lang='lat' dir='ltr'><strong>dividit.</strong></span> <span class='ocrx_word' id='word_1_34' title='bbox 1493 701 1550 756; x_wconf 88' lang='lat' dir='ltr'><strong>Id</strong></span> <span class='ocrx_word' id='word_1_35' title='bbox 1593 710 1817 757; x_wconf 82' lang='lat' dir='ltr'><strong>testatur</strong></span> <span class='ocrx_word' id='word_1_36' title='bbox 1845 702 2012 768; x_wconf 91' lang='lat' dir='ltr'><strong>visus,</strong></span> <span class='ocrx_word' id='word_1_37' title='bbox 2039 703 2129 771; x_wconf 93' lang='lat' dir='ltr'><strong>qui</strong></span> 
     </span>
    </p>
   </div>
   <div class='ocr_carea' id='block_1_6' title="bbox 545 793 2130 864">
    <p class='ocr_par' dir='ltr' id='par_1_6' title="bbox 545 793 2130 864">
     <span class='ocr_line' id='line_1_6' title="bbox 545 793 2130 864; baseline -0.001 -13"><span class='ocrx_word' id='word_1_38' title='bbox 545 813 668 852; x_wconf 90' lang='lat' dir='ltr'><strong>cum</strong></span> <span class='ocrx_word' id='word_1_39' title='bbox 724 796 886 853; x_wconf 89' lang='lat' dir='ltr'><strong>radiis</strong></span> <span class='ocrx_word' id='word_1_40' title='bbox 935 796 1062 850; x_wconf 86' lang='lat' dir='ltr'><strong>solis</strong></span> <span class='ocrx_word' id='word_1_41' title='bbox 1106 794 1318 850; x_wconf 84' lang='lat' dir='ltr'><strong>assidue</strong></span> <span class='ocrx_word' id='word_1_42' title='bbox 1360 793 1738 864; x_wconf 75' lang='lat' dir='ltr'><strong>congreditur;</strong></span> <span class='ocrx_word' id='word_1_43' title='bbox 1785 793 1925 847; x_wconf 89' lang='lat' dir='ltr'><strong>illius</strong></span> <span class='ocrx_word' id='word_1_44' title='bbox 1953 802 2130 850; x_wconf 89' lang='lat' dir='ltr'><strong>autem</strong></span> 
     </span>
    </p>
   </div>
   <div class='ocr_carea' id='block_1_7' title="bbox 542 886 2130 957">
    <p class='ocr_par' dir='ltr' id='par_1_7' title="bbox 542 886 2130 957">
     <span class='ocr_line' id='line_1_7' title="bbox 542 886 2130 957; baseline 0 -15"><span class='ocrx_word' id='word_1_45' title='bbox 542 888 794 957; x_wconf 85' lang='lat' dir='ltr'><strong>impetum</strong></span> <span class='ocrx_word' id='word_1_46' title='bbox 826 903 893 943; x_wconf 91' lang='lat' dir='ltr'><strong>ne</strong></span> <span class='ocrx_word' id='word_1_47' title='bbox 922 887 1182 942; x_wconf 86' lang='lat' dir='ltr'><strong>tantillum</strong></span> <span class='ocrx_word' id='word_1_48' title='bbox 1209 886 1422 957; x_wconf 90' lang='lat' dir='ltr'><strong>quidem</strong></span> <span class='ocrx_word' id='word_1_49' title='bbox 1447 886 1591 943; x_wconf 89' lang='lat' dir='ltr'><strong>ferre</strong></span> <span class='ocrx_word' id='word_1_50' title='bbox 1613 895 1807 957; x_wconf 86' lang='lat' dir='ltr'><strong>potest.</strong></span> <span class='ocrx_word' id='word_1_51' title='bbox 1835 887 1899 940; x_wconf 84' lang='lat' dir='ltr'><strong>Et</strong></span> <span class='ocrx_word' id='word_1_52' title='bbox 1925 887 2005 941; x_wconf 89' lang='lat' dir='ltr'><strong>sol</strong></span> <span class='ocrx_word' id='word_1_53' title='bbox 2037 902 2130 956; x_wconf 90' lang='lat' dir='ltr'><strong>per</strong></span> 
     </span>
    </p>
   </div>
   <div class='ocr_carea' id='block_1_8' title="bbox 540 979 2128 1050">
    <p class='ocr_par' dir='ltr' id='par_1_8' title="bbox 540 979 2128 1050">
     <span class='ocr_line' id='line_1_8' title="bbox 540 979 2128 1050; baseline 0.001 -16"><span class='ocrx_word' id='word_1_54' title='bbox 540 989 710 1034; x_wconf 90' lang='lat' dir='ltr'><strong>totum</strong></span> <span class='ocrx_word' id='word_1_55' title='bbox 757 979 899 1036; x_wconf 90' lang='lat' dir='ltr'><strong>diem</strong></span> <span class='ocrx_word' id='word_1_56' title='bbox 937 979 1124 1034; x_wconf 64' lang='lat' dir='ltr'><strong>caelum</strong></span> <span class='ocrx_word' id='word_1_57' title='bbox 1168 979 1465 1050; x_wconf 85' lang='lat' dir='ltr'><strong>percurrit;</strong></span> <span class='ocrx_word' id='word_1_58' title='bbox 1507 979 1635 1034; x_wconf 92' lang='lat' dir='ltr'><strong>illud</strong></span> <span class='ocrx_word' id='word_1_59' title='bbox 1677 988 1856 1036; x_wconf 90' lang='lat' dir='ltr'><strong>autem</strong></span> <span class='ocrx_word' id='word_1_60' title='bbox 1905 980 2128 1035; x_wconf 88' lang='lat' dir='ltr'><strong>minimo</strong></span> 
     </span>
    </p>
   </div>
   <div class='ocr_carea' id='block_1_9' title="bbox 540 1070 2128 1140">
    <p class='ocr_par' dir='ltr' id='par_1_9' title="bbox 540 1070 2128 1140">
     <span class='ocr_line' id='line_1_9' title="bbox 540 1070 2128 1140; baseline 0.001 -16"><span class='ocrx_word' id='word_1_61' title='bbox 540 1079 814 1126; x_wconf 91' lang='lat' dir='ltr'><strong>momento</strong></span> <span class='ocrx_word' id='word_1_62' title='bbox 840 1080 1094 1140; x_wconf 79' lang='lat' dir='ltr'><strong>temporis</strong></span> <span class='ocrx_word' id='word_1_63' title='bbox 1141 1070 1446 1124; x_wconf 89' lang='lat' dir='ltr'><strong>universum</strong></span> <span class='ocrx_word' id='word_1_64' title='bbox 1485 1070 1668 1125; x_wconf 89' lang='lat' dir='ltr'><strong>orbem</strong></span> <span class='ocrx_word' id='word_1_65' title='bbox 1701 1079 1894 1125; x_wconf 75' lang='lat' dir='ltr'><strong>terrm:</strong></span> <span class='ocrx_word' id='word_1_66' title='bbox 1937 1084 2128 1140; x_wconf 89' lang='lat' dir='ltr'><strong>quem-</strong></span> 
     </span>
    </p>
   </div>
   <div class='ocr_carea' id='block_1_10' title="bbox 539 1158 2128 1230">
    <p class='ocr_par' dir='ltr' id='par_1_10' title="bbox 539 1158 2128 1230">
     <span class='ocr_line' id='line_1_10' title="bbox 539 1158 2128 1230; baseline -0.001 -16"><span class='ocrx_word' id='word_1_67' title='bbox 539 1159 824 1216; x_wconf 82' lang='lat' dir='ltr'><strong>admodum</strong></span> <span class='ocrx_word' id='word_1_68' title='bbox 855 1158 1098 1215; x_wconf 85' lang='lat' dir='ltr'><strong>Christus</strong></span> <span class='ocrx_word' id='word_1_69' title='bbox 1123 1173 1333 1230; x_wconf 90' lang='lat' dir='ltr'><strong>quoque</strong></span> <span class='ocrx_word' id='word_1_70' title='bbox 1359 1167 1585 1214; x_wconf 80' lang='lat' dir='ltr'><strong>testatur</strong></span> <span class='ocrx_word' id='word_1_71' title='bbox 1606 1159 1790 1214; x_wconf 88' lang='lat' dir='ltr'><strong>dicens</strong></span> <span class='ocrx_word' id='word_1_72' title='bbox 1821 1178 1834 1214; x_wconf 90' lang='lat'><strong>:</strong></span> <span class='ocrx_word' id='word_1_73' title='bbox 1870 1159 2128 1227; x_wconf 85' lang='lat' dir='ltr'><strong>Quemad-</strong></span> 
     </span>
    </p>
   </div>
   <div class='ocr_carea' id='block_1_11' title="bbox 541 1250 2125 1325">
    <p class='ocr_par' dir='ltr' id='par_1_11' title="bbox 541 1250 2125 1325">
     <span class='ocr_line' id='line_1_11' title="bbox 541 1250 2125 1325; baseline 0.001 -19"><span class='ocrx_word' id='word_1_74' title='bbox 541 1254 746 1308; x_wconf 78' lang='lat' dir='ltr'><strong>modum</strong></span> <span class='ocrx_word' id='word_1_75' title='bbox 773 1255 948 1325; x_wconf 75' lang='lat' dir='ltr'><strong>fulgur</strong></span> <span class='ocrx_word' id='word_1_76' title='bbox 972 1252 1304 1324; x_wconf 80' lang='lat' dir='ltr'><strong>proﬁciscitur</strong></span> <span class='ocrx_word' id='word_1_77' title='bbox 1337 1250 1398 1306; x_wconf 85' lang='lat' dir='ltr'><strong>ab</strong></span> <span class='ocrx_word' id='word_1_78' title='bbox 1425 1252 1630 1318; x_wconf 78' lang='lat' dir='ltr'><strong>oriente,</strong></span> <span class='ocrx_word' id='word_1_79' title='bbox 1658 1261 1705 1306; x_wconf 89' lang='lat' dir='ltr'><strong>et</strong></span> <span class='ocrx_word' id='word_1_80' title='bbox 1729 1262 1940 1323; x_wconf 83' lang='lat' dir='ltr'><strong>apparet</strong></span> <span class='ocrx_word' id='word_1_81' title='bbox 1965 1269 2125 1324; x_wconf 81' lang='lat' dir='ltr'><strong>usque</strong></span> 
     </span>
    </p>
   </div>
   <div class='ocr_carea' id='block_1_12' title="bbox 543 1342 2128 1416">
    <p class='ocr_par' dir='ltr' id='par_1_12' title="bbox 543 1342 2128 1416">
     <span class='ocr_line' id='line_1_12' title="bbox 543 1342 2128 1416; baseline -0.001 -16"><span class='ocrx_word' id='word_1_82' title='bbox 543 1345 611 1399; x_wconf 85' lang='lat' dir='ltr'><strong>ad</strong></span> <span class='ocrx_word' id='word_1_83' title='bbox 641 1343 947 1400; x_wconf 77' lang='lat' dir='ltr'><strong>occidentem</strong></span> <span class='ocrx_word' id='word_1_84' title='bbox 974 1342 1184 1416; x_wconf 74' lang='lat' dir='ltr'><strong>(Matth.</strong></span> <span class='ocrx_word' id='word_1_85' title='bbox 1215 1343 1305 1398; x_wconf 71' lang='grc'><strong>24.</strong></span> <span class='ocrx_word' id='word_1_86' title='bbox 1335 1343 1448 1414; x_wconf 73' lang='grc'><strong>27).</strong></span> <span class='ocrx_word' id='word_1_87' title='bbox 1484 1343 1585 1411; x_wconf 82' lang='lat' dir='ltr'><strong>Qui</strong></span> <span class='ocrx_word' id='word_1_88' title='bbox 1615 1344 1844 1414; x_wconf 83' lang='lat' dir='ltr'><strong>producit</strong></span> <span class='ocrx_word' id='word_1_89' title='bbox 1871 1353 2041 1398; x_wconf 74' lang='lat' dir='ltr'><strong>ventos</strong></span> <span class='ocrx_word' id='word_1_90' title='bbox 2064 1345 2128 1399; x_wconf 86' lang='lat' dir='ltr'><strong>de</strong></span> 
     </span>
    </p>
   </div>
   <div class='ocr_carea' id='block_1_13' title="bbox 541 1435 2123 1505">
    <p class='ocr_par' dir='ltr' id='par_1_13' title="bbox 541 1435 2123 1505">
     <span class='ocr_line' id='line_1_13' title="bbox 541 1435 2123 1505; baseline -0.001 -15"><span class='ocrx_word' id='word_1_91' title='bbox 541 1436 789 1491; x_wconf 80' lang='lat' dir='ltr'><strong>thesauris</strong></span> <span class='ocrx_word' id='word_1_92' title='bbox 823 1436 947 1490; x_wconf 88' lang='lat' dir='ltr'><strong>suis.</strong></span> <span class='ocrx_word' id='word_1_93' title='bbox 997 1435 1123 1490; x_wconf 72' lang='lat' dir='ltr'><strong>llth</strong></span> <span class='ocrx_word' id='word_1_94' title='bbox 1169 1444 1252 1492; x_wconf 88' lang='lat' dir='ltr'><strong>est</strong></span> <span class='ocrx_word' id='word_1_95' title='bbox 1299 1449 1485 1490; x_wconf 89' lang='lat' dir='ltr'><strong>rursus</strong></span> <span class='ocrx_word' id='word_1_96' title='bbox 1531 1435 1632 1489; x_wconf 90' lang='lat' dir='ltr'><strong>alia</strong></span> <span class='ocrx_word' id='word_1_97' title='bbox 1669 1444 1872 1490; x_wconf 78' lang='lat' dir='ltr'><strong>naturm</strong></span> <span class='ocrx_word' id='word_1_98' title='bbox 1897 1435 2123 1505; x_wconf 88' lang='lat' dir='ltr'><strong>species,</strong></span> 
     </span>
    </p>
   </div>
   <div class='ocr_carea' id='block_1_14' title="bbox 537 1525 2126 1598">
    <p class='ocr_par' dir='ltr' id='par_1_14' title="bbox 537 1525 2126 1598">
     <span class='ocr_line' id='line_1_14' title="bbox 537 1525 2126 1598; baseline 0 -18"><span class='ocrx_word' id='word_1_99' title='bbox 537 1544 660 1598; x_wconf 67' lang='lat' dir='ltr'><strong>quae</strong></span> <span class='ocrx_word' id='word_1_100' title='bbox 700 1527 853 1582; x_wconf 90' lang='lat' dir='ltr'><strong>nobis</strong></span> <span class='ocrx_word' id='word_1_101' title='bbox 883 1541 988 1582; x_wconf 93' lang='lat' dir='ltr'><strong>non</strong></span> <span class='ocrx_word' id='word_1_102' title='bbox 1015 1541 1236 1598; x_wconf 88' lang='lat' dir='ltr'><strong>parvum</strong></span> <span class='ocrx_word' id='word_1_103' title='bbox 1268 1541 1420 1580; x_wconf 89' lang='lat' dir='ltr'><strong>usum</strong></span> <span class='ocrx_word' id='word_1_104' title='bbox 1442 1526 1682 1591; x_wconf 81' lang='lat' dir='ltr'><strong>exhibet,</strong></span> <span class='ocrx_word' id='word_1_105' title='bbox 1709 1525 1802 1581; x_wconf 88' lang='lat' dir='ltr'><strong>sed</strong></span> <span class='ocrx_word' id='word_1_106' title='bbox 1837 1535 2039 1580; x_wconf 90' lang='lat' dir='ltr'><strong>tantmn</strong></span> <span class='ocrx_word' id='word_1_107' title='bbox 2069 1535 2126 1580; x_wconf 92' lang='lat' dir='ltr'><strong>ut</strong></span> 
     </span>
    </p>
   </div>
   <div class='ocr_carea' id='block_1_15' title="bbox 545 1617 2124 1690">
    <p class='ocr_par' dir='ltr' id='par_1_15' title="bbox 545 1617 2124 1690">
     <span class='ocr_line' id='line_1_15' title="bbox 545 1617 2124 1690; baseline 0 -19"><span class='ocrx_word' id='word_1_108' title='bbox 545 1623 667 1675; x_wconf 72' lang='lat' dir='ltr'><strong>vita:</strong></span> <span class='ocrx_word' id='word_1_109' title='bbox 715 1629 910 1676; x_wconf 74' lang='lat' dir='ltr'><strong>nostra:</strong></span> <span class='ocrx_word' id='word_1_110' title='bbox 957 1619 1239 1690; x_wconf 90' lang='lat' dir='ltr'><strong>plurimum</strong></span> <span class='ocrx_word' id='word_1_111' title='bbox 1280 1617 1542 1684; x_wconf 88' lang='lat' dir='ltr'><strong>conferat,</strong></span> <span class='ocrx_word' id='word_1_112' title='bbox 1583 1626 1638 1672; x_wconf 90' lang='lat' dir='ltr'><strong>et</strong></span> <span class='ocrx_word' id='word_1_113' title='bbox 1673 1617 1858 1672; x_wconf 89' lang='lat' dir='ltr'><strong>labore</strong></span> <span class='ocrx_word' id='word_1_114' title='bbox 1884 1617 2124 1672; x_wconf 90' lang='lat' dir='ltr'><strong>confecta</strong></span> 
     </span>
    </p>
   </div>
   <div class='ocr_carea' id='block_1_16' title="bbox 540 1709 2123 1783">
    <p class='ocr_par' dir='ltr' id='par_1_16' title="bbox 540 1709 2123 1783">
     <span class='ocr_line' id='line_1_16' title="bbox 540 1709 2123 1783; baseline -0.001 -15"><span class='ocrx_word' id='word_1_115' title='bbox 540 1728 765 1781; x_wconf 84' lang='lat' dir='ltr'><strong>corpora</strong></span> <span class='ocrx_word' id='word_1_116' title='bbox 792 1720 1000 1767; x_wconf 89' lang='lat' dir='ltr'><strong>recreet</strong></span> <span class='ocrx_word' id='word_1_117' title='bbox 1019 1726 1084 1767; x_wconf 87' lang='lat' dir='ltr'><strong>ac</strong></span> <span class='ocrx_word' id='word_1_118' title='bbox 1111 1709 1407 1783; x_wconf 76' lang='lat' dir='ltr'><strong>refrigeret,</strong></span> <span class='ocrx_word' id='word_1_119' title='bbox 1437 1720 1492 1766; x_wconf 90' lang='lat' dir='ltr'><strong>et</strong></span> <span class='ocrx_word' id='word_1_120' title='bbox 1515 1726 1694 1767; x_wconf 89' lang='lat' dir='ltr'><strong>aerem</strong></span> <span class='ocrx_word' id='word_1_121' title='bbox 1727 1711 1926 1767; x_wconf 89' lang='lat' dir='ltr'><strong>efﬁciat</strong></span> <span class='ocrx_word' id='word_1_122' title='bbox 1952 1712 2123 1767; x_wconf 82' lang='lat' dir='ltr'><strong>levio-</strong></span> 
     </span>
    </p>
   </div>
   <div class='ocr_carea' id='block_1_17' title="bbox 544 1803 2123 1868">
    <p class='ocr_par' dir='ltr' id='par_1_17' title="bbox 544 1803 2123 1868">
     <span class='ocr_line' id='line_1_17' title="bbox 544 1803 2123 1868; baseline 0.001 -12"><span class='ocrx_word' id='word_1_123' title='bbox 544 1819 678 1857; x_wconf 87' lang='lat' dir='ltr'><strong>retn.</strong></span> <span class='ocrx_word' id='word_1_124' title='bbox 705 1803 816 1858; x_wconf 90' lang='lat' dir='ltr'><strong>lloc</strong></span> <span class='ocrx_word' id='word_1_125' title='bbox 847 1813 928 1857; x_wconf 87' lang='lat' dir='ltr'><strong>est</strong></span> <span class='ocrx_word' id='word_1_126' title='bbox 951 1803 1092 1858; x_wconf 90' lang='lat' dir='ltr'><strong>enim</strong></span> <span class='ocrx_word' id='word_1_127' title='bbox 1121 1818 1311 1858; x_wconf 91' lang='lat' dir='ltr'><strong>munus</strong></span> <span class='ocrx_word' id='word_1_128' title='bbox 1331 1811 1632 1868; x_wconf 82' lang='lat' dir='ltr'><strong>ventorum,</strong></span> <span class='ocrx_word' id='word_1_129' title='bbox 1661 1817 1838 1858; x_wconf 91' lang='lat' dir='ltr'><strong>aerem</strong></span> <span class='ocrx_word' id='word_1_130' title='bbox 1865 1804 2123 1858; x_wconf 81' lang='lat' dir='ltr'><strong>suscitare</strong></span> 
     </span>
    </p>
   </div>
   <div class='ocr_carea' id='block_1_18' title="bbox 539 1897 2124 1976">
    <p class='ocr_par' dir='ltr' id='par_1_18' title="bbox 539 1897 2124 1976">
     <span class='ocr_line' id='line_1_18' title="bbox 539 1897 2124 1976; baseline 0.004 -28"><span class='ocrx_word' id='word_1_131' title='bbox 539 1912 603 1952; x_wconf 84' lang='lat' dir='ltr'><strong>ac</strong></span> <span class='ocrx_word' id='word_1_132' title='bbox 630 1897 906 1965; x_wconf 78' lang='lat' dir='ltr'><strong>ventilare,</strong></span> <span class='ocrx_word' id='word_1_133' title='bbox 947 1913 1035 1964; x_wconf 88' lang='lat' dir='ltr'><strong>ne,</strong></span> <span class='ocrx_word' id='word_1_134' title='bbox 1065 1899 1108 1953; x_wconf 94' lang='lat' dir='ltr'><strong>si</strong></span> <span class='ocrx_word' id='word_1_135' title='bbox 1138 1898 1208 1952; x_wconf 90' lang='lat' dir='ltr'><strong>sit</strong></span> <span class='ocrx_word' id='word_1_136' title='bbox 1238 1897 1543 1963; x_wconf 88' lang='lat' dir='ltr'><strong>immobilis,</strong></span> <span class='ocrx_word' id='word_1_137' title='bbox 1574 1911 1967 1976; x_wconf 78' lang='lat' dir='ltr'><strong>corrumpatur,</strong></span> <span class='ocrx_word' id='word_1_138' title='bbox 2015 1898 2124 1954; x_wconf 81' lang='lat' dir='ltr'><strong>fru-</strong></span> 
     </span>
    </p>
   </div>
   <div class='ocr_carea' id='block_1_19' title="bbox 538 1989 2122 2062">
    <p class='ocr_par' dir='ltr' id='par_1_19' title="bbox 538 1989 2122 2062">
     <span class='ocr_line' id='line_1_19' title="bbox 538 1989 2122 2062; baseline 0.001 -17"><span class='ocrx_word' id='word_1_139' title='bbox 538 2001 656 2046; x_wconf 86' lang='lat' dir='ltr'><strong>ctus</strong></span> <span class='ocrx_word' id='word_1_140' title='bbox 691 2000 976 2057; x_wconf 88' lang='lat' dir='ltr'><strong>maturare,</strong></span> <span class='ocrx_word' id='word_1_141' title='bbox 1026 2005 1251 2062; x_wconf 89' lang='lat' dir='ltr'><strong>corpora</strong></span> <span class='ocrx_word' id='word_1_142' title='bbox 1295 1991 1520 2046; x_wconf 90' lang='lat' dir='ltr'><strong>nutrire.</strong></span> <span class='ocrx_word' id='word_1_143' title='bbox 1558 1989 1693 2059; x_wconf 82' lang='lat' dir='ltr'><strong>Quid</strong></span> <span class='ocrx_word' id='word_1_144' title='bbox 1739 2007 1886 2057; x_wconf 89' lang='lat' dir='ltr'><strong>vero,</strong></span> <span class='ocrx_word' id='word_1_145' title='bbox 1929 1992 2122 2047; x_wconf 79' lang='lat' dir='ltr'><strong>dixerit</strong></span> 
     </span>
    </p>
   </div>
   <div class='ocr_carea' id='block_1_20' title="bbox 535 2081 2124 2153">
    <p class='ocr_par' dir='ltr' id='par_1_20' title="bbox 535 2081 2124 2153">
     <span class='ocr_line' id='line_1_20' title="bbox 535 2081 2124 2153; baseline 0 -18"><span class='ocrx_word' id='word_1_146' title='bbox 535 2082 819 2152; x_wconf 75' lang='lat' dir='ltr'><strong>quispiam,</strong></span> <span class='ocrx_word' id='word_1_147' title='bbox 847 2095 974 2137; x_wconf 88' lang='lat' dir='ltr'><strong>usus</strong></span> <span class='ocrx_word' id='word_1_148' title='bbox 994 2095 1184 2137; x_wconf 88' lang='lat' dir='ltr'><strong>eorum</strong></span> <span class='ocrx_word' id='word_1_149' title='bbox 1225 2082 1280 2136; x_wconf 87' lang='lat' dir='ltr'><strong>in</strong></span> <span class='ocrx_word' id='word_1_150' title='bbox 1313 2081 1668 2153; x_wconf 73' lang='lat' dir='ltr'><strong>navigatione,</strong></span> <span class='ocrx_word' id='word_1_151' title='bbox 1718 2091 1954 2152; x_wconf 87' lang='lat' dir='ltr'><strong>tempora</strong></span> <span class='ocrx_word' id='word_1_152' title='bbox 2005 2082 2124 2151; x_wconf 89' lang='lat' dir='ltr'><strong>qui-</strong></span> 
     </span>
    </p>
   </div>
   <div class='ocr_carea' id='block_1_21' title="bbox 536 2174 2120 2240">
    <p class='ocr_par' dir='ltr' id='par_1_21' title="bbox 536 2174 2120 2240">
     <span class='ocr_line' id='line_1_21' title="bbox 536 2174 2120 2240; baseline 0.001 -12"><span class='ocrx_word' id='word_1_153' title='bbox 536 2175 634 2228; x_wconf 88' lang='lat' dir='ltr'><strong>bus</strong></span> <span class='ocrx_word' id='word_1_154' title='bbox 659 2183 807 2230; x_wconf 92' lang='lat' dir='ltr'><strong>certo</strong></span> <span class='ocrx_word' id='word_1_155' title='bbox 844 2183 898 2232; x_wconf 91' lang='lat' dir='ltr'><strong>et</strong></span> <span class='ocrx_word' id='word_1_156' title='bbox 933 2175 1222 2231; x_wconf 87' lang='lat' dir='ltr'><strong>constituto</strong></span> <span class='ocrx_word' id='word_1_157' title='bbox 1268 2174 1456 2230; x_wconf 89' lang='lat' dir='ltr'><strong>ordine</strong></span> <span class='ocrx_word' id='word_1_158' title='bbox 1495 2175 1760 2240; x_wconf 88' lang='lat' dir='ltr'><strong>oriuntur,</strong></span> <span class='ocrx_word' id='word_1_159' title='bbox 1805 2183 1859 2229; x_wconf 92' lang='lat' dir='ltr'><strong>et</strong></span> <span class='ocrx_word' id='word_1_160' title='bbox 1893 2175 1992 2228; x_wconf 84' lang='lat' dir='ltr'><strong>sibi</strong></span> <span class='ocrx_word' id='word_1_161' title='bbox 2042 2175 2120 2229; x_wconf 89' lang='lat' dir='ltr'><strong>in-</strong></span> 
     </span>
    </p>
   </div>
   <div class='ocr_carea' id='block_1_22' title="bbox 536 2265 2117 2334">
    <p class='ocr_par' dir='ltr' id='par_1_22' title="bbox 536 2265 2117 2334">
     <span class='ocr_line' id='line_1_22' title="bbox 536 2265 2117 2334; baseline -0.001 -13"><span class='ocrx_word' id='word_1_162' title='bbox 536 2275 617 2321; x_wconf 88' lang='lat' dir='ltr'><strong>ter</strong></span> <span class='ocrx_word' id='word_1_163' title='bbox 669 2281 729 2322; x_wconf 88' lang='lat' dir='ltr'><strong>se</strong></span> <span class='ocrx_word' id='word_1_164' title='bbox 774 2267 1008 2322; x_wconf 82' lang='lat' dir='ltr'><strong>vicissim</strong></span> <span class='ocrx_word' id='word_1_165' title='bbox 1050 2266 1267 2334; x_wconf 90' lang='lat' dir='ltr'><strong>cedunt,</strong></span> <span class='ocrx_word' id='word_1_166' title='bbox 1311 2266 1364 2322; x_wconf 91' lang='lat' dir='ltr'><strong>in</strong></span> <span class='ocrx_word' id='word_1_167' title='bbox 1403 2267 1536 2322; x_wconf 90' lang='lat' dir='ltr'><strong>mari</strong></span> <span class='ocrx_word' id='word_1_168' title='bbox 1578 2265 1802 2321; x_wconf 89' lang='lat' dir='ltr'><strong>choreas</strong></span> <span class='ocrx_word' id='word_1_169' title='bbox 1842 2267 2117 2333; x_wconf 80' lang='lat' dir='ltr'><strong>ducentes,</strong></span> 
     </span>
    </p>
   </div>
   <div class='ocr_carea' id='block_1_23' title="bbox 533 2357 2120 2428">
    <p class='ocr_par' dir='ltr' id='par_1_23' title="bbox 533 2357 2120 2428">
     <span class='ocr_line' id='line_1_23' title="bbox 533 2357 2120 2428; baseline 0.004 -20"><span class='ocrx_word' id='word_1_170' title='bbox 533 2366 588 2412; x_wconf 73' lang='lat' dir='ltr'><strong>el.</strong></span> <span class='ocrx_word' id='word_1_171' title='bbox 614 2367 801 2414; x_wconf 83' lang='lat' dir='ltr'><strong>nautas</strong></span> <span class='ocrx_word' id='word_1_172' title='bbox 829 2359 1298 2428; x_wconf 77' lang='lat' dir='ltr'><strong>transportantes?</strong></span> <span class='ocrx_word' id='word_1_173' title='bbox 1335 2357 1431 2413; x_wconf 84' lang='lat' dir='ltr'><strong>llic</strong></span> <span class='ocrx_word' id='word_1_174' title='bbox 1467 2357 1612 2413; x_wconf 92' lang='lat' dir='ltr'><strong>enim</strong></span> <span class='ocrx_word' id='word_1_175' title='bbox 1663 2358 1989 2423; x_wconf 86' lang='lat' dir='ltr'><strong>transmittit,</strong></span> <span class='ocrx_word' id='word_1_176' title='bbox 2034 2359 2120 2414; x_wconf 91' lang='lat' dir='ltr'><strong>ille</strong></span> 
     </span>
    </p>
   </div>
   <div class='ocr_carea' id='block_1_24' title="bbox 534 2448 2118 2519">
    <p class='ocr_par' dir='ltr' id='par_1_24' title="bbox 534 2448 2118 2519">
     <span class='ocr_line' id='line_1_24' title="bbox 534 2448 2118 2519; baseline 0.003 -19"><span class='ocrx_word' id='word_1_177' title='bbox 534 2464 664 2504; x_wconf 84' lang='lat' dir='ltr'><strong>vero</strong></span> <span class='ocrx_word' id='word_1_178' title='bbox 709 2449 925 2519; x_wconf 82' lang='lat' dir='ltr'><strong>excipit,</strong></span> <span class='ocrx_word' id='word_1_179' title='bbox 951 2459 1006 2504; x_wconf 89' lang='lat' dir='ltr'><strong>et</strong></span> <span class='ocrx_word' id='word_1_180' title='bbox 1027 2448 1322 2504; x_wconf 89' lang='lat' dir='ltr'><strong>contrarias</strong></span> <span class='ocrx_word' id='word_1_181' title='bbox 1344 2449 1456 2503; x_wconf 83' lang='lat' dir='ltr'><strong>vias</strong></span> <span class='ocrx_word' id='word_1_182' title='bbox 1497 2448 1867 2519; x_wconf 90' lang='lat' dir='ltr'><strong>ingrediuntur</strong></span> <span class='ocrx_word' id='word_1_183' title='bbox 1889 2459 1942 2504; x_wconf 91' lang='lat' dir='ltr'><strong>et</strong></span> <span class='ocrx_word' id='word_1_184' title='bbox 1964 2449 2118 2504; x_wconf 85' lang='lat' dir='ltr'><strong>mini-</strong></span> 
     </span>
    </p>
   </div>
   <div class='ocr_carea' id='block_1_25' title="bbox 533 2540 2113 2610">
    <p class='ocr_par' dir='ltr' id='par_1_25' title="bbox 533 2540 2113 2610">
     <span class='ocr_line' id='line_1_25' title="bbox 533 2540 2113 2610; baseline 0.001 -16"><span class='ocrx_word' id='word_1_185' title='bbox 533 2549 728 2606; x_wconf 87' lang='lat' dir='ltr'><strong>strant,</strong></span> <span class='ocrx_word' id='word_1_186' title='bbox 760 2550 814 2594; x_wconf 90' lang='lat' dir='ltr'><strong>et</strong></span> <span class='ocrx_word' id='word_1_187' title='bbox 842 2555 1012 2610; x_wconf 91' lang='lat' dir='ltr'><strong>pugna</strong></span> <span class='ocrx_word' id='word_1_188' title='bbox 1038 2555 1223 2596; x_wconf 87' lang='lat' dir='ltr'><strong>eorum</strong></span> <span class='ocrx_word' id='word_1_189' title='bbox 1252 2549 1336 2596; x_wconf 88' lang='lat' dir='ltr'><strong>est</strong></span> <span class='ocrx_word' id='word_1_190' title='bbox 1355 2555 1542 2596; x_wconf 87' lang='lat' dir='ltr'><strong>rursus</strong></span> <span class='ocrx_word' id='word_1_191' title='bbox 1573 2540 1692 2596; x_wconf 81' lang='lat' dir='ltr'><strong>vita:</strong></span> <span class='ocrx_word' id='word_1_192' title='bbox 1723 2550 1916 2608; x_wconf 82' lang='lat' dir='ltr'><strong>nostrae</strong></span> <span class='ocrx_word' id='word_1_193' title='bbox 1951 2541 2113 2596; x_wconf 85' lang='lat' dir='ltr'><strong>utilis.</strong></span> 
     </span>
    </p>
   </div>
   <div class='ocr_carea' id='block_1_26' title="bbox 532 2633 2119 2704">
    <p class='ocr_par' dir='ltr' id='par_1_26' title="bbox 532 2633 2119 2704">
     <span class='ocr_line' id='line_1_26' title="bbox 532 2633 2119 2704; baseline 0.002 -17"><span class='ocrx_word' id='word_1_194' title='bbox 532 2633 649 2687; x_wconf 80' lang='lat' dir='ltr'><strong>Alia</strong></span> <span class='ocrx_word' id='word_1_195' title='bbox 697 2633 973 2689; x_wconf 89' lang='lat' dir='ltr'><strong>innumera</strong></span> <span class='ocrx_word' id='word_1_196' title='bbox 1015 2633 1118 2689; x_wconf 91' lang='lat' dir='ltr'><strong>dici</strong></span> <span class='ocrx_word' id='word_1_197' title='bbox 1163 2642 1383 2704; x_wconf 88' lang='lat' dir='ltr'><strong>possent</strong></span> <span class='ocrx_word' id='word_1_198' title='bbox 1415 2643 1691 2688; x_wconf 90' lang='lat' dir='ltr'><strong>ventorum</strong></span> <span class='ocrx_word' id='word_1_199' title='bbox 1720 2649 1959 2689; x_wconf 90' lang='lat' dir='ltr'><strong>munera.</strong></span> <span class='ocrx_word' id='word_1_200' title='bbox 1994 2634 2119 2690; x_wconf 60' lang='lat' dir='ltr'><strong>llaec</strong></span> 
     </span>
    </p>
   </div>
   <div class='ocr_carea' id='block_1_27' title="bbox 533 2722 2118 2795">
    <p class='ocr_par' dir='ltr' id='par_1_27' title="bbox 533 2722 2118 2795">
     <span class='ocr_line' id='line_1_27' title="bbox 533 2722 2118 2795; baseline 0.003 -19"><span class='ocrx_word' id='word_1_201' title='bbox 533 2733 708 2778; x_wconf 87' lang='lat' dir='ltr'><strong>tamen</strong></span> <span class='ocrx_word' id='word_1_202' title='bbox 733 2723 911 2780; x_wconf 85' lang='lat' dir='ltr'><strong>omnia</strong></span> <span class='ocrx_word' id='word_1_203' title='bbox 939 2722 1197 2795; x_wconf 86' lang='lat' dir='ltr'><strong>prepheta</strong></span> <span class='ocrx_word' id='word_1_204' title='bbox 1220 2725 1649 2794; x_wconf 68' lang='lat' dir='ltr'><strong>prtetermittens,</strong></span> <span class='ocrx_word' id='word_1_205' title='bbox 1675 2733 1728 2780; x_wconf 91' lang='lat' dir='ltr'><strong>et</strong></span> <span class='ocrx_word' id='word_1_206' title='bbox 1748 2724 1974 2780; x_wconf 87' lang='lat' dir='ltr'><strong>auditori</strong></span> <span class='ocrx_word' id='word_1_207' title='bbox 2004 2725 2118 2781; x_wconf 89' lang='lat' dir='ltr'><strong>col-</strong></span> 
     </span>
    </p>
   </div>
   <div class='ocr_carea' id='block_1_28' title="bbox 530 2814 2112 2886">
    <p class='ocr_par' dir='ltr' id='par_1_28' title="bbox 530 2814 2112 2886">
     <span class='ocr_line' id='line_1_28' title="bbox 530 2814 2112 2886; baseline 0.003 -17"><span class='ocrx_word' id='word_1_208' title='bbox 530 2814 739 2885; x_wconf 84' lang='lat' dir='ltr'><strong>ligenda</strong></span> <span class='ocrx_word' id='word_1_209' title='bbox 788 2814 1115 2886; x_wconf 86' lang='lat' dir='ltr'><strong>relinquens,</strong></span> <span class='ocrx_word' id='word_1_210' title='bbox 1166 2830 1350 2872; x_wconf 91' lang='lat' dir='ltr'><strong>eorum</strong></span> <span class='ocrx_word' id='word_1_211' title='bbox 1393 2815 1752 2873; x_wconf 87' lang='lat' dir='ltr'><strong>fabricationis</strong></span> <span class='ocrx_word' id='word_1_212' title='bbox 1808 2816 2112 2874; x_wconf 83' lang='lat' dir='ltr'><strong>facilitatem</strong></span> 
     </span>
    </p>
   </div>
   <div class='ocr_carea' id='block_1_29' title="bbox 529 2905 2118 2978">
    <p class='ocr_par' dir='ltr' id='par_1_29' title="bbox 529 2905 2118 2978">
     <span class='ocr_line' id='line_1_29' title="bbox 529 2905 2118 2978; baseline 0.004 -19"><span class='ocrx_word' id='word_1_213' title='bbox 529 2905 786 2962; x_wconf 88' lang='lat' dir='ltr'><strong>ostendit.</strong></span> <span class='ocrx_word' id='word_1_214' title='bbox 830 2905 960 2962; x_wconf 85' lang='lat' dir='ltr'><strong>Nam</strong></span> <span class='ocrx_word' id='word_1_215' title='bbox 991 2905 1134 2978; x_wconf 92' lang='lat' dir='ltr'><strong>quod</strong></span> <span class='ocrx_word' id='word_1_216' title='bbox 1161 2906 1312 2974; x_wconf 87' lang='lat' dir='ltr'><strong>dixit,</strong></span> <span class='ocrx_word' id='word_1_217' title='bbox 1345 2906 1428 2962; x_wconf 79' lang='lat' dir='ltr'><strong>Ea:</strong></span> <span class='ocrx_word' id='word_1_218' title='bbox 1455 2908 1700 2964; x_wconf 73' lang='lat' dir='ltr'><strong>thesauris</strong></span> <span class='ocrx_word' id='word_1_219' title='bbox 1722 2909 1847 2978; x_wconf 87' lang='lat' dir='ltr'><strong>suis,</strong></span> <span class='ocrx_word' id='word_1_220' title='bbox 1881 2925 1985 2964; x_wconf 91' lang='lat' dir='ltr'><strong>non</strong></span> <span class='ocrx_word' id='word_1_221' title='bbox 2016 2910 2118 2967; x_wconf 91' lang='lat' dir='ltr'><strong>hoc</strong></span> 
     </span>
    </p>
   </div>
   <div class='ocr_carea' id='block_1_30' title="bbox 528 2997 2118 3072">
    <p class='ocr_par' dir='ltr' id='par_1_30' title="bbox 528 2997 2118 3072">
     <span class='ocr_line' id='line_1_30' title="bbox 528 2997 2118 3072; baseline 0.005 -22"><span class='ocrx_word' id='word_1_222' title='bbox 528 2997 806 3069; x_wconf 79' lang='lat' dir='ltr'><strong>significat,</strong></span> <span class='ocrx_word' id='word_1_223' title='bbox 837 2999 1043 3069; x_wconf 88' lang='lat' dir='ltr'><strong>aliquos</strong></span> <span class='ocrx_word' id='word_1_224' title='bbox 1082 3013 1203 3055; x_wconf 90' lang='lat' dir='ltr'><strong>esse</strong></span> <span class='ocrx_word' id='word_1_225' title='bbox 1235 3009 1513 3054; x_wconf 90' lang='lat' dir='ltr'><strong>ventorum</strong></span> <span class='ocrx_word' id='word_1_226' title='bbox 1544 2999 1846 3067; x_wconf 84' lang='lat' dir='ltr'><strong>thesauros,</strong></span> <span class='ocrx_word' id='word_1_227' title='bbox 1876 2999 1972 3056; x_wconf 89' lang='lat' dir='ltr'><strong>sed</strong></span> <span class='ocrx_word' id='word_1_228' title='bbox 2001 2999 2118 3072; x_wconf 82' lang='lat' dir='ltr'><strong>ejus</strong></span> 
     </span>
    </p>
   </div>
   <div class='ocr_carea' id='block_1_31' title="bbox 527 3088 2116 3163">
    <p class='ocr_par' dir='ltr' id='par_1_31' title="bbox 527 3088 2116 3163">
     <span class='ocr_line' id='line_1_31' title="bbox 527 3088 2116 3163; baseline 0.003 -20"><span class='ocrx_word' id='word_1_229' title='bbox 527 3092 616 3161; x_wconf 89' lang='lat' dir='ltr'><strong>qui</strong></span> <span class='ocrx_word' id='word_1_230' title='bbox 637 3091 917 3146; x_wconf 82' lang='lat' dir='ltr'><strong>consdtuit</strong></span> <span class='ocrx_word' id='word_1_231' title='bbox 942 3088 1246 3148; x_wconf 87' lang='lat' dir='ltr'><strong>facilitatem</strong></span> <span class='ocrx_word' id='word_1_232' title='bbox 1268 3091 1480 3159; x_wconf 88' lang='lat' dir='ltr'><strong>indicat,</strong></span> <span class='ocrx_word' id='word_1_233' title='bbox 1506 3100 1563 3147; x_wconf 91' lang='lat' dir='ltr'><strong>et</strong></span> <span class='ocrx_word' id='word_1_234' title='bbox 1588 3107 1745 3163; x_wconf 90' lang='lat' dir='ltr'><strong>quam</strong></span> <span class='ocrx_word' id='word_1_235' title='bbox 1777 3092 1845 3146; x_wconf 89' lang='lat' dir='ltr'><strong>sit</strong></span> <span class='ocrx_word' id='word_1_236' title='bbox 1871 3101 2116 3147; x_wconf 90' lang='lat' dir='ltr'><strong>creatura</strong></span> 
     </span>
    </p>
   </div>
   <div class='ocr_carea' id='block_1_32' title="bbox 530 3182 2118 3256">
    <p class='ocr_par' dir='ltr' id='par_1_32' title="bbox 530 3182 2118 3256">
     <span class='ocr_line' id='line_1_32' title="bbox 530 3182 2118 3256; baseline 0.004 -20"><span class='ocrx_word' id='word_1_237' title='bbox 530 3193 770 3254; x_wconf 82' lang='lat' dir='ltr'><strong>prompta</strong></span> <span class='ocrx_word' id='word_1_238' title='bbox 807 3192 861 3239; x_wconf 90' lang='lat' dir='ltr'><strong>et</strong></span> <span class='ocrx_word' id='word_1_239' title='bbox 883 3183 1148 3254; x_wconf 82' lang='lat' dir='ltr'><strong>expedita.</strong></span> <span class='ocrx_word' id='word_1_240' title='bbox 1180 3182 1641 3253; x_wconf 84' lang='lat' dir='ltr'><strong>Quemadmodum</strong></span> <span class='ocrx_word' id='word_1_241' title='bbox 1667 3184 1809 3241; x_wconf 90' lang='lat' dir='ltr'><strong>enim</strong></span> <span class='ocrx_word' id='word_1_242' title='bbox 1837 3186 1927 3256; x_wconf 87' lang='lat' dir='ltr'><strong>qui</strong></span> <span class='ocrx_word' id='word_1_243' title='bbox 1956 3185 2118 3243; x_wconf 87' lang='lat' dir='ltr'><strong>habet</strong></span> 
     </span>
    </p>
   </div>
   <div class='ocr_carea' id='block_1_33' title="bbox 529 3274 2114 3348">
    <p class='ocr_par' dir='ltr' id='par_1_33' title="bbox 529 3274 2114 3348">
     <span class='ocr_line' id='line_1_33' title="bbox 529 3274 2114 3348; baseline 0.004 -20"><span class='ocrx_word' id='word_1_244' title='bbox 529 3274 584 3329; x_wconf 88' lang='lat' dir='ltr'><strong>in</strong></span> <span class='ocrx_word' id='word_1_245' title='bbox 615 3274 865 3329; x_wconf 85' lang='lat' dir='ltr'><strong>thesauro</strong></span> <span class='ocrx_word' id='word_1_246' title='bbox 889 3317 905 3342; x_wconf 94' lang='lat'><strong>,</strong></span> <span class='ocrx_word' id='word_1_247' title='bbox 935 3289 1124 3330; x_wconf 89' lang='lat' dir='ltr'><strong>secure</strong></span> <span class='ocrx_word' id='word_1_248' title='bbox 1150 3275 1358 3343; x_wconf 91' lang='lat' dir='ltr'><strong>omnia,</strong></span> <span class='ocrx_word' id='word_1_249' title='bbox 1386 3283 1442 3330; x_wconf 90' lang='lat' dir='ltr'><strong>et</strong></span> <span class='ocrx_word' id='word_1_250' title='bbox 1465 3275 1678 3346; x_wconf 85' lang='lat' dir='ltr'><strong>quando</strong></span> <span class='ocrx_word' id='word_1_251' title='bbox 1707 3277 1837 3344; x_wconf 89' lang='lat' dir='ltr'><strong>vult,</strong></span> <span class='ocrx_word' id='word_1_252' title='bbox 1871 3277 2073 3348; x_wconf 88' lang='lat' dir='ltr'><strong>profert</strong></span> <span class='ocrx_word' id='word_1_253' title='bbox 2098 3296 2114 3334; x_wconf 89' lang='lat'><strong>:</strong></span> 
     </span>
    </p>
   </div>
   <div class='ocr_carea' id='block_1_34' title="bbox 531 3365 2119 3436">
    <p class='ocr_par' dir='ltr' id='par_1_34' title="bbox 531 3365 2119 3436">
     <span class='ocr_line' id='line_1_34' title="bbox 531 3365 2119 3436; baseline 0.003 -16"><span class='ocrx_word' id='word_1_254' title='bbox 531 3368 602 3420; x_wconf 90' lang='lat' dir='ltr'><strong>ita</strong></span> <span class='ocrx_word' id='word_1_255' title='bbox 647 3367 804 3422; x_wconf 89' lang='lat' dir='ltr'><strong>etiam</strong></span> <span class='ocrx_word' id='word_1_256' title='bbox 844 3367 1078 3422; x_wconf 85' lang='lat' dir='ltr'><strong>universi</strong></span> <span class='ocrx_word' id='word_1_257' title='bbox 1115 3365 1310 3436; x_wconf 40' lang='lat' dir='ltr'><strong>‘Opifex</strong></span> <span class='ocrx_word' id='word_1_258' title='bbox 1347 3367 1527 3422; x_wconf 91' lang='lat' dir='ltr'><strong>omnia</strong></span> <span class='ocrx_word' id='word_1_259' title='bbox 1569 3367 1722 3423; x_wconf 86' lang='lat' dir='ltr'><strong>facile</strong></span> <span class='ocrx_word' id='word_1_260' title='bbox 1762 3368 2021 3434; x_wconf 89' lang='lat' dir='ltr'><strong>condidit,</strong></span> <span class='ocrx_word' id='word_1_261' title='bbox 2063 3377 2119 3424; x_wconf 91' lang='lat' dir='ltr'><strong>et</strong></span> 
     </span>
    </p>
   </div>
   <div class='ocr_carea' id='block_1_35' title="bbox 436 3458 2112 3531">
    <p class='ocr_par' dir='ltr' id='par_1_35' title="bbox 436 3458 2112 3531">
     <span class='ocr_line' id='line_1_35' title="bbox 436 3458 2112 3531; baseline 0.004 -19"><span class='ocrx_word' id='word_1_262' title='bbox 436 3462 442 3467; x_wconf 86' lang='grc'><strong>’</strong></span> <span class='ocrx_word' id='word_1_263' title='bbox 531 3469 735 3514; x_wconf 68' lang='lat' dir='ltr'><strong>natura:</strong></span> <span class='ocrx_word' id='word_1_264' title='bbox 758 3458 988 3514; x_wconf 89' lang='lat' dir='ltr'><strong>tradidit.</strong></span> <span class='ocrx_word' id='word_1_265' title='bbox 1021 3459 1186 3515; x_wconf 81' lang='lat' dir='ltr'><strong>&#39;Vides</strong></span> <span class='ocrx_word' id='word_1_266' title='bbox 1213 3469 1408 3531; x_wconf 88' lang='lat' dir='ltr'><strong>quanta</strong></span> <span class='ocrx_word' id='word_1_267' title='bbox 1438 3461 1508 3515; x_wconf 86' lang='lat' dir='ltr'><strong>sit</strong></span> <span class='ocrx_word' id='word_1_268' title='bbox 1535 3460 1697 3516; x_wconf 87' lang='lat' dir='ltr'><strong>etiam</strong></span> <span class='ocrx_word' id='word_1_269' title='bbox 1727 3462 1780 3517; x_wconf 92' lang='lat' dir='ltr'><strong>in</strong></span> <span class='ocrx_word' id='word_1_270' title='bbox 1806 3477 1932 3518; x_wconf 85' lang='lat' dir='ltr'><strong>aere</strong></span> <span class='ocrx_word' id='word_1_271' title='bbox 1955 3462 2112 3518; x_wconf 81' lang='lat' dir='ltr'><strong>diffe-</strong></span> 
     </span>
    </p>
   </div>
   <div class='ocr_carea' id='block_1_36' title="bbox 530 3551 2110 3624">
    <p class='ocr_par' dir='ltr' id='par_1_36' title="bbox 530 3551 2110 3624">
     <span class='ocr_line' id='line_1_36' title="bbox 530 3551 2110 3624; baseline 0.001 -18"><span class='ocrx_word' id='word_1_272' title='bbox 530 3552 723 3618; x_wconf 83' lang='lat' dir='ltr'><strong>rentia,</strong></span> <span class='ocrx_word' id='word_1_273' title='bbox 766 3551 1210 3622; x_wconf 85' lang='lat' dir='ltr'><strong>quemadmodum</strong></span> <span class='ocrx_word' id='word_1_274' title='bbox 1265 3561 1389 3607; x_wconf 91' lang='lat' dir='ltr'><strong>sunt</strong></span> <span class='ocrx_word' id='word_1_275' title='bbox 1431 3551 1484 3607; x_wconf 92' lang='lat' dir='ltr'><strong>in</strong></span> <span class='ocrx_word' id='word_1_276' title='bbox 1524 3567 1660 3624; x_wconf 88' lang='lat' dir='ltr'><strong>aqua</strong></span> <span class='ocrx_word' id='word_1_277' title='bbox 1696 3561 1749 3607; x_wconf 89' lang='lat' dir='ltr'><strong>et</strong></span> <span class='ocrx_word' id='word_1_278' title='bbox 1779 3553 1899 3624; x_wconf 91' lang='lat' dir='ltr'><strong>igne</strong></span> <span class='ocrx_word' id='word_1_279' title='bbox 1929 3553 2110 3610; x_wconf 75' lang='lat' dir='ltr'><strong>multa:</strong></span> 
     </span>
    </p>
   </div>
   <div class='ocr_carea' id='block_1_37' title="bbox 532 3644 2116 3715">
    <p class='ocr_par' dir='ltr' id='par_1_37' title="bbox 532 3644 2116 3715">
     <span class='ocr_line' id='line_1_37' title="bbox 532 3644 2116 3715; baseline 0.004 -18"><span class='ocrx_word' id='word_1_280' title='bbox 532 3644 892 3700; x_wconf 77' lang='lat' dir='ltr'><strong>Itiutationes?</strong></span> <span class='ocrx_word' id='word_1_281' title='bbox 917 3645 1185 3715; x_wconf 86' lang='lat' dir='ltr'><strong>Aquarum</strong></span> <span class='ocrx_word' id='word_1_282' title='bbox 1232 3644 1373 3700; x_wconf 91' lang='lat' dir='ltr'><strong>enim</strong></span> <span class='ocrx_word' id='word_1_283' title='bbox 1416 3645 1533 3700; x_wconf 76' lang='lat' dir='ltr'><strong>alia:</strong></span> <span class='ocrx_word' id='word_1_284' title='bbox 1561 3655 1686 3702; x_wconf 90' lang='lat' dir='ltr'><strong>sunt</strong></span> <span class='ocrx_word' id='word_1_285' title='bbox 1712 3645 1964 3714; x_wconf 89' lang='lat' dir='ltr'><strong>fontium,</strong></span> <span class='ocrx_word' id='word_1_286' title='bbox 1999 3648 2116 3703; x_wconf 80' lang='lat' dir='ltr'><strong>alia:</strong></span> 
     </span>
    </p>
   </div>
   <div class='ocr_carea' id='block_1_38' title="bbox 532 3736 2113 3806">
    <p class='ocr_par' dir='ltr' id='par_1_38' title="bbox 532 3736 2113 3806">
     <span class='ocr_line' id='line_1_38' title="bbox 532 3736 2113 3806; baseline 0.004 -20"><span class='ocrx_word' id='word_1_287' title='bbox 532 3753 660 3791; x_wconf 83' lang='lat' dir='ltr'><strong>vero</strong></span> <span class='ocrx_word' id='word_1_288' title='bbox 691 3736 1071 3804; x_wconf 64' lang='lat' dir='ltr'><strong>marinaa,ali:e</strong></span> <span class='ocrx_word' id='word_1_289' title='bbox 1101 3745 1279 3792; x_wconf 88' lang='lat' dir='ltr'><strong>autem</strong></span> <span class='ocrx_word' id='word_1_290' title='bbox 1305 3736 1486 3805; x_wconf 67' lang='lat' dir='ltr'><strong>aeriae,</strong></span> <span class='ocrx_word' id='word_1_291' title='bbox 1505 3737 1622 3792; x_wconf 68' lang='lat' dir='ltr'><strong>alia:</strong></span> <span class='ocrx_word' id='word_1_292' title='bbox 1638 3747 1763 3792; x_wconf 90' lang='lat' dir='ltr'><strong>sunt</strong></span> <span class='ocrx_word' id='word_1_293' title='bbox 1784 3737 1836 3792; x_wconf 94' lang='lat' dir='ltr'><strong>in</strong></span> <span class='ocrx_word' id='word_1_294' title='bbox 1864 3737 2113 3806; x_wconf 89' lang='lat' dir='ltr'><strong>nubibus,</strong></span> 
     </span>
    </p>
   </div>
   <div class='ocr_carea' id='block_1_39' title="bbox 529 3827 2117 3900">
    <p class='ocr_par' dir='ltr' id='par_1_39' title="bbox 529 3827 2117 3900">
     <span class='ocr_line' id='line_1_39' title="bbox 529 3827 2117 3900; baseline 0.001 -17"><span class='ocrx_word' id='word_1_295' title='bbox 529 3829 652 3883; x_wconf 67' lang='lat' dir='ltr'><strong>alim.</strong></span> <span class='ocrx_word' id='word_1_296' title='bbox 681 3843 808 3882; x_wconf 87' lang='lat' dir='ltr'><strong>vero</strong></span> <span class='ocrx_word' id='word_1_297' title='bbox 834 3827 1075 3883; x_wconf 63' lang='lat' dir='ltr'><strong>caelestes</strong></span> <span class='ocrx_word' id='word_1_298' title='bbox 1094 3868 1110 3894; x_wconf 92' lang='lat'><strong>,</strong></span> <span class='ocrx_word' id='word_1_299' title='bbox 1136 3828 1255 3883; x_wconf 78' lang='lat' dir='ltr'><strong>alia:</strong></span> <span class='ocrx_word' id='word_1_300' title='bbox 1279 3843 1438 3900; x_wconf 88' lang='lat' dir='ltr'><strong>supra</strong></span> <span class='ocrx_word' id='word_1_301' title='bbox 1468 3828 1628 3884; x_wconf 64' lang='lat' dir='ltr'><strong>caelos</strong></span> <span class='ocrx_word' id='word_1_302' title='bbox 1651 3871 1668 3895; x_wconf 95' lang='lat'><strong>,</strong></span> <span class='ocrx_word' id='word_1_303' title='bbox 1697 3829 1815 3884; x_wconf 74' lang='lat' dir='ltr'><strong>alia:</strong></span> <span class='ocrx_word' id='word_1_304' title='bbox 1843 3828 2117 3885; x_wconf 84' lang='lat' dir='ltr'><strong>subterra-</strong></span> 
     </span>
    </p>
   </div>
   <div class='ocr_carea' id='block_1_40' title="bbox 532 3919 2115 3991">
    <p class='ocr_par' dir='ltr' id='par_1_40' title="bbox 532 3919 2115 3991">
     <span class='ocr_line' id='line_1_40' title="bbox 532 3919 2115 3991; baseline 0.003 -18"><span class='ocrx_word' id='word_1_305' title='bbox 532 3935 668 3975; x_wconf 75' lang='lat' dir='ltr'><strong>nete.</strong></span> <span class='ocrx_word' id='word_1_306' title='bbox 697 3919 764 3975; x_wconf 84' lang='lat' dir='ltr'><strong>Et</strong></span> <span class='ocrx_word' id='word_1_307' title='bbox 790 3921 841 3975; x_wconf 94' lang='lat' dir='ltr'><strong>in</strong></span> <span class='ocrx_word' id='word_1_308' title='bbox 865 3921 1128 3991; x_wconf 81' lang='lat' dir='ltr'><strong>ignc,‘hic</strong></span> <span class='ocrx_word' id='word_1_309' title='bbox 1150 3920 1364 3991; x_wconf 86' lang='lat' dir='ltr'><strong>quidem</strong></span> <span class='ocrx_word' id='word_1_310' title='bbox 1403 3930 1486 3976; x_wconf 89' lang='lat' dir='ltr'><strong>est</strong></span> <span class='ocrx_word' id='word_1_311' title='bbox 1517 3921 1568 3976; x_wconf 93' lang='lat' dir='ltr'><strong>in</strong></span> <span class='ocrx_word' id='word_1_312' title='bbox 1595 3923 1726 3985; x_wconf 86' lang='lat' dir='ltr'><strong>sole,</strong></span> <span class='ocrx_word' id='word_1_313' title='bbox 1769 3922 1861 3976; x_wconf 85' lang='lat' dir='ltr'><strong>ille</strong></span> <span class='ocrx_word' id='word_1_314' title='bbox 1901 3937 2028 3977; x_wconf 89' lang='lat' dir='ltr'><strong>vero</strong></span> <span class='ocrx_word' id='word_1_315' title='bbox 2064 3923 2115 3978; x_wconf 91' lang='lat' dir='ltr'><strong>in</strong></span> 
     </span>
    </p>
   </div>
   <div class='ocr_carea' id='block_1_41' title="bbox 532 4012 2114 4084">
    <p class='ocr_par' dir='ltr' id='par_1_41' title="bbox 532 4012 2114 4084">
     <span class='ocr_line' id='line_1_41' title="bbox 532 4012 2114 4084; baseline 0.001 -18"><span class='ocrx_word' id='word_1_316' title='bbox 532 4012 677 4079; x_wconf 88' lang='lat' dir='ltr'><strong>luna,</strong></span> <span class='ocrx_word' id='word_1_317' title='bbox 721 4012 859 4066; x_wconf 88' lang='lat' dir='ltr'><strong>alius</strong></span> <span class='ocrx_word' id='word_1_318' title='bbox 902 4013 954 4066; x_wconf 92' lang='lat' dir='ltr'><strong>in</strong></span> <span class='ocrx_word' id='word_1_319' title='bbox 995 4012 1186 4079; x_wconf 91' lang='lat' dir='ltr'><strong>stellis,</strong></span> <span class='ocrx_word' id='word_1_320' title='bbox 1225 4013 1362 4068; x_wconf 90' lang='lat' dir='ltr'><strong>alius</strong></span> <span class='ocrx_word' id='word_1_321' title='bbox 1387 4013 1440 4067; x_wconf 92' lang='lat' dir='ltr'><strong>in</strong></span> <span class='ocrx_word' id='word_1_322' title='bbox 1473 4013 1700 4084; x_wconf 90' lang='lat' dir='ltr'><strong>fulgure,</strong></span> <span class='ocrx_word' id='word_1_323' title='bbox 1724 4013 1862 4068; x_wconf 90' lang='lat' dir='ltr'><strong>alius</strong></span> <span class='ocrx_word' id='word_1_324' title='bbox 1890 4013 1942 4068; x_wconf 93' lang='lat' dir='ltr'><strong>in</strong></span> <span class='ocrx_word' id='word_1_325' title='bbox 1967 4028 2114 4078; x_wconf 88' lang='lat' dir='ltr'><strong>aere,</strong></span> 
     </span>
    </p>
   </div>
   <div class='ocr_carea' id='block_1_42' title="bbox 531 4101 2118 4172">
    <p class='ocr_par' dir='ltr' id='par_1_42' title="bbox 531 4101 2118 4172">
     <span class='ocr_line' id='line_1_42' title="bbox 531 4101 2118 4172; baseline 0.001 -18"><span class='ocrx_word' id='word_1_326' title='bbox 531 4103 667 4155; x_wconf 88' lang='lat' dir='ltr'><strong>alius</strong></span> <span class='ocrx_word' id='word_1_327' title='bbox 689 4101 778 4171; x_wconf 90' lang='lat' dir='ltr'><strong>qui</strong></span> <span class='ocrx_word' id='word_1_328' title='bbox 821 4101 878 4155; x_wconf 87' lang='lat' dir='ltr'><strong>ﬁt</strong></span> <span class='ocrx_word' id='word_1_329' title='bbox 915 4117 980 4155; x_wconf 89' lang='lat' dir='ltr'><strong>ex</strong></span> <span class='ocrx_word' id='word_1_330' title='bbox 1009 4101 1188 4171; x_wconf 83' lang='lat' dir='ltr'><strong>lignis,</strong></span> <span class='ocrx_word' id='word_1_331' title='bbox 1211 4102 1299 4172; x_wconf 90' lang='lat' dir='ltr'><strong>qui</strong></span> <span class='ocrx_word' id='word_1_332' title='bbox 1329 4111 1410 4156; x_wconf 88' lang='lat' dir='ltr'><strong>est</strong></span> <span class='ocrx_word' id='word_1_333' title='bbox 1437 4103 1574 4172; x_wconf 89' lang='lat' dir='ltr'><strong>apud</strong></span> <span class='ocrx_word' id='word_1_334' title='bbox 1602 4117 1721 4168; x_wconf 93' lang='lat' dir='ltr'><strong>nos,</strong></span> <span class='ocrx_word' id='word_1_335' title='bbox 1753 4111 1804 4157; x_wconf 83' lang='lat' dir='ltr'><strong>et</strong></span> <span class='ocrx_word' id='word_1_336' title='bbox 1834 4103 1878 4157; x_wconf 91' lang='lat' dir='ltr'><strong>is</strong></span> <span class='ocrx_word' id='word_1_337' title='bbox 1903 4103 1993 4172; x_wconf 93' lang='lat' dir='ltr'><strong>qui</strong></span> <span class='ocrx_word' id='word_1_338' title='bbox 2035 4111 2118 4156; x_wconf 90' lang='lat' dir='ltr'><strong>est</strong></span> 
     </span>
    </p>
   </div>
   <div class='ocr_carea' id='block_1_43' title="bbox 534 4191 2119 4264">
    <p class='ocr_par' dir='ltr' id='par_1_43' title="bbox 534 4191 2119 4264">
     <span class='ocr_line' id='line_1_43' title="bbox 534 4191 2119 4264; baseline 0 -16"><span class='ocrx_word' id='word_1_339' title='bbox 534 4194 585 4248; x_wconf 88' lang='lat' dir='ltr'><strong>in</strong></span> <span class='ocrx_word' id='word_1_340' title='bbox 624 4191 877 4258; x_wconf 91' lang='lat' dir='ltr'><strong>lucernis,</strong></span> <span class='ocrx_word' id='word_1_341' title='bbox 914 4191 1050 4246; x_wconf 89' lang='lat' dir='ltr'><strong>alius</strong></span> <span class='ocrx_word' id='word_1_342' title='bbox 1088 4193 1175 4262; x_wconf 92' lang='lat' dir='ltr'><strong>qui</strong></span> <span class='ocrx_word' id='word_1_343' title='bbox 1216 4207 1286 4246; x_wconf 83' lang='lat' dir='ltr'><strong>ex</strong></span> <span class='ocrx_word' id='word_1_344' title='bbox 1319 4199 1498 4247; x_wconf 89' lang='lat' dir='ltr'><strong>terra:</strong></span> <span class='ocrx_word' id='word_1_345' title='bbox 1533 4202 1614 4248; x_wconf 89' lang='lat' dir='ltr'><strong>est</strong></span> <span class='ocrx_word' id='word_1_346' title='bbox 1639 4194 1780 4248; x_wconf 90' lang='lat' dir='ltr'><strong>enim</strong></span> <span class='ocrx_word' id='word_1_347' title='bbox 1807 4208 1951 4263; x_wconf 72' lang='lat' dir='ltr'><strong>smpe</strong></span> <span class='ocrx_word' id='word_1_348' title='bbox 1977 4193 2119 4264; x_wconf 87' lang='lat' dir='ltr'><strong>ejus-</strong></span> 
     </span>
    </p>
   </div>
   <div class='ocr_carea' id='block_1_44' title="bbox 531 4280 2114 4355">
    <p class='ocr_par' dir='ltr' id='par_1_44' title="bbox 531 4280 2114 4355">
     <span class='ocr_line' id='line_1_44' title="bbox 531 4280 2114 4355; baseline 0.003 -19"><span class='ocrx_word' id='word_1_349' title='bbox 531 4280 676 4336; x_wconf 88' lang='lat' dir='ltr'><strong>modi</strong></span> <span class='ocrx_word' id='word_1_350' title='bbox 705 4280 861 4352; x_wconf 80' lang='lat' dir='ltr'><strong>ignis,</strong></span> <span class='ocrx_word' id='word_1_351' title='bbox 894 4282 984 4352; x_wconf 91' lang='lat' dir='ltr'><strong>qui</strong></span> <span class='ocrx_word' id='word_1_352' title='bbox 1005 4297 1036 4337; x_wconf 92' lang='lat' dir='ltr'><strong>e</strong></span> <span class='ocrx_word' id='word_1_353' title='bbox 1062 4288 1200 4337; x_wconf 88' lang='lat' dir='ltr'><strong>terra</strong></span> <span class='ocrx_word' id='word_1_354' title='bbox 1227 4281 1421 4347; x_wconf 86' lang='lat' dir='ltr'><strong>editur,</strong></span> <span class='ocrx_word' id='word_1_355' title='bbox 1450 4285 1588 4338; x_wconf 86' lang='lat' dir='ltr'><strong>sicut</strong></span> <span class='ocrx_word' id='word_1_356' title='bbox 1625 4283 1800 4340; x_wconf 90' lang='lat' dir='ltr'><strong>fontes</strong></span> <span class='ocrx_word' id='word_1_357' title='bbox 1822 4301 2114 4355; x_wconf 89' lang='lat' dir='ltr'><strong>aquarum:</strong></span> 
     </span>
    </p>
   </div>
   <div class='ocr_carea' id='block_1_45' title="bbox 531 4374 2118 4446">
    <p class='ocr_par' dir='ltr' id='par_1_45' title="bbox 531 4374 2118 4446">
     <span class='ocr_line' id='line_1_45' title="bbox 531 4374 2118 4446; baseline 0.003 -18"><span class='ocrx_word' id='word_1_358' title='bbox 531 4375 666 4429; x_wconf 87' lang='lat' dir='ltr'><strong>alios</strong></span> <span class='ocrx_word' id='word_1_359' title='bbox 689 4375 776 4446; x_wconf 91' lang='lat' dir='ltr'><strong>qui</strong></span> <span class='ocrx_word' id='word_1_360' title='bbox 813 4375 870 4429; x_wconf 87' lang='lat' dir='ltr'><strong>ﬁt</strong></span> <span class='ocrx_word' id='word_1_361' title='bbox 897 4391 962 4430; x_wconf 82' lang='lat' dir='ltr'><strong>ex</strong></span> <span class='ocrx_word' id='word_1_362' title='bbox 992 4375 1189 4430; x_wconf 85' lang='lat' dir='ltr'><strong>collisis</strong></span> <span class='ocrx_word' id='word_1_363' title='bbox 1219 4374 1497 4445; x_wconf 88' lang='lat' dir='ltr'><strong>lapidibus,</strong></span> <span class='ocrx_word' id='word_1_364' title='bbox 1527 4376 1662 4430; x_wconf 89' lang='lat' dir='ltr'><strong>alius</strong></span> <span class='ocrx_word' id='word_1_365' title='bbox 1697 4377 1786 4446; x_wconf 92' lang='lat' dir='ltr'><strong>qui</strong></span> <span class='ocrx_word' id='word_1_366' title='bbox 1821 4385 1904 4432; x_wconf 90' lang='lat' dir='ltr'><strong>est</strong></span> <span class='ocrx_word' id='word_1_367' title='bbox 1937 4377 1992 4432; x_wconf 90' lang='lat' dir='ltr'><strong>in</strong></span> <span class='ocrx_word' id='word_1_368' title='bbox 2026 4392 2118 4432; x_wconf 85' lang='lat' dir='ltr'><strong>co-</strong></span> 
     </span>
    </p>
   </div>
   <div class='ocr_carea' id='block_1_46' title="bbox 531 4466 2119 4538">
    <p class='ocr_par' dir='ltr' id='par_1_46' title="bbox 531 4466 2119 4538">
     <span class='ocr_line' id='line_1_46' title="bbox 531 4466 2119 4538; baseline 0.003 -19"><span class='ocrx_word' id='word_1_369' title='bbox 531 4467 634 4519; x_wconf 89' lang='lat' dir='ltr'><strong>mis</strong></span> <span class='ocrx_word' id='word_1_370' title='bbox 683 4466 958 4533; x_wconf 86' lang='lat' dir='ltr'><strong>arborum,</strong></span> <span class='ocrx_word' id='word_1_371' title='bbox 1003 4482 1124 4538; x_wconf 70' lang='lat' dir='ltr'><strong>quae</strong></span> <span class='ocrx_word' id='word_1_372' title='bbox 1167 4467 1296 4536; x_wconf 64' lang='lat' dir='ltr'><strong>ipsa:</strong></span> <span class='ocrx_word' id='word_1_373' title='bbox 1333 4480 1544 4538; x_wconf 81' lang='lat' dir='ltr'><strong>quoque</strong></span> <span class='ocrx_word' id='word_1_374' title='bbox 1587 4466 1945 4522; x_wconf 87' lang='lat' dir='ltr'><strong>colliduntur:</strong></span> <span class='ocrx_word' id='word_1_375' title='bbox 1983 4468 2119 4524; x_wconf 87' lang='lat' dir='ltr'><strong>alius</strong></span> 
     </span>
    </p>
   </div>
   <div class='ocr_carea' id='block_1_47' title="bbox 536 4557 2116 4628">
    <p class='ocr_par' dir='ltr' id='par_1_47' title="bbox 536 4557 2116 4628">
     <span class='ocr_line' id='line_1_47' title="bbox 536 4557 2116 4628; baseline 0.003 -19"><span class='ocrx_word' id='word_1_376' title='bbox 536 4567 711 4613; x_wconf 88' lang='lat' dir='ltr'><strong>autem</strong></span> <span class='ocrx_word' id='word_1_377' title='bbox 760 4559 810 4612; x_wconf 95' lang='lat' dir='ltr'><strong>in</strong></span> <span class='ocrx_word' id='word_1_378' title='bbox 848 4557 1176 4614; x_wconf 87' lang='lat' dir='ltr'><strong>fulminibus.</strong></span> <span class='ocrx_word' id='word_1_379' title='bbox 1213 4558 1286 4612; x_wconf 89' lang='lat' dir='ltr'><strong>Ita</strong></span> <span class='ocrx_word' id='word_1_380' title='bbox 1317 4557 1477 4612; x_wconf 89' lang='lat' dir='ltr'><strong>etiam</strong></span> <span class='ocrx_word' id='word_1_381' title='bbox 1509 4557 1560 4612; x_wconf 92' lang='lat' dir='ltr'><strong>in</strong></span> <span class='ocrx_word' id='word_1_382' title='bbox 1592 4573 1717 4613; x_wconf 89' lang='lat' dir='ltr'><strong>aere</strong></span> <span class='ocrx_word' id='word_1_383' title='bbox 1739 4599 1754 4623; x_wconf 97' lang='lat'><strong>,</strong></span> <span class='ocrx_word' id='word_1_384' title='bbox 1788 4558 1873 4612; x_wconf 91' lang='lat' dir='ltr'><strong>hic</strong></span> <span class='ocrx_word' id='word_1_385' title='bbox 1907 4557 2116 4628; x_wconf 89' lang='lat' dir='ltr'><strong>quidem</strong></span> 
     </span>
    </p>
   </div>
   <div class='ocr_carea' id='block_1_48' title="bbox 531 4651 2116 4722">
    <p class='ocr_par' dir='ltr' id='par_1_48' title="bbox 531 4651 2116 4722">
     <span class='ocr_line' id='line_1_48' title="bbox 531 4651 2116 4722; baseline 0.003 -19"><span class='ocrx_word' id='word_1_386' title='bbox 531 4661 613 4705; x_wconf 78' lang='lat' dir='ltr'><strong>est</strong></span> <span class='ocrx_word' id='word_1_387' title='bbox 643 4653 889 4718; x_wconf 84' lang='lat' dir='ltr'><strong>crassior,</strong></span> <span class='ocrx_word' id='word_1_388' title='bbox 924 4653 1121 4722; x_wconf 87' lang='lat' dir='ltr'><strong>quiest</strong></span> <span class='ocrx_word' id='word_1_389' title='bbox 1173 4652 1313 4708; x_wconf 90' lang='lat' dir='ltr'><strong>circa</strong></span> <span class='ocrx_word' id='word_1_390' title='bbox 1342 4667 1441 4707; x_wconf 93' lang='lat' dir='ltr'><strong>nos</strong></span> <span class='ocrx_word' id='word_1_391' title='bbox 1464 4693 1479 4718; x_wconf 94' lang='lat'><strong>,</strong></span> <span class='ocrx_word' id='word_1_392' title='bbox 1519 4651 1609 4707; x_wconf 89' lang='lat' dir='ltr'><strong>ille</strong></span> <span class='ocrx_word' id='word_1_393' title='bbox 1647 4667 1776 4707; x_wconf 88' lang='lat' dir='ltr'><strong>vero</strong></span> <span class='ocrx_word' id='word_1_394' title='bbox 1829 4651 2071 4707; x_wconf 87' lang='lat' dir='ltr'><strong>subtilior</strong></span> <span class='ocrx_word' id='word_1_395' title='bbox 2102 4671 2116 4707; x_wconf 89' lang='lat'><strong>:</strong></span> 
     </span>
    </p>
   </div>
   <div class='ocr_carea' id='block_1_49' title="bbox 529 4743 2119 4814">
    <p class='ocr_par' dir='ltr' id='par_1_49' title="bbox 529 4743 2119 4814">
     <span class='ocr_line' id='line_1_49' title="bbox 529 4743 2119 4814; baseline 0.003 -21"><span class='ocrx_word' id='word_1_396' title='bbox 529 4743 622 4813; x_wconf 81' lang='lat' dir='ltr'><strong>qui</strong></span> <span class='ocrx_word' id='word_1_397' title='bbox 645 4752 822 4796; x_wconf 89' lang='lat' dir='ltr'><strong>autem</strong></span> <span class='ocrx_word' id='word_1_398' title='bbox 850 4752 931 4797; x_wconf 91' lang='lat' dir='ltr'><strong>est</strong></span> <span class='ocrx_word' id='word_1_399' title='bbox 955 4744 1220 4812; x_wconf 88' lang='lat' dir='ltr'><strong>superior,</strong></span> <span class='ocrx_word' id='word_1_400' title='bbox 1251 4746 1419 4814; x_wconf 89' lang='lat' dir='ltr'><strong>magis</strong></span> <span class='ocrx_word' id='word_1_401' title='bbox 1441 4743 1947 4814; x_wconf 66' lang='lat' dir='ltr'><strong>igneusNentorum</strong></span> <span class='ocrx_word' id='word_1_402' title='bbox 1982 4759 2119 4814; x_wconf 80' lang='lat' dir='ltr'><strong>quo-</strong></span> 
     </span>
    </p>
   </div>
   <div class='ocr_carea' id='block_1_50' title="bbox 527 4833 2116 4904">
    <p class='ocr_par' dir='ltr' id='par_1_50' title="bbox 527 4833 2116 4904">
     <span class='ocr_line' id='line_1_50' title="bbox 527 4833 2116 4904; baseline 0.002 -18"><span class='ocrx_word' id='word_1_403' title='bbox 527 4848 636 4904; x_wconf 90' lang='lat' dir='ltr'><strong>quc</strong></span> <span class='ocrx_word' id='word_1_404' title='bbox 676 4841 801 4887; x_wconf 90' lang='lat' dir='ltr'><strong>sunt</strong></span> <span class='ocrx_word' id='word_1_405' title='bbox 849 4833 1028 4887; x_wconf 79' lang='lat' dir='ltr'><strong>multae</strong></span> <span class='ocrx_word' id='word_1_406' title='bbox 1079 4833 1429 4889; x_wconf 61' lang='lat' dir='ltr'><strong>differentias:</strong></span> <span class='ocrx_word' id='word_1_407' title='bbox 1482 4835 1569 4890; x_wconf 89' lang='lat' dir='ltr'><strong>hic</strong></span> <span class='ocrx_word' id='word_1_408' title='bbox 1608 4835 1822 4904; x_wconf 89' lang='lat' dir='ltr'><strong>quidem</strong></span> <span class='ocrx_word' id='word_1_409' title='bbox 1850 4835 2116 4896; x_wconf 82' lang='lat' dir='ltr'><strong>subtilior.</strong></span> 
     </span>
    </p>
   </div>
   <div class='ocr_carea' id='block_1_51' title="bbox 529 4924 2120 4994">
    <p class='ocr_par' dir='ltr' id='par_1_51' title="bbox 529 4924 2120 4994">
     <span class='ocr_line' id='line_1_51' title="bbox 529 4924 2120 4994; baseline 0.001 -17"><span class='ocrx_word' id='word_1_410' title='bbox 529 4927 617 4980; x_wconf 91' lang='lat' dir='ltr'><strong>ille</strong></span> <span class='ocrx_word' id='word_1_411' title='bbox 648 4939 775 4980; x_wconf 89' lang='lat' dir='ltr'><strong>vero</strong></span> <span class='ocrx_word' id='word_1_412' title='bbox 800 4924 1068 4979; x_wconf 88' lang='lat' dir='ltr'><strong>crassior:</strong></span> <span class='ocrx_word' id='word_1_413' title='bbox 1099 4924 1235 4978; x_wconf 89' lang='lat' dir='ltr'><strong>alius</strong></span> <span class='ocrx_word' id='word_1_414' title='bbox 1274 4924 1532 4994; x_wconf 89' lang='lat' dir='ltr'><strong>frigidior,</strong></span> <span class='ocrx_word' id='word_1_415' title='bbox 1561 4925 1701 4980; x_wconf 91' lang='lat' dir='ltr'><strong>alius</strong></span> <span class='ocrx_word' id='word_1_416' title='bbox 1729 4926 1953 4981; x_wconf 89' lang='lat' dir='ltr'><strong>siccior:</strong></span> <span class='ocrx_word' id='word_1_417' title='bbox 1986 4925 2120 4979; x_wconf 88' lang='lat' dir='ltr'><strong>alius</strong></span> 
     </span>
    </p>
   </div>
   <div class='ocr_carea' id='block_1_52' title="bbox 529 5015 2122 5086">
    <p class='ocr_par' dir='ltr' id='par_1_52' title="bbox 529 5015 2122 5086">
     <span class='ocr_line' id='line_1_52' title="bbox 529 5015 2122 5086; baseline 0 -16"><span class='ocrx_word' id='word_1_418' title='bbox 529 5018 817 5078; x_wconf 78' lang='lat' dir='ltr'><strong>humidior.</strong></span> <span class='ocrx_word' id='word_1_419' title='bbox 841 5018 976 5072; x_wconf 89' lang='lat' dir='ltr'><strong>alius</strong></span> <span class='ocrx_word' id='word_1_420' title='bbox 1001 5015 1241 5073; x_wconf 87' lang='lat' dir='ltr'><strong>calidior.</strong></span> <span class='ocrx_word' id='word_1_421' title='bbox 1274 5018 1380 5072; x_wconf 81' lang='lat' dir='ltr'><strong>Aer</strong></span> <span class='ocrx_word' id='word_1_422' title='bbox 1395 5026 1573 5072; x_wconf 89' lang='lat' dir='ltr'><strong>autem</strong></span> <span class='ocrx_word' id='word_1_423' title='bbox 1598 5026 1652 5072; x_wconf 90' lang='lat' dir='ltr'><strong>et</strong></span> <span class='ocrx_word' id='word_1_424' title='bbox 1681 5018 1869 5084; x_wconf 85' lang='lat' dir='ltr'><strong>nubes,</strong></span> <span class='ocrx_word' id='word_1_425' title='bbox 1899 5019 1983 5072; x_wconf 92' lang='lat' dir='ltr'><strong>hic</strong></span> <span class='ocrx_word' id='word_1_426' title='bbox 2009 5018 2122 5086; x_wconf 86' lang='lat' dir='ltr'><strong>qui-</strong></span> 
     </span>
    </p>
   </div>
   <div class='ocr_carea' id='block_1_53' title="bbox 527 5107 2122 5179">
    <p class='ocr_par' dir='ltr' id='par_1_53' title="bbox 527 5107 2122 5179">
     <span class='ocr_line' id='line_1_53' title="bbox 527 5107 2122 5179; baseline -0.002 -16"><span class='ocrx_word' id='word_1_427' title='bbox 527 5109 650 5165; x_wconf 90' lang='lat' dir='ltr'><strong>dem</strong></span> <span class='ocrx_word' id='word_1_428' title='bbox 707 5109 929 5177; x_wconf 89' lang='lat' dir='ltr'><strong>tardior,</strong></span> <span class='ocrx_word' id='word_1_429' title='bbox 970 5109 1060 5164; x_wconf 91' lang='lat' dir='ltr'><strong>illa</strong></span> <span class='ocrx_word' id='word_1_430' title='bbox 1087 5123 1218 5164; x_wconf 86' lang='lat' dir='ltr'><strong>vero</strong></span> <span class='ocrx_word' id='word_1_431' title='bbox 1244 5107 1578 5179; x_wconf 82' lang='lat' dir='ltr'><strong>progreditur</strong></span> <span class='ocrx_word' id='word_1_432' title='bbox 1605 5109 1862 5174; x_wconf 88' lang='lat' dir='ltr'><strong>celerius,</strong></span> <span class='ocrx_word' id='word_1_433' title='bbox 1901 5107 2122 5178; x_wconf 91' lang='lat' dir='ltr'><strong>perinde</strong></span> 
     </span>
    </p>
   </div>
   <div class='ocr_carea' id='block_1_54' title="bbox 529 5201 2121 5272">
    <p class='ocr_par' dir='ltr' id='par_1_54' title="bbox 529 5201 2121 5272">
     <span class='ocr_line' id='line_1_54' title="bbox 529 5201 2121 5272; baseline -0.001 -16"><span class='ocrx_word' id='word_1_434' title='bbox 529 5217 592 5257; x_wconf 92' lang='lat' dir='ltr'><strong>ac</strong></span> <span class='ocrx_word' id='word_1_435' title='bbox 620 5202 663 5257; x_wconf 92' lang='lat' dir='ltr'><strong>si</strong></span> <span class='ocrx_word' id='word_1_436' title='bbox 694 5211 837 5258; x_wconf 89' lang='lat' dir='ltr'><strong>esset</strong></span> <span class='ocrx_word' id='word_1_437' title='bbox 861 5217 1044 5272; x_wconf 89' lang='lat' dir='ltr'><strong>eques.</strong></span> <span class='ocrx_word' id='word_1_438' title='bbox 1087 5201 1158 5255; x_wconf 84' lang='lat' dir='ltr'><strong>Ita</strong></span> <span class='ocrx_word' id='word_1_439' title='bbox 1193 5202 1352 5256; x_wconf 89' lang='lat' dir='ltr'><strong>etiam</strong></span> <span class='ocrx_word' id='word_1_440' title='bbox 1393 5201 1443 5256; x_wconf 79' lang='lat' dir='ltr'><strong>in</strong></span> <span class='ocrx_word' id='word_1_441' title='bbox 1484 5201 1712 5258; x_wconf 89' lang='lat' dir='ltr'><strong>nubibus</strong></span> <span class='ocrx_word' id='word_1_442' title='bbox 1741 5210 1794 5254; x_wconf 94' lang='lat' dir='ltr'><strong>et</strong></span> <span class='ocrx_word' id='word_1_443' title='bbox 1819 5204 2010 5265; x_wconf 88' lang='lat' dir='ltr'><strong>ventis,</strong></span> <span class='ocrx_word' id='word_1_444' title='bbox 2041 5201 2121 5255; x_wconf 78' lang='lat' dir='ltr'><strong>lue</strong></span> 
     </span>
    </p>
   </div>
   <div class='ocr_carea' id='block_1_55' title="bbox 532 5291 2120 5364">
    <p class='ocr_par' dir='ltr' id='par_1_55' title="bbox 532 5291 2120 5364">
     <span class='ocr_line' id='line_1_55' title="bbox 532 5291 2120 5364; baseline -0.004 -14"><span class='ocrx_word' id='word_1_445' title='bbox 532 5295 746 5364; x_wconf 89' lang='lat' dir='ltr'><strong>quidem</strong></span> <span class='ocrx_word' id='word_1_446' title='bbox 789 5304 913 5350; x_wconf 86' lang='lat' dir='ltr'><strong>sunt</strong></span> <span class='ocrx_word' id='word_1_447' title='bbox 952 5293 1153 5349; x_wconf 86' lang='lat' dir='ltr'><strong>similes</strong></span> <span class='ocrx_word' id='word_1_448' title='bbox 1179 5294 1327 5348; x_wconf 90' lang='lat' dir='ltr'><strong>urnis</strong></span> <span class='ocrx_word' id='word_1_449' title='bbox 1360 5302 1414 5348; x_wconf 92' lang='lat' dir='ltr'><strong>et</strong></span> <span class='ocrx_word' id='word_1_450' title='bbox 1452 5294 1592 5348; x_wconf 85' lang='lat' dir='ltr'><strong>vasis</strong></span> <span class='ocrx_word' id='word_1_451' title='bbox 1619 5291 1874 5361; x_wconf 87' lang='lat' dir='ltr'><strong>aquariis,</strong></span> <span class='ocrx_word' id='word_1_452' title='bbox 1905 5300 1964 5345; x_wconf 91' lang='lat' dir='ltr'><strong>ut</strong></span> <span class='ocrx_word' id='word_1_453' title='bbox 2002 5307 2120 5362; x_wconf 83' lang='lat' dir='ltr'><strong>quae</strong></span> 
     </span>
    </p>
   </div>
   <div class='ocr_carea' id='block_1_56' title="bbox 534 5381 2124 5457">
    <p class='ocr_par' dir='ltr' id='par_1_56' title="bbox 534 5381 2124 5457">
     <span class='ocr_line' id='line_1_56' title="bbox 534 5381 2124 5457; baseline -0.003 -17"><span class='ocrx_word' id='word_1_454' title='bbox 534 5384 818 5457; x_wconf 80' lang='lat' dir='ltr'><strong>aliquando</strong></span> <span class='ocrx_word' id='word_1_455' title='bbox 859 5383 967 5439; x_wconf 88' lang='lat' dir='ltr'><strong>sint</strong></span> <span class='ocrx_word' id='word_1_456' title='bbox 995 5383 1169 5453; x_wconf 74' lang='lat' dir='ltr'><strong>plena:</strong></span> <span class='ocrx_word' id='word_1_457' title='bbox 1195 5385 1345 5454; x_wconf 87' lang='lat' dir='ltr'><strong>aquis</strong></span> <span class='ocrx_word' id='word_1_458' title='bbox 1368 5426 1384 5448; x_wconf 89' lang='lat'><strong>,</strong></span> <span class='ocrx_word' id='word_1_459' title='bbox 1423 5381 1710 5453; x_wconf 87' lang='lat' dir='ltr'><strong>aliquando</strong></span> <span class='ocrx_word' id='word_1_460' title='bbox 1737 5385 1973 5436; x_wconf 88' lang='lat' dir='ltr'><strong>ferantur</strong></span> <span class='ocrx_word' id='word_1_461' title='bbox 2011 5382 2124 5435; x_wconf 86' lang='lat' dir='ltr'><strong>ina-</strong></span> 
     </span>
    </p>
   </div>
   <div class='ocr_carea' id='block_1_57' title="bbox 537 5472 2124 5531">
    <p class='ocr_par' dir='ltr' id='par_1_57' title="bbox 537 5472 2124 5531">
     <span class='ocr_line' id='line_1_57' title="bbox 537 5472 2124 5531; baseline -0.002 0"><span class='ocrx_word' id='word_1_462' title='bbox 537 5490 665 5531; x_wconf 83' lang='lat' dir='ltr'><strong>nes:</strong></span> <span class='ocrx_word' id='word_1_463' title='bbox 694 5476 810 5530; x_wconf 72' lang='lat' dir='ltr'><strong>alia:</strong></span> <span class='ocrx_word' id='word_1_464' title='bbox 835 5489 965 5530; x_wconf 90' lang='lat' dir='ltr'><strong>vero</strong></span> <span class='ocrx_word' id='word_1_465' title='bbox 994 5485 1121 5530; x_wconf 90' lang='lat' dir='ltr'><strong>sunt</strong></span> <span class='ocrx_word' id='word_1_466' title='bbox 1159 5473 1368 5530; x_wconf 85' lang='lat' dir='ltr'><strong>flabello</strong></span> <span class='ocrx_word' id='word_1_467' title='bbox 1397 5475 1618 5530; x_wconf 87' lang='lat' dir='ltr'><strong>similes.</strong></span> <span class='ocrx_word' id='word_1_468' title='bbox 1664 5474 1742 5530; x_wconf 81' lang='lat' dir='ltr'><strong>Tu</strong></span> <span class='ocrx_word' id='word_1_469' title='bbox 1781 5483 1958 5528; x_wconf 91' lang='lat' dir='ltr'><strong>autem</strong></span> <span class='ocrx_word' id='word_1_470' title='bbox 2010 5472 2124 5528; x_wconf 60' lang='lat' dir='ltr'><strong>haec</strong></span> 
     </span>
    </p>
   </div>
   <div class='ocr_carea' id='block_1_58' title="bbox 529 5564 2120 5634">
    <p class='ocr_par' dir='ltr' id='par_1_58' title="bbox 529 5564 2120 5634">
     <span class='ocr_line' id='line_1_58' title="bbox 529 5564 2120 5634; baseline -0.001 -15"><span class='ocrx_word' id='word_1_471' title='bbox 529 5573 829 5634; x_wconf 81' lang='lat' dir='ltr'><strong>eorumque</strong></span> <span class='ocrx_word' id='word_1_472' title='bbox 879 5565 1238 5622; x_wconf 88' lang='lat' dir='ltr'><strong>diversitatem</strong></span> <span class='ocrx_word' id='word_1_473' title='bbox 1286 5576 1342 5623; x_wconf 91' lang='lat' dir='ltr'><strong>et</strong></span> <span class='ocrx_word' id='word_1_474' title='bbox 1393 5566 1700 5620; x_wconf 84' lang='lat' dir='ltr'><strong>varietatem</strong></span> <span class='ocrx_word' id='word_1_475' title='bbox 1752 5564 2120 5632; x_wconf 88' lang='lat' dir='ltr'><strong>considerans,</strong></span> 
     </span>
    </p>
   </div>
   <div class='ocr_carea' id='block_1_59' title="bbox 538 5655 2124 5728">
    <p class='ocr_par' dir='ltr' id='par_1_59' title="bbox 538 5655 2124 5728">
     <span class='ocr_line' id='line_1_59' title="bbox 538 5655 2124 5728; baseline 0.001 -19"><span class='ocrx_word' id='word_1_476' title='bbox 538 5657 807 5712; x_wconf 84' lang='lat' dir='ltr'><strong>admirare</strong></span> <span class='ocrx_word' id='word_1_477' title='bbox 827 5656 1102 5724; x_wconf 86' lang='lat' dir='ltr'><strong>Opiﬁcem.</strong></span> <span class='ocrx_word' id='word_1_478' title='bbox 1127 5659 1178 5714; x_wconf 90' lang='lat'><strong>8.</strong></span> <span class='ocrx_word' id='word_1_479' title='bbox 1208 5658 1311 5726; x_wconf 84' lang='lat' dir='ltr'><strong>Qui</strong></span> <span class='ocrx_word' id='word_1_480' title='bbox 1343 5659 1582 5728; x_wconf 85' lang='lat' dir='ltr'><strong>percussit</strong></span> <span class='ocrx_word' id='word_1_481' title='bbox 1609 5659 1939 5728; x_wconf 82' lang='lat' dir='ltr'><strong>primogenita</strong></span> <span class='ocrx_word' id='word_1_482' title='bbox 1962 5655 2124 5728; x_wconf 62' lang='lat' dir='ltr'><strong>Egy-</strong></span> 
     </span>
    </p>
   </div>
   <div class='ocr_carea' id='block_1_60' title="bbox 539 5744 2118 5818">
    <p class='ocr_par' dir='ltr' id='par_1_60' title="bbox 539 5744 2118 5818">
     <span class='ocr_line' id='line_1_60' title="bbox 539 5744 2118 5818; baseline 0.002 -21"><span class='ocrx_word' id='word_1_483' title='bbox 539 5745 632 5811; x_wconf 75' lang='lat' dir='ltr'><strong>pti.</strong></span> <span class='ocrx_word' id='word_1_484' title='bbox 666 5744 950 5812; x_wconf 80' lang='lat' dir='ltr'><strong>Postquam</strong></span> <span class='ocrx_word' id='word_1_485' title='bbox 977 5746 1111 5802; x_wconf 81' lang='lat' dir='ltr'><strong>dixit</strong></span> <span class='ocrx_word' id='word_1_486' title='bbox 1151 5749 1416 5816; x_wconf 83' lang='lat' dir='ltr'><strong>generalia</strong></span> <span class='ocrx_word' id='word_1_487' title='bbox 1441 5790 1455 5813; x_wconf 91' lang='lat'><strong>,</strong></span> <span class='ocrx_word' id='word_1_488' title='bbox 1481 5759 1536 5802; x_wconf 89' lang='lat' dir='ltr'><strong>et</strong></span> <span class='ocrx_word' id='word_1_489' title='bbox 1566 5748 1796 5802; x_wconf 83' lang='lat' dir='ltr'><strong>ostendit</strong></span> <span class='ocrx_word' id='word_1_490' title='bbox 1826 5748 1914 5801; x_wconf 81' lang='lat' dir='ltr'><strong>Dei</strong></span> <span class='ocrx_word' id='word_1_491' title='bbox 1944 5748 2118 5818; x_wconf 83' lang='lat' dir='ltr'><strong>provi-</strong></span> 
     </span>
    </p>
   </div>
   <div class='ocr_carea' id='block_1_61' title="bbox 1291 316 3727 392">
    <p class='ocr_par' dir='ltr' id='par_1_61' title="bbox 1291 316 3727 392">
     <span class='ocr_line' id='line_1_61' title="bbox 1291 316 3727 392; baseline 0.004 -21"><span class='ocrx_word' id='word_1_492' title='bbox 1291 320 1346 372; x_wconf 82' lang='lat' dir='ltr'><strong>S.</strong></span> <span class='ocrx_word' id='word_1_493' title='bbox 1389 317 1662 372; x_wconf 65' lang='lat' dir='ltr'><strong>JOANNIS</strong></span> <span class='ocrx_word' id='word_1_494' title='bbox 1701 316 2174 374; x_wconf 66' lang='lat' dir='ltr'><strong>CIIRYSOSTOHI</strong></span> <span class='ocrx_word' id='word_1_495' title='bbox 2219 318 2531 372; x_wconf 62' lang='lat' dir='ltr'><strong>ARClllliP.</strong></span> <span class='ocrx_word' id='word_1_496' title='bbox 2574 320 3106 378; x_wconf 70' lang='lat' dir='ltr'><strong>CONSTANTINOP.</strong></span> <span class='ocrx_word' id='word_1_497' title='bbox 3656 339 3727 392; x_wconf 69' lang='grc' dir='ltr'><strong>δεῆ</strong></span> 
     </span>
    </p>
   </div>
   <div class='ocr_carea' id='block_1_62' title="bbox 2244 431 3732 522">
    <p class='ocr_par' dir='ltr' id='par_1_62' title="bbox 2244 431 3732 522">
     <span class='ocr_line' id='line_1_62' title="bbox 2244 431 3732 522; baseline 0.01 -38"><span class='ocrx_word' id='word_1_498' title='bbox 2244 431 2474 485; x_wconf 84' lang='lat' dir='ltr'><strong>dentiam</strong></span> <span class='ocrx_word' id='word_1_499' title='bbox 2502 432 2552 485; x_wconf 85' lang='lat' dir='ltr'><strong>in</strong></span> <span class='ocrx_word' id='word_1_500' title='bbox 2586 435 2887 489; x_wconf 89' lang='lat' dir='ltr'><strong>universum</strong></span> <span class='ocrx_word' id='word_1_501' title='bbox 2924 437 3106 492; x_wconf 88' lang='lat' dir='ltr'><strong>orbem</strong></span> <span class='ocrx_word' id='word_1_502' title='bbox 3140 449 3309 505; x_wconf 76' lang='lat' dir='ltr'><strong>teme,</strong></span> <span class='ocrx_word' id='word_1_503' title='bbox 3341 457 3427 509; x_wconf 86' lang='lat' dir='ltr'><strong>per</strong></span> <span class='ocrx_word' id='word_1_504' title='bbox 3453 443 3641 514; x_wconf 81' lang='lat' dir='ltr'><strong>fulgura,</strong></span> <span class='ocrx_word' id='word_1_505' title='bbox 3668 469 3732 522; x_wconf 75' lang='grc' dir='ltr'><strong>ροιτ</strong></span> 
     </span>
    </p>
   </div>
   <div class='ocr_carea' id='block_1_63' title="bbox 2240 530 3733 602">
    <p class='ocr_par' dir='ltr' id='par_1_63' title="bbox 2240 530 3733 602">
     <span class='ocr_line' id='line_1_63' title="bbox 2240 530 3733 602; baseline 0.013 -26"><span class='ocrx_word' id='word_1_506' title='bbox 2240 534 2448 591; x_wconf 89' lang='lat' dir='ltr'><strong>ventos,</strong></span> <span class='ocrx_word' id='word_1_507' title='bbox 2485 539 2583 594; x_wconf 92' lang='lat' dir='ltr'><strong>per</strong></span> <span class='ocrx_word' id='word_1_508' title='bbox 2607 540 2807 593; x_wconf 90' lang='lat' dir='ltr'><strong>aerem,</strong></span> <span class='ocrx_word' id='word_1_509' title='bbox 2841 543 2934 597; x_wconf 92' lang='lat' dir='ltr'><strong>per</strong></span> <span class='ocrx_word' id='word_1_510' title='bbox 2961 530 3148 594; x_wconf 88' lang='lat' dir='ltr'><strong>nubes,</strong></span> <span class='ocrx_word' id='word_1_511' title='bbox 3180 547 3270 600; x_wconf 87' lang='lat' dir='ltr'><strong>per</strong></span> <span class='ocrx_word' id='word_1_512' title='bbox 3294 534 3501 602; x_wconf 85' lang='lat' dir='ltr'><strong>pluvias,</strong></span> <span class='ocrx_word' id='word_1_513' title='bbox 3527 548 3573 592; x_wconf 89' lang='lat' dir='ltr'><strong>et</strong></span> <span class='ocrx_word' id='word_1_514' title='bbox 3595 556 3733 596; x_wconf 87' lang='lat' dir='ltr'><strong>eonnu</strong></span> 
     </span>
    </p>
   </div>
   <div class='ocr_carea' id='block_1_64' title="bbox 2239 607 3736 696">
    <p class='ocr_par' dir='ltr' id='par_1_64' title="bbox 2239 607 3736 696">
     <span class='ocr_line' id='line_1_64' title="bbox 2239 607 3736 696; baseline 0.013 -27"><span class='ocrx_word' id='word_1_515' title='bbox 2239 629 2405 685; x_wconf 90' lang='lat' dir='ltr'><strong>nugas</strong></span> <span class='ocrx_word' id='word_1_516' title='bbox 2423 617 2615 685; x_wconf 89' lang='lat' dir='ltr'><strong>arguit,</strong></span> <span class='ocrx_word' id='word_1_517' title='bbox 2639 617 2726 687; x_wconf 93' lang='lat' dir='ltr'><strong>qui</strong></span> <span class='ocrx_word' id='word_1_518' title='bbox 2749 619 2932 674; x_wconf 91' lang='lat' dir='ltr'><strong>dicunt</strong></span> <span class='ocrx_word' id='word_1_519' title='bbox 2957 621 3334 691; x_wconf 90' lang='lat' dir='ltr'><strong>providentiam</strong></span> <span class='ocrx_word' id='word_1_520' title='bbox 3357 641 3511 696; x_wconf 89' lang='lat' dir='ltr'><strong>usque</strong></span> <span class='ocrx_word' id='word_1_521' title='bbox 3529 607 3584 684; x_wconf 80' lang='lat' dir='ltr'><strong>ad</strong></span> <span class='ocrx_word' id='word_1_522' title='bbox 3602 632 3736 688; x_wconf 81' lang='lat' dir='ltr'><strong>lunam</strong></span> 
     </span>
    </p>
   </div>
   <div class='ocr_carea' id='block_1_65' title="bbox 2239 705 3737 790">
    <p class='ocr_par' dir='ltr' id='par_1_65' title="bbox 2239 705 3737 790">
     <span class='ocr_line' id='line_1_65' title="bbox 2239 705 3737 790; baseline 0.015 -32"><span class='ocrx_word' id='word_1_523' title='bbox 2239 706 2540 776; x_wconf 85' lang='lat' dir='ltr'><strong>pertingere</strong></span> <span class='ocrx_word' id='word_1_524' title='bbox 2571 705 2647 780; x_wconf 81' lang='grc' dir='ltr'>(η)</span> <span class='ocrx_word' id='word_1_525' title='bbox 2675 725 2688 762; x_wconf 89' lang='lat'>:</span> <span class='ocrx_word' id='word_1_526' title='bbox 2712 711 2918 764; x_wconf 89' lang='lat' dir='ltr'><strong>accedit</strong></span> <span class='ocrx_word' id='word_1_527' title='bbox 2958 710 3025 766; x_wconf 89' lang='lat' dir='ltr'><strong>ad</strong></span> <span class='ocrx_word' id='word_1_528' title='bbox 3066 712 3362 782; x_wconf 88' lang='lat' dir='ltr'><strong>singularia,</strong></span> <span class='ocrx_word' id='word_1_529' title='bbox 3407 731 3577 790; x_wconf 86' lang='lat' dir='ltr'><strong>nempe</strong></span> <span class='ocrx_word' id='word_1_530' title='bbox 3609 723 3662 778; x_wconf 82' lang='lat' dir='ltr'><strong>ad</strong></span> <span class='ocrx_word' id='word_1_531' title='bbox 3691 741 3737 781; x_wconf 81' lang='lat' dir='ltr'><strong>ea</strong></span> 
     </span>
    </p>
   </div>
   <div class='ocr_carea' id='block_1_66' title="bbox 2236 799 3737 884">
    <p class='ocr_par' dir='ltr' id='par_1_66' title="bbox 2236 799 3737 884">
     <span class='ocr_line' id='line_1_66' title="bbox 2236 799 3737 884; baseline 0.013 -34"><span class='ocrx_word' id='word_1_532' title='bbox 2236 814 2355 867; x_wconf 73' lang='lat' dir='ltr'><strong>qua:</strong></span> <span class='ocrx_word' id='word_1_533' title='bbox 2397 799 2663 870; x_wconf 90' lang='lat' dir='ltr'><strong>sigillatim</strong></span> <span class='ocrx_word' id='word_1_534' title='bbox 2703 804 3050 876; x_wconf 85' lang='lat' dir='ltr'><strong>privatimque</strong></span> <span class='ocrx_word' id='word_1_535' title='bbox 3087 805 3283 864; x_wconf 68' lang='lat' dir='ltr'><strong>Iudaeis</strong></span> <span class='ocrx_word' id='word_1_536' title='bbox 3319 808 3449 865; x_wconf 86' lang='lat' dir='ltr'><strong>facta</strong></span> <span class='ocrx_word' id='word_1_537' title='bbox 3475 822 3601 868; x_wconf 89' lang='lat' dir='ltr'><strong>sunt.</strong></span> <span class='ocrx_word' id='word_1_538' title='bbox 3623 816 3737 884; x_wconf 82' lang='lat' dir='ltr'><strong>Quod</strong></span> 
     </span>
    </p>
   </div>
   <div class='ocr_carea' id='block_1_67' title="bbox 2235 888 3738 969">
    <p class='ocr_par' dir='ltr' id='par_1_67' title="bbox 2235 888 3738 969">
     <span class='ocr_line' id='line_1_67' title="bbox 2235 888 3738 969; baseline 0.013 -28"><span class='ocrx_word' id='word_1_539' title='bbox 2235 888 2377 942; x_wconf 91' lang='lat' dir='ltr'><strong>enim</strong></span> <span class='ocrx_word' id='word_1_540' title='bbox 2409 897 2570 957; x_wconf 89' lang='lat' dir='ltr'><strong>terra,</strong></span> <span class='ocrx_word' id='word_1_541' title='bbox 2602 900 2656 946; x_wconf 91' lang='lat' dir='ltr'><strong>et</strong></span> <span class='ocrx_word' id='word_1_542' title='bbox 2689 894 2899 959; x_wconf 74' lang='lat' dir='ltr'><strong>cadum,</strong></span> <span class='ocrx_word' id='word_1_543' title='bbox 2930 903 2985 950; x_wconf 91' lang='lat' dir='ltr'><strong>et</strong></span> <span class='ocrx_word' id='word_1_544' title='bbox 3012 897 3254 952; x_wconf 89' lang='lat' dir='ltr'><strong>universa</strong></span> <span class='ocrx_word' id='word_1_545' title='bbox 3280 914 3396 969; x_wconf 75' lang='lat' dir='ltr'><strong>qua:</strong></span> <span class='ocrx_word' id='word_1_546' title='bbox 3421 901 3648 968; x_wconf 87' lang='lat' dir='ltr'><strong>videntur.</strong></span> <span class='ocrx_word' id='word_1_547' title='bbox 3673 908 3738 962; x_wconf 83' lang='lat' dir='ltr'><strong>Dei</strong></span> 
     </span>
    </p>
   </div>
   <div class='ocr_carea' id='block_1_68' title="bbox 2234 978 3738 1058">
    <p class='ocr_par' dir='ltr' id='par_1_68' title="bbox 2234 978 3738 1058">
     <span class='ocr_line' id='line_1_68' title="bbox 2234 978 3738 1058; baseline 0.011 -24"><span class='ocrx_word' id='word_1_548' title='bbox 2234 978 2612 1049; x_wconf 80' lang='lat' dir='ltr'><strong>benignitatem</strong></span> <span class='ocrx_word' id='word_1_549' title='bbox 2642 985 2894 1052; x_wconf 87' lang='lat' dir='ltr'><strong>sentiant,</strong></span> <span class='ocrx_word' id='word_1_550' title='bbox 2920 1002 2984 1041; x_wconf 94' lang='lat' dir='ltr'><strong>ex</strong></span> <span class='ocrx_word' id='word_1_551' title='bbox 3013 987 3076 1042; x_wconf 90' lang='lat' dir='ltr'><strong>iis</strong></span> <span class='ocrx_word' id='word_1_552' title='bbox 3101 1004 3218 1058; x_wconf 76' lang='lat' dir='ltr'><strong>qua:</strong></span> <span class='ocrx_word' id='word_1_553' title='bbox 3239 989 3374 1045; x_wconf 89' lang='lat' dir='ltr'><strong>dicta</strong></span> <span class='ocrx_word' id='word_1_554' title='bbox 3403 1002 3518 1048; x_wconf 89' lang='lat' dir='ltr'><strong>sunt</strong></span> <span class='ocrx_word' id='word_1_555' title='bbox 3542 999 3738 1052; x_wconf 84' lang='lat' dir='ltr'><strong>ostendit:</strong></span> 
     </span>
    </p>
   </div>
   <div class='ocr_carea' id='block_1_69' title="bbox 2234 1075 3738 1154">
    <p class='ocr_par' dir='ltr' id='par_1_69' title="bbox 2234 1075 3738 1154">
     <span class='ocr_line' id='line_1_69' title="bbox 2234 1075 3738 1154; baseline 0.012 -30"><span class='ocrx_word' id='word_1_556' title='bbox 2234 1078 2293 1124; x_wconf 92' lang='lat' dir='ltr'><strong>ut</strong></span> <span class='ocrx_word' id='word_1_557' title='bbox 2315 1081 2490 1126; x_wconf 89' lang='lat' dir='ltr'><strong>autem</strong></span> <span class='ocrx_word' id='word_1_558' title='bbox 2536 1075 2756 1130; x_wconf 90' lang='lat' dir='ltr'><strong>memori</strong></span> <span class='ocrx_word' id='word_1_559' title='bbox 2799 1085 2854 1130; x_wconf 88' lang='lat' dir='ltr'><strong>et</strong></span> <span class='ocrx_word' id='word_1_560' title='bbox 2894 1088 3045 1147; x_wconf 90' lang='lat' dir='ltr'><strong>grato</strong></span> <span class='ocrx_word' id='word_1_561' title='bbox 3084 1082 3262 1135; x_wconf 89' lang='lat' dir='ltr'><strong>animo</strong></span> <span class='ocrx_word' id='word_1_562' title='bbox 3301 1081 3504 1139; x_wconf 69' lang='lat' dir='ltr'><strong>Iudaeos</strong></span> <span class='ocrx_word' id='word_1_563' title='bbox 3538 1087 3738 1154; x_wconf 82' lang='lat' dir='ltr'><strong>efﬁceret,</strong></span> 
     </span>
    </p>
   </div>
   <div class='ocr_carea' id='block_1_70' title="bbox 2233 1163 3740 1236">
    <p class='ocr_par' dir='ltr' id='par_1_70' title="bbox 2233 1163 3740 1236">
     <span class='ocr_line' id='line_1_70' title="bbox 2233 1163 3740 1236; baseline 0.014 -22"><span class='ocrx_word' id='word_1_564' title='bbox 2233 1170 2417 1216; x_wconf 90' lang='lat' dir='ltr'><strong>narrat</strong></span> <span class='ocrx_word' id='word_1_565' title='bbox 2480 1163 2639 1218; x_wconf 89' lang='lat' dir='ltr'><strong>etiam</strong></span> <span class='ocrx_word' id='word_1_566' title='bbox 2698 1166 3015 1236; x_wconf 88' lang='lat' dir='ltr'><strong>singularia,</strong></span> <span class='ocrx_word' id='word_1_567' title='bbox 3083 1171 3368 1227; x_wconf 88' lang='lat' dir='ltr'><strong>ostendens</strong></span> <span class='ocrx_word' id='word_1_568' title='bbox 3438 1176 3740 1235; x_wconf 78' lang='lat' dir='ltr'><strong>universorum</strong></span> 
     </span>
    </p>
   </div>
   <div class='ocr_carea' id='block_1_71' title="bbox 2233 1251 3741 1338">
    <p class='ocr_par' dir='ltr' id='par_1_71' title="bbox 2233 1251 3741 1338">
     <span class='ocr_line' id='line_1_71' title="bbox 2233 1251 3741 1338; baseline 0.011 -32"><span class='ocrx_word' id='word_1_569' title='bbox 2233 1251 2428 1319; x_wconf 90' lang='lat' dir='ltr'><strong>Deum,</strong></span> <span class='ocrx_word' id='word_1_570' title='bbox 2458 1262 2513 1309; x_wconf 90' lang='lat' dir='ltr'><strong>et</strong></span> <span class='ocrx_word' id='word_1_571' title='bbox 2540 1256 2628 1324; x_wconf 92' lang='lat' dir='ltr'><strong>qui</strong></span> <span class='ocrx_word' id='word_1_572' title='bbox 2659 1257 2894 1312; x_wconf 90' lang='lat' dir='ltr'><strong>omnium</strong></span> <span class='ocrx_word' id='word_1_573' title='bbox 2919 1273 3101 1315; x_wconf 90' lang='lat' dir='ltr'><strong>curam</strong></span> <span class='ocrx_word' id='word_1_574' title='bbox 3128 1263 3280 1331; x_wconf 89' lang='lat' dir='ltr'><strong>gerit,</strong></span> <span class='ocrx_word' id='word_1_575' title='bbox 3309 1264 3386 1319; x_wconf 90' lang='lat' dir='ltr'><strong>eis</strong></span> <span class='ocrx_word' id='word_1_576' title='bbox 3412 1266 3626 1335; x_wconf 69' lang='lat' dir='ltr'><strong>quaedam</strong></span> <span class='ocrx_word' id='word_1_577' title='bbox 3649 1286 3741 1338; x_wconf 87' lang='lat' dir='ltr'><strong>pro-</strong></span> 
     </span>
    </p>
   </div>
   <div class='ocr_carea' id='block_1_72' title="bbox 2232 1341 3743 1428">
    <p class='ocr_par' dir='ltr' id='par_1_72' title="bbox 2232 1341 3743 1428">
     <span class='ocr_line' id='line_1_72' title="bbox 2232 1341 3743 1428; baseline 0.013 -33"><span class='ocrx_word' id='word_1_578' title='bbox 2232 1341 2343 1411; x_wconf 86' lang='lat' dir='ltr'><strong>pria</strong></span> <span class='ocrx_word' id='word_1_579' title='bbox 2370 1341 2622 1400; x_wconf 86' lang='lat' dir='ltr'><strong>beneﬁcia</strong></span> <span class='ocrx_word' id='word_1_580' title='bbox 2653 1345 2894 1417; x_wconf 89' lang='lat' dir='ltr'><strong>largitum</strong></span> <span class='ocrx_word' id='word_1_581' title='bbox 2921 1363 3058 1405; x_wconf 88' lang='lat' dir='ltr'><strong>esse.</strong></span> <span class='ocrx_word' id='word_1_582' title='bbox 3101 1351 3426 1424; x_wconf 85' lang='lat' dir='ltr'><strong>Quamquam</strong></span> <span class='ocrx_word' id='word_1_583' title='bbox 3455 1373 3562 1428; x_wconf 68' lang='lat' dir='ltr'><strong>quae</strong></span> <span class='ocrx_word' id='word_1_584' title='bbox 3589 1359 3632 1414; x_wconf 91' lang='lat' dir='ltr'><strong>in</strong></span> <span class='ocrx_word' id='word_1_585' title='bbox 3655 1361 3743 1415; x_wconf 84' lang='lat' dir='ltr'><strong>illos</strong></span> 
     </span>
    </p>
   </div>
   <div class='ocr_carea' id='block_1_73' title="bbox 2229 1435 3742 1518">
    <p class='ocr_par' dir='ltr' id='par_1_73' title="bbox 2229 1435 3742 1518">
     <span class='ocr_line' id='line_1_73' title="bbox 2229 1435 3742 1518; baseline 0.013 -31"><span class='ocrx_word' id='word_1_586' title='bbox 2229 1449 2443 1504; x_wconf 88' lang='lat' dir='ltr'><strong>quoque</strong></span> <span class='ocrx_word' id='word_1_587' title='bbox 2486 1435 2714 1505; x_wconf 87' lang='lat' dir='ltr'><strong>ﬁebant,</strong></span> <span class='ocrx_word' id='word_1_588' title='bbox 2759 1449 2912 1494; x_wconf 88' lang='lat' dir='ltr'><strong>erant</strong></span> <span class='ocrx_word' id='word_1_589' title='bbox 2954 1457 3139 1497; x_wconf 87' lang='lat' dir='ltr'><strong>rursus</strong></span> <span class='ocrx_word' id='word_1_590' title='bbox 3179 1446 3459 1514; x_wconf 88' lang='lat' dir='ltr'><strong>generalia.</strong></span> <span class='ocrx_word' id='word_1_591' title='bbox 3501 1449 3631 1517; x_wconf 87' lang='lat' dir='ltr'><strong>Quod</strong></span> <span class='ocrx_word' id='word_1_592' title='bbox 3671 1454 3742 1518; x_wconf 84' lang='lat' dir='ltr'><strong>ipsi</strong></span> 
     </span>
    </p>
   </div>
   <div class='ocr_carea' id='block_1_74' title="bbox 2231 1525 3744 1597">
    <p class='ocr_par' dir='ltr' id='par_1_74' title="bbox 2231 1525 3744 1597">
     <span class='ocr_line' id='line_1_74' title="bbox 2231 1525 3744 1597; baseline 0.011 -18"><span class='ocrx_word' id='word_1_593' title='bbox 2231 1525 2374 1580; x_wconf 91' lang='lat' dir='ltr'><strong>enim</strong></span> <span class='ocrx_word' id='word_1_594' title='bbox 2404 1526 2559 1582; x_wconf 88' lang='lat' dir='ltr'><strong>electi</strong></span> <span class='ocrx_word' id='word_1_595' title='bbox 2585 1539 2766 1584; x_wconf 88' lang='lat' dir='ltr'><strong>essent</strong></span> <span class='ocrx_word' id='word_1_596' title='bbox 2791 1545 2856 1584; x_wconf 79' lang='lat' dir='ltr'><strong>ex</strong></span> <span class='ocrx_word' id='word_1_597' title='bbox 2884 1531 3003 1585; x_wconf 88' lang='lat' dir='ltr'><strong>aliis</strong></span> <span class='ocrx_word' id='word_1_598' title='bbox 3023 1573 3038 1597; x_wconf 93' lang='lat'><strong>,</strong></span> <span class='ocrx_word' id='word_1_599' title='bbox 3070 1533 3121 1587; x_wconf 93' lang='lat' dir='ltr'><strong>id</strong></span> <span class='ocrx_word' id='word_1_600' title='bbox 3149 1533 3373 1590; x_wconf 86' lang='lat' dir='ltr'><strong>faciebat</strong></span> <span class='ocrx_word' id='word_1_601' title='bbox 3399 1547 3454 1592; x_wconf 92' lang='lat' dir='ltr'><strong>ut</strong></span> <span class='ocrx_word' id='word_1_602' title='bbox 3488 1538 3591 1594; x_wconf 89' lang='lat' dir='ltr'><strong>illos</strong></span> <span class='ocrx_word' id='word_1_603' title='bbox 3618 1557 3744 1595; x_wconf 82' lang='lat' dir='ltr'><strong>:cmn-</strong></span> 
     </span>
    </p>
   </div>
   <div class='ocr_carea' id='block_1_75' title="bbox 2231 1617 3742 1698">
    <p class='ocr_par' dir='ltr' id='par_1_75' title="bbox 2231 1617 3742 1698">
     <span class='ocr_line' id='line_1_75' title="bbox 2231 1617 3742 1698; baseline 0.011 -29"><span class='ocrx_word' id='word_1_604' title='bbox 2231 1617 2502 1672; x_wconf 88' lang='lat' dir='ltr'><strong>larentur:</strong></span> <span class='ocrx_word' id='word_1_605' title='bbox 2533 1620 2675 1689; x_wconf 91' lang='lat' dir='ltr'><strong>quod</strong></span> <span class='ocrx_word' id='word_1_606' title='bbox 2705 1621 2897 1678; x_wconf 87' lang='lat' dir='ltr'><strong>Paulus</strong></span> <span class='ocrx_word' id='word_1_607' title='bbox 2921 1640 3132 1696; x_wconf 89' lang='lat' dir='ltr'><strong>quoque</strong></span> <span class='ocrx_word' id='word_1_608' title='bbox 3155 1627 3472 1698; x_wconf 79' lang='lat' dir='ltr'><strong>signiﬁcans,</strong></span> <span class='ocrx_word' id='word_1_609' title='bbox 3499 1631 3608 1685; x_wconf 85' lang='lat' dir='ltr'><strong>dicit</strong></span> <span class='ocrx_word' id='word_1_610' title='bbox 3632 1632 3742 1687; x_wconf 81' lang='lat' dir='ltr'><strong>:Eo-</strong></span> 
     </span>
    </p>
   </div>
   <div class='ocr_carea' id='block_1_76' title="bbox 2229 1707 3739 1794">
    <p class='ocr_par' dir='ltr' id='par_1_76' title="bbox 2229 1707 3739 1794">
     <span class='ocr_line' id='line_1_76' title="bbox 2229 1707 3739 1794; baseline 0.011 -35"><span class='ocrx_word' id='word_1_611' title='bbox 2229 1723 2341 1760; x_wconf 88' lang='lat' dir='ltr'><strong>rum</strong></span> <span class='ocrx_word' id='word_1_612' title='bbox 2379 1707 2561 1762; x_wconf 81' lang='lat' dir='ltr'><strong>delicto</strong></span> <span class='ocrx_word' id='word_1_613' title='bbox 2598 1712 2735 1764; x_wconf 84' lang='lat' dir='ltr'><strong>salus</strong></span> <span class='ocrx_word' id='word_1_614' title='bbox 2761 1713 3007 1782; x_wconf 84' lang='lat' dir='ltr'><strong>gentibus,</strong></span> <span class='ocrx_word' id='word_1_615' title='bbox 3041 1725 3096 1769; x_wconf 88' lang='lat' dir='ltr'><strong>ut</strong></span> <span class='ocrx_word' id='word_1_616' title='bbox 3122 1733 3206 1771; x_wconf 81' lang='lat' dir='ltr'><strong>eos</strong></span> <span class='ocrx_word' id='word_1_617' title='bbox 3231 1720 3570 1774; x_wconf 80' lang='lat' dir='ltr'><strong>temularentttr</strong></span> <span class='ocrx_word' id='word_1_618' title='bbox 3589 1721 3606 1794; x_wconf 91' lang='lat'><strong>(</strong></span> <span class='ocrx_word' id='word_1_619' title='bbox 3628 1722 3739 1777; x_wconf 82' lang='lat' dir='ltr'><strong>Rom.</strong></span> 
     </span>
    </p>
   </div>
   <div class='ocr_carea' id='block_1_77' title="bbox 2231 1797 3742 1879">
    <p class='ocr_par' dir='ltr' id='par_1_77' title="bbox 2231 1797 3742 1879">
     <span class='ocr_line' id='line_1_77' title="bbox 2231 1797 3742 1879; baseline 0.009 -27"><span class='ocrx_word' id='word_1_620' title='bbox 2231 1797 2319 1862; x_wconf 84' lang='grc'><strong>11,</strong></span> <span class='ocrx_word' id='word_1_621' title='bbox 2354 1799 2414 1855; x_wconf 77' lang='lat' dir='ltr'><strong>ll</strong></span> <span class='ocrx_word' id='word_1_622' title='bbox 2449 1798 2492 1870; x_wconf 94' lang='lat'><strong>).</strong></span> <span class='ocrx_word' id='word_1_623' title='bbox 2533 1801 2989 1867; x_wconf 86' lang='lat' dir='ltr'><strong>Quemadmodum</strong></span> <span class='ocrx_word' id='word_1_624' title='bbox 3016 1807 3156 1862; x_wconf 89' lang='lat' dir='ltr'><strong>enim</strong></span> <span class='ocrx_word' id='word_1_625' title='bbox 3186 1819 3355 1879; x_wconf 89' lang='lat' dir='ltr'><strong>pater,</strong></span> <span class='ocrx_word' id='word_1_626' title='bbox 3388 1827 3502 1866; x_wconf 90' lang='lat' dir='ltr'><strong>eum</strong></span> <span class='ocrx_word' id='word_1_627' title='bbox 3526 1812 3604 1866; x_wconf 91' lang='lat' dir='ltr'><strong>ﬁlii</strong></span> <span class='ocrx_word' id='word_1_628' title='bbox 3627 1817 3679 1868; x_wconf 85' lang='lat' dir='ltr'><strong>ab</strong></span> <span class='ocrx_word' id='word_1_629' title='bbox 3695 1829 3742 1868; x_wconf 89' lang='lat' dir='ltr'><strong>eo</strong></span> 
     </span>
    </p>
   </div>
   <div class='ocr_carea' id='block_1_78' title="bbox 2227 1889 3740 1958">
    <p class='ocr_par' dir='ltr' id='par_1_78' title="bbox 2227 1889 3740 1958">
     <span class='ocr_line' id='line_1_78' title="bbox 2227 1889 3740 1958; baseline 0.01 -17"><span class='ocrx_word' id='word_1_630' title='bbox 2227 1889 2550 1956; x_wconf 80' lang='lat' dir='ltr'><strong>abscedunt,</strong></span> <span class='ocrx_word' id='word_1_631' title='bbox 2597 1907 2760 1948; x_wconf 90' lang='lat' dir='ltr'><strong>unum</strong></span> <span class='ocrx_word' id='word_1_632' title='bbox 2790 1909 2856 1950; x_wconf 86' lang='lat' dir='ltr'><strong>ex</strong></span> <span class='ocrx_word' id='word_1_633' title='bbox 2882 1896 2960 1951; x_wconf 92' lang='lat' dir='ltr'><strong>eis</strong></span> <span class='ocrx_word' id='word_1_634' title='bbox 2985 1897 3152 1952; x_wconf 91' lang='lat' dir='ltr'><strong>sumit</strong></span> <span class='ocrx_word' id='word_1_635' title='bbox 3177 1908 3231 1954; x_wconf 94' lang='lat' dir='ltr'><strong>et</strong></span> <span class='ocrx_word' id='word_1_636' title='bbox 3256 1901 3527 1957; x_wconf 89' lang='lat' dir='ltr'><strong>considere</strong></span> <span class='ocrx_word' id='word_1_637' title='bbox 3553 1904 3655 1958; x_wconf 89' lang='lat' dir='ltr'><strong>facit</strong></span> <span class='ocrx_word' id='word_1_638' title='bbox 3673 1920 3740 1958; x_wconf 82' lang='lat' dir='ltr'><strong>sn-</strong></span> 
     </span>
    </p>
   </div>
   <div class='ocr_carea' id='block_1_79' title="bbox 2229 1988 3740 2065">
    <p class='ocr_par' dir='ltr' id='par_1_79' title="bbox 2229 1988 3740 2065">
     <span class='ocr_line' id='line_1_79' title="bbox 2229 1988 3740 2065; baseline 0.011 -32"><span class='ocrx_word' id='word_1_639' title='bbox 2229 1995 2321 2050; x_wconf 92' lang='lat' dir='ltr'><strong>pra</strong></span> <span class='ocrx_word' id='word_1_640' title='bbox 2346 1997 2438 2035; x_wconf 90' lang='lat' dir='ltr'><strong>sua</strong></span> <span class='ocrx_word' id='word_1_641' title='bbox 2471 1998 2680 2054; x_wconf 90' lang='lat' dir='ltr'><strong>genua:</strong></span> <span class='ocrx_word' id='word_1_642' title='bbox 2713 2001 2818 2040; x_wconf 95' lang='lat' dir='ltr'><strong>non</strong></span> <span class='ocrx_word' id='word_1_643' title='bbox 2849 1988 2950 2042; x_wconf 90' lang='lat' dir='ltr'><strong>hoc</strong></span> <span class='ocrx_word' id='word_1_644' title='bbox 2981 2000 3158 2045; x_wconf 88' lang='lat' dir='ltr'><strong>autem</strong></span> <span class='ocrx_word' id='word_1_645' title='bbox 3202 1991 3331 2047; x_wconf 80' lang='lat' dir='ltr'><strong>facit</strong></span> <span class='ocrx_word' id='word_1_646' title='bbox 3375 2005 3576 2065; x_wconf 90' lang='lat' dir='ltr'><strong>propter</strong></span> <span class='ocrx_word' id='word_1_647' title='bbox 3611 1997 3740 2060; x_wconf 87' lang='lat' dir='ltr'><strong>illum,</strong></span> 
     </span>
    </p>
   </div>
   <div class='ocr_carea' id='block_1_80' title="bbox 2227 2071 3740 2158">
    <p class='ocr_par' dir='ltr' id='par_1_80' title="bbox 2227 2071 3740 2158">
     <span class='ocr_line' id='line_1_80' title="bbox 2227 2071 3740 2158; baseline 0.01 -32"><span class='ocrx_word' id='word_1_648' title='bbox 2227 2071 2320 2126; x_wconf 90' lang='lat' dir='ltr'><strong>sed</strong></span> <span class='ocrx_word' id='word_1_649' title='bbox 2347 2073 2516 2128; x_wconf 92' lang='lat' dir='ltr'><strong>multo</strong></span> <span class='ocrx_word' id='word_1_650' title='bbox 2544 2077 2709 2147; x_wconf 87' lang='lat' dir='ltr'><strong>magis</strong></span> <span class='ocrx_word' id='word_1_651' title='bbox 2757 2087 2973 2148; x_wconf 90' lang='lat' dir='ltr'><strong>propter</strong></span> <span class='ocrx_word' id='word_1_652' title='bbox 3021 2080 3185 2145; x_wconf 90' lang='lat' dir='ltr'><strong>alios,</strong></span> <span class='ocrx_word' id='word_1_653' title='bbox 3223 2094 3281 2137; x_wconf 92' lang='lat' dir='ltr'><strong>ut</strong></span> <span class='ocrx_word' id='word_1_654' title='bbox 3308 2100 3374 2139; x_wconf 92' lang='lat' dir='ltr'><strong>eo</strong></span> <span class='ocrx_word' id='word_1_655' title='bbox 3395 2086 3581 2142; x_wconf 89' lang='lat' dir='ltr'><strong>honore</strong></span> <span class='ocrx_word' id='word_1_656' title='bbox 3600 2091 3740 2158; x_wconf 79' lang='lat' dir='ltr'><strong>perciti</strong></span> 
     </span>
    </p>
   </div>
   <div class='ocr_carea' id='block_1_81' title="bbox 2226 2161 3739 2246">
    <p class='ocr_par' dir='ltr' id='par_1_81' title="bbox 2226 2161 3739 2246">
     <span class='ocr_line' id='line_1_81' title="bbox 2226 2161 3739 2246; baseline 0.011 -31"><span class='ocrx_word' id='word_1_657' title='bbox 2226 2161 2292 2216; x_wconf 90' lang='lat' dir='ltr'><strong>ad</strong></span> <span class='ocrx_word' id='word_1_658' title='bbox 2324 2173 2525 2233; x_wconf 89' lang='lat' dir='ltr'><strong>patrem</strong></span> <span class='ocrx_word' id='word_1_659' title='bbox 2546 2178 2843 2234; x_wconf 87' lang='lat' dir='ltr'><strong>accurrant,</strong></span> <span class='ocrx_word' id='word_1_660' title='bbox 2877 2170 3118 2226; x_wconf 88' lang='lat' dir='ltr'><strong>eamdem</strong></span> <span class='ocrx_word' id='word_1_661' title='bbox 3154 2173 3524 2246; x_wconf 86' lang='lat' dir='ltr'><strong>indulgentiam</strong></span> <span class='ocrx_word' id='word_1_662' title='bbox 3548 2180 3739 2233; x_wconf 86' lang='lat' dir='ltr'><strong>sensuri:</strong></span> 
     </span>
    </p>
   </div>
   <div class='ocr_carea' id='block_1_82' title="bbox 2227 2253 3742 2338">
    <p class='ocr_par' dir='ltr' id='par_1_82' title="bbox 2227 2253 3742 2338">
     <span class='ocr_line' id='line_1_82' title="bbox 2227 2253 3742 2338; baseline 0.01 -30"><span class='ocrx_word' id='word_1_663' title='bbox 2227 2253 2296 2308; x_wconf 88' lang='lat' dir='ltr'><strong>ita</strong></span> <span class='ocrx_word' id='word_1_664' title='bbox 2324 2255 2481 2310; x_wconf 89' lang='lat' dir='ltr'><strong>etiam</strong></span> <span class='ocrx_word' id='word_1_665' title='bbox 2516 2258 2654 2312; x_wconf 87' lang='lat' dir='ltr'><strong>Deus</strong></span> <span class='ocrx_word' id='word_1_666' title='bbox 2683 2259 2805 2314; x_wconf 92' lang='lat' dir='ltr'><strong>fecit</strong></span> <span class='ocrx_word' id='word_1_667' title='bbox 2831 2259 3047 2316; x_wconf 72' lang='lat' dir='ltr'><strong>Judmis.</strong></span> <span class='ocrx_word' id='word_1_668' title='bbox 3082 2263 3172 2319; x_wconf 88' lang='lat' dir='ltr'><strong>Eis</strong></span> <span class='ocrx_word' id='word_1_669' title='bbox 3197 2267 3342 2320; x_wconf 91' lang='lat' dir='ltr'><strong>enim</strong></span> <span class='ocrx_word' id='word_1_670' title='bbox 3381 2283 3482 2323; x_wconf 91' lang='lat' dir='ltr'><strong>non</strong></span> <span class='ocrx_word' id='word_1_671' title='bbox 3521 2283 3658 2338; x_wconf 86' lang='lat' dir='ltr'><strong>super</strong></span> <span class='ocrx_word' id='word_1_672' title='bbox 3677 2283 3742 2338; x_wconf 83' lang='lat' dir='ltr'><strong>ge-</strong></span> 
     </span>
    </p>
   </div>
   <div class='ocr_carea' id='block_1_83' title="bbox 2226 2347 3743 2429">
    <p class='ocr_par' dir='ltr' id='par_1_83' title="bbox 2226 2347 3743 2429">
     <span class='ocr_line' id='line_1_83' title="bbox 2226 2347 3743 2429; baseline 0.009 -30"><span class='ocrx_word' id='word_1_673' title='bbox 2226 2360 2352 2414; x_wconf 90' lang='lat' dir='ltr'><strong>nua,</strong></span> <span class='ocrx_word' id='word_1_674' title='bbox 2407 2347 2500 2402; x_wconf 90' lang='lat' dir='ltr'><strong>sed</strong></span> <span class='ocrx_word' id='word_1_675' title='bbox 2547 2364 2708 2418; x_wconf 90' lang='lat' dir='ltr'><strong>super</strong></span> <span class='ocrx_word' id='word_1_676' title='bbox 2749 2349 2985 2416; x_wconf 87' lang='lat' dir='ltr'><strong>brachia,</strong></span> <span class='ocrx_word' id='word_1_677' title='bbox 3017 2363 3074 2407; x_wconf 91' lang='lat' dir='ltr'><strong>ut</strong></span> <span class='ocrx_word' id='word_1_678' title='bbox 3103 2355 3230 2409; x_wconf 91' lang='lat' dir='ltr'><strong>dicit</strong></span> <span class='ocrx_word' id='word_1_679' title='bbox 3266 2359 3538 2428; x_wconf 86' lang='lat' dir='ltr'><strong>pr0pheta,</strong></span> <span class='ocrx_word' id='word_1_680' title='bbox 3559 2369 3605 2414; x_wconf 89' lang='lat' dir='ltr'><strong>et</strong></span> <span class='ocrx_word' id='word_1_681' title='bbox 3624 2375 3743 2429; x_wconf 77' lang='lat' dir='ltr'><strong>super</strong></span> 
     </span>
    </p>
   </div>
   <div class='ocr_carea' id='block_1_84' title="bbox 2224 2435 3742 2517">
    <p class='ocr_par' dir='ltr' id='par_1_84' title="bbox 2224 2435 3742 2517">
     <span class='ocr_line' id='line_1_84' title="bbox 2224 2435 3742 2517; baseline 0.007 -27"><span class='ocrx_word' id='word_1_682' title='bbox 2224 2435 2440 2492; x_wconf 91' lang='lat' dir='ltr'><strong>dorsum</strong></span> <span class='ocrx_word' id='word_1_683' title='bbox 2477 2441 2761 2510; x_wconf 90' lang='lat' dir='ltr'><strong>assumptis</strong></span> <span class='ocrx_word' id='word_1_684' title='bbox 2787 2441 2806 2512; x_wconf 93' lang='lat'><strong>(</strong></span> <span class='ocrx_word' id='word_1_685' title='bbox 2842 2442 2969 2498; x_wconf 84' lang='lat' dir='ltr'><strong>Osee</strong></span> <span class='ocrx_word' id='word_1_686' title='bbox 2999 2445 3083 2499; x_wconf 84' lang='grc' dir='ltr'><strong>Η.</strong></span> <span class='ocrx_word' id='word_1_687' title='bbox 3110 2446 3144 2500; x_wconf 81' lang='lat'><strong>3</strong></span> <span class='ocrx_word' id='word_1_688' title='bbox 3175 2447 3214 2513; x_wconf 92' lang='lat'><strong>),</strong></span> <span class='ocrx_word' id='word_1_689' title='bbox 3241 2461 3365 2516; x_wconf 72' lang='lat' dir='ltr'><strong>qua:</strong></span> <span class='ocrx_word' id='word_1_690' title='bbox 3388 2459 3506 2502; x_wconf 91' lang='lat' dir='ltr'><strong>sunt</strong></span> <span class='ocrx_word' id='word_1_691' title='bbox 3530 2449 3600 2504; x_wconf 89' lang='lat' dir='ltr'><strong>eis</strong></span> <span class='ocrx_word' id='word_1_692' title='bbox 3621 2464 3742 2517; x_wconf 82' lang='lat' dir='ltr'><strong>expe-</strong></span> 
     </span>
    </p>
   </div>
   <div class='ocr_carea' id='block_1_85' title="bbox 2225 2529 3743 2609">
    <p class='ocr_par' dir='ltr' id='par_1_85' title="bbox 2225 2529 3743 2609">
     <span class='ocr_line' id='line_1_85' title="bbox 2225 2529 3743 2609; baseline 0.005 -25"><span class='ocrx_word' id='word_1_693' title='bbox 2225 2529 2383 2585; x_wconf 91' lang='lat' dir='ltr'><strong>tenda</strong></span> <span class='ocrx_word' id='word_1_694' title='bbox 2430 2530 2672 2603; x_wconf 86' lang='lat' dir='ltr'><strong>largitur,</strong></span> <span class='ocrx_word' id='word_1_695' title='bbox 2709 2535 2980 2606; x_wconf 90' lang='lat' dir='ltr'><strong>templum,</strong></span> <span class='ocrx_word' id='word_1_696' title='bbox 3025 2537 3310 2604; x_wconf 89' lang='lat' dir='ltr'><strong>sacriﬁcia,</strong></span> <span class='ocrx_word' id='word_1_697' title='bbox 3343 2549 3394 2594; x_wconf 92' lang='lat' dir='ltr'><strong>et</strong></span> <span class='ocrx_word' id='word_1_698' title='bbox 3426 2556 3537 2609; x_wconf 71' lang='lat' dir='ltr'><strong>qua:</strong></span> <span class='ocrx_word' id='word_1_699' title='bbox 3569 2540 3743 2594; x_wconf 85' lang='lat' dir='ltr'><strong>maxime</strong></span> 
     </span>
    </p>
   </div>
   <div class='ocr_carea' id='block_1_86' title="bbox 2223 2623 3738 2697">
    <p class='ocr_par' dir='ltr' id='par_1_86' title="bbox 2223 2623 3738 2697">
     <span class='ocr_line' id='line_1_86' title="bbox 2223 2623 3738 2697; baseline 0.004 -21"><span class='ocrx_word' id='word_1_700' title='bbox 2223 2635 2288 2677; x_wconf 89' lang='lat' dir='ltr'><strong>ac</strong></span> <span class='ocrx_word' id='word_1_701' title='bbox 2333 2636 2455 2678; x_wconf 91' lang='lat' dir='ltr'><strong>eum</strong></span> <span class='ocrx_word' id='word_1_702' title='bbox 2500 2623 2701 2694; x_wconf 89' lang='lat' dir='ltr'><strong>majore</strong></span> <span class='ocrx_word' id='word_1_703' title='bbox 2747 2640 2871 2680; x_wconf 90' lang='lat' dir='ltr'><strong>cura</strong></span> <span class='ocrx_word' id='word_1_704' title='bbox 2919 2627 3246 2697; x_wconf 72' lang='lat' dir='ltr'><strong>quaerebant,</strong></span> <span class='ocrx_word' id='word_1_705' title='bbox 3296 2631 3352 2684; x_wconf 90' lang='lat' dir='ltr'><strong>in</strong></span> <span class='ocrx_word' id='word_1_706' title='bbox 3401 2630 3532 2686; x_wconf 87' lang='lat' dir='ltr'><strong>bello</strong></span> <span class='ocrx_word' id='word_1_707' title='bbox 3575 2630 3738 2692; x_wconf 77' lang='lat' dir='ltr'><strong>auxilia,</strong></span> 
     </span>
    </p>
   </div>
   <div class='ocr_carea' id='block_1_87' title="bbox 2223 2716 3743 2794">
    <p class='ocr_par' dir='ltr' id='par_1_87' title="bbox 2223 2716 3743 2794">
     <span class='ocr_line' id='line_1_87' title="bbox 2223 2716 3743 2794; baseline 0.003 -25"><span class='ocrx_word' id='word_1_708' title='bbox 2223 2716 2491 2783; x_wconf 88' lang='lat' dir='ltr'><strong>victorias,</strong></span> <span class='ocrx_word' id='word_1_709' title='bbox 2515 2726 2733 2788; x_wconf 67' lang='lat' dir='ltr'><strong>tropaza,</strong></span> <span class='ocrx_word' id='word_1_710' title='bbox 2763 2735 2938 2774; x_wconf 90' lang='lat' dir='ltr'><strong>rerum</strong></span> <span class='ocrx_word' id='word_1_711' title='bbox 2964 2729 3295 2776; x_wconf 90' lang='lat' dir='ltr'><strong>terrenarum</strong></span> <span class='ocrx_word' id='word_1_712' title='bbox 3339 2723 3558 2794; x_wconf 88' lang='lat' dir='ltr'><strong>copiam,</strong></span> <span class='ocrx_word' id='word_1_713' title='bbox 3592 2732 3637 2778; x_wconf 90' lang='lat' dir='ltr'><strong>et</strong></span> <span class='ocrx_word' id='word_1_714' title='bbox 3664 2721 3743 2775; x_wconf 86' lang='lat' dir='ltr'><strong>fru-</strong></span> 
     </span>
    </p>
   </div>
   <div class='ocr_carea' id='block_1_88' title="bbox 2223 2811 3741 2883">
    <p class='ocr_par' dir='ltr' id='par_1_88' title="bbox 2223 2811 3741 2883">
     <span class='ocr_line' id='line_1_88' title="bbox 2223 2811 3741 2883; baseline 0 -19"><span class='ocrx_word' id='word_1_715' title='bbox 2223 2818 2404 2865; x_wconf 92' lang='lat' dir='ltr'><strong>ctuum</strong></span> <span class='ocrx_word' id='word_1_716' title='bbox 2433 2811 2751 2866; x_wconf 89' lang='lat' dir='ltr'><strong>fertilitatem</strong></span> <span class='ocrx_word' id='word_1_717' title='bbox 2783 2812 2954 2883; x_wconf 86' lang='lat' dir='ltr'><strong>(Deut.</strong></span> <span class='ocrx_word' id='word_1_718' title='bbox 2987 2812 3056 2867; x_wconf 73' lang='lat'><strong>52</strong></span> <span class='ocrx_word' id='word_1_719' title='bbox 3107 2813 3196 2874; x_wconf 80' lang='lat' dir='ltr'><strong>tl)</strong></span> <span class='ocrx_word' id='word_1_720' title='bbox 3223 2855 3238 2880; x_wconf 92' lang='lat'><strong>,</strong></span> <span class='ocrx_word' id='word_1_721' title='bbox 3280 2816 3366 2870; x_wconf 88' lang='lat' dir='ltr'><strong>eis</strong></span> <span class='ocrx_word' id='word_1_722' title='bbox 3393 2816 3506 2870; x_wconf 90' lang='lat' dir='ltr'><strong>illos</strong></span> <span class='ocrx_word' id='word_1_723' title='bbox 3531 2815 3741 2870; x_wconf 85' lang='lat' dir='ltr'><strong>instruens</strong></span> 
     </span>
    </p>
   </div>
   <div class='ocr_carea' id='block_1_89' title="bbox 2222 2902 3742 2968">
    <p class='ocr_par' dir='ltr' id='par_1_89' title="bbox 2222 2902 3742 2968">
     <span class='ocr_line' id='line_1_89' title="bbox 2222 2902 3742 2968; baseline 0.001 -11"><span class='ocrx_word' id='word_1_724' title='bbox 2222 2909 2278 2957; x_wconf 90' lang='lat' dir='ltr'><strong>et</strong></span> <span class='ocrx_word' id='word_1_725' title='bbox 2303 2902 2599 2968; x_wconf 90' lang='lat' dir='ltr'><strong>adornans,</strong></span> <span class='ocrx_word' id='word_1_726' title='bbox 2627 2913 2678 2958; x_wconf 88' lang='lat' dir='ltr'><strong>et</strong></span> <span class='ocrx_word' id='word_1_727' title='bbox 2706 2905 2838 2958; x_wconf 91' lang='lat' dir='ltr'><strong>alios</strong></span> <span class='ocrx_word' id='word_1_728' title='bbox 2865 2904 2931 2958; x_wconf 88' lang='lat' dir='ltr'><strong>ad</strong></span> <span class='ocrx_word' id='word_1_729' title='bbox 2961 2905 3354 2961; x_wconf 74' lang='lat' dir='ltr'><strong>:emulationem</strong></span> <span class='ocrx_word' id='word_1_730' title='bbox 3383 2906 3646 2961; x_wconf 89' lang='lat' dir='ltr'><strong>adducens.</strong></span> <span class='ocrx_word' id='word_1_731' title='bbox 3667 2903 3742 2959; x_wconf 85' lang='lat' dir='ltr'><strong>Sed</strong></span> 
     </span>
    </p>
   </div>
   <div class='ocr_carea' id='block_1_90' title="bbox 2223 2994 3744 3068">
    <p class='ocr_par' dir='ltr' id='par_1_90' title="bbox 2223 2994 3744 3068">
     <span class='ocr_line' id='line_1_90' title="bbox 2223 2994 3744 3068; baseline -0.001 -20"><span class='ocrx_word' id='word_1_732' title='bbox 2223 2994 2473 3064; x_wconf 89' lang='lat' dir='ltr'><strong>quoniam</strong></span> <span class='ocrx_word' id='word_1_733' title='bbox 2505 2995 2714 3050; x_wconf 87' lang='lat' dir='ltr'><strong>evasuri</strong></span> <span class='ocrx_word' id='word_1_734' title='bbox 2740 3003 2892 3050; x_wconf 89' lang='lat' dir='ltr'><strong>erant</strong></span> <span class='ocrx_word' id='word_1_735' title='bbox 2917 2995 3164 3066; x_wconf 90' lang='lat' dir='ltr'><strong>improbi,</strong></span> <span class='ocrx_word' id='word_1_736' title='bbox 3195 2997 3239 3051; x_wconf 85' lang='lat' dir='ltr'><strong>si</strong></span> <span class='ocrx_word' id='word_1_737' title='bbox 3266 2999 3352 3052; x_wconf 88' lang='lat' dir='ltr'><strong>eis</strong></span> <span class='ocrx_word' id='word_1_738' title='bbox 3377 3007 3612 3068; x_wconf 88' lang='lat' dir='ltr'><strong>perpetuo</strong></span> <span class='ocrx_word' id='word_1_739' title='bbox 3635 2996 3744 3049; x_wconf 86' lang='lat' dir='ltr'><strong>blan-</strong></span> 
     </span>
    </p>
   </div>
   <div class='ocr_carea' id='block_1_91' title="bbox 2221 3083 3741 3158">
    <p class='ocr_par' dir='ltr' id='par_1_91' title="bbox 2221 3083 3741 3158">
     <span class='ocr_line' id='line_1_91' title="bbox 2221 3083 3741 3158; baseline -0.001 -18"><span class='ocrx_word' id='word_1_740' title='bbox 2221 3083 2447 3151; x_wconf 90' lang='lat' dir='ltr'><strong>diretur,</strong></span> <span class='ocrx_word' id='word_1_741' title='bbox 2473 3087 2617 3156; x_wconf 90' lang='lat' dir='ltr'><strong>ipsos</strong></span> <span class='ocrx_word' id='word_1_742' title='bbox 2636 3102 2846 3158; x_wconf 91' lang='lat' dir='ltr'><strong>quoque</strong></span> <span class='ocrx_word' id='word_1_743' title='bbox 2867 3102 2960 3158; x_wconf 90' lang='lat' dir='ltr'><strong>per</strong></span> <span class='ocrx_word' id='word_1_744' title='bbox 2979 3089 3234 3158; x_wconf 85' lang='lat' dir='ltr'><strong>supplicia</strong></span> <span class='ocrx_word' id='word_1_745' title='bbox 3262 3091 3582 3144; x_wconf 87' lang='lat' dir='ltr'><strong>moderatur.</strong></span> <span class='ocrx_word' id='word_1_746' title='bbox 3602 3088 3741 3157; x_wconf 77' lang='lat' dir='ltr'><strong>Magna</strong></span> 
     </span>
    </p>
   </div>
   <div class='ocr_carea' id='block_1_92' title="bbox 2221 3176 3743 3248">
    <p class='ocr_par' dir='ltr' id='par_1_92' title="bbox 2221 3176 3743 3248">
     <span class='ocr_line' id='line_1_92' title="bbox 2221 3176 3743 3248; baseline -0.002 -16"><span class='ocrx_word' id='word_1_747' title='bbox 2221 3185 2304 3232; x_wconf 89' lang='lat' dir='ltr'><strong>est</strong></span> <span class='ocrx_word' id='word_1_748' title='bbox 2328 3176 2468 3232; x_wconf 88' lang='lat' dir='ltr'><strong>enim</strong></span> <span class='ocrx_word' id='word_1_749' title='bbox 2503 3177 2593 3232; x_wconf 90' lang='lat' dir='ltr'><strong>Dei</strong></span> <span class='ocrx_word' id='word_1_750' title='bbox 2621 3178 2915 3248; x_wconf 89' lang='lat' dir='ltr'><strong>sapientia,</strong></span> <span class='ocrx_word' id='word_1_751' title='bbox 2959 3188 3014 3234; x_wconf 91' lang='lat' dir='ltr'><strong>et</strong></span> <span class='ocrx_word' id='word_1_752' title='bbox 3036 3178 3087 3233; x_wconf 92' lang='lat' dir='ltr'><strong>in</strong></span> <span class='ocrx_word' id='word_1_753' title='bbox 3114 3179 3275 3235; x_wconf 87' lang='lat' dir='ltr'><strong>rebus</strong></span> <span class='ocrx_word' id='word_1_754' title='bbox 3325 3179 3626 3235; x_wconf 88' lang='lat' dir='ltr'><strong>difﬁcillimis</strong></span> <span class='ocrx_word' id='word_1_755' title='bbox 3644 3179 3743 3230; x_wconf 76' lang='lat' dir='ltr'><strong>viam</strong></span> 
     </span>
    </p>
   </div>
   <div class='ocr_carea' id='block_1_93' title="bbox 2221 3267 2776 3338">
    <p class='ocr_par' dir='ltr' id='par_1_93' title="bbox 2221 3267 2776 3338">
     <span class='ocr_line' id='line_1_93' title="bbox 2221 3267 2776 3338; baseline 0.002 -15"><span class='ocrx_word' id='word_1_756' title='bbox 2221 3267 2527 3338; x_wconf 81' lang='lat' dir='ltr'><strong>exitumque</strong></span> <span class='ocrx_word' id='word_1_757' title='bbox 2554 3268 2776 3324; x_wconf 90' lang='lat' dir='ltr'><strong>invenit.</strong></span> 
     </span>
    </p>
   </div>
   <div class='ocr_carea' id='block_1_94' title="bbox 2296 3357 3744 3432">
    <p class='ocr_par' dir='ltr' id='par_1_94' title="bbox 2296 3357 3744 3432">
     <span class='ocr_line' id='line_1_94' title="bbox 2296 3357 3744 3432; baseline -0.004 -19"><span class='ocrx_word' id='word_1_758' title='bbox 2296 3357 2352 3413; x_wconf 75' lang='grc'><strong>4.</strong></span> <span class='ocrx_word' id='word_1_759' title='bbox 2386 3357 2715 3413; x_wconf 77' lang='lat' dir='ltr'><strong>Providentia</strong></span> <span class='ocrx_word' id='word_1_760' title='bbox 2738 3357 2834 3413; x_wconf 84' lang='lat' dir='ltr'><strong>Dei</strong></span> <span class='ocrx_word' id='word_1_761' title='bbox 2859 3358 2926 3413; x_wconf 89' lang='lat' dir='ltr'><strong>ad</strong></span> <span class='ocrx_word' id='word_1_762' title='bbox 2944 3359 3113 3414; x_wconf 86' lang='lat' dir='ltr'><strong>omnia</strong></span> <span class='ocrx_word' id='word_1_763' title='bbox 3128 3361 3379 3432; x_wconf 85' lang='lat' dir='ltr'><strong>pertinet.</strong></span> <span class='ocrx_word' id='word_1_764' title='bbox 3398 3360 3588 3416; x_wconf 78' lang='lat' dir='ltr'><strong>—Vide</strong></span> <span class='ocrx_word' id='word_1_765' title='bbox 3611 3367 3744 3411; x_wconf 73' lang='lat' dir='ltr'><strong>autem</strong></span> 
     </span>
    </p>
   </div>
   <div class='ocr_carea' id='block_1_95' title="bbox 2221 3446 3744 3521">
    <p class='ocr_par' dir='ltr' id='par_1_95' title="bbox 2221 3446 3744 3521">
     <span class='ocr_line' id='line_1_95' title="bbox 2221 3446 3744 3521; baseline -0.004 -16"><span class='ocrx_word' id='word_1_766' title='bbox 2221 3449 2494 3520; x_wconf 72' lang='lat' dir='ltr'><strong>propheta:</strong></span> <span class='ocrx_word' id='word_1_767' title='bbox 2533 3449 2888 3520; x_wconf 78' lang='lat' dir='ltr'><strong>prudentiam,</strong></span> <span class='ocrx_word' id='word_1_768' title='bbox 2917 3450 3005 3520; x_wconf 91' lang='lat' dir='ltr'><strong>qui</strong></span> <span class='ocrx_word' id='word_1_769' title='bbox 3044 3466 3073 3504; x_wconf 89' lang='lat' dir='ltr'><strong>a</strong></span> <span class='ocrx_word' id='word_1_770' title='bbox 3101 3451 3446 3521; x_wconf 85' lang='lat' dir='ltr'><strong>generalibus</strong></span> <span class='ocrx_word' id='word_1_771' title='bbox 3468 3451 3532 3506; x_wconf 88' lang='lat' dir='ltr'><strong>ad</strong></span> <span class='ocrx_word' id='word_1_772' title='bbox 3557 3453 3653 3504; x_wconf 76' lang='lat' dir='ltr'><strong>lucc</strong></span> <span class='ocrx_word' id='word_1_773' title='bbox 3672 3446 3744 3500; x_wconf 76' lang='lat' dir='ltr'><strong>tle-</strong></span> 
     </span>
    </p>
   </div>
   <div class='ocr_carea' id='block_1_96' title="bbox 2219 3543 3744 3614">
    <p class='ocr_par' dir='ltr' id='par_1_96' title="bbox 2219 3543 3744 3614">
     <span class='ocr_line' id='line_1_96' title="bbox 2219 3543 3744 3614; baseline -0.007 -14"><span class='ocrx_word' id='word_1_774' title='bbox 2219 3545 2370 3600; x_wconf 80' lang='lat' dir='ltr'><strong>duxit</strong></span> <span class='ocrx_word' id='word_1_775' title='bbox 2398 3545 2694 3600; x_wconf 88' lang='lat' dir='ltr'><strong>orationem</strong></span> <span class='ocrx_word' id='word_1_776' title='bbox 2725 3562 2740 3598; x_wconf 88' lang='lat'><strong>:</strong></span> <span class='ocrx_word' id='word_1_777' title='bbox 2788 3559 2858 3600; x_wconf 91' lang='lat' dir='ltr'><strong>ne</strong></span> <span class='ocrx_word' id='word_1_778' title='bbox 2900 3544 3022 3614; x_wconf 90' lang='lat' dir='ltr'><strong>quis</strong></span> <span class='ocrx_word' id='word_1_779' title='bbox 3057 3545 3199 3600; x_wconf 90' lang='lat' dir='ltr'><strong>enim</strong></span> <span class='ocrx_word' id='word_1_780' title='bbox 3245 3546 3441 3600; x_wconf 88' lang='lat' dir='ltr'><strong>stultus</strong></span> <span class='ocrx_word' id='word_1_781' title='bbox 3471 3543 3744 3599; x_wconf 81' lang='lat' dir='ltr'><strong>existimaret</strong></span> 
     </span>
    </p>
   </div>
   <div class='ocr_carea' id='block_1_97' title="bbox 2226 3633 3745 3710">
    <p class='ocr_par' dir='ltr' id='par_1_97' title="bbox 2226 3633 3745 3710">
     <span class='ocr_line' id='line_1_97' title="bbox 2226 3633 3745 3710; baseline -0.007 -17"><span class='ocrx_word' id='word_1_782' title='bbox 2226 3639 2317 3694; x_wconf 88' lang='lat' dir='ltr'><strong>Dei</strong></span> <span class='ocrx_word' id='word_1_783' title='bbox 2349 3638 2730 3710; x_wconf 88' lang='lat' dir='ltr'><strong>providentiam</strong></span> <span class='ocrx_word' id='word_1_784' title='bbox 2757 3637 2956 3692; x_wconf 86' lang='lat' dir='ltr'><strong>versari</strong></span> <span class='ocrx_word' id='word_1_785' title='bbox 2987 3637 3037 3690; x_wconf 91' lang='lat' dir='ltr'><strong>in</strong></span> <span class='ocrx_word' id='word_1_786' title='bbox 3060 3636 3450 3706; x_wconf 86' lang='lat' dir='ltr'><strong>singularibus,</strong></span> <span class='ocrx_word' id='word_1_787' title='bbox 3471 3633 3659 3707; x_wconf 87' lang='lat' dir='ltr'><strong>quando</strong></span> <span class='ocrx_word' id='word_1_788' title='bbox 3681 3643 3745 3682; x_wconf 54' lang='lat' dir='ltr'><strong>vc.</strong></span> 
     </span>
    </p>
   </div>
   <div class='ocr_carea' id='block_1_98' title="bbox 2221 3724 3742 3801">
    <p class='ocr_par' dir='ltr' id='par_1_98' title="bbox 2221 3724 3742 3801">
     <span class='ocr_line' id='line_1_98' title="bbox 2221 3724 3742 3801; baseline -0.011 -14"><span class='ocrx_word' id='word_1_789' title='bbox 2221 3732 2299 3787; x_wconf 91' lang='lat' dir='ltr'><strong>nit</strong></span> <span class='ocrx_word' id='word_1_790' title='bbox 2345 3729 2410 3786; x_wconf 90' lang='lat' dir='ltr'><strong>ad</strong></span> <span class='ocrx_word' id='word_1_791' title='bbox 2455 3730 2740 3801; x_wconf 86' lang='lat' dir='ltr'><strong>generalia,</strong></span> <span class='ocrx_word' id='word_1_792' title='bbox 2770 3736 2896 3783; x_wconf 91' lang='lat' dir='ltr'><strong>tune</strong></span> <span class='ocrx_word' id='word_1_793' title='bbox 2941 3727 3056 3783; x_wconf 79' lang='lat' dir='ltr'><strong>lucc</strong></span> <span class='ocrx_word' id='word_1_794' title='bbox 3095 3743 3309 3798; x_wconf 89' lang='lat' dir='ltr'><strong>quoque</strong></span> <span class='ocrx_word' id='word_1_795' title='bbox 3338 3727 3540 3796; x_wconf 88' lang='lat' dir='ltr'><strong>attingit</strong></span> <span class='ocrx_word' id='word_1_796' title='bbox 3563 3724 3742 3779; x_wconf 82' lang='lat' dir='ltr'><strong>dicens:</strong></span> 
     </span>
    </p>
   </div>
   <div class='ocr_carea' id='block_1_99' title="bbox 2226 3811 3746 3894">
    <p class='ocr_par' dir='ltr' id='par_1_99' title="bbox 2226 3811 3746 3894">
     <span class='ocr_line' id='line_1_99' title="bbox 2226 3811 3746 3894; baseline -0.007 -16"><span class='ocrx_word' id='word_1_797' title='bbox 2226 3825 2326 3893; x_wconf 84' lang='lat' dir='ltr'><strong>Qui</strong></span> <span class='ocrx_word' id='word_1_798' title='bbox 2357 3823 2598 3894; x_wconf 84' lang='lat' dir='ltr'><strong>percussit</strong></span> <span class='ocrx_word' id='word_1_799' title='bbox 2640 3822 2968 3893; x_wconf 87' lang='lat' dir='ltr'><strong>primogenita</strong></span> <span class='ocrx_word' id='word_1_800' title='bbox 2996 3819 3232 3892; x_wconf 61' lang='lat' dir='ltr'><strong>nggpti.</strong></span> <span class='ocrx_word' id='word_1_801' title='bbox 3283 3821 3477 3875; x_wconf 79' lang='lat' dir='ltr'><strong>Annon</strong></span> <span class='ocrx_word' id='word_1_802' title='bbox 3516 3816 3648 3872; x_wconf 84' lang='lat' dir='ltr'><strong>vobis</strong></span> <span class='ocrx_word' id='word_1_803' title='bbox 3687 3811 3746 3863; x_wconf 71' lang='lat' dir='ltr'><strong>vi-</strong></span> 
     </span>
    </p>
   </div>
   <div class='ocr_carea' id='block_1_100' title="bbox 2220 3900 3744 3984">
    <p class='ocr_par' dir='ltr' id='par_1_100' title="bbox 2220 3900 3744 3984">
     <span class='ocr_line' id='line_1_100' title="bbox 2220 3900 3744 3984; baseline -0.01 -13"><span class='ocrx_word' id='word_1_804' title='bbox 2220 3915 2416 3972; x_wconf 85' lang='lat' dir='ltr'><strong>dentur</strong></span> <span class='ocrx_word' id='word_1_805' title='bbox 2463 3915 2579 3970; x_wconf 70' lang='lat' dir='ltr'><strong>haec</strong></span> <span class='ocrx_word' id='word_1_806' title='bbox 2627 3915 2793 3984; x_wconf 87' lang='lat' dir='ltr'><strong>magis</strong></span> <span class='ocrx_word' id='word_1_807' title='bbox 2840 3911 2976 3966; x_wconf 46' lang='lat' dir='ltr'><strong>facta</strong></span> <span class='ocrx_word' id='word_1_808' title='bbox 3013 3927 3133 3967; x_wconf 90' lang='lat' dir='ltr'><strong>esse</strong></span> <span class='ocrx_word' id='word_1_809' title='bbox 3180 3921 3402 3981; x_wconf 85' lang='lat' dir='ltr'><strong>prOpter</strong></span> <span class='ocrx_word' id='word_1_810' title='bbox 3445 3903 3672 3965; x_wconf 73' lang='lat' dir='ltr'><strong>Judaros?</strong></span> <span class='ocrx_word' id='word_1_811' title='bbox 3705 3900 3744 3952; x_wconf 77' lang='lat' dir='ltr'><strong>Si</strong></span> 
     </span>
    </p>
   </div>
   <div class='ocr_carea' id='block_1_101' title="bbox 2222 3994 3746 4078">
    <p class='ocr_par' dir='ltr' id='par_1_101' title="bbox 2222 3994 3746 4078">
     <span class='ocr_line' id='line_1_101' title="bbox 2222 3994 3746 4078; baseline -0.005 -15"><span class='ocrx_word' id='word_1_812' title='bbox 2222 4007 2380 4078; x_wconf 89' lang='lat' dir='ltr'><strong>igitur</strong></span> <span class='ocrx_word' id='word_1_813' title='bbox 2394 4006 2698 4071; x_wconf 91' lang='lat' dir='ltr'><strong>ostendero,</strong></span> <span class='ocrx_word' id='word_1_814' title='bbox 2732 4004 2846 4061; x_wconf 68' lang='lat' dir='ltr'><strong>haec</strong></span> <span class='ocrx_word' id='word_1_815' title='bbox 2867 4019 3077 4075; x_wconf 90' lang='lat' dir='ltr'><strong>quoque</strong></span> <span class='ocrx_word' id='word_1_816' title='bbox 3103 4005 3233 4059; x_wconf 85' lang='lat' dir='ltr'><strong>facta</strong></span> <span class='ocrx_word' id='word_1_817' title='bbox 3258 4018 3379 4059; x_wconf 87' lang='lat' dir='ltr'><strong>esse</strong></span> <span class='ocrx_word' id='word_1_818' title='bbox 3410 4008 3610 4072; x_wconf 85' lang='lat' dir='ltr'><strong>propter</strong></span> <span class='ocrx_word' id='word_1_819' title='bbox 3629 3994 3746 4055; x_wconf 72' lang='lat' dir='ltr'><strong>alios.</strong></span> 
     </span>
    </p>
   </div>
   <div class='ocr_carea' id='block_1_102' title="bbox 2221 4088 3749 4172">
    <p class='ocr_par' dir='ltr' id='par_1_102' title="bbox 2221 4088 3749 4172">
     <span class='ocr_line' id='line_1_102' title="bbox 2221 4088 3749 4172; baseline -0.008 -18"><span class='ocrx_word' id='word_1_820' title='bbox 2221 4101 2347 4172; x_wconf 92' lang='lat' dir='ltr'><strong>quid</strong></span> <span class='ocrx_word' id='word_1_821' title='bbox 2376 4101 2556 4156; x_wconf 88' lang='lat' dir='ltr'><strong>dicent</strong></span> <span class='ocrx_word' id='word_1_822' title='bbox 2580 4100 2619 4156; x_wconf 90' lang='lat' dir='ltr'><strong>ii</strong></span> <span class='ocrx_word' id='word_1_823' title='bbox 2648 4101 2738 4172; x_wconf 89' lang='lat' dir='ltr'><strong>qui</strong></span> <span class='ocrx_word' id='word_1_824' title='bbox 2763 4098 3009 4156; x_wconf 81' lang='lat' dir='ltr'><strong>effutiunt</strong></span> <span class='ocrx_word' id='word_1_825' title='bbox 3038 4101 3128 4156; x_wconf 92' lang='lat' dir='ltr'><strong>Dei</strong></span> <span class='ocrx_word' id='word_1_826' title='bbox 3163 4099 3542 4170; x_wconf 88' lang='lat' dir='ltr'><strong>providentiam</strong></span> <span class='ocrx_word' id='word_1_827' title='bbox 3577 4093 3634 4148; x_wconf 90' lang='lat' dir='ltr'><strong>ad</strong></span> <span class='ocrx_word' id='word_1_828' title='bbox 3664 4088 3749 4144; x_wconf 84' lang='lat' dir='ltr'><strong>uni-</strong></span> 
     </span>
    </p>
   </div>
   <div class='ocr_carea' id='block_1_103' title="bbox 2223 4184 3748 4263">
    <p class='ocr_par' dir='ltr' id='par_1_103' title="bbox 2223 4184 3748 4263">
     <span class='ocr_line' id='line_1_103' title="bbox 2223 4184 3748 4263; baseline -0.009 -17"><span class='ocrx_word' id='word_1_829' title='bbox 2223 4207 2376 4248; x_wconf 87' lang='lat' dir='ltr'><strong>versa</strong></span> <span class='ocrx_word' id='word_1_830' title='bbox 2418 4195 2638 4251; x_wconf 77' lang='lat' dir='ltr'><strong>minime</strong></span> <span class='ocrx_word' id='word_1_831' title='bbox 2667 4194 2984 4263; x_wconf 83' lang='lat' dir='ltr'><strong>pertinere?</strong></span> <span class='ocrx_word' id='word_1_832' title='bbox 3023 4192 3307 4258; x_wconf 87' lang='lat' dir='ltr'><strong>Quomodo</strong></span> <span class='ocrx_word' id='word_1_833' title='bbox 3345 4206 3472 4262; x_wconf 87' lang='lat' dir='ltr'><strong>ergo</strong></span> <span class='ocrx_word' id='word_1_834' title='bbox 3499 4193 3654 4260; x_wconf 85' lang='lat' dir='ltr'><strong>potest</strong></span> <span class='ocrx_word' id='word_1_835' title='bbox 3676 4184 3748 4235; x_wconf 82' lang='lat' dir='ltr'><strong>hoc</strong></span> 
     </span>
    </p>
   </div>
   <div class='ocr_carea' id='block_1_104' title="bbox 2223 4280 3750 4344">
    <p class='ocr_par' dir='ltr' id='par_1_104' title="bbox 2223 4280 3750 4344">
     <span class='ocr_line' id='line_1_104' title="bbox 2223 4280 3750 4344; baseline -0.006 -4"><span class='ocrx_word' id='word_1_836' title='bbox 2223 4284 2466 4340; x_wconf 81' lang='lat' dir='ltr'><strong>ostendi?</strong></span> <span class='ocrx_word' id='word_1_837' title='bbox 2493 4283 2653 4341; x_wconf 87' lang='lat' dir='ltr'><strong>Certe</strong></span> <span class='ocrx_word' id='word_1_838' title='bbox 2676 4285 2869 4340; x_wconf 88' lang='lat' dir='ltr'><strong>sufﬁcit</strong></span> <span class='ocrx_word' id='word_1_839' title='bbox 2894 4300 2922 4338; x_wconf 90' lang='lat' dir='ltr'><strong>a</strong></span> <span class='ocrx_word' id='word_1_840' title='bbox 2955 4285 3064 4340; x_wconf 88' lang='lat' dir='ltr'><strong>Deo</strong></span> <span class='ocrx_word' id='word_1_841' title='bbox 3087 4285 3360 4340; x_wconf 88' lang='lat' dir='ltr'><strong>enuntiata</strong></span> <span class='ocrx_word' id='word_1_842' title='bbox 3387 4280 3633 4339; x_wconf 88' lang='lat' dir='ltr'><strong>sententia</strong></span> <span class='ocrx_word' id='word_1_843' title='bbox 3663 4287 3750 4344; x_wconf 71' lang='lat' dir='ltr'><strong>qum</strong></span> 
     </span>
    </p>
   </div>
   <div class='ocr_carea' id='block_1_105' title="bbox 2224 4366 3750 4448">
    <p class='ocr_par' dir='ltr' id='par_1_105' title="bbox 2224 4366 3750 4448">
     <span class='ocr_line' id='line_1_105' title="bbox 2224 4366 3750 4448; baseline -0.005 -16"><span class='ocrx_word' id='word_1_844' title='bbox 2224 4376 2327 4432; x_wconf 87' lang='lat' dir='ltr'><strong>hoc</strong></span> <span class='ocrx_word' id='word_1_845' title='bbox 2363 4376 2644 4448; x_wconf 90' lang='lat' dir='ltr'><strong>signiﬁcat,</strong></span> <span class='ocrx_word' id='word_1_846' title='bbox 2674 4385 2729 4432; x_wconf 89' lang='lat' dir='ltr'><strong>et</strong></span> <span class='ocrx_word' id='word_1_847' title='bbox 2776 4377 2942 4432; x_wconf 91' lang='lat' dir='ltr'><strong>dicit:</strong></span> <span class='ocrx_word' id='word_1_848' title='bbox 2989 4376 3058 4432; x_wconf 83' lang='lat' dir='ltr'><strong>Ut</strong></span> <span class='ocrx_word' id='word_1_849' title='bbox 3094 4376 3356 4430; x_wconf 85' lang='lat' dir='ltr'><strong>ostendam</strong></span> <span class='ocrx_word' id='word_1_850' title='bbox 3381 4376 3434 4428; x_wconf 88' lang='lat' dir='ltr'><strong>in</strong></span> <span class='ocrx_word' id='word_1_851' title='bbox 3459 4385 3503 4428; x_wconf 84' lang='lat' dir='ltr'><strong>te</strong></span> <span class='ocrx_word' id='word_1_852' title='bbox 3530 4366 3750 4442; x_wconf 65' lang='lat' dir='ltr'><strong>potentiam</strong></span> 
     </span>
    </p>
   </div>
   <div class='ocr_carea' id='block_1_106' title="bbox 2225 4466 3753 4535">
    <p class='ocr_par' dir='ltr' id='par_1_106' title="bbox 2225 4466 3753 4535">
     <span class='ocr_line' id='line_1_106' title="bbox 2225 4466 3753 4535; baseline -0.006 -13"><span class='ocrx_word' id='word_1_853' title='bbox 2225 4484 2410 4535; x_wconf 84' lang='lat' dir='ltr'><strong>meam,</strong></span> <span class='ocrx_word' id='word_1_854' title='bbox 2436 4477 2486 4523; x_wconf 85' lang='lat' dir='ltr'><strong>et</strong></span> <span class='ocrx_word' id='word_1_855' title='bbox 2511 4477 2564 4522; x_wconf 77' lang='lat' dir='ltr'><strong>ut</strong></span> <span class='ocrx_word' id='word_1_856' title='bbox 2595 4468 2922 4522; x_wconf 78' lang='lat' dir='ltr'><strong>annuntietur</strong></span> <span class='ocrx_word' id='word_1_857' title='bbox 2946 4483 3126 4521; x_wconf 84' lang='lat' dir='ltr'><strong>nomen</strong></span> <span class='ocrx_word' id='word_1_858' title='bbox 3155 4483 3320 4520; x_wconf 87' lang='lat' dir='ltr'><strong>meum</strong></span> <span class='ocrx_word' id='word_1_859' title='bbox 3346 4467 3398 4520; x_wconf 86' lang='lat' dir='ltr'><strong>in</strong></span> <span class='ocrx_word' id='word_1_860' title='bbox 3420 4466 3634 4520; x_wconf 74' lang='lat' dir='ltr'><strong>universa</strong></span> <span class='ocrx_word' id='word_1_861' title='bbox 3652 4468 3753 4509; x_wconf 77' lang='grc' dir='ltr'><strong>ιεπα</strong></span> 
     </span>
    </p>
   </div>
   <div class='ocr_carea' id='block_1_107' title="bbox 2225 4547 3752 4636">
    <p class='ocr_par' dir='ltr' id='par_1_107' title="bbox 2225 4547 3752 4636">
     <span class='ocr_line' id='line_1_107' title="bbox 2225 4547 3752 4636; baseline -0.015 -19"><span class='ocrx_word' id='word_1_862' title='bbox 2225 4562 2418 4636; x_wconf 77' lang='lat' dir='ltr'><strong>(Exod.</strong></span> <span class='ocrx_word' id='word_1_863' title='bbox 2463 4562 2516 4618; x_wconf 89' lang='lat'><strong>9.</strong></span> <span class='ocrx_word' id='word_1_864' title='bbox 2565 4561 2668 4626; x_wconf 79' lang='lat' dir='ltr'><strong>l6;</strong></span> <span class='ocrx_word' id='word_1_865' title='bbox 2707 4560 2859 4616; x_wconf 84' lang='lat' dir='ltr'><strong>Rom.</strong></span> <span class='ocrx_word' id='word_1_866' title='bbox 2900 4559 3095 4627; x_wconf 77' lang='lat'><strong>9.17).</strong></span> <span class='ocrx_word' id='word_1_867' title='bbox 3153 4557 3338 4614; x_wconf 83' lang='lat' dir='ltr'><strong>Vidisti</strong></span> <span class='ocrx_word' id='word_1_868' title='bbox 3390 4565 3604 4611; x_wconf 89' lang='lat' dir='ltr'><strong>mortem</strong></span> <span class='ocrx_word' id='word_1_869' title='bbox 3645 4547 3752 4602; x_wconf 87' lang='lat' dir='ltr'><strong>illam</strong></span> 
     </span>
    </p>
   </div>
   <div class='ocr_carea' id='block_1_108' title="bbox 2225 4637 3755 4723">
    <p class='ocr_par' dir='ltr' id='par_1_108' title="bbox 2225 4637 3755 4723">
     <span class='ocr_line' id='line_1_108' title="bbox 2225 4637 3755 4723; baseline -0.012 -13"><span class='ocrx_word' id='word_1_870' title='bbox 2225 4654 2388 4710; x_wconf 89' lang='lat' dir='ltr'><strong>fuisse</strong></span> <span class='ocrx_word' id='word_1_871' title='bbox 2416 4653 2747 4723; x_wconf 89' lang='lat' dir='ltr'><strong>evangelium</strong></span> <span class='ocrx_word' id='word_1_872' title='bbox 2769 4695 2783 4718; x_wconf 96' lang='lat'><strong>,</strong></span> <span class='ocrx_word' id='word_1_873' title='bbox 2816 4661 2870 4706; x_wconf 87' lang='lat' dir='ltr'><strong>et</strong></span> <span class='ocrx_word' id='word_1_874' title='bbox 2905 4653 3109 4722; x_wconf 87' lang='lat' dir='ltr'><strong>plagam</strong></span> <span class='ocrx_word' id='word_1_875' title='bbox 3140 4651 3280 4704; x_wconf 89' lang='lat' dir='ltr'><strong>illam</strong></span> <span class='ocrx_word' id='word_1_876' title='bbox 3317 4649 3565 4703; x_wconf 90' lang='lat' dir='ltr'><strong>divinitus</strong></span> <span class='ocrx_word' id='word_1_877' title='bbox 3594 4637 3755 4697; x_wconf 82' lang='lat' dir='ltr'><strong>immis-</strong></span> 
     </span>
    </p>
   </div>
   <div class='ocr_carea' id='block_1_109' title="bbox 2226 4729 3755 4813">
    <p class='ocr_par' dir='ltr' id='par_1_109' title="bbox 2226 4729 3755 4813">
     <span class='ocr_line' id='line_1_109' title="bbox 2226 4729 3755 4813; baseline -0.013 -14"><span class='ocrx_word' id='word_1_878' title='bbox 2226 4760 2339 4799; x_wconf 89' lang='lat' dir='ltr'><strong>sam</strong></span> <span class='ocrx_word' id='word_1_879' title='bbox 2380 4743 2542 4799; x_wconf 89' lang='lat' dir='ltr'><strong>fuisse</strong></span> <span class='ocrx_word' id='word_1_880' title='bbox 2574 4743 3026 4813; x_wconf 73' lang='lat' dir='ltr'><strong>prmdicationem,</strong></span> <span class='ocrx_word' id='word_1_881' title='bbox 3052 4750 3110 4796; x_wconf 92' lang='lat' dir='ltr'><strong>ut</strong></span> <span class='ocrx_word' id='word_1_882' title='bbox 3133 4756 3252 4810; x_wconf 68' lang='lat' dir='ltr'><strong>qua:</strong></span> <span class='ocrx_word' id='word_1_883' title='bbox 3278 4740 3471 4810; x_wconf 90' lang='lat' dir='ltr'><strong>ubique</strong></span> <span class='ocrx_word' id='word_1_884' title='bbox 3496 4729 3755 4808; x_wconf 80' lang='lat' dir='ltr'><strong>pervaderet</strong></span> 
     </span>
    </p>
   </div>
   <div class='ocr_carea' id='block_1_110' title="bbox 2227 4817 3758 4904">
    <p class='ocr_par' dir='ltr' id='par_1_110' title="bbox 2227 4817 3758 4904">
     <span class='ocr_line' id='line_1_110' title="bbox 2227 4817 3758 4904; baseline -0.011 -14"><span class='ocrx_word' id='word_1_885' title='bbox 2227 4845 2283 4890; x_wconf 90' lang='lat' dir='ltr'><strong>et</strong></span> <span class='ocrx_word' id='word_1_886' title='bbox 2335 4834 2425 4889; x_wconf 90' lang='lat' dir='ltr'><strong>Dei</strong></span> <span class='ocrx_word' id='word_1_887' title='bbox 2478 4833 2765 4904; x_wconf 91' lang='lat' dir='ltr'><strong>potentiam</strong></span> <span class='ocrx_word' id='word_1_888' title='bbox 2817 4831 3173 4902; x_wconf 66' lang='lat' dir='ltr'><strong>praedicaret?</strong></span> <span class='ocrx_word' id='word_1_889' title='bbox 3224 4831 3462 4888; x_wconf 89' lang='lat' dir='ltr'><strong>Universi</strong></span> <span class='ocrx_word' id='word_1_890' title='bbox 3503 4841 3618 4896; x_wconf 90' lang='lat' dir='ltr'><strong>ergo</strong></span> <span class='ocrx_word' id='word_1_891' title='bbox 3643 4817 3758 4875; x_wconf 70' lang='lat' dir='ltr'><strong>orbis</strong></span> 
     </span>
    </p>
   </div>
   <div class='ocr_carea' id='block_1_111' title="bbox 2229 4917 3755 4995">
    <p class='ocr_par' dir='ltr' id='par_1_111' title="bbox 2229 4917 3755 4995">
     <span class='ocr_line' id='line_1_111' title="bbox 2229 4917 3755 4995; baseline -0.011 -15"><span class='ocrx_word' id='word_1_892' title='bbox 2229 4935 2490 4980; x_wconf 84' lang='lat' dir='ltr'><strong>terrarum</strong></span> <span class='ocrx_word' id='word_1_893' title='bbox 2517 4939 2700 4980; x_wconf 90' lang='lat' dir='ltr'><strong>curam</strong></span> <span class='ocrx_word' id='word_1_894' title='bbox 2728 4924 2883 4995; x_wconf 85' lang='lat' dir='ltr'><strong>gerit,</strong></span> <span class='ocrx_word' id='word_1_895' title='bbox 2925 4926 3086 4978; x_wconf 84' lang='lat' dir='ltr'><strong>etiam</strong></span> <span class='ocrx_word' id='word_1_896' title='bbox 3125 4921 3337 4994; x_wconf 89' lang='lat' dir='ltr'><strong>quando</strong></span> <span class='ocrx_word' id='word_1_897' title='bbox 3379 4937 3466 4978; x_wconf 84' lang='lat' dir='ltr'><strong>res</strong></span> <span class='ocrx_word' id='word_1_898' title='bbox 3500 4917 3755 4975; x_wconf 70' lang='lat' dir='ltr'><strong>Judazorum</strong></span> 
     </span>
    </p>
   </div>
   <div class='ocr_carea' id='block_1_112' title="bbox 2226 5003 3758 5088">
    <p class='ocr_par' dir='ltr' id='par_1_112' title="bbox 2226 5003 3758 5088">
     <span class='ocr_line' id='line_1_112' title="bbox 2226 5003 3758 5088; baseline -0.007 -16"><span class='ocrx_word' id='word_1_899' title='bbox 2226 5018 2583 5072; x_wconf 88' lang='lat' dir='ltr'><strong>administrat.</strong></span> <span class='ocrx_word' id='word_1_900' title='bbox 2613 5017 2770 5088; x_wconf 82' lang='lat' dir='ltr'><strong>Atqui</strong></span> <span class='ocrx_word' id='word_1_901' title='bbox 2813 5017 3102 5086; x_wconf 89' lang='lat' dir='ltr'><strong>potentiam</strong></span> <span class='ocrx_word' id='word_1_902' title='bbox 3147 5031 3296 5072; x_wconf 88' lang='lat' dir='ltr'><strong>suam</strong></span> <span class='ocrx_word' id='word_1_903' title='bbox 3324 5015 3451 5070; x_wconf 91' lang='lat' dir='ltr'><strong>olim</strong></span> <span class='ocrx_word' id='word_1_904' title='bbox 3481 5023 3668 5084; x_wconf 91' lang='lat' dir='ltr'><strong>quoquc</strong></span> <span class='ocrx_word' id='word_1_905' title='bbox 3691 5003 3758 5056; x_wconf 81' lang='lat' dir='ltr'><strong>de-</strong></span> 
     </span>
    </p>
   </div>
   <div class='ocr_carea' id='block_1_113' title="bbox 2227 5103 3759 5182">
    <p class='ocr_par' dir='ltr' id='par_1_113' title="bbox 2227 5103 3759 5182">
     <span class='ocr_line' id='line_1_113' title="bbox 2227 5103 3759 5182; baseline -0.008 -14"><span class='ocrx_word' id='word_1_906' title='bbox 2227 5113 2480 5178; x_wconf 89' lang='lat' dir='ltr'><strong>claravit,</strong></span> <span class='ocrx_word' id='word_1_907' title='bbox 2527 5122 2583 5167; x_wconf 91' lang='lat' dir='ltr'><strong>ut</strong></span> <span class='ocrx_word' id='word_1_908' title='bbox 2626 5113 2677 5166; x_wconf 90' lang='lat' dir='ltr'><strong>in</strong></span> <span class='ocrx_word' id='word_1_909' title='bbox 2703 5110 2924 5182; x_wconf 67' lang='lat' dir='ltr'><strong>Ioseph,</strong></span> <span class='ocrx_word' id='word_1_910' title='bbox 2974 5119 3032 5165; x_wconf 91' lang='lat' dir='ltr'><strong>ut</strong></span> <span class='ocrx_word' id='word_1_911' title='bbox 3081 5111 3135 5166; x_wconf 89' lang='lat' dir='ltr'><strong>in</strong></span> <span class='ocrx_word' id='word_1_912' title='bbox 3185 5108 3473 5174; x_wconf 84' lang='lat' dir='ltr'><strong>Abraham,</strong></span> <span class='ocrx_word' id='word_1_913' title='bbox 3525 5103 3610 5160; x_wconf 89' lang='lat' dir='ltr'><strong>sed</strong></span> <span class='ocrx_word' id='word_1_914' title='bbox 3652 5105 3759 5152; x_wconf 70' lang='lat' dir='ltr'><strong>nunc</strong></span> 
     </span>
    </p>
   </div>
   <div class='ocr_carea' id='block_1_114' title="bbox 2231 5181 3760 5272">
    <p class='ocr_par' dir='ltr' id='par_1_114' title="bbox 2231 5181 3760 5272">
     <span class='ocr_line' id='line_1_114' title="bbox 2231 5181 3760 5272; baseline -0.014 -14"><span class='ocrx_word' id='word_1_915' title='bbox 2231 5213 2407 5258; x_wconf 88' lang='lat' dir='ltr'><strong>tamen</strong></span> <span class='ocrx_word' id='word_1_916' title='bbox 2443 5203 2696 5272; x_wconf 85' lang='lat' dir='ltr'><strong>apertius.</strong></span> <span class='ocrx_word' id='word_1_917' title='bbox 2725 5181 3040 5268; x_wconf 86' lang='lat' dir='ltr'><strong>Quomodo?</strong></span> <span class='ocrx_word' id='word_1_918' title='bbox 3079 5201 3228 5256; x_wconf 90' lang='lat' dir='ltr'><strong>Tune</strong></span> <span class='ocrx_word' id='word_1_919' title='bbox 3251 5197 3461 5269; x_wconf 89' lang='lat' dir='ltr'><strong>quidem</strong></span> <span class='ocrx_word' id='word_1_920' title='bbox 3493 5210 3580 5265; x_wconf 91' lang='lat' dir='ltr'><strong>per</strong></span> <span class='ocrx_word' id='word_1_921' title='bbox 3602 5181 3760 5244; x_wconf 83' lang='lat' dir='ltr'><strong>beneﬁ-</strong></span> 
     </span>
    </p>
   </div>
   <div class='ocr_carea' id='block_1_115' title="bbox 2228 5277 3767 5362">
    <p class='ocr_par' dir='ltr' id='par_1_115' title="bbox 2228 5277 3767 5362">
     <span class='ocr_line' id='line_1_115' title="bbox 2228 5277 3767 5362; baseline -0.006 -13"><span class='ocrx_word' id='word_1_922' title='bbox 2228 5296 2404 5349; x_wconf 91' lang='lat' dir='ltr'><strong>cium:</strong></span> <span class='ocrx_word' id='word_1_923' title='bbox 2439 5308 2577 5348; x_wconf 92' lang='lat' dir='ltr'><strong>nunc</strong></span> <span class='ocrx_word' id='word_1_924' title='bbox 2614 5301 2790 5348; x_wconf 88' lang='lat' dir='ltr'><strong>autem</strong></span> <span class='ocrx_word' id='word_1_925' title='bbox 2836 5307 2930 5362; x_wconf 85' lang='lat' dir='ltr'><strong>per</strong></span> <span class='ocrx_word' id='word_1_926' title='bbox 2976 5292 3219 5362; x_wconf 85' lang='lat' dir='ltr'><strong>plagam;</strong></span> <span class='ocrx_word' id='word_1_927' title='bbox 3264 5303 3364 5345; x_wconf 88' lang='lat' dir='ltr'><strong>nec</strong></span> <span class='ocrx_word' id='word_1_928' title='bbox 3407 5282 3695 5342; x_wconf 67' lang='lat' dir='ltr'><strong>intermittit:</strong></span> <span class='ocrx_word' id='word_1_929' title='bbox 3725 5277 3767 5322; x_wconf 62' lang='lat' dir='ltr'><strong>“l</strong></span> 
     </span>
    </p>
   </div>
   <div class='ocr_carea' id='block_1_116' title="bbox 2227 5366 3761 5454">
    <p class='ocr_par' dir='ltr' id='par_1_116' title="bbox 2227 5366 3761 5454">
     <span class='ocr_line' id='line_1_116' title="bbox 2227 5366 3761 5454; baseline -0.01 -16"><span class='ocrx_word' id='word_1_930' title='bbox 2227 5385 2334 5454; x_wconf 88' lang='lat' dir='ltr'><strong>jam</strong></span> <span class='ocrx_word' id='word_1_931' title='bbox 2373 5399 2517 5453; x_wconf 69' lang='lat' dir='ltr'><strong>smpc</strong></span> <span class='ocrx_word' id='word_1_932' title='bbox 2558 5382 2699 5449; x_wconf 83' lang='lat' dir='ltr'><strong>dixi,</strong></span> <span class='ocrx_word' id='word_1_933' title='bbox 2731 5382 2944 5441; x_wconf 64' lang='lat' dir='ltr'><strong>JSSidue</strong></span> <span class='ocrx_word' id='word_1_934' title='bbox 2967 5391 3022 5437; x_wconf 86' lang='lat' dir='ltr'><strong>et</strong></span> <span class='ocrx_word' id='word_1_935' title='bbox 3050 5383 3100 5436; x_wconf 91' lang='lat' dir='ltr'><strong>in</strong></span> <span class='ocrx_word' id='word_1_936' title='bbox 3131 5393 3442 5450; x_wconf 86' lang='lat' dir='ltr'><strong>unaquaque</strong></span> <span class='ocrx_word' id='word_1_937' title='bbox 3466 5366 3761 5446; x_wconf 68' lang='lat' dir='ltr'><strong>generatione</strong></span> 
     </span>
    </p>
   </div>
   <div class='ocr_carea' id='block_1_117' title="bbox 2230 5457 3759 5547">
    <p class='ocr_par' dir='ltr' id='par_1_117' title="bbox 2230 5457 3759 5547">
     <span class='ocr_line' id='line_1_117' title="bbox 2230 5457 3759 5547; baseline -0.009 -17"><span class='ocrx_word' id='word_1_938' title='bbox 2230 5477 2464 5547; x_wconf 86' lang='lat' dir='ltr'><strong>seipsum</strong></span> <span class='ocrx_word' id='word_1_939' title='bbox 2489 5475 2792 5540; x_wconf 87' lang='lat' dir='ltr'><strong>ostendere,</strong></span> <span class='ocrx_word' id='word_1_940' title='bbox 2816 5483 2871 5530; x_wconf 90' lang='lat' dir='ltr'><strong>et</strong></span> <span class='ocrx_word' id='word_1_941' title='bbox 2895 5490 2991 5544; x_wconf 89' lang='lat' dir='ltr'><strong>per</strong></span> <span class='ocrx_word' id='word_1_942' title='bbox 3011 5488 3171 5544; x_wconf 81' lang='lat' dir='ltr'><strong>Opera</strong></span> <span class='ocrx_word' id='word_1_943' title='bbox 3200 5470 3532 5527; x_wconf 88' lang='lat' dir='ltr'><strong>manifestum</strong></span> <span class='ocrx_word' id='word_1_944' title='bbox 3557 5457 3759 5518; x_wconf 50' lang='lat' dir='ltr'><strong>reddere.</strong></span> 
     </span>
    </p>
   </div>
   <div class='ocr_carea' id='block_1_118' title="bbox 2231 5549 3761 5638">
    <p class='ocr_par' dir='ltr' id='par_1_118' title="bbox 2231 5549 3761 5638">
     <span class='ocr_line' id='line_1_118' title="bbox 2231 5549 3761 5638; baseline -0.012 -13"><span class='ocrx_word' id='word_1_945' title='bbox 2231 5569 2345 5625; x_wconf 89' lang='lat' dir='ltr'><strong>Non</strong></span> <span class='ocrx_word' id='word_1_946' title='bbox 2378 5569 2426 5624; x_wconf 92' lang='lat' dir='ltr'><strong>id</strong></span> <span class='ocrx_word' id='word_1_947' title='bbox 2453 5578 2630 5624; x_wconf 90' lang='lat' dir='ltr'><strong>autem</strong></span> <span class='ocrx_word' id='word_1_948' title='bbox 2657 5583 2870 5638; x_wconf 91' lang='lat' dir='ltr'><strong>semper</strong></span> <span class='ocrx_word' id='word_1_949' title='bbox 2893 5567 3015 5623; x_wconf 86' lang='lat' dir='ltr'><strong>facit</strong></span> <span class='ocrx_word' id='word_1_950' title='bbox 3044 5565 3231 5622; x_wconf 90' lang='lat' dir='ltr'><strong>eodem</strong></span> <span class='ocrx_word' id='word_1_951' title='bbox 3259 5561 3437 5628; x_wconf 90' lang='lat' dir='ltr'><strong>modo,</strong></span> <span class='ocrx_word' id='word_1_952' title='bbox 3465 5555 3554 5614; x_wconf 88' lang='lat' dir='ltr'><strong>sed</strong></span> <span class='ocrx_word' id='word_1_953' title='bbox 3580 5549 3703 5607; x_wconf 77' lang='lat' dir='ltr'><strong>varie</strong></span> <span class='ocrx_word' id='word_1_954' title='bbox 3723 5549 3761 5596; x_wconf 73' lang='grc' dir='ltr'><strong><em>α</em></strong></span> 
     </span>
    </p>
   </div>
   <div class='ocr_carea' id='block_1_119' title="bbox 2293 5670 3757 5796">
    <p class='ocr_par' dir='ltr' id='par_1_119' title="bbox 2293 5670 3757 5796">
     <span class='ocr_line' id='line_1_119' title="bbox 2293 5670 3757 5796; baseline -0.022 -49"><span class='ocrx_word' id='word_1_955' title='bbox 2293 5684 2597 5796; x_wconf 52' lang='lat' dir='ltr'><strong>(“lignidam</strong></span> <span class='ocrx_word' id='word_1_956' title='bbox 2621 5697 2683 5734; x_wconf 89' lang='lat' dir='ltr'><strong>eo</strong></span> <span class='ocrx_word' id='word_1_957' title='bbox 2721 5681 2938 5736; x_wconf 72' lang='lat' dir='ltr'><strong>stultitiae</strong></span> <span class='ocrx_word' id='word_1_958' title='bbox 2977 5687 3234 5739; x_wconf 85' lang='lat' dir='ltr'><strong>venerant,</strong></span> <span class='ocrx_word' id='word_1_959' title='bbox 3271 5687 3324 5728; x_wconf 86' lang='lat' dir='ltr'><strong>ut</strong></span> <span class='ocrx_word' id='word_1_960' title='bbox 3345 5673 3469 5726; x_wconf 85' lang='lat' dir='ltr'><strong>tales</strong></span> <span class='ocrx_word' id='word_1_961' title='bbox 3498 5678 3635 5732; x_wconf 72' lang='lat' dir='ltr'><strong>iungas</strong></span> <span class='ocrx_word' id='word_1_962' title='bbox 3660 5670 3757 5710; x_wconf 65' lang='grc' dir='ltr'><strong>ωην</strong></span> 
     </span>
     <span class='ocr_line' id='line_1_120' title="bbox 2293 5756 2606 5796; baseline 0 0"><span class='ocrx_word' id='word_1_963' title='bbox 2293 5758 2385 5796; x_wconf 74' lang='lat' dir='ltr'><strong>mil</strong></span> <span class='ocrx_word' id='word_1_964' title='bbox 2429 5756 2606 5796; x_wconf 89' lang='lat' dir='ltr'><strong>uermt.</strong></span> 
     </span>
    </p>
   </div>
   <div class='ocr_carea' id='block_1_120' title="bbox 2233 5756 2606 5799">
    <p class='ocr_par' dir='ltr' id='par_1_120' title="bbox 2233 5756 2606 5799">
     <span class='ocr_line' id='line_1_121' title="bbox 2233 5756 2606 5799; baseline -0.008 0"><span class='ocrx_word' id='word_1_965' title='bbox 2233 5756 2385 5799; x_wconf 67' lang='grc'><strong>11101111</strong></span> <span class='ocrx_word' id='word_1_966' title='bbox 2411 5756 2606 5797; x_wconf 75' lang='lat' dir='ltr'><strong>fuerint.</strong></span> 
     </span>
    </p>
   </div>
  </div>
