3956 6424
196 454 289 507 395

190 563 396 622 diversis
440 558 643 623 modis;
688 566 813 612 tunc
849 554 1061 625 quidem
1110 567 1202 622 per
1240 564 1461 604 uxorem
1488 544 1740 612 Abrahae,

190 655 447 713 sterilitate
483 651 625 706 illam
655 648 900 719 afﬂigens
934 663 949 712 ;
977 656 1160 718 postea
1193 651 1371 697 autem
1404 655 1499 710 per
1528 639 1744 702 famem,

188 745 362 802 deinde
386 758 478 814 per
510 755 687 796 rerum
713 739 919 810 copiam
945 754 961 803 ;
990 747 1108 808 post
1136 737 1251 790 lucc
1281 748 1408 788 vero
1445 747 1539 802 per
1570 731 1749 802 plagas

189 835 641 907 frequentissimas.
671 833 930 901 Quoniam
969 845 1095 900 ergo
1134 826 1559 884 condemnabant
1583 825 1748 878 Deum

191 926 565 990 imbecillitatis,
599 924 695 994 ipsi
721 931 777 979 et
807 921 1187 992 primogenitos
1216 917 1542 981 occiderunt,
1567 922 1622 969 et
1646 914 1750 968 ﬂu-

191 1023 316 1073 vium
339 1025 710 1073 cruentarunt:
740 1029 805 1068 eo
830 1015 943 1082 ipso
967 1020 1205 1081 tempore
1232 1010 1374 1063 vires
1393 1021 1604 1078 quoque
1626 1019 1750 1060 suas

191 1111 260 1165 eis
285 1107 510 1163 ostendit
551 1121 644 1177 per
677 1106 916 1175 quaedam
945 1102 1105 1173 paulo
1128 1100 1460 1156 obscuriora.
1487 1096 1752 1153 Obstetri-

191 1218 270 1259 ces
309 1201 446 1255 enim
474 1188 862 1270 Egyptiorum,
909 1212 1027 1251 cum
1068 1190 1303 1249 crudelia
1330 1192 1413 1247 illa
1441 1191 1587 1260 jussa
1616 1206 1748 1244 con-

195 1294 533 1360 tempsissent,
563 1300 617 1344 et
672 1303 874 1342 sun-um
923 1286 1062 1356 regis
1123 1284 1393 1340 decretum
1441 1281 1747 1345 elusissent,

194 1400 361 1453 magna
392 1398 565 1438 rerum
595 1380 745 1451 copia
773 1379 984 1433 donatae
1010 1386 1153 1430 sunt.
1178 1374 1412 1444 Utraque
1432 1381 1610 1427 autem
1637 1371 1752 1425 lucc

194 1487 324 1531 erant
348 1476 436 1531 Dei
467 1470 810 1543 providentia:
830 1512 845 1537 ,
876 1460 1079 1523 scilicet
1106 1464 1246 1537 quod
1276 1473 1330 1521 et
1357 1465 1609 1519 mulieres
1636 1478 1749 1517 ma-

192 1569 339 1639 jorem
392 1566 637 1620 virtutem
685 1562 1038 1625 ostenderint,
1083 1574 1241 1630 quam
1293 1558 1326 1612 ii
1374 1572 1598 1628 quorum
1637 1565 1752 1611 erat

196 1668 335 1727 caput
358 1657 658 1714 redimitum
688 1654 985 1711 diademate
1014 1670 1029 1707 :
1057 1661 1111 1706 et
1134 1650 1273 1721 quod
1301 1665 1392 1704 eas
1413 1656 1749 1704 remunerata

196 1755 271 1815 sit,
314 1761 364 1805 et
403 1751 454 1805 in
497 1764 740 1819 magnam
785 1745 1175 1802 multitudinem
1225 1759 1318 1798 eas
1361 1741 1748 1813 propagaverit.

195 1843 305 1898 lllud
335 1843 493 1906 enim,
528 1840 781 1912 Benefecit
810 1837 1149 1893 obstetricibus
1180 1836 1374 1910 (Exod.
1408 1837 1459 1890 1.
1487 1834 1580 1905 20)
1601 1874 1616 1900 ,
1649 1835 1753 1888 hoc

192 1943 280 2001 est,
310 1934 532 1988 Extensa
565 1941 648 1988 est
671 1945 856 1987 earum
881 1931 1127 2000 cognatio
1158 1946 1173 1985 ε
1202 1929 1395 1984 etenim
1428 1943 1521 1998 per
1549 1942 1610 1983 ea
1639 1927 1751 1998 ipsa

194 2024 447 2093 beneficia,
473 2039 598 2095 quze
634 2022 687 2078 in
729 2021 941 2079 Judmos
984 2022 1342 2085 contulerunt,
1388 2019 1690 2075 mercedem
1720 2034 1751 2073 a

194 2118 287 2172 Deo
306 2126 642 2187 acceperunt.
661 2114 921 2183 Quoniam
949 2128 1076 2185 ergo
1102 2128 1207 2168 non
1234 2111 1543 2168 occidebant
1565 2127 1751 2167 eorum

194 2209 416 2271 infantes,
472 2221 813 2264 numerosam
864 2206 1070 2277 prolem
1107 2206 1185 2261 eis
1227 2206 1367 2261 Deus
1400 2205 1621 2275 largitus
1649 2213 1750 2258 est.

194 2299 284 2355 Sed
306 2300 550 2369 quoniam
582 2299 870 2369 pergebant
911 2313 1034 2354 esse
1073 2297 1292 2367 stupidi,
1329 2309 1383 2351 et
1422 2297 1566 2350 omni
1593 2312 1753 2352 sensu

195 2398 378 2465 privati,
404 2397 669 2450 acriorem
696 2397 773 2449 eis
810 2393 1015 2463 plagam
1055 2391 1277 2446 inﬂixit:
1317 2400 1372 2447 et
1413 2391 1598 2446 didicit
1636 2393 1754 2461 qui-

193 2488 296 2542 dem
327 2488 608 2541 universus
634 2484 779 2539 orbis
812 2493 987 2546 terrm,
1029 2482 1332 2537 didicerunt
1369 2491 1548 2538 autem
1593 2482 1751 2536 etiam

195 2580 401 2653 Egyptii
428 2598 440 2633 :
481 2579 582 2633 sed
628 2578 702 2633 illi
742 2577 954 2648 quidem
985 2592 1049 2632 ex
1080 2577 1284 2644 auditu,
1317 2576 1371 2632 hi
1400 2588 1575 2632 autem
1610 2578 1659 2630 in
1691 2576 1754 2632 iis

196 2674 327 2727 malis
360 2688 473 2742 quae
502 2668 743 2739 sibiipsis
772 2678 1083 2737 evenerunt,
1129 2676 1185 2723 et
1221 2669 1358 2735 visu,
1390 2678 1444 2723 et
1478 2669 1556 2723 rei
1590 2683 1754 2738 expe-

197 2764 359 2817 rientia
412 2762 500 2817 Dei
561 2768 882 2831 potestatem
925 2759 1191 2815 viderunt.
1247 2759 1458 2814 Etenim
1506 2757 1627 2813 ideo
1678 2759 1756 2813 eis

197 2854 431 2924 praedixit,
481 2869 556 2909 ne
598 2852 870 2907 videretur
913 2866 1033 2907 esse
1081 2852 1231 2922 plaga
1276 2851 1510 2921 vulgaris
1544 2852 1753 2918 mortis,

196 2962 296 3012 qua:
322 2945 533 3001 fortuito
568 2945 745 3014 aliquo
775 2958 900 2998 casu
941 2943 1227 2999 evenisset.
1257 2943 1411 3013 Quod
1453 2945 1630 3014 itaque
1654 2944 1755 2999 ali—

196 3038 297 3091 cubi
323 3037 511 3093 dictum
545 3046 631 3091 est
660 3036 725 3091 de
753 3035 1059 3102 Servatore,
1091 3035 1193 3091 hoc
1218 3035 1305 3091 hic
1337 3051 1551 3106 quoque
1577 3036 1754 3091 dicere

199 3142 466 3195 puSsumus.
494 3127 811 3199 Quidnam?
846 3126 1121 3180 Dominare
1158 3128 1209 3181 in
1248 3128 1411 3181 medio
1440 3127 1758 3182 inimicorum

198 3221 545 3293 tttorttm(Psal.
572 3220 692 3276 109.
708 3220 785 3286 2).
804 3219 917 3273 Non
934 3219 1076 3275 enim
1093 3219 1171 3273 eis
1198 3218 1247 3272 in
1264 3219 1601 3274 solitudinem
1623 3219 1725 3274 edu
1739 3249 1755 3258 -

202 3312 303 3377 etis,
328 3330 416 3368 nec
442 3315 494 3368 in
527 3314 712 3381 aliquo
739 3312 843 3367 alio
871 3311 1009 3376 loco,
1048 3310 1141 3366 sed
1184 3309 1235 3365 in
1266 3311 1618 3380 ipsacivitate
1648 3313 1757 3380 pla-

194 3415 295 3468 gum
320 3403 505 3459 intulit.
541 3403 676 3457 Vide
701 3412 878 3457 autem
908 3402 964 3456 in
1002 3401 1111 3471 ipsa
1143 3403 1300 3457 etiam
1329 3405 1477 3472 plaga
1515 3405 1756 3460 clemen-

197 3492 498 3567 tiatn.(iaapit
525 3495 675 3550 enim
708 3495 852 3564 prius
879 3509 906 3547 a
936 3494 1238 3564 pecoribus,
1263 3502 1320 3551 et
1348 3504 1473 3551 tunc
1496 3495 1562 3550 ad
1596 3496 1757 3551 homi-

194 3599 273 3638 nes
317 3587 595 3655 processit.
621 3585 750 3653 Quis
789 3600 916 3657 ergo
958 3600 1062 3640 nou
1104 3585 1399 3642 admiretur
1443 3591 1753 3658 potentiam,

192 3680 432 3746 quomodo
477 3682 664 3735 omnia
715 3679 765 3733 in
815 3695 922 3734 uno
972 3679 1228 3749 temporis
1277 3689 1547 3735 momento
1601 3681 1754 3736 simul

193 3770 363 3835 attulit,
382 3769 770 3840 indulgentiam
803 3770 949 3834 item,
977 3779 1030 3823 et
1057 3771 1370 3840 sapientiam
1400 3770 1757 3826 ineffabilem?

191 3858 350 3930 Neque
377 3863 518 3917 enim
549 3861 689 3915 hanc
720 3860 943 3930 primam
970 3860 1174 3930 plagam
1205 3860 1414 3928 inﬂixit,
1445 3877 1539 3915 eos
1568 3861 1756 3917 volens

193 3967 271 4018 per
293 3955 417 4009 alias
441 3954 738 4024 corrigere.
782 3969 880 4009 nec
904 3954 1117 4025 quando
1139 3953 1346 4020 inflixit,
1377 3968 1479 4009 non
1510 3970 1758 4024 pnrnun-

193 4044 351 4101 tiatam
374 4047 588 4105 inflixit.
612 4045 1005 4113 Quamobrem?
1031 4046 1099 4101 Ut
1125 4062 1217 4101 eos
1242 4046 1420 4101 verbis
1446 4048 1753 4117 castigaret,

192 4147 318 4193 etne
342 4139 660 4196 devenireut
682 4138 747 4193 ad
778 4153 956 4193 rerum
987 4137 1368 4208 experientiam
1403 4155 1416 4190 :
1446 4153 1544 4192 nec
1572 4153 1756 4192 rursus

188 4230 415 4297 quoniam
437 4247 546 4287 non
568 4229 795 4286 correcu
823 4228 1057 4295 fuerunt,
1086 4229 1329 4298 permisit
1348 4238 1408 4283 ut
1435 4238 1578 4284 esset
1604 4229 1755 4299 plaga

190 4320 344 4376 dubia.
365 4323 442 4379 Ne
461 4323 586 4394 quis
611 4322 751 4376 enim
775 4320 1105 4375 existimaret
1128 4319 1346 4374 fortuito
1372 4328 1465 4375 aut
1485 4320 1750 4385 morbum,

190 4423 267 4466 aut
292 4425 490 4485 pestem
526 4415 816 4481 incidisse,
849 4411 969 4468 vide
995 4420 1125 4483 quot
1147 4428 1237 4469 res
1262 4422 1600 4468 concurrant.
1634 4413 1753 4468 Pri-

190 4519 315 4560 mum
354 4523 542 4564 omnes
581 4508 632 4562 in
667 4522 767 4562 una
800 4514 975 4560 nocte.
1007 4505 1256 4562 Secundo
1280 4507 1457 4561 omnia
1487 4508 1753 4578 primoge-

192 4597 304 4653 nita.
325 4600 376 4656 Si
399 4602 541 4656 enim
567 4599 754 4655 fuisset
785 4599 965 4667 pestis,
999 4612 1103 4651 non
1131 4598 1239 4652 sola
1271 4599 1528 4668 tetigisset
1558 4599 1755 4668 primo-

185 4692 362 4756 genita,
396 4692 648 4747 secundis
688 4704 815 4744 vero
857 4688 1223 4760 pepercisset:
1267 4689 1360 4745 sed
1393 4704 1581 4744 Ollllles
1622 4690 1752 4745 citra

188 4778 331 4833 ullum
361 4782 651 4837 discrimen
685 4779 1024 4850 pervasisset.
1043 4778 1243 4846 Tertio,
1275 4780 1319 4833 si
1352 4779 1534 4835 fuisset
1566 4779 1749 4849 pestis,

186 4883 279 4922 non
299 4871 645 4926 abstinuisset
671 4871 891 4926 omnino
911 4885 943 4925 a
965 4869 1185 4935 Judmis,
1210 4884 1310 4925 nec
1330 4870 1474 4925 solos
1493 4870 1755 4941 tetigisset

186 4956 467 5034 Egyptios,
500 4963 596 5019 sed
623 4978 685 5018 ea
713 4962 881 5018 multo
927 4962 1095 5032 magis
1136 4976 1361 5032 corpora
1402 4959 1744 5029 confecisset,

185 5063 291 5118 qua:
319 5053 497 5109 labore
524 5063 579 5109 et
614 5054 846 5118 miseria,
880 5060 933 5107 et
963 5059 1041 5107 tot
1065 5062 1120 5108 et
1147 5052 1311 5106 tantis
1332 5052 1486 5107 malis
1511 5051 1751 5107 confecta

187 5139 397 5210 fuerant,
443 5160 563 5216 quae
611 5153 923 5215 paupertate
965 5152 1020 5199 et
1059 5142 1201 5198 fame
1242 5142 1565 5215 jampridem
1615 5143 1751 5199 adeo

184 5231 421 5290 exhausta
461 5246 613 5293 erant
637 5255 651 5292 :
688 5252 794 5292 non
819 5252 1024 5307 regum,
1054 5245 1107 5291 et
1145 5251 1329 5291 eorum
1358 5236 1445 5305 qui
1473 5244 1624 5291 erant
1652 5251 1750 5295 au-

186 5328 414 5382 ctoritate
442 5340 496 5382 et
525 5329 777 5399 dignitate
805 5327 1036 5401 praediti,
1069 5327 1157 5397 qui
1189 5327 1355 5382 libere
1380 5335 1434 5382 et
1458 5342 1647 5383 secure
1675 5329 1753 5383 vi-

190 5416 384 5480 vebant,
428 5419 617 5488 quibus
662 5420 838 5474 omnia
891 5434 1011 5488 qua:
1058 5419 1124 5473 ad
1171 5419 1371 5473 cultum
1401 5429 1451 5473 et
1491 5418 1557 5475 ad
1591 5418 1750 5474 vitam

187 5507 435 5570 pertinent
480 5509 687 5566 abunde
728 5510 1100 5579 suppetebant.
1132 5508 1189 5565 Si
1219 5508 1406 5565 fuisset
1429 5510 1614 5580 pestis,
1642 5526 1748 5565 non

186 5610 392 5667 repente
442 5603 696 5669 venisset,
741 5602 833 5659 sed
881 5611 1163 5673 antequam
1211 5602 1515 5672 ingruisset,
1548 5604 1749 5673 praevia

193 5687 433 5746 adventus
456 5693 598 5760 signa
624 5692 875 5748 dedisset.
904 5692 1053 5747 Nunc
1077 5702 1253 5747 autem
1276 5691 1393 5748 hsce
1418 5693 1571 5746 simul
1598 5690 1747 5755 fiunt.

192 5790 240 5833 nt
267 5780 620 5855 Egyptiorum
650 5795 901 5856 arguatur
927 5782 1168 5838 vecordia
1204 5801 1217 5837 :
1242 5783 1438 5837 etenim
1469 5792 1587 5852 post
1617 5782 1751 5837 hanc

202 5869 380 5939 ruagam
424 5882 477 5929 et
518 5882 792 5943 postquam
826 5883 1013 5949 aperte
1056 5872 1366 5928 didicissent
1390 5888 1505 5928 esse
1535 5874 1738 5944 plagam

1296 431 1656 490 EXPOSITIO
1696 428 1761 484 IN
1798 426 2123 485 PSALMUM
2153 429 2436 485 CXXXIV.

3333 430 3441 482 5“:

1852 542 2106 600 divinitus
2156 544 2486 611 immissam,
2536 549 2841 617 persequuti
2898 554 3023 603 sunt
3077 546 3295 605 Judtcos
3347 549 3449 616 qui

1852 646 2207 702 recesserant,
2225 635 2366 706 quod
2397 646 2478 690 est
2504 636 2713 707 signum
2754 638 3005 694 maximae
3027 654 3213 696 eorum
3244 657 3437 698 vecors

1853 724 1954 780 dia:
1979 735 2035 781 et
2068 726 2163 781 Dei
2191 727 2417 781 maxima
2448 724 2707 783 defensio.
2727 728 2987 799 Quoniam
3012 732 3152 787 enim
3181 743 3337 789 erant
3364 737 3438 790 si.

1852 833 1955 888 gna
1979 826 2274 884 cessatura,
2308 833 2371 873 ea
2398 818 2658 888 ejusmodi
2687 820 2823 889 sig-ni
2850 823 2997 877 exitu
3020 825 3302 888 conclusit.
3331 841 3438 896 quo

1853 916 1914 965 ea
1960 925 2079 979 qua:
2109 919 2232 964 ante
2262 908 2397 964 facta
2430 919 2552 965 sunt
2577 911 2817 967 defendit
2841 916 2979 983 apud
3017 931 3109 972 eos
3136 921 3224 986 qui
3255 921 3438 974 volunt

1853 990 2151 1055 attendere.
2199 999 2278 1055 Ne
2328 1002 2447 1070 quis
2503 1002 2641 1056 enim
2701 1004 2940 1069 diceret,
2988 1004 3096 1062 Cur
3150 1012 3442 1078 puniuntur

1854 1107 2061 1159 omnes,
2102 1106 2223 1147 eum
2252 1108 2341 1147 rex
2369 1093 2584 1149 Jud:eos
2612 1094 2909 1161 detineret,
2938 1106 2991 1152 et
3019 1111 3262 1167 peccaret
3296 1119 3310 1157 :
3348 1119 3443 1172 μετ

1857 1187 1957 1241 hoc
1984 1186 2225 1241 ultimum
2252 1186 2412 1241 solvit
2436 1187 2573 1242 hanc
2601 1187 3008 1244 dubitationem.
3037 1192 3316 1258 Quomodo
3348 1211 3442 1263 per

1854 1279 2131 1334 ultimum?
2155 1278 2416 1346 Quoniam
2447 1278 2658 1349 quando
2690 1294 2937 1349 percussa
2969 1291 3092 1336 sunt
3118 1298 3300 1338 eorum
3327 1287 3441 1355 pri-

1856 1370 2138 1439 mogenita,
2172 1369 2256 1424 vel
2283 1369 2448 1424 invito
2474 1385 2599 1440 rege
2636 1369 2853 1426 Judu-os
2893 1373 3233 1443 expulerunt.
3267 1375 3449 1444 Quare

1854 1465 2017 1518 etiam
2041 1464 2085 1518 si
2109 1464 2401 1520 voluissent
2427 1464 2495 1518 ah
2522 1465 2690 1529 initio,
2716 1466 3015 1536 potuissent
3036 1482 3155 1523 esse
3182 1483 3247 1525 eo
3279 1484 3443 1541 supe-

1856 1557 2047 1613 riores.
2072 1556 2188 1612 Non
2210 1557 2368 1627 igitur
2392 1573 2570 1628 regem
2603 1558 2723 1614 ideo
2751 1574 2854 1613 non
2885 1561 3145 1629 vicerunt,
3173 1562 3311 1633 quod
3334 1580 3463 1619 noui

1857 1659 2106 1718 possent,
2148 1648 2240 1703 sed
2268 1649 2409 1720 quod
2451 1650 2671 1705 nollent.
2704 1650 3003 1721 Quinetiam
3045 1668 3105 1710 ea
3134 1670 3254 1727 qua:
3300 1666 3446 1727 post-

1856 1756 1917 1795 ea
1965 1750 2289 1811 consequuta
2332 1750 2413 1798 est
2456 1744 2796 1814 persequutio
2831 1746 3035 1804 crimen
3087 1762 3273 1806 eorum
3323 1765 3445 1807 am-

1859 1833 2075 1903 pliftcat.

1930 1927 1983 1982 5.
2026 1925 2139 1980 Hoc
2166 1926 2325 1981 etiam
2348 1926 2525 1982 evenit
2556 1927 2608 1982 in
2637 1927 2785 1985 Saiil.
2818 1926 3044 1997 Quando
3072 1933 3216 1988 enim
3247 1932 3362 2004 ejus
3384 1936 3448 1990 ti-

1858 2017 1985 2072 lium
2009 2019 2218 2088 eripere
2240 2019 2541 2088 oportebat,
2574 2035 2761 2076 omnes
2781 2022 2941 2093 vulgo
2968 2033 3304 2082 assentautes
3331 2030 3444 2098 regi

1858 2125 1979 2165 eum
2000 2153 2014 2178 ,
2059 2112 2267 2166 tametsi
2298 2112 2467 2183 legem
2496 2112 2582 2169 ille
2621 2122 2987 2187 transgressus
3020 2128 3198 2185 esset,
3230 2120 3444 2190 eripue-

1858 2211 1982 2255 runt
2008 2202 2080 2275 (1.
2108 2201 2234 2273 Reg.
2261 2203 2346 2258 14.
2370 2202 2460 2275 45)
2496 2204 2744 2274 :quando
2769 2215 2944 2261 autem
2968 2208 3176 2263 volebat
3201 2212 3448 2267 occidero

1861 2303 1936 2348 tot
1959 2294 2285 2363 sacerdotes,
2313 2311 2380 2351 ne
2423 2311 2608 2352 vocem
2633 2298 2848 2363 quidem
2879 2301 3192 2368 emiserunt,
3227 2318 3327 2358 nec
3353 2320 3448 2359 eos

1859 2387 2211 2443 defenderunt
2241 2390 2318 2460 (i.
2351 2388 2481 2460 Reg.
2503 2389 2592 2444 ΞΩ.
2622 2390 2731 2460 17).
2763 2389 2914 2458 Quod
2945 2394 2988 2448 si
3020 2401 3144 2447 tunc
3182 2395 3451 2452 habebant

1860 2489 2103 2534 naturam
2129 2496 2247 2550 qua:
2273 2495 2370 2550 pro
2393 2481 2470 2535 eis
2492 2482 2708 2549 faceret,
2737 2480 2822 2537 hic
2842 2485 3001 2539 etiam
3031 2486 3298 2543 habebant
3314 2488 3459 2557 juris

1862 2586 2128 2628 naturam.
2158 2574 2324 2628 Erant
2346 2575 2490 2630 enim
2518 2575 2846 2644 sacerdotes,
2870 2587 2924 2633 et
2949 2586 3065 2633 erat
3101 2579 3276 2636 czedes
3301 2581 3448 2636 nefa-

1861 2665 1960 2726 ria.
1994 2673 2048 2719 et
2072 2664 2146 2718 ira
2186 2680 2292 2719 non
2336 2681 2403 2721 ex
2442 2675 2589 2721 recto
2626 2664 2829 2735 judicio
2873 2668 3126 2737 profecta.
3156 2668 3260 2726 Sed
3296 2672 3463 2744 hujus

1862 2761 1936 2815 rei
1954 2775 2113 2815 causa
2130 2768 2243 2814 erat
2259 2759 2525 2828 socordia,
2547 2770 2601 2816 et
2627 2760 2767 2832 quod
2789 2763 3127 2820 sacerdotum
3147 2766 3318 2823 vicem
3343 2785 3474 2823 non.

1862 2851 2013 2907 valde
2033 2850 2303 2908 dolebant.
2334 2852 2463 2907 Vide
2483 2868 2613 2925 ergo
2632 2869 2750 2923 quae
2774 2855 2907 2910 mala
2929 2867 3109 2926 postea
3127 2859 3407 2917 inciderint
3433 2881 3447 2915 :

1862 2943 2002 2996 illius
2046 2944 2187 2998 enim
2234 2942 2570 3014 negligentia:
2610 2960 2717 3000 non
2763 2945 2904 3002 leves
2935 2963 3120 3018 pinnas
3163 2950 3475 3009 dederunt..

1861 3035 2084 3103 Quando
2116 3050 2243 3106 ergo
2264 3035 2456 3091 factum
2487 3036 2645 3092 fuerit
2672 3038 2869 3109 aliquid
2896 3040 3177 3110 nefarium,
3205 3048 3447 3100 nemosit

1864 3128 2007 3181 iners
2032 3135 2085 3181 et
2114 3127 2351 3197 ignarus,
2384 3127 2478 3183 sed
2523 3128 2644 3199 igne
2679 3130 2950 3186 ardentior
2981 3149 2995 3186 :
3025 3147 3126 3188 nec
3154 3135 3329 3191 minus
3355 3139 3450 3190 do.

1862 3221 2171 3291 leat,‘quam
2208 3220 2239 3276 ii
2283 3220 2475 3291 quibus
2504 3221 2559 3276 fit
2586 3221 2774 3293 injuria
2796 3263 2809 3289 ,
2838 3232 2892 3279 et
2921 3224 2991 3280 ita
3037 3224 3260 3296 plurima
3311 3231 3448 3285 mala

1863 3313 2134 3367 sistentur.
2168 3312 2240 3366 Ab
2269 3311 2471 3367 homine
2490 3328 2646 3384 usque
2669 3314 2736 3367 ad
2757 3330 2927 3385 pecus.
2958 3314 3062 3371 Cur
3089 3325 3266 3373 autem
3289 3320 3449 3375 etiam

1863 3403 2094 3472 pecora?
2135 3403 2392 3474 Quoniam
2449 3416 2665 3475 propter
2714 3406 2956 3464 homines
3000 3408 3134 3465 facta
3184 3421 3340 3480 sunt,
3386 3430 3449 3471 ea

1861 3512 2073 3567 quoque
2100 3496 2249 3566 punit
2274 3506 2494 3568 prepter
2524 3497 2815 3569 hominem,
2848 3511 2905 3557 ut
2932 3514 3125 3574 augeat
3164 3506 3408 3562 timorem
3431 3551 3447 3575 ,

1863 3602 1917 3646 ut
1944 3592 2279 3647 intentiorem
2303 3591 2488 3648 reddat
2508 3594 2886 3662 calamitatem,
2903 3604 2963 3650 ut
2982 3598 3223 3653 ostendat
3241 3601 3457 3672 plagam

1861 3697 1980 3737 esse
2008 3681 2260 3737 divinitus
2289 3683 2599 3748 immissam,
2631 3691 2686 3739 et
2711 3682 2910 3740 bellum
2941 3688 3229 3755 procedere
3256 3691 3324 3746 de
3344 3706 3451 3746 cur

1862 3774 1945 3828 lis.
1976 3774 2029 3828 9.
2065 3773 2243 3829 Emisit
2265 3775 2411 3846 signa
2445 3785 2494 3829 et
2529 3774 2762 3847 prodigia
2789 3776 2842 3830 in
2868 3777 3032 3833 medio
3058 3780 3152 3848 tui,
3196 3779 3459 3853 Egyptcz.

1861 3867 1995 3935 Quid
2022 3876 2123 3931 est,
2158 3867 2222 3921 lu
2250 3868 2413 3922 medio
2442 3868 2561 3922 tui?
2590 3869 2683 3925 Vel
2710 3869 2884 3925 locum
2915 3870 3063 3939 dicit,
3094 3874 3173 3928 vel
3206 3874 3345 3929 idem
3357 3887 3457 3943 ,ρει

1860 3961 2019 4032 quod,
2068 3960 2364 4016 manifeste.
2411 3960 2545 4016 illud
2576 3961 2739 4027 enim,
2769 3960 2837 4015 In
2873 3963 3057 4028 medio,
3085 3965 3280 4036 ubique
3306 3966 3447 4036 idem

1860 4052 2119 4125 significat
2146 4052 2286 4122 quod
2317 4061 2518 4122 aperte,
2550 4062 2606 4109 ut
2633 4053 2846 4124 quando
2872 4055 2999 4112 dicit
3026 4035 3261 4124 alicubi,
3302 4035 3452 4115 Feri.-

1860 4147 2070 4199 salutent
2111 4146 2163 4202 in
2194 4145 2359 4200 inedia
2386 4155 2534 4201 teme
2572 4143 2743 4221 (Psal.
2776 4150 2861 4204 75.
2897 4147 2984 4219 12)
3013 4167 3026 4205 :
3058 4160 3139 4205 est
3163 4152 3304 4207 enim
3337 4169 3450 4209 mea

1860 4238 2004 4293 dium
2032 4236 2368 4294 manifestum
2389 4240 2657 4294 omnibus.
2692 4239 2876 4295 Emisit
2899 4243 3044 4313 signa
3063 4251 3108 4298 et
3136 4244 3370 4316 prodigia
3396 4246 3450 4313 iu

1861 4329 2023 4384 medio
2056 4330 2149 4398 tui,
2177 4328 2425 4402 Αῐςνρςε.
2463 4329 2594 4401 Jure
2618 4340 2796 4387 autem
2822 4332 3024 4403 optimo
3057 4351 3069 4389 :
3099 4348 3162 4388 ea
3185 4335 3326 4389 enim
3356 4335 3451 4390 tie-

1862 4422 1985 4477 bant
2005 4422 2072 4477 ad
2093 4423 2505 4490 correctionem,
2524 4431 2579 4478 et
2596 4423 2661 4479 ad
2683 4439 2776 4479 eos
2797 4424 3154 4480 ostendendos
3178 4426 3267 4494 qui
3291 4437 3447 4482 erant

1861 4514 2112 4571 lueraturi
2160 4530 2174 4568 :
2220 4530 2326 4570 non
2368 4522 2569 4569 temere
2596 4513 2737 4569 enim
2782 4514 3119 4581 eveniebant,
3148 4516 3242 4571 sed
3287 4517 3450 4575 modo

1859 4606 2359 4662 admirabilissimo:
2392 4620 2557 4675 quare
2578 4614 2630 4661 et
2656 4620 2719 4660 eo
2740 4604 2881 4676 quod
2911 4606 3191 4676 feriebant,
3215 4623 3281 4664 eo
3303 4611 3447 4680 quod

1860 4698 2193 4760 mirabiliter,
2244 4696 2507 4768 duplicem
2547 4696 2842 4753 ail'ercbaut
2871 4699 3172 4755 utilitatem.
3201 4699 3268 4754 In
3304 4700 3450 4755 Pha-

1858 4809 2083 4857 raonem,
2107 4802 2153 4846 et
2175 4792 2226 4844 in
2255 4806 2424 4845 omnes
2438 4805 2607 4844 servos
2633 4791 2765 4860 ejus.
2789 4789 2980 4846 Vidisti
3002 4792 3289 4861 potentiam
3315 4793 3449 4849 inef-
3482 4815 3488 4823 ·

1859 4884 2108 4940 labilem?
2132 4882 2398 4955 quomodo
2427 4896 2547 4936 cum
2591 4896 2779 4937 omnes
2820 4882 2977 4938 simul
3018 4891 3233 4952 essent,
3275 4886 3342 4942 de
3368 4887 3448 4942 eis

1858 4987 2128 5048 sumptum
2169 4987 2251 5034 est
2276 4977 2590 5047 supplicium
2612 5016 2629 5043 ,
2657 4985 2712 5032 et
2745 4976 2819 5031 illi
2848 4976 3060 5047 quidem
3090 4978 3444 5047 patiebantur,

1857 5071 1945 5125 alii
1973 5084 2102 5125 vero
2136 5068 2521 5126 lucrabantur?
2549 5068 2826 5135 Quomodo
2851 5078 3027 5140 autem
3055 5068 3203 5134 dicit,
3245 5067 3312 5122 lu
3333 5085 3444 5122 om-

1858 5179 1944 5218 nes
1974 5178 2140 5217 servos
2164 5162 2318 5232 ejus?
2343 5160 2499 5232 Atqui
2529 5175 2636 5215 non
2661 5159 2927 5215 habebant
2952 5173 3144 5214 omnes
3174 5160 3445 5231 primoge-

1859 5256 1967 5309 nita
1998 5273 2012 5308 :
2042 5252 2135 5309 sed
2163 5253 2286 5309 dicit
2317 5252 2388 5309 de
2403 5252 2521 5307 aliis
2541 5251 2729 5322 signis,
2762 5259 2817 5305 et
2840 5249 2966 5304 dum
2992 5250 3043 5304 in
3073 5248 3309 5321 Egypto
3330 5251 3443 5321 qui-

1858 5348 1979 5404 dem
2007 5346 2060 5401 bi
2091 5347 2391 5410 ferirentur,
2416 5345 2619 5399 lucrum
2649 5340 2913 5395 faciebant
2946 5340 3116 5394 Judaei
3139 5356 3153 5393 :
3179 5341 3304 5395 dum
3335 5356 3445 5396 att-

1858 5452 1964 5499 tem
2011 5441 2063 5495 in
2111 5439 2395 5494 solitudine
2438 5435 2697 5492 beneficio
2740 5432 2909 5488 .ludwi
2958 5431 3320 5499 afficerentur,
3353 5433 3440 5487 alii

1853 5533 2175 5605 juvabantur
2196 5529 2306 5604 (a);
2334 5538 2389 5586 et
2417 5530 2594 5600 plagas
2615 5526 2828 5600 quidem
2851 5525 3044 5582 inﬂixit
3064 5526 3327 5595 hostibus,
3346 5525 3445 5584 hos

1921 5690 1994 5754 (τι)
2027 5684 2220 5754 Quando
2244 5684 2345 5754 ait,_
2372 5683 2551 5754 audacis
2575 5683 2633 5754 in
2669 5682 2931 5754 solitudine
2953 5680 3200 5754 beneﬂcio
3232 5683 3439 5754 affectis,

1859 5744 2006 5804 etiam
2042 5744 2162 5799 alios
2186 5746 2421 5797 bent-licio
2444 5747 2646 5795 affectos
2667 5745 2835 5803 fuisse,
2863 5746 2908 5794 id
2950 5744 3180 5808 intelligit
3217 5747 3280 5795 de
3311 5746 3441 5808 vulgi

1859 5815 2112 5880 pi-rmaiseut
2126 5808 2819 5881 ﬁtnautnet-abili_multitudine,
2840 5820 2956 5881 qua;
2979 5819 3088 5858 eum
3112 5807 3214 5881 illis.
3230 5807 3462 5881 murena.

1860 5870 2082 5927 itarmtut‘
2124 5871 2269 5922 Exodi
2299 5885 2402 5935 cap.
2450 5872 2519 5922 l3.
2563 5872 2617 5921 tti
2642 5878 2777 5923 crant
2811 5870 3130 5935 alit-nigenze,
3158 5870 3365 5934 .i'Zgyptii
3392 5875 3465 5921 et:
