3956 6406
601 437 708 491 395

603 570 731 610 vero
753 555 930 610 aﬂ'cclt
958 553 1226 610 beneflciis
1246 596 1260 618 ,
1287 568 1380 624 per
1410 565 1632 624 utraque
1666 570 1854 611 omnes
1871 556 2085 627 juvans.
2115 557 2182 612 Et

601 661 700 702 cur
728 662 833 701 non
865 647 963 700 hos
997 659 1205 717 quoque
1234 645 1492 702 beneficio
1521 645 1728 702 afﬁcit?
1754 646 2014 716 Quoniam
2041 649 2184 704 soliti

603 746 731 792 sunt
774 738 1010 806 plerique
1038 735 1280 791 homines
1310 738 1546 806 percussi
1588 739 1763 808 potius
1801 755 1960 809 quam
1985 739 2185 796 benefi-

598 829 684 884 cio
707 829 880 884 atl‘ccti
909 829 1074 884 Deum
1101 843 1406 898 agnoscere.
1434 827 1584 897 Quod
1611 829 1754 884 enim
1785 830 1948 885 nollet
1973 845 2067 886 eos
2087 845 2186 900 pu-

599 921 734 986 nire,
763 920 881 976 vide
901 936 1023 976 eum
1044 920 1258 976 assidue
1281 921 1633 988 differentem,
1653 931 1706 978 et
1725 923 1902 993 plagas
1923 923 2183 980 cohiben-

598 1023 704 1066 tem
745 1019 800 1066 et
829 1026 924 1080 per
958 1021 1181 1081 utraque
1219 1011 1587 1066 ostendentem
1617 1013 1906 1082 potentiam
1946 1028 2098 1069 suam
2128 1024 2184 1071 et

593 1101 958 1157 clementiam.
1007 1102 1166 1172 Atqui
1209 1111 1291 1158 sat
1320 1103 1502 1157 fuisset
1527 1111 1646 1171 post
1674 1120 1830 1158 unant
1852 1146 1867 1172 ,
1889 1105 2180 1162 secundum

593 1204 649 1252 et
673 1197 879 1252 tertiam
899 1235 914 1261 ,
947 1205 1214 1265 tamquam
1235 1197 1322 1266 qui
1358 1195 1544 1250 morbo
1570 1195 1940 1252 immedicabili
1966 1199 2178 1254 labora-

594 1297 735 1354 rent,
766 1303 861 1343 eos
885 1288 1103 1342 omnino
1125 1287 1344 1357 perdere
1361 1305 1374 1340 :
1390 1297 1446 1342 at
1469 1287 1654 1354 noluit,
1671 1287 1766 1344 sed
1791 1295 2177 1360 etquamquam

595 1379 768 1433 futura
799 1381 1093 1448 prmsciret,
1121 1386 1175 1432 et
1201 1376 1340 1448 quod
1370 1393 1470 1432 nec
1491 1379 1693 1448 quinta,
1721 1394 1821 1434 nec
1867 1388 2048 1444 sexta,
2080 1396 2179 1436 nec

591 1470 797 1525 decima
843 1469 1092 1524 meliores
1135 1470 1290 1523 tuturi
1334 1479 1515 1524 essent
1538 1512 1553 1536 ,
1582 1485 1687 1524 non
1721 1470 1969 1525 destitit‘
2002 1473 2177 1528 facere

589 1577 709 1632 quzc
732 1577 825 1616 sua
850 1572 998 1617 erant
1024 1579 1038 1615 :
1062 1559 1201 1618 unde
1217 1562 1446 1616 maxime
1468 1561 1587 1630 ejus
1613 1571 1948 1632 potestatem,
1967 1579 2171 1628 curam,

589 1655 904 1726 sapientiam
933 1665 989 1710 et
1016 1656 1303 1710 bonitatem
1335 1656 1585 1710 admirari
1614 1672 1823 1726 aequum
1849 1667 1949 1713 est.
1979 1658 2177 1713 Poten-

591 1747 718 1802 tiam
745 1787 760 1811 ,
805 1745 948 1816 quod
992 1747 1347 1816 percusserit;
1385 1763 1566 1803 curam
1597 1789 1612 1816 ,
1645 1749 1789 1819 quod
1834 1748 2170 1816 cohibuerit;

589 1837 902 1907 sapientiam
931 1877 946 1903 ,
979 1837 1118 1908 quod
1145 1855 1264 1892 cum
1299 1839 1461 1893 sciret
1501 1838 1678 1894 futura
1703 1881 1719 1906 ,
1746 1857 1866 1910 qua:
1897 1857 1990 1896 sua
2018 1853 2173 1898 erant

588 1930 809 1985 fecerit:
838 1930 978 2000 quod
1007 1933 1178 2002 ipsum
1204 1949 1416 2002 quoque
1443 1942 1525 1988 est
1555 1934 1800 1989 maxima:
1833 1937 2132 1991 clementiae
2153 1977 2168 2000 ,

585 2021 726 2090 quod
755 2021 972 2092 incipiat
998 2037 1027 2075 a
1056 2023 1351 2078 minoribus
1375 2065 1390 2088 ,
1418 2023 1561 2095 quod
1587 2024 1655 2080 ab
1677 2025 1741 2079 iis
1768 2042 1886 2097 qua:
1913 2041 2019 2082 non
2047 2036 2172 2082 sunt

586 2117 789 2171 ratione
811 2115 1048 2185 pra-dita.
1079 2116 1428 2188 Progrediens
1453 2126 1628 2172 autem
1655 2117 1824 2187 ipsum
1855 2135 2066 2190 quoque
2095 2136 2170 2176 re-

583 2223 703 2276 gem
735 2208 942 2277 attigit,
971 2208 1112 2278 quod
1142 2209 1302 2264 etiam
1334 2209 1564 2264 maxime
1585 2207 1711 2264 fecit
1735 2218 1791 2264 ut
1813 2211 2169 2280 praedicaren-

585 2309 671 2353 tur
688 2315 808 2370 quae
830 2299 1164 2355 eveniebant.
1188 2299 1316 2367 Qua:
1334 2302 1472 2355 enim
1499 2301 1703 2369 privato
1721 2302 1876 2357 alicui
1897 2303 2166 2371 accidunt,

583 2392 749 2448 latere
775 2394 932 2450 etiam
954 2402 1368 2449 consentaneum
1395 2408 1506 2448 esr:
1536 2396 1746 2464 quando
1771 2405 1949 2451 autem
1976 2397 2059 2451 vir
2085 2406 2170 2452 est

584 2485 807 2556 insignis
830 2485 919 2554 qui
951 2485 1154 2554 plagam
1179 2485 1409 2555 accipit,
1442 2486 1574 2538 nihil
1603 2496 1743 2541 vetat
1769 2489 2053 2557 quominus
2081 2503 2167 2542 res

587 2577 782 2648 ubique
822 2576 1082 2631 audiatur.
1116 2576 1402 2648 Postquam
1450 2593 1576 2632 vero
1615 2577 1749 2633 dixit
1776 2595 1990 2634 causam
2021 2621 2034 2643 ,
2069 2597 2166 2635 cur

585 2668 907 2738 percusserit
941 2709 956 2735 ,
1003 2667 1132 2722 dicit
1162 2669 1319 2722 etiam
1349 2670 1548 2738 plagas.
1577 2670 1680 2726 Sed
1708 2688 1878 2742 neque
1905 2689 1996 2728 eas
2023 2689 2166 2743 sepe

581 2769 820 2816 recenset
847 2801 862 2826 ,
893 2775 1064 2830 neque
1089 2759 1358 2831 sigillatim
1388 2762 1720 2832 persequitur
1752 2781 1766 2817 :
1796 2763 1889 2817 sed
1919 2779 2039 2818 cum
2071 2781 2163 2820 eas

578 2869 685 2908 uno
713 2853 876 2909 verbo
898 2853 1267 2923 significasset,
1299 2855 1658 2922 prietercurrit
1687 2854 1912 2910 dicendo
1931 2897 1948 2922 ,
1978 2854 2164 2910 Emisit

580 2944 728 3015 signa
756 2953 804 2998 et
831 2945 1064 3015 prodigia
1080 2944 1131 2996 in
1153 2945 1317 2998 medio
1347 2945 1421 2998 tui
1447 2987 1461 3013 ,
1486 2944 1734 3017 ﬁgypte.
1757 2945 1957 3002 Deinde
1986 2946 2164 3002 educit

577 3053 762 3094 rursus
787 3038 1040 3109 populum
1068 3053 1132 3094 ex
1157 3037 1390 3110 Egypto
1414 3039 1464 3094 in
1491 3040 1759 3095 desertum
1785 3084 1800 3109 ,
1835 3041 2030 3112 ubique
2067 3057 2161 3096 os-

582 3130 805 3186 tendens
833 3146 892 3185 sc
935 3145 1040 3185 non
1072 3145 1191 3185 esse
1229 3131 1393 3186 Deum
1438 3141 1638 3186 tantum
1685 3131 1909 3203 alicujus
1947 3133 2112 3204 partis
2140 3173 2157 3200 ,

580 3241 677 3280 nec
709 3225 760 3278 in
788 3239 948 3278 uuam
988 3224 1156 3278 solam
1187 3225 1460 3294 regionem
1495 3225 1824 3280 dominatum
1863 3227 2108 3282 obtinere
2140 3267 2156 3294 ,

575 3316 670 3372 sed
715 3317 768 3370 in
812 3316 1116 3371 universum
1148 3315 1330 3372 orbem
1375 3327 1550 3372 terrae.
1592 3318 1853 3384 Quocirca
1882 3318 2158 3386 subjuuxit

574 3406 793 3461 dicens:
826 3407 911 3461 10.
945 3405 1046 3471 Qui
1065 3409 1308 3477 percussit
1333 3417 1504 3479 gentes
1533 3409 1719 3462 multas
1751 3450 1766 3476 ,
1805 3419 1852 3463 et
1881 3410 2063 3463 accidit
2087 3425 2157 3462 re-

541 3526 544 3530 -
579 3513 664 3566 ges
683 3497 840 3566 fortes
866 3511 886 3551 :
911 3512 1009 3567 per
1036 3505 1199 3551 totam
1222 3497 1360 3551 viam
1389 3497 1606 3568 pignora
1629 3499 1790 3552 variis
1819 3499 1991 3552 modis
2015 3515 2154 3568 pra:-

573 3588 706 3642 bens
725 3602 837 3642 sua:
867 3587 1147 3658 potentiae,
1178 3597 1232 3644 et
1260 3588 1312 3642 in
1337 3588 1464 3658 ipsis
1489 3588 1743 3645 docendis
1775 3606 1869 3659 per
1893 3605 1980 3644 res
2011 3592 2154 3660 ipsas

569 3680 858 3736 deducens.
890 3680 993 3736 Per
1019 3680 1160 3736 bella
1187 3679 1332 3736 enim
1356 3680 1532 3751 priora
1557 3696 1770 3751 quoque
1795 3680 1978 3737 docuit
2000 3723 2014 3746 ,
2046 3696 2152 3736 non

570 3783 811 3830 naturam
830 3773 988 3842 aeris,
1001 3788 1106 3828 non
1119 3775 1410 3844 potentiam
1423 3775 1936 3842 elementorum,nec
1953 3775 2154 3847 aliquid

565 3865 710 3920 aliud
737 3865 996 3935 ejusmodi
1020 3909 1036 3932 ,
1065 3866 1158 3921 sed
1202 3865 1597 3937 imperatoriam
1638 3884 1854 3922 manum
1883 3909 1898 3934 ,
1919 3883 2038 3939 quae
2059 3883 2152 3924 eos

567 3958 796 4013 ducebat
811 4001 827 4026 ,
843 3974 938 4027 pro
953 3961 1030 4013 eis
1045 3958 1242 4014 bellum
1259 3973 1465 4029 gerere;
1489 3967 1542 4014 et
1557 3971 1840 4031 utrumque
1852 3975 1946 4028 per
1957 3969 2154 4014 utrum-

567 4066 671 4120 que
690 4049 960 4116 ostendit,
990 4064 1087 4120 per
1111 4064 1173 4103 ea
1214 4065 1332 4119 qua:
1367 4049 1504 4105 facta
1545 4060 1671 4106 sunt
1698 4051 1751 4106 in
1790 4050 2022 4122 Egypto
2043 4095 2060 4120 ,
2087 4068 2150 4108 ea

567 4158 687 4211 qua:
717 4141 769 4195 in
789 4139 1078 4195 solitudine
1096 4139 1234 4194 facta
1259 4148 1402 4206 sunt,
1432 4150 1485 4195 ct
1512 4156 1603 4210 per
1628 4158 1694 4196 ea
1719 4157 1838 4212 qua:
1865 4141 2002 4197 facta
2023 4153 2150 4198 sunt

569 4236 621 4288 in
649 4231 966 4299 solitudine,
993 4247 1056 4288 ea
1082 4248 1200 4301 qua:
1239 4232 1291 4287 in
1320 4231 1553 4303 A‘Igypto
1581 4243 1706 4288 sunt
1730 4235 1893 4290 edita.
1923 4236 2149 4305 Quando

567 4326 708 4380 enim
758 4324 858 4392 ipsi
896 4324 1098 4394 absque
1125 4323 1289 4378 armis
1319 4366 1336 4390 ,
1366 4324 1483 4380 acic
1513 4366 1527 4388 ,
1558 4333 1613 4381 et
1651 4326 1835 4395 prazlio
1858 4368 1873 4393 ,
1903 4327 2150 4385 inimicos

568 4417 918 4486 proﬂigabant
943 4456 958 4480 ,
990 4415 1070 4472 eis
1106 4425 1290 4486 aperte
1327 4415 1641 4472 ostendebat
1670 4457 1686 4484 ,
1726 4432 1787 4473 se
1823 4418 1877 4474 in
1917 4418 2150 4491 AEgypto

562 4523 776 4579 quoque
818 4524 922 4563 non
969 4522 1105 4578 opus
1130 4506 1381 4563 habuisse
1415 4508 1691 4564 elementis
1719 4517 1780 4564 ut
1803 4525 1864 4565 ea
1891 4511 2146 4570 adversus

561 4600 684 4654 illus
712 4608 952 4654 moveret
977 4639 992 4664 ,
1018 4598 1114 4654 sed
1138 4599 1298 4654 variis
1326 4607 1384 4655 et
1418 4599 1650 4655 diversis
1675 4601 1848 4656 modis
1877 4604 2143 4660 volentem

561 4705 709 4744 suam
732 4691 1016 4746 ostendere
1030 4692 1342 4762 potentiam,
1365 4692 1623 4749 creaturis
1647 4693 1714 4749 ad
1730 4709 1790 4749 ea
1822 4710 1976 4751 usum
2003 4713 2143 4753 esse.

563 4783 650 4836 11.
683 4780 820 4836 Seon
841 4798 1008 4853 regem
1022 4782 1434 4838 Amorrlneorum
1451 4795 1499 4839 et
1522 4784 1600 4856 09
1622 4802 1787 4856 regem
1811 4785 2000 4844 Busan.
2026 4787 2144 4845 Non

565 4872 901 4942 persequitur
928 4873 1087 4929 urbes
1114 4913 1132 4939 ,
1163 4889 1335 4944 neque
1360 4875 1416 4928 in
1443 4875 1664 4946 singulis
1687 4877 1984 4934 insistendo
2007 4896 2143 4951 pau-

562 4968 708 5022 latim
735 4974 919 5022 narrat
937 4966 1140 5037 praelia,
1169 4967 1264 5022 sed
1293 4983 1477 5024 rursus
1505 4985 1700 5040 magno
1719 4972 1897 5028 animo
1920 4983 2142 5043 praeter-

555 5059 726 5114 currit
769 5052 1194 5112 innumerabiles
1245 5068 1487 5114 catervas
1555 5063 1957 5119 miraculorum.
2005 5064 2139 5121 Cum

555 5153 701 5207 enim
730 5159 910 5220 posset
935 5150 1228 5214 immorari,
1253 5159 1308 5205 et
1334 5151 1642 5221 tragtediam
1673 5153 1820 5208 illam
1849 5156 2142 5225 amplifica-

556 5259 634 5306 re.
660 5257 764 5298 non
788 5242 890 5298 hoc
917 5241 1048 5298 facit
1072 5259 1085 5294 :
1112 5241 1206 5298 sed
1229 5257 1352 5299 cum
1373 5243 1603 5298 maxima
1627 5260 1688 5301 se
1711 5246 1930 5303 oﬂ'erret
1957 5249 2141 5304 multi-

557 5337 683 5393 tudo
709 5351 894 5393 eorum
924 5352 1044 5408 quae
1071 5351 1102 5390 a
1131 5335 1241 5393 Deo
1267 5345 1413 5406 gesta
1434 5347 1598 5404 sunt,
1622 5352 1685 5394 ea
1711 5340 1888 5395 omnia
1913 5352 2138 5411 prater-

554 5429 822 5487 currendo
839 5429 1192 5502 prosequitur.
1216 5429 1373 5500 Atqui
1403 5430 1478 5486 illi
1509 5431 1722 5500 quidem
1749 5443 1902 5490 erant
1925 5437 2137 5504 armati,

557 5531 614 5576 et
642 5521 802 5577 urbes
829 5521 1062 5576 munitas
1092 5519 1402 5576 habitabant
1431 5564 1447 5584 .
1478 5531 1533 5578 et
1575 5523 1651 5578 rei
1699 5524 1947 5583 militaris
1977 5535 2032 5582 et
2058 5528 2135 5583 in-

557 5610 830 5666 struendae
850 5609 984 5666 aciei
1005 5618 1163 5666 erant
1191 5612 1342 5682 periti
1374 5630 1386 5665 :
1423 5613 1474 5667 hi
1508 5628 1633 5667 vero
1664 5615 1908 5684 exsules,
1938 5627 1994 5673 et
2023 5619 2138 5674 bel-

554 5767 661 5825 alii,
705 5767 790 5830 qui
823 5765 1166 5816 beneﬁciorum
1219 5769 1264 5817 in
1299 5769 1539 5820 Israelitas
1575 5771 1856 5823 collatorum
1887 5785 2136 5827 consortes

553 5837 710 5878 erant.

617 5893 631 5923 ³
668 5886 824 5946 savii,
851 5898 944 5934 non
968 5884 1164 5935 desistit.

1361 433 1419 491 S.
1459 435 1734 492 JOANNIS
1771 435 2242 493 ClillYSOSTOSll
2280 440 2594 501 AﬂClllEP.
2635 448 3160 512 CONSTANTI'NOP.
3706 473 3778 529 396

2295 559 2439 652 laudi
2470 561 2669 632 ignari,
2692 580 2721 620 a
2747 567 2902 640 longa
2929 573 3186 629 servitute
3225 583 3279 629 et
3311 575 3543 632 diuturna
3566 588 3781 652 tyrannide

2291 650 2518 719 liberati,
2538 654 2674 712 fame
2696 666 2751 713 et
2774 664 3027 718 terutnnis
3046 668 3363 736 consumpti,
3381 650 3604 729 omnibus
3619 675 3671 728 ad
3688 681 3780 732 acci-

2291 742 2542 812 piendam
2589 747 2834 817 injuriam
2885 755 3147 822 expositi:
3178 757 3274 812 sed
3311 758 3396 814 illa
3432 759 3634 819 ducente
3667 781 3780 822 manu

2289 841 2526 891 omnium
2553 841 2908 908 potentissimi
2939 856 3112 901 erant.

2360 927 2414 984 6.
2443 929 2571 985 Erat
2599 933 2756 987 etiam
2785 934 2983 990 bellum
3005 937 3229 1007 justum.
3260 940 3441 1012 Neque
3463 944 3592 999 enim
3624 961 3700 1002 eos
3723 948 3781 1002 in-

2288 1019 2572 1088 vasissent,
2602 1022 2702 1078 nisi
2738 1024 2814 1079 illi
2844 1027 2923 1080 eis
2943 1042 3161 1083 causam
3189 1029 3460 1087 dedissent
3482 1075 3497 1099 ,
3525 1043 3575 1089 et
3595 1037 3708 1092 viam
3728 1041 3783 1095 eis

2287 1111 2753 1184 interclusissent,
2797 1117 2938 1188 quod
2985 1130 3099 1175 erat
3135 1132 3385 1178 extremae
3416 1125 3780 1187 inliuinanitatis:

2285 1213 2341 1258 et
2381 1203 2638 1262 Idumaeos
2677 1223 2782 1263 non
2813 1209 2935 1265 sivit
2978 1210 3046 1266 ad
3085 1212 3284 1269 bellum
3310 1217 3570 1274 accedere.
3597 1219 3662 1276 Ne
3681 1223 3782 1276 enim

2285 1294 2498 1350 silentio
2525 1297 2872 1368 confidentes,
2903 1312 3023 1372 post
3049 1302 3165 1359 haec
3185 1322 3365 1362 rursus
3388 1308 3696 1377 invaderent,
3716 1315 3782 1368 sed

2281 1385 2481 1440 scirent
2505 1403 2625 1442 cum
2651 1391 2968 1460 quibusnam
2993 1394 3195 1451 bellare
3217 1437 3234 1463 ,
3261 1413 3292 1452 a
3316 1399 3497 1469 quibus
3527 1417 3638 1456 vero
3662 1403 3780 1458 absti-

2287 1493 2418 1532 nere
2439 1490 2732 1548 oporteret,
2765 1481 2864 1538 hoc
2885 1484 3012 1541 facit
3041 1489 3092 1542 in
3124 1490 3408 1547 solitudine
3431 1533 3444 1556 ,
3474 1509 3561 1564 per
3584 1509 3656 1548 res
3679 1496 3779 1564 ipsas

2283 1567 2453 1637 legem
2481 1569 2560 1624 eis
2587 1575 2915 1630 constituens
2938 1617 2954 1643 ,
2981 1579 3248 1647 quomodo
3277 1591 3534 1650 oporteret
3561 1585 3624 1639 uti
3639 1587 3703 1639 eis
3721 1587 3780 1656 qui

2281 1656 2387 1711 illis
2416 1672 2776 1718 occurrerent.
2801 1662 2869 1718 Et
2897 1668 3070 1720 omnia
3095 1686 3249 1740 regna
3277 1670 3532 1726 Chanaan.
3555 1673 3709 1728 Vidisti
3731 1692 3777 1728 ex

2279 1749 2362 1804 his
2388 1749 2570 1808 doceri
2615 1755 2919 1812 universum
2954 1760 3138 1815 orbem
3168 1769 3324 1817 terrae
3348 1763 3373 1816 ?
3399 1764 3778 1832 Quemadmodqu

2276 1843 2419 1897 enim
2451 1843 2588 1914 ignis
2615 1845 2816 1916 spinas,
2846 1849 2916 1903 ita
2939 1850 2974 1904 ii
3003 1865 3187 1907 onmes
3212 1852 3534 1923 invaserunt,
3564 1872 3647 1911 nec
3671 1867 3777 1925 pote-

2277 1941 2361 1986 rat
2403 1934 2686 2006 quisquam
2728 1952 2825 1993 eos
2877 1941 3162 1998 sustinere.
3207 1943 3345 1998 Audi
3387 1962 3509 2016 ergo
3555 1947 3661 2017 quid
3682 1947 3780 2002 dicit

2275 2023 2512 2090 Balaam,
2545 2028 2635 2096 qui
2665 2043 2770 2082 non
2795 2045 2824 2083 a
2857 2029 3152 2100 prophetis,
3183 2050 3288 2088 non
3319 2050 3349 2088 a
3393 2035 3531 2092 llose
3553 2037 3776 2098 didicerat,

2273 2114 2368 2168 sed
2397 2130 2428 2168 a
2455 2115 2615 2170 rebus
2645 2117 2773 2186 ipsis
2800 2136 2812 2172 :
2845 2117 2969 2174 Haec
3008 2131 3083 2175 est
3125 2139 3247 2191 gens
3290 2140 3409 2194 qua
3440 2126 3603 2197 eiingit
3633 2143 3776 2181 anniaut

2275 2215 2460 2258 (errant
2496 2204 2570 2276 (a)
2609 2204 2798 2278 (Num.
2827 2208 2917 2263 22.
2948 2209 3028 2280 ι).
3065 2210 3254 2267 Vidisti
3284 2216 3495 2284 proprie
3512 2217 3677 2271 dictum
3699 2232 3776 2269 me-

2275 2295 2551 2366 taphoram
2577 2296 2734 2352 ?Non
2757 2299 2926 2366 dixit,
2951 2300 3079 2368 Qtne
3105 2302 3302 2358 bellum
3331 2307 3498 2375 gerit,
3529 2323 3630 2376 quae
3659 2306 3777 2360 fundit

2270 2396 2326 2442 et
2353 2388 2578 2454 evertit,
2607 2389 2701 2445 sed
2720 2433 2734 2455 ,
2763 2391 2894 2457 Qua:
2919 2393 3095 2464 elingit
3122 2435 3137 2459 ,
3166 2396 3356 2452 volens
3391 2397 3645 2453 ostendere
3666 2415 3773 2468 quam

2273 2476 2429 2535 facile
2486 2480 2555 2535 ab
2601 2481 2683 2536 eis
2735 2483 2971 2553 pariatur
3022 2485 3240 2541 victoria
3281 2528 3298 2551 ,
3352 2498 3406 2544 et
3453 2489 3684 2560 quomodo
3720 2489 3770 2542 ci-

2272 2579 2352 2624 tra
2380 2573 2692 2642 sanguinem
2720 2574 2786 2629 ab
2810 2575 2888 2630 eis
2911 2585 3107 2646 lr0paza
3130 2578 3422 2648 erigantur,
3449 2590 3500 2635 et
3523 2581 3621 2634 sola
3644 2595 3771 2634 eorum

2272 2661 2577 2719 incursione
2621 2665 2819 2720 inimici
2865 2667 3230 2738 proﬂigrntur.
3279 2669 3398 2725 Non
3439 2670 3769 2741 opus,iuquil.

2272 2751 2470 2808 habent
2531 2755 2786 2811 instructa
2848 2757 3002 2824 acie,
3052 2775 3150 2814 nec
3209 2769 3264 2814 ut
3317 2763 3550 2832 pra-lium
3598 2761 3772 2817 contulit-

2271 2853 2412 2898 tatur
2443 2886 2458 2910 ,
2512 2845 2607 2900 sed
2664 2856 2867 2902 tantum
2923 2849 3174 2906 invadere
3214 2853 3348 2907 satis
3389 2865 3468 2909 est
3500 2897 3514 2919 ,
3564 2863 3612 2909 et
3647 2851 3769 2906 omnia

2267 2937 2346 2992 eis
2371 2937 2585 2992 cedunt.
2616 2938 2730 2993 Non
2760 2940 2932 2995 solum
2961 2945 3101 2996 enim
3134 2952 3190 2998 ut
3218 2943 3337 3014 lege
3365 2947 3487 3001 belli
3514 2958 3563 3002 et
3585 2948 3770 3001 instructa

2266 3031 2382 3085 acie
2406 3032 2679 3088 vincerent
2703 3031 2898 3098 eﬂ'ecit,
2929 3049 2997 3089 ne
3026 3037 3145 3105 quis
3175 3052 3237 3091 ea
3279 3055 3400 3107 qua:
3430 3039 3620 3102 fiebant,
3643 3036 3704 3091 eis
3720 3043 3770 3086 at-

2267 3121 2538 3187 tribueret,
2577 3123 2672 3176 sed
2701 3123 2962 3178 elementa
3004 3126 3149 3181 orbis
3176 3135 3334 3184 terra:
3361 3131 3410 3184 in
3437 3145 3526 3185 eos
3545 3143 3770 3184 commove-

2265 3210 2355 3264 bat
2384 3227 2397 3264 :
2429 3219 2483 3265 et
2507 3211 2628 3267 ideo
2660 3213 2868 3269 animos
2887 3229 3073 3270 eorum
3100 3219 3332 3288 primum
3360 3221 3766 3290 dejiciebatetpct-

2265 3303 2528 3368 turbabat,
2575 3313 2628 3359 et
2667 3305 2863 3362 cadens
2900 3308 3104 3378 grando
3143 3311 3344 3367 multos
3381 3313 3611 3385 perdidit,
3646 3323 3687 3367 et
3717 3308 3767 3363 sol

2261 3395 2427 3462 stetit,
2455 3406 2509 3451 et
2534 3396 2730 3452 bellum
2760 3398 2966 3470 longius
2997 3403 3276 3472 protraxit,
3304 3414 3362 3461 et
3387 3406 3544 3460 multa
3580 3399 3767 3474 ejusmodi

2261 3489 2592 3545 admirabilia
2623 3490 2758 3546 facta
2789 3501 2936 3560 sunt,
2982 3505 3036 3550 et
3080 3495 3326 3553 tubarum
3372 3502 3567 3554 sonitus
3587 3497 3654 3552 vel
3689 3496 3767 3564 igne

2262 3582 2628 3639 vehementius
2667 3584 2718 3638 iu
2765 3593 2937 3640 turres
2967 3587 3175 3642 irruens
3201 3604 3388 3644 muros
3413 3589 3580 3644 diruit.
3604 3587 3768 3642 llucalr

2260 3682 2366 3729 teni
2394 3676 2632 3746 utrisque
2662 3677 2756 3731 fuit
2781 3677 2927 3733 utile.
2955 3677 3085 3734 Nam
3115 3689 3168 3734 et
3197 3680 3270 3735 illi
3300 3681 3590 3745 discebant,
3629 3678 3765 3733 bellum

2258 3780 2362 3820 non
2393 3766 2502 3836 geri
2529 3766 2597 3821 ab
2623 3767 2956 3834 hominibus;
2985 3779 3039 3824 et
3065 3769 3119 3824 hi
3145 3770 3474 3827 docebantur
3500 3780 3550 3824 ut
3573 3769 3628 3824 ad
3651 3769 3765 3824 Deum

2257 3859 2602 3929 respicerent,
2627 3876 2725 3915 nec
2756 3877 3004 3932 umquam
3027 3862 3094 3918 de
3112 3865 3272 3920 rebus
3296 3866 3459 3937 gestis
3481 3882 3536 3921 se
3552 3864 3764 3935 jactarent.

2259 3967 2548 4023 magnosve
2569 3954 2788 4024 spiritus
2809 3965 3100 4023 sumerent,
3130 3958 3223 4013 sed
3253 3974 3315 4014 se
3346 3960 3554 4015 honeste
3576 3967 3619 4010 et
3639 3951 3765 4007 mode

2257 4052 2371 4099 rate
2415 4055 2683 4115 gererent.
2715 4046 2828 4102 lloc
2856 4047 2999 4102 enim
3041 4049 3198 4103 modo
3226 4050 3421 4108 vicisse
3457 4049 3612 4118 majus
3633 4046 3765 4100 eisor-

2257 4144 2564 4191 namentum
2585 4137 2858 4205 afferebat,
2886 4155 3042 4209 quam
3064 4140 3235 4194 solum
3259 4143 3469 4207 vicisse,
3497 4149 3548 4193 ut
3576 4133 3688 4208 quod
3703 4143 3762 4184 εις

2253 4225 2560 4296 Splendidos
2595 4228 2863 4297 redderet,
2895 4239 2950 4285 et
2975 4231 3288 4286 modestiam
3329 4233 3569 4295 doceret;
3593 4219 3762 4297 splendi-

2253 4318 2350 4373 dos
2395 4329 2560 4385 certe,
2600 4320 2741 4391 quod
2783 4323 2939 4377 talem
2987 4322 3242 4378 haberent
3273 4324 3654 4394 imperatorem;
3688 4325 3761 4366 ιηο-

2251 4411 2433 4468 destos
2459 4422 2657 4473 autent.
2689 4413 2830 4483 quod
2862 4415 3130 4484 praeclaris
3155 4417 3266 4470 suis
3295 4417 3445 4471 factis
3471 4429 3566 4470 non
3591 4412 3760 4465 inmme-

2251 4511 2482 4558 scerent.
2528 4504 2614 4558 12.
2645 4502 2711 4558 Et
2739 4505 2877 4558 dedit
2903 4515 3088 4560 terram
3115 4524 3287 4561 eorum
3325 4507 3640 4567 hereditatem,
3661 4499 3760 4548 Inre-

2251 4596 2456 4650 ditatem
2487 4594 2652 4650 Israel
2670 4599 2858 4668 populo
2895 4614 3006 4652 suo.
3036 4597 3148 4654 Hoc
3188 4615 3400 4670 quoque
3434 4607 3512 4654 est
3543 4591 3757 4650 maximum

2250 4689 2589 4754 miraculum,
2619 4689 2762 4760 quod
2791 4705 2898 4745 non
2924 4691 3094 4746 solum
3121 4692 3472 4762 erpellerent,
3502 4689 3584 4744 sed
3618 4690 3756 4738 tetram

2249 4781 2408 4834 etiam
2456 4795 2717 4850 occupare
2744 4790 2980 4850 possent,
3022 4791 3077 4838 et
3103 4783 3262 4838 urbes
3304 4783 3602 4838 distribuere
3627 4765 3756 4840 εηυοά

2249 4871 2329 4927 eis
2363 4888 2576 4942 quoque
2604 4889 2846 4944 magnam
2893 4874 3159 4945 praebebat
3199 4875 3535 4941 voluptatem,
3573 4873 3753 4934 magnum

2249 4978 2644 5029 ornamentum.
2677 4981 2921 5037 magnam
2945 4967 3200 5022 Iustitiam.
3233 4967 3288 5023 Id
3308 4978 3480 5022 autem
3507 4963 3584 5019 Dei
3603 4967 3755 5031 (ιυοίιυθ

2246 5066 2330 5112 est
2357 5059 2625 5125 potentia}.
2653 5059 2764 5113 Non
2791 5060 2932 5115 enim
2956 5076 3114 5129 parva
3140 5077 3224 5117 res
3247 5070 3328 5116 est
3353 5070 3616 5127 occupasse
3634 5046 3755 5115 τιτείοσ

2248 5165 2370 5204 nem
2399 5149 2651 5218 hostium,
2684 5151 2777 5208 sed
2820 5152 2888 5209 ad
2914 5153 3014 5209 hoc
3043 5171 3250 5226 quoque
3279 5171 3466 5225 magno
3493 5150 3572 5207 Dei
3612 5138 3754 5198 auxi“0

2248 5256 2382 5312 opus
2410 5251 2510 5297 est.
2542 5244 2628 5298 15.
2657 5243 2893 5310 Domine,
2919 5262 3100 5300 nomen
3123 5257 3263 5300 tuum
3291 5248 3343 5301 in
3362 5256 3602 5304 internum.
3629 5245 3663 5290 τί
3686 5244 3752 5281 ’³⁸⁸⁸

2246 5334 2457 5388 moriale
2485 5345 2626 5390 tuum
2662 5336 2714 5388 in
2740 5338 3111 5406 generationem
3152 5347 3198 5392 et
3240 5337 3603 5410 generationem.
3628 5323 3748 5381 Alius,

2248 5426 2550 5480 Recordatio
2575 5428 2647 5481 tui
2678 5429 2777 5497 (b).
2807 5428 2903 5484 ilic
2927 5429 3193 5498 intercipit
3217 5429 3464 5485 orationis
3488 5426 3649 5480 seriem
3668 5414 3748 5483 8¹⁰’

2246 5518 2561 5585 rilicatione,
2603 5518 2748 5588 quod
2791 5535 3003 5590 semper
3026 5522 3201 5577 solent
3233 5519 3397 5576 sancti
3445 5518 3612 5571 facere.
3637 5508 3746 5563 Ροθιο

2242 5627 2399 5680 quam
2441 5611 2580 5665 enim
2611 5609 2677 5665 tle
2707 5611 2798 5666 Dei
2832 5612 3101 5667 miraculis
3139 5611 3332 5682 aliquid
3357 5610 3523 5665 dicere
3550 5596 3743 5667 incipien-

2305 5721 2377 5782 (a)
2410 5729 2520 5772 Haec
2542 5729 2656 5772 sunt
2679 5723 2828 5772 verba
2853 5724 3018 5777 Moabi.
3039 5738 3134 5774 non
3161 5725 3370 5776 Balaami.
3398 5733 3485 5770 nec
3505 5722 3668 5782 parvum
3690 5716 3741 5782 [ιζ

2241 5774 2399 5848 terest
2420 5784 2679 5835 discrimen
2705 5785 2810 5833 [nec
2834 5786 2960 5834 inter
2988 5774 3040 5836 et
3063 5783 3140 5836 illa
3158 5799 3266 5848 quae
3289 5789 3335 5834 iu
3364 5774 3481 5832 libro
3500 5774 3742 5829 Suincmrmn

2243 5846 2489 5906 leguntur.

2308 5905 2378 5967 (ι’)
2414 5913 2519 5954 Haec
2546 5908 2882 5971 interpretatio
2907 5909 3044 5972 cuju.
3076 5917 3410 5972 snt‘tgnoratur.
