3956 6408
321 396 436 456 395

321 515 606 586 ἑκατέρων
632 514 839 578 πάντας
868 514 1108 583 ὠφελῶν.
1131 515 1240 568 Καὶ
1260 514 1401 579 τίνος
1414 515 1600 571 ἐνεκεν
1616 515 1716 569 οὐκ
1748 515 1903 583 εύερ-

320 610 478 677 γετεῖ
503 610 597 662 καὶ
628 605 880 674 τούτους;
913 608 1034 661 Ὅτι
1061 606 1316 662 εἰώθασιν
1346 609 1395 662 οἰ
1426 607 1643 672 πλείους
1670 608 1779 662 τῶν
1807 609 1903 661 ἀν-

320 693 562 766 θρώπων
603 695 963 768 πληττόμενοι
999 696 1198 767 μᾶλλον
1235 695 1271 766 ἢ
1320 697 1770 769 εὐεργετούμενοι
1814 697 1903 751 τὸν

318 786 460 840 Θεὸν
503 787 905 857 ἐπιγινώσκειν.
940 788 1094 841 Ἐπεὶ
1125 788 1208 843 ὅτι
1240 804 1307 858 γε
1335 789 1501 853 αὐτὸς
1526 790 1626 843 οὐκ
1653 789 1904 843 ἐϐούλετο

317 877 594 943 κολάζειν,
623 879 725 950 ὅρα
748 879 910 933 αὑτὸν
942 879 1180 950 συνεχῶς
1234 881 1497 952 ἀνέχοντα
1537 880 1636 945 τὰς
1666 881 1901 952 πληγὰς.

319 970 420 1023 καὶ
447 970 514 1023 δι’
563 970 837 1041 ἑκατέρων
870 972 1034 1026 αὐτοῦ
1079 973 1365 1028 δεικνύντα
1417 974 1508 1027 καὶ
1538 972 1638 1043 τὴν
1675 972 1904 1042 δύναμιν

316 1063 419 1116 καὶ
437 1061 537 1134 τὴν
558 1062 990 1135 φιλανθρωπίαν.
1018 1065 1211 1119 Καίτοι
1251 1082 1315 1134 γε
1366 1066 1525 1137 ἢρκει
1556 1066 1696 1136 μετά
1751 1064 1901 1136 μίαν,

315 1153 419 1206 καὶ
452 1153 730 1226 δευτέραν,
757 1154 849 1208 καὶ
882 1155 1095 1227 τρίτην,
1125 1156 1201 1219 ώς
1230 1157 1424 1210 ἀνίατα
1445 1157 1731 1219 νοσοῦντας
1767 1157 1902 1210 ἀπο-

313 1243 476 1299 λέσαι
504 1245 702 1318 πάντη’
729 1244 845 1299 ἀλλ’
881 1247 982 1301 οὐκ
1018 1246 1286 1312 ἐϐούλετο,
1314 1247 1450 1301 ἀλλά
1478 1249 1655 1302 καίτοι
1685 1248 1754 1302 τὰ
1784 1247 1903 1317 μὲλ-

312 1337 478 1390 λοντα
500 1337 781 1411 προειδὼς,
801 1338 896 1392 καὶ
911 1339 992 1392 ὅτι
1017 1338 1137 1392 οὐδὲ
1168 1339 1415 1411 πέμπτῃ,
1449 1340 1570 1394 οὐδὲ
1607 1340 1762 1410 ἕκτῃ,
1782 1339 1903 1392 οὐδὲ

312 1422 523 1496 δεκάτῃ
555 1426 879 1495 γενήσονται
927 1425 1189 1496 βελτίους,
1241 1426 1312 1480 τὰ
1363 1427 1529 1482 αὑτοῦ
1573 1429 1744 1482 ποιῶν
1799 1424 1901 1481 ούκ

314 1514 553 1568 ἐπαύετο
580 1527 629 1556 ι’
658 1515 782 1571 ὅθεν
815 1517 1049 1588 μάλιστα
1073 1519 1166 1572 καὶ
1180 1518 1279 1590 τὴν
1304 1519 1534 1590 δύναμιν
1580 1519 1768 1585 αὐτοῦ,
1809 1519 1904 1573 καὶ

311 1607 419 1679 τὴν
450 1606 798 1678 κηδεμονίαν,
836 1610 928 1663 καί
975 1610 1074 1681 τὴν
1105 1610 1320 1679 σοφίαν,
1350 1596 1444 1664 καὶ
1464 1609 1562 1682 τὴν
1587 1610 1904 1682 ἀγαθότητα

315 1695 437 1750 εστι
459 1697 751 1768 θαυμάσαι.
778 1700 889 1769 Τὴν
903 1698 1154 1770 δύναμιν,
1174 1700 1257 1753 ὅτι
1288 1699 1508 1771 ἔπληξε’
1540 1699 1639 1771 τὴν
1670 1701 1902 1771 κηδεμο-

311 1789 463 1855 νίαν,
489 1789 571 1843 ὅτι
606 1790 821 1862 ἀνέσχετο
847 1792 948 1864 τὴν
969 1792 1182 1862 σοφίαν,
1221 1794 1303 1847 ὅτι
1326 1790 1482 1858 εἰδὼς
1510 1793 1580 1847 τὰ
1635 1793 1900 1864 μέλλοντα

309 1882 382 1935 τὸ
410 1882 575 1936 αὐτοῦ
609 1884 804 1938 ἐποίειο
851 1884 880 1938 ὃ
909 1884 1144 1956 μάλιστα
1187 1887 1283 1940 καὶ
1326 1887 1459 1941 αὐτὸ
1489 1887 1900 1958 φιλανθρωπίας

311 1971 458 2037 ἐστὶ,
492 1973 553 2027 τὸ
572 1974 680 2028 ἀπὸ
708 1974 816 2028 τῶν
848 1977 1188 2048 μικροτέρων
1214 1976 1497 2049 ἄρχεσθαι,
1528 1981 1591 2030 τδ
1643 1978 1751 2031 ἀπὸ
1793 1978 1902 2032 τῶν

310 2062 689 2139 ἀλογωτέρων.
720 2066 832 2121 Καὶ
859 2066 1065 2138 προῖὼν
1080 2068 1138 2121 δὲ
1157 2069 1253 2122 καί
1278 2068 1372 2121 τοῦ
1389 2067 1654 2138 βασιλέως
1673 2068 1897 2139 ἥπτετο,

307 2156 343 2209 ὂ
378 2159 476 2211 καὶ
510 2157 744 2229 μάλιστα
776 2160 1183 2233 ἐκκηρυχθῆναι
1217 2159 1391 2215 ἐποίει
1415 2159 1484 2213 τὰ
1508 2160 1894 2230 συμϐαίνοντα.

309 2248 398 2302 Τά
430 2249 530 2327 μὲν
559 2251 669 2322 γάρ
698 2252 791 2304 ἐπὶ
815 2251 924 2305 τῶν
962 2251 1187 2306 ἰδιωτῶν
1211 2252 1489 2323 γινόμενα,
1514 2251 1661 2317 εἰκὸς
1689 2253 1782 2305 καὶ
1805 2252 1902 2305 λα-

308 2341 449 2395 θεῖν⁸
478 2342 606 2397 ὅταν
630 2342 690 2396 δὲ
719 2345 748 2398 ό
790 2343 1080 2415 δεχόμενος
1116 2342 1214 2415 τὴν
1243 2342 1458 2415 πληγὴν
1495 2344 1800 2415 περιφανὴς
1840 2340 1897 2417 ᾗ,

304 2430 378 2485 τὺ
401 2432 606 2486 κωλύον
636 2433 790 2488 οὐδὲν
811 2434 1089 2505 πανταχοῦ
1116 2435 1185 2488 τὰ
1212 2434 1517 2506 πράγματα
1542 2434 1897 2507 ἐξηχηθῆναι.

305 2520 499 2576 Εἰπὼν
523 2523 699 2578 τοίνυν
725 2523 823 2597 τὴν
859 2525 1056 2586 αἰτίαν,
1082 2523 1149 2579 δι’
1174 2524 1242 2595 ἣν
1284 2523 1546 2592 ἐπάταξε,
1597 2525 1746 2593 λέγει
1804 2525 1899 2578 καὶ

301 2612 413 2678 τὰς
442 2614 674 2685 πληγάς,
694 2616 787 2669 καὶ
810 2614 931 2668 οὐδὲ
953 2615 1159 2680 ταύτας
1193 2614 1485 2685 καταλέγει
1511 2615 1791 2681 πολλάκις,
1809 2617 1900 2669 ού-

301 2706 369 2760 δὲ
399 2706 518 2759 κατ’
554 2702 713 2770 εἶδος,
751 2706 864 2761 ἀλλ’
900 2707 981 2760 ἐνὶ
1015 2709 1219 2778 ῥήματι
1260 2707 1442 2771 πάσας
1474 2707 1643 2772 αύτὰς
1686 2706 1898 2774 αἰνιξά-

306 2812 477 2867 μενος
510 2796 825 2869 παρέδραμε
851 2796 930 2869 τῷ
977 2800 1172 2865 εἰπεῖν,
1231 2797 1658 2864 Ἐξαπέστειλε
1679 2798 1899 2868 σημεῖα

303 2888 413 2944 καί
439 2887 590 2960 [592]
608 2887 823 2958 τέρατα
850 2890 921 2943 ὲν
939 2888 1108 2960 μέσῳ
1141 2905 1278 2953 σου,
1310 2890 1594 2961 Αἴγυπτε.
1626 2886 1763 2946 Εἶτα
1787 2892 1899 2947 πά-

301 2978 393 3031 λιν
449 2978 509 3043 ἐξ
540 2978 819 3048 Αἰγύπτου
866 2980 961 3035 τὸν
1005 2979 1134 3034 λαὸν
1192 2977 1378 3048 ἐξάγει
1412 2981 1493 3045 εἰς
1524 2982 1624 3053 τὴν
1663 2980 1895 3053 ἔρημον,
1927 2998 1943 3011 '

305 3069 587 3142 πανταχοῦ
630 3070 842 3136 δεικνὺς
890 3072 1058 3126 ὅτιού
1109 3072 1333 3144 μερικὸς
1355 3071 1382 3111 δ
1411 3075 1440 3126 ὁ
1471 3072 1625 3138 Θεὸς,
1656 3073 1777 3127 οὐδὲ
1816 3074 1898 3137 εἰς

314 3164 447 3235 μίαν
474 3162 657 3235 χώραν
685 3162 922 3235 κρατῶν,
957 3163 1093 3217 ἀλλὰ
1127 3162 1403 3236 πανταχοῦ
1428 3165 1527 3236 τῆς
1547 3164 1894 3236 οἰκουμένης.

313 3255 406 3311 Διὸ
433 3257 677 3327 ἐπήγαγε
692 3255 885 3326 λέγων·
919 3258 1026 3321 ’ος
1045 3253 1344 3321 ἐπάταξεν
1367 3257 1510 3323 ἔθνη
1544 3257 1764 3321 πολλὰ,
1799 3255 1899 3312 καί

306 3349 623 3406 ἀπέκτεινε
648 3348 935 3416 βασιλεῖς
962 3349 1301 3418 κραταιούςο
1331 3348 1418 3404 διὰ
1450 3348 1632 3419 πάσης
1656 3348 1756 3420 τῆς
1775 3349 1896 3403 ὁδοῦ

305 3443 539 3513 ἐνέχυρα
563 3440 823 3504 ποικίλως
850 3440 952 3512 τῆς
983 3441 1265 3512 δυνάμεως
1294 3440 1459 3496 αὐτοῦ
1486 3440 1683 3505 διδοὺς,
1712 3441 1807 3495 καὶ
1840 3443 1899 3494 ὲν

303 3536 391 3608 τῷ
409 3536 678 3591 διδάσκειν
700 3534 899 3598 αὐτοὺς
925 3533 1014 3589 διὰ
1046 3533 1155 3587 τῶν
1180 3534 1525 3606 πραγμάτων
1554 3533 1897 3605 στρατηγῶν.

304 3630 424 3684 Καὶ
454 3628 560 3701 γὰρ
579 3627 667 3681 διὰ
693 3625 802 3680 τῶν
823 3624 1078 3697 πολέμων
1115 3627 1210 3681 καὶ
1235 3626 1308 3680 τὰ
1337 3624 1577 3696 πρότερα
1598 3624 1895 3690 ἐδίδασκεν,

300 3721 394 3775 ὃτι
415 3720 514 3773 οὐκ
535 3718 697 3790 ἀέρος
717 3716 898 3788 φύσις,
946 3717 1007 3770 ού
1041 3717 1323 3788 στοιχείων
1348 3715 1599 3787 δύναμις,
1625 3716 1726 3768 οὐκ
1767 3714 1896 3769 ἄλλο

302 3813 423 3866 τῶν
442 3812 698 3867 τοιούτων
719 3810 889 3875 οὐδὲν,
920 3809 1035 3865 ἀλλ’
1064 3812 1097 3882 ἡ
1140 3808 1522 3881 στρατηγοῦσα
1547 3807 1727 3861 αὐτῶν
1776 3809 1898 3861 ἐπο-

303 3903 468 3973 λέμει
500 3903 639 3976 χείρ·
671 3902 765 3957 καὶ
784 3901 854 3955 δι’
900 3901 1180 3973 ἑκατέρων
1211 3901 1448 3972 ἐκάτερα
1470 3899 1758 3966 ἐδείκνυτο,
1806 3899 1895 3954 διά

302 3994 423 4050 τῶν
465 3998 521 4049 ἐν
551 3995 814 4068 Αἰγύπτῳ
847 3994 919 4049 τὰ
954 3996 1012 4050 ἐν
1039 3997 1107 4066 τῇ
1165 3994 1389 4067 ἐρήμῳ,
1429 3993 1524 4047 καὶ
1561 3993 1651 4047 διὰ
1702 3992 1808 4046 τῶν
1838 3993 1896 4044 ἐν

304 4089 526 4161 ἐρήμῳ,
549 4089 616 4143 τά
642 4090 700 4143 ἐν
728 4087 1012 4158 Αἰγύπτῳ.
1031 4087 1161 4140 Ὅτε
1188 4085 1298 4158 γὰρ
1324 4085 1481 4167 αύτοί
1505 4084 1674 4157 χωρἰς
1691 4083 1893 4149 ὅπλων,
1946 4123 1956 4134 .

305 4182 408 4238 καὶ
453 4183 831 4256 παρατάξεως,
889 4184 985 4239 καὶ
1035 4182 1234 4254 μάχης,
1293 4179 1520 4234 ἔϐαλλον
1561 4179 1691 4243 τοὺς
1737 4178 1897 4233 πολε-

306 4272 490 4342 μίους,
511 4272 668 4343 δῆλον
725 4273 910 4336 αὐτοῖς
953 4271 1161 4334 ἐποίει,
1204 4270 1288 4324 ὃτι
1316 4270 1411 4324 καὶ
1442 4269 1501 4322 ἐν
1537 4268 1799 4340 Αἰγύπτῳ
1831 4268 1894 4323 ού

305 4362 590 4434 στοιχείων
613 4364 865 4435 δεόμενος
896 4362 1072 4416 ταῦτα
1119 4362 1342 4433 ἐκίνησε
1380 4360 1502 4417 κατ’
1528 4361 1727 4425 αὐτῶν,
1758 4360 1896 4415 ἀλλά

303 4456 571 4523 ποικίλως
617 4457 710 4512 καὶ
740 4454 1015 4526 διαφόρως
1047 4453 1145 4525 τὴν
1176 4453 1372 4507 ἐαυτοῦ
1398 4453 1628 4524 δύναμιν
1662 4452 1896 4520 ἐνδείξα-

302 4553 440 4608 σθαι
459 4550 648 4614 θέλων,
670 4552 783 4614 τοῖς
801 4544 952 4603 οὖσιν
977 4549 1057 4611 εἰς
1081 4545 1255 4600 ταῦτα
1281 4547 1568 4623 ἐκέχρητο.
1591 4546 1703 4601 Τὸν
1721 4545 1897 4614 Σηὼν

293 4645 573 4716 βασιλέα
618 4643 739 4699 τῶν
775 4641 1146 4712 Ἀμορῤαίωγ,
1192 4636 1297 4693 ’καὶ
1344 4638 1453 4692 τὸν
1479 4639 1587 4710 Ὣγ
1627 4638 1895 4702 βασιλέα

300 4740 423 4810 τῆς
448 4738 671 4795 Βασάν.
700 4737 815 4792 Οὐκ
845 4733 1022 4793 έπεισι
1047 4732 1146 4798 τάς
1170 4732 1376 4795 πόλεις,
1392 4731 1514 4785 οὐδὲ
1533 4731 1673 4789 κατά
1698 4732 1893 4805 μικρὸν

260 4860 269 4865 ~
301 4834 459 4903 λέγει
481 4830 577 4906 τὴν
604 4826 931 4901 παράταξιν,
985 4824 1121 4881 ἀλλὰ
1166 4824 1329 4879 πάλιν
1361 4822 1753 4895 μεγαλοψύχως
1784 4841 1892 4879 πα-

303 4923 565 4998 ρατρέχει
592 4917 790 4994 μυρίας
810 4914 1039 4985 νιφάδας
1077 4914 1388 4986 θαυμάτων.
1433 4913 1739 4984 Δυνάμενος
1783 4911 1893 4984 γὰρ

300 5010 667 5085 ἐνδιατρῖψαι,
712 5007 805 5062 καί
833 5006 932 5076 τὴν
983 5002 1292 5075 τραγῳδίαν
1320 5002 1536 5074 ἐκείνην
1565 5000 1891 5070 ἐξογκῶσαι,

299 5104 469 5160 τοῦτο
496 5103 557 5158 ού
587 5103 747 5156 ποιεῖ’
778 5098 915 5153 ἀλλά
943 5097 1037 5152 καὶ
1071 5098 1130 5150 ἐν
1162 5094 1356 5166 πλήθει
1383 5093 1458 5147 ὢν
1487 5095 1581 5148 καὶ
1606 5093 1894 5167 περιουσίᾳ

301 5198 422 5255 τῶν
442 5198 617 5271 ἔργων
643 5192 738 5247 τοῦ
760 5189 920 5255 Θεοῦ,
945 5191 1010 5244 ἐκ
1039 5188 1398 5262 παραδρομῆς
1426 5186 1644 5242 ἅπαντα
1690 5187 1889 5242 ἔπεισι.

303 5290 507 5345 Καίτοι
535 5305 601 5358 γε
621 5287 670 5341 οἰ
693 5283 792 5356 μὲν
832 5280 1168 5352 ὠπλισμένοι
1188 5277 1349 5353 ἦσαν.
1382 5278 1477 5333 καί
1496 5278 1771 5350 τειχήρεις
1798 5277 1895 5331 πό-

303 5382 426 5446 λεις
448 5380 740 5444 οἰκοῦντες,
773 5380 869 5436 καὶ
901 5377 971 5433 τὰ
1006 5373 1241 5431 τακτικὰ
1277 5370 1730 5443 μεμελετηκότεςο
1761 5372 1812 5424 οἰ
1834 5369 1894 5425 δὲ

307 5474 570 5544 φυγάδες,
625 5473 878 5544 πολέμων
918 5470 1154 5541 ἄπειροι,
1183 5465 1430 5528 δουλείας
1466 5464 1684 5536 μακρᾶς
1715 5462 1893 5535 ἀπηλ-

304 5566 570 5638 λαγμένοι
605 5567 698 5620 καὶ
721 5563 1035 5639 τυραννίδος
1065 5561 1309 5632 χρονίας,
1359 5557 1502 5629 λιμῷ
1518 5557 1891 5623 ἀναλωθέντες

310 5660 410 5714 καὶ
437 5657 695 5729 τιμωρίᾳ,
729 5657 862 5710 πᾶσι
890 5653 1242 5726 προκείμενοι
1285 5649 1422 5722 πρὸς
1448 5650 1509 5703 τὸ
1554 5647 1741 5715 κακῶς
1788 5649 1895 5705 πά-

376 5789 401 5817 ⁸
422 5788 569 5837 Savil.
593 5786 647 5834 οὐ
678 5785 893 5833 παύεται.

375 5848 401 5897 ι
437 5849 582 5901 Savil.
609 5847 827 5915 μερικῶς,
853 5843 1016 5896 Morel.
1051 5842 1261 5908 μερικός,
1282 5843 1480 5901 melius.

1391 399 1760 457 EXPOSITIO
1795 400 1856 455 ΠΧ
1896 399 2234 455 PSALMUM
2263 399 2546 457 CXXXIV.

3484 407 3593 463 596

2008 529 2179 586 σχειν⁹
2209 514 2344 569 ἀλλὰ
2373 516 2590 570 πάντων
2615 511 2757 588 ἦσαν
2787 516 3144 589 δυνατώτεροι
3176 515 3265 572 διὰ
3290 518 3389 591 τὴν
3426 535 3594 591 019a-

2002 607 2282 680 τηγοῦσαν
2306 609 2485 663 αὐτῶν
2510 613 2686 679 χεῖρα.

2075 705 2152 762 ς’.
2189 694 2316 770 Εἶχε
2333 699 2389 753 δὲ
2413 699 2585 754 καὶτὸ
2605 700 2812 755 δίκαιον
2840 703 2869 755 ὁ
2899 702 3151 773 πόλεμος.
3183 703 3259 754 Οὐ
3290 701 3401 775 γάρ
3435 702 3592 758 αὐτοὶ

2001 787 2263 860 ἐπῄεσαν,
2281 788 2396 842 ἀλλ’
2419 791 2640 844 ἐκείνων
2659 789 2758 854 τὰς
2785 791 2961 856 αἰτίας
2985 796 3354 864 παρεχόντων,
3370 793 3588 848 ἀποτει-

2000 877 2264 948 χιζόντων
2307 878 2488 942 αὐτοῖς
2504 880 2603 951 τὴν
2623 880 2761 946 ὁδὸν,
2785 881 2921 953 ὅπερ
2941 884 3174 953 ἐσχάτης
3190 884 3589 956 ἀπανθρωπίας

2001 957 2097 1037 ἦν’
2123 966 2252 1032 τούς
2279 983 2339 1022 τε
2354 967 2682 1040 Ἰδουμαίους
2695 971 2795 1023 ούκ
2819 972 3030 1042 ἀφῆκεν
3051 974 3132 1036 εἰς
3153 973 3388 1044 πόλεμον
3415 976 3590 1028 εἰσελ-

2003 1058 2264 1113 θεῖν.”’1να
2282 1060 2391 1132 γὰρ
2413 1061 2487 1132 μὴ
2502 1064 2568 1132 τῇ
2588 1065 2713 1133 σιγῇ
2733 1062 3059 1134 θαρροῦντες
3077 1064 3213 1135 μετά
3228 1065 3401 1120 ταῦτα
3422 1066 3589 1121 πάλιν

2001 1152 2253 1216 ἐπίωσιν,
2282 1151 2396 1205 ἀλλ’
2415 1152 2598 1206 εἰδῶσι
2624 1154 2735 1207 τίσι
2764 1155 2864 1225 μὲν
2903 1156 3176 1227 πολεμεῖν,
3197 1157 3356 1213 τίνων
3379 1157 3437 1211 δὲ
3470 1158 3591 1229 φεί-

2003 1243 2190 1298 δεσθαι
2216 1247 2342 1316 χρὴ,
2367 1247 2425 1297 ἐν
2470 1249 2535 1317 τῇ
2566 1246 2757 1317 ἐρήμῳ
2802 1246 2960 1300 τοῦτο
3010 1251 3171 1311 ποιεῖ,
3194 1248 3280 1303 διά
3300 1248 3409 1303 τῶν
3446 1268 3588 1323 πρα-

2002 1337 2232 1407 γμάτων
2263 1337 2425 1406 νόμον
2447 1338 2631 1401 αὐτοῖς
2651 1336 2845 1402 τιθεὶς,
2883 1337 2999 1401 πῶς
3022 1338 3104 1391 δεῖ
3130 1340 3428 1410 κεχρῆσθαι
3473 1344 3586 1405 τοῖς

2003 1428 2305 1482 ἀπαντῶσι.
2327 1428 2437 1484 Kal
2452 1428 2654 1496 πάσας
2682 1431 2789 1497 τὰς
2809 1431 3134 1498 βασιλείας
3157 1431 3417 1488 Χαναὰν.
3434 1428 3587 1497 Εἶδες

2002 1519 2102 1592 τὴν
2125 1521 2446 1592 οἰκουμένην
2491 1521 2708 1576 ἅπασαν
2734 1521 2981 1576 ἐντεῦθεν
3010 1522 3440 1594 παιδευομένην;
3470 1524 3585 1577 Κα-

2005 1604 2182 1678 θάπερ
2214 1608 2323 1678 γὰρ
2348 1607 2459 1680 πῦρ
2485 1608 2767 1674 ἀκάνθαις,
2791 1609 2963 1674 οὕτως
3006 1610 3244 1682 ἐπῄεσαν
3270 1611 3460 1678 ἅπασι,
3490 1613 3587 1667 καί

2002 1698 2178 1762 οὐδεὶς
2204 1699 2401 1763 αὐτοὺς
2427 1700 2613 1773 φέρειν
2642 1700 2882 1755 ἐδύνατο.
2915 1703 3113 1756 ’Ἄκουε
3160 1703 3290 1772 γοῦν
3322 1704 3377 1757 τί
3419 1721 3585 1774 φησιν

2002 1792 2030 1844 ὀ
2058 1790 2307 1862 Βαλαάμ,
2337 1792 2438 1846 οὐκ
2466 1793 2574 1847 ἀπὸ
2609 1791 2717 1845 τῶν
2763 1794 3077 1864 προφητῶν,
3126 1795 3226 1848 ούκ
3258 1796 3365 1849 ἀπὸ
3420 1796 3587 1849 Mum-

2004 1883 2142 1949 σέως
2188 1882 2398 1954 μαθὼν,
2463 1883 2578 1939 ἀλλ’
2620 1885 2728 1939 ἀπὸ
2754 1885 2863 1939 τῶν
2891 1886 3254 1956 πραγμάτων
3308 1887 3378 1941 Τὸ
3408 1885 3587 1952 ἔθνος

2000 1975 2180 2030 τοῦτό
2201 1976 2335 2030 ἐστι
2360 1976 2427 2028 τὸ
2449 1974 2729 2045 ἐκλεῖχσν
2760 1975 2968 2031 πᾶσαν
3003 1975 3120 2044 τὴν
3145 1976 3282 2045 γῆν.
3307 1973 3459 2043 Εἶδες
3483 1979 3585 2052 τὴν

2004 2067 2319 2139 μεταφορὰν
2336 2068 2542 2140 κυρίως
2565 2066 2863 2139 εἰρημένην
2882 2084 2896 2131 ;
2911 2067 3023 2121 Οὐκ
3038 2065 3181 2129 εἷπε,
3196 2068 3271 2120 Τὸ
3289 2068 3417 2121 πολε
3424 2068 3583 2139 μοῦν⁹

1999 2158 2060 2210 τὸ
2086 2156 2425 2212 καταϐάλλον
2446 2196 2461 2222 ,
2508 2155 2663 2222 ἀλλὰ,
2695 2161 2767 2217 Τὸ
2795 2156 3174 2226 ἐκλεῖχον,τὸ
3204 2158 3436 2229 ἀπονητί
3482 2158 3584 2229 τῆς

2001 2248 2322 2322 [595]νίκης
2348 2251 2697 2320 παραστῆσαι
2729 2247 3066 2319 βουλόμενος,
3094 2250 3189 2303 καὶ
3217 2249 3287 2303 τά
3312 2251 3584 2322 ἀναιμωτὶ

1999 2341 2261 2412 γινόμενα
2283 2340 2543 2411 τρόπαια,
2572 2339 2666 2392 καὶ
2715 2339 2814 2411 τὴν
2844 2340 2903 2406 ἐξ
2952 2340 3253 2412 ἐπιδρομῆς
3287 2342 3579 2413 κράτησιν.

2001 2432 2135 2487 Οὐδὲ
2162 2432 2517 2504 παρατάξεως
2538 2431 2768 2495 δέονται,
2794 2431 2947 2501 φησὶ,
2980 2432 3073 2485 καὶ
3128 2431 3424 2502 συμϐολῆς,
3465 2432 3582 2487 ἀλλ’

2000 2527 2160 2598 ἀρκεῖ
2178 2527 2336 2597 μόνον
2363 2524 2629 2589 ἐπελθεῖν,
2646 2525 2745 2580 καὶ
2762 2524 2979 2578 ἅπαντα
3001 2524 3276 2591 ἐξίσταται
3298 2527 3391 2579 καὶ
3411 2543 3584 2597 παρα-

1999 2621 2186 2691 χωρεῖ.
2217 2615 2295 2673 Ού
2322 2617 2430 2688 γάρ
2455 2616 2519 2687 δὴ
2551 2617 2710 2688 μόνον
2733 2616 2881 2687 νόμῳ
2923 2615 3162 2687 πολέμου
3208 2618 3302 2670 καὶ
3337 2619 3583 2689 παρατά-

2001 2709 2137 2776 ξεως
2187 2713 2407 2783 κρατεῖν
2471 2711 2668 2773 αὐτοὺς
2724 2707 2940 2773 ἐποίει,
2995 2709 3084 2762 ἵνα
3139 2711 3213 2779 μή
3262 2727 3347 2772 τις
3399 2710 3582 2773 αὐτοῖς

1999 2800 2282 2871 λογίσηται
2307 2801 2373 2855 τά
2405 2800 2687 2872 γινόμενα,
2718 2799 2852 2853 ἀλλὰ
2878 2799 2951 2853 τὰ
2986 2803 3224 2871 στοιχεῖα
3269 2801 3371 2870 τῆς
3399 2802 3583 2855 οἰκου-

2002 2893 2171 2965 μένης
2220 2894 2341 2947 κατ⁹
2375 2892 2555 2947 αὐτῶν
2583 2903 2606 2931 ο
2655 2892 2857 2946 ἐκίνει·
2899 2891 2979 2944 διὸ
3018 2895 3113 2947 καὶ
3146 2892 3583 2962 προκατέϐαλλεν

2000 2987 2184 3042 αὐτῶν
2212 2986 2311 3051 τὰς
2355 2984 2610 3048 διανοίας,
2644 2984 2737 3038 καὶ
2765 2983 2977 3055 χάλαζα
3020 2984 3407 3054 κατενεχθεῖσα
3448 2984 3579 3037 πολ-

1998 3078 2125 3142 λοὺς
2154 3075 2426 3141 ἀπώλεσε,
2449 3074 2542 3129 καὶ
2566 3074 2716 3145 ἥλιος
2745 3072 2897 3145 ἔστη,
2927 3074 3031 3127 καί
3050 3072 3126 3144 τῷ
3160 3073 3380 3145 πολέμῳ
3409 3073 3581 3144 μῆκος

2003 3170 2193 3231 ἔδωκε,
2215 3169 2309 3222 καὶ
2331 3167 2500 3221 πολλὰ
2526 3165 2802 3237 παράδοξα
2827 3165 3053 3220 τοιαῦτα
3085 3164 3315 3233 ἐγίνετο,
3349 3166 3443 3218 καὶ
3471 3166 3580 3237 ἠχὴ

2006 3258 2322 3328 σαλπίγγων
2369 3258 2540 3330 πυρὸς
2586 3256 2941 3330 σφοδρότερον
2982 3259 3094 3320 τοῖς
3130 3256 3364 3328 πύργοις
3413 3274 3581 3327 προσ-

2003 3349 2274 3404 ϐάλλουσα
2316 3347 2384 3401 τὰ
2412 3346 2568 3417 τείχη
2596 3348 2924 3417 κατήνεγκε.
2966 3345 3139 3399 Τοῦτο
3185 3346 3242 3399 δέ
3289 3346 3581 3417 ἑκατέρους

2001 3442 2220 3513 ὠφέλει.
2266 3440 2494 3494 Ἐκεῖνοί
2522 3457 2581 3493 τε
2625 3438 2735 3511 γὰρ
2768 3438 3091 3510 ἐμάνθανον,
3125 3440 3200 3503 ώς
3228 3439 3289 3492 ού
3318 3442 3448 3510 παρ’
3481 3440 3580 3492 άν-

2001 3534 2236 3605 θρώπων
2267 3533 2414 3586 ἐστὶν
2442 3534 2470 3585 ό
2490 3531 2723 3602 πόλεμος
2743 3548 2756 3563 ·
2786 3532 2880 3585 καὶ
2911 3525 3056 3585 οὗτοι
3078 3529 3424 3585 ἐπαιδεύοντο
3444 3531 3581 3602 πρὸς

1998 3627 2089 3681 τὸν
2112 3624 2244 3678 Θεὸν
2273 3624 2509 3694 βλέπειν,
2539 3625 2632 3678 καί⁵
2655 3623 2921 3695 μηδέποτε
2949 3622 3041 3675 ἐπὶ
3060 3625 3170 3686 τοῖς
3193 3621 3580 3693 κατορθώμασι

2003 3719 2448 3791 μεγαλοφρονεῖν,
2488 3716 2624 3770 ἀλλά
2653 3717 2745 3768 καὶ
2773 3713 3209 3778 καλλωπίζεσθαι
3241 3715 3337 3767 καὶ
3359 3715 3580 3784 μετριά-

1998 3810 2132 3875 ζειν.
2180 3808 2286 3862 Τοῦ
2313 3807 2423 3878 γὰρ
2455 3806 2727 3878 κρατῆσαι
2774 3805 2836 3858 τὸ
2873 3804 3016 3858 οὕτω
3052 3807 3324 3875 κρατῆσαι
3380 3805 3579 3876 μᾶλλον

1998 3903 2195 3965 αὐτοὺς
2215 3901 2458 3971 ἐκόσμει,
2474 3900 2612 3968 ὅπερ
2641 3898 2737 3953 καὶ
2759 3896 2989 3969 σεμνοὺς
3012 3896 3205 3963 ἐποίει,
3234 3899 3328 3951 καὶ
3360 3900 3580 3969 μετριά-

1997 3993 2111 4058 ζειν
2142 3993 2385 4048 ἐδίδασκε
2407 4006 2420 4021 ·
2451 3992 2680 4062 σεμνοὺς
2714 3989 2836 4060 μὲν,
2862 3990 2945 4043 ὅτι
2970 3988 3211 4043 τοιοῦτον
3237 3986 3381 4059 εἶχον
3416 4006 3580 4060 στρα-

1998 4086 2164 4158 τηγόν
2187 4102 2201 4115 ⁸
2238 4082 2548 4155 μετριάζειν
2570 4082 2648 4146 δὲ,
2676 4083 2759 4135 ὅτι
2787 4082 2886 4135 οὐκ
2913 4081 3136 4145 οἰκείοις
3170 4080 3448 4151 ἐφυσῶντο
3475 4099 3578 4135 κα-

1996 4175 2340 4249 τορθώμασι.
2387 4175 2496 4228 Καὶ
2531 4172 2717 4229 ἔδωκε
2742 4173 2858 4242 τὴν
2891 4172 3010 4244 γῆν
3034 4171 3236 4228 αὐτῶν
3276 4178 3573 4242 κληρονο-

1989 4270 2161 4343 μίαν,
2177 4266 2588 4337 κληρονομίαν
2614 4264 2859 4334 Ἰσραὴλ
2875 4263 3043 4331 λαῷἀ
3061 4264 3270 4319 αὐτοῦ.
3293 4266 3403 4319 Καὶ
3421 4265 3580 4320 τοῦτο

1999 4361 2258 4433 μέγιστον
2293 4357 2502 4429 θαῦμα,
2535 4357 2599 4411 τὸ
2635 4355 2712 4428 μὴ
2758 4356 2919 4427 μόνον
2965 4354 3269 4421 ἐκϐάλλειν,
3301 4355 3440 4410 ἀλλά
3483 4359 3579 4411 καὶ

1996 4452 2294 4524 δυνηθῆναι
2324 4451 2618 4520 κατασχεῖν
2639 4447 2738 4517 τὴν
2762 4448 2888 4518 γῆν,
2916 4446 3012 4499 καὶ
3040 4445 3225 4510 πόλεις
3248 4445 3538 4516 νείμασθαι
3560 4462 3574 4475 ο

1993 4544 2022 4598 ὃ
2052 4543 2148 4598 καὶ¹
2170 4541 2373 4613 πολλὴν
2395 4542 2660 4612 παρεῖχεν
2684 4538 2868 4602 αὐτοῖς
2904 4536 3002 4608 τὴν
3038 4532 3255 4608 ἡδονὴν,
3281 4537 3449 4592 πολὺν
3486 4539 3578 4591 τὸν

1996 4637 2220 4706 κόσμον,
2251 4631 2450 4703 πολλὴν
2493 4632 2591 4701 τὴν
2625 4628 2979 4701 φαιδρότητα.
3009 4629 3119 4683 Καὶ
3149 4628 3309 4683 τοῦτο
3345 4628 3446 4700 τῆς
3481 4631 3576 4684 τοῦ

1994 4726 2130 4781 Θεοῦ
2163 4725 2464 4796 δυνάμεως.
2496 4723 2571 4776 Ού
2611 4721 2722 4793 γὰρ
2754 4720 2947 4793 μικρὸν
2985 4723 3278 4793 κατασχεῖν
3305 4722 3577 4793 πολεμίων

1995 4815 2205 4888 χώραν,
2227 4812 2364 4867 ἀλλά
2381 4810 2583 4882 πολλῆς
2604 4810 2699 4864 καὶ
2723 4808 2957 4865 ἐνταῦθα
2984 4809 3144 4882 χρεία
3161 4811 3354 4883 ῥοπῆς.
3378 4812 3574 4879 Κύριε,

1996 4906 2063 4961 τὸ
2097 4904 2287 4976 ὄνομά
2315 4919 2433 4959 σου
2452 4905 2539 4970 εὶς
2579 4901 2689 4957 τὸν
2717 4901 2924 4967 αἰῶνα,
2963 4902 3059 4956 καί
3090 4902 3156 4956 τὸ
3175 4904 3578 4973 μνημόσυνόν

1993 5016 2112 5054 σου
2135 5001 2224 5066 εἰς
2255 4997 2470 5069 γενεὰν
2495 4995 2595 5050 καὶ
2628 4992 2864 5064 γενεάν.
2888 4993 3105 5061 Ἄλλος,
3141 4992 3209 5046 ἸΙ
3235 4992 3577 5063 ἀνάμνησίς

1992 5107 2132 5149 σου.
2173 5091 2440 5148 Ἐνταῦθα
2458 5091 2525 5162 τῇ
2548 5087 2825 5158 δοξολογίᾳ
2845 5087 2908 5141 τὸ
2932 5086 3153 5156 συνεχὲς
3179 5086 3457 5140 διακόπτει
3476 5084 3575 5139 τοῦ

1992 5186 2175 5256 λόγου,
2198 5186 2335 5255 ὅπερ
2363 5185 2477 5246 τοῖς
2499 5181 2678 5250 ἁγίοις
2706 5179 2880 5232 ποιεῖν
2904 5176 3027 5241 ἔθος
3051 5175 3159 5231 ἀεί.
3191 5176 3443 5230 Ἐπειδὰν
3469 5177 3575 5249 γὰρ

1993 5278 2288 5353 ἀρξάμενοι
2315 5295 2369 5331 τι
2400 5276 2578 5345 λέγειν
2607 5273 2715 5327 τῶν
2738 5271 2834 5325 τοῦ
2866 5268 3003 5323 Θεοῦ
3032 5268 3346 5340 θαυμάτων,
3394 5283 3576 5336 πυρω-

1994 5371 2180 5435 θῶσιν,
2214 5371 2277 5423 ού
2311 5368 2576 5440 πρότερον
2614 5365 2709 5418 ἐπὶ
2754 5362 2818 5416 τὸ
2845 5361 2999 5425 τέλος
3046 5361 3316 5433 ἔρχονται,
3357 5359 3463 5425 ἕως
3508 5359 3576 5414 ἂν

1994 5463 2137 5536 ὑπὲρ
2165 5460 2273 5516 τῶν
2288 5458 2595 5531 εἰρημένων
2614 5455 2879 5522 δοξάσωσι
2901 5453 2995 5509 τδν
3019 5452 3175 5516 Θεὸν,
3201 5450 3303 5505 καὶ·
3325 5447 3575 5523 εὖφημή-
3598 5469 3625 5516 ι

1994 5567 2153 5615 σωσι,
2196 5548 2292 5603 καὶ
2339 5547 2439 5619 τὴν
2483 5544 2780 5616 ἐπιθυμίαν
2825 5543 3148 5615 ἐμπλήσωσι
3188 5540 3290 5613 τὴ)
3338 5540 3568 5594 ἑαυτῶν.

1996 5645 2175 5712 Ὅπερ
2209 5639 2358 5695 καλ.νὸ
2398 5638 2611 5701 Παῦλος
2639 5636 2916 5709 πανταχοῦ
2949 5635 3124 5691 ποιεῖ’
3160 5632 3258 5690 καὶ
3290 5633 3350 5687 ἐν
3386 5648 3571 5704 προοι-
3608 5650 3614 5661 ·

2057 5776 2081 5804 ⁶
2112 5773 2209 5825 Alii
2234 5773 2340 5821 κατ’
2366 5763 2523 5820 αὐτῶν
2553 5771 2795 5828 πολλάκις.

2058 5832 2086 5877 δ
2114 5837 2264 5888 Savil.
2289 5841 2341 5884 et
2362 5836 2444 5886 alii
2466 5836 2533 5885 τῶ
2561 5833 2733 5895 δούλῳ.
