3956 6426
215 450 305 503 597

215 578 299 627 u-s,
340 557 628 615 inﬂammati
670 556 886 623 fuerint,
918 569 1020 609 non
1066 555 1210 623 prius
1253 552 1315 605 ad
1362 550 1518 604 ﬁnem
1567 564 1753 619 perve-

210 654 360 717 niunt,
398 666 544 722 quam
590 664 683 719 pro
726 649 788 703 iis
826 661 943 718 qua:
984 644 1122 699 dicta
1148 655 1272 697 sunt
1298 643 1464 697 Deum
1492 640 1655 710 gloria
1701 649 1753 694 et

211 746 343 801 laude
370 743 649 807 allecerint,
682 750 738 796 et
764 743 833 796 ita
863 753 1016 794 suum
1046 736 1366 792 desiderium
1396 734 1750 802 impleverim.

206 838 337 906 Quini
365 839 513 891 etiam
557 832 748 887 Paulus
783 830 977 900 ubique
1019 829 1142 883 facit
1182 844 1196 883 :
1230 827 1458 881 maxime
1482 838 1656 879 autem
1698 824 1750 878 in

206 930 451 998 prommiis
478 927 827 996 Epistolarum
848 967 862 989 ,
895 935 947 978 ut
975 923 1188 993 quando
1216 921 1343 975 dicit
1369 920 1621 975 Ecclesiis
1649 917 1753 972 Ga-

206 1020 324 1074 latia-
359 1036 370 1071 :
403 1017 570 1069 Gratia
599 1014 735 1069 vobis
761 1026 806 1068 et
843 1031 945 1084 pax
963 1031 993 1067 a
1018 1014 1126 1067 Deo
1173 1012 1328 1066 Patre
1354 1023 1542 1074 nostro,
1570 1020 1615 1063 et
1649 1009 1752 1061 Do-

204 1111 319 1162 mino
339 1107 454 1160 Jcsu
480 1107 695 1170 Christo,
720 1106 803 1173 qui
821 1104 957 1157 dedit
976 1104 1194 1173 seipsum
1221 1120 1311 1171 pro
1338 1102 1550 1170 peccatis
1570 1100 1753 1153 nostris

201 1202 448 1255 secundum
491 1200 791 1253 voluntatem
832 1197 928 1251 Dei
956 1207 1001 1250 et
1045 1196 1214 1250 Patris
1248 1196 1424 1256 nostri,
1473 1195 1553 1247 cui
1590 1192 1753 1265 gloria

201 1296 244 1347 in
283 1295 455 1347 secula
495 1291 812 1345 sreculorum.
841 1291 995 1343 Amen
1025 1288 1162 1361 (Gal.
1191 1291 1241 1343 1.
1274 1289 1327 1343 5.
1360 1289 1436 1356 5).
1466 1287 1534 1341 Et
1559 1288 1609 1341 in
1639 1286 1753 1355 epi-

201 1388 315 1441 stola
344 1386 404 1437 ad
434 1383 703 1438 Rosulanus
730 1398 743 1434 :
783 1381 1007 1448 Quorum
1032 1380 1258 1450 adeptio,
1287 1388 1333 1434 et
1362 1378 1544 1451 gloria,
1574 1387 1620 1430 et
1643 1377 1751 1430 cnl-

201 1487 285 1539 tus,
310 1486 352 1529 et
376 1475 656 1545 promissio,
694 1490 909 1545 quorum
938 1483 1124 1542 patres,
1155 1481 1201 1526 et
1229 1488 1291 1525 ea:
1320 1471 1499 1541 quibus
1523 1461 1752 1525 Cliristus

203 1567 449 1620 secundum
473 1581 692 1629 carnem,
723 1564 811 1632 qui
837 1572 910 1618 est
938 1579 1091 1633 super
1114 1562 1283 1616 omnia
1312 1561 1593 1615 benedictus
1617 1559 1751 1613 Deus

200 1659 243 1711 in
268 1657 458 1713 secula.
487 1656 647 1710 Amen
688 1654 863 1725 (Rom.
894 1654 951 1709 9.
993 1654 1069 1725 4).
1114 1652 1180 1707 Et
1221 1667 1405 1708 rursus
1428 1651 1551 1706 alibi
1581 1669 1594 1704 :
1628 1649 1752 1721 Regi

201 1759 342 1802 autem
368 1748 663 1801 satwlorum
684 1745 978 1809 immortali,
1000 1744 1254 1808 invisibili,
1283 1744 1378 1798 soli
1399 1742 1614 1813 sapienti
1644 1741 1751 1795 Deo

201 1841 338 1894 honor
362 1849 405 1892 et
422 1838 587 1910 gloria
607 1839 659 1892 in
684 1836 869 1891 sa'cula
896 1837 1214 1891 saeculorum.
1244 1836 1399 1889 Amen
1426 1836 1504 1902 (1.
1538 1834 1670 1888 Tim.
1695 1840 1747 1889 1.

202 1935 296 2000 17).
329 1932 395 1986 Ita
425 1934 583 1987 etiam
609 1932 695 1986 hic
723 1929 978 2000 propheta
1005 1945 1123 1982 cum
1156 1938 1333 1983 mente
1361 1926 1614 1998 agitasset
1639 1926 1751 1980 uni-

202 2041 377 2078 versam
407 2025 495 2080 Dei
527 2022 933 2094 providentiam,
982 2021 1186 2091 plagam
1228 2021 1280 2073 in
1321 2019 1571 2090 Egypto,
1606 2018 1747 2071 varia

198 2119 441 2174 ctdircrsa
468 2117 725 2173 beneﬁcia
749 2132 866 2185 quan
888 2116 938 2168 in
967 2113 1248 2168 solitudine
1269 2112 1336 2166 ab
1354 2113 1444 2167 illo
1471 2113 1521 2165 in
1538 2110 1749 2165 Judacos

198 2210 358 2264 collata
383 2218 523 2269 sunt.
548 2224 668 2279 qum
691 2222 786 2276 pro
813 2207 913 2261 illis
943 2206 1198 2259 adversus
1227 2203 1407 2256 hostes
1434 2202 1567 2256 facta
1590 2211 1706 2253 sunt
1732 2220 1747 2256 :

197 2300 252 2352 ab
290 2301 395 2367 ejus
446 2298 701 2353 ineffabili
752 2295 1078 2364 benignitate
1129 2293 1522 2357 inﬂammatus,
1575 2292 1752 2345 emisit

198 2392 629 2460 gloriﬁcationem,
656 2390 839 2443 dicens
864 2407 875 2440 :
902 2387 1135 2449 Domine,
1166 2401 1342 2437 nomen
1371 2392 1509 2435 tuum
1536 2383 1588 2435 in
1609 2392 1751 2435 teter-

199 2500 316 2548 t'tuu,
344 2483 576 2547 Domine,
608 2479 895 2534 memoriale
918 2488 1055 2530 tuum
1076 2493 1105 2528 α
1127 2475 1444 2545 generatione
1466 2474 1517 2527 in
1545 2489 1754 2544 genera-

199 2577 372 2628 tionem.
402 2575 513 2629 lloc
556 2582 671 2638 est,
711 2571 887 2626 Gloria
919 2582 1003 2623 tua
1032 2577 1108 2623 est
1139 2576 1407 2637 perpetua.
1442 2565 1582 2620 Nihil
1608 2567 1748 2619 enim

198 2667 393 2721 ciall‘ert
442 2667 612 2720 ullum
656 2663 1053 2723 detrimentum,
1079 2660 1205 2714 nihil
1232 2674 1349 2714 eam
1393 2657 1746 2725 interrumpit,

197 2761 272 2812 scd
296 2771 374 2815 est
400 2772 633 2828 semper.
677 2766 730 2811 et
758 2764 936 2810 manet
962 2752 1324 2817 immutabilis,
1368 2760 1423 2806 et
1457 2765 1487 2805 a
1526 2764 1754 2805 conver-

198 2851 323 2905 sione
349 2852 567 2906 omnino
591 2850 782 2911 aliena,
809 2847 1005 2901 ﬂorens
1044 2860 1107 2901 ac
1151 2847 1354 2917 vigens.
1386 2843 1521 2912 Quid
1551 2851 1632 2898 est
1659 2857 1754 2895 au-

199 2950 304 3007 tem,
327 2940 620 2994 Memoriale
645 2949 783 2993 tuum
812 2938 863 2991 in
893 2937 1257 3007 generationem
1283 2945 1328 2989 et
1351 2934 1754 3005 generationem?

199 3029 297 3094 Tui,
321 3033 500 3102 inquit,
530 3030 792 3086 memoria
816 3044 921 3083 non
948 3027 1160 3092 desinit,
1189 3035 1243 3081 et
1263 3025 1419 3079 ﬁnem
1443 3040 1545 3078 non
1570 3024 1748 3078 habet.

200 3126 271 3179 14.
302 3126 420 3193 Quia
436 3124 693 3197 judicaln't
716 3122 961 3176 Dominus
985 3121 1225 3191 papulum
1251 3134 1417 3184 suum,
1449 3128 1495 3171 et
1520 3118 1571 3170 in
1601 3117 1752 3171 servis

200 3220 286 3272 suis
309 3220 663 3290 deprecaoitur.
692 3216 787 3272 Vel
816 3224 1038 3284 utraque
1064 3213 1178 3267 [nec
1203 3212 1304 3267 dici
1332 3221 1555 3281 possunt
1575 3211 1640 3264 de
1667 3224 1755 3279 po-

202 3312 322 3380 pulo,
342 3313 470 3383 quod
498 3312 573 3366 de
599 3325 663 3365 eo
692 3321 879 3381 poenas
903 3314 1096 3368 sumet,
1129 3314 1182 3360 et
1213 3314 1391 3374 postea
1419 3303 1670 3369 cessabit,
1698 3312 1752 3359 et

198 3402 322 3470 ipsos
345 3403 602 3460 recreabit
633 3417 646 3454 ε
680 3399 760 3454 vel
801 3397 1030 3461 divisim,
1067 3395 1496 3450 Consolationem
1537 3394 1749 3463 quidem

196 3496 409 3564 accipiet,
453 3497 525 3551 de
575 3493 769 3563 populo
809 3508 821 3544 :
866 3488 1123 3542 Judicabit
1161 3496 1358 3548 autem,
1390 3487 1455 3541 dc
1494 3484 1751 3538 h0stitms.

199 3584 293 3641 Hoc
318 3598 411 3649 est,
444 3587 572 3641 Illos
616 3582 828 3652 quidem
875 3579 1171 3641 recreabit;
1206 3577 1307 3631 hoc
1342 3576 1486 3630 enim
1518 3575 1616 3629 sibi
1646 3575 1757 3628 vult

197 3676 303 3731 illud
330 3720 344 3740 .
370 3676 804 3734 Consolationem
848 3671 1099 3740 accipiet;
1130 3667 1390 3723 Judicabit
1433 3678 1608 3722 autem
1663 3668 1756 3720 ho—

196 3778 290 3822 stes
317 3789 329 3823 :
360 3772 456 3825 hoc
476 3779 584 3833 est,
609 3768 676 3822 de
699 3767 825 3836 ipsis
852 3779 1035 3836 paena-5
1064 3770 1256 3817 sumet.

261 3865 305 3916 7.
337 3865 533 3919 Deinde
560 3861 810 3933 quoniam
832 3873 936 3912 non
963 3864 1169 3927 poterat
1191 3854 1369 3908 dicere
1393 3868 1576 3908 eorum
1615 3860 1758 3907 recte

198 3955 434 4023 iacta,hac
457 3951 783 4027 justiﬁcandi
810 3951 1015 4007 ratione
1035 3948 1215 4013 utitur,
1236 3960 1423 4015 nempe
1436 3946 1648 3998 nomine
1666 3959 1759 4012 po-

196 4047 308 4113 puli,
322 4058 369 4104 et
387 4048 602 4103 nomine
619 4057 912 4099 servorum.
933 4041 1062 4094 Cum
1090 4049 1262 4093 autem
1282 4037 1435 4101 dixit,
1458 4034 1758 4106 Dcprccubi—

200 4148 284 4202 tur,
321 4139 547 4195 ostendit
586 4134 1068 4191 reconciliationem
1104 4146 1223 4186 esse
1258 4130 1396 4183 illius
1436 4129 1755 4191 clementiae,

198 4244 288 4283 non
318 4240 485 4284 autem
514 4244 580 4283 ex
624 4227 832 4282 illorum
862 4223 1087 4277 meritis.
1116 4221 1213 4277 Ubi
1250 4221 1392 4276 enim
1431 4220 1756 4290 deprecatio,

199 4323 335 4375 venia
384 4336 518 4392 opus
577 4327 659 4375 est
706 4336 719 4372 :
772 4316 859 4372 ubi
910 4325 1086 4369 autem
1132 4328 1265 4382 opus
1314 4321 1398 4368 est
1437 4314 1606 4378 venia,
1652 4328 1759 4368 non

196 4423 305 4469 sunt
350 4425 491 4470 recte
548 4414 806 4466 factorum
858 4414 1073 4472 merita,
1124 4407 1217 4460 scd
1269 4415 1351 4461 est
1395 4414 1602 4475 tempus
1653 4406 1764 4461 cle-

198 4505 409 4560 mentiaz.
457 4504 720 4572 Quoniam
766 4514 892 4568 ergo
941 4498 1073 4552 dixit
1121 4498 1362 4568 superius
1402 4512 1418 4549 :
1465 4496 1764 4551 Memoriale

198 4602 323 4649 tuum
349 4598 399 4650 in
427 4594 797 4669 generationem
838 4600 885 4644 et
923 4589 1313 4660 generationem,
1345 4582 1444 4642 soli
1474 4596 1650 4640 autem
1695 4601 1760 4640 ex

196 4688 297 4742 aliis
322 4690 564 4760 gentibus
595 4686 695 4756 ipsi
735 4693 860 4739 tunc
891 4684 1053 4737 Deum
1101 4680 1200 4735 sibi
1244 4680 1635 4745 adscribebant,
1669 4694 1765 4746 per

199 4781 286 4837 hoc
310 4785 409 4838 tale
435 4782 560 4854 quid
584 4778 863 4850 signiﬁcat,
892 4784 947 4830 et
972 4774 1120 4840 dicit,
1147 4773 1300 4829 Salus
1327 4772 1503 4842 populi
1533 4769 1765 4826 ostendit

198 4884 325 4930 tuam
354 4876 491 4948 apud
525 4873 719 4928 multos
746 4869 988 4941 gloriam.
1018 4867 1147 4935 Quae
1172 4867 1313 4920 enim
1343 4873 1528 4919 natura
1553 4863 1599 4918 ei
1627 4864 1767 4919 inest

197 4966 343 5032 gloria
366 5009 380 5032 ,
411 4967 510 5020 etsi
541 4963 718 5024 nullus
746 4976 865 5016 eum
909 4959 1050 5013 colat
1089 4965 1143 5011 et
1183 4957 1466 5021 observet,
1509 4962 1767 5025 perpetuo

198 5068 379 5122 manet,
403 5065 458 5112 et
486 5072 585 5110 nec
615 5052 799 5118 minui,
830 5063 930 5105 nec
955 5048 1196 5111 dissolvi,
1223 5061 1320 5101 nec
1340 5046 1532 5099 mutari
1557 5052 1764 5114 potest:

199 5164 304 5216 quae
343 5149 414 5203 sit
439 5158 617 5202 autem
644 5146 758 5215 ejus
785 5141 923 5212 apud
968 5141 1167 5194 multos
1209 5138 1461 5197 laudatio.
1508 5153 1538 5192 a
1589 5146 1767 5192 nostra

198 5242 343 5295 etiam
388 5243 557 5297 salute
598 5237 927 5296 ostendetur,
974 5248 1093 5288 cum
1134 5246 1231 5287 nos
1271 5232 1556 5297 civitatem,
1599 5230 1767 5284 autem

199 5346 408 5397 sacram,
442 5343 497 5388 et
527 5333 777 5401 templum
819 5327 1200 5394 receperimus,
1235 5332 1289 5379 et
1325 5324 1557 5394 priStinre
1588 5323 1769 5393 reipu-

200 5421 339 5476 blicrc
363 5422 591 5478 restituti
617 5423 892 5477 fuerimus.

266 5513 661 5569 Simulacrorum
703 5515 915 5568 vanitas.
960 5510 1172 5567 Dwmon
1216 5525 1307 5563 cur
1343 5506 1497 5560 idolis
1532 5503 1766 5558 assideat.

200 5632 265 5646 --
292 5605 375 5660 15.
427 5605 713 5661 Simulacra
756 5606 977 5677 gentium
1014 5611 1276 5671 argentum
1303 5607 1349 5653 et
1378 5611 1555 5651 aurum
1578 5637 1593 5660 ,
1617 5609 1770 5666 opera

204 5713 434 5751 manuum
471 5698 746 5753 hominum.
794 5696 1059 5764 Quoniam
1114 5695 1166 5748 in
1217 5689 1476 5762 principio
1527 5688 1769 5754 dixerat,

208 5785 444 5845 Dominus
473 5798 635 5842 autem
662 5798 828 5843 noster
858 5800 964 5856 prae
990 5784 1217 5838 omnibus
1247 5782 1363 5846 diis,
1409 5788 1463 5834 et
1503 5778 1646 5832 visus
1691 5787 1773 5832 est

204 5887 291 5939 rei“
311 5877 759 5948 comparationem
820 5876 1152 5932 introducere
1192 5870 1470 5939 quamdam
1512 5867 1774 5922 excellen-

1274 430 1628 491 EXPOSlTlO
1668 430 1734 487 ΙΝ
1772 431 2093 488 PSALMUM
2132 430 2414 489 CXXXIV.

3339 436 3442 489 398

1860 547 1986 601 tiam
2035 558 2251 617 propter
2306 551 2714 606 imbecillitatem
2759 566 2944 607 eorum
2985 551 3072 621 qui
3117 551 3439 616 audiebant,

1860 638 1980 692 vide
2008 640 2273 706 quomodo
2300 639 2398 696 hoc
2423 642 2598 696 verbis
2634 644 2936 712 ampliﬁcat.
2982 644 3266 713 Postquam
3297 646 3439 699 enim

1861 746 1888 783 a
1918 729 2006 784 Dei
2054 732 2283 799 potentia
2333 731 2536 787 initium
2582 733 2753 800 duxit,
2794 744 2847 789 et
2884 735 3018 789 dixit
3051 750 3172 805 qua:
3219 736 3270 788 in
3312 741 3443 789 caelo

1860 830 2002 884 sunt,
2039 837 2157 892 qua:
2196 823 2248 876 in
2291 833 2453 889 terra,
2479 840 2598 893 qua:
2631 825 2681 877 in
2711 825 2936 896 abyssis,
2963 841 3079 879 unm
3113 827 3164 879 in
3205 826 3439 891 Judzeis,

1859 928 1977 980 qua)
2003 913 2054 967 in
2080 915 2310 982 pr0pria,
2339 929 2458 985 qum
2485 916 2536 969 in
2558 915 2725 970 aliena
2754 926 2913 977 terra,
2944 934 3061 987 qum
3092 919 3142 970 in
3177 918 3436 983 hostibus,

1858 1018 1976 1072 qua:
2006 1005 2056 1057 in
2080 1004 2343 1075 gentibus,
2380 1004 2515 1060 facta
2540 1016 2683 1070 sunt,
2706 1005 2897 1061 deinde
2915 1022 3035 1062 eum
3059 1008 3175 1076 ejus
3201 1008 3441 1077 benigni-

1857 1105 2020 1151 tatem
2052 1111 2353 1152 revocasset
2381 1099 2434 1153 in
2475 1100 2806 1164 memoriam,
2851 1098 3158 1163 bonitatem,
3197 1100 3437 1155 cli-men-

1860 1189 2003 1252 tiam,
2032 1191 2382 1257 curationem,
2407 1192 2743 1261 sapientiam,
2774 1200 2828 1245 et
2859 1191 3166 1259 potentiam.
3188 1200 3242 1245 et
3271 1192 3433 1245 Deum

1856 1294 1975 1335 esse
2003 1281 2391 1344 univerSorum,
2423 1296 2475 1336 et
2499 1282 2733 1337 universi
2763 1282 2909 1336 orbis
2936 1291 3090 1336 terra:
3128 1296 3310 1336 curam
3348 1296 3439 1350 ge-

1855 1386 1976 1426 rure
2020 1371 2360 1434 ostendisset,
2395 1372 2578 1427 irridet
2602 1372 2852 1441 deinceps
2881 1381 2936 1427 et
2965 1372 3260 1449 ludiﬁcatur
3288 1371 3439 1426 idoli-

1855 1477 2035 1517 corum
2064 1464 2283 1519 deorum
2315 1463 2753 1529 imbecillitatem,
2782 1472 2838 1520 et
2859 1465 3038 1519 statim
3083 1464 3150 1519 ab
3195 1466 3304 1534 ipsa
3344 1479 3440 1518 ua-

1858 1564 1972 1608 tura
2017 1554 2069 1608 in
2098 1555 2242 1624 ipsos
2290 1555 2556 1609 invehitur
2588 1572 2604 1611 :
2633 1557 2740 1609 imo
2767 1569 2898 1611 vero
2943 1555 3113 1624 ipsum
3145 1569 3339 1609 nomen
3369 1554 3435 1608 ad

1855 1658 2037 1697 eorum
2086 1645 2553 1714 reprehensionem
2593 1644 2825 1699 adducit.
2873 1643 3074 1699 Idolum
3114 1645 3255 1698 enim
3306 1643 3435 1698 nihil

1855 1744 1936 1789 est
1963 1735 2104 1790 aliud
2133 1751 2289 1805 quam
2317 1735 2439 1805 quid
2484 1735 2800 1790 imbecillum
2839 1743 2894 1790 et
2930 1734 3219 1803 ahjectum,
3261 1743 3316 1789 et
3341 1748 3438 1787 no-

1857 1844 1976 1881 men
2024 1843 2247 1892 summm
2289 1828 2628 1882 inﬁrmitatis.
2675 1827 2931 1895 Quocirca
2964 1826 3085 1882 hinc
3116 1827 3319 1895 incipit,
3350 1827 3432 1881 di-

1854 1934 2002 1985 cens,
2033 1920 2318 1975 Simulaera
2342 1921 2564 1990 gentium
2589 1928 2851 1990 argentum
2875 1929 2922 1972 et
2943 1934 3143 1972 aurum.
3175 1918 3429 1982 Primum,

1853 2015 1994 2084 quod
2021 2015 2395 2079 simulacrum;
2423 2013 2739 2078 secundum,
2761 2012 2902 2081 quod
2931 2013 3159 2066 inanima
3180 2012 3430 2073 materia;

1857 2106 2091 2171 tertium,
2122 2107 2262 2176 quod
2293 2106 2392 2160 hoc
2422 2107 2535 2174 ipso
2560 2105 2699 2174 quod
2729 2112 2853 2157 sunt
2881 2104 3181 2168 simulacra,
3215 2118 3318 2156 non
3346 2118 3428 2155 so-

1855 2197 1961 2250 lum
1993 2212 2055 2250 ex
2099 2196 2291 2265 seipsis
2336 2195 2618 2257 imbecilla,
2662 2195 2783 2248 vilia
2814 2203 2867 2248 et
2912 2194 3118 2261 abiecta
3158 2195 3291 2255 sint,
3339 2193 3433 2246 sed

1854 2290 2011 2341 etiam
2040 2288 2179 2357 quod
2221 2289 2289 2342 ab
2318 2287 2623 2341 hominibus
2662 2288 2813 2340 iactst.
2840 2285 3097 2352 Quocirca
3140 2284 3432 2352 subjunxit',

1859 2380 2025 2449 Opera
2046 2396 2287 2433 manuum
2307 2379 2584 2443 hominum,
2608 2378 2746 2448 quod
2768 2377 2978 2445 quidem
3002 2385 3082 2431 est
3102 2377 3328 2431 maxima
3351 2392 3437 2431 re-

1857 2471 2138 2540 prehensio
2182 2486 2365 2526 eorum
2412 2471 2500 2541 qui
2546 2468 2631 2523 illa
2678 2469 2887 2534 colunt;
2920 2482 3111 2537 nempe
3148 2467 3433 2536 quodcum

1858 2567 1952 2633 ipsi
1983 2566 2087 2618 sint
2116 2566 2167 2618 in
2198 2578 2356 2618 causa
2382 2579 2478 2618 cur
2498 2578 2559 2618 ea
2590 2563 2717 2628 sint,
2747 2562 2797 2615 in
2826 2561 2909 2617 eis
2933 2569 3112 2615 tamen
3143 2575 3252 2614 sum
3280 2574 3429 2627 spem

1854 2656 2038 2709 salutis
2064 2655 2346 2710 collucent.
2374 2655 2459 2709 16.
2489 2652 2559 2715 0s
2581 2653 2783 2716 habent.
2812 2662 2856 2705 et
2879 2668 2977 2705 non
3001 2651 3281 2719 loquentur.
3310 2649 3438 2704 Ocu-

1856 2747 1931 2801 los
1969 2748 2170 2810 habent,
2190 2758 2247 2800 'et
2277 2763 2375 2800 non
2416 2746 2667 2799 uidebunt.
2694 2746 2785 2799 17.
2809 2743 2967 2798 Aures
3006 2742 3205 2805 habent,
3247 2752 3292 2796 et
3335 2759 3436 2796 non

1857 2841 2079 2895 audient.
2114 2839 2291 2909 Neque
2326 2840 2456 2893 enim
2504 2847 2575 2891 est
2615 2838 2821 2906 spiritus
2850 2837 2901 2889 in
2947 2852 3033 2889 ore
3073 2836 3316 2904 ipsorum.
3345 2836 3432 2889 18.

1857 2930 2060 2987 Similes
2085 2933 2186 2986 illis
2214 2932 2340 3000 ﬁant
2362 2932 2447 3000 qui
2472 2931 2667 2999 faciunt
2693 2946 2772 2993 ea,
2804 2938 2850 2981 et
2876 2944 3043 2981 omnes
3064 2929 3149 2996 qui
3174 2928 3435 2992 conﬁdunt

1854 3028 1907 3080 in
1934 3028 2024 3083 eis.
2074 3026 2166 3094 Os,
2212 3028 2400 3095 inquit,
2450 3026 2649 3087 habent.
2703 3035 2750 3078 et
2791 3042 2891 3077 non
2934 3025 3214 3091 loquentur.
3248 3019 3432 3073 Vidisti

1856 3118 2121 3187 quomodo
2147 3126 2299 3187 auget
2329 3118 2646 3179 irrisionem,
2672 3124 2727 3170 et
2753 3114 2988 3169 fraudem
3010 3110 3278 3178 coarguit?
3299 3110 3438 3175 Qun-

1857 3212 1997 3264 niam
2032 3211 2173 3265 enim
2217 3224 2277 3263 ea
2306 3224 2449 3278 smpe
2495 3216 2708 3261 movent
2749 3206 3040 3266 dartnones,
3074 3203 3337 3257 ﬁctionem
3383 3210 3436 3253 et

1856 3303 2157 3358 simulatum
2184 3310 2358 3354 actum
2400 3313 2584 3354 eorum
2612 3297 2827 3367 detegit,
2854 3293 3142 3349 ostendens
3187 3307 3289 3345 non
3317 3306 3436 3344 esse

1857 3395 2098 3466 spiritum
2132 3394 2181 3447 in
2211 3406 2305 3446 ore
2335 3391 2590 3459 ipsorum.
2622 3390 2685 3442 Et
2729 3402 2969 3457 quamam
3001 3394 3082 3438 est
3110 3398 3267 3438 causa
3297 3381 3435 3451 quod

1861 3486 2030 3540 malus
2067 3483 2275 3538 daemon
2304 3482 2503 3551 absque
2548 3480 2652 3533 illis
2696 3479 2823 3533 nihil
2856 3477 2997 3541 iacit,
3030 3491 3129 3530 nec.
3168 3473 3438 3544 loquitur?

1858 3578 2119 3645 Quoniam
2164 3577 2352 3645 stupri,
2394 3573 2660 3637 adulterii,
2707 3583 2759 3624 et
2787 3569 3251 3624 innmnerabilium
3282 3566 3434 3618 vitio-

1860 3686 1976 3725 rum
2009 3670 2268 3723 columnzn
2297 3674 2421 3720 sunt
2447 3664 2632 3717 horum
2664 3662 3065 3716 sintulacrorum
3100 3660 3277 3728 ﬁgura:
3305 3675 3317 3710 :
3346 3658 3441 3708 do-

1860 3775 1989 3815 cens
2018 3773 2111 3814 eos
2139 3758 2227 3828 qui
2254 3740 2578 3811 seducuntur
2602 3794 2617 3820 ,
2647 3768 2741 3822 per
2768 3753 2938 3819 ipsum
2965 3760 3256 3803 statuarum
3285 3762 3440 3814 nepe—

1860 3862 2006 3904 ctum
2036 3863 2125 3903 eas
2150 3863 2236 3903 res
2266 3847 2479 3906 imitari,
2511 3859 2732 3914 quarum
2757 3844 2974 3912 ﬁguram
3016 3840 3298 3909 praeierunt
3344 3851 3444 3890 Sta-

1863 3952 1988 4006 tuzr,
2018 3941 2096 3995 eis
2122 3938 2315 3994 assidet
2343 3952 2403 3991 ea
2434 3949 2672 3998 movens,
2707 3942 2761 3988 et
2787 3932 3075 3999 decipiens.
3109 3929 3306 3985 Deinde
3332 3944 3442 3982 rur.

1863 4048 1954 4087 sus
1978 4034 2082 4086 alio
2126 4026 2501 4084 ludiﬁcationis
2527 4040 2721 4096 genere
2763 4039 2824 4078 ea
2865 4022 3168 4092 aggreditur
3197 4037 3210 4074 :
3241 4019 3445 4074 Similes

1863 4127 1968 4181 illis
1997 4126 2122 4194 ﬁant
2149 4123 2234 4192 qui
2263 4122 2454 4191 faciunt
2485 4135 2562 4173 ea.
2590 4115 2883 4172 Considera
2908 4112 3047 4184 apud
3080 4127 3130 4166 te
3160 4111 3344 4182 quales
3372 4110 3444 4163 dii

1864 4219 1987 4283 sint,
2034 4216 2225 4287 quibus
2251 4212 2363 4267 ﬁeri
2393 4210 2597 4265 similes
2623 4209 2736 4263 dira
2766 4216 2848 4262 est
2889 4203 3217 4275 imprecatio.
3257 4201 3447 4259 Nostra

1865 4320 2041 4364 autem
2064 4322 2169 4360 non
2201 4306 2269 4359 ita
2297 4303 2511 4358 habent.
2538 4302 2820 4355 Extremus
2834 4299 2976 4351 enim
3000 4295 3206 4348 virtutis
3225 4292 3342 4345 linis
3367 4301 3450 4344 est

1867 4404 1918 4459 id
1944 4400 2082 4474 quod
2126 4397 2249 4453 facit
2275 4396 2339 4452 ad
2367 4409 2633 4450 summum
2663 4393 2923 4448 bonorum
2954 4388 3215 4458 fastigium
3252 4384 3451 4474 pertint

1866 4472 2014 4564 gere,
2042 4499 2102 4545 ut
2126 4489 2218 4544 Dei
2249 4497 2502 4557 quantum
2526 4482 2636 4537 ﬁeri
2667 4487 2838 4551 potest
2860 4478 3060 4533 similes
3081 4476 3266 4529 simus.
3297 4472 3449 4540 Apud

1870 4584 1988 4638 illos
2014 4590 2212 4642 autem,
2245 4576 2433 4646 inquit,
2467 4582 2520 4627 et
2548 4573 2724 4626 cultus
2767 4578 2867 4643 est.
2897 4577 2949 4622 et
2975 4566 3046 4619 dii
3080 4565 3230 4621 tales.
3273 4575 3329 4617 ut
3369 4565 3449 4618 eis

1869 4690 1988 4730 esse
2034 4671 2234 4727 similes
2277 4669 2451 4723 locum
2505 4671 2685 4720 teneat
2733 4670 2985 4716 extremae
3034 4656 3449 4727 imprecationis.

1871 4766 2020 4837 Quod
2067 4764 2226 4834 igitur
2263 4760 2371 4814 sint
2399 4757 2618 4811 materia
2664 4753 2916 4817 inanima,
2943 4752 3084 4820 quod
3115 4750 3243 4803 ﬁant
3285 4748 3352 4801 ab
3378 4752 3456 4800 eis

1872 4859 1960 4928 qui
2003 4858 2088 4911 illa
2118 4856 2317 4919 colunt,
2366 4850 2506 4920 quod
2546 4849 2653 4903 sint
2688 4846 2971 4901 simulacra
3002 4844 3267 4908 informia,
3315 4840 3456 4909 qttml

1870 4953 2078 5022 jaccant
2098 4948 2242 5001 nullo
2267 4959 2425 5001 sensu
2449 4941 2688 5012 praedita.
2712 4948 2767 4995 et
2788 4937 2927 5022 quod
2948 4935 3204 5022 adiecerit
3225 4948 3321 5002 pro
3342 4933 3456 4984 dira

1875 5018 2286 5103 imprecatione,
2336 5035 2393 5082 ut
2435 5026 2555 5095 quis
2596 5024 2675 5078 eis
2701 5021 2892 5079 evadat
2931 5019 3163 5074 similis:
3194 5031 3290 5088 per
3322 5018 3456 5076 tunc,

1875 5130 2112 5197 inquam,
2145 5122 2319 5177 omnia
2364 5118 2660 5174 ostenditur
2688 5124 2929 5170 summos
2963 5127 3136 5167 error.
3170 5110 3457 5175 Postquam

1877 5234 2003 5289 ergo
2025 5216 2259 5271 aStendit
2282 5226 2468 5268 eorum
2498 5207 2933 5268 imbecillitatem,
2966 5216 3225 5266 errorem,
3259 5199 3459 5252 daemo-

1877 5324 2002 5365 num
2030 5306 2446 5389 improbitatem,
2478 5314 2661 5354 eorum
2692 5296 2778 5367 qui
2812 5295 2896 5348 illa
2928 5292 3128 5346 iaciunt
3156 5289 3458 5355 stultitiam,

1877 5402 2056 5455 abhis
2099 5379 2508 5455 citoliberatus,
2552 5387 2823 5444 concludit
2862 5383 3160 5439 orationem
3204 5379 3462 5451 gloriﬁca.

1880 5498 2041 5556 tione,
2070 5507 2176 5545 non
2202 5488 2433 5558 amplius
2463 5496 2686 5539 narrans
2712 5495 2774 5534 ea
2804 5494 2921 5549 quat
2952 5477 3089 5530 Deus
3118 5473 3260 5538 fecit,
3291 5480 3350 5526 ut
3375 5473 3462 5539 qui

1880 5603 1938 5644 ea
1961 5587 2070 5656 jam
2097 5582 2227 5636 satis
2252 5573 2651 5635 demonstrarit,
2682 5569 2775 5625 sed
2800 5584 2900 5638 pro
2916 5567 3164 5621 omnibus
3188 5579 3306 5634 quae
3335 5572 3461 5617 sunt

1882 5680 1933 5733 in
1965 5653 2245 5736 confesso,
2275 5668 2489 5725 tandem
2523 5663 2741 5733 exigens
2770 5660 2838 5716 ab
2861 5660 2925 5714 iis
2963 5658 3053 5729 qui
3082 5657 3326 5713 irmmtur
3350 5653 3466 5723 ejus

1885 5754 2144 5825 beneﬁcio
2168 5782 2181 5818 :
2205 5770 2256 5818 et
2287 5760 2406 5816 ideo
2434 5767 2587 5813 vocat
2609 5768 2796 5809 omnes
2819 5751 2881 5806 ad
2906 5749 3366 5822 gloriﬁcationem,
3389 5744 3466 5798 sic

1889 5863 2070 5916 dicens
2140 5857 2224 5912 19.
2260 5853 2453 5908 Domus
2485 5847 2668 5914 Israel,
2709 5844 2979 5899 benedicite
3008 5837 3249 5894 Domino.
3277 5833 3472 5888 Domus
