3956 6412
202 299 303 354 399

199 433 345 480 ριωο.
385 410 556 481 Οἶκος
581 416 746 481 Λευὶ,
775 416 1149 488 εὐλογῆσαι-ε
1179 417 1286 471 τὸν
1315 416 1557 486 Κύριον.
1587 420 1653 471 Ol
1672 433 1772 487 φο-

200 500 472 568 ϐούμενοι
516 499 624 554 τὸν
671 500 910 569 Κύριον,
951 500 1331 571 εὐλογήσατε
1377 502 1485 555 τὸν
1529 499 1766 571 Κύριον.

200 582 542 651 Εὐλογητὸς
561 583 777 651 Κύριος
804 583 873 638 ἐκ
902 583 1053 658 1596]
1084 583 1258 650 Σιὼν,
1280 588 1314 640 ὁ
1340 583 1636 639 κατοικῶν
1674 585 1773 639 Ἰε-

190 666 533 735 ρουσαλήμ.

266 748 332 800 Τί
355 748 555 820 δήποτε
587 750 648 804 οὐ
686 753 894 817 πάντας
914 752 1048 824 ὁμοῦ
1069 752 1244 811 καλεῖ.
1279 752 1392 807 ἀλλ’
1415 752 1496 817 είς
1515 750 1772 821 τάγματα

198 832 452 905 διαιρῶν;
482 834 602 889 Ἵνα
634 835 834 909 μάθῃς,
864 839 947 891 ὅτι
976 837 1147 908 πολλὴ
1185 839 1219 908 η
1245 836 1479 909 διαφορά
1496 835 1598 906 τῆς
1619 835 1772 889 εὐλο·

197 917 335 984 γίας.
366 916 579 982 Ἀλλως
616 918 727 989 γάρ
762 922 790 973 6
818 921 1027 991 ῖερεύς,
1061 921 1238 986 ἄλλως
1261 924 1290 975 6
1314 923 1563 992 Λευίτης.
1597 919 1772 982 ἄλλως

198 1001 226 1052 6
258 999 464 1064 λαῖκὸς,
510 1001 686 1065 άλλως
713 1004 742 1057 6
769 1004 937 1068 πολὺς
965 1004 1093 1068 λαὸς
1118 1004 1348 1074 εὐλογεῖ.
1389 1005 1463 1058 Τὸ
1488 1003 1547 1057 δὲ
1575 1003 1768 1067 εἰπεῖν,

191 1082 598 1153 Εὑλσγήσατε,
618 1085 926 1151 δεικνύντος
953 1089 1070 1142 ἐστὶ
1095 1087 1194 1160 τὴν
1218 1088 1491 1158 μακαρίαν
1511 1085 1603 1140 καὶ
1626 1085 1768 1157 ἀκή-

197 1184 356 1238 ρατον
386 1168 550 1236 φύσιν
572 1170 807 1242 ἐκείνην.
838 1170 1186 1243 Εὐλογήσατε
1201 1172 1333 1241 γὰρ,
1354 1171 1536 1242 φησὶν,
1557 1171 1638 1224 ὅτι
1660 1170 1771 1223 τῶν

195 1252 453 1305 ἐναντίων
512 1252 900 1326 ἀπηλλάγητε,
962 1257 1043 1310 ὅτι
1094 1255 1337 1310 τοιοῦτον
1393 1254 1769 1326 κατηξιώθητε

195 1340 523 1407 προσκυνεῖν
558 1336 710 1403 Θεὸν,
753 1339 835 1393 ὅτι
872 1339 971 1412 τὴν
997 1339 1255 1411 ἀλήθειαν
1280 1340 1578 1408 ἐπέγνωτε.
1612 1339 1769 1392 Ἔστι

197 1420 295 1489 μὲν
327 1421 436 1491 γάρ
463 1421 558 1475 ml
589 1422 752 1486 αὐτὸς
778 1420 1089 1493 εὐλογητὸς,
1121 1423 1179 1476 ἐν
1209 1425 1276 1494 τῇ
1308 1422 1464 1492 φύσει
1501 1421 1642 1492 έχων
1671 1420 1769 1492 τὴν

194 1504 460 1573 εὐλογίαν,
505 1504 566 1557 οὐ
611 1505 865 1575 δεόμενος
913 1507 1014 1578 τῆς
1049 1507 1180 1577 παρ’
1216 1507 1419 1578 ἐτέρων
1456 1504 1766 1576 εὐφημίας*

192 1586 331 1659 πλὴν
360 1587 455 1640 ml
480 1588 639 1659 ὑμεῖς
667 1588 962 1657 εὐλογεῖτε,
1005 1590 1104 1660 οὐχ
1128 1589 1204 1653 ὼς
1241 1589 1433 1661 ἐκείνῳ
1466 1607 1520 1643 τι
1544 1605 1768 1660 προστι-

194 1670 397 1733 θέντες,
422 1670 538 1724 ἀλλ’
561 1671 637 1734 ὡς
665 1671 820 1725 αὐτοί
842 1688 895 1724 τι
923 1672 1067 1742 μέγα
1089 1683 1112 1711 ο
1150 1671 1542 1743 καρπούμενοι.
1576 1669 1641 1726 El
1659 1671 1767 1745 γάρ

193 1754 284 1808 καὶ
322 1754 481 1824 φύσει
528 1753 679 1808 ἐστὶν
715 1753 1028 1825 εὐλογητὸς,
1082 1753 1270 1825 ὥσπερ
1312 1750 1405 1809 οὖν
1453 1755 1550 1808 καὶ
1596 1754 1765 1821 ἔστιν,

191 1837 332 1893 ἀλλά
355 1837 606 1910 βούλεται
634 1839 730 1892 ml
751 1836 883 1909 παρ’
908 1837 1066 1908 ἡμῶν
1085 1836 1450 1906 εὐλογεῖσθαι.
1472 1837 1584 1892 Kal
1604 1837 1768 1892 πάλιν

190 1922 249 1976 δὲ
280 1922 380 1993 τῆς
409 1919 549 1974 Σιὼν
566 1920 861 1993 μέμνηται,
885 1919 980 1973 ml
998 1919 1097 1991 τῆς
1129 1919 1506 1992 Ἰερουσαλήμ.
1550 1920 1767 1992 Ἐπειδὴ

189 2005 301 2078 γὰρ
334 2006 452 2059 ἐκεῖ
480 2003 549 2058 τά
576 2003 677 2074 τῆς
706 2003 983 2067 πολιτείας
1009 2004 1193 2067 αὐτοῖς
1221 2004 1649 2076 συγκεκρότητο,
1674 2004 1768 2057 ml

187 2090 259 2142 τὰ
296 2088 394 2157 τῆς
419 2087 674 2158 λατρείας
707 2086 964 2140 ὐπόθεσιν
1007 2082 1121 2157 εἷχε
1164 2086 1391 2158 ταύτην,
1422 2088 1516 2142 καὶ
1558 2087 1768 2141 ἐκεῖθεν

190 2171 563 2233 ἐπαιδεύοντο,
611 2171 706 2224 ml
758 2169 1184 2243 ἐρρυθμίζοντο,
1234 2170 1482 2242 βούλεται
1540 2171 1766 2242 ποιῆσαι

188 2258 320 2319 τοὺς
356 2255 556 2318 τόπους
584 2253 814 2326 σεμνοὺς
840 2256 906 2326 τῇ
937 2254 1224 2327 ἐπωνυμίᾳ
1249 2255 1342 2308 τοῦ
1380 2253 1539 2316 Θεοῦ,
1571 2256 1657 2308 ἵνα
1681 2255 1767 2307 αί-

186 2340 400 2410 δέσιμοι
443 2337 615 2402 ὄντες,
667 2336 868 2407 μᾶλλον
914 2336 1102 2401 αὐτοῖς
1132 2331 1235 2392 ὦσι
1288 2337 1762 2409 περισπούδαστοι,

187 2421 649 2495 περισπούδαστοι
671 2421 728 2475 δέ
750 2419 924 2483 ὄντες,
960 2419 1158 2491 μᾶλλον
1191 2420 1389 2485 αὐτοὺς
1410 2420 1762 2490 ἐφέλκωνται,

185 2506 537 2576 ἐφελκόμενοι
558 2504 637 2568 δέ,
664 2502 980 2576 προσηλῶσι
1002 2504 1068 2574 τῇ
1096 2502 1341 2575 λατρεία,
1368 2503 1766 2576 προσηλοῦντες

183 2590 266 2655 δέ,
292 2591 375 2654 είς
398 2587 621 2659 μείζονα
642 2587 849 2655 ἄγωσιν
865 2585 1090 2659 ἀρετὴν,
1105 2586 1174 2641 δι’
1191 2586 1257 2658 ἣν
1280 2587 1457 2641 πάντα
1479 2585 1698 2656 ἐγένετο
1711 2587 1762 2640 δ.

200 2672 368 2727 Ἀλλά
394 2672 517 2726 τότε
549 2671 647 2742 μέν
694 2669 1054 2741 Ἰερουσαλὴμ
1083 2670 1179 2725 ml
1211 2670 1369 2733 Σιὼν,
1399 2671 1638 2742 σήμερον
1664 2670 1719 2724 δὲ
1738 2670 1766 2722 6

182 2757 417 2832 οὐρανὸς
441 2757 535 2810 καὶ
554 2756 626 2810 τά
652 2756 712 2809 ἐν
745 2756 857 2818 τοῖς
880 2754 1150 2826 οὐρανοῖς.
1181 2754 1368 2827 Τούτῳ
1393 2755 1457 2827 δὴ
1484 2755 1578 2808 ml
1604 2756 1767 2825 ἡμεῖς

180 2833 358 2910 ὦμεν,
401 2837 727 2910 παρακαλῶ,
765 2837 1202 2910 προσηλωμένοι,
1243 2839 1331 2893 ῖνα
1369 2838 1462 2892 ml
1497 2837 1607 2890 τῶν
1635 2836 1767 2909 μελ-

181 2922 392 2977 λόντων
412 2920 760 2992 ἐπιτύχωμεν
783 2920 1026 2990 ἀγαθῶν,
1054 2920 1239 2993 χάριτι
1269 2920 1364 2975 καὶ
1387 2920 1768 2993 φιλανθρωπίᾳ

179 3006 283 3060 τοῦ
308 3005 513 3078 Κυρίου
543 3003 699 3075 ἡμῶν
739 3002 915 3074 Ἰησοῦ
939 3004 1200 3075 Χριστοῦ,
1232 2998 1276 3073 ᾧ
1314 3006 1348 3076 ἡ
1373 3003 1500 3069 δόξα
1528 3005 1609 3068 είς
1641 3004 1769 3067 τοὺς

181 3089 392 3154 αἰῶνας
418 3089 527 3142 τῶν
556 3087 791 3142 αίὼνων.
809 3088 1001 3160 Ἀμήν.

557 3257 670 3312 ΕΙΣ
705 3256 844 3312 TON
880 3256 1028 3311 PAE'
1065 3254 1387 3311 ‘FAAMON.

194 3384 705 3457 Ἔξομολοτεῖσθε
727 3384 808 3451 τῷ
828 3385 1043 3457 κυρίῳ.
1063 3384 1151 3438 ὅτι
1171 3381 1411 3457 ἀγαθὸς,
1442 3381 1531 3437 ὅτι
1553 3383 1641 3451 είς
1661 3384 1771 3439 τὸν

612 3455 797 3509 αἰῶνα
826 3455 894 3509 τὸ
914 3454 1087 3522 ἕλεος
1107 3454 1314 3510 αὐτοῦ.

253 3580 329 3626 α’.
350 3571 534 3627 Εἰπὼν
552 3572 665 3627 ἀνω
686 3571 931 3643 περὶτῆς
946 3570 1263 3642 εὐεργεσίας
1288 3569 1384 3624 τοῦ
1413 3569 1548 3626 Θεοῦ
1571 3571 1669 3642 τῆς
1691 3572 1771 3636 είς

173 3654 507 3727 ἀνθρώπους
532 3654 835 3726 γενομένης
853 3664 901 3721 ε,
934 3655 1030 3708 καὶ
1062 3654 1191 3726 περὶ
1216 3654 1317 3722 τῆς
1346 3657 1643 3724 ποσότητος
1675 3653 1769 3708 τοῦ

174 3741 375 3804 ἐλέους
405 3738 570 3793 αὐτοῦ
601 3736 930 3807 διαλέγεται,
959 3739 1021 3791 οὐ
1056 3737 1272 3809 μετρῶν
1305 3739 1459 3805 (οὐδὲ
1481 3741 1590 3810 γάρ
1613 3739 1770 3793 δυνα-

174 3822 326 3891 τὸν),
354 3821 490 3875 ἀλλά
518 3821 597 3891 τῷ
628 3822 844 3892 ἀπείρῳ
874 3820 934 3873 τὸ
975 3820 1207 3890 μέγεθος
1233 3820 1397 3875 αὐτοῦ
1422 3823 1771 3894 παραστῆσαι

178 3904 532 3976 βουλόμενος,
567 3904 663 3957 καὶ
689 3904 1001 3977 παρακαλεῖ
1019 3904 1157 3976 πρὸς
1176 3904 1482 3973 δοξολογίαν
1501 3905 1767 3972 ἅπαντας,

175 3988 373 4042 καλῶν
398 3988 494 4042 ml
521 3987 694 4056 λέγων
715 4004 729 4018 ο
773 3987 1266 4057 Ἐξομολοτεῖσθε
1286 3985 1368 4052 τῷ
1388 3988 1582 4055 Κυρίῳ
1605 4006 1618 4019 ·
1648 4005 1772 4041 του-

172 4073 392 4136 τέστιν,
423 4071 817 4143 εὐχαριστεῖτε,
849 4072 1150 4142 εὐφημεῖτε
1178 4070 1358 4125 αὐτόν.
1389 4071 1517 4124 Ὅτι
1547 4074 1636 4136 είς
1666 4071 1774 4124 τὸν

174 4153 377 4209 αἰῶνα
415 4153 486 4208 τὸ
540 4156 714 4220 ἕλεος
773 4154 980 4208 αὑτοῦ.
1040 4153 1106 4207 Τί
1156 4152 1214 4206 δέ
1270 4155 1417 4207 ἐστιν
1440 4193 1456 4216 ,
1510 4158 1615 4221 Εἰς
1667 4153 1775 4208 τὸν

173 4235 410 4303 αἰῶνες
438 4237 515 4291 Οὐ
551 4237 682 4291 ποτέ
709 4236 831 4308 μὲν,
866 4238 1051 4307 φησὶν,
1076 4236 1374 4307 εὐεργετεῖ,
1407 4237 1537 4291 ποτέ
1565 4237 1621 4290 δέ
1642 4236 1769 4305 ἀφί-

177 4335 407 4382 σταται,
441 4319 562 4373 οὐδέ
599 4320 732 4373 ποτέ
767 4319 866 4390 μὲν
896 4319 1055 4382 ἐλεεῖ,
1090 4320 1221 4373 ποτέ
1251 4317 1309 4371 δέ
1351 4318 1602 4382 παύεται,
1639 4319 1773 4391 ὅπερ

173 4405 275 4456 ἐπ’
329 4401 634 4474 ἀνθρώπων
673 4401 985 4473 συμϐαίνει,
1030 4402 1127 4456 ml
1168 4401 1331 4456 πάθει
1378 4401 1771 4475 κωλυομένων,

174 4487 286 4541 καὶ
312 4484 560 4556 εὐτελείᾳ
586 4485 1054 4556 διακοπτομένων,
1085 4484 1180 4538 καὶ
1201 4484 1464 4557 θεραπεία
1492 4486 1775 4556 ἐμποδιζο-

175 4570 394 4642 μένων,
439 4571 536 4623 ml
573 4569 892 4640 περιστάσει
930 4566 1272 4638 πραγμάτων
1303 4568 1365 4621 οὐ
1389 4568 1775 4639 συγχωρουμέο

169 4670 327 4709 νωψ
362 4653 478 4707 ἀλλ’
511 4656 539 4707 ὁ
581 4653 714 4717 Θεὸς
747 4652 808 4705 οὐ
836 4649 1098 4714 τοιοῦτος,
1137 4649 1273 4703 ἀλλὰ
1317 4649 1583 4721 διηνεκῶς
1611 4650 1770 4713 ἐλεεῖ,

170 4739 281 4793 καὶ
313 4737 570 4791 οὐδέποτε
592 4735 828 4791 παύεται
856 4733 1017 4787 τοῦτο
1044 4733 1235 4798 ποιῶν,
1267 4733 1369 4788 κᾶν
1388 4734 1659 4806 διαφόρως
1679 4736 1776 4789 καὶ

168 4820 454 4885 ποικίλως
480 4820 725 4891 ἐπιτελῇ.
774 4818 886 4871 ’Δεὶ
917 4812 1010 4873 οῦν
1041 4816 1200 4883 ἐλεεῖ,
1227 4817 1322 4871 ml
1336 4815 1594 4870 οὐδέποτε
1627 4817 1777 4871 ἵστα-

168 4922 272 4957 ται
298 4904 432 4967 τούς
460 4900 782 4974 ἀνθρώπους
802 4898 1130 4971 εὐεργετῶν.
1163 4896 1296 4952 Εἶτα
1316 4897 1507 4962 εἰπὼν,
1539 4900 1620 4953 ὅτι
1637 4898 1777 4954 ἐλεεῖ

166 4985 502 5049 διαπαντὸς.
523 4984 764 5040 δείκνυσι
788 4983 882 5037 ml
904 4983 971 5037 τά
990 4982 1257 5053 δείγματα
1273 4981 1368 5035 τοῦ
1401 4980 1551 5055 [597]
1569 4981 1775 5046 ἐλέους,

168 5071 281 5123 καὶ
332 5066 429 5121 τοῦ
477 5066 771 5130 διαπαντὸς
801 5065 982 5137 μένειν
1027 5062 1193 5118 αὐτοῦ
1219 5065 1312 5118 τὸν
1350 5064 1517 5128 ἔλεον,
1570 5066 1635 5119 ἐκ
1666 5064 1775 5119 τῶν

165 5148 490 5217 ὁρωμένων
513 5146 834 5217 ποιούμενος
866 5143 965 5215 τὴν
981 5141 1283 5208 ἀπόδειξινο
1308 5144 1404 5196 ml
1428 5143 1615 5214 ἐπειδὴ
1639 5143 1775 5215 πρὸς

166 5225 478 5285 εὐσέϐειαν
505 5230 702 5292 αὐτοὺς
725 5228 753 5268 ἀ
785 5225 1167 5300 ἐχειραγώγει,
1187 5227 1288 5299 δρα
1312 5225 1429 5289 πῶς
1452 5225 1612 5280 πάλιν
1639 5226 1775 5297 πρὸς

164 5315 316 5379 τοὺς
340 5313 450 5367 τῶν
482 5313 750 5385 Ἐλλήνων
782 5311 941 5376 θεοὺς
967 5309 1331 5374 ἀποτείνεται,
1356 5308 1518 5365 πάλιν
1538 5312 1605 5381 τῇ
1639 5310 1775 5382 αὐτῇ

166 5395 602 5467 συγκαταϐάσει
631 5395 992 5469 κεχρημένος.
1026 5393 1091 5448 Τί
1122 5394 1233 5464 γάρ
1283 5407 1480 5466 φησιν;
1531 5392 1777 5463 Ἐξομοο

240 5577 271 5608 ι
298 5574 419 5624 Sav.
444 5573 815 5635 ὡςαύτοὶμέγα.

241 5637 280 5681 ι
308 5637 427 5686 Sav.
445 5635 640 5696 ἐγίνετο.

242 5703 271 5758 ξ
300 5699 420 5747 Sav-
443 5697 769 5758 γεγενημένης·

236 5755 267 5795 δ
300 5758 420 5809 εον.
438 5755 602 5815 αὐτὴν.
884 5758 889 5765 ’

1302 298 1669 356 EXPOSlTlO
1706 298 1770 352 IN
1811 297 2137 356 PSALMUM
2176 302 2436 357 CXXXV.

3341 318 3448 369 400

1875 417 2158 488 λογιεῖσθε
2195 417 2276 484 τῷ
2316 418 2439 486 Θεῷ
2494 421 2664 484 θεῶν,
2715 423 2838 477 καθ’
2886 425 3113 481 ἕκαστον
3161 429 3446 499 ἐπιλέγων,

1878 501 2009 583 ’Θτι
2040 505 2128 569 εἰς
2146 502 2450 557 τὸναιῶνα
2476 508 2545 558 τὸ
2561 506 2733 573 ἕλεος
2759 509 2968 564 αὑτοῦ.
2996 511 3129 576 Kal,
3157 512 3242 578 Τῷ
3258 517 3452 583 Κυρίῳ

1878 581 1997 638 τῶν
2022 586 2264 652 κυρίων.
2306 587 2394 640 Ἐν
2422 588 2518 658 μέν
2538 586 2631 642 οὖν
2651 591 2728 661 τῷ
2751 593 3001 665 προτέρῳ
3020 593 3220 666 ψαλμῷ
3242 581 3450 665 ἔλεγεν,

1876 667 1957 720 ὅτι
2001 669 2154 739 παρὰ
2192 668 2402 733 πάντας
2429 672 2555 735 τοὺς
2593 672 2748 737 θεούς
2786 677 2967 730 ἐστιν’
3003 676 3237 732 ἐνταῦθα
3276 679 3332 734 δὲ
3370 680 3451 734 ἔτι

1878 750 2060 812 πλέον,
2099 752 2180 805 ὅτι
2214 753 2308 805 ml
2358 751 2564 824 Κύριος
2595 756 2774 809 αὐτῶν
2818 758 2913 812 ml
2964 761 3241 832 Δεσπότης
3273 764 3455 817 αὐτῶν

1877 835 2046 917 ἐστιν,
2077 835 2143 889 ἄν
2172 853 2231 889 τε
2255 835 2362 892 τῶν
2386 837 2617 893 εἰδώλων
2645 840 2831 913 λέγῃς,
2860 841 2925 896 ἄν
2954 861 3013 897 τε
3033 844 3140 898 τῶν
3159 844 3449 917 δαιμόνων.

1877 916 1943 971 Εἰ
1972 918 2081 987 γὰο
2110 920 2203 973 ml
2226 921 2583 992 ἠτιμωμένοι,
2610 925 2704 978 καὶ
2732 928 3232 998 προσκεκρουκότες
3263 931 3313 983 οί
3340 930 3454 985 δαί-

1880 1018 2062 1072 μονες,
2092 1002 2231 1057 ἀλλά
2254 1004 2430 1059 δοῦλοι
2456 1008 2550 1060 ml
2585 1008 3008 1074 ὑποκύπτοντες.
3043 1010 3142 1064 Διά
3170 1012 3329 1066 τοῦτο
3356 1010 3453 1070 οὖν

1879 1084 2311 1166 ἐξομολογεῖσθε,
2345 1092 2532 1162 φησὶν,
2561 1093 2643 1147 ὅτι
2664 1094 2796 1147 Θεὸν
2828 1095 2981 1166 ἔχετε
3010 1097 3228 1150 πάντων
3250 1098 3453 1154 ἀνώτε-

1880 1185 1991 1240 ρον,
2014 1163 2075 1223 οὐ
2101 1171 2287 1240 ὅμοιος
2309 1173 2505 1238 οὐδεὶς,
2537 1176 2753 1231 πάντων
2771 1163 3069 1249 Δεσπότην.
3100 1180 3314 1237 πάντων
3339 1182 3421 1236 Κύ
3436 1213 3451 1224 -

1882 1267 2017 1321 ριον.
2053 1252 2247 1306 Καίτοι
2288 1254 2401 1307 τῶν
2445 1257 2885 1329 εὐαρεστούντων
2913 1262 3157 1316 καλεῖται
3194 1262 3347 1327 Θεὸς,
3374 1264 3452 1328 ὡς

1875 1332 2004 1387 ὅταν
2031 1334 2166 1408 λέγῃ
2188 1351 2203 1365 ·
2243 1336 2391 1404 Ἐγώ
2417 1341 2534 1410 εἰμι
2566 1343 2600 1394 ό
2624 1341 2770 1409 Θεὸς
2809 1343 3086 1414 Ἀϐραὰμ,
3121 1346 3221 1399 καὶ
3253 1349 3287 1400 ό
3308 1349 3454 1413 Θείής

1889 1415 2096 1471 Ἰσαὰκ
2132 1418 2230 1471 καί
2265 1421 2299 1473 ό
2337 1421 2483 1488 Θεὸς
2522 1423 2745 1479 Ἰακώϐ.
2799 1423 2924 1489 Πῶς
2959 1422 3052 1481 οὖν
3085 1427 3317 1483 ἐνταῦθα
3343 1428 3454 1483 τῶν

1874 1499 2146 1571 δαιμόνων
2196 1503 2390 1574 φησίν;
2440 1505 2580 1560 Ἀλλ’
2620 1508 2822 1579 ἑτέρως
2865 1511 3061 1573 ἐκεῖνο,
3111 1513 3206 1566 καὶ
3253 1512 3454 1582 ἑτέρως

1873 1584 2053 1639 τοῦτο.
2097 1583 2248 1639 Ἐκεῖ
2282 1587 2380 1656 μὲν
2405 1588 2515 1659 γάρ
2542 1590 2629 1644 ἵνα
2662 1590 2761 1662 τὴν
2799 1592 3073 1648 οίκείωσιν
3103 1597 3449 1666 παραστήσῃ,

1875 1667 1973 1721 ml
2020 1667 2118 1739 τὴν
2153 1668 2355 1742 πολλὴν
2384 1673 2521 1743 πρὸς
2556 1675 2755 1740 αὐτοὺς
2798 1677 3048 1748 ἀγάπην·
3096 1678 3330 1734 ἐνταῦθα
3368 1679 3452 1745 δέ,

1875 1749 1963 1804 ἵνα
1986 1751 2086 1822 τὴν
2118 1751 2393 1826 ὐπεροχὴν
2419 1756 2682 1831 γνωρίσῃ.

1950 1876 2035 1941 Τῷ
2054 1877 2326 1932 ποιοῦντι
2346 1876 2649 1946 θαυμάσια
2667 1879 2900 1949 μεγάλα
2909 1883 3077 1951 μόνῳ
3092 1897 3107 1913 ο
3125 1883 3212 1937 ὅτι
3240 1885 3327 1951 εὶς
3346 1884 3452 1938 τὸν

1873 1954 2061 2011 αἰῶνα
2080 1958 2149 2011 τὸ
2179 1957 2354 2023 ἕλεος
2381 1958 2591 2012 αὐτοῦ.
2638 1960 2854 2031 Ἐπειδὴ
2881 1961 3220 2031 ἀπεφήνατο,
3242 1964 3322 2017 ὅτι
3347 1965 3455 2018 Κύ-

1877 2040 1993 2113 ριός
2024 2042 2142 2095 ἐστι
2171 2041 2278 2095 τῶν
2304 2040 2466 2104 θεῶν,
2492 2042 2588 2095 ml
2613 2044 2910 2113 Δεσπότης,
2942 2048 3008 2117 τῇ
3042 2048 3312 2115 ἀποφάσει
3348 2068 3452 2102 πα-

1878 2122 2024 2194 ρέχει
2063 2123 2248 2177 λοιπὸν
2276 2122 2375 2195 τὴν
2400 2124 2701 2191 ἀπόδειξιν,
2731 2127 2826 2179 ml
2863 2128 3258 2192 κατασκευάζει
3285 2130 3347 2184 τὸ
3375 2132 3451 2184 εί·-

1874 2205 2131 2279 ρημένον»
2167 2205 2275 2259 ἀπὸ
2313 2207 2413 2275 τῆς
2444 2207 2729 2277 δυνάμεως
2755 2208 2916 2262 αὐτὸν
2945 2209 3106 2263 πάλιν
3138 2211 3453 2282 ἀνακηρύτ-

1870 2284 2000 2345 των.
2016 2288 2128 2341 Kal
2151 2287 2251 2341 οὐκ
2267 2282 2412 2354 εἷπε,
2430 2288 2521 2359 Τῷ
2541 2291 2846 2362 ποιήσαντι,
2867 2291 3021 2359 ἀλλὰ,
3047 2293 3134 2359 Τῷ
3155 2294 3448 2359 ποιοῦντι,

1871 2371 2085 2435 δεικνὺς
2111 2370 2276 2424 αὐτὸν
2313 2371 2579 2442 διηνεκῶς
2610 2373 3022 2444 εὐεργετοῦντα,
3050 2376 3147 2431 ml
3175 2377 3449 2447 θαυματο-

1871 2453 2149 2520 ποιοῦντα,
2179 2454 2275 2509 ml
2304 2454 2582 2525 παράδοξα
2616 2456 3003 2529 ἐργαζόμενον.
3031 2460 3141 2513 Καὶ
3162 2460 3256 2513 δύο
3278 2461 3452 2515 ταῦτα

1871 2538 2036 2593 αὐτοῦ
2063 2537 2277 2609 τίθησιν
2304 2550 2327 2578 ο
2356 2537 2628 2611 ἐξαίρετα,
2664 2542 2746 2595 ὅτι
2774 2559 2835 2594 τε
2862 2545 3027 2602 ποιεῖ,
3058 2544 3152 2598 ml
3178 2545 3258 2598 ὅτι
3289 2545 3450 2616 μόνος

1872 2625 2050 2677 ποιεῖ’
2080 2622 2279 2694 μᾶλλον
2300 2622 2359 2677 δέ
2392 2624 2486 2676 ml
2507 2624 2654 2695 τρία,
2689 2625 2785 2678 ml
2815 2625 3058 2696 τέσσαρα
3077 2644 3091 2658 ·
3111 2628 3206 2682 καὶ
3230 2628 3340 2700 γάρ
3365 2631 3449 2684 ὅτι

1872 2708 2035 2771 ποιεῖ,
2062 2705 2159 2760 καὶ
2178 2706 2261 2760 ὅτι
2287 2704 2563 2776 θαύματα,
2589 2708 2684 2761 καὶ
2714 2707 2925 2779 μεγάλα
2951 2709 3225 2780 θαύματα,
3253 2712 3346 2764 ml
3367 2713 3449 2767 ὅτι

1876 2788 2034 2860 μόνος
2065 2792 2224 2843 ποιεῖ.
2261 2789 2449 2843 Ταῦτα
2474 2790 2534 2844 δέ
2570 2789 2631 2844 οὐ
2664 2791 2801 2862 πρὸς
2825 2791 3081 2861 ἀθέτησιν
3106 2792 3197 2846 τοῦ
3229 2793 3448 2859 Παιδὸς,

1872 2871 2008 2926 ἀλλά
2041 2872 2175 2943 πρὸς
2199 2872 2604 2943 ἀντιδιαστολὴν
2632 2875 2845 2946 εἴρηται
2874 2873 2982 2927 τῶν
3013 2873 3304 2944 δαιμόνων.
3338 2877 3450 2930 Kal

1873 2956 1994 3011 τίνα
2029 2955 2205 3010 ταῦτά
2244 2957 2361 3010 ἐστι
2390 2956 2459 3011 τὰ
2504 2956 2757 3027 θαύματα
2798 2956 3016 3027 ῖδωμεν,
3056 2957 3123 3011 τά
3154 2958 3383 3028 μεγάλα,
3418 2960 3455 3013 ἀ

1878 3039 2038 3110 μόνος
2075 3041 2237 3092 ποιεῖ.
2277 3038 2464 3093 Καίτοι
2503 3055 2568 3108 γε
2599 3039 2903 3111 ἀρχόμενος
2930 3040 2991 3092 οὐ
3016 3041 3143 3110 περὶ⁹
3168 3041 3451 3113 δυνάμεως

1872 3121 2119 3192 διελέχθη
2160 3124 2312 3193 ἡμῖν,
2354 3122 2491 3177 ἀλλά
2515 3123 2642 3194 περὶ
2680 3122 3087 3194 φιλανθρωπίας
3126 3125 3219 3178 ml
3254 3126 3454 3193 ἀγαθό-

1872 3221 2055 3275 τητος.
2114 3205 2602 3276 Ἐξομολογεῒσθε
2642 3206 2773 3278 γάρ,
2813 3208 2967 3275 φησὶ,
3001 3205 3082 3271 τῷ
3110 3210 3325 3276 Κυρίῳ,
3362 3208 3453 3264 ὅτι

1874 3287 2115 3356 ἀγαθός.
2169 3289 2292 3353 Πῶς
2320 3284 2415 3343 οὖν
2449 3292 2530 3353 είς
2564 3289 2657 3343 τὸν
2701 3290 2829 3361 περὶ
2860 3289 3144 3362 δυνάμεως
3189 3292 3453 3361 ἐμπίπτει

1874 3371 2033 3440 λόγον
2077 3371 2312 3426 ἐνταῦθα
2348 3372 2567 3437 λοιπόν;
2620 3372 2744 3427 Ὅτι
2785 3372 2906 3443 οὐχὶ
2949 3374 3230 3444 δυνάμεως
3270 3376 3451 3444 μόνον,

1874 3454 2012 3508 ἀλλά
2049 3455 2460 3528 φιλανθρωπίας
2491 3454 2666 3510 ταῦτά
2691 3456 2808 3510 ἐστι
2844 3455 2913 3509 τά
2938 3456 3211 3529 θαύματα.
3244 3459 3376 3512 Τίνα
3396 3459 3456 3513 δέ

1876 3540 1995 3593 ἐστι
2022 3540 2093 3594 τά
2135 3538 2391 3610 θαύματα
2429 3539 2664 3604 δεικνὺς,
2707 3539 2906 3608 ἐπάγει
2931 3540 3141 3609 λέγων’
3176 3539 3258 3607 Τῷ
3291 3542 3457 3611 ποιή-

1876 3637 2054 3678 σαντι
2075 3622 2221 3688 τοὺς
2247 3621 2546 3691 οὐρανοὺς
2567 3621 2639 3675 ἐν
2660 3623 2931 3685 συνέσει,
2956 3621 3037 3688 τῷ
3059 3624 3455 3691 στερεώσαντι

1877 3705 1994 3775 τὴν
2018 3704 2135 3775 γῆν
2158 3705 2258 3760 ἐπὶ
2282 3705 2401 3759 τῶν
2417 3703 2668 3759 ὑδάτων.
2692 3705 2937 3775 Ἕτερος,
2963 3704 3046 3771 Τῷ
3073 3704 3399 3772 πιλήσαντι
3429 3705 3453 3747 ί

1877 3788 1993 3857 τὴν
2013 3787 2131 3858 γῆν
2163 3789 2300 3858 παρ’
2332 3788 2513 3843 ὕδασι
2532 3828 2547 3852 ,
2579 3786 2661 3853 τῷ
2694 3786 3015 3854 ποιήσαντι
3040 3787 3204 3858 φῶτα
3222 3790 3456 3858 μεγάλα

1874 3873 2069 3943 μόνῳ,
2098 3870 2207 3926 τὸν
2252 3871 2432 3939 ἥλιον
2465 3873 2553 3938 είς
2591 3870 2883 3934 ἐξουσίαν
2907 3869 3018 3940 τῆς
3061 3870 3311 3941 ἡμέρας,
3341 3872 3456 3938 τὴν

1878 3952 2154 4020 σελήνην
2182 3952 2455 4035 καλπίς
2485 3953 2745 4023 ἀστέρας
2765 3956 2852 4019 είς
2883 3953 3174 4018 ἐξουσίαν
3206 3953 3317 4023 τῆς
3345 3972 3458 4008 νυ·

1878 4037 2041 4102 κτός.
2075 4034 2266 4089 Ταῦτα
2297 4043 2321 4080 6
2342 4037 2391 4088 εί
2420 4036 2514 4089 ml
2542 4037 2643 4110 τὴν
2670 4036 2900 4108 δύναμιν
2930 4037 3094 4091 αὐτοῦ
3122 4038 3216 4091 καὶ
3242 4037 3338 4109 τὴν
3368 4055 3456 4091 σο-

1881 4123 2011 4193 φίαν
2045 4122 2322 4192 ἐμφαίνει,
2358 4122 2474 4176 ἀλλ’
2502 4123 2654 4194 ὅμως
2686 4123 2780 4177 ml
2808 4123 3009 4195 πολλὴν
3037 4122 3134 4195 τὴν
3166 4123 3456 4194 φιλανθρω·

1879 4206 2012 4260 πίαν
2033 4206 2292 4260 δείκνυσι.
2319 4206 2393 4260 Τὸ
2417 4207 2516 4278 μὲν
2541 4207 2651 4278 γὰρ
2669 4206 2811 4261 οὕτω
2841 4207 3051 4278 μεγάλα
3067 4207 3339 4275 γενέσθαι,
3363 4211 3457 4263 ml

1879 4289 2022 4344 καλά
2051 4290 2147 4343 καὶ
2189 4288 2412 4360 διαρκῆ,
2446 4290 2545 4360 τὴν
2592 4291 2743 4360 ίσχύν
2786 4290 3171 4362 ἁνακηρύττει,
3218 4290 3311 4344 ml
3358 4291 3457 4361 τὴν

1882 4372 2078 4442 σοφίαν
2094 4390 2110 4405 ·
2141 4372 2202 4426 τὸ
2228 4372 2286 4426 δὲ
2303 4371 2370 4426 δι’
2390 4374 2538 4443 ἡμᾶς
2570 4374 2710 4429 αὐτὰ
2734 4373 3008 4443 γενέσθαι,
3035 4372 3130 4428 καὶ
3153 4373 3250 4444 τὴν
3269 4375 3457 4444 χρείαν

1878 4454 1979 4526 τὴν
2002 4456 2301 4526 ἡμετέραν,
2335 4454 2433 4525 τὴν
2458 4455 2869 4527 φιλανθρωπίαν
2899 4454 3051 4527 [598]
3082 4455 3175 4508 ml
3198 4454 3296 4525 τὴν
3323 4457 3456 4523 ἀγα-

1880 4537 2081 4610 θότητα
2108 4539 2208 4608 τὴν
2227 4538 2472 4609 διηνεκῆ.
2503 4539 2664 4610 Ὁρᾷς
2685 4538 2800 4602 πῶς
2829 4541 2907 4602 είς
2924 4539 3013 4591 τὸν
3032 4537 3201 4591 αἰῶνα
3227 4538 3288 4590 τὸ
3312 4537 3457 4602 ἔλεος

1881 4619 2083 4686 αὐτοῦς
2121 4621 2196 4673 Οὐ
2225 4619 2335 4692 γὰρ
2368 4621 2505 4691 πρὸς
2539 4621 2671 4676 δέκα
2705 4622 2800 4676 ml
2825 4621 2998 4675 εἴκοσι
3032 4620 3128 4691 ἔτη
3160 4620 3459 4691 πεποίηκεν

1880 4701 2041 4768 αὐτὰ,
2084 4703 2205 4755 οὐδέ
2245 4702 2382 4775 πρὸς
2427 4703 2641 4767 ἑκατὸν,
2695 4705 2790 4758 ml
2836 4704 3104 4769 διακόσια,
3153 4704 3247 4757 ml
3291 4705 3457 4775 χίλια,

1885 4786 2022 4840 ἀλλά
2060 4786 2255 4856 παράιι
2286 4787 2464 4839 πᾶσαν
2496 4789 2593 4858 τὴν
2626 4787 2772 4859 ζωὴν
2802 4788 2959 4860 ἡμῶν
3002 4786 3265 4854 ἐξέτεινεν
3297 4788 3457 4842 αὐτά.

1881 4871 1974 4924 Διὸ
2002 4870 2098 4924 ml
2125 4868 2284 4924 τοῦτο
2298 4868 2494 4944 δηλῶν,
2519 4872 2577 4926 ἐν
2596 4872 2813 4945 ἑκάστῳ
2844 4873 3012 4942 στίχῳ
3039 4872 3303 4941 ἐπιλέγει,
3333 4872 3460 4925 Ὀτι

1880 4955 1967 5019 είς
1989 4953 2097 5007 τὸν
2124 4950 2313 5008 αιῶνα
2338 4953 2404 5007 τὸ
2415 4954 2590 5021 ἕλεος
2613 4955 2817 5011 αὐτοῦ.
2844 4957 2953 5010 Καὶ
2968 4956 3028 5010 τὸ
3054 4955 3119 5026 δὴ
3137 4955 3458 5025 ἐκπλῆττον,

1884 5039 1965 5092 ὃτι
2010 5036 2233 5109 ἐποίησε
2288 5039 2407 5109 μὲν,
2440 5039 2537 5093 ml
2581 5039 2779 5094 ἔδωκεν
2807 5039 2865 5105 ἐξ
2894 5038 3071 5111 ἀρχῆς
3113 5038 3457 5106 γινόμεναίο

1884 5123 2071 5193 ἐπειδὴ
2096 5122 2153 5176 δέ
2183 5123 2398 5194 παρέϐη
2423 5125 2451 5177 ὁ
2473 5124 2782 5196 ἄνθρωπος,
2810 5124 2932 5176 οὐδὲ
2960 5121 3133 5184 οὕτως
3159 5119 3321 5173 αὐτὸν
3346 5120 3460 5185 ἐξέ-

1883 5205 2079 5260 ϐαλεψ
2139 5205 2276 5260 ἀλλὰ
2322 5205 2468 5278 ἆπερ
2501 5205 2701 5261 ἔδωκεν
2747 5208 2846 5275 οὐχ
2883 5202 3202 5275 ἁμαρτόντι,
3255 5200 3461 5265 τούτοις

1952 5396 1976 5423 ε
2002 5380 2084 5431 Sic
2108 5382 2241 5438 Sam,
2268 5380 2391 5430 Mor.
2417 5392 2535 5428 vero
2552 5377 2704 5428 ταῦτα
2728 5380 2927 5437 τίθησιν.

1951 5439 1970 5476 ί
2003 5445 2109 5492 Duo
2129 5456 2244 5490 mss.
2269 5443 2339 5503 τῷ
2364 5442 2641 5499 πεδήσαντι,
2669 5441 2820 5489 codex
2864 5445 3031 5503 aylem
3061 5439 3357 5503 Reginum,
3379 5438 3458 5501 qui

1884 5504 2131 5564 Chrysost.
2172 5501 2347 5560 refert,
2382 5503 2545 5564 habet:
2570 5503 2846 5564 πελήσαντι-
2881 5501 3017 5564 Hanc
3051 5512 3172 5550 vero
3197 5502 3461 5552 lectionem

1884 5561 2039 5615 eodéx
2068 5565 2237 5624 (ζώει,
2260 5577 2393 5612 num.
2416 5563 2493 5621 £8,
2516 5562 2807 5624 Symmacho
2829 5561 3017 5613 tribuit.

1947 5628 1973 5687 β
1997 5626 2128 5674 Unus
2144 5623 2295 5673 ταῦτα
2316 5626 2405 5687 γὰρ
2428 5626 2484 5687 εί.

1949 5685 1976 5725 h
2004 5687 2087 5737 Sic
2109 5688 2221 5735 Sav.
2245 5685 2402 5734 recte}
2430 5686 2547 5734 Mur.
2572 5685 2703 5747 πρός.

1956 5751 1973 5788 ι
2001 5749 2112 5797 Sav.
2138 5749 2405 5810 γενομένου,
2429 5751 2587 5798 minus
2608 5756 2762 5798 ret‘le.
