3928 6420
212 301 291 355 till
1212 296 1571 389 EXl’OSlTlO
1604 297 1666 352 IN
1709 299 2025 359 PSALMUM
2064 306 2320 363 CXXXV.

207 413 406 470 fruenda
439 420 551 479 post
583 419 877 479 peccatmn,
911 424 1008 464 nec
1031 410 1303 478 prohibuit
1328 409 1612 479 quominus
1642 423 1759 480 post

205 505 319 563 illud
345 511 605 576 peccatum
627 503 705 557 eis
728 502 800 556 uti
826 513 878 557 et
901 501 999 555 frui
1022 511 1221 571 posset.
1238 502 1420 573 Neque
1444 518 1571 558 vero
1600 519 1761 558 unum

204 598 369 652 uelum
391 596 553 651 solum
584 596 724 658 fecit,
751 596 843 650 sed
867 597 1025 650 etiam
1055 597 1280 650 alterum
1304 614 1318 649 :
1347 596 1430 651 vel
1454 596 1521 649 ab
1543 597 1763 652 exordio

200 690 471 745 ostendens
493 705 590 742 nos
616 688 683 741 ab
712 704 778 743 eo
809 706 913 743 non
944 690 1326 760 relinquendos
1367 693 1422 745 in
1457 703 1595 746 terra
1622 734 1636 757 ,
1668 694 1760 748 sed

200 784 301 836 iure
329 792 377 836 ut
404 798 494 835 nos
522 782 644 835 hinc
671 783 1073 838 transferamur.
1098 785 1153 838 Si
1181 785 1323 839 enim
1356 800 1461 839 non
1491 793 1638 840 esset
1664 801 1760 842 nos

197 878 305 930 illuc
328 874 690 941 translaturus,
712 890 809 928 cur
838 875 1150 945 productum
1180 884 1325 931 esset
1344 877 1558 932 caelum?
1581 877 1762 948 Neque

196 969 320 1023 enim
344 976 422 1021 est
452 966 549 1020 huc
580 966 652 1020 illi
679 968 1002 1023 elementum
1034 970 1161 1023 utile
1188 988 1202 1023 :
1236 970 1375 1024 nulla
1408 986 1466 1024 re
1496 970 1639 1026 enim
1672 973 1759 1026 in-

192 1057 320 1128 diget
351 1075 364 1110 :
398 1054 487 1109 sed
517 1072 636 1110 cum
686 1059 811 1111 velit
847 1074 945 1119 nos
998 1048 1124 1114 illuc
1163 1074 1192 1113 a
1244 1070 1382 1114 terra
1437 1062 1716 1118 traducere
1740 1104 1756 1127 ,

192 1149 490 1219 prmparavit
516 1148 839 1207 habitacula.

246 1288 296 1342 2.
334 1289 689 1358 Quamobrem
735 1306 857 1347 cum
890 1293 1005 1348 bmc
1036 1294 1198 1350 sciret
1230 1297 1510 1365 prepbeta,
1546 1298 1754 1354 unicui-

188 1399 276 1451 que
297 1385 463 1439 versui
494 1387 768 1457 sithjuugit
809 1405 822 1441 :
855 1387 921 1441 lu
951 1391 1195 1444 sccculum
1227 1392 1574 1452 misericordia
1623 1396 1752 1465 ejus,

188 1475 432 1531 admirans
463 1478 582 1546 ejus
610 1479 1012 1549 benignitatem.
1045 1482 1146 1549 Qui
1193 1484 1415 1551 ﬁrmavit
1444 1494 1629 1540 terram
1669 1504 1756 1540 su-

188 1583 266 1635 per
305 1584 476 1638 aquas.
515 1570 648 1624 Vide
705 1571 793 1627 hic
835 1588 1052 1643 quoque
1103 1592 1291 1630 rursus
1341 1577 1749 1648 benignitatem.

187 1658 452 1732 Pestquam
480 1665 624 1717 enim
654 1663 779 1719 farti
810 1681 997 1721 sumus
1038 1670 1320 1735 mortales,
1351 1679 1406 1725 et
1445 1687 1510 1727 eo
1551 1674 1753 1727 redacti

184 1768 365 1819 sumus,
409 1765 464 1808 ut
505 1757 689 1811 multis
726 1773 1028 1828 egeremus,
1058 1776 1128 1815 ne
1156 1763 1234 1817 sic
1257 1763 1472 1833 quidem
1502 1778 1601 1820 nos
1625 1767 1751 1821 reli-

183 1846 280 1913 quit
308 1885 323 1911 ,
353 1848 444 1902 sed
473 1847 562 1902 hic
588 1865 803 1920 quoque
836 1851 1050 1908 interim
1095 1854 1248 1908 nobis
1278 1870 1573 1925 congruum
1605 1857 1753 1913 dedit

183 1936 546 2007 habitaculum,
572 1951 627 1997 et
653 1953 731 1997 tot
763 1946 1031 2016 tantisque
1058 1961 1169 2005 sure
1196 1948 1538 2019 benignitatis
1558 1951 1749 2006 claris-

182 2033 311 2087 simis
354 2034 565 2090 iudiciis
597 2045 795 2092 terram
822 2038 1147 2102 refersit.ut
1198 2058 1267 2096 ne
1307 2044 1485 2098 verbis
1531 2045 1748 2114 quidem

180 2138 231 2177 ea
258 2127 450 2194 possint
475 2130 755 2198 explicari.
789 2131 1051 2199 Propheta
1082 2150 1212 2205 ergo
1240 2150 1360 2190 cum
1392 2136 1670 2193 incidisset
1695 2141 1747 2194 in

179 2215 401 2287 abyssum
432 2219 626 2275 horum
675 2222 1084 2291 beneﬁciorum,
1122 2236 1175 2280 et
1214 2226 1439 2283 vidisset
1479 2230 1746 2298 quoddam

179 2318 360 2363 vastum
386 2320 440 2366 et
465 2312 796 2368 immensum
829 2314 1049 2386 pelagus
1073 2358 1087 2379 ,
1112 2317 1311 2372 exsiliit
1335 2320 1442 2375 alta
1480 2336 1612 2377 voce
1640 2324 1749 2378 cla—

178 2414 327 2465 mans,
353 2413 405 2456 et
434 2404 668 2460 dicens:
699 2406 864 2472 Quam
900 2410 1228 2479 magniﬁcam
1277 2423 1395 2467 sunt
1433 2430 1590 2483 opera
1622 2426 1742 2484 tua,

180 2489 369 2547 Domine
391 2496 413 2549 !
423 2494 627 2550 Omnia
679 2499 733 2553 in
777 2501 1031 2570 sapientia
1081 2503 1242 2572 feciin
1272 2503 1444 2576 (Psal.
1478 2507 1602 2562 l05.
1626 2508 1742 2578 24).

178 2582 321 2638 Porro
339 2587 382 2640 si
408 2589 535 2657 quis
565 2589 756 2644 viderit
779 2592 946 2645 solem
996 2601 1051 2646 et
1087 2593 1266 2655 lunam
1293 2636 1310 2662 ,
1338 2606 1393 2649 et
1444 2604 1745 2667 temporum

175 2676 634 2745 ordiuem,rursus
680 2682 880 2739 videbit
918 2685 1225 2745 universam
1276 2688 1395 2759 ejus
1440 2689 1743 2762 benignita-

176 2778 281 2824 tem.
306 2772 483 2844 Neque
513 2775 660 2829 cnim
688 2791 874 2847 parum
899 2779 965 2832 ad
997 2781 1119 2834 vita:
1164 2779 1333 2836 decus
1361 2790 1416 2837 et
1453 2799 1744 2840 ornamen-

175 2872 285 2927 tum,
307 2866 408 2923 iiuo
432 2883 571 2923 vero
596 2868 662 2922 ad
710 2871 877 2940 ipsam
925 2871 1091 2924 vitam
1139 2873 1254 2928 lure
1290 2873 1450 2928 nobis
1477 2876 1744 2933 elementa

172 2959 445 3028 conferunt,
471 2973 533 3017 ut
564 2977 683 3032 quae
712 2964 954 3018 nutriant
980 2963 1290 3036 fructusque
1313 2976 1604 3033 maturent,
1626 2970 1744 3026 sine

174 3053 341 3118 quibus
380 3057 481 3110 vivi
546 3070 653 3110 non
707 3066 904 3125 potest,
942 3067 1183 3129 tempora
1233 3060 1391 3115 nobis
1434 3064 1739 3130 ostendant,

173 3139 309 3197 horas
347 3149 675 3216 exprimant,
708 3147 812 3202 diei
845 3160 899 3203 et
940 3151 1114 3204 noctis
1158 3164 1350 3206 cursus
1388 3151 1739 3223 disdnguant,

173 3247 257 3301 per
277 3246 457 3294 terram
486 3248 554 3295 et
574 3255 721 3295 mare
742 3242 978 3296 viatores
999 3240 1301 3307 deducant,
1325 3243 1741 3302 innumerabiles

173 3328 288 3383 alios
312 3346 431 3386 usus
467 3331 974 3402 prmbeantNidisti
1002 3335 1276 3404 quomodo
1301 3336 1372 3390 sit
1397 3337 1450 3391 in
1481 3346 1738 3393 aeternum

172 3423 516 3481 misericordia
550 3425 689 3497 ejus,
713 3428 985 3497 quomodo
1008 3429 1059 3483 in
1089 3443 1414 3500 unoquoque
1436 3446 1598 3486 versu
1619 3432 1742 3501 jure

167 3512 255 3570 hoc
269 3517 554 3589 subjuugat
583 3520 840 3588 propheta
859 3517 884 3570 ?
903 3519 1049 3574 Alius
1078 3529 1256 3574 autem
1288 3521 1550 3592 interpres
1574 3522 1700 3577 illud
1720 3564 1736 3589 ,

170 3605 226 3660 In
252 3620 543 3678 potestatem
569 3610 691 3677 diei,
719 3611 872 3678 dixit,
899 3609 969 3667 Ut
997 3613 1282 3669 dominetur
1301 3615 1402 3671 diei
1433 3614 1533 3688 (a).
1563 3616 1736 3683 Alius,

163 3697 220 3753 In
243 3713 532 3772 potestatem
562 3705 745 3770 noctis,
774 3705 926 3770 dixit,
958 3703 1022 3758 In
1053 3717 1352 3775 potestatem
1376 3708 1429 3762 in
1462 3719 1624 3763 nocte.
1648 3708 1737 3764 l0.

166 3792 250 3852 Qui
268 3797 507 3864 percussit
544 3793 833 3867 Egyptum
871 3812 987 3849 cum
1034 3799 1381 3869 primogenitis
1427 3815 1623 3865 eorum,
1648 3800 1736 3854 ll.

164 3888 248 3950 Qui
277 3891 444 3945 eduxit
472 3890 647 3945 Israel
684 3894 749 3944 de
791 3890 956 3946 medio
999 3908 1173 3945 eorum
1223 3890 1309 3947 12.
1343 3891 1410 3947 In
1446 3910 1602 3955 manu
1642 3909 1738 3963 po-

162 3982 267 4033 lenti
297 3992 341 4035 et
376 3984 427 4035 in
454 3981 667 4036 brachio
700 3983 918 4036 excelso.
957 3983 1184 4037 Assidue
1208 3993 1387 4039 versat
1424 3985 1737 4039 miraculum

159 4075 283 4140 quod
312 4076 364 4129 in
386 4076 628 4147 Egypto
651 4074 846 4131 factum
872 4086 973 4139 eSt,
1000 4086 1218 4147 propter
1249 4080 1511 4148 ingratum
1552 4097 1737 4137 eorum

160 4166 395 4235 animum,
427 4181 483 4224 et
508 4167 656 4238 quod
679 4184 798 4222 cum
830 4184 892 4223 ea
924 4184 1138 4237 semper
1158 4170 1524 4238 audivissent,
1551 4189 1736 4229 eorum

158 4254 613 4315 obliviscerentur.
642 4258 757 4313 Non
786 4267 871 4313 est
908 4270 1084 4314 autem
1132 4260 1247 4316 lucc
1267 4278 1482 4333 quoque
1526 4267 1739 4320 miseri-

159 4349 318 4404 cordia
368 4366 595 4421 parvum
647 4351 903 4420 signum:
935 4350 1035 4405 hoc
1066 4353 1209 4406 enim
1253 4353 1497 4410 liberavit
1544 4355 1664 4411 illos
1707 4372 1738 4411 a

157 4441 426 4508 servitute,
470 4450 527 4496 et
566 4442 796 4511 posteris
843 4440 939 4495 fuit
996 4443 1210 4497 occasio
1262 4443 1357 4497 Dei
1395 4447 1735 4515 cognitionis.

157 4527 297 4584 Aliud
325 4543 505 4587 autem
534 4532 623 4586 hic
658 4548 870 4602 quoque
898 4532 1182 4602 significat.
1213 4533 1524 4602 Quidnam?
1568 4538 1737 4592 Etiam

156 4630 263 4686 post
290 4622 496 4693 plagam
541 4622 683 4676 illam
714 4624 762 4676 in
793 4624 907 4689 ejus
940 4624 1101 4678 fuisse
1131 4628 1362 4693 potentia
1393 4627 1622 4681 liberare
1645 4645 1741 4682 eos

155 4723 180 4761 a
206 4714 477 4777 servitute,
510 4731 630 4768 eum
678 4714 795 4770 illos
843 4724 1048 4770 terrore
1095 4718 1475 4781 concussisset,
1505 4728 1559 4771 et
1604 4723 1738 4775 mari

154 4801 425 4861 obruisset.
456 4806 584 4860 llaec
611 4818 789 4860 autem
816 4807 981 4873 dicit,
1013 4822 1081 4861 ne
1105 4809 1225 4877 quis
1253 4809 1411 4877 paulo
1437 4809 1739 4865 inconside-

153 4897 307 4951 ratior
334 4907 572 4968 putaret,
595 4915 714 4967 eum
740 4899 901 4970 jussit
928 4915 1022 4977 eos
1045 4900 1292 4970 accipere
1319 4915 1507 4956 aurum
1530 4912 1583 4956 et
1612 4918 1737 4958 vasa

153 4999 414 5057 argentea,
447 4994 566 5046 lucc
610 4999 829 5061 propter
867 4991 1286 5048 imbecillitatem
1330 4992 1575 5062 jnssisse.
1605 4993 1739 5049 Nam

154 5077 247 5133 bne
275 5080 401 5137 fecit
424 5082 616 5137 volens
641 5083 787 5137 omni
815 5084 1019 5138 ratione
1044 5098 1165 5138 esse
1196 5083 1447 5139 terribilis
1471 5083 1735 5153 hostibus,

151 5178 199 5221 et
225 5172 511 5229 ostendere
550 5189 607 5229 se
636 5183 692 5231 et
720 5174 773 5229 vi
798 5182 854 5229 et
894 5176 1208 5231 auctoritate
1246 5190 1406 5246 posse
1446 5177 1627 5233 omnia
1656 5177 1738 5231 ta-

149 5281 284 5331 rere,
317 5282 525 5339 eosque
553 5267 736 5325 fallere
762 5283 826 5325 ac
844 5268 1118 5341 decipere.
1145 5269 1278 5324 Nam
1298 5285 1417 5341 quae
1445 5281 1630 5341 aperte
1659 5270 1739 5327 fe-

150 5355 216 5409 rit
247 5372 351 5412 non
383 5358 509 5415 ideo
536 5361 657 5417 fecit
681 5370 951 5431 tamquam
990 5375 1096 5415 non
1133 5369 1317 5432 posset
1336 5361 1615 5431 decipere;
1642 5379 1738 5418 nc-

147 5463 244 5513 que
271 5464 392 5504 cum
421 5450 653 5522 decepit,
676 5452 729 5508 id
751 5451 872 5507 ideo
893 5451 1034 5519 fecit,
1054 5451 1199 5523 quod
1222 5468 1329 5508 non
1350 5461 1531 5523 posset
1551 5465 1739 5523 aperte

146 5551 363 5608 capere,
390 5541 490 5597 sed
516 5541 571 5598 in
600 5553 822 5613 utraque
847 5553 997 5613 parte
1035 5557 1187 5598 suam
1213 5544 1502 5600 ostendens
1545 5554 1736 5615 poten-

202 5687 449 5766 ta)_.lux_ta
473 5705 628 5766 quem
655 5698 732 5766 sit
751 5698 859 5747 haec
887 5697 1059 5759 lectio,
1086 5706 1138 5749 ut
1169 5699 1448 5755 dominetur
1476 5699 1577 5754 diei
1600 5702 1726 5766 (επις

143 5756 325 5809 ’κρατεῖν
355 5758 440 5813 τῆς
474 5756 696 5821 ἡμέρας),
720 5756 1021 5821 ignoramus.

3359 333 3463 385 4υέ

1878 415 2024 470 tiam.
2054 419 2181 476 Nam
2208 426 2348 495 quod
2378 427 2478 482 hoc
2507 445 2716 501 quoque
2743 449 2992 505 magnum
3031 451 3229 498 metum
3267 450 3457 504 attule-

1874 506 1994 562 lerit
2021 513 2333 582 alienigenis
2361 559 2373 581 ,
2403 519 2522 572 audi
2548 522 2674 591 quid
2715 536 2896 594 postea
2929 530 3110 587 dicant
3145 547 3297 593 vates
3325 540 3460 593 Aen.

1873 601 2066 657 tierunt
2089 621 2102 656 :
2131 605 2177 659 11
2186 609 2232 663 ie
2257 618 2329 661 est
2352 609 2487 665 Deus
2509 616 2736 683 acerbus,
2765 620 2852 689 qui
2875 626 3121 692 percussit
3145 625 3457 699 Ai’gyptum,

1868 704 1917 748 et
1953 698 2158 766 quando
2194 700 2354 754 illusit
2385 705 2487 772 eis,
2527 715 2644 760 tunc
2672 707 2808 778 ipsos
2834 714 3006 769 eduxit
3034 718 3109 788 (Ι.
3133 698 3257 791 Reg.
3293 722 3346 776 6.
3377 723 3454 793 6).

1874 785 2034 842 Vides
2065 804 2159 844 eos
2184 803 2403 862 prepter
2430 795 2528 851 hoc
2552 799 2723 868 ipsum
2746 808 3163 864 contremiscam
3184 853 3197 876 ,
3237 826 3459 883 propter

1868 879 2087 947 furtum,
2115 898 2337 954 propter
2366 888 2626 960 fraudem,
2657 898 2796 964 quod
2830 915 2924 955 eos
2953 879 3295 963 interfecerit.

1940 975 2103 1030 Maris
2134 975 2292 1033 Rubri
2310 980 2599 1041 divisiones.
2633 986 2999 1060 JEgyptiorum
3029 996 3318 1055 obstinatio.
3355 1004 3454 1055 Mi-

1865 1070 2042 1123 racula
2085 1088 2205 1124 rara
2251 1084 2391 1130 sunt.
2418 1107 2491 1117 —-
2530 1079 2619 1136 15.
2663 1081 2761 1145 Qui
2809 1085 2976 1139 divisit
3029 1106 3168 1145 mare
3222 1091 3454 1149 Rubrum

1866 1160 1917 1213 iu
1947 1161 2246 1219 divisiones.
2280 1168 2471 1234 Alius,
2534 1170 2601 1226 In
2661 1176 2924 1233 sectioues.
2996 1182 3174 1247 Alius,
3231 1183 3301 1239 lu
3358 1204 3454 1241 se—

1862 1267 2083 1324 gmenta.
2148 1259 2398 1317 Nonnulli
2462 1266 2601 1321 enim
2661 1270 2843 1327 dicunt
2898 1292 3002 1330 nou
3063 1276 3228 1334 fuisse
3290 1298 3450 1338 unam

1861 1347 2024 1415 viam,
2049 1350 2140 1404 sed
2168 1368 2261 1419 pro
2289 1370 2514 1412 numero
2544 1360 2772 1415 tribuum
2805 1364 3182 1438 fuisse‘aquam
3206 1374 3448 1443 scissam,

1863 1449 1918 1491 ut
1948 1440 2127 1494 multae
2153 1453 2333 1499 essent
2381 1449 2741 1518 trajectiones.
2768 1455 2893 1511 Hmc
2922 1469 3099 1515 autem
3130 1465 3309 1519 omnia
3350 1440 3449 1523 etsi

1862 1547 2104 1601 magnam
2164 1537 2515 1595 ostendebant
2560 1545 2894 1614 potentiam,
2930 1552 3331 1625 terribilemque
3396 1567 3453 1613 et

1860 1638 2107 1694 magnum
2138 1641 2257 1680 emn
2282 1644 2401 1685 esse
2427 1633 2752 1705 indicabant,
2782 1641 3001 1696 multam
3028 1653 3204 1700 tamen
3233 1663 3449 1719 quoque

1863 1715 1913 1769 iu
1942 1731 2000 1771 se
2032 1718 2294 1774 habebant
2322 1722 2723 1793 benignitatem,
2756 1747 2861 1786 non
2901 1734 3077 1790 solum
3098 1738 3148 1791 in
3177 1715 3271 1792 eos
3316 1757 3452 1808 quo-

1860 1823 1975 1860 rum
2010 1811 2177 1878 gratia
2208 1827 2268 1866 ea
2307 1812 2524 1882 fiebant,
2558 1820 2650 1873 sed
2693 1821 2738 1875 si
2785 1825 3078 1881 voluissent
3129 1832 3405 1887 attendere
3429 1875 3445 1900 ,

1859 1900 2018 1952 etiam
2051 1901 2102 1955 in
2136 1902 2509 1973 adversarios;
2539 1925 2644 1964 non
2691 1913 2835 1968 enim
2875 1931 2971 1972 eos
3015 1928 3213 1976 temere
3258 1934 3313 1978 et
3355 1940 3449 1979 ne-

1856 1990 2145 2058 quidquam
2178 1997 2311 2050 mari
2340 1999 2517 2052 obruit
2538 2042 2551 2062 ,
2579 2002 2672 2056 sed
2700 2004 2842 2074 quod
2868 2015 2988 2075 post
3017 2016 3093 2064 tot
3120 2010 3256 2066 facta
3287 2014 3449 2068 mira-

1856 2082 1976 2137 cula
2008 2084 2271 2142 adversus
2298 2104 2464 2159 aquas
2493 2086 2669 2147 adhuc
2711 2110 2861 2149 suam
2892 2100 3238 2157 ostenderent
3277 2107 3445 2160 auda—

1853 2175 2013 2232 ciam.
2071 2178 2364 2249 Oportebat
2414 2194 2590 2239 autem
2646 2200 2740 2241 eos
2789 2188 2998 2245 etiamsi
3060 2206 3237 2249 essent
3283 2210 3445 2265 supra

1852 2284 2040 2325 omnes
2068 2270 2315 2329 homines
2344 2275 2492 2331 nullo
2516 2292 2677 2333 sensu
2706 2282 2950 2349 praediti,
2980 2298 3100 2338 cum
3129 2290 3445 2357 praeceden-

1855 2361 1942 2428 tia,
1976 2365 2282 2433 pnesentia,
2313 2377 2364 2422 et
2392 2384 2511 2434 qua:
2547 2381 2699 2426 erant
2735 2387 2845 2442 pra:
2891 2376 3062 2431 oculis
3107 2380 3445 2435 consideras-

1851 2465 1990 2520 sent,
2026 2456 2141 2526 ejus
2189 2460 2480 2526 potentiam
2533 2463 2716 2517 mirari
2757 2474 2812 2519 et
2852 2466 3078 2523 adorare
3106 2512 3121 2535 ,
3168 2479 3330 2541 atque
3375 2473 3442 2527 ab

1851 2545 2150 2616 importuna
2191 2553 2533 2606 contentione
2562 2569 2794 2611 cessare.
2826 2555 2904 2612 liii
2938 2571 3113 2614 autem
3146 2577 3266 2617 cum
3300 2566 3443 2618 vide-

1850 2649 1971 2693 rent
1995 2642 2299 2697 universam
2323 2658 2623 2699 creaturam
2653 2662 2749 2716 pro
2770 2650 2886 2717 ejus
2916 2652 3138 2708 arbitrio
3160 2658 3352 2711 titillari
3380 2674 3443 2713 ac

1852 2733 2258 2803 transformari,
2291 2748 2345 2793 et
2371 2754 2491 2793 eum
2522 2742 2601 2795 eis
2629 2741 2948 2813 belligerare
2968 2786 2984 2813 ,
3008 2760 3077 2801 ne
3115 2749 3194 2802 sic
3220 2750 3435 2816 quidem

1849 2842 1877 2880 a
1911 2826 2095 2885 furore
2125 2829 2468 2898 destiterunt,
2498 2834 2592 2889 sed
2641 2838 2799 2891 etiam
2849 2853 2971 2893 eum
3016 2840 3260 2896 viderent
3312 2842 3440 2897 illud

1849 2921 2165 2976 miraculum
2207 2924 2224 2954 ⁸
2279 2925 2420 2993 quod
2465 2941 2676 2982 omnem
2741 2930 3029 2997 superabat
3092 2934 3437 3002 opinionem,

1846 3010 2021 3066 aliena
2056 3013 2148 3067 illa
2177 3022 2232 3068 et
2276 3030 2409 3069 nova
2441 3017 2523 3070 via
2575 3017 2778 3086 ingredi
2826 3022 2940 3075 ausi
2990 3036 3131 3077 sunt.
3179 3025 3437 3091 Quocirca

1847 3117 1996 3158 mare
2037 3104 2142 3158 illis
2187 3107 2488 3174 sepulcrum
2521 3108 2771 3164 eflieitur.
2804 3112 2919 3167 Non
2966 3114 3107 3169 enim
3150 3127 3264 3170 erat
3301 3131 3440 3187 opus

1848 3206 2054 3252 naturae
2083 3199 2228 3268 quod
2250 3198 2443 3266 ﬁebat,
2472 3202 2564 3256 sed
2596 3204 2762 3274 plaga:
2787 3205 3041 3261 divinitus
3071 3209 3320 3264 ltllllllSSlU
3347 3222 3439 3267 :et

1808 3308 1817 3327 ι
1847 3289 1967 3344 ideo
2002 3292 2146 3345 brevi
2189 3300 2464 3348 momento
2515 3298 2771 3366 temporis
2801 3298 3000 3354 tiebaut
3044 3303 3308 3357 contraria
3339 3321 3352 3358 :
3384 3313 3439 3360 ct

1846 3396 1953 3434 non
1980 3382 2323 3439 scindebatur
2352 3392 2556 3440 tantum
2586 3387 2637 3440 in
2667 3404 2825 3443 unam
2852 3401 3076 3459 partem,
3101 3394 3194 3448 sed
3214 3408 3312 3464 pro
3333 3410 3436 3450 nu-

1844 3488 1995 3526 mero
2024 3476 2261 3529 omnium
2307 3477 2560 3531 tribuum.
2595 3477 2649 3532 In
2696 3494 3018 3550 unoquoque
3060 3494 3237 3539 autem
3283 3485 3437 3555 signo

1846 3566 2088 3619 meminit
2110 3569 2495 3624 misericordia;
2525 3587 2538 3623 :
2571 3571 2673 3626 hoc
2700 3573 2843 3626 enim
2878 3574 2986 3627 Deo
3014 3577 3259 3631 maxima}
3292 3592 3437 3632 cura:

1846 3665 1982 3720 erat,
2012 3656 2445 3727 quandoquidem
2487 3674 2583 3730 per
2614 3661 2878 3717 elementa
2913 3665 3111 3719 ﬁebant
3154 3666 3432 3734 miracula,

1844 3762 1912 3802 ne
1929 3764 2047 3819 quae
2074 3747 2290 3815 ﬁebant,
2309 3751 2748 3807 existimarentur
2771 3768 2890 3810 esse
2916 3755 3144 3823 alicujus
3174 3758 3434 3813 naturalis

1844 3839 2050 3895 ordinis
2079 3856 2282 3906 rerum,
2316 3842 2410 3897 sed
2439 3845 2655 3912 superni
2682 3847 2885 3912 auxilii,
2915 3848 3055 3917 quod
3085 3864 3295 3903 omnem
3320 3852 3437 3919 opi-

1843 3934 2057 3989 nionem
2101 3936 2406 4003 superantia
2446 3936 2611 3992 el‘licit
2649 3939 2925 3994 miracula.
2959 3939 3110 4007 Quod
3156 3942 3318 3998 etiam
3382 3943 3434 3997 iu

1846 4025 1980 4081 mari
2019 4027 2212 4082 accidit
2241 4046 2254 4080 :
2286 4029 2445 4099 idque
2473 4038 2658 4099 aperte
2683 4039 2958 4087 ostensum
2990 4045 3068 4089 est
3094 4049 3157 4089 ex
3187 4050 3270 4100 eo,
3294 4037 3436 4105 quod

1848 4129 1968 4189 post
1993 4119 2120 4174 illud
2147 4135 2252 4175 nou
2279 4121 2505 4191 amplius
2547 4121 2743 4178 factum
2770 4124 2839 4178 sit
2870 4143 2885 4180 :
2917 4140 3035 4195 quze
3073 4139 3248 4182 autem
3277 4138 3436 4182 natu-

1846 4212 2032 4268 raliter
2058 4214 2192 4266 tiuut
2212 4255 2226 4275 ,
2257 4224 2381 4268 sunt
2405 4213 2721 4285 frequentia,
2747 4227 2801 4271 et
2821 4228 2969 4272 certo
2992 4228 3234 4287 tempore
3261 4221 3437 4274 solent

1848 4307 1982 4361 fieri.
2014 4309 2096 4362 Μ.
2135 4308 2202 4362 Et
2243 4310 2414 4363 eduxit
2453 4308 2619 4365 Israel
2656 4327 2746 4383 per
2778 4313 2996 4365 medium
3024 4314 3131 4382 ejus
3158 4328 3176 4366 :
3199 4314 3436 4383 quoniam

1845 4405 1896 4457 in
1927 4404 2168 4458 swculum
2195 4405 2541 4459 misericordia
2567 4406 2695 4474 ejus.

1918 4498 1969 4551 5.
2000 4496 2157 4550 Vides
2182 4497 2450 4566 quomodo
2472 4498 2522 4551 in
2550 4512 2871 4567 unoquoque
2886 4513 3043 4553 versu
3069 4499 3189 4567 jure
3215 4496 3436 4565 subjun-

1844 4590 1921 4659 git
1948 4589 2098 4651 illud,
2151 4588 2216 4643 In
2260 4589 2501 4651 saeculum
2552 4592 2897 4645 misericordia
2950 4592 3102 4668 ejus?
3146 4590 3270 4645 llaec
3289 4594 3434 4646 enim

1845 4685 2021 4736 omnia
2046 4684 2335 4741 ostendunt
2383 4691 2695 4761 perpetuam
2726 4683 2840 4752 ejus
2870 4683 3282 4753 providentiam.
3315 4683 3434 4739 Etsi

1845 4775 2127 4847 euimqnae
2172 4775 2305 4828 facta
2334 4784 2459 4828 sunt
2505 4776 2663 4829 linem
2712 4785 2988 4845 ceperunt,
3039 4790 3223 4831 eorum
3256 4777 3441 4831 tamen‘

1844 4869 2120 4922 memorire
2164 4869 2505 4938 praebuerunt
2534 4870 2764 4940 posteris
2813 4884 3061 4938 magnam
3113 4883 3296 4923 ansam
3342 4869 3434 4924 Dei

1843 4963 2181 5033 cognitionis.
2233 4961 2287 5016 ln
2343 4963 2658 5019 memoriam
2699 4963 2840 5018 enim
2866 4961 3115 5017 mandata
3161 4972 3216 5016 et
3263 4972 3436 5014 trans-

1846 5058 2007 5110 missa
2038 5055 2101 5109 ad
2135 5067 2395 5126 posteros,
2429 5056 2765 5115 deducebant
2811 5056 2874 5110 ad
2920 5071 3164 5125 magnam
3197 5053 3437 5123 philoso-

1845 5148 2044 5219 phiam.
2069 5147 2406 5217 Quamquam
2426 5146 2625 5216 alioqui
2644 5160 2751 5201 non
2770 5143 2899 5197 illud
2915 5141 3088 5196 solum
3105 5140 3306 5196 factum
3324 5151 3428 5208 esr,

1845 5252 1898 5296 et
1925 5240 2017 5295 Dei
2039 5246 2270 5296 cessavit
2289 5238 2528 5305 curatio;
2563 5252 2737 5306 neque
2778 5234 2828 5288 in
2860 5234 3019 5290 rebus
3054 5232 3230 5288 solum
3259 5231 3428 5302 Λεων-

1845 5332 2032 5402 ptiacis
2070 5331 2306 5385 substitit
2346 5329 2462 5399 ejus
2491 5328 2791 5397 benignitas
2816 5369 2830 5393 ,
2872 5325 2965 5382 sed
3016 5322 3431 5395 unumquodque

1848 5433 2058 5492 tempus
2078 5419 2240 5478 habet
2262 5418 2439 5489 ampla
2467 5428 2521 5476 et
2550 5419 2654 5474 late
2682 5417 2871 5473 dill'usa
2901 5417 3016 5486 ejus
3056 5411 3437 5471 inenarrabilis

1845 5490 2186 5583 benignitatis
2210 5510 2425 5565 indicia.
2457 5510 2586 5578 Quae
2612 5508 2827 5581 quidem
2864 5509 2952 5564 ille
2979 5506 3271 5569 admirans,
3293 5508 3435 5561 assi-

1845 5606 1948 5665 due
1977 5603 2249 5674 subjungit
2271 5600 2422 5669 illud,
2459 5601 2713 5667 Quoniam
2741 5601 2795 5656 in
2822 5599 3445 5659 smculummisericordia

1913 5763 1929 5794 ⁸
1964 5759 2074 5823 Alii,
2100 5757 2223 5809 illud
2244 5758 2585 5823 spectaculum,
2609 5772 2707 5812 non
2722 5759 2863 5814 male.
