  <div class='ocr_page' id='page_1' title='image "/cluster/home/n/w/nwhite01/storage/ocr_20150623/55:no.5/coo.31924054869551/395.png"; bbox 0 0 3928 6398; ppageno 0'>
   <div class='ocr_carea' id='block_1_1' title="bbox 404 311 502 365">
    <p class='ocr_par' dir='ltr' id='par_1_1' title="bbox 404 311 502 365">
     <span class='ocr_line' id='line_1_1' title="bbox 404 311 502 365; baseline 0.02 -2"><span class='ocrx_word' id='word_1_1' title='bbox 404 311 502 365; x_wconf 59' lang='lat' dir='ltr'><strong>[MT-3</strong></span> 
     </span>
    </p>
   </div>
   <div class='ocr_carea' id='block_1_2' title="bbox 398 376 1981 494">
    <p class='ocr_par' dir='ltr' id='par_1_2' title="bbox 398 376 1981 494">
     <span class='ocr_line' id='line_1_2' title="bbox 398 376 1981 494; baseline -0.034 -16"><span class='ocrx_word' id='word_1_2' title='bbox 398 427 525 494; x_wconf 84' lang='lat' dir='ltr'><strong>ejus.</strong></span> <span class='ocrx_word' id='word_1_3' title='bbox 557 420 722 473; x_wconf 75' lang='lat' dir='ltr'><strong>Recte</strong></span> <span class='ocrx_word' id='word_1_4' title='bbox 745 420 924 466; x_wconf 81' lang='lat' dir='ltr'><strong>autem</strong></span> <span class='ocrx_word' id='word_1_5' title='bbox 953 400 1146 472; x_wconf 84' lang='lat' dir='ltr'><strong>adjecit</strong></span> <span class='ocrx_word' id='word_1_6' title='bbox 1187 393 1314 451; x_wconf 89' lang='lat' dir='ltr'><strong>illud</strong></span> <span class='ocrx_word' id='word_1_7' title='bbox 1339 435 1352 452; x_wconf 90' lang='lat'><strong>.</strong></span> <span class='ocrx_word' id='word_1_8' title='bbox 1387 389 1451 443; x_wconf 85' lang='lat' dir='ltr'><strong>Et</strong></span> <span class='ocrx_word' id='word_1_9' title='bbox 1482 384 1652 440; x_wconf 73' lang='lat' dir='ltr'><strong>eduxit</strong></span> <span class='ocrx_word' id='word_1_10' title='bbox 1688 376 1850 433; x_wconf 81' lang='lat' dir='ltr'><strong>Israel</strong></span> <span class='ocrx_word' id='word_1_11' title='bbox 1893 387 1981 439; x_wconf 88' lang='lat' dir='ltr'><strong>per</strong></span> 
     </span>
     <span class='ocr_line' id='line_1_3' title="bbox 1412 463 1981 494; baseline -0.033 17"><span class='ocrx_word' id='word_1_12' title='bbox 1412 492 1420 494; x_wconf 51' lang='grc' dir='ltr'>λ</span> <span class='ocrx_word' id='word_1_13' title='bbox 1453 481 1491 494; x_wconf 86' lang='lat'>&quot;</span> <span class='ocrx_word' id='word_1_14' title='bbox 1533 477 1545 489; x_wconf 86' lang='lat'><strong>‘</strong></span> <span class='ocrx_word' id='word_1_15' title='bbox 1592 470 1824 494; x_wconf 46' lang='grc' dir='ltr'><strong>κ-ιΑ-ιεηι</strong></span> <span class='ocrx_word' id='word_1_16' title='bbox 1867 463 1981 494; x_wconf 65' lang='grc' dir='ltr'><strong>Νη..</strong></span> 
     </span>
    </p>
   </div>
   <div class='ocr_carea' id='block_1_3' title="bbox 399 463 1984 578">
    <p class='ocr_par' dir='ltr' id='par_1_3' title="bbox 399 463 1984 578">
     <span class='ocr_line' id='line_1_4' title="bbox 399 463 1984 578; baseline -0.033 -10"><span class='ocrx_word' id='word_1_17' title='bbox 399 463 620 568; x_wconf 63' lang='lat' dir='ltr'><strong>medium</strong></span> <span class='ocrx_word' id='word_1_18' title='bbox 651 509 759 578; x_wconf 78' lang='lat' dir='ltr'><strong>ejus</strong></span> <span class='ocrx_word' id='word_1_19' title='bbox 789 519 806 558; x_wconf 89' lang='lat'><strong><em>:</em></strong></span> <span class='ocrx_word' id='word_1_20' title='bbox 834 514 957 555; x_wconf 91' lang='lat' dir='ltr'><strong>nam</strong></span> <span class='ocrx_word' id='word_1_21' title='bbox 985 463 1086 548; x_wconf 74' lang='lat' dir='ltr'><strong>hoc</strong></span> <span class='ocrx_word' id='word_1_22' title='bbox 1114 501 1324 561; x_wconf 88' lang='lat' dir='ltr'><strong>quoque</strong></span> <span class='ocrx_word' id='word_1_23' title='bbox 1345 492 1428 538; x_wconf 91' lang='lat' dir='ltr'><strong>est</strong></span> <span class='ocrx_word' id='word_1_24' title='bbox 1453 477 1548 534; x_wconf 92' lang='lat' dir='ltr'><strong>Dei</strong></span> <span class='ocrx_word' id='word_1_25' title='bbox 1578 470 1844 547; x_wconf 69' lang='lat' dir='ltr'><strong>potentiae.</strong></span> <span class='ocrx_word' id='word_1_26' title='bbox 1867 463 1984 520; x_wconf 76' lang='lat' dir='ltr'><strong>Non</strong></span> 
     </span>
    </p>
   </div>
   <div class='ocr_carea' id='block_1_4' title="bbox 401 557 1990 662">
    <p class='ocr_par' dir='ltr' id='par_1_4' title="bbox 401 557 1990 662">
     <span class='ocr_line' id='line_1_5' title="bbox 401 557 1990 662; baseline -0.033 1"><span class='ocrx_word' id='word_1_27' title='bbox 401 557 698 662; x_wconf 57' lang='lat' dir='ltr'><strong>solliciebal</strong></span> <span class='ocrx_word' id='word_1_28' title='bbox 727 597 872 654; x_wconf 90' lang='lat' dir='ltr'><strong>enim</strong></span> <span class='ocrx_word' id='word_1_29' title='bbox 895 589 1128 650; x_wconf 85' lang='lat' dir='ltr'><strong>cilicere,</strong></span> <span class='ocrx_word' id='word_1_30' title='bbox 1157 591 1214 636; x_wconf 92' lang='lat' dir='ltr'><strong>ut</strong></span> <span class='ocrx_word' id='word_1_31' title='bbox 1240 557 1391 634; x_wconf 88' lang='lat' dir='ltr'><strong>mare</strong></span> <span class='ocrx_word' id='word_1_32' title='bbox 1419 569 1803 630; x_wconf 83' lang='lat' dir='ltr'><strong>retrocederet,</strong></span> <span class='ocrx_word' id='word_1_33' title='bbox 1831 567 1885 614; x_wconf 90' lang='lat' dir='ltr'><strong>et</strong></span> <span class='ocrx_word' id='word_1_34' title='bbox 1911 557 1990 610; x_wconf 81' lang='lat' dir='ltr'><strong>la-</strong></span> 
     </span>
    </p>
   </div>
   <div class='ocr_carea' id='block_1_5' title="bbox 405 658 1989 754">
    <p class='ocr_par' dir='ltr' id='par_1_5' title="bbox 405 658 1989 754">
     <span class='ocr_line' id='line_1_6' title="bbox 405 658 1989 754; baseline -0.033 0"><span class='ocrx_word' id='word_1_35' title='bbox 405 700 564 754; x_wconf 87' lang='lat' dir='ltr'><strong>cilcm</strong></span> <span class='ocrx_word' id='word_1_36' title='bbox 613 694 691 747; x_wconf 88' lang='lat' dir='ltr'><strong>eis</strong></span> <span class='ocrx_word' id='word_1_37' title='bbox 737 686 1016 743; x_wconf 84' lang='lat' dir='ltr'><strong>transitum</strong></span> <span class='ocrx_word' id='word_1_38' title='bbox 1062 673 1328 747; x_wconf 70' lang='lat' dir='ltr'><strong>prmberet</strong></span> <span class='ocrx_word' id='word_1_39' title='bbox 1356 686 1368 720; x_wconf 93' lang='lat'>:</span> <span class='ocrx_word' id='word_1_40' title='bbox 1397 661 1643 720; x_wconf 90' lang='lat' dir='ltr'><strong>namhoc</strong></span> <span class='ocrx_word' id='word_1_41' title='bbox 1671 658 1844 726; x_wconf 88' lang='lat' dir='ltr'><strong>ipsum</strong></span> <span class='ocrx_word' id='word_1_42' title='bbox 1893 662 1989 704; x_wconf 87' lang='lat' dir='ltr'><strong>eos</strong></span> 
     </span>
    </p>
   </div>
   <div class='ocr_carea' id='block_1_6' title="bbox 408 743 1990 858">
    <p class='ocr_par' dir='ltr' id='par_1_6' title="bbox 408 743 1990 858">
     <span class='ocr_line' id='line_1_7' title="bbox 408 743 1990 858; baseline -0.032 -14"><span class='ocrx_word' id='word_1_43' title='bbox 408 789 576 858; x_wconf 80' lang='lat' dir='ltr'><strong>magis</strong></span> <span class='ocrx_word' id='word_1_44' title='bbox 620 777 1014 853; x_wconf 80' lang='lat' dir='ltr'><strong>stupefecisset,</strong></span> <span class='ocrx_word' id='word_1_45' title='bbox 1042 743 1341 825; x_wconf 79' lang='lat' dir='ltr'><strong>terruisset,</strong></span> <span class='ocrx_word' id='word_1_46' title='bbox 1369 768 1423 814; x_wconf 89' lang='lat' dir='ltr'><strong>et</strong></span> <span class='ocrx_word' id='word_1_47' title='bbox 1451 754 1650 810; x_wconf 90' lang='lat' dir='ltr'><strong>audere</strong></span> <span class='ocrx_word' id='word_1_48' title='bbox 1690 743 1990 818; x_wconf 89' lang='lat' dir='ltr'><strong>prohibuis-</strong></span> 
     </span>
    </p>
   </div>
   <div class='ocr_carea' id='block_1_7' title="bbox 409 833 1991 949">
    <p class='ocr_par' dir='ltr' id='par_1_7' title="bbox 409 833 1991 949">
     <span class='ocr_line' id='line_1_8' title="bbox 409 833 1991 949; baseline -0.032 -14"><span class='ocrx_word' id='word_1_49' title='bbox 409 833 676 949; x_wconf 48' lang='lat' dir='ltr'><strong>setfquod</strong></span> <span class='ocrx_word' id='word_1_50' title='bbox 702 833 940 927; x_wconf 57' lang='lat' dir='ltr'><strong>(impium</strong></span> <span class='ocrx_word' id='word_1_51' title='bbox 961 865 1238 932; x_wconf 73' lang='lat' dir='ltr'><strong>superaret</strong></span> <span class='ocrx_word' id='word_1_52' title='bbox 1266 850 1593 923; x_wconf 82' lang='lat' dir='ltr'><strong>opinionem,</strong></span> <span class='ocrx_word' id='word_1_53' title='bbox 1633 840 1878 894; x_wconf 76' lang='lat' dir='ltr'><strong>timorem</strong></span> <span class='ocrx_word' id='word_1_54' title='bbox 1910 833 1991 887; x_wconf 86' lang='lat' dir='ltr'><strong>in-</strong></span> 
     </span>
    </p>
   </div>
   <div class='ocr_carea' id='block_1_8' title="bbox 408 935 1992 1032">
    <p class='ocr_par' dir='ltr' id='par_1_8' title="bbox 408 935 1992 1032">
     <span class='ocr_line' id='line_1_9' title="bbox 408 935 1992 1032; baseline -0.032 -6"><span class='ocrx_word' id='word_1_55' title='bbox 408 935 613 1026; x_wconf 75' lang='lat' dir='ltr'><strong>cuticns</strong></span> <span class='ocrx_word' id='word_1_56' title='bbox 633 982 649 1032; x_wconf 90' lang='lat'><strong>;</strong></span> <span class='ocrx_word' id='word_1_57' title='bbox 672 963 764 1019; x_wconf 91' lang='lat' dir='ltr'><strong>sed</strong></span> <span class='ocrx_word' id='word_1_58' title='bbox 794 961 886 1016; x_wconf 88' lang='lat' dir='ltr'><strong>Dei</strong></span> <span class='ocrx_word' id='word_1_59' title='bbox 914 957 1011 1011; x_wconf 81' lang='lat' dir='ltr'><strong>fuit</strong></span> <span class='ocrx_word' id='word_1_60' title='bbox 1037 949 1306 1022; x_wconf 62' lang='lat' dir='ltr'><strong>potentiae,</strong></span> <span class='ocrx_word' id='word_1_61' title='bbox 1337 949 1616 1013; x_wconf 78' lang='lat' dir='ltr'><strong>postquam</strong></span> <span class='ocrx_word' id='word_1_62' title='bbox 1647 945 1792 986; x_wconf 90' lang='lat' dir='ltr'><strong>mare</strong></span> <span class='ocrx_word' id='word_1_63' title='bbox 1819 935 1992 981; x_wconf 87' lang='lat' dir='ltr'><strong>retro-</strong></span> 
     </span>
    </p>
   </div>
   <div class='ocr_carea' id='block_1_9' title="bbox 407 1028 1990 1122">
    <p class='ocr_par' dir='ltr' id='par_1_9' title="bbox 407 1028 1990 1122">
     <span class='ocr_line' id='line_1_10' title="bbox 407 1028 1990 1122; baseline -0.033 -3"><span class='ocrx_word' id='word_1_64' title='bbox 407 1062 677 1122; x_wconf 80' lang='lat' dir='ltr'><strong>cessisset,</strong></span> <span class='ocrx_word' id='word_1_65' title='bbox 697 1054 1019 1112; x_wconf 89' lang='lat' dir='ltr'><strong>eisanimum</strong></span> <span class='ocrx_word' id='word_1_66' title='bbox 1047 1043 1262 1102; x_wconf 87' lang='lat' dir='ltr'><strong>addere,</strong></span> <span class='ocrx_word' id='word_1_67' title='bbox 1280 1045 1334 1091; x_wconf 88' lang='lat' dir='ltr'><strong>et</strong></span> <span class='ocrx_word' id='word_1_68' title='bbox 1357 1028 1697 1104; x_wconf 90' lang='lat' dir='ltr'><strong>persuadere,</strong></span> <span class='ocrx_word' id='word_1_69' title='bbox 1725 1030 1782 1075; x_wconf 91' lang='lat' dir='ltr'><strong>ut</strong></span> <span class='ocrx_word' id='word_1_70' title='bbox 1799 1029 1990 1073; x_wconf 91' lang='lat' dir='ltr'><strong>novam</strong></span> 
     </span>
    </p>
   </div>
   <div class='ocr_carea' id='block_1_10' title="bbox 408 1107 1991 1211">
    <p class='ocr_par' dir='ltr' id='par_1_10' title="bbox 408 1107 1991 1211">
     <span class='ocr_line' id='line_1_11' title="bbox 408 1107 1991 1211; baseline -0.032 0"><span class='ocrx_word' id='word_1_71' title='bbox 408 1155 558 1211; x_wconf 87' lang='lat' dir='ltr'><strong>illam</strong></span> <span class='ocrx_word' id='word_1_72' title='bbox 583 1151 724 1205; x_wconf 85' lang='lat' dir='ltr'><strong>viam</strong></span> <span class='ocrx_word' id='word_1_73' title='bbox 750 1155 805 1201; x_wconf 89' lang='lat' dir='ltr'><strong>et</strong></span> <span class='ocrx_word' id='word_1_74' title='bbox 831 1142 1061 1198; x_wconf 89' lang='lat' dir='ltr'><strong>alienam</strong></span> <span class='ocrx_word' id='word_1_75' title='bbox 1084 1138 1100 1168; x_wconf 80' lang='grc'>⁸</span> <span class='ocrx_word' id='word_1_76' title='bbox 1134 1129 1560 1204; x_wconf 77' lang='lat' dir='ltr'><strong>ingrederentur.</strong></span> <span class='ocrx_word' id='word_1_77' title='bbox 1603 1117 1738 1173; x_wconf 86' lang='lat' dir='ltr'><strong>Nam</strong></span> <span class='ocrx_word' id='word_1_78' title='bbox 1788 1125 1910 1166; x_wconf 90' lang='lat' dir='ltr'><strong>cum</strong></span> <span class='ocrx_word' id='word_1_79' title='bbox 1940 1107 1991 1162; x_wconf 93' lang='lat' dir='ltr'><strong>in</strong></span> 
     </span>
    </p>
   </div>
   <div class='ocr_carea' id='block_1_11' title="bbox 410 1207 1996 1317">
    <p class='ocr_par' dir='ltr' id='par_1_11' title="bbox 410 1207 1996 1317">
     <span class='ocr_line' id='line_1_12' title="bbox 410 1207 1996 1317; baseline -0.033 -13"><span class='ocrx_word' id='word_1_80' title='bbox 410 1259 636 1317; x_wconf 89' lang='lat' dir='ltr'><strong>utraque</strong></span> <span class='ocrx_word' id='word_1_81' title='bbox 656 1240 898 1298; x_wconf 83' lang='lat' dir='ltr'><strong>sectione</strong></span> <span class='ocrx_word' id='word_1_82' title='bbox 923 1235 976 1288; x_wconf 94' lang='lat' dir='ltr'><strong>in</strong></span> <span class='ocrx_word' id='word_1_83' title='bbox 1003 1229 1285 1285; x_wconf 86' lang='lat' dir='ltr'><strong>sublimem</strong></span> <span class='ocrx_word' id='word_1_84' title='bbox 1310 1217 1563 1274; x_wconf 83' lang='lat' dir='ltr'><strong>verticem</strong></span> <span class='ocrx_word' id='word_1_85' title='bbox 1595 1216 1789 1266; x_wconf 82' lang='lat' dir='ltr'><strong>erecta:</strong></span> <span class='ocrx_word' id='word_1_86' title='bbox 1812 1207 1996 1258; x_wconf 80' lang='lat' dir='ltr'><strong>essent</strong></span> 
     </span>
    </p>
   </div>
   <div class='ocr_carea' id='block_1_12' title="bbox 411 1306 1994 1410">
    <p class='ocr_par' dir='ltr' id='par_1_12' title="bbox 411 1306 1994 1410">
     <span class='ocr_line' id='line_1_13' title="bbox 411 1306 1994 1410; baseline -0.032 -13"><span class='ocrx_word' id='word_1_87' title='bbox 411 1355 588 1410; x_wconf 64' lang='lat' dir='ltr'><strong>aquai,</strong></span> <span class='ocrx_word' id='word_1_88' title='bbox 621 1344 884 1407; x_wconf 87' lang='lat' dir='ltr'><strong>generoso</strong></span> <span class='ocrx_word' id='word_1_89' title='bbox 921 1335 975 1382; x_wconf 90' lang='lat' dir='ltr'><strong>et</strong></span> <span class='ocrx_word' id='word_1_90' title='bbox 1012 1321 1229 1379; x_wconf 82' lang='lat' dir='ltr'><strong>excelso</strong></span> <span class='ocrx_word' id='word_1_91' title='bbox 1251 1314 1431 1370; x_wconf 91' lang='lat' dir='ltr'><strong>animo</strong></span> <span class='ocrx_word' id='word_1_92' title='bbox 1452 1320 1586 1378; x_wconf 89' lang='lat' dir='ltr'><strong>opus</strong></span> <span class='ocrx_word' id='word_1_93' title='bbox 1630 1309 1769 1365; x_wconf 87' lang='lat' dir='ltr'><strong>erat,</strong></span> <span class='ocrx_word' id='word_1_94' title='bbox 1801 1306 1860 1352; x_wconf 94' lang='lat' dir='ltr'><strong>ut</strong></span> <span class='ocrx_word' id='word_1_95' title='bbox 1888 1309 1994 1349; x_wconf 90' lang='lat' dir='ltr'><strong>non</strong></span> 
     </span>
     <span class='ocr_line' id='line_1_14' title="bbox 1677 1390 1964 1410; baseline -0.031 -2"><span class='ocrx_word' id='word_1_96' title='bbox 1677 1396 1709 1410; x_wconf 58' lang='lat'><strong>.,</strong></span> <span class='ocrx_word' id='word_1_97' title='bbox 1766 1407 1781 1410; x_wconf 82' lang='lat'><strong><em>_</em></strong></span> <span class='ocrx_word' id='word_1_98' title='bbox 1801 1390 1824 1410; x_wconf 66' lang='grc'>,</span> <span class='ocrx_word' id='word_1_99' title='bbox 1854 1402 1964 1410; x_wconf 72' lang='lat'>____</span> 
     </span>
    </p>
   </div>
   <div class='ocr_carea' id='block_1_13' title="bbox 413 1390 1997 1490">
    <p class='ocr_par' dir='ltr' id='par_1_13' title="bbox 413 1390 1997 1490">
     <span class='ocr_line' id='line_1_15' title="bbox 413 1390 651 1410; baseline -0.029 -16"><span class='ocrx_word' id='word_1_100' title='bbox 413 1390 588 1410; x_wconf 39' lang='lat'><strong>“1,”,</strong></span> <span class='ocrx_word' id='word_1_101' title='bbox 623 1390 651 1407; x_wconf 65' lang='grc' dir='ltr'><strong>υ</strong></span> 
     </span>
     <span class='ocr_line' id='line_1_16' title="bbox 413 1390 1997 1490; baseline -0.031 -2"><span class='ocrx_word' id='word_1_102' title='bbox 413 1434 665 1488; x_wconf 86' lang='lat' dir='ltr'><strong>timerent</strong></span> <span class='ocrx_word' id='word_1_103' title='bbox 692 1425 958 1490; x_wconf 86' lang='lat' dir='ltr'><strong>traiicere,</strong></span> <span class='ocrx_word' id='word_1_104' title='bbox 990 1432 1090 1473; x_wconf 92' lang='lat' dir='ltr'><strong>nec</strong></span> <span class='ocrx_word' id='word_1_105' title='bbox 1131 1410 1530 1480; x_wconf 83' lang='lat' dir='ltr'><strong>suspicarentur</strong></span> <span class='ocrx_word' id='word_1_106' title='bbox 1557 1396 1725 1453; x_wconf 89' lang='lat' dir='ltr'><strong>maria</strong></span> <span class='ocrx_word' id='word_1_107' title='bbox 1759 1390 1825 1446; x_wconf 92' lang='lat' dir='ltr'><strong>ad</strong></span> <span class='ocrx_word' id='word_1_108' title='bbox 1852 1402 1997 1444; x_wconf 86' lang='lat' dir='ltr'><strong>sum-</strong></span> 
     </span>
    </p>
   </div>
   <div class='ocr_carea' id='block_1_14' title="bbox 414 1487 2000 1580">
    <p class='ocr_par' dir='ltr' id='par_1_14' title="bbox 414 1487 2000 1580">
     <span class='ocr_line' id='line_1_17' title="bbox 414 1487 2000 1580; baseline -0.032 1"><span class='ocrx_word' id='word_1_109' title='bbox 414 1539 563 1580; x_wconf 84' lang='lat' dir='ltr'><strong>mum</strong></span> <span class='ocrx_word' id='word_1_110' title='bbox 587 1521 842 1576; x_wconf 78' lang='lat' dir='ltr'><strong>verticem</strong></span> <span class='ocrx_word' id='word_1_111' title='bbox 864 1512 1114 1577; x_wconf 87' lang='lat' dir='ltr'><strong>utrinque</strong></span> <span class='ocrx_word' id='word_1_112' title='bbox 1141 1502 1346 1559; x_wconf 90' lang='lat' dir='ltr'><strong>sublata</strong></span> <span class='ocrx_word' id='word_1_113' title='bbox 1377 1509 1498 1551; x_wconf 89' lang='lat' dir='ltr'><strong>esse</strong></span> <span class='ocrx_word' id='word_1_114' title='bbox 1526 1503 1620 1545; x_wconf 89' lang='lat' dir='ltr'><strong>eos</strong></span> <span class='ocrx_word' id='word_1_115' title='bbox 1643 1488 1912 1543; x_wconf 76' lang='lat' dir='ltr'><strong>invnsura,</strong></span> <span class='ocrx_word' id='word_1_116' title='bbox 1943 1487 2000 1533; x_wconf 91' lang='lat' dir='ltr'><strong>et</strong></span> 
     </span>
    </p>
   </div>
   <div class='ocr_carea' id='block_1_15' title="bbox 415 1572 1997 1670">
    <p class='ocr_par' dir='ltr' id='par_1_15' title="bbox 415 1572 1997 1670">
     <span class='ocr_line' id='line_1_18' title="bbox 415 1572 1997 1670; baseline -0.031 1"><span class='ocrx_word' id='word_1_117' title='bbox 415 1615 724 1670; x_wconf 85' lang='lat' dir='ltr'><strong>universum</strong></span> <span class='ocrx_word' id='word_1_118' title='bbox 753 1572 1050 1664; x_wconf 82' lang='lat' dir='ltr'><strong>exercitum</strong></span> <span class='ocrx_word' id='word_1_119' title='bbox 1067 1595 1363 1654; x_wconf 90' lang='lat' dir='ltr'><strong>obruitura.</strong></span> <span class='ocrx_word' id='word_1_120' title='bbox 1397 1587 1486 1642; x_wconf 79' lang='grc'><strong>15.</strong></span> <span class='ocrx_word' id='word_1_121' title='bbox 1515 1583 1581 1638; x_wconf 86' lang='lat' dir='ltr'><strong>Et</strong></span> <span class='ocrx_word' id='word_1_122' title='bbox 1610 1576 1825 1635; x_wconf 75' lang='lat' dir='ltr'><strong>excussit</strong></span> <span class='ocrx_word' id='word_1_123' title='bbox 1852 1572 1997 1627; x_wconf 87' lang='lat' dir='ltr'><strong>Pha-</strong></span> 
     </span>
    </p>
   </div>
   <div class='ocr_carea' id='block_1_16' title="bbox 415 1666 1998 1768">
    <p class='ocr_par' dir='ltr' id='par_1_16' title="bbox 415 1666 1998 1768">
     <span class='ocr_line' id='line_1_19' title="bbox 415 1666 1998 1768; baseline -0.03 -3"><span class='ocrx_word' id='word_1_124' title='bbox 415 1725 620 1764; x_wconf 81' lang='lat' dir='ltr'><strong>raonem</strong></span> <span class='ocrx_word' id='word_1_125' title='bbox 637 1716 681 1759; x_wconf 91' lang='lat' dir='ltr'><strong>et</strong></span> <span class='ocrx_word' id='word_1_126' title='bbox 707 1705 939 1758; x_wconf 82' lang='lat' dir='ltr'><strong>virtutem</strong></span> <span class='ocrx_word' id='word_1_127' title='bbox 961 1698 1070 1768; x_wconf 82' lang='lat' dir='ltr'><strong>ejus</strong></span> <span class='ocrx_word' id='word_1_128' title='bbox 1097 1694 1151 1746; x_wconf 88' lang='lat' dir='ltr'><strong>iu</strong></span> <span class='ocrx_word' id='word_1_129' title='bbox 1177 1686 1306 1743; x_wconf 89' lang='lat' dir='ltr'><strong>mari</strong></span> <span class='ocrx_word' id='word_1_130' title='bbox 1326 1682 1516 1738; x_wconf 84' lang='lat' dir='ltr'><strong>Rubro.</strong></span> <span class='ocrx_word' id='word_1_131' title='bbox 1554 1675 1750 1730; x_wconf 82' lang='lat' dir='ltr'><strong>Volcns</strong></span> <span class='ocrx_word' id='word_1_132' title='bbox 1792 1666 1998 1738; x_wconf 79' lang='lat' dir='ltr'><strong>signiﬁ-</strong></span> 
     </span>
    </p>
   </div>
   <div class='ocr_carea' id='block_1_17' title="bbox 418 1765 2000 1859">
    <p class='ocr_par' dir='ltr' id='par_1_17' title="bbox 418 1765 2000 1859">
     <span class='ocr_line' id='line_1_20' title="bbox 418 1765 2000 1859; baseline -0.03 -3"><span class='ocrx_word' id='word_1_133' title='bbox 418 1816 544 1857; x_wconf 89' lang='lat' dir='ltr'><strong>care</strong></span> <span class='ocrx_word' id='word_1_134' title='bbox 564 1797 873 1852; x_wconf 85' lang='lat' dir='ltr'><strong>facilitatem</strong></span> <span class='ocrx_word' id='word_1_135' title='bbox 893 1765 1011 1859; x_wconf 76' lang='lat' dir='ltr'><strong>ejus</strong></span> <span class='ocrx_word' id='word_1_136' title='bbox 1056 1775 1409 1839; x_wconf 83' lang='lat' dir='ltr'><strong>demersionis</strong></span> <span class='ocrx_word' id='word_1_137' title='bbox 1428 1814 1444 1838; x_wconf 90' lang='lat'><strong>,</strong></span> <span class='ocrx_word' id='word_1_138' title='bbox 1491 1769 1593 1824; x_wconf 89' lang='lat' dir='ltr'><strong>hac</strong></span> <span class='ocrx_word' id='word_1_139' title='bbox 1615 1765 1849 1820; x_wconf 88' lang='lat' dir='ltr'><strong>dictione</strong></span> <span class='ocrx_word' id='word_1_140' title='bbox 1876 1769 2000 1812; x_wconf 86' lang='lat' dir='ltr'><strong>usus</strong></span> 
     </span>
    </p>
   </div>
   <div class='ocr_carea' id='block_1_18' title="bbox 418 1854 2000 1949">
    <p class='ocr_par' dir='ltr' id='par_1_18' title="bbox 418 1854 2000 1949">
     <span class='ocr_line' id='line_1_21' title="bbox 418 1854 2000 1949; baseline -0.028 1"><span class='ocrx_word' id='word_1_141' title='bbox 418 1902 521 1949; x_wconf 88' lang='lat' dir='ltr'><strong>est.</strong></span> <span class='ocrx_word' id='word_1_142' title='bbox 549 1891 631 1947; x_wconf 89' lang='lat' dir='ltr'><strong>Tu</strong></span> <span class='ocrx_word' id='word_1_143' title='bbox 655 1897 834 1942; x_wconf 89' lang='lat' dir='ltr'><strong>autem</strong></span> <span class='ocrx_word' id='word_1_144' title='bbox 858 1854 1136 1938; x_wconf 81' lang='lat' dir='ltr'><strong>considera</strong></span> <span class='ocrx_word' id='word_1_145' title='bbox 1163 1867 1432 1945; x_wconf 89' lang='lat' dir='ltr'><strong>quomodo</strong></span> <span class='ocrx_word' id='word_1_146' title='bbox 1447 1878 1569 1920; x_wconf 90' lang='lat' dir='ltr'><strong>cum</strong></span> <span class='ocrx_word' id='word_1_147' title='bbox 1595 1856 1830 1932; x_wconf 89' lang='lat' dir='ltr'><strong>potentia</strong></span> <span class='ocrx_word' id='word_1_148' title='bbox 1849 1862 1902 1909; x_wconf 92' lang='lat' dir='ltr'><strong>et</strong></span> <span class='ocrx_word' id='word_1_149' title='bbox 1924 1854 2000 1906; x_wconf 89' lang='lat' dir='ltr'><strong>ira</strong></span> 
     </span>
    </p>
   </div>
   <div class='ocr_carea' id='block_1_19' title="bbox 422 1947 2004 2056">
    <p class='ocr_par' dir='ltr' id='par_1_19' title="bbox 422 1947 2004 2056">
     <span class='ocr_line' id='line_1_22' title="bbox 422 1947 2004 2056; baseline -0.025 -15"><span class='ocrx_word' id='word_1_150' title='bbox 422 1983 732 2056; x_wconf 85' lang='lat' dir='ltr'><strong>patientiam</strong></span> <span class='ocrx_word' id='word_1_151' title='bbox 754 1990 967 2050; x_wconf 90' lang='lat' dir='ltr'><strong>quoque</strong></span> <span class='ocrx_word' id='word_1_152' title='bbox 1001 1965 1334 2028; x_wconf 82' lang='lat' dir='ltr'><strong>ostenderit;</strong></span> <span class='ocrx_word' id='word_1_153' title='bbox 1368 1970 1426 2016; x_wconf 92' lang='lat' dir='ltr'><strong>ut</strong></span> <span class='ocrx_word' id='word_1_154' title='bbox 1467 1959 1556 2028; x_wconf 86' lang='lat' dir='ltr'><strong>qui</strong></span> <span class='ocrx_word' id='word_1_155' title='bbox 1586 1968 1681 2010; x_wconf 89' lang='lat' dir='ltr'><strong>eos</strong></span> <span class='ocrx_word' id='word_1_156' title='bbox 1720 1965 1826 2005; x_wconf 90' lang='lat' dir='ltr'><strong>non</strong></span> <span class='ocrx_word' id='word_1_157' title='bbox 1855 1947 2004 2018; x_wconf 91' lang='lat' dir='ltr'><strong>prius</strong></span> 
     </span>
    </p>
   </div>
   <div class='ocr_carea' id='block_1_20' title="bbox 421 2047 2006 2144">
    <p class='ocr_par' dir='ltr' id='par_1_20' title="bbox 421 2047 2006 2144">
     <span class='ocr_line' id='line_1_23' title="bbox 421 2047 2006 2144; baseline -0.027 -9"><span class='ocrx_word' id='word_1_158' title='bbox 421 2047 488 2133; x_wconf 80' lang='lat' dir='ltr'><strong>de</strong></span> <span class='ocrx_word' id='word_1_159' title='bbox 508 2076 689 2132; x_wconf 85' lang='lat' dir='ltr'><strong>medio</strong></span> <span class='ocrx_word' id='word_1_160' title='bbox 709 2047 1006 2132; x_wconf 77' lang='lat' dir='ltr'><strong>sustulerit,</strong></span> <span class='ocrx_word' id='word_1_161' title='bbox 1050 2063 1176 2144; x_wconf 78' lang='lat' dir='ltr'><strong>licet</strong></span> <span class='ocrx_word' id='word_1_162' title='bbox 1204 2057 1338 2112; x_wconf 89' lang='lat' dir='ltr'><strong>adeo</strong></span> <span class='ocrx_word' id='word_1_163' title='bbox 1371 2049 1706 2122; x_wconf 87' lang='lat' dir='ltr'><strong>impudentes</strong></span> <span class='ocrx_word' id='word_1_164' title='bbox 1745 2050 1924 2099; x_wconf 86' lang='lat' dir='ltr'><strong>essent</strong></span> <span class='ocrx_word' id='word_1_165' title='bbox 1951 2047 2006 2094; x_wconf 88' lang='lat' dir='ltr'><strong>et</strong></span> 
     </span>
    </p>
   </div>
   <div class='ocr_carea' id='block_1_21' title="bbox 421 2131 2006 2233">
    <p class='ocr_par' dir='ltr' id='par_1_21' title="bbox 421 2131 2006 2233">
     <span class='ocr_line' id='line_1_24' title="bbox 421 2131 2006 2233; baseline -0.026 -6"><span class='ocrx_word' id='word_1_166' title='bbox 421 2165 762 2231; x_wconf 85' lang='lat' dir='ltr'><strong>contentiosi,</strong></span> <span class='ocrx_word' id='word_1_167' title='bbox 801 2174 959 2233; x_wconf 90' lang='lat' dir='ltr'><strong>quam</strong></span> <span class='ocrx_word' id='word_1_168' title='bbox 995 2131 1390 2225; x_wconf 12' lang='lat' dir='ltr'><strong>ripsi‘lubentes</strong></span> <span class='ocrx_word' id='word_1_169' title='bbox 1419 2153 1473 2199; x_wconf 91' lang='lat' dir='ltr'><strong>et</strong></span> <span class='ocrx_word' id='word_1_170' title='bbox 1515 2139 1757 2193; x_wconf 83' lang='lat' dir='ltr'><strong>volentes</strong></span> <span class='ocrx_word' id='word_1_171' title='bbox 1801 2131 2006 2202; x_wconf 89' lang='lat' dir='ltr'><strong>seipsos</strong></span> 
     </span>
    </p>
   </div>
   <div class='ocr_carea' id='block_1_22' title="bbox 421 2232 2008 2334">
    <p class='ocr_par' dir='ltr' id='par_1_22' title="bbox 421 2232 2008 2334">
     <span class='ocr_line' id='line_1_25' title="bbox 421 2232 2008 2334; baseline -0.025 -17"><span class='ocrx_word' id='word_1_172' title='bbox 421 2261 838 2334; x_wconf 56' lang='lat' dir='ltr'><strong>percipitarent.</strong></span> <span class='ocrx_word' id='word_1_173' title='bbox 888 2253 1006 2308; x_wconf 85' lang='lat' dir='ltr'><strong>Non</strong></span> <span class='ocrx_word' id='word_1_174' title='bbox 1049 2248 1145 2303; x_wconf 86' lang='lat' dir='ltr'><strong>abs</strong></span> <span class='ocrx_word' id='word_1_175' title='bbox 1172 2259 1234 2300; x_wconf 90' lang='lat' dir='ltr'><strong>rc</strong></span> <span class='ocrx_word' id='word_1_176' title='bbox 1282 2248 1461 2295; x_wconf 89' lang='lat' dir='ltr'><strong>autem</strong></span> <span class='ocrx_word' id='word_1_177' title='bbox 1497 2232 1764 2290; x_wconf 82' lang='lat' dir='ltr'><strong>exercitus</strong></span> <span class='ocrx_word' id='word_1_178' title='bbox 1798 2237 2008 2296; x_wconf 86' lang='lat' dir='ltr'><strong>quoque</strong></span> 
     </span>
    </p>
   </div>
   <div class='ocr_carea' id='block_1_23' title="bbox 425 2317 2009 2425">
    <p class='ocr_par' dir='ltr' id='par_1_23' title="bbox 425 2317 2009 2425">
     <span class='ocr_line' id='line_1_26' title="bbox 425 2317 2009 2425; baseline -0.026 -16"><span class='ocrx_word' id='word_1_179' title='bbox 425 2317 640 2425; x_wconf 71' lang='lat' dir='ltr'><strong>punitur</strong></span> <span class='ocrx_word' id='word_1_180' title='bbox 671 2369 686 2405; x_wconf 88' lang='lat'><strong>:</strong></span> <span class='ocrx_word' id='word_1_181' title='bbox 713 2348 808 2404; x_wconf 81' lang='lat' dir='ltr'><strong>sed</strong></span> <span class='ocrx_word' id='word_1_182' title='bbox 835 2344 1084 2415; x_wconf 84' lang='lat' dir='ltr'><strong>quoniam</strong></span> <span class='ocrx_word' id='word_1_183' title='bbox 1114 2338 1331 2394; x_wconf 76' lang='lat' dir='ltr'><strong>fuerunt</strong></span> <span class='ocrx_word' id='word_1_184' title='bbox 1353 2337 1696 2401; x_wconf 86' lang='lat' dir='ltr'><strong>peccatorum</strong></span> <span class='ocrx_word' id='word_1_185' title='bbox 1723 2317 2009 2391; x_wconf 88' lang='lat' dir='ltr'><strong>participes</strong></span> 
     </span>
    </p>
   </div>
   <div class='ocr_carea' id='block_1_24' title="bbox 425 2409 2008 2515">
    <p class='ocr_par' dir='ltr' id='par_1_24' title="bbox 425 2409 2008 2515">
     <span class='ocr_line' id='line_1_27' title="bbox 425 2409 2008 2515; baseline -0.025 -13"><span class='ocrx_word' id='word_1_186' title='bbox 425 2409 480 2500; x_wconf 70' lang='lat' dir='ltr'><strong>et</strong></span> <span class='ocrx_word' id='word_1_187' title='bbox 503 2409 948 2515; x_wconf 81' lang='lat' dir='ltr'><strong>perscquutionis,</strong></span> <span class='ocrx_word' id='word_1_188' title='bbox 969 2443 1094 2488; x_wconf 84' lang='lat' dir='ltr'><strong>sunt</strong></span> <span class='ocrx_word' id='word_1_189' title='bbox 1120 2429 1281 2486; x_wconf 90' lang='lat' dir='ltr'><strong>etiam</strong></span> <span class='ocrx_word' id='word_1_190' title='bbox 1306 2437 1478 2496; x_wconf 69' lang='lat' dir='ltr'><strong>pwna:</strong></span> <span class='ocrx_word' id='word_1_191' title='bbox 1500 2430 1555 2475; x_wconf 92' lang='lat' dir='ltr'><strong>et</strong></span> <span class='ocrx_word' id='word_1_192' title='bbox 1571 2413 1811 2487; x_wconf 84' lang='lat' dir='ltr'><strong>supplicii</strong></span> <span class='ocrx_word' id='word_1_193' title='bbox 1841 2409 2008 2481; x_wconf 83' lang='lat' dir='ltr'><strong>parti-</strong></span> 
     </span>
    </p>
   </div>
   <div class='ocr_carea' id='block_1_25' title="bbox 426 2540 592 2607">
    <p class='ocr_par' dir='ltr' id='par_1_25' title="bbox 426 2540 592 2607">
     <span class='ocr_line' id='line_1_28' title="bbox 426 2540 592 2607; baseline -0.024 -15"><span class='ocrx_word' id='word_1_194' title='bbox 426 2540 592 2607; x_wconf 90' lang='lat' dir='ltr'><strong>cipcs.</strong></span> 
     </span>
    </p>
   </div>
   <div class='ocr_carea' id='block_1_26' title="bbox 508 2595 2013 2680">
    <p class='ocr_par' dir='ltr' id='par_1_26' title="bbox 508 2595 2013 2680">
     <span class='ocr_line' id='line_1_29' title="bbox 508 2595 2013 2680; baseline -0.02 1"><span class='ocrx_word' id='word_1_195' title='bbox 508 2621 883 2680; x_wconf 81' lang='lat' dir='ltr'><strong>Providentiam</strong></span> <span class='ocrx_word' id='word_1_196' title='bbox 911 2617 1004 2672; x_wconf 84' lang='lat' dir='ltr'><strong>Dei</strong></span> <span class='ocrx_word' id='word_1_197' title='bbox 1025 2618 1078 2670; x_wconf 92' lang='lat' dir='ltr'><strong>in</strong></span> <span class='ocrx_word' id='word_1_198' title='bbox 1105 2611 1368 2668; x_wconf 83' lang='lat' dir='ltr'><strong>lsraelitas</strong></span> <span class='ocrx_word' id='word_1_199' title='bbox 1393 2604 1580 2661; x_wconf 72' lang='lat' dir='ltr'><strong>exultat</strong></span> <span class='ocrx_word' id='word_1_200' title='bbox 1607 2601 1670 2656; x_wconf 85' lang='lat' dir='ltr'><strong>ab</strong></span> <span class='ocrx_word' id='word_1_201' title='bbox 1684 2599 1820 2654; x_wconf 75' lang='lat' dir='ltr'><strong>exitu</strong></span> <span class='ocrx_word' id='word_1_202' title='bbox 1843 2595 2013 2666; x_wconf 64' lang='grc' dir='ltr'><strong>Αἰθυ-</strong></span> 
     </span>
    </p>
   </div>
   <div class='ocr_carea' id='block_1_27' title="bbox 430 2687 2014 2790">
    <p class='ocr_par' dir='ltr' id='par_1_27' title="bbox 430 2687 2014 2790">
     <span class='ocr_line' id='line_1_30' title="bbox 430 2687 2014 2790; baseline -0.021 -17"><span class='ocrx_word' id='word_1_203' title='bbox 430 2720 522 2790; x_wconf 86' lang='lat' dir='ltr'><strong>pti,</strong></span> <span class='ocrx_word' id='word_1_204' title='bbox 553 2717 620 2770; x_wconf 85' lang='lat' dir='ltr'><strong>ad</strong></span> <span class='ocrx_word' id='word_1_205' title='bbox 671 2710 1049 2781; x_wconf 82' lang='lat' dir='ltr'><strong>occupationem</strong></span> <span class='ocrx_word' id='word_1_206' title='bbox 1092 2716 1238 2759; x_wconf 70' lang='lat' dir='ltr'><strong>terra</strong></span> <span class='ocrx_word' id='word_1_207' title='bbox 1263 2699 1529 2756; x_wconf 82' lang='lat' dir='ltr'><strong>Chanaan.</strong></span> <span class='ocrx_word' id='word_1_208' title='bbox 1558 2689 1734 2746; x_wconf 67' lang='lat'><strong>~16.</strong></span> <span class='ocrx_word' id='word_1_209' title='bbox 1781 2687 1882 2755; x_wconf 92' lang='lat' dir='ltr'><strong>Qui</strong></span> <span class='ocrx_word' id='word_1_210' title='bbox 1909 2697 2014 2741; x_wconf 81' lang='lat' dir='ltr'><strong>tra-</strong></span> 
     </span>
    </p>
   </div>
   <div class='ocr_carea' id='block_1_28' title="bbox 431 2781 2017 2881">
    <p class='ocr_par' dir='ltr' id='par_1_28' title="bbox 431 2781 2017 2881">
     <span class='ocr_line' id='line_1_31' title="bbox 431 2781 2017 2881; baseline -0.021 -14"><span class='ocrx_word' id='word_1_211' title='bbox 431 2813 576 2867; x_wconf 74' lang='lat' dir='ltr'><strong>duxit</strong></span> <span class='ocrx_word' id='word_1_212' title='bbox 623 2808 869 2881; x_wconf 81' lang='lat' dir='ltr'><strong>pupulum</strong></span> <span class='ocrx_word' id='word_1_213' title='bbox 913 2818 1059 2858; x_wconf 88' lang='lat' dir='ltr'><strong>suum</strong></span> <span class='ocrx_word' id='word_1_214' title='bbox 1107 2814 1197 2869; x_wconf 87' lang='lat' dir='ltr'><strong>per</strong></span> <span class='ocrx_word' id='word_1_215' title='bbox 1241 2795 1492 2848; x_wconf 85' lang='lat' dir='ltr'><strong>desertum</strong></span> <span class='ocrx_word' id='word_1_216' title='bbox 1521 2805 1540 2842; x_wconf 90' lang='lat'><strong><em>:</em></strong></span> <span class='ocrx_word' id='word_1_217' title='bbox 1582 2784 1823 2858; x_wconf 83' lang='lat' dir='ltr'><strong>quoniam</strong></span> <span class='ocrx_word' id='word_1_218' title='bbox 1842 2781 1894 2833; x_wconf 89' lang='lat' dir='ltr'><strong>in</strong></span> <span class='ocrx_word' id='word_1_219' title='bbox 1921 2794 2017 2834; x_wconf 73' lang='lat' dir='ltr'><strong>ste-</strong></span> 
     </span>
    </p>
   </div>
   <div class='ocr_carea' id='block_1_29' title="bbox 431 2875 2014 2960">
    <p class='ocr_par' dir='ltr' id='par_1_29' title="bbox 431 2875 2014 2960">
     <span class='ocr_line' id='line_1_32' title="bbox 431 2875 2014 2960; baseline -0.024 1"><span class='ocrx_word' id='word_1_220' title='bbox 431 2907 603 2960; x_wconf 79' lang='lat' dir='ltr'><strong>culum</strong></span> <span class='ocrx_word' id='word_1_221' title='bbox 651 2895 999 2955; x_wconf 82' lang='lat' dir='ltr'><strong>misericordia</strong></span> <span class='ocrx_word' id='word_1_222' title='bbox 1036 2893 1167 2957; x_wconf 86' lang='lat' dir='ltr'><strong>eius.</strong></span> <span class='ocrx_word' id='word_1_223' title='bbox 1221 2888 1335 2943; x_wconf 90' lang='lat' dir='ltr'><strong>lloc</strong></span> <span class='ocrx_word' id='word_1_224' title='bbox 1363 2898 1468 2938; x_wconf 90' lang='lat' dir='ltr'><strong>non</strong></span> <span class='ocrx_word' id='word_1_225' title='bbox 1509 2889 1592 2936; x_wconf 86' lang='lat' dir='ltr'><strong>est</strong></span> <span class='ocrx_word' id='word_1_226' title='bbox 1633 2875 1811 2932; x_wconf 90' lang='lat' dir='ltr'><strong>minus</strong></span> <span class='ocrx_word' id='word_1_227' title='bbox 1856 2887 2014 2942; x_wconf 89' lang='lat' dir='ltr'><strong>quam</strong></span> 
     </span>
    </p>
   </div>
   <div class='ocr_carea' id='block_1_30' title="bbox 435 2964 2013 3066">
    <p class='ocr_par' dir='ltr' id='par_1_30' title="bbox 435 2964 2013 3066">
     <span class='ocr_line' id='line_1_33' title="bbox 435 2964 2013 3066; baseline -0.023 -15"><span class='ocrx_word' id='word_1_228' title='bbox 435 3011 532 3066; x_wconf 85' lang='lat' dir='ltr'><strong>per</strong></span> <span class='ocrx_word' id='word_1_229' title='bbox 555 3007 703 3048; x_wconf 89' lang='lat' dir='ltr'><strong>mare</strong></span> <span class='ocrx_word' id='word_1_230' title='bbox 749 2987 1063 3058; x_wconf 84' lang='lat' dir='ltr'><strong>perducere.</strong></span> <span class='ocrx_word' id='word_1_231' title='bbox 1105 2979 1215 3036; x_wconf 83' lang='lat' dir='ltr'><strong>Etsi</strong></span> <span class='ocrx_word' id='word_1_232' title='bbox 1243 2977 1384 3033; x_wconf 92' lang='lat' dir='ltr'><strong>enim</strong></span> <span class='ocrx_word' id='word_1_233' title='bbox 1421 2972 1636 3027; x_wconf 90' lang='lat' dir='ltr'><strong>suberat</strong></span> <span class='ocrx_word' id='word_1_234' title='bbox 1684 2975 1823 3022; x_wconf 87' lang='lat' dir='ltr'><strong>terra</strong></span> <span class='ocrx_word' id='word_1_235' title='bbox 1852 2964 2013 3026; x_wconf 83' lang='lat' dir='ltr'><strong>sicca,</strong></span> 
     </span>
    </p>
   </div>
   <div class='ocr_carea' id='block_1_31' title="bbox 435 3055 2016 3156">
    <p class='ocr_par' dir='ltr' id='par_1_31' title="bbox 435 3055 2016 3156">
     <span class='ocr_line' id='line_1_34' title="bbox 435 3055 2016 3156; baseline -0.022 -15"><span class='ocrx_word' id='word_1_236' title='bbox 435 3102 554 3156; x_wconf 82' lang='lat' dir='ltr'><strong>qu:e</strong></span> <span class='ocrx_word' id='word_1_237' title='bbox 573 3093 746 3139; x_wconf 86' lang='lat' dir='ltr'><strong>castra</strong></span> <span class='ocrx_word' id='word_1_238' title='bbox 781 3077 1046 3135; x_wconf 87' lang='lat' dir='ltr'><strong>sustinere</strong></span> <span class='ocrx_word' id='word_1_239' title='bbox 1069 3078 1310 3142; x_wconf 88' lang='lat' dir='ltr'><strong>poterat,</strong></span> <span class='ocrx_word' id='word_1_240' title='bbox 1336 3075 1492 3122; x_wconf 89' lang='lat' dir='ltr'><strong>erant</strong></span> <span class='ocrx_word' id='word_1_241' title='bbox 1519 3072 1694 3118; x_wconf 90' lang='lat' dir='ltr'><strong>tamen</strong></span> <span class='ocrx_word' id='word_1_242' title='bbox 1723 3055 1889 3113; x_wconf 90' lang='lat' dir='ltr'><strong>multa</strong></span> <span class='ocrx_word' id='word_1_243' title='bbox 1915 3055 2016 3108; x_wconf 87' lang='lat' dir='ltr'><strong>alia</strong></span> 
     </span>
    </p>
   </div>
   <div class='ocr_carea' id='block_1_32' title="bbox 435 3146 2016 3244">
    <p class='ocr_par' dir='ltr' id='par_1_32' title="bbox 435 3146 2016 3244">
     <span class='ocr_line' id='line_1_35' title="bbox 435 3146 2016 3244; baseline -0.02 -15"><span class='ocrx_word' id='word_1_244' title='bbox 435 3193 555 3244; x_wconf 81' lang='lat' dir='ltr'><strong>quae</strong></span> <span class='ocrx_word' id='word_1_245' title='bbox 570 3176 649 3230; x_wconf 89' lang='lat' dir='ltr'><strong>eis</strong></span> <span class='ocrx_word' id='word_1_246' title='bbox 669 3170 959 3227; x_wconf 70' lang='lat' dir='ltr'><strong>offerebant</strong></span> <span class='ocrx_word' id='word_1_247' title='bbox 979 3162 1298 3222; x_wconf 88' lang='lat' dir='ltr'><strong>molestiam.</strong></span> <span class='ocrx_word' id='word_1_248' title='bbox 1320 3151 1820 3214; x_wconf 81' lang='lat' dir='ltr'><strong>Suﬂiciebantenim</strong></span> <span class='ocrx_word' id='word_1_249' title='bbox 1841 3146 2016 3202; x_wconf 85' lang='lat' dir='ltr'><strong>omnia</strong></span> 
     </span>
    </p>
   </div>
   <div class='ocr_carea' id='block_1_33' title="bbox 437 3237 2020 3321">
    <p class='ocr_par' dir='ltr' id='par_1_33' title="bbox 437 3237 2020 3321">
     <span class='ocr_line' id='line_1_36' title="bbox 437 3237 2020 3321; baseline -0.02 0"><span class='ocrx_word' id='word_1_250' title='bbox 437 3269 502 3321; x_wconf 81' lang='lat' dir='ltr'><strong>ad</strong></span> <span class='ocrx_word' id='word_1_251' title='bbox 533 3280 625 3320; x_wconf 87' lang='lat' dir='ltr'><strong>eos</strong></span> <span class='ocrx_word' id='word_1_252' title='bbox 645 3256 1061 3320; x_wconf 82' lang='lat' dir='ltr'><strong>consumendos,</strong></span> <span class='ocrx_word' id='word_1_253' title='bbox 1093 3261 1148 3309; x_wconf 90' lang='lat' dir='ltr'><strong>et</strong></span> <span class='ocrx_word' id='word_1_254' title='bbox 1189 3249 1349 3306; x_wconf 90' lang='lat' dir='ltr'><strong>morti</strong></span> <span class='ocrx_word' id='word_1_255' title='bbox 1394 3243 1778 3301; x_wconf 67' lang='lat' dir='ltr'><strong>crudelissimae</strong></span> <span class='ocrx_word' id='word_1_256' title='bbox 1807 3237 2020 3295; x_wconf 86' lang='lat' dir='ltr'><strong>traden-</strong></span> 
     </span>
    </p>
   </div>
   <div class='ocr_carea' id='block_1_34' title="bbox 438 3343 2022 3427">
    <p class='ocr_par' dir='ltr' id='par_1_34' title="bbox 438 3343 2022 3427">
     <span class='ocr_line' id='line_1_37' title="bbox 438 3343 2022 3427; baseline -0.019 -11"><span class='ocrx_word' id='word_1_257' title='bbox 438 3365 556 3427; x_wconf 82' lang='lat' dir='ltr'><strong>dos,</strong></span> <span class='ocrx_word' id='word_1_258' title='bbox 589 3362 775 3424; x_wconf 80' lang='lat' dir='ltr'><strong>fames,</strong></span> <span class='ocrx_word' id='word_1_259' title='bbox 809 3355 1042 3427; x_wconf 82' lang='lat' dir='ltr'><strong>squalor,</strong></span> <span class='ocrx_word' id='word_1_260' title='bbox 1077 3351 1214 3413; x_wconf 86' lang='lat' dir='ltr'><strong>sitis,</strong></span> <span class='ocrx_word' id='word_1_261' title='bbox 1244 3346 1424 3402; x_wconf 89' lang='lat' dir='ltr'><strong>radius</strong></span> <span class='ocrx_word' id='word_1_262' title='bbox 1453 3356 1610 3413; x_wconf 92' lang='lat' dir='ltr'><strong>quam</strong></span> <span class='ocrx_word' id='word_1_263' title='bbox 1638 3353 1734 3409; x_wconf 89' lang='lat' dir='ltr'><strong>par</strong></span> <span class='ocrx_word' id='word_1_264' title='bbox 1761 3343 1906 3392; x_wconf 85' lang='lat' dir='ltr'><strong>esset</strong></span> <span class='ocrx_word' id='word_1_265' title='bbox 1933 3347 2022 3386; x_wconf 87' lang='lat' dir='ltr'><strong>ca-</strong></span> 
     </span>
    </p>
   </div>
   <div class='ocr_carea' id='block_1_35' title="bbox 440 3429 2023 3515">
    <p class='ocr_par' dir='ltr' id='par_1_35' title="bbox 440 3429 2023 3515">
     <span class='ocr_line' id='line_1_38' title="bbox 440 3429 2023 3515; baseline -0.02 -3"><span class='ocrx_word' id='word_1_266' title='bbox 440 3459 598 3512; x_wconf 87' lang='lat' dir='ltr'><strong>lidior</strong></span> <span class='ocrx_word' id='word_1_267' title='bbox 621 3455 924 3515; x_wconf 85' lang='lat' dir='ltr'><strong>imminens,</strong></span> <span class='ocrx_word' id='word_1_268' title='bbox 949 3449 1180 3503; x_wconf 83' lang='lat' dir='ltr'><strong>ferarum</strong></span> <span class='ocrx_word' id='word_1_269' title='bbox 1201 3436 1501 3499; x_wconf 89' lang='lat' dir='ltr'><strong>multitudo,</strong></span> <span class='ocrx_word' id='word_1_270' title='bbox 1529 3443 1583 3489; x_wconf 89' lang='lat' dir='ltr'><strong>et</strong></span> <span class='ocrx_word' id='word_1_271' title='bbox 1599 3429 2023 3488; x_wconf 85' lang='lat' dir='ltr'><strong>necessariorum</strong></span> 
     </span>
    </p>
   </div>
   <div class='ocr_carea' id='block_1_36' title="bbox 442 3517 2027 3612">
    <p class='ocr_par' dir='ltr' id='par_1_36' title="bbox 442 3517 2027 3612">
     <span class='ocr_line' id='line_1_39' title="bbox 442 3517 2027 3612; baseline -0.02 -10"><span class='ocrx_word' id='word_1_272' title='bbox 442 3548 679 3602; x_wconf 48' lang='lat' dir='ltr'><strong>on‘tnium</strong></span> <span class='ocrx_word' id='word_1_273' title='bbox 709 3542 947 3612; x_wconf 88' lang='lat' dir='ltr'><strong>penuria.</strong></span> <span class='ocrx_word' id='word_1_274' title='bbox 975 3537 1093 3594; x_wconf 88' lang='lat' dir='ltr'><strong>Scis</strong></span> <span class='ocrx_word' id='word_1_275' title='bbox 1118 3543 1294 3590; x_wconf 89' lang='lat' dir='ltr'><strong>autem</strong></span> <span class='ocrx_word' id='word_1_276' title='bbox 1342 3537 1470 3601; x_wconf 88' lang='lat' dir='ltr'><strong>qttot</strong></span> <span class='ocrx_word' id='word_1_277' title='bbox 1507 3526 1665 3580; x_wconf 88' lang='lat' dir='ltr'><strong>rebus</strong></span> <span class='ocrx_word' id='word_1_278' title='bbox 1695 3523 1856 3576; x_wconf 91' lang='lat' dir='ltr'><strong>homo</strong></span> <span class='ocrx_word' id='word_1_279' title='bbox 1891 3517 2027 3573; x_wconf 85' lang='lat' dir='ltr'><strong>indi-</strong></span> 
     </span>
    </p>
   </div>
   <div class='ocr_carea' id='block_1_37' title="bbox 441 3609 2026 3710">
    <p class='ocr_par' dir='ltr' id='par_1_37' title="bbox 441 3609 2026 3710">
     <span class='ocr_line' id='line_1_40' title="bbox 441 3609 2026 3710; baseline -0.023 -14"><span class='ocrx_word' id='word_1_280' title='bbox 441 3649 548 3710; x_wconf 83' lang='lat' dir='ltr'><strong>get.</strong></span> <span class='ocrx_word' id='word_1_281' title='bbox 572 3637 679 3693; x_wconf 87' lang='lat' dir='ltr'><strong>Illis</strong></span> <span class='ocrx_word' id='word_1_282' title='bbox 708 3646 882 3694; x_wconf 84' lang='lat' dir='ltr'><strong>tamen</strong></span> <span class='ocrx_word' id='word_1_283' title='bbox 920 3630 1167 3685; x_wconf 90' lang='lat' dir='ltr'><strong>omnibus</strong></span> <span class='ocrx_word' id='word_1_284' title='bbox 1213 3621 1416 3686; x_wconf 88' lang='lat' dir='ltr'><strong>nudati,</strong></span> <span class='ocrx_word' id='word_1_285' title='bbox 1445 3627 1499 3674; x_wconf 90' lang='lat' dir='ltr'><strong>et</strong></span> <span class='ocrx_word' id='word_1_286' title='bbox 1535 3631 1640 3671; x_wconf 89' lang='lat' dir='ltr'><strong>non</strong></span> <span class='ocrx_word' id='word_1_287' title='bbox 1681 3623 1877 3668; x_wconf 90' lang='lat' dir='ltr'><strong>tectum</strong></span> <span class='ocrx_word' id='word_1_288' title='bbox 1927 3609 2026 3662; x_wconf 87' lang='lat' dir='ltr'><strong>ha-</strong></span> 
     </span>
    </p>
   </div>
   <div class='ocr_carea' id='block_1_38' title="bbox 445 3701 2026 3796">
    <p class='ocr_par' dir='ltr' id='par_1_38' title="bbox 445 3701 2026 3796">
     <span class='ocr_line' id='line_1_41' title="bbox 445 3701 2026 3796; baseline -0.019 -10"><span class='ocrx_word' id='word_1_289' title='bbox 445 3732 652 3796; x_wconf 88' lang='lat' dir='ltr'><strong>bentes,</strong></span> <span class='ocrx_word' id='word_1_290' title='bbox 685 3743 791 3783; x_wconf 92' lang='lat' dir='ltr'><strong>non</strong></span> <span class='ocrx_word' id='word_1_291' title='bbox 845 3724 1119 3786; x_wconf 87' lang='lat' dir='ltr'><strong>alimenta,</strong></span> <span class='ocrx_word' id='word_1_292' title='bbox 1169 3731 1277 3772; x_wconf 90' lang='lat' dir='ltr'><strong>non</strong></span> <span class='ocrx_word' id='word_1_293' title='bbox 1329 3711 1636 3768; x_wconf 83' lang='lat' dir='ltr'><strong>indumenta</strong></span> <span class='ocrx_word' id='word_1_294' title='bbox 1685 3701 2026 3760; x_wconf 77' lang='lat' dir='ltr'><strong>sufficientia.</strong></span> 
     </span>
    </p>
   </div>
   <div class='ocr_carea' id='block_1_39' title="bbox 447 3795 2030 3878">
    <p class='ocr_par' dir='ltr' id='par_1_39' title="bbox 447 3795 2030 3878">
     <span class='ocr_line' id='line_1_42' title="bbox 447 3795 2030 3878; baseline -0.02 -2"><span class='ocrx_word' id='word_1_295' title='bbox 447 3837 552 3877; x_wconf 92' lang='lat' dir='ltr'><strong>non</strong></span> <span class='ocrx_word' id='word_1_296' title='bbox 605 3819 985 3877; x_wconf 87' lang='lat' dir='ltr'><strong>calceamenta,</strong></span> <span class='ocrx_word' id='word_1_297' title='bbox 1011 3827 1116 3866; x_wconf 92' lang='lat' dir='ltr'><strong>non</strong></span> <span class='ocrx_word' id='word_1_298' title='bbox 1155 3804 1354 3878; x_wconf 88' lang='lat' dir='ltr'><strong>aliquid</strong></span> <span class='ocrx_word' id='word_1_299' title='bbox 1399 3801 1544 3857; x_wconf 89' lang='lat' dir='ltr'><strong>aliud</strong></span> <span class='ocrx_word' id='word_1_300' title='bbox 1585 3795 1869 3868; x_wconf 80' lang='lat' dir='ltr'><strong>ejusmodi,</strong></span> <span class='ocrx_word' id='word_1_301' title='bbox 1897 3802 2030 3846; x_wconf 82' lang='lat' dir='ltr'><strong>tam-</strong></span> 
     </span>
    </p>
   </div>
   <div class='ocr_carea' id='block_1_40' title="bbox 446 3889 2031 3983">
    <p class='ocr_par' dir='ltr' id='par_1_40' title="bbox 446 3889 2031 3983">
     <span class='ocr_line' id='line_1_43' title="bbox 446 3889 2031 3983; baseline -0.019 -18"><span class='ocrx_word' id='word_1_302' title='bbox 446 3927 606 3983; x_wconf 88' lang='lat' dir='ltr'><strong>quam</strong></span> <span class='ocrx_word' id='word_1_303' title='bbox 628 3913 679 3964; x_wconf 92' lang='lat' dir='ltr'><strong>in</strong></span> <span class='ocrx_word' id='word_1_304' title='bbox 707 3907 897 3964; x_wconf 87' lang='lat' dir='ltr'><strong>mediis</strong></span> <span class='ocrx_word' id='word_1_305' title='bbox 923 3903 1144 3958; x_wconf 87' lang='lat' dir='ltr'><strong>urbibus</strong></span> <span class='ocrx_word' id='word_1_306' title='bbox 1169 3900 1394 3955; x_wconf 87' lang='lat' dir='ltr'><strong>choreas</strong></span> <span class='ocrx_word' id='word_1_307' title='bbox 1417 3899 1656 3964; x_wconf 81' lang='lat' dir='ltr'><strong>agentes,</strong></span> <span class='ocrx_word' id='word_1_308' title='bbox 1703 3889 1772 3942; x_wconf 86' lang='lat' dir='ltr'><strong>ita</strong></span> <span class='ocrx_word' id='word_1_309' title='bbox 1797 3900 1893 3956; x_wconf 89' lang='lat' dir='ltr'><strong>per</strong></span> <span class='ocrx_word' id='word_1_310' title='bbox 1915 3898 2031 3938; x_wconf 75' lang='lat' dir='ltr'><strong>om-</strong></span> 
     </span>
    </p>
   </div>
   <div class='ocr_carea' id='block_1_41' title="bbox 450 3973 2030 4058">
    <p class='ocr_par' dir='ltr' id='par_1_41' title="bbox 450 3973 2030 4058">
     <span class='ocr_line' id='line_1_44' title="bbox 450 3973 2030 4058; baseline -0.021 1"><span class='ocrx_word' id='word_1_311' title='bbox 450 4020 574 4058; x_wconf 87' lang='lat' dir='ltr'><strong>nem</strong></span> <span class='ocrx_word' id='word_1_312' title='bbox 618 4003 761 4057; x_wconf 89' lang='lat' dir='ltr'><strong>illam</strong></span> <span class='ocrx_word' id='word_1_313' title='bbox 816 3995 1156 4054; x_wconf 88' lang='lat' dir='ltr'><strong>solitudinem</strong></span> <span class='ocrx_word' id='word_1_314' title='bbox 1193 3987 1526 4045; x_wconf 88' lang='lat' dir='ltr'><strong>incedebant.</strong></span> <span class='ocrx_word' id='word_1_315' title='bbox 1578 3981 1659 4037; x_wconf 87' lang='lat' dir='ltr'><strong>Tu</strong></span> <span class='ocrx_word' id='word_1_316' title='bbox 1689 3986 1866 4033; x_wconf 89' lang='lat' dir='ltr'><strong>autem</strong></span> <span class='ocrx_word' id='word_1_317' title='bbox 1901 3973 2030 4030; x_wconf 89' lang='lat' dir='ltr'><strong>mihi</strong></span> 
     </span>
    </p>
   </div>
   <div class='ocr_carea' id='block_1_42' title="bbox 450 4065 2034 4160">
    <p class='ocr_par' dir='ltr' id='par_1_42' title="bbox 450 4065 2034 4160">
     <span class='ocr_line' id='line_1_45' title="bbox 450 4065 2034 4160; baseline -0.02 -11"><span class='ocrx_word' id='word_1_318' title='bbox 450 4093 754 4156; x_wconf 83' lang='lat' dir='ltr'><strong>considera,</strong></span> <span class='ocrx_word' id='word_1_319' title='bbox 779 4098 909 4160; x_wconf 91' lang='lat' dir='ltr'><strong>quot</strong></span> <span class='ocrx_word' id='word_1_320' title='bbox 935 4082 1192 4140; x_wconf 89' lang='lat' dir='ltr'><strong>miracula</strong></span> <span class='ocrx_word' id='word_1_321' title='bbox 1221 4077 1483 4150; x_wconf 68' lang='lat' dir='ltr'><strong>praeteriit</strong></span> <span class='ocrx_word' id='word_1_322' title='bbox 1499 4087 1619 4144; x_wconf 63' lang='lat' dir='ltr'><strong>quae</strong></span> <span class='ocrx_word' id='word_1_323' title='bbox 1647 4072 1700 4126; x_wconf 91' lang='lat' dir='ltr'><strong>in</strong></span> <span class='ocrx_word' id='word_1_324' title='bbox 1747 4065 2034 4124; x_wconf 88' lang='lat' dir='ltr'><strong>solitudine</strong></span> 
     </span>
    </p>
   </div>
   <div class='ocr_carea' id='block_1_43' title="bbox 455 4156 2039 4245">
    <p class='ocr_par' dir='ltr' id='par_1_43' title="bbox 455 4156 2039 4245">
     <span class='ocr_line' id='line_1_46' title="bbox 455 4156 2039 4245; baseline -0.019 -5"><span class='ocrx_word' id='word_1_325' title='bbox 455 4189 590 4240; x_wconf 75' lang='lat' dir='ltr'><strong>facta</strong></span> <span class='ocrx_word' id='word_1_326' title='bbox 617 4190 762 4245; x_wconf 88' lang='lat' dir='ltr'><strong>sunt,</strong></span> <span class='ocrx_word' id='word_1_327' title='bbox 794 4156 849 4234; x_wconf 76' lang='lat' dir='ltr'><strong>et</strong></span> <span class='ocrx_word' id='word_1_328' title='bbox 873 4185 1001 4244; x_wconf 86' lang='lat' dir='ltr'><strong>quot</strong></span> <span class='ocrx_word' id='word_1_329' title='bbox 1034 4187 1293 4228; x_wconf 86' lang='lat' dir='ltr'><strong>annorum</strong></span> <span class='ocrx_word' id='word_1_330' title='bbox 1322 4164 1834 4222; x_wconf 78' lang='lat' dir='ltr'><strong>administrationem</strong></span> <span class='ocrx_word' id='word_1_331' title='bbox 1867 4156 2039 4213; x_wconf 86' lang='lat' dir='ltr'><strong>:duo-</strong></span> 
     </span>
    </p>
   </div>
   <div class='ocr_carea' id='block_1_44' title="bbox 456 4247 2036 4331">
    <p class='ocr_par' dir='ltr' id='par_1_44' title="bbox 456 4247 2036 4331">
     <span class='ocr_line' id='line_1_47' title="bbox 456 4247 2036 4331; baseline -0.02 0"><span class='ocrx_word' id='word_1_332' title='bbox 456 4293 572 4331; x_wconf 91' lang='lat' dir='ltr'><strong>rum</strong></span> <span class='ocrx_word' id='word_1_333' title='bbox 603 4283 779 4328; x_wconf 89' lang='lat' dir='ltr'><strong>autem</strong></span> <span class='ocrx_word' id='word_1_334' title='bbox 812 4277 1014 4324; x_wconf 89' lang='lat' dir='ltr'><strong>tantum</strong></span> <span class='ocrx_word' id='word_1_335' title='bbox 1039 4261 1416 4319; x_wconf 91' lang='lat' dir='ltr'><strong>miraculorum</strong></span> <span class='ocrx_word' id='word_1_336' title='bbox 1442 4254 1715 4319; x_wconf 89' lang='lat' dir='ltr'><strong>meminit,</strong></span> <span class='ocrx_word' id='word_1_337' title='bbox 1745 4265 1865 4321; x_wconf 73' lang='lat' dir='ltr'><strong>qua:</strong></span> <span class='ocrx_word' id='word_1_338' title='bbox 1893 4247 2036 4302; x_wconf 89' lang='lat' dir='ltr'><strong>circa</strong></span> 
     </span>
    </p>
   </div>
   <div class='ocr_carea' id='block_1_45' title="bbox 458 4343 2039 4435">
    <p class='ocr_par' dir='ltr' id='par_1_45' title="bbox 458 4343 2039 4435">
     <span class='ocr_line' id='line_1_48' title="bbox 458 4343 2039 4435; baseline -0.02 -12"><span class='ocrx_word' id='word_1_339' title='bbox 458 4369 579 4422; x_wconf 89' lang='lat' dir='ltr'><strong>illos</strong></span> <span class='ocrx_word' id='word_1_340' title='bbox 614 4379 768 4435; x_wconf 79' lang='lat' dir='ltr'><strong>reges</strong></span> <span class='ocrx_word' id='word_1_341' title='bbox 797 4363 933 4417; x_wconf 78' lang='lat' dir='ltr'><strong>facta</strong></span> <span class='ocrx_word' id='word_1_342' title='bbox 983 4365 1131 4414; x_wconf 91' lang='lat' dir='ltr'><strong>sunt.</strong></span> <span class='ocrx_word' id='word_1_343' title='bbox 1185 4353 1399 4409; x_wconf 79' lang='lat' dir='ltr'><strong>Mittens</strong></span> <span class='ocrx_word' id='word_1_344' title='bbox 1447 4348 1590 4404; x_wconf 91' lang='lat' dir='ltr'><strong>enim</strong></span> <span class='ocrx_word' id='word_1_345' title='bbox 1635 4345 1704 4400; x_wconf 90' lang='lat' dir='ltr'><strong>de</strong></span> <span class='ocrx_word' id='word_1_346' title='bbox 1757 4343 1847 4398; x_wconf 90' lang='lat' dir='ltr'><strong>illa</strong></span> <span class='ocrx_word' id='word_1_347' title='bbox 1899 4353 2039 4395; x_wconf 87' lang='lat' dir='ltr'><strong>nova</strong></span> 
     </span>
    </p>
   </div>
   <div class='ocr_carea' id='block_1_46' title="bbox 457 4431 2040 4517">
    <p class='ocr_par' dir='ltr' id='par_1_46' title="bbox 457 4431 2040 4517">
     <span class='ocr_line' id='line_1_49' title="bbox 457 4431 2040 4517; baseline -0.021 -2"><span class='ocrx_word' id='word_1_348' title='bbox 457 4473 642 4516; x_wconf 86' lang='lat' dir='ltr'><strong>mensa</strong></span> <span class='ocrx_word' id='word_1_349' title='bbox 665 4431 866 4517; x_wconf 80' lang='lat' dir='ltr'><strong>dicere,</strong></span> <span class='ocrx_word' id='word_1_350' title='bbox 898 4451 967 4505; x_wconf 89' lang='lat' dir='ltr'><strong>de</strong></span> <span class='ocrx_word' id='word_1_351' title='bbox 991 4456 1133 4504; x_wconf 88' lang='lat' dir='ltr'><strong>tecto</strong></span> <span class='ocrx_word' id='word_1_352' title='bbox 1181 4440 1504 4504; x_wconf 85' lang='lat' dir='ltr'><strong>admirabili,</strong></span> <span class='ocrx_word' id='word_1_353' title='bbox 1536 4436 1606 4492; x_wconf 89' lang='lat' dir='ltr'><strong>de</strong></span> <span class='ocrx_word' id='word_1_354' title='bbox 1647 4431 1892 4503; x_wconf 88' lang='lat' dir='ltr'><strong>lampade</strong></span> <span class='ocrx_word' id='word_1_355' title='bbox 1920 4445 2040 4500; x_wconf 59' lang='lat' dir='ltr'><strong>quas</strong></span> 
     </span>
    </p>
   </div>
   <div class='ocr_carea' id='block_1_47' title="bbox 461 4520 2043 4617">
    <p class='ocr_par' dir='ltr' id='par_1_47' title="bbox 461 4520 2043 4617">
     <span class='ocr_line' id='line_1_50' title="bbox 461 4520 2043 4617; baseline -0.018 -16"><span class='ocrx_word' id='word_1_356' title='bbox 461 4561 746 4617; x_wconf 87' lang='lat' dir='ltr'><strong>numquam</strong></span> <span class='ocrx_word' id='word_1_357' title='bbox 777 4559 884 4597; x_wconf 91' lang='lat' dir='ltr'><strong>non</strong></span> <span class='ocrx_word' id='word_1_358' title='bbox 910 4537 1176 4611; x_wconf 82' lang='lat' dir='ltr'><strong>apparuit,</strong></span> <span class='ocrx_word' id='word_1_359' title='bbox 1204 4534 1271 4590; x_wconf 90' lang='lat' dir='ltr'><strong>de</strong></span> <span class='ocrx_word' id='word_1_360' title='bbox 1301 4531 1530 4588; x_wconf 85' lang='lat' dir='ltr'><strong>vestium</strong></span> <span class='ocrx_word' id='word_1_361' title='bbox 1575 4523 1946 4597; x_wconf 79' lang='lat' dir='ltr'><strong>perpetuitate,</strong></span> <span class='ocrx_word' id='word_1_362' title='bbox 1974 4520 2043 4574; x_wconf 89' lang='lat' dir='ltr'><strong>de</strong></span> 
     </span>
    </p>
   </div>
   <div class='ocr_carea' id='block_1_48' title="bbox 460 4616 2040 4708">
    <p class='ocr_par' dir='ltr' id='par_1_48' title="bbox 460 4616 2040 4708">
     <span class='ocr_line' id='line_1_51' title="bbox 460 4616 2040 4708; baseline -0.021 -11"><span class='ocrx_word' id='word_1_363' title='bbox 460 4641 653 4696; x_wconf 82' lang='lat' dir='ltr'><strong>calceis</strong></span> <span class='ocrx_word' id='word_1_364' title='bbox 679 4641 767 4708; x_wconf 88' lang='lat' dir='ltr'><strong>qui</strong></span> <span class='ocrx_word' id='word_1_365' title='bbox 801 4650 905 4690; x_wconf 92' lang='lat' dir='ltr'><strong>non</strong></span> <span class='ocrx_word' id='word_1_366' title='bbox 925 4631 1364 4691; x_wconf 78' lang='lat' dir='ltr'><strong>conterebantur,</strong></span> <span class='ocrx_word' id='word_1_367' title='bbox 1392 4623 1460 4680; x_wconf 88' lang='lat' dir='ltr'><strong>de</strong></span> <span class='ocrx_word' id='word_1_368' title='bbox 1481 4619 1714 4676; x_wconf 82' lang='lat' dir='ltr'><strong>fontibus</strong></span> <span class='ocrx_word' id='word_1_369' title='bbox 1738 4616 1826 4687; x_wconf 89' lang='lat' dir='ltr'><strong>qui</strong></span> <span class='ocrx_word' id='word_1_370' title='bbox 1857 4627 2040 4668; x_wconf 84' lang='lat' dir='ltr'><strong>mana-</strong></span> 
     </span>
    </p>
   </div>
   <div class='ocr_carea' id='block_1_49' title="bbox 465 4703 2042 4796">
    <p class='ocr_par' dir='ltr' id='par_1_49' title="bbox 465 4703 2042 4796">
     <span class='ocr_line' id='line_1_52' title="bbox 465 4703 2042 4796; baseline -0.019 -10"><span class='ocrx_word' id='word_1_371' title='bbox 465 4739 591 4786; x_wconf 90' lang='lat' dir='ltr'><strong>runt</strong></span> <span class='ocrx_word' id='word_1_372' title='bbox 617 4743 648 4784; x_wconf 88' lang='lat' dir='ltr'><strong>e</strong></span> <span class='ocrx_word' id='word_1_373' title='bbox 676 4703 918 4796; x_wconf 69' lang='lat' dir='ltr'><strong>rupibus,</strong></span> <span class='ocrx_word' id='word_1_374' title='bbox 967 4723 1113 4778; x_wconf 84' lang='lat' dir='ltr'><strong>etde</strong></span> <span class='ocrx_word' id='word_1_375' title='bbox 1160 4719 1278 4775; x_wconf 87' lang='lat' dir='ltr'><strong>aliis</strong></span> <span class='ocrx_word' id='word_1_376' title='bbox 1330 4716 1484 4771; x_wconf 85' lang='lat' dir='ltr'><strong>novis</strong></span> <span class='ocrx_word' id='word_1_377' title='bbox 1526 4721 1582 4768; x_wconf 90' lang='lat' dir='ltr'><strong>et</strong></span> <span class='ocrx_word' id='word_1_378' title='bbox 1619 4703 2042 4769; x_wconf 89' lang='lat' dir='ltr'><strong>admirabilibus,</strong></span> 
     </span>
    </p>
   </div>
   <div class='ocr_carea' id='block_1_50' title="bbox 467 4797 2049 4896">
    <p class='ocr_par' dir='ltr' id='par_1_50' title="bbox 467 4797 2049 4896">
     <span class='ocr_line' id='line_1_53' title="bbox 467 4797 2049 4896; baseline -0.02 -16"><span class='ocrx_word' id='word_1_379' title='bbox 467 4839 563 4896; x_wconf 90' lang='lat' dir='ltr'><strong>per</strong></span> <span class='ocrx_word' id='word_1_380' title='bbox 590 4835 709 4892; x_wconf 77' lang='lat' dir='ltr'><strong>qure</strong></span> <span class='ocrx_word' id='word_1_381' title='bbox 738 4819 839 4874; x_wconf 89' lang='lat' dir='ltr'><strong>iter</strong></span> <span class='ocrx_word' id='word_1_382' title='bbox 863 4817 969 4871; x_wconf 88' lang='lat' dir='ltr'><strong>illis</strong></span> <span class='ocrx_word' id='word_1_383' title='bbox 997 4815 1151 4870; x_wconf 82' lang='lat' dir='ltr'><strong>facile</strong></span> <span class='ocrx_word' id='word_1_384' title='bbox 1175 4811 1401 4882; x_wconf 86' lang='lat' dir='ltr'><strong>paravit,</strong></span> <span class='ocrx_word' id='word_1_385' title='bbox 1421 4807 1648 4862; x_wconf 88' lang='lat' dir='ltr'><strong>duorum</strong></span> <span class='ocrx_word' id='word_1_386' title='bbox 1672 4801 1844 4856; x_wconf 91' lang='lat' dir='ltr'><strong>solum</strong></span> <span class='ocrx_word' id='word_1_387' title='bbox 1860 4797 2049 4852; x_wconf 85' lang='lat' dir='ltr'><strong>memi-</strong></span> 
     </span>
    </p>
   </div>
   <div class='ocr_carea' id='block_1_51' title="bbox 466 4888 2049 4985">
    <p class='ocr_par' dir='ltr' id='par_1_51' title="bbox 466 4888 2049 4985">
     <span class='ocr_line' id='line_1_54' title="bbox 466 4888 2049 4985; baseline -0.021 -11"><span class='ocrx_word' id='word_1_388' title='bbox 466 4918 564 4982; x_wconf 90' lang='lat' dir='ltr'><strong>nit,</strong></span> <span class='ocrx_word' id='word_1_389' title='bbox 595 4910 864 4985; x_wconf 90' lang='lat' dir='ltr'><strong>quomodo</strong></span> <span class='ocrx_word' id='word_1_390' title='bbox 882 4923 1036 4979; x_wconf 82' lang='lat' dir='ltr'><strong>reges</strong></span> <span class='ocrx_word' id='word_1_391' title='bbox 1061 4904 1409 4961; x_wconf 88' lang='lat' dir='ltr'><strong>barbarorum</strong></span> <span class='ocrx_word' id='word_1_392' title='bbox 1438 4897 1670 4957; x_wconf 89' lang='lat' dir='ltr'><strong>sustulit,</strong></span> <span class='ocrx_word' id='word_1_393' title='bbox 1703 4903 1756 4950; x_wconf 90' lang='lat' dir='ltr'><strong>et</strong></span> <span class='ocrx_word' id='word_1_394' title='bbox 1781 4888 2049 4963; x_wconf 89' lang='lat' dir='ltr'><strong>quomodo</strong></span> 
     </span>
    </p>
   </div>
   <div class='ocr_carea' id='block_1_52' title="bbox 471 4979 2049 5076">
    <p class='ocr_par' dir='ltr' id='par_1_52' title="bbox 471 4979 2049 5076">
     <span class='ocr_line' id='line_1_55' title="bbox 471 4979 2049 5076; baseline -0.019 -13"><span class='ocrx_word' id='word_1_395' title='bbox 471 5020 730 5076; x_wconf 81' lang='lat' dir='ltr'><strong>tropaeum</strong></span> <span class='ocrx_word' id='word_1_396' title='bbox 756 5002 948 5066; x_wconf 78' lang='lat' dir='ltr'><strong>erexit,</strong></span> <span class='ocrx_word' id='word_1_397' title='bbox 974 5010 1026 5054; x_wconf 84' lang='lat' dir='ltr'><strong>et</strong></span> <span class='ocrx_word' id='word_1_398' title='bbox 1053 4995 1333 5051; x_wconf 78' lang='lat' dir='ltr'><strong>victoriam</strong></span> <span class='ocrx_word' id='word_1_399' title='bbox 1351 4991 1428 5047; x_wconf 89' lang='lat' dir='ltr'><strong>eis</strong></span> <span class='ocrx_word' id='word_1_400' title='bbox 1446 4990 1668 5060; x_wconf 84' lang='lat' dir='ltr'><strong>largitus</strong></span> <span class='ocrx_word' id='word_1_401' title='bbox 1681 4994 1781 5050; x_wconf 88' lang='lat' dir='ltr'><strong>est,</strong></span> <span class='ocrx_word' id='word_1_402' title='bbox 1820 4979 2049 5038; x_wconf 89' lang='lat' dir='ltr'><strong>auditori</strong></span> 
     </span>
    </p>
   </div>
   <div class='ocr_carea' id='block_1_53' title="bbox 468 5073 2050 5170">
    <p class='ocr_par' dir='ltr' id='par_1_53' title="bbox 468 5073 2050 5170">
     <span class='ocr_line' id='line_1_56' title="bbox 468 5073 2050 5170; baseline -0.02 -13"><span class='ocrx_word' id='word_1_403' title='bbox 468 5101 670 5170; x_wconf 87' lang='lat' dir='ltr'><strong>reliqua</strong></span> <span class='ocrx_word' id='word_1_404' title='bbox 696 5104 947 5152; x_wconf 90' lang='lat' dir='ltr'><strong>accurate</strong></span> <span class='ocrx_word' id='word_1_405' title='bbox 970 5087 1268 5160; x_wconf 86' lang='lat' dir='ltr'><strong>colligenda</strong></span> <span class='ocrx_word' id='word_1_406' title='bbox 1285 5084 1592 5153; x_wconf 87' lang='lat' dir='ltr'><strong>relinquens</strong></span> <span class='ocrx_word' id='word_1_407' title='bbox 1622 5096 1635 5134; x_wconf 94' lang='lat'>:</span> <span class='ocrx_word' id='word_1_408' title='bbox 1664 5085 1718 5134; x_wconf 91' lang='lat' dir='ltr'><strong>et</strong></span> <span class='ocrx_word' id='word_1_409' title='bbox 1742 5077 1862 5131; x_wconf 88' lang='lat' dir='ltr'><strong>ideo</strong></span> <span class='ocrx_word' id='word_1_410' title='bbox 1891 5073 2050 5128; x_wconf 92' lang='lat' dir='ltr'><strong>dicit:</strong></span> 
     </span>
    </p>
   </div>
   <div class='ocr_carea' id='block_1_54' title="bbox 471 5167 2054 5257">
    <p class='ocr_par' dir='ltr' id='par_1_54' title="bbox 471 5167 2054 5257">
     <span class='ocr_line' id='line_1_57' title="bbox 471 5167 2054 5257; baseline -0.02 -10"><span class='ocrx_word' id='word_1_411' title='bbox 471 5194 560 5248; x_wconf 82' lang='grc'><strong>17.</strong></span> <span class='ocrx_word' id='word_1_412' title='bbox 588 5167 692 5256; x_wconf 80' lang='lat' dir='ltr'><strong>Qui</strong></span> <span class='ocrx_word' id='word_1_413' title='bbox 729 5185 971 5257; x_wconf 82' lang='lat' dir='ltr'><strong>percussit</strong></span> <span class='ocrx_word' id='word_1_414' title='bbox 1012 5197 1154 5253; x_wconf 83' lang='lat' dir='ltr'><strong>reges</strong></span> <span class='ocrx_word' id='word_1_415' title='bbox 1202 5189 1430 5248; x_wconf 86' lang='lat' dir='ltr'><strong>magnos.</strong></span> <span class='ocrx_word' id='word_1_416' title='bbox 1459 5171 1546 5227; x_wconf 92' lang='grc'><strong>18.</strong></span> <span class='ocrx_word' id='word_1_417' title='bbox 1579 5169 1648 5224; x_wconf 87' lang='lat' dir='ltr'><strong>Et</strong></span> <span class='ocrx_word' id='word_1_418' title='bbox 1697 5167 1877 5222; x_wconf 85' lang='lat' dir='ltr'><strong>occidit</strong></span> <span class='ocrx_word' id='word_1_419' title='bbox 1913 5179 2054 5234; x_wconf 88' lang='lat' dir='ltr'><strong>reges</strong></span> 
     </span>
    </p>
   </div>
   <div class='ocr_carea' id='block_1_55' title="bbox 475 5256 2056 5351">
    <p class='ocr_par' dir='ltr' id='par_1_55' title="bbox 475 5256 2056 5351">
     <span class='ocr_line' id='line_1_58' title="bbox 475 5256 2056 5351; baseline -0.02 -14"><span class='ocrx_word' id='word_1_420' title='bbox 475 5285 647 5351; x_wconf 75' lang='lat' dir='ltr'><strong>fortes.</strong></span> <span class='ocrx_word' id='word_1_421' title='bbox 673 5256 760 5334; x_wconf 78' lang='grc'><strong>19.</strong></span> <span class='ocrx_word' id='word_1_422' title='bbox 793 5278 928 5333; x_wconf 88' lang='lat' dir='ltr'><strong>Seon</strong></span> <span class='ocrx_word' id='word_1_423' title='bbox 951 5288 1118 5344; x_wconf 79' lang='lat' dir='ltr'><strong>regem</strong></span> <span class='ocrx_word' id='word_1_424' title='bbox 1144 5267 1572 5324; x_wconf 73' lang='lat' dir='ltr'><strong>Amorrhworum.</strong></span> <span class='ocrx_word' id='word_1_425' title='bbox 1592 5259 1679 5315; x_wconf 88' lang='lat'><strong>20.</strong></span> <span class='ocrx_word' id='word_1_426' title='bbox 1699 5256 1767 5312; x_wconf 87' lang='lat' dir='ltr'><strong>Et</strong></span> <span class='ocrx_word' id='word_1_427' title='bbox 1791 5257 1868 5327; x_wconf 91' lang='lat' dir='ltr'><strong>Og</strong></span> <span class='ocrx_word' id='word_1_428' title='bbox 1887 5269 2056 5324; x_wconf 85' lang='lat' dir='ltr'><strong>regem</strong></span> 
     </span>
    </p>
   </div>
   <div class='ocr_carea' id='block_1_56' title="bbox 477 5347 2057 5436">
    <p class='ocr_par' dir='ltr' id='par_1_56' title="bbox 477 5347 2057 5436">
     <span class='ocr_line' id='line_1_59' title="bbox 477 5347 2057 5436; baseline -0.02 -8"><span class='ocrx_word' id='word_1_429' title='bbox 477 5375 670 5428; x_wconf 81' lang='lat' dir='ltr'><strong>Busan.</strong></span> <span class='ocrx_word' id='word_1_430' title='bbox 721 5372 786 5426; x_wconf 87' lang='lat' dir='ltr'><strong>Et</strong></span> <span class='ocrx_word' id='word_1_431' title='bbox 823 5368 1108 5436; x_wconf 87' lang='lat' dir='ltr'><strong>unicuique</strong></span> <span class='ocrx_word' id='word_1_432' title='bbox 1157 5375 1341 5417; x_wconf 88' lang='lat' dir='ltr'><strong>eorum</strong></span> <span class='ocrx_word' id='word_1_433' title='bbox 1387 5353 1675 5426; x_wconf 85' lang='lat' dir='ltr'><strong>subjungit,</strong></span> <span class='ocrx_word' id='word_1_434' title='bbox 1700 5349 1962 5416; x_wconf 88' lang='lat' dir='ltr'><strong>Quoniam</strong></span> <span class='ocrx_word' id='word_1_435' title='bbox 2003 5347 2057 5399; x_wconf 88' lang='lat' dir='ltr'><strong>in</strong></span> 
     </span>
    </p>
   </div>
   <div class='ocr_carea' id='block_1_57' title="bbox 479 5435 2058 5523">
    <p class='ocr_par' dir='ltr' id='par_1_57' title="bbox 479 5435 2058 5523">
     <span class='ocr_line' id='line_1_60' title="bbox 479 5435 2058 5523; baseline -0.019 -5"><span class='ocrx_word' id='word_1_436' title='bbox 479 5464 718 5517; x_wconf 78' lang='lat' dir='ltr'><strong>steculum</strong></span> <span class='ocrx_word' id='word_1_437' title='bbox 739 5435 1080 5514; x_wconf 81' lang='lat' dir='ltr'><strong>misericordia</strong></span> <span class='ocrx_word' id='word_1_438' title='bbox 1107 5457 1236 5523; x_wconf 79' lang='lat' dir='ltr'><strong>eius,</strong></span> <span class='ocrx_word' id='word_1_439' title='bbox 1255 5449 1562 5511; x_wconf 85' lang='lat' dir='ltr'><strong>ostendens,</strong></span> <span class='ocrx_word' id='word_1_440' title='bbox 1591 5443 1795 5500; x_wconf 87' lang='lat' dir='ltr'><strong>etiamsi</strong></span> <span class='ocrx_word' id='word_1_441' title='bbox 1816 5435 2058 5518; x_wconf 78' lang='lat' dir='ltr'><strong>hostibus</strong></span> 
     </span>
    </p>
   </div>
   <div class='ocr_carea' id='block_1_58' title="bbox 485 5515 2057 5615">
    <p class='ocr_par' dir='ltr' id='par_1_58' title="bbox 485 5515 2057 5615">
     <span class='ocr_line' id='line_1_61' title="bbox 485 5515 2057 5615; baseline -0.018 -6"><span class='ocrx_word' id='word_1_442' title='bbox 485 5555 665 5608; x_wconf 83' lang='lat' dir='ltr'><strong>hostes</strong></span> <span class='ocrx_word' id='word_1_443' title='bbox 695 5551 1070 5615; x_wconf 85' lang='lat' dir='ltr'><strong>succederent,</strong></span> <span class='ocrx_word' id='word_1_444' title='bbox 1096 5547 1300 5602; x_wconf 90' lang='lat' dir='ltr'><strong>nullum</strong></span> <span class='ocrx_word' id='word_1_445' title='bbox 1347 5552 1525 5596; x_wconf 87' lang='lat' dir='ltr'><strong>tamen</strong></span> <span class='ocrx_word' id='word_1_446' title='bbox 1573 5552 1667 5594; x_wconf 89' lang='lat' dir='ltr'><strong>eos</strong></span> <span class='ocrx_word' id='word_1_447' title='bbox 1702 5515 1912 5589; x_wconf 83' lang='lat' dir='ltr'><strong>vicisse.</strong></span> <span class='ocrx_word' id='word_1_448' title='bbox 1944 5527 2057 5595; x_wconf 84' lang='lat' dir='ltr'><strong>Qua</strong></span> 
     </span>
    </p>
   </div>
   <div class='ocr_carea' id='block_1_59' title="bbox 473 5618 2050 5708">
    <p class='ocr_par' dir='ltr' id='par_1_59' title="bbox 473 5618 2050 5708">
     <span class='ocr_line' id='line_1_62' title="bbox 473 5618 2050 5708; baseline -0.014 -14"><span class='ocrx_word' id='word_1_449' title='bbox 473 5642 539 5698; x_wconf 84' lang='lat' dir='ltr'><strong>de</strong></span> <span class='ocrx_word' id='word_1_450' title='bbox 563 5643 654 5699; x_wconf 77' lang='lat' dir='ltr'><strong>re?</strong></span> <span class='ocrx_word' id='word_1_451' title='bbox 676 5642 941 5708; x_wconf 85' lang='lat' dir='ltr'><strong>Quoniam</strong></span> <span class='ocrx_word' id='word_1_452' title='bbox 962 5639 1082 5707; x_wconf 87' lang='lat' dir='ltr'><strong>ejus</strong></span> <span class='ocrx_word' id='word_1_453' title='bbox 1102 5633 1437 5704; x_wconf 87' lang='lat' dir='ltr'><strong>benignitate</strong></span> <span class='ocrx_word' id='word_1_454' title='bbox 1467 5629 1785 5683; x_wconf 75' lang='lat' dir='ltr'><strong>fruebantur</strong></span> <span class='ocrx_word' id='word_1_455' title='bbox 1807 5618 2050 5674; x_wconf 86' lang='lat' dir='ltr'><strong>assidue.</strong></span> 
     </span>
    </p>
   </div>
   <div class='ocr_carea' id='block_1_60' title="bbox 535 5737 1350 5804">
    <p class='ocr_par' dir='ltr' id='par_1_60' title="bbox 535 5737 1350 5804">
     <span class='ocr_line' id='line_1_63' title="bbox 535 5737 1350 5804; baseline -0.02 -6"><span class='ocrx_word' id='word_1_456' title='bbox 535 5747 655 5804; x_wconf 73' lang='lat' dir='ltr'><strong>Alii,</strong></span> <span class='ocrx_word' id='word_1_457' title='bbox 689 5751 732 5794; x_wconf 88' lang='lat' dir='ltr'><strong>et</strong></span> <span class='ocrx_word' id='word_1_458' title='bbox 757 5756 848 5793; x_wconf 86' lang='lat' dir='ltr'><strong>non</strong></span> <span class='ocrx_word' id='word_1_459' title='bbox 872 5740 1036 5790; x_wconf 88' lang='lat' dir='ltr'><strong>tritam</strong></span> <span class='ocrx_word' id='word_1_460' title='bbox 1055 5745 1102 5790; x_wconf 85' lang='lat' dir='ltr'><strong>et</strong></span> <span class='ocrx_word' id='word_1_461' title='bbox 1123 5737 1350 5789; x_wconf 87' lang='lat' dir='ltr'><strong>alienam.</strong></span> 
     </span>
    </p>
   </div>
   <div class='ocr_carea' id='block_1_61' title="bbox 1177 221 2988 338">
    <p class='ocr_par' dir='ltr' id='par_1_61' title="bbox 1177 221 2988 338">
     <span class='ocr_line' id='line_1_64' title="bbox 1177 221 2988 338; baseline -0.027 0"><span class='ocrx_word' id='word_1_462' title='bbox 1177 283 1233 338; x_wconf 86' lang='lat' dir='ltr'><strong>S.</strong></span> <span class='ocrx_word' id='word_1_463' title='bbox 1278 274 1553 334; x_wconf 67' lang='lat' dir='ltr'><strong>JOAXNIS</strong></span> <span class='ocrx_word' id='word_1_464' title='bbox 1589 252 2064 324; x_wconf 71' lang='lat' dir='ltr'><strong>CIIRYSOSTOMI</strong></span> <span class='ocrx_word' id='word_1_465' title='bbox 2105 221 2418 306; x_wconf 67' lang='lat' dir='ltr'><strong>ARCIHEP.</strong></span> <span class='ocrx_word' id='word_1_466' title='bbox 2453 236 2988 302; x_wconf 66' lang='lat' dir='ltr'><strong>CONSTANTlNOP.</strong></span> 
     </span>
    </p>
   </div>
   <div class='ocr_carea' id='block_1_62' title="bbox 3554 224 3650 279">
    <p class='ocr_par' dir='ltr' id='par_1_62' title="bbox 3554 224 3650 279">
     <span class='ocr_line' id='line_1_65' title="bbox 3554 224 3650 279; baseline 0.01 -2"><span class='ocrx_word' id='word_1_467' title='bbox 3554 224 3650 279; x_wconf 62' lang='grc'><strong>408</strong></span> 
     </span>
    </p>
   </div>
   <div class='ocr_carea' id='block_1_63' title="bbox 2097 351 3664 439">
    <p class='ocr_par' dir='ltr' id='par_1_63' title="bbox 2097 351 3664 439">
     <span class='ocr_line' id='line_1_66' title="bbox 2097 351 3664 439; baseline -0.02 -10"><span class='ocrx_word' id='word_1_468' title='bbox 2097 375 2208 429; x_wconf 89' lang='lat' dir='ltr'><strong>lloc</strong></span> <span class='ocrx_word' id='word_1_469' title='bbox 2233 373 2374 430; x_wconf 86' lang='lat' dir='ltr'><strong>enim</strong></span> <span class='ocrx_word' id='word_1_470' title='bbox 2403 367 2668 439; x_wconf 79' lang='lat' dir='ltr'><strong>signiﬁcat</strong></span> <span class='ocrx_word' id='word_1_471' title='bbox 2696 373 2951 436; x_wconf 82' lang='lat' dir='ltr'><strong>perpetuo</strong></span> <span class='ocrx_word' id='word_1_472' title='bbox 2967 359 3148 413; x_wconf 88' lang='lat' dir='ltr'><strong>dicens</strong></span> <span class='ocrx_word' id='word_1_473' title='bbox 3173 397 3188 417; x_wconf 93' lang='lat'><strong>,</strong></span> <span class='ocrx_word' id='word_1_474' title='bbox 3215 352 3467 420; x_wconf 82' lang='lat' dir='ltr'><strong>Quoniam</strong></span> <span class='ocrx_word' id='word_1_475' title='bbox 3495 351 3546 401; x_wconf 86' lang='lat' dir='ltr'><strong>in</strong></span> <span class='ocrx_word' id='word_1_476' title='bbox 3574 363 3664 400; x_wconf 75' lang='lat' dir='ltr'><strong>act-</strong></span> 
     </span>
    </p>
   </div>
   <div class='ocr_carea' id='block_1_64' title="bbox 2093 446 3668 525">
    <p class='ocr_par' dir='ltr' id='par_1_64' title="bbox 2093 446 3668 525">
     <span class='ocr_line' id='line_1_67' title="bbox 2093 446 3668 525; baseline -0.022 -4"><span class='ocrx_word' id='word_1_477' title='bbox 2093 468 2262 521; x_wconf 80' lang='lat' dir='ltr'><strong>t&#39;ulum</strong></span> <span class='ocrx_word' id='word_1_478' title='bbox 2293 461 2633 518; x_wconf 82' lang='lat' dir='ltr'><strong>misericordia</strong></span> <span class='ocrx_word' id='word_1_479' title='bbox 2681 459 2810 525; x_wconf 87' lang='lat' dir='ltr'><strong>ejus.</strong></span> <span class='ocrx_word' id='word_1_480' title='bbox 2833 454 2924 509; x_wconf 74' lang='lat' dir='ltr'><strong>2i.</strong></span> <span class='ocrx_word' id='word_1_481' title='bbox 2976 450 3042 504; x_wconf 81' lang='lat' dir='ltr'><strong>Et</strong></span> <span class='ocrx_word' id='word_1_482' title='bbox 3083 446 3218 501; x_wconf 84' lang='lat' dir='ltr'><strong>dedit</strong></span> <span class='ocrx_word' id='word_1_483' title='bbox 3267 454 3454 497; x_wconf 88' lang='lat' dir='ltr'><strong>terram</strong></span> <span class='ocrx_word' id='word_1_484' title='bbox 3504 454 3668 492; x_wconf 88' lang='lat' dir='ltr'><strong>eorum</strong></span> 
     </span>
    </p>
   </div>
   <div class='ocr_carea' id='block_1_65' title="bbox 2095 528 3668 611">
    <p class='ocr_par' dir='ltr' id='par_1_65' title="bbox 2095 528 3668 611">
     <span class='ocr_line' id='line_1_68' title="bbox 2095 528 3668 611; baseline -0.021 0"><span class='ocrx_word' id='word_1_485' title='bbox 2095 556 2437 611; x_wconf 78' lang='lat' dir='ltr'><strong>hereditatem.</strong></span> <span class='ocrx_word' id='word_1_486' title='bbox 2462 551 2554 604; x_wconf 88' lang='lat'><strong>22.</strong></span> <span class='ocrx_word' id='word_1_487' title='bbox 2589 547 2930 603; x_wconf 78' lang='lat' dir='ltr'><strong>Hereditatem</strong></span> <span class='ocrx_word' id='word_1_488' title='bbox 2967 539 3132 594; x_wconf 84' lang='lat' dir='ltr'><strong>Israel</strong></span> <span class='ocrx_word' id='word_1_489' title='bbox 3159 550 3299 590; x_wconf 77' lang='lat' dir='ltr'><strong>servo</strong></span> <span class='ocrx_word' id='word_1_490' title='bbox 3318 549 3433 587; x_wconf 82' lang='lat' dir='ltr'><strong>suo.</strong></span> <span class='ocrx_word' id='word_1_491' title='bbox 3472 528 3668 597; x_wconf 71' lang='lat' dir='ltr'><strong>Duplex</strong></span> 
     </span>
    </p>
   </div>
   <div class='ocr_carea' id='block_1_66' title="bbox 2093 619 3671 705">
    <p class='ocr_par' dir='ltr' id='par_1_66' title="bbox 2093 619 3671 705">
     <span class='ocr_line' id='line_1_69' title="bbox 2093 619 3671 705; baseline -0.02 -4"><span class='ocrx_word' id='word_1_492' title='bbox 2093 657 2176 703; x_wconf 88' lang='lat' dir='ltr'><strong>est</strong></span> <span class='ocrx_word' id='word_1_493' title='bbox 2204 645 2545 705; x_wconf 83' lang='lat' dir='ltr'><strong>beneﬁcium,</strong></span> <span class='ocrx_word' id='word_1_494' title='bbox 2587 649 2642 695; x_wconf 88' lang='lat' dir='ltr'><strong>et</strong></span> <span class='ocrx_word' id='word_1_495' title='bbox 2683 639 2865 692; x_wconf 87' lang='lat' dir='ltr'><strong>hostes</strong></span> <span class='ocrx_word' id='word_1_496' title='bbox 2911 633 3148 693; x_wconf 85' lang='lat' dir='ltr'><strong>vincere,</strong></span> <span class='ocrx_word' id='word_1_497' title='bbox 3179 635 3233 680; x_wconf 88' lang='lat' dir='ltr'><strong>et</strong></span> <span class='ocrx_word' id='word_1_498' title='bbox 3277 625 3488 679; x_wconf 89' lang='lat' dir='ltr'><strong>illorum</strong></span> <span class='ocrx_word' id='word_1_499' title='bbox 3537 619 3671 674; x_wconf 82' lang='lat' dir='ltr'><strong>bona</strong></span> 
     </span>
    </p>
   </div>
   <div class='ocr_carea' id='block_1_67' title="bbox 2093 711 3672 809">
    <p class='ocr_par' dir='ltr' id='par_1_67' title="bbox 2093 711 3672 809">
     <span class='ocr_line' id='line_1_70' title="bbox 2093 711 3672 809; baseline -0.022 -15"><span class='ocrx_word' id='word_1_500' title='bbox 2093 739 2334 809; x_wconf 82' lang='lat' dir='ltr'><strong>adipisci.</strong></span> <span class='ocrx_word' id='word_1_501' title='bbox 2363 735 2475 790; x_wconf 82' lang='lat' dir='ltr'><strong>Hoc</strong></span> <span class='ocrx_word' id='word_1_502' title='bbox 2502 732 2647 788; x_wconf 89' lang='lat' dir='ltr'><strong>enim</strong></span> <span class='ocrx_word' id='word_1_503' title='bbox 2672 738 2788 784; x_wconf 90' lang='lat' dir='ltr'><strong>erat</strong></span> <span class='ocrx_word' id='word_1_504' title='bbox 2814 739 3020 796; x_wconf 64' lang='lat' dir='ltr'><strong>magna:</strong></span> <span class='ocrx_word' id='word_1_505' title='bbox 3063 717 3338 792; x_wconf 61' lang='lat' dir='ltr'><strong>potentias,</strong></span> <span class='ocrx_word' id='word_1_506' title='bbox 3373 728 3481 768; x_wconf 91' lang='lat' dir='ltr'><strong>non</strong></span> <span class='ocrx_word' id='word_1_507' title='bbox 3505 711 3672 764; x_wconf 87' lang='lat' dir='ltr'><strong>solum</strong></span> 
     </span>
    </p>
   </div>
   <div class='ocr_carea' id='block_1_68' title="bbox 2095 816 3680 900">
    <p class='ocr_par' dir='ltr' id='par_1_68' title="bbox 2095 816 3680 900">
     <span class='ocr_line' id='line_1_71' title="bbox 2095 816 3680 900; baseline -0.021 -13"><span class='ocrx_word' id='word_1_508' title='bbox 2095 835 2289 900; x_wconf 82' lang='lat' dir='ltr'><strong>ejicere</strong></span> <span class='ocrx_word' id='word_1_509' title='bbox 2315 844 2408 884; x_wconf 90' lang='lat' dir='ltr'><strong>eos</strong></span> <span class='ocrx_word' id='word_1_510' title='bbox 2428 827 2517 898; x_wconf 94' lang='lat' dir='ltr'><strong>qui</strong></span> <span class='ocrx_word' id='word_1_511' title='bbox 2541 821 2870 883; x_wconf 87' lang='lat' dir='ltr'><strong>habitabant,</strong></span> <span class='ocrx_word' id='word_1_512' title='bbox 2894 817 2988 872; x_wconf 88' lang='lat' dir='ltr'><strong>sed</strong></span> <span class='ocrx_word' id='word_1_513' title='bbox 3003 816 3169 870; x_wconf 88' lang='lat' dir='ltr'><strong>etiam</strong></span> <span class='ocrx_word' id='word_1_514' title='bbox 3213 822 3370 880; x_wconf 81' lang='lat' dir='ltr'><strong>posse</strong></span> <span class='ocrx_word' id='word_1_515' title='bbox 3417 816 3680 872; x_wconf 84' lang='lat' dir='ltr'><strong>occupare</strong></span> 
     </span>
    </p>
   </div>
   <div class='ocr_carea' id='block_1_69' title="bbox 2095 913 2979 984">
    <p class='ocr_par' dir='ltr' id='par_1_69' title="bbox 2095 913 2979 984">
     <span class='ocr_line' id='line_1_72' title="bbox 2095 913 2979 984; baseline -0.018 -5"><span class='ocrx_word' id='word_1_516' title='bbox 2095 934 2148 980; x_wconf 87' lang='lat' dir='ltr'><strong>et</strong></span> <span class='ocrx_word' id='word_1_517' title='bbox 2168 923 2401 978; x_wconf 89' lang='lat' dir='ltr'><strong>retinere</strong></span> <span class='ocrx_word' id='word_1_518' title='bbox 2427 919 2658 974; x_wconf 88' lang='lat' dir='ltr'><strong>alienam</strong></span> <span class='ocrx_word' id='word_1_519' title='bbox 2687 913 2979 984; x_wconf 78' lang='lat' dir='ltr'><strong>regionem.</strong></span> 
     </span>
    </p>
   </div>
   <div class='ocr_carea' id='block_1_70' title="bbox 2169 990 3690 1068">
    <p class='ocr_par' dir='ltr' id='par_1_70' title="bbox 2169 990 3690 1068">
     <span class='ocr_line' id='line_1_73' title="bbox 2169 990 3690 1068; baseline -0.02 0"><span class='ocrx_word' id='word_1_520' title='bbox 2169 1014 2216 1068; x_wconf 85' lang='grc'><strong>11</strong></span> <span class='ocrx_word' id='word_1_521' title='bbox 2225 1011 2486 1067; x_wconf 88' lang='lat' dir='ltr'><strong>umilitatis</strong></span> <span class='ocrx_word' id='word_1_522' title='bbox 2505 1009 2600 1063; x_wconf 74' lang='lat' dir='ltr'><strong>vis.</strong></span> <span class='ocrx_word' id='word_1_523' title='bbox 2618 1037 2690 1046; x_wconf 90' lang='lat'>—</span> <span class='ocrx_word' id='word_1_524' title='bbox 2710 1002 2910 1060; x_wconf 90' lang='lat' dir='ltr'><strong>Deinde</strong></span> <span class='ocrx_word' id='word_1_525' title='bbox 2933 1003 3034 1054; x_wconf 88' lang='lat' dir='ltr'><strong>hoc</strong></span> <span class='ocrx_word' id='word_1_526' title='bbox 3054 1010 3238 1052; x_wconf 83' lang='lat' dir='ltr'><strong>rursus</strong></span> <span class='ocrx_word' id='word_1_527' title='bbox 3256 990 3490 1063; x_wconf 88' lang='lat' dir='ltr'><strong>apertius</strong></span> <span class='ocrx_word' id='word_1_528' title='bbox 3509 995 3690 1041; x_wconf 80' lang='lat' dir='ltr'><strong>osten-</strong></span> 
     </span>
    </p>
   </div>
   <div class='ocr_carea' id='block_1_71' title="bbox 2095 1072 3685 1170">
    <p class='ocr_par' dir='ltr' id='par_1_71' title="bbox 2095 1072 3685 1170">
     <span class='ocr_line' id='line_1_74' title="bbox 2095 1072 3685 1170; baseline -0.021 -9"><span class='ocrx_word' id='word_1_529' title='bbox 2095 1107 2246 1170; x_wconf 83' lang='lat' dir='ltr'><strong>dens,</strong></span> <span class='ocrx_word' id='word_1_530' title='bbox 2267 1119 2362 1160; x_wconf 89' lang='lat' dir='ltr'><strong>eos</strong></span> <span class='ocrx_word' id='word_1_531' title='bbox 2391 1117 2496 1156; x_wconf 91' lang='lat' dir='ltr'><strong>non</strong></span> <span class='ocrx_word' id='word_1_532' title='bbox 2525 1115 2590 1155; x_wconf 82' lang='lat' dir='ltr'><strong>ex</strong></span> <span class='ocrx_word' id='word_1_533' title='bbox 2619 1095 2822 1152; x_wconf 91' lang='lat' dir='ltr'><strong>meritis</strong></span> <span class='ocrx_word' id='word_1_534' title='bbox 2851 1091 3012 1147; x_wconf 79' lang='lat' dir='ltr'><strong>fuisse</strong></span> <span class='ocrx_word' id='word_1_535' title='bbox 3039 1087 3229 1144; x_wconf 86' lang='lat' dir='ltr'><strong>horum</strong></span> <span class='ocrx_word' id='word_1_536' title='bbox 3259 1089 3553 1151; x_wconf 87' lang='lat' dir='ltr'><strong>compotes,</strong></span> <span class='ocrx_word' id='word_1_537' title='bbox 3586 1072 3685 1128; x_wconf 86' lang='lat' dir='ltr'><strong>sed</strong></span> 
     </span>
    </p>
   </div>
   <div class='ocr_carea' id='block_1_72' title="bbox 2096 1168 3694 1256">
    <p class='ocr_par' dir='ltr' id='par_1_72' title="bbox 2096 1168 3694 1256">
     <span class='ocr_line' id='line_1_75' title="bbox 2096 1168 3694 1256; baseline -0.023 -3"><span class='ocrx_word' id='word_1_538' title='bbox 2096 1213 2161 1253; x_wconf 77' lang='lat' dir='ltr'><strong>ex</strong></span> <span class='ocrx_word' id='word_1_539' title='bbox 2205 1168 2298 1250; x_wconf 72' lang='lat' dir='ltr'><strong>uel</strong></span> <span class='ocrx_word' id='word_1_540' title='bbox 2342 1193 2616 1256; x_wconf 91' lang='lat' dir='ltr'><strong>bonitate,</strong></span> <span class='ocrx_word' id='word_1_541' title='bbox 2657 1183 2933 1255; x_wconf 84' lang='lat' dir='ltr'><strong>subjunxit</strong></span> <span class='ocrx_word' id='word_1_542' title='bbox 2967 1199 2982 1235; x_wconf 76' lang='grc' dir='ltr'>ς</span> <span class='ocrx_word' id='word_1_543' title='bbox 3021 1178 3113 1234; x_wconf 73' lang='lat'><strong>25.</strong></span> <span class='ocrx_word' id='word_1_544' title='bbox 3145 1177 3279 1244; x_wconf 88' lang='lat' dir='ltr'><strong>Quia</strong></span> <span class='ocrx_word' id='word_1_545' title='bbox 3305 1174 3358 1226; x_wconf 88' lang='lat' dir='ltr'><strong>in</strong></span> <span class='ocrx_word' id='word_1_546' title='bbox 3399 1168 3694 1224; x_wconf 85' lang='lat' dir='ltr'><strong>humilitate</strong></span> 
     </span>
    </p>
   </div>
   <div class='ocr_carea' id='block_1_73' title="bbox 2097 1260 3692 1356">
    <p class='ocr_par' dir='ltr' id='par_1_73' title="bbox 2097 1260 3692 1356">
     <span class='ocr_line' id='line_1_76' title="bbox 2097 1260 3692 1356; baseline -0.021 -11"><span class='ocrx_word' id='word_1_547' title='bbox 2097 1299 2272 1345; x_wconf 89' lang='lat' dir='ltr'><strong>nostra</strong></span> <span class='ocrx_word' id='word_1_548' title='bbox 2301 1302 2490 1342; x_wconf 88' lang='lat' dir='ltr'><strong>memor</strong></span> <span class='ocrx_word' id='word_1_549' title='bbox 2521 1284 2616 1356; x_wconf 79' lang='lat' dir='ltr'><strong>fuit</strong></span> <span class='ocrx_word' id='word_1_550' title='bbox 2645 1279 2803 1334; x_wconf 86' lang='lat' dir='ltr'><strong>nostri</strong></span> <span class='ocrx_word' id='word_1_551' title='bbox 2834 1275 3080 1331; x_wconf 83' lang='lat' dir='ltr'><strong>Dominus</strong></span> <span class='ocrx_word' id='word_1_552' title='bbox 3110 1287 3129 1326; x_wconf 91' lang='lat'><strong><em>:</em></strong></span> <span class='ocrx_word' id='word_1_553' title='bbox 3156 1266 3459 1340; x_wconf 77' lang='lat' dir='ltr'><strong>signiﬁcans</strong></span> <span class='ocrx_word' id='word_1_554' title='bbox 3488 1278 3598 1317; x_wconf 89' lang='lat' dir='ltr'><strong>non</strong></span> <span class='ocrx_word' id='word_1_555' title='bbox 3634 1260 3692 1313; x_wconf 90' lang='lat' dir='ltr'><strong>in</strong></span> 
     </span>
    </p>
   </div>
   <div class='ocr_carea' id='block_1_74' title="bbox 2099 1353 3698 1442">
    <p class='ocr_par' dir='ltr' id='par_1_74' title="bbox 2099 1353 3698 1442">
     <span class='ocr_line' id='line_1_77' title="bbox 2099 1353 3698 1442; baseline -0.021 -5"><span class='ocrx_word' id='word_1_556' title='bbox 2099 1391 2244 1437; x_wconf 87' lang='lat' dir='ltr'><strong>recte</strong></span> <span class='ocrx_word' id='word_1_557' title='bbox 2273 1379 2426 1434; x_wconf 78' lang='lat' dir='ltr'><strong>factis</strong></span> <span class='ocrx_word' id='word_1_558' title='bbox 2450 1418 2465 1441; x_wconf 90' lang='lat'><strong>,</strong></span> <span class='ocrx_word' id='word_1_559' title='bbox 2498 1353 2603 1430; x_wconf 84' lang='lat' dir='ltr'><strong>non</strong></span> <span class='ocrx_word' id='word_1_560' title='bbox 2643 1373 2697 1427; x_wconf 92' lang='lat' dir='ltr'><strong>in</strong></span> <span class='ocrx_word' id='word_1_561' title='bbox 2728 1367 3082 1442; x_wconf 84' lang='lat' dir='ltr'><strong>prosperitate</strong></span> <span class='ocrx_word' id='word_1_562' title='bbox 3104 1405 3120 1431; x_wconf 93' lang='lat'><strong>,</strong></span> <span class='ocrx_word' id='word_1_563' title='bbox 3161 1360 3256 1418; x_wconf 88' lang='lat' dir='ltr'><strong>sed</strong></span> <span class='ocrx_word' id='word_1_564' title='bbox 3300 1359 3351 1414; x_wconf 89' lang='lat' dir='ltr'><strong>in</strong></span> <span class='ocrx_word' id='word_1_565' title='bbox 3382 1353 3698 1412; x_wconf 80' lang='lat' dir='ltr'><strong>humilitate</strong></span> 
     </span>
    </p>
   </div>
   <div class='ocr_carea' id='block_1_75' title="bbox 2100 1445 3698 1529">
    <p class='ocr_par' dir='ltr' id='par_1_75' title="bbox 2100 1445 3698 1529">
     <span class='ocr_line' id='line_1_78' title="bbox 2100 1445 3698 1529; baseline -0.019 -1"><span class='ocrx_word' id='word_1_566' title='bbox 2100 1482 2278 1528; x_wconf 89' lang='lat' dir='ltr'><strong>nostra</strong></span> <span class='ocrx_word' id='word_1_567' title='bbox 2307 1471 2442 1525; x_wconf 88' lang='lat' dir='ltr'><strong>bene</strong></span> <span class='ocrx_word' id='word_1_568' title='bbox 2469 1475 2645 1521; x_wconf 89' lang='lat' dir='ltr'><strong>actum</strong></span> <span class='ocrx_word' id='word_1_569' title='bbox 2675 1477 2816 1519; x_wconf 90' lang='lat' dir='ltr'><strong>esse.</strong></span> <span class='ocrx_word' id='word_1_570' title='bbox 2845 1457 2997 1529; x_wconf 86' lang='lat' dir='ltr'><strong>Quod</strong></span> <span class='ocrx_word' id='word_1_571' title='bbox 3024 1464 3198 1510; x_wconf 89' lang='lat' dir='ltr'><strong>autem</strong></span> <span class='ocrx_word' id='word_1_572' title='bbox 3224 1451 3384 1515; x_wconf 91' lang='lat' dir='ltr'><strong>dicit,</strong></span> <span class='ocrx_word' id='word_1_573' title='bbox 3422 1455 3504 1502; x_wconf 88' lang='lat' dir='ltr'><strong>est</strong></span> <span class='ocrx_word' id='word_1_574' title='bbox 3528 1445 3698 1513; x_wconf 68' lang='lat' dir='ltr'><strong>ejus-</strong></span> 
     </span>
    </p>
   </div>
   <div class='ocr_carea' id='block_1_76' title="bbox 2101 1538 3696 1621">
    <p class='ocr_par' dir='ltr' id='par_1_76' title="bbox 2101 1538 3696 1621">
     <span class='ocr_line' id='line_1_79' title="bbox 2101 1538 3696 1621; baseline -0.021 1"><span class='ocrx_word' id='word_1_575' title='bbox 2101 1564 2243 1621; x_wconf 90' lang='lat' dir='ltr'><strong>modi</strong></span> <span class='ocrx_word' id='word_1_576' title='bbox 2273 1581 2286 1617; x_wconf 93' lang='lat'>:</span> <span class='ocrx_word' id='word_1_577' title='bbox 2311 1562 2453 1618; x_wconf 87' lang='lat' dir='ltr'><strong>Satis</strong></span> <span class='ocrx_word' id='word_1_578' title='bbox 2478 1560 2574 1614; x_wconf 82' lang='lat' dir='ltr'><strong>luit</strong></span> <span class='ocrx_word' id='word_1_579' title='bbox 2593 1556 2868 1614; x_wconf 85' lang='lat' dir='ltr'><strong>calamitas</strong></span> <span class='ocrx_word' id='word_1_580' title='bbox 2891 1560 2947 1607; x_wconf 89' lang='lat' dir='ltr'><strong>et</strong></span> <span class='ocrx_word' id='word_1_581' title='bbox 2964 1561 3199 1605; x_wconf 77' lang='lat' dir='ltr'><strong>:erumna</strong></span> <span class='ocrx_word' id='word_1_582' title='bbox 3221 1552 3396 1600; x_wconf 88' lang='lat' dir='ltr'><strong>nostra</strong></span> <span class='ocrx_word' id='word_1_583' title='bbox 3417 1539 3480 1594; x_wconf 91' lang='lat' dir='ltr'><strong>ad</strong></span> <span class='ocrx_word' id='word_1_584' title='bbox 3504 1538 3696 1606; x_wconf 84' lang='lat' dir='ltr'><strong>ipsum</strong></span> 
     </span>
    </p>
   </div>
   <div class='ocr_carea' id='block_1_77' title="bbox 2102 1625 3703 1713">
    <p class='ocr_par' dir='ltr' id='par_1_77' title="bbox 2102 1625 3703 1713">
     <span class='ocr_line' id='line_1_80' title="bbox 2102 1625 3703 1713; baseline -0.021 1"><span class='ocrx_word' id='word_1_585' title='bbox 2102 1654 2441 1713; x_wconf 79' lang='lat' dir='ltr'><strong>ﬂectendum.</strong></span> <span class='ocrx_word' id='word_1_586' title='bbox 2466 1652 2599 1707; x_wconf 88' lang='lat' dir='ltr'><strong>Nam</strong></span> <span class='ocrx_word' id='word_1_587' title='bbox 2629 1657 2685 1703; x_wconf 86' lang='lat' dir='ltr'><strong>et</strong></span> <span class='ocrx_word' id='word_1_588' title='bbox 2707 1647 2776 1702; x_wconf 90' lang='lat' dir='ltr'><strong>ab</strong></span> <span class='ocrx_word' id='word_1_589' title='bbox 2801 1644 2972 1708; x_wconf 90' lang='lat' dir='ltr'><strong>initio,</strong></span> <span class='ocrx_word' id='word_1_590' title='bbox 2996 1637 3210 1712; x_wconf 90' lang='lat' dir='ltr'><strong>quando</strong></span> <span class='ocrx_word' id='word_1_591' title='bbox 3235 1649 3328 1692; x_wconf 90' lang='lat' dir='ltr'><strong>eos</strong></span> <span class='ocrx_word' id='word_1_592' title='bbox 3351 1629 3589 1688; x_wconf 78' lang='lat' dir='ltr'><strong>liberavit</strong></span> <span class='ocrx_word' id='word_1_593' title='bbox 3621 1625 3703 1681; x_wconf 83' lang='lat' dir='ltr'><strong>ab</strong></span> 
     </span>
    </p>
   </div>
   <div class='ocr_carea' id='block_1_78' title="bbox 2108 1728 3701 1820">
    <p class='ocr_par' dir='ltr' id='par_1_78' title="bbox 2108 1728 3701 1820">
     <span class='ocr_line' id='line_1_81' title="bbox 2108 1728 3701 1820; baseline -0.021 -15"><span class='ocrx_word' id='word_1_594' title='bbox 2108 1747 2333 1820; x_wconf 65' lang='lat' dir='ltr'><strong>Egypto</strong></span> <span class='ocrx_word' id='word_1_595' title='bbox 2353 1788 2370 1812; x_wconf 94' lang='lat'><strong>,</strong></span> <span class='ocrx_word' id='word_1_596' title='bbox 2403 1760 2508 1799; x_wconf 91' lang='lat' dir='ltr'><strong>non</strong></span> <span class='ocrx_word' id='word_1_597' title='bbox 2551 1742 2681 1798; x_wconf 79' lang='lat' dir='ltr'><strong>dixit</strong></span> <span class='ocrx_word' id='word_1_598' title='bbox 2705 1781 2721 1806; x_wconf 94' lang='lat'><strong>,</strong></span> <span class='ocrx_word' id='word_1_599' title='bbox 2750 1737 2948 1793; x_wconf 74' lang='lat' dir='ltr'><strong>Videtis</strong></span> <span class='ocrx_word' id='word_1_600' title='bbox 2990 1733 3098 1788; x_wconf 90' lang='lat' dir='ltr'><strong>vidi</strong></span> <span class='ocrx_word' id='word_1_601' title='bbox 3127 1728 3465 1787; x_wconf 88' lang='lat' dir='ltr'><strong>mutationem</strong></span> <span class='ocrx_word' id='word_1_602' title='bbox 3492 1735 3701 1777; x_wconf 86' lang='lat' dir='ltr'><strong>eorum</strong></span> 
     </span>
    </p>
   </div>
   <div class='ocr_carea' id='block_1_79' title="bbox 2105 1812 3706 1897">
    <p class='ocr_par' dir='ltr' id='par_1_79' title="bbox 2105 1812 3706 1897">
     <span class='ocr_line' id='line_1_82' title="bbox 2105 1812 3706 1897; baseline -0.021 -1"><span class='ocrx_word' id='word_1_603' title='bbox 2105 1841 2159 1896; x_wconf 91' lang='lat' dir='ltr'><strong>in</strong></span> <span class='ocrx_word' id='word_1_604' title='bbox 2173 1812 2381 1893; x_wconf 39' lang='lat' dir='ltr'><strong>‘melins</strong></span> <span class='ocrx_word' id='word_1_605' title='bbox 2410 1853 2424 1889; x_wconf 90' lang='lat'><strong>:</strong></span> <span class='ocrx_word' id='word_1_606' title='bbox 2457 1834 2550 1890; x_wconf 86' lang='lat' dir='ltr'><strong>sed</strong></span> <span class='ocrx_word' id='word_1_607' title='bbox 2574 1874 2588 1897; x_wconf 93' lang='lat'><strong>,</strong></span> <span class='ocrx_word' id='word_1_608' title='bbox 2627 1831 2813 1884; x_wconf 82' lang='lat' dir='ltr'><strong>Videns</strong></span> <span class='ocrx_word' id='word_1_609' title='bbox 2836 1827 2938 1881; x_wconf 80' lang='lat' dir='ltr'><strong>vidi</strong></span> <span class='ocrx_word' id='word_1_610' title='bbox 2961 1823 3275 1897; x_wconf 71' lang='lat' dir='ltr'><strong>aﬂiictionem</strong></span> <span class='ocrx_word' id='word_1_611' title='bbox 3309 1815 3478 1888; x_wconf 86' lang='lat' dir='ltr'><strong>populi</strong></span> <span class='ocrx_word' id='word_1_612' title='bbox 3503 1813 3610 1866; x_wconf 80' lang='lat' dir='ltr'><strong>mei</strong></span> <span class='ocrx_word' id='word_1_613' title='bbox 3640 1812 3706 1864; x_wconf 79' lang='lat' dir='ltr'><strong>in</strong></span> 
     </span>
    </p>
   </div>
   <div class='ocr_carea' id='block_1_80' title="bbox 2105 1905 3706 2003">
    <p class='ocr_par' dir='ltr' id='par_1_80' title="bbox 2105 1905 3706 2003">
     <span class='ocr_line' id='line_1_83' title="bbox 2105 1905 3706 2003; baseline -0.021 -14"><span class='ocrx_word' id='word_1_614' title='bbox 2105 1933 2338 2003; x_wconf 61' lang='lat' dir='ltr'><strong>JEgypto</strong></span> <span class='ocrx_word' id='word_1_615' title='bbox 2369 1926 2578 2000; x_wconf 73' lang='lat' dir='ltr'><strong>(Exod.</strong></span> <span class='ocrx_word' id='word_1_616' title='bbox 2611 1924 2666 1979; x_wconf 77' lang='lat'><strong>5.</strong></span> <span class='ocrx_word' id='word_1_617' title='bbox 2695 1924 2726 1975; x_wconf 84' lang='grc'><strong>’7</strong></span> <span class='ocrx_word' id='word_1_618' title='bbox 2744 1925 2783 1991; x_wconf 93' lang='grc'><strong>).</strong></span> <span class='ocrx_word' id='word_1_619' title='bbox 2821 1920 2914 1975; x_wconf 65' lang='grc'><strong>24.</strong></span> <span class='ocrx_word' id='word_1_620' title='bbox 2943 1917 3008 1973; x_wconf 88' lang='lat' dir='ltr'><strong>Et</strong></span> <span class='ocrx_word' id='word_1_621' title='bbox 3033 1915 3241 1970; x_wconf 89' lang='lat' dir='ltr'><strong>redemit</strong></span> <span class='ocrx_word' id='word_1_622' title='bbox 3267 1928 3356 1966; x_wconf 86' lang='lat' dir='ltr'><strong>nos</strong></span> <span class='ocrx_word' id='word_1_623' title='bbox 3379 1908 3438 1962; x_wconf 81' lang='lat' dir='ltr'><strong>ab</strong></span> <span class='ocrx_word' id='word_1_624' title='bbox 3465 1905 3706 1960; x_wconf 71' lang='lat' dir='ltr'><strong>inimicis</strong></span> 
     </span>
    </p>
   </div>
   <div class='ocr_carea' id='block_1_81' title="bbox 2105 1997 3708 2090">
    <p class='ocr_par' dir='ltr' id='par_1_81' title="bbox 2105 1997 3708 2090">
     <span class='ocr_line' id='line_1_84' title="bbox 2105 1997 3708 2090; baseline -0.02 -10"><span class='ocrx_word' id='word_1_625' title='bbox 2105 1997 2311 2080; x_wconf 74' lang='lat' dir='ltr'><strong>nostris.</strong></span> <span class='ocrx_word' id='word_1_626' title='bbox 2344 1997 2421 2076; x_wconf 82' lang='lat' dir='ltr'><strong>Ne</strong></span> <span class='ocrx_word' id='word_1_627' title='bbox 2447 2016 2696 2090; x_wconf 78' lang='lat' dir='ltr'><strong>paulatim</strong></span> <span class='ocrx_word' id='word_1_628' title='bbox 2727 2018 3006 2070; x_wconf 88' lang='lat' dir='ltr'><strong>enumeret</strong></span> <span class='ocrx_word' id='word_1_629' title='bbox 3031 2007 3204 2072; x_wconf 90' lang='lat' dir='ltr'><strong>bella,</strong></span> <span class='ocrx_word' id='word_1_630' title='bbox 3242 2001 3579 2072; x_wconf 86' lang='lat' dir='ltr'><strong>irruptiones,</strong></span> <span class='ocrx_word' id='word_1_631' title='bbox 3615 1997 3708 2050; x_wconf 73' lang='lat' dir='ltr'><strong>vi-</strong></span> 
     </span>
    </p>
   </div>
   <div class='ocr_carea' id='block_1_82' title="bbox 2107 2091 3708 2182">
    <p class='ocr_par' dir='ltr' id='par_1_82' title="bbox 2107 2091 3708 2182">
     <span class='ocr_line' id='line_1_85' title="bbox 2107 2091 3708 2182; baseline -0.021 -9"><span class='ocrx_word' id='word_1_632' title='bbox 2107 2117 2328 2182; x_wconf 91' lang='lat' dir='ltr'><strong>ctorias,</strong></span> <span class='ocrx_word' id='word_1_633' title='bbox 2352 2121 2575 2182; x_wconf 67' lang='lat' dir='ltr'><strong>tropaea,</strong></span> <span class='ocrx_word' id='word_1_634' title='bbox 2597 2124 2719 2164; x_wconf 90' lang='lat' dir='ltr'><strong>cum</strong></span> <span class='ocrx_word' id='word_1_635' title='bbox 2746 2118 2932 2161; x_wconf 89' lang='lat' dir='ltr'><strong>rursus</strong></span> <span class='ocrx_word' id='word_1_636' title='bbox 2955 2118 3060 2156; x_wconf 91' lang='lat' dir='ltr'><strong>uno</strong></span> <span class='ocrx_word' id='word_1_637' title='bbox 3076 2097 3241 2153; x_wconf 90' lang='lat' dir='ltr'><strong>verbo</strong></span> <span class='ocrx_word' id='word_1_638' title='bbox 3265 2103 3406 2150; x_wconf 90' lang='lat' dir='ltr'><strong>recte</strong></span> <span class='ocrx_word' id='word_1_639' title='bbox 3427 2091 3708 2146; x_wconf 79' lang='lat' dir='ltr'><strong>factorum</strong></span> 
     </span>
    </p>
   </div>
   <div class='ocr_carea' id='block_1_83' title="bbox 2109 2180 3708 2274">
    <p class='ocr_par' dir='ltr' id='par_1_83' title="bbox 2109 2180 3708 2274">
     <span class='ocr_line' id='line_1_86' title="bbox 2109 2180 3708 2274; baseline -0.021 -9"><span class='ocrx_word' id='word_1_640' title='bbox 2109 2180 2472 2265; x_wconf 24' lang='lat' dir='ltr'><strong>seriem-esset.</strong></span> <span class='ocrx_word' id='word_1_641' title='bbox 2498 2208 2871 2274; x_wconf 85' lang='lat' dir='ltr'><strong>persequutus,</strong></span> <span class='ocrx_word' id='word_1_642' title='bbox 2889 2203 2945 2251; x_wconf 92' lang='lat' dir='ltr'><strong>et</strong></span> <span class='ocrx_word' id='word_1_643' title='bbox 2967 2207 3088 2265; x_wconf 65' lang='lat' dir='ltr'><strong>quae</strong></span> <span class='ocrx_word' id='word_1_644' title='bbox 3113 2191 3165 2244; x_wconf 90' lang='lat' dir='ltr'><strong>in</strong></span> <span class='ocrx_word' id='word_1_645' title='bbox 3185 2186 3398 2244; x_wconf 64' lang='lat' dir='ltr'><strong>Iudaeos</strong></span> <span class='ocrx_word' id='word_1_646' title='bbox 3415 2180 3584 2252; x_wconf 78' lang='lat' dir='ltr'><strong>sigilla</strong></span> <span class='ocrx_word' id='word_1_647' title='bbox 3593 2180 3708 2233; x_wconf 86' lang='lat' dir='ltr'><strong>tim</strong></span> 
     </span>
    </p>
   </div>
   <div class='ocr_carea' id='block_1_84' title="bbox 2111 2273 3715 2369">
    <p class='ocr_par' dir='ltr' id='par_1_84' title="bbox 2111 2273 3715 2369">
     <span class='ocr_line' id='line_1_87' title="bbox 2111 2273 3715 2369; baseline -0.02 -11"><span class='ocrx_word' id='word_1_648' title='bbox 2111 2304 2248 2358; x_wconf 75' lang='lat' dir='ltr'><strong>facta</strong></span> <span class='ocrx_word' id='word_1_649' title='bbox 2284 2309 2411 2357; x_wconf 88' lang='lat' dir='ltr'><strong>sunt</strong></span> <span class='ocrx_word' id='word_1_650' title='bbox 2454 2293 2916 2369; x_wconf 70' lang='lat' dir='ltr'><strong>praatermisisset,</strong></span> <span class='ocrx_word' id='word_1_651' title='bbox 2958 2285 3025 2342; x_wconf 89' lang='lat' dir='ltr'><strong>ad</strong></span> <span class='ocrx_word' id='word_1_652' title='bbox 3062 2280 3365 2356; x_wconf 75' lang='lat' dir='ltr'><strong>generalem</strong></span> <span class='ocrx_word' id='word_1_653' title='bbox 3402 2275 3515 2344; x_wconf 87' lang='lat' dir='ltr'><strong>ejus</strong></span> <span class='ocrx_word' id='word_1_654' title='bbox 3537 2273 3715 2326; x_wconf 78' lang='lat' dir='ltr'><strong>venit</strong></span> 
     </span>
    </p>
   </div>
   <div class='ocr_carea' id='block_1_85' title="bbox 2111 2364 3709 2468">
    <p class='ocr_par' dir='ltr' id='par_1_85' title="bbox 2111 2364 3709 2468">
     <span class='ocr_line' id='line_1_88' title="bbox 2111 2364 3709 2468; baseline -0.023 -16"><span class='ocrx_word' id='word_1_655' title='bbox 2111 2364 2530 2468; x_wconf 81' lang='lat' dir='ltr'><strong>providentiam,</strong></span> <span class='ocrx_word' id='word_1_656' title='bbox 2561 2387 2745 2442; x_wconf 85' lang='lat' dir='ltr'><strong>dicens</strong></span> <span class='ocrx_word' id='word_1_657' title='bbox 2771 2402 2786 2438; x_wconf 90' lang='lat'><strong>:</strong></span> <span class='ocrx_word' id='word_1_658' title='bbox 2813 2381 2904 2436; x_wconf 88' lang='lat'><strong>25.</strong></span> <span class='ocrx_word' id='word_1_659' title='bbox 2933 2377 3035 2443; x_wconf 89' lang='lat' dir='ltr'><strong>Qui</strong></span> <span class='ocrx_word' id='word_1_660' title='bbox 3061 2376 3148 2430; x_wconf 88' lang='lat' dir='ltr'><strong>dat</strong></span> <span class='ocrx_word' id='word_1_661' title='bbox 3173 2387 3336 2428; x_wconf 87' lang='lat' dir='ltr'><strong>escam</strong></span> <span class='ocrx_word' id='word_1_662' title='bbox 3360 2367 3488 2423; x_wconf 84' lang='lat' dir='ltr'><strong>omni</strong></span> <span class='ocrx_word' id='word_1_663' title='bbox 3521 2364 3709 2418; x_wconf 78' lang='lat' dir='ltr'><strong>carni.</strong></span> 
     </span>
    </p>
   </div>
   <div class='ocr_carea' id='block_1_86' title="bbox 2113 2455 3712 2550">
    <p class='ocr_par' dir='ltr' id='par_1_86' title="bbox 2113 2455 3712 2550">
     <span class='ocr_line' id='line_1_89' title="bbox 2113 2455 3712 2550; baseline -0.022 -7"><span class='ocrx_word' id='word_1_664' title='bbox 2113 2455 2296 2550; x_wconf 43' lang='lat' dir='ltr'><strong>Alius,</strong></span> <span class='ocrx_word' id='word_1_665' title='bbox 2343 2482 2444 2549; x_wconf 91' lang='lat' dir='ltr'><strong>Qui</strong></span> <span class='ocrx_word' id='word_1_666' title='bbox 2485 2480 2574 2533; x_wconf 89' lang='lat' dir='ltr'><strong>dat</strong></span> <span class='ocrx_word' id='word_1_667' title='bbox 2616 2491 2818 2548; x_wconf 86' lang='lat' dir='ltr'><strong>panem.</strong></span> <span class='ocrx_word' id='word_1_668' title='bbox 2849 2471 2999 2527; x_wconf 81' lang='lat' dir='ltr'><strong>Alius</strong></span> <span class='ocrx_word' id='word_1_669' title='bbox 3019 2509 3036 2533; x_wconf 95' lang='lat'><strong>,</strong></span> <span class='ocrx_word' id='word_1_670' title='bbox 3067 2465 3208 2520; x_wconf 86' lang='lat' dir='ltr'><strong>Dans</strong></span> <span class='ocrx_word' id='word_1_671' title='bbox 3243 2477 3420 2535; x_wconf 82' lang='lat' dir='ltr'><strong>panem</strong></span> <span class='ocrx_word' id='word_1_672' title='bbox 3442 2455 3537 2530; x_wconf 89' lang='lat' dir='ltr'><strong>(a).</strong></span> <span class='ocrx_word' id='word_1_673' title='bbox 3568 2455 3712 2510; x_wconf 80' lang='lat' dir='ltr'><strong>Non</strong></span> 
     </span>
    </p>
   </div>
   <div class='ocr_carea' id='block_1_87' title="bbox 2113 2548 3716 2649">
    <p class='ocr_par' dir='ltr' id='par_1_87' title="bbox 2113 2548 3716 2649">
     <span class='ocr_line' id='line_1_90' title="bbox 2113 2548 3716 2649; baseline -0.022 -14"><span class='ocrx_word' id='word_1_674' title='bbox 2113 2595 2238 2649; x_wconf 84' lang='lat' dir='ltr'><strong>ergo</strong></span> <span class='ocrx_word' id='word_1_675' title='bbox 2264 2585 2454 2638; x_wconf 72' lang='lat' dir='ltr'><strong>terrm,</strong></span> <span class='ocrx_word' id='word_1_676' title='bbox 2483 2585 2582 2626; x_wconf 90' lang='lat' dir='ltr'><strong>nec</strong></span> <span class='ocrx_word' id='word_1_677' title='bbox 2618 2582 2789 2639; x_wconf 65' lang='lat' dir='ltr'><strong>aqum,</strong></span> <span class='ocrx_word' id='word_1_678' title='bbox 2824 2577 2924 2619; x_wconf 90' lang='lat' dir='ltr'><strong>nec</strong></span> <span class='ocrx_word' id='word_1_679' title='bbox 2957 2560 3118 2625; x_wconf 86' lang='lat' dir='ltr'><strong>aeris,</strong></span> <span class='ocrx_word' id='word_1_680' title='bbox 3159 2571 3259 2612; x_wconf 90' lang='lat' dir='ltr'><strong>nec</strong></span> <span class='ocrx_word' id='word_1_681' title='bbox 3297 2551 3440 2616; x_wconf 88' lang='lat' dir='ltr'><strong>solis,</strong></span> <span class='ocrx_word' id='word_1_682' title='bbox 3465 2563 3564 2604; x_wconf 87' lang='lat' dir='ltr'><strong>nec</strong></span> <span class='ocrx_word' id='word_1_683' title='bbox 3593 2548 3716 2602; x_wconf 79' lang='lat' dir='ltr'><strong>ali-</strong></span> 
     </span>
    </p>
   </div>
   <div class='ocr_carea' id='block_1_88' title="bbox 2115 2641 3717 2742">
    <p class='ocr_par' dir='ltr' id='par_1_88' title="bbox 2115 2641 3717 2742">
     <span class='ocr_line' id='line_1_91' title="bbox 2115 2641 3717 2742; baseline -0.021 -14"><span class='ocrx_word' id='word_1_684' title='bbox 2115 2641 2269 2742; x_wconf 71' lang='lat' dir='ltr'><strong>cujus</strong></span> <span class='ocrx_word' id='word_1_685' title='bbox 2297 2669 2518 2724; x_wconf 87' lang='lat' dir='ltr'><strong>alterius</strong></span> <span class='ocrx_word' id='word_1_686' title='bbox 2558 2671 2681 2719; x_wconf 89' lang='lat' dir='ltr'><strong>sunt</strong></span> <span class='ocrx_word' id='word_1_687' title='bbox 2714 2655 3093 2731; x_wconf 89' lang='lat' dir='ltr'><strong>productiones</strong></span> <span class='ocrx_word' id='word_1_688' title='bbox 3118 2651 3415 2711; x_wconf 83' lang='lat' dir='ltr'><strong>fructuum,</strong></span> <span class='ocrx_word' id='word_1_689' title='bbox 3451 2641 3542 2699; x_wconf 88' lang='lat' dir='ltr'><strong>sed</strong></span> <span class='ocrx_word' id='word_1_690' title='bbox 3567 2643 3717 2710; x_wconf 72' lang='lat' dir='ltr'><strong>ejus</strong></span> 
     </span>
    </p>
   </div>
   <div class='ocr_carea' id='block_1_89' title="bbox 2115 2733 3713 2820">
    <p class='ocr_par' dir='ltr' id='par_1_89' title="bbox 2115 2733 3713 2820">
     <span class='ocr_line' id='line_1_92' title="bbox 2115 2733 3713 2820; baseline -0.021 0"><span class='ocrx_word' id='word_1_691' title='bbox 2115 2774 2198 2820; x_wconf 90' lang='lat' dir='ltr'><strong>est</strong></span> <span class='ocrx_word' id='word_1_692' title='bbox 2238 2763 2563 2818; x_wconf 87' lang='lat' dir='ltr'><strong>universum.</strong></span> <span class='ocrx_word' id='word_1_693' title='bbox 2603 2753 2737 2809; x_wconf 85' lang='lat' dir='ltr'><strong>Vide</strong></span> <span class='ocrx_word' id='word_1_694' title='bbox 2779 2759 2956 2806; x_wconf 89' lang='lat' dir='ltr'><strong>autem</strong></span> <span class='ocrx_word' id='word_1_695' title='bbox 2993 2745 3096 2800; x_wconf 71' lang='lat' dir='ltr'><strong>hic‘</strong></span> <span class='ocrx_word' id='word_1_696' title='bbox 3122 2755 3330 2813; x_wconf 90' lang='lat' dir='ltr'><strong>quoque</strong></span> <span class='ocrx_word' id='word_1_697' title='bbox 3371 2751 3472 2793; x_wconf 90' lang='lat' dir='ltr'><strong>non</strong></span> <span class='ocrx_word' id='word_1_698' title='bbox 3517 2733 3713 2788; x_wconf 80' lang='lat' dir='ltr'><strong>solum</strong></span> 
     </span>
    </p>
   </div>
   <div class='ocr_carea' id='block_1_90' title="bbox 2116 2824 3713 2925">
    <p class='ocr_par' dir='ltr' id='par_1_90' title="bbox 2116 2824 3713 2925">
     <span class='ocr_line' id='line_1_93' title="bbox 2116 2824 3713 2925; baseline -0.021 -13"><span class='ocrx_word' id='word_1_699' title='bbox 2116 2855 2432 2925; x_wconf 83' lang='lat' dir='ltr'><strong>potentiam,</strong></span> <span class='ocrx_word' id='word_1_700' title='bbox 2458 2849 2551 2905; x_wconf 91' lang='lat' dir='ltr'><strong>sed</strong></span> <span class='ocrx_word' id='word_1_701' title='bbox 2581 2843 2963 2915; x_wconf 84' lang='lat' dir='ltr'><strong>benignitatem</strong></span> <span class='ocrx_word' id='word_1_702' title='bbox 2991 2836 3152 2893; x_wconf 88' lang='lat' dir='ltr'><strong>etiam</strong></span> <span class='ocrx_word' id='word_1_703' title='bbox 3179 2829 3516 2887; x_wconf 73' lang='lat' dir='ltr'><strong>ineliabilem.</strong></span> <span class='ocrx_word' id='word_1_704' title='bbox 3536 2824 3713 2893; x_wconf 77' lang='lat' dir='ltr'><strong>Quod</strong></span> 
     </span>
    </p>
   </div>
   <div class='ocr_carea' id='block_1_91' title="bbox 2117 2917 3715 3003">
    <p class='ocr_par' dir='ltr' id='par_1_91' title="bbox 2117 2917 3715 3003">
     <span class='ocr_line' id='line_1_94' title="bbox 2117 2917 3715 3003; baseline -0.021 0"><span class='ocrx_word' id='word_1_705' title='bbox 2117 2917 2259 3003; x_wconf 79' lang='lat' dir='ltr'><strong>enim</strong></span> <span class='ocrx_word' id='word_1_706' title='bbox 2282 2943 2412 3000; x_wconf 89' lang='lat' dir='ltr'><strong>dicit</strong></span> <span class='ocrx_word' id='word_1_707' title='bbox 2429 2941 2696 2999; x_wconf 88' lang='lat' dir='ltr'><strong>Christus,</strong></span> <span class='ocrx_word' id='word_1_708' title='bbox 2720 2934 2892 2991; x_wconf 86' lang='lat' dir='ltr'><strong>Solem</strong></span> <span class='ocrx_word' id='word_1_709' title='bbox 2916 2946 3062 2986; x_wconf 88' lang='lat' dir='ltr'><strong>suum</strong></span> <span class='ocrx_word' id='word_1_710' title='bbox 3082 2925 3201 2982; x_wconf 90' lang='lat' dir='ltr'><strong>oriri</strong></span> <span class='ocrx_word' id='word_1_711' title='bbox 3224 2923 3346 2995; x_wconf 77' lang='lat' dir='ltr'><strong>facit</strong></span> <span class='ocrx_word' id='word_1_712' title='bbox 3369 2935 3516 2989; x_wconf 86' lang='lat' dir='ltr'><strong>super</strong></span> <span class='ocrx_word' id='word_1_713' title='bbox 3537 2917 3715 2971; x_wconf 77' lang='lat' dir='ltr'><strong>bonos</strong></span> 
     </span>
    </p>
   </div>
   <div class='ocr_carea' id='block_1_92' title="bbox 2119 3008 3715 3104">
    <p class='ocr_par' dir='ltr' id='par_1_92' title="bbox 2119 3008 3715 3104">
     <span class='ocr_line' id='line_1_95' title="bbox 2119 3008 3715 3104; baseline -0.021 -10"><span class='ocrx_word' id='word_1_714' title='bbox 2119 3039 2387 3101; x_wconf 48' lang='lat' dir='ltr'><strong>et&#39;malos,</strong></span> <span class='ocrx_word' id='word_1_715' title='bbox 2415 3043 2462 3088; x_wconf 88' lang='lat' dir='ltr'><strong>et</strong></span> <span class='ocrx_word' id='word_1_716' title='bbox 2495 3032 2622 3104; x_wconf 88' lang='lat' dir='ltr'><strong>pluit</strong></span> <span class='ocrx_word' id='word_1_717' title='bbox 2660 3044 2812 3100; x_wconf 86' lang='lat' dir='ltr'><strong>super</strong></span> <span class='ocrx_word' id='word_1_718' title='bbox 2839 3010 3009 3097; x_wconf 73' lang='lat' dir='ltr'><strong>justas</strong></span> <span class='ocrx_word' id='word_1_719' title='bbox 3051 3031 3097 3075; x_wconf 90' lang='lat' dir='ltr'><strong>et</strong></span> <span class='ocrx_word' id='word_1_720' title='bbox 3133 3019 3348 3091; x_wconf 83' lang='lat' dir='ltr'><strong>injustas</strong></span> <span class='ocrx_word' id='word_1_721' title='bbox 3378 3008 3605 3082; x_wconf 77' lang='lat' dir='ltr'><strong>(Matth.</strong></span> <span class='ocrx_word' id='word_1_722' title='bbox 3651 3009 3715 3063; x_wconf 88' lang='lat'><strong>5.</strong></span> 
     </span>
    </p>
   </div>
   <div class='ocr_carea' id='block_1_93' title="bbox 2119 3099 3718 3201">
    <p class='ocr_par' dir='ltr' id='par_1_93' title="bbox 2119 3099 3718 3201">
     <span class='ocr_line' id='line_1_96' title="bbox 2119 3099 3718 3201; baseline -0.024 -14"><span class='ocrx_word' id='word_1_723' title='bbox 2119 3131 2230 3201; x_wconf 68' lang='lat'><strong>45)</strong></span> <span class='ocrx_word' id='word_1_724' title='bbox 2263 3149 2277 3186; x_wconf 87' lang='lat'><strong>:</strong></span> <span class='ocrx_word' id='word_1_725' title='bbox 2305 3099 2408 3182; x_wconf 88' lang='lat' dir='ltr'><strong>hoc</strong></span> <span class='ocrx_word' id='word_1_726' title='bbox 2447 3099 2563 3195; x_wconf 80' lang='lat' dir='ltr'><strong>ipse</strong></span> <span class='ocrx_word' id='word_1_727' title='bbox 2590 3099 2802 3193; x_wconf 86' lang='lat' dir='ltr'><strong>quoque</strong></span> <span class='ocrx_word' id='word_1_728' title='bbox 2841 3117 2925 3170; x_wconf 91' lang='lat' dir='ltr'><strong>hic</strong></span> <span class='ocrx_word' id='word_1_729' title='bbox 2963 3107 3275 3184; x_wconf 80' lang='lat' dir='ltr'><strong>signiﬁcavit</strong></span> <span class='ocrx_word' id='word_1_730' title='bbox 3297 3146 3312 3169; x_wconf 96' lang='lat'><strong>,</strong></span> <span class='ocrx_word' id='word_1_731' title='bbox 3342 3103 3522 3158; x_wconf 87' lang='lat' dir='ltr'><strong>dicens</strong></span> <span class='ocrx_word' id='word_1_732' title='bbox 3551 3117 3564 3151; x_wconf 91' lang='lat'><strong>:</strong></span> <span class='ocrx_word' id='word_1_733' title='bbox 3598 3099 3718 3165; x_wconf 67' lang='lat' dir='ltr'><strong>Qui</strong></span> 
     </span>
    </p>
   </div>
   <div class='ocr_carea' id='block_1_94' title="bbox 2123 3193 3720 3276">
    <p class='ocr_par' dir='ltr' id='par_1_94' title="bbox 2123 3193 3720 3276">
     <span class='ocr_line' id='line_1_97' title="bbox 2123 3193 3720 3276; baseline -0.019 1"><span class='ocrx_word' id='word_1_734' title='bbox 2123 3225 2211 3276; x_wconf 87' lang='lat' dir='ltr'><strong>dat</strong></span> <span class='ocrx_word' id='word_1_735' title='bbox 2239 3235 2404 3276; x_wconf 85' lang='lat' dir='ltr'><strong>escam</strong></span> <span class='ocrx_word' id='word_1_736' title='bbox 2431 3215 2570 3271; x_wconf 90' lang='lat' dir='ltr'><strong>omni</strong></span> <span class='ocrx_word' id='word_1_737' title='bbox 2595 3212 2737 3268; x_wconf 86' lang='lat' dir='ltr'><strong>carni</strong></span> <span class='ocrx_word' id='word_1_738' title='bbox 2755 3253 2770 3276; x_wconf 92' lang='lat'><strong>,</strong></span> <span class='ocrx_word' id='word_1_739' title='bbox 2801 3209 2904 3263; x_wconf 91' lang='lat' dir='ltr'><strong>hoc</strong></span> <span class='ocrx_word' id='word_1_740' title='bbox 2932 3214 3053 3270; x_wconf 88' lang='lat' dir='ltr'><strong>est,</strong></span> <span class='ocrx_word' id='word_1_741' title='bbox 3093 3217 3198 3257; x_wconf 88' lang='lat' dir='ltr'><strong>non</strong></span> <span class='ocrx_word' id='word_1_742' title='bbox 3224 3197 3380 3270; x_wconf 88' lang='lat' dir='ltr'><strong>justis</strong></span> <span class='ocrx_word' id='word_1_743' title='bbox 3405 3193 3567 3249; x_wconf 87' lang='lat' dir='ltr'><strong>solum</strong></span> <span class='ocrx_word' id='word_1_744' title='bbox 3605 3206 3720 3246; x_wconf 73' lang='lat' dir='ltr'><strong>nec</strong></span> 
     </span>
    </p>
   </div>
   <div class='ocr_carea' id='block_1_95' title="bbox 2125 3284 3716 3386">
    <p class='ocr_par' dir='ltr' id='par_1_95' title="bbox 2125 3284 3716 3386">
     <span class='ocr_line' id='line_1_98' title="bbox 2125 3284 3716 3386; baseline -0.025 -13"><span class='ocrx_word' id='word_1_745' title='bbox 2125 3319 2189 3373; x_wconf 91' lang='lat' dir='ltr'><strong>iis</strong></span> <span class='ocrx_word' id='word_1_746' title='bbox 2215 3316 2302 3386; x_wconf 91' lang='lat' dir='ltr'><strong>qui</strong></span> <span class='ocrx_word' id='word_1_747' title='bbox 2345 3327 2405 3368; x_wconf 91' lang='lat' dir='ltr'><strong>se</strong></span> <span class='ocrx_word' id='word_1_748' title='bbox 2444 3317 2591 3366; x_wconf 89' lang='lat' dir='ltr'><strong>recte</strong></span> <span class='ocrx_word' id='word_1_749' title='bbox 2615 3311 2842 3377; x_wconf 88' lang='lat' dir='ltr'><strong>gerunt,</strong></span> <span class='ocrx_word' id='word_1_750' title='bbox 2868 3299 2962 3355; x_wconf 77' lang='lat' dir='ltr'><strong>sed</strong></span> <span class='ocrx_word' id='word_1_751' title='bbox 2995 3291 3357 3368; x_wconf 90' lang='lat' dir='ltr'><strong>peccatoribus</strong></span> <span class='ocrx_word' id='word_1_752' title='bbox 3377 3329 3394 3354; x_wconf 93' lang='lat'><strong>,</strong></span> <span class='ocrx_word' id='word_1_753' title='bbox 3423 3294 3477 3341; x_wconf 89' lang='lat' dir='ltr'><strong>et</strong></span> <span class='ocrx_word' id='word_1_754' title='bbox 3504 3284 3716 3352; x_wconf 78' lang='lat' dir='ltr'><strong>impiis,</strong></span> 
     </span>
    </p>
   </div>
   <div class='ocr_carea' id='block_1_96' title="bbox 2126 3381 3724 3466">
    <p class='ocr_par' dir='ltr' id='par_1_96' title="bbox 2126 3381 3724 3466">
     <span class='ocr_line' id='line_1_99' title="bbox 2126 3381 3724 3466; baseline -0.025 0"><span class='ocrx_word' id='word_1_755' title='bbox 2126 3422 2180 3466; x_wconf 91' lang='lat' dir='ltr'><strong>ct</strong></span> <span class='ocrx_word' id='word_1_756' title='bbox 2207 3407 2354 3463; x_wconf 90' lang='lat' dir='ltr'><strong>omni</strong></span> <span class='ocrx_word' id='word_1_757' title='bbox 2385 3405 2630 3459; x_wconf 71' lang='lat' dir='ltr'><strong>humanm</strong></span> <span class='ocrx_word' id='word_1_758' title='bbox 2669 3407 2914 3454; x_wconf 60' lang='lat' dir='ltr'><strong>naturast</strong></span> <span class='ocrx_word' id='word_1_759' title='bbox 2944 3388 3086 3461; x_wconf 87' lang='lat' dir='ltr'><strong>quod</strong></span> <span class='ocrx_word' id='word_1_760' title='bbox 3123 3387 3282 3443; x_wconf 89' lang='lat' dir='ltr'><strong>etiam</strong></span> <span class='ocrx_word' id='word_1_761' title='bbox 3308 3381 3539 3438; x_wconf 80' lang='lat' dir='ltr'><strong>maxime</strong></span> <span class='ocrx_word' id='word_1_762' title='bbox 3567 3391 3724 3445; x_wconf 71' lang='lat' dir='ltr'><strong>pnn—</strong></span> 
     </span>
    </p>
   </div>
   <div class='ocr_carea' id='block_1_97' title="bbox 2125 3469 3724 3570">
    <p class='ocr_par' dir='ltr' id='par_1_97' title="bbox 2125 3469 3724 3570">
     <span class='ocr_line' id='line_1_100' title="bbox 2125 3469 3724 3570; baseline -0.023 -11"><span class='ocrx_word' id='word_1_763' title='bbox 2125 3505 2270 3559; x_wconf 78' lang='lat' dir='ltr'><strong>dicat</strong></span> <span class='ocrx_word' id='word_1_764' title='bbox 2293 3500 2408 3570; x_wconf 90' lang='lat' dir='ltr'><strong>ejus</strong></span> <span class='ocrx_word' id='word_1_765' title='bbox 2437 3492 2756 3551; x_wconf 90' lang='lat' dir='ltr'><strong>dominium.</strong></span> <span class='ocrx_word' id='word_1_766' title='bbox 2785 3482 2975 3540; x_wconf 71' lang='lat' dir='ltr'><strong>Vidisti</strong></span> <span class='ocrx_word' id='word_1_767' title='bbox 3008 3479 3274 3535; x_wconf 86' lang='lat' dir='ltr'><strong>Psalmum</strong></span> <span class='ocrx_word' id='word_1_768' title='bbox 3316 3472 3435 3528; x_wconf 89' lang='lat' dir='ltr'><strong>ideo</strong></span> <span class='ocrx_word' id='word_1_769' title='bbox 3477 3469 3724 3523; x_wconf 73' lang='lat' dir='ltr'><strong>maxime</strong></span> 
     </span>
    </p>
   </div>
   <div class='ocr_carea' id='block_1_98' title="bbox 2129 3560 3725 3663">
    <p class='ocr_par' dir='ltr' id='par_1_98' title="bbox 2129 3560 3725 3663">
     <span class='ocr_line' id='line_1_101' title="bbox 2129 3560 3725 3663; baseline -0.026 -8"><span class='ocrx_word' id='word_1_770' title='bbox 2129 3614 2252 3654; x_wconf 83' lang='lat' dir='ltr'><strong>esse</strong></span> <span class='ocrx_word' id='word_1_771' title='bbox 2273 3560 2650 3663; x_wconf 69' lang='lat' dir='ltr'><strong>cdmpositum,</strong></span> <span class='ocrx_word' id='word_1_772' title='bbox 2673 3590 2732 3638; x_wconf 91' lang='lat' dir='ltr'><strong>ut</strong></span> <span class='ocrx_word' id='word_1_773' title='bbox 2750 3594 2850 3636; x_wconf 90' lang='lat' dir='ltr'><strong>nos</strong></span> <span class='ocrx_word' id='word_1_774' title='bbox 2873 3575 3098 3633; x_wconf 88' lang='lat' dir='ltr'><strong>deducat</strong></span> <span class='ocrx_word' id='word_1_775' title='bbox 3117 3570 3183 3626; x_wconf 90' lang='lat' dir='ltr'><strong>ad</strong></span> <span class='ocrx_word' id='word_1_776' title='bbox 3208 3568 3298 3623; x_wconf 89' lang='lat' dir='ltr'><strong>Dei</strong></span> <span class='ocrx_word' id='word_1_777' title='bbox 3323 3561 3683 3634; x_wconf 75' lang='lat' dir='ltr'><strong>cognitionem</strong></span> <span class='ocrx_word' id='word_1_778' title='bbox 3698 3560 3725 3614; x_wconf 64' lang='grc' dir='ltr'>ἵ</span> 
     </span>
    </p>
   </div>
   <div class='ocr_carea' id='block_1_99' title="bbox 2135 3653 3727 3752">
    <p class='ocr_par' dir='ltr' id='par_1_99' title="bbox 2135 3653 3727 3752">
     <span class='ocr_line' id='line_1_102' title="bbox 2135 3653 3727 3752; baseline -0.026 -5"><span class='ocrx_word' id='word_1_779' title='bbox 2135 3653 2204 3747; x_wconf 75' lang='lat' dir='ltr'><strong>Et</strong></span> <span class='ocrx_word' id='word_1_780' title='bbox 2231 3689 2355 3744; x_wconf 87' lang='lat' dir='ltr'><strong>ideo</strong></span> <span class='ocrx_word' id='word_1_781' title='bbox 2382 3653 2436 3738; x_wconf 67' lang='lat' dir='ltr'><strong>in</strong></span> <span class='ocrx_word' id='word_1_782' title='bbox 2480 3675 2740 3752; x_wconf 89' lang='lat' dir='ltr'><strong>principio</strong></span> <span class='ocrx_word' id='word_1_783' title='bbox 2767 3669 2963 3739; x_wconf 90' lang='lat' dir='ltr'><strong>incepit</strong></span> <span class='ocrx_word' id='word_1_784' title='bbox 2987 3682 3018 3722; x_wconf 91' lang='lat' dir='ltr'><strong>a</strong></span> <span class='ocrx_word' id='word_1_785' title='bbox 3050 3658 3419 3736; x_wconf 74' lang='lat' dir='ltr'><strong>generalibus,</strong></span> <span class='ocrx_word' id='word_1_786' title='bbox 3461 3663 3516 3710; x_wconf 90' lang='lat' dir='ltr'><strong>et</strong></span> <span class='ocrx_word' id='word_1_787' title='bbox 3554 3654 3605 3706; x_wconf 91' lang='lat' dir='ltr'><strong>in</strong></span> <span class='ocrx_word' id='word_1_788' title='bbox 3638 3653 3727 3707; x_wconf 81' lang='lat' dir='ltr'><strong>eis</strong></span> 
     </span>
    </p>
   </div>
   <div class='ocr_carea' id='block_1_100' title="bbox 2133 3745 3728 3844">
    <p class='ocr_par' dir='ltr' id='par_1_100' title="bbox 2133 3745 3728 3844">
     <span class='ocr_line' id='line_1_103' title="bbox 2133 3745 3728 3844; baseline -0.028 -6"><span class='ocrx_word' id='word_1_789' title='bbox 2133 3745 2329 3839; x_wconf 84' lang='lat' dir='ltr'><strong>desiit:</strong></span> <span class='ocrx_word' id='word_1_790' title='bbox 2363 3745 2608 3844; x_wconf 71' lang='lat' dir='ltr'><strong>supcrius</strong></span> <span class='ocrx_word' id='word_1_791' title='bbox 2634 3745 2847 3838; x_wconf 84' lang='lat' dir='ltr'><strong>quidem</strong></span> <span class='ocrx_word' id='word_1_792' title='bbox 2874 3761 3059 3816; x_wconf 91' lang='lat' dir='ltr'><strong>dicens</strong></span> <span class='ocrx_word' id='word_1_793' title='bbox 3089 3753 3256 3810; x_wconf 90' lang='lat' dir='ltr'><strong>solem</strong></span> <span class='ocrx_word' id='word_1_794' title='bbox 3287 3757 3342 3804; x_wconf 89' lang='lat' dir='ltr'><strong>et</strong></span> <span class='ocrx_word' id='word_1_795' title='bbox 3369 3747 3577 3807; x_wconf 88' lang='lat' dir='ltr'><strong>lunam,</strong></span> <span class='ocrx_word' id='word_1_796' title='bbox 3611 3745 3728 3796; x_wconf 76' lang='lat' dir='ltr'><strong>inl-</strong></span> 
     </span>
    </p>
   </div>
   <div class='ocr_carea' id='block_1_101' title="bbox 2134 3835 3724 3950">
    <p class='ocr_par' dir='ltr' id='par_1_101' title="bbox 2134 3835 3724 3950">
     <span class='ocr_line' id='line_1_104' title="bbox 2134 3835 3724 3950; baseline -0.03 -17"><span class='ocrx_word' id='word_1_797' title='bbox 2134 3891 2262 3950; x_wconf 79' lang='lat' dir='ltr'><strong>gnra</strong></span> <span class='ocrx_word' id='word_1_798' title='bbox 2293 3882 2347 3930; x_wconf 90' lang='lat' dir='ltr'><strong>et</strong></span> <span class='ocrx_word' id='word_1_799' title='bbox 2374 3835 2601 3941; x_wconf 75' lang='lat' dir='ltr'><strong>pluvias,</strong></span> <span class='ocrx_word' id='word_1_800' title='bbox 2627 3835 2747 3932; x_wconf 66' lang='lat' dir='ltr'><strong>quae</strong></span> <span class='ocrx_word' id='word_1_801' title='bbox 2777 3871 2883 3913; x_wconf 90' lang='lat' dir='ltr'><strong>non</strong></span> <span class='ocrx_word' id='word_1_802' title='bbox 2911 3851 3045 3908; x_wconf 77' lang='lat' dir='ltr'><strong>ﬁunt</strong></span> <span class='ocrx_word' id='word_1_803' title='bbox 3071 3847 3240 3903; x_wconf 87' lang='lat' dir='ltr'><strong>solum</strong></span> <span class='ocrx_word' id='word_1_804' title='bbox 3267 3843 3319 3898; x_wconf 88' lang='lat' dir='ltr'><strong>in</strong></span> <span class='ocrx_word' id='word_1_805' title='bbox 3349 3849 3500 3911; x_wconf 89' lang='lat' dir='ltr'><strong>parte</strong></span> <span class='ocrx_word' id='word_1_806' title='bbox 3527 3835 3724 3900; x_wconf 85' lang='lat' dir='ltr'><strong>orbis;</strong></span> 
     </span>
    </p>
   </div>
   <div class='ocr_carea' id='block_1_102' title="bbox 2138 3928 3731 4024">
    <p class='ocr_par' dir='ltr' id='par_1_102' title="bbox 2138 3928 3731 4024">
     <span class='ocr_line' id='line_1_105' title="bbox 2138 3928 3731 4024; baseline -0.028 0"><span class='ocrx_word' id='word_1_807' title='bbox 2138 3928 2191 4024; x_wconf 57' lang='lat' dir='ltr'><strong>in</strong></span> <span class='ocrx_word' id='word_1_808' title='bbox 2223 3967 2327 4020; x_wconf 83' lang='lat' dir='ltr'><strong>line</strong></span> <span class='ocrx_word' id='word_1_809' title='bbox 2365 3968 2542 4016; x_wconf 90' lang='lat' dir='ltr'><strong>autem</strong></span> <span class='ocrx_word' id='word_1_810' title='bbox 2585 3953 2836 4008; x_wconf 89' lang='lat' dir='ltr'><strong>desinens</strong></span> <span class='ocrx_word' id='word_1_811' title='bbox 2871 3946 2923 4001; x_wconf 90' lang='lat' dir='ltr'><strong>in</strong></span> <span class='ocrx_word' id='word_1_812' title='bbox 2967 3937 3235 3998; x_wconf 90' lang='lat' dir='ltr'><strong>communi</strong></span> <span class='ocrx_word' id='word_1_813' title='bbox 3275 3933 3511 3988; x_wconf 90' lang='lat' dir='ltr'><strong>omnium</strong></span> <span class='ocrx_word' id='word_1_814' title='bbox 3550 3928 3731 3981; x_wconf 81' lang='lat' dir='ltr'><strong>nutri-</strong></span> 
     </span>
    </p>
   </div>
   <div class='ocr_carea' id='block_1_103' title="bbox 2137 4018 3729 4116">
    <p class='ocr_par' dir='ltr' id='par_1_103' title="bbox 2137 4018 3729 4116">
     <span class='ocr_line' id='line_1_106' title="bbox 2137 4018 3729 4116; baseline -0.029 -2"><span class='ocrx_word' id='word_1_815' title='bbox 2137 4065 2340 4114; x_wconf 90' lang='lat' dir='ltr'><strong>mento.</strong></span> <span class='ocrx_word' id='word_1_816' title='bbox 2363 4047 2560 4106; x_wconf 88' lang='lat' dir='ltr'><strong>Deinde</strong></span> <span class='ocrx_word' id='word_1_817' title='bbox 2579 4051 2858 4116; x_wconf 87' lang='lat' dir='ltr'><strong>postquam</strong></span> <span class='ocrx_word' id='word_1_818' title='bbox 2880 4051 2946 4091; x_wconf 79' lang='lat' dir='ltr'><strong>ex</strong></span> <span class='ocrx_word' id='word_1_819' title='bbox 2966 4033 3047 4088; x_wconf 91' lang='lat' dir='ltr'><strong>eis</strong></span> <span class='ocrx_word' id='word_1_820' title='bbox 3067 4023 3398 4084; x_wconf 84' lang='lat' dir='ltr'><strong>conﬁrmavit</strong></span> <span class='ocrx_word' id='word_1_821' title='bbox 3415 4018 3729 4092; x_wconf 75' lang='lat' dir='ltr'><strong>generalem</strong></span> 
     </span>
    </p>
   </div>
   <div class='ocr_carea' id='block_1_104' title="bbox 2140 4106 3726 4221">
    <p class='ocr_par' dir='ltr' id='par_1_104' title="bbox 2140 4106 3726 4221">
     <span class='ocr_line' id='line_1_107' title="bbox 2140 4106 3726 4221; baseline -0.03 -16"><span class='ocrx_word' id='word_1_822' title='bbox 2140 4106 2529 4221; x_wconf 67' lang='lat' dir='ltr'><strong>providentiam</strong></span> <span class='ocrx_word' id='word_1_823' title='bbox 2554 4106 2883 4203; x_wconf 46' lang='lat' dir='ltr'><strong>,-subjunxit</strong></span> <span class='ocrx_word' id='word_1_824' title='bbox 2913 4141 2927 4176; x_wconf 72' lang='grc' dir='ltr'>ε</span> <span class='ocrx_word' id='word_1_825' title='bbox 2966 4121 3058 4177; x_wconf 79' lang='lat'><strong>26.</strong></span> <span class='ocrx_word' id='word_1_826' title='bbox 3100 4111 3418 4186; x_wconf 75' lang='lat' dir='ltr'><strong>Conﬁtemini</strong></span> <span class='ocrx_word' id='word_1_827' title='bbox 3445 4107 3554 4162; x_wconf 88' lang='lat' dir='ltr'><strong>Deo</strong></span> <span class='ocrx_word' id='word_1_828' title='bbox 3586 4106 3726 4171; x_wconf 76' lang='lat' dir='ltr'><strong>ccli,</strong></span> 
     </span>
    </p>
   </div>
   <div class='ocr_carea' id='block_1_105' title="bbox 2143 4199 3731 4312">
    <p class='ocr_par' dir='ltr' id='par_1_105' title="bbox 2143 4199 3731 4312">
     <span class='ocr_line' id='line_1_108' title="bbox 2143 4199 3731 4312; baseline -0.03 -17"><span class='ocrx_word' id='word_1_829' title='bbox 2143 4199 2383 4312; x_wconf 60' lang='lat' dir='ltr'><strong>quoniam</strong></span> <span class='ocrx_word' id='word_1_830' title='bbox 2412 4233 2466 4286; x_wconf 86' lang='lat' dir='ltr'><strong>in</strong></span> <span class='ocrx_word' id='word_1_831' title='bbox 2504 4226 2747 4284; x_wconf 80' lang='lat' dir='ltr'><strong>steculum</strong></span> <span class='ocrx_word' id='word_1_832' title='bbox 2786 4211 3132 4272; x_wconf 81' lang='lat' dir='ltr'><strong>misericordia</strong></span> <span class='ocrx_word' id='word_1_833' title='bbox 3171 4208 3298 4278; x_wconf 79' lang='lat' dir='ltr'><strong>ejus.</strong></span> <span class='ocrx_word' id='word_1_834' title='bbox 3335 4203 3412 4258; x_wconf 80' lang='lat' dir='ltr'><strong>Ex</strong></span> <span class='ocrx_word' id='word_1_835' title='bbox 3458 4200 3543 4254; x_wconf 87' lang='lat' dir='ltr'><strong>his</strong></span> <span class='ocrx_word' id='word_1_836' title='bbox 3580 4199 3731 4252; x_wconf 86' lang='lat' dir='ltr'><strong>enim</strong></span> 
     </span>
    </p>
   </div>
   <div class='ocr_carea' id='block_1_106' title="bbox 2147 4294 3735 4397">
    <p class='ocr_par' dir='ltr' id='par_1_106' title="bbox 2147 4294 3735 4397">
     <span class='ocr_line' id='line_1_109' title="bbox 2147 4294 3735 4397; baseline -0.03 -12"><span class='ocrx_word' id='word_1_837' title='bbox 2147 4294 2276 4385; x_wconf 78' lang='lat' dir='ltr'><strong>illud</strong></span> <span class='ocrx_word' id='word_1_838' title='bbox 2304 4337 2516 4397; x_wconf 87' lang='lat' dir='ltr'><strong>quoque</strong></span> <span class='ocrx_word' id='word_1_839' title='bbox 2557 4317 2756 4372; x_wconf 86' lang='lat' dir='ltr'><strong>clarum</strong></span> <span class='ocrx_word' id='word_1_840' title='bbox 2788 4317 2869 4364; x_wconf 90' lang='lat' dir='ltr'><strong>est</strong></span> <span class='ocrx_word' id='word_1_841' title='bbox 2907 4307 3078 4376; x_wconf 88' lang='lat' dir='ltr'><strong>ipsum</strong></span> <span class='ocrx_word' id='word_1_842' title='bbox 3107 4313 3225 4356; x_wconf 86' lang='lat' dir='ltr'><strong>esse</strong></span> <span class='ocrx_word' id='word_1_843' title='bbox 3255 4294 3583 4350; x_wconf 81' lang='lat' dir='ltr'><strong>infernorum</strong></span> <span class='ocrx_word' id='word_1_844' title='bbox 3610 4303 3735 4342; x_wconf 81' lang='lat' dir='ltr'><strong>om-</strong></span> 
     </span>
    </p>
   </div>
   <div class='ocr_carea' id='block_1_107' title="bbox 2148 4387 3735 4483">
    <p class='ocr_par' dir='ltr' id='par_1_107' title="bbox 2148 4387 3735 4483">
     <span class='ocr_line' id='line_1_110' title="bbox 2148 4387 3735 4483; baseline -0.03 -6"><span class='ocrx_word' id='word_1_845' title='bbox 2148 4423 2294 4477; x_wconf 91' lang='lat' dir='ltr'><strong>nium</strong></span> <span class='ocrx_word' id='word_1_846' title='bbox 2335 4425 2392 4472; x_wconf 92' lang='lat' dir='ltr'><strong>et</strong></span> <span class='ocrx_word' id='word_1_847' title='bbox 2429 4417 2782 4483; x_wconf 89' lang='lat' dir='ltr'><strong>supernorum</strong></span> <span class='ocrx_word' id='word_1_848' title='bbox 2829 4396 3147 4456; x_wconf 89' lang='lat' dir='ltr'><strong>Dominum,</strong></span> <span class='ocrx_word' id='word_1_849' title='bbox 3186 4389 3408 4459; x_wconf 86' lang='lat' dir='ltr'><strong>ejusque</strong></span> <span class='ocrx_word' id='word_1_850' title='bbox 3453 4395 3635 4437; x_wconf 84' lang='lat' dir='ltr'><strong>curam</strong></span> <span class='ocrx_word' id='word_1_851' title='bbox 3679 4387 3735 4433; x_wconf 86' lang='lat' dir='ltr'><strong>et</strong></span> 
     </span>
    </p>
   </div>
   <div class='ocr_carea' id='block_1_108' title="bbox 2149 4474 3738 4584">
    <p class='ocr_par' dir='ltr' id='par_1_108' title="bbox 2149 4474 3738 4584">
     <span class='ocr_line' id='line_1_111' title="bbox 2149 4474 3738 4584; baseline -0.03 -15"><span class='ocrx_word' id='word_1_852' title='bbox 2149 4474 2539 4584; x_wconf 79' lang='lat' dir='ltr'><strong>providentiam</strong></span> <span class='ocrx_word' id='word_1_853' title='bbox 2565 4499 2758 4568; x_wconf 88' lang='lat' dir='ltr'><strong>ubique</strong></span> <span class='ocrx_word' id='word_1_854' title='bbox 2777 4490 3023 4546; x_wconf 74' lang='lat' dir='ltr'><strong>diffusam</strong></span> <span class='ocrx_word' id='word_1_855' title='bbox 3047 4495 3185 4538; x_wconf 85' lang='lat' dir='ltr'><strong>esse.</strong></span> <span class='ocrx_word' id='word_1_856' title='bbox 3210 4479 3314 4534; x_wconf 83' lang='lat' dir='ltr'><strong>Pro</strong></span> <span class='ocrx_word' id='word_1_857' title='bbox 3338 4474 3585 4531; x_wconf 87' lang='lat' dir='ltr'><strong>omnibus</strong></span> <span class='ocrx_word' id='word_1_858' title='bbox 3603 4484 3738 4539; x_wconf 85' lang='lat' dir='ltr'><strong>ergo</strong></span> 
     </span>
     <span class='ocr_line' id='line_1_112' title="bbox 2981 4561 3711 4584; baseline -0.026 -1"><span class='ocrx_word' id='word_1_859' title='bbox 2981 4579 2990 4584; x_wconf 93' lang='lat'>_</span> <span class='ocrx_word' id='word_1_860' title='bbox 3294 4583 3301 4584; x_wconf 18' lang='grc' dir='ltr'>ί</span> <span class='ocrx_word' id='word_1_861' title='bbox 3350 4582 3363 4584; x_wconf 27' lang='grc' dir='ltr'><strong>Α</strong></span> <span class='ocrx_word' id='word_1_862' title='bbox 3380 4561 3711 4584; x_wconf 24' lang='grc' dir='ltr'><strong>ΔΑΜ-,μή</strong></span> 
     </span>
    </p>
   </div>
   <div class='ocr_carea' id='block_1_109' title="bbox 2153 4561 3734 4661">
    <p class='ocr_par' dir='ltr' id='par_1_109' title="bbox 2153 4561 3734 4661">
     <span class='ocr_line' id='line_1_113' title="bbox 2153 4561 3734 4661; baseline -0.031 0"><span class='ocrx_word' id='word_1_863' title='bbox 2153 4561 2226 4660; x_wconf 64' lang='lat' dir='ltr'><strong>irlli</strong></span> <span class='ocrx_word' id='word_1_864' title='bbox 2255 4601 2541 4657; x_wconf 75' lang='lat' dir='ltr'><strong>oileramus</strong></span> <span class='ocrx_word' id='word_1_865' title='bbox 2577 4588 2866 4661; x_wconf 74' lang='lat' dir='ltr'><strong>gratiarum</strong></span> <span class='ocrx_word' id='word_1_866' title='bbox 2891 4579 3153 4635; x_wconf 89' lang='lat' dir='ltr'><strong>actionem</strong></span> <span class='ocrx_word' id='word_1_867' title='bbox 3171 4614 3188 4638; x_wconf 93' lang='lat'><strong>,</strong></span> <span class='ocrx_word' id='word_1_868' title='bbox 3219 4583 3315 4640; x_wconf 84' lang='lat' dir='ltr'><strong>pro</strong></span> <span class='ocrx_word' id='word_1_869' title='bbox 3339 4561 3734 4626; x_wconf 85' lang='lat' dir='ltr'><strong>communibus,</strong></span> 
     </span>
    </p>
   </div>
   <div class='ocr_carea' id='block_1_110' title="bbox 2154 4660 3741 4769">
    <p class='ocr_par' dir='ltr' id='par_1_110' title="bbox 2154 4660 3741 4769">
     <span class='ocr_line' id='line_1_114' title="bbox 2154 4660 3741 4769; baseline -0.03 -17"><span class='ocrx_word' id='word_1_870' title='bbox 2154 4711 2252 4769; x_wconf 92' lang='lat' dir='ltr'><strong>pro</strong></span> <span class='ocrx_word' id='word_1_871' title='bbox 2278 4688 2498 4764; x_wconf 89' lang='lat' dir='ltr'><strong>privatis</strong></span> <span class='ocrx_word' id='word_1_872' title='bbox 2517 4726 2532 4751; x_wconf 91' lang='lat'><strong>,</strong></span> <span class='ocrx_word' id='word_1_873' title='bbox 2562 4660 2659 4754; x_wconf 89' lang='lat' dir='ltr'><strong>pro</strong></span> <span class='ocrx_word' id='word_1_874' title='bbox 2684 4677 2922 4733; x_wconf 87' lang='lat' dir='ltr'><strong>bonitate</strong></span> <span class='ocrx_word' id='word_1_875' title='bbox 2944 4713 2960 4738; x_wconf 94' lang='lat'><strong>,</strong></span> <span class='ocrx_word' id='word_1_876' title='bbox 2992 4683 3089 4739; x_wconf 90' lang='lat' dir='ltr'><strong>pro</strong></span> <span class='ocrx_word' id='word_1_877' title='bbox 3125 4660 3449 4732; x_wconf 75' lang='lat' dir='ltr'><strong>benignitate</strong></span> <span class='ocrx_word' id='word_1_878' title='bbox 3471 4697 3488 4723; x_wconf 90' lang='lat'><strong>,</strong></span> <span class='ocrx_word' id='word_1_879' title='bbox 3522 4670 3615 4726; x_wconf 89' lang='lat' dir='ltr'><strong>pro</strong></span> <span class='ocrx_word' id='word_1_880' title='bbox 3646 4668 3741 4722; x_wconf 87' lang='lat' dir='ltr'><strong>po-</strong></span> 
     </span>
    </p>
   </div>
   <div class='ocr_carea' id='block_1_111' title="bbox 2158 4745 3740 4852">
    <p class='ocr_par' dir='ltr' id='par_1_111' title="bbox 2158 4745 3740 4852">
     <span class='ocr_line' id='line_1_115' title="bbox 2158 4745 3740 4852; baseline -0.032 -7"><span class='ocrx_word' id='word_1_881' title='bbox 2158 4745 2324 4844; x_wconf 65' lang='lat' dir='ltr'><strong>llentia</strong></span> <span class='ocrx_word' id='word_1_882' title='bbox 2340 4824 2357 4850; x_wconf 92' lang='lat'><strong>,</strong></span> <span class='ocrx_word' id='word_1_883' title='bbox 2381 4794 2480 4852; x_wconf 92' lang='lat' dir='ltr'><strong>pro</strong></span> <span class='ocrx_word' id='word_1_884' title='bbox 2506 4773 2812 4833; x_wconf 89' lang='lat' dir='ltr'><strong>curatione,</strong></span> <span class='ocrx_word' id='word_1_885' title='bbox 2839 4774 2895 4820; x_wconf 90' lang='lat' dir='ltr'><strong>et</strong></span> <span class='ocrx_word' id='word_1_886' title='bbox 2925 4764 3027 4817; x_wconf 91' lang='lat' dir='ltr'><strong>hoc</strong></span> <span class='ocrx_word' id='word_1_887' title='bbox 3050 4755 3262 4812; x_wconf 85' lang='lat' dir='ltr'><strong>assidue</strong></span> <span class='ocrx_word' id='word_1_888' title='bbox 3288 4750 3564 4811; x_wconf 78' lang='lat' dir='ltr'><strong>faciamus,</strong></span> <span class='ocrx_word' id='word_1_889' title='bbox 3603 4745 3740 4799; x_wconf 88' lang='lat' dir='ltr'><strong>sicut</strong></span> 
     </span>
    </p>
   </div>
   <div class='ocr_carea' id='block_1_112' title="bbox 2159 4833 3740 4944">
    <p class='ocr_par' dir='ltr' id='par_1_112' title="bbox 2159 4833 3740 4944">
     <span class='ocr_line' id='line_1_116' title="bbox 2159 4833 3740 4944; baseline -0.033 -9"><span class='ocrx_word' id='word_1_890' title='bbox 2340 4833 2504 4944; x_wconf 47' lang='grc' dir='ltr'><strong>νῇιλκξι</strong></span> <span class='ocrx_word' id='word_1_891' title='bbox 2532 4855 2970 4937; x_wconf 76' lang='lat' dir='ltr'><strong>psalmographus</strong></span> <span class='ocrx_word' id='word_1_892' title='bbox 2989 4892 3008 4918; x_wconf 94' lang='lat'><strong>,</strong></span> <span class='ocrx_word' id='word_1_893' title='bbox 3033 4849 3219 4905; x_wconf 88' lang='lat' dir='ltr'><strong>dicens</strong></span> <span class='ocrx_word' id='word_1_894' title='bbox 3247 4863 3257 4896; x_wconf 96' lang='lat'>:</span> <span class='ocrx_word' id='word_1_895' title='bbox 3287 4836 3606 4909; x_wconf 78' lang='lat' dir='ltr'><strong>Conﬁtemini</strong></span> <span class='ocrx_word' id='word_1_896' title='bbox 3634 4833 3740 4886; x_wconf 76' lang='lat' dir='ltr'><strong>Do-</strong></span> 
     </span>
    </p>
   </div>
   <div class='ocr_carea' id='block_1_113' title="bbox 2161 4923 3742 5036">
    <p class='ocr_par' dir='ltr' id='par_1_113' title="bbox 2161 4923 3742 5036">
     <span class='ocr_line' id='line_1_117' title="bbox 2161 4923 2849 4944; baseline -0.032 6"><span class='ocrx_word' id='word_1_897' title='bbox 2161 4923 2319 4936; x_wconf 86' lang='lat'><strong>&quot;&#39;&quot;&quot;&#39;&quot;&#39;</strong></span> <span class='ocrx_word' id='word_1_898' title='bbox 2353 4923 2440 4944; x_wconf 62' lang='lat'><strong>0—&quot;</strong></span> <span class='ocrx_word' id='word_1_899' title='bbox 2461 4923 2497 4925; x_wconf 55' lang='grc' dir='ltr'><strong>-ν</strong></span> <span class='ocrx_word' id='word_1_900' title='bbox 2535 4923 2551 4937; x_wconf 85' lang='grc' dir='ltr'>ι</span> <span class='ocrx_word' id='word_1_901' title='bbox 2741 4923 2766 4929; x_wconf 70' lang='grc'><strong>--</strong></span> <span class='ocrx_word' id='word_1_902' title='bbox 2837 4923 2849 4928; x_wconf 83' lang='grc'><strong>-</strong></span> 
     </span>
     <span class='ocr_line' id='line_1_118' title="bbox 2161 4923 3742 5036; baseline -0.032 -12"><span class='ocrx_word' id='word_1_903' title='bbox 2161 4972 2319 5033; x_wconf 88' lang='lat' dir='ltr'><strong>mino,</strong></span> <span class='ocrx_word' id='word_1_904' title='bbox 2342 4961 2576 5036; x_wconf 87' lang='lat' dir='ltr'><strong>quoniam</strong></span> <span class='ocrx_word' id='word_1_905' title='bbox 2597 4956 2776 5017; x_wconf 82' lang='lat' dir='ltr'><strong>bonus,</strong></span> <span class='ocrx_word' id='word_1_906' title='bbox 2799 4947 3035 5020; x_wconf 87' lang='lat' dir='ltr'><strong>quoniam</strong></span> <span class='ocrx_word' id='word_1_907' title='bbox 3057 4941 3112 4994; x_wconf 86' lang='lat' dir='ltr'><strong>in</strong></span> <span class='ocrx_word' id='word_1_908' title='bbox 3133 4935 3378 4992; x_wconf 67' lang='lat' dir='ltr'><strong>saeuiunt</strong></span> <span class='ocrx_word' id='word_1_909' title='bbox 3402 4923 3742 4984; x_wconf 74' lang='lat' dir='ltr'><strong>misericordia</strong></span> 
     </span>
     <span class='ocr_line' id='line_1_119' title="bbox 3213 5016 3737 5036; baseline -0.032 7"><span class='ocrx_word' id='word_1_910' title='bbox 3213 5028 3228 5036; x_wconf 84' lang='grc'><strong>-</strong></span> <span class='ocrx_word' id='word_1_911' title='bbox 3396 5024 3411 5036; x_wconf 93' lang='grc'><strong>.</strong></span> <span class='ocrx_word' id='word_1_912' title='bbox 3431 5023 3446 5036; x_wconf 93' lang='grc'><strong>.</strong></span> <span class='ocrx_word' id='word_1_913' title='bbox 3488 5022 3521 5036; x_wconf 88' lang='lat'><strong>_.</strong></span> <span class='ocrx_word' id='word_1_914' title='bbox 3643 5016 3673 5036; x_wconf 58' lang='grc' dir='ltr'>ι</span> <span class='ocrx_word' id='word_1_915' title='bbox 3690 5031 3737 5036; x_wconf 49' lang='grc' dir='ltr'>η</span> 
     </span>
    </p>
   </div>
   <div class='ocr_carea' id='block_1_114' title="bbox 2165 5016 3739 5132">
    <p class='ocr_par' dir='ltr' id='par_1_114' title="bbox 2165 5016 3739 5132">
     <span class='ocr_line' id='line_1_120' title="bbox 2165 5016 3739 5132; baseline -0.03 -15"><span class='ocrx_word' id='word_1_916' title='bbox 2165 5016 2319 5132; x_wconf 43' lang='grc' dir='ltr'><strong>φιλ,</strong></span> <span class='ocrx_word' id='word_1_917' title='bbox 2348 5016 2461 5112; x_wconf 68' lang='grc' dir='ltr'><strong>ίιοε</strong></span> <span class='ocrx_word' id='word_1_918' title='bbox 2503 5060 2585 5106; x_wconf 88' lang='lat' dir='ltr'><strong>est</strong></span> <span class='ocrx_word' id='word_1_919' title='bbox 2626 5016 2770 5102; x_wconf 85' lang='lat' dir='ltr'><strong>enim</strong></span> <span class='ocrx_word' id='word_1_920' title='bbox 2812 5016 3174 5098; x_wconf 80' lang='lat' dir='ltr'><strong>sacriﬁcium,</strong></span> <span class='ocrx_word' id='word_1_921' title='bbox 3213 5028 3318 5083; x_wconf 87' lang='lat' dir='ltr'><strong>hoc</strong></span> <span class='ocrx_word' id='word_1_922' title='bbox 3362 5022 3601 5086; x_wconf 88' lang='lat' dir='ltr'><strong>oblatio,</strong></span> <span class='ocrx_word' id='word_1_923' title='bbox 3643 5016 3739 5072; x_wconf 85' lang='lat' dir='ltr'><strong>hoc</strong></span> 
     </span>
     <span class='ocr_line' id='line_1_121' title="bbox 3115 5107 3712 5132; baseline -0.028 0"><span class='ocrx_word' id='word_1_924' title='bbox 3115 5125 3126 5132; x_wconf 95' lang='lat'><strong>.</strong></span> <span class='ocrx_word' id='word_1_925' title='bbox 3158 5124 3168 5132; x_wconf 94' lang='lat'><strong>.</strong></span> <span class='ocrx_word' id='word_1_926' title='bbox 3320 5125 3353 5132; x_wconf 25' lang='grc' dir='ltr'><em>ν,</em></span> <span class='ocrx_word' id='word_1_927' title='bbox 3382 5114 3407 5132; x_wconf 88' lang='grc'><strong>,,</strong></span> <span class='ocrx_word' id='word_1_928' title='bbox 3608 5107 3712 5132; x_wconf 35' lang='grc' dir='ltr'><strong>,μή</strong></span> 
     </span>
    </p>
   </div>
   <div class='ocr_carea' id='block_1_115' title="bbox 2167 5107 3742 5224">
    <p class='ocr_par' dir='ltr' id='par_1_115' title="bbox 2167 5107 3742 5224">
     <span class='ocr_line' id='line_1_122' title="bbox 2167 5107 3742 5224; baseline -0.032 -15"><span class='ocrx_word' id='word_1_929' title='bbox 2167 5107 2338 5224; x_wconf 68' lang='lat' dir='ltr'><strong>ipsum</strong></span> <span class='ocrx_word' id='word_1_930' title='bbox 2356 5145 2512 5202; x_wconf 89' lang='lat' dir='ltr'><strong>nobis</strong></span> <span class='ocrx_word' id='word_1_931' title='bbox 2529 5139 2706 5198; x_wconf 88' lang='lat' dir='ltr'><strong>reddit</strong></span> <span class='ocrx_word' id='word_1_932' title='bbox 2724 5133 2957 5189; x_wconf 80' lang='lat' dir='ltr'><strong>maxime</strong></span> <span class='ocrx_word' id='word_1_933' title='bbox 2980 5124 3287 5198; x_wconf 89' lang='lat' dir='ltr'><strong>propitium,</strong></span> <span class='ocrx_word' id='word_1_934' title='bbox 3305 5125 3361 5172; x_wconf 91' lang='lat' dir='ltr'><strong>et</strong></span> <span class='ocrx_word' id='word_1_935' title='bbox 3381 5114 3506 5170; x_wconf 76' lang='lat' dir='ltr'><strong>facit</strong></span> <span class='ocrx_word' id='word_1_936' title='bbox 3523 5119 3582 5166; x_wconf 93' lang='lat' dir='ltr'><strong>ut</strong></span> <span class='ocrx_word' id='word_1_937' title='bbox 3608 5107 3742 5163; x_wconf 79' lang='lat' dir='ltr'><strong>frua-</strong></span> 
     </span>
    </p>
   </div>
   <div class='ocr_carea' id='block_1_116' title="bbox 2169 5203 3740 5302">
    <p class='ocr_par' dir='ltr' id='par_1_116' title="bbox 2169 5203 3740 5302">
     <span class='ocr_line' id='line_1_123' title="bbox 2169 5203 3740 5302; baseline -0.032 1"><span class='ocrx_word' id='word_1_938' title='bbox 2169 5203 2291 5302; x_wconf 73' lang='lat' dir='ltr'><strong>mur</strong></span> <span class='ocrx_word' id='word_1_939' title='bbox 2316 5241 2458 5296; x_wconf 89' lang='lat' dir='ltr'><strong>illius</strong></span> <span class='ocrx_word' id='word_1_940' title='bbox 2495 5229 2863 5292; x_wconf 78' lang='lat' dir='ltr'><strong>benevolentia</strong></span> <span class='ocrx_word' id='word_1_941' title='bbox 2893 5241 2908 5278; x_wconf 89' lang='lat'><strong>:</strong></span> <span class='ocrx_word' id='word_1_942' title='bbox 2939 5235 3097 5293; x_wconf 86' lang='lat' dir='ltr'><strong>quam</strong></span> <span class='ocrx_word' id='word_1_943' title='bbox 3139 5215 3296 5271; x_wconf 86' lang='lat' dir='ltr'><strong>detur</strong></span> <span class='ocrx_word' id='word_1_944' title='bbox 3323 5209 3480 5266; x_wconf 87' lang='lat' dir='ltr'><strong>nobis</strong></span> <span class='ocrx_word' id='word_1_945' title='bbox 3507 5203 3740 5260; x_wconf 87' lang='lat' dir='ltr'><strong>omnibus</strong></span> 
     </span>
    </p>
   </div>
   <div class='ocr_carea' id='block_1_117' title="bbox 2173 5293 3738 5404">
    <p class='ocr_par' dir='ltr' id='par_1_117' title="bbox 2173 5293 3738 5404">
     <span class='ocr_line' id='line_1_124' title="bbox 2173 5293 3738 5404; baseline -0.032 -10"><span class='ocrx_word' id='word_1_946' title='bbox 2173 5334 2426 5404; x_wconf 82' lang='lat' dir='ltr'><strong>assequi,</strong></span> <span class='ocrx_word' id='word_1_947' title='bbox 2466 5328 2635 5400; x_wconf 89' lang='lat' dir='ltr'><strong>gratia</strong></span> <span class='ocrx_word' id='word_1_948' title='bbox 2684 5331 2740 5378; x_wconf 90' lang='lat' dir='ltr'><strong>et</strong></span> <span class='ocrx_word' id='word_1_949' title='bbox 2785 5313 3108 5386; x_wconf 76' lang='lat' dir='ltr'><strong>benignitate</strong></span> <span class='ocrx_word' id='word_1_950' title='bbox 3151 5303 3365 5363; x_wconf 88' lang='lat' dir='ltr'><strong>Domini</strong></span> <span class='ocrx_word' id='word_1_951' title='bbox 3415 5297 3584 5356; x_wconf 90' lang='lat' dir='ltr'><strong>nostri</strong></span> <span class='ocrx_word' id='word_1_952' title='bbox 3624 5293 3738 5347; x_wconf 81' lang='lat' dir='ltr'><strong>Jeso</strong></span> 
     </span>
     <span class='ocr_line' id='line_1_125' title="bbox 3184 5382 3705 5404; baseline -0.033 0"><span class='ocrx_word' id='word_1_953' title='bbox 3184 5400 3196 5404; x_wconf 91' lang='lat'><em>_</em></span> <span class='ocrx_word' id='word_1_954' title='bbox 3427 5391 3440 5404; x_wconf 82' lang='lat'><em>_</em></span> <span class='ocrx_word' id='word_1_955' title='bbox 3556 5382 3705 5404; x_wconf 16' lang='grc' dir='ltr'><strong>κη’-,-</strong></span> 
     </span>
    </p>
   </div>
   <div class='ocr_carea' id='block_1_118' title="bbox 2163 5382 3732 5492">
    <p class='ocr_par' dir='ltr' id='par_1_118' title="bbox 2163 5382 3732 5492">
     <span class='ocr_line' id='line_1_126' title="bbox 2163 5382 3732 5492; baseline -0.033 -4"><span class='ocrx_word' id='word_1_956' title='bbox 2163 5382 2402 5492; x_wconf 68' lang='lat' dir='ltr'><strong>Cbri;ti,</strong></span> <span class='ocrx_word' id='word_1_957' title='bbox 2435 5382 2524 5478; x_wconf 60' lang='lat' dir='ltr'><strong>cui</strong></span> <span class='ocrx_word' id='word_1_958' title='bbox 2560 5415 2731 5491; x_wconf 84' lang='lat' dir='ltr'><strong>gloria</strong></span> <span class='ocrx_word' id='word_1_959' title='bbox 2770 5419 2825 5467; x_wconf 88' lang='lat' dir='ltr'><strong>et</strong></span> <span class='ocrx_word' id='word_1_960' title='bbox 2859 5405 3145 5476; x_wconf 85' lang='lat' dir='ltr'><strong>imperium</strong></span> <span class='ocrx_word' id='word_1_961' title='bbox 3184 5400 3238 5455; x_wconf 91' lang='lat' dir='ltr'><strong>in</strong></span> <span class='ocrx_word' id='word_1_962' title='bbox 3279 5391 3478 5450; x_wconf 73' lang='lat' dir='ltr'><strong>saecula</strong></span> <span class='ocrx_word' id='word_1_963' title='bbox 3518 5382 3732 5444; x_wconf 67' lang='lat' dir='ltr'><strong>saeculo-</strong></span> 
     </span>
    </p>
   </div>
   <div class='ocr_carea' id='block_1_119' title="bbox 2119 5523 2546 5584">
    <p class='ocr_par' dir='ltr' id='par_1_119' title="bbox 2119 5523 2546 5584">
     <span class='ocr_line' id='line_1_127' title="bbox 2119 5523 2546 5584; baseline -0.037 3"><span class='ocrx_word' id='word_1_964' title='bbox 2119 5550 2128 5566; x_wconf 63' lang='grc' dir='ltr'><em>κ</em></span> <span class='ocrx_word' id='word_1_965' title='bbox 2167 5543 2312 5584; x_wconf 87' lang='lat' dir='ltr'><strong>rum.</strong></span> <span class='ocrx_word' id='word_1_966' title='bbox 2353 5523 2546 5577; x_wconf 86' lang='lat' dir='ltr'><strong>Amen.</strong></span> 
     </span>
    </p>
   </div>
   <div class='ocr_carea' id='block_1_120' title="bbox 2227 5596 3727 5705">
    <p class='ocr_par' dir='ltr' id='par_1_120' title="bbox 2227 5596 3727 5705">
     <span class='ocr_line' id='line_1_128' title="bbox 2227 5596 3727 5705; baseline 0.003 0"><span class='ocrx_word' id='word_1_967' title='bbox 2227 5645 2301 5705; x_wconf 84' lang='grc' dir='ltr'><strong>(α)</strong></span> <span class='ocrx_word' id='word_1_968' title='bbox 2335 5643 2462 5693; x_wconf 79' lang='lat' dir='ltr'><strong>Prior</strong></span> <span class='ocrx_word' id='word_1_969' title='bbox 2483 5635 2630 5705; x_wconf 57' lang='grc' dir='ltr'><strong>ιβοιίο</strong></span> <span class='ocrx_word' id='word_1_970' title='bbox 2655 5605 3502 5705; x_wconf 50' lang='lat' dir='ltr'><strong>est,,miliaalie&#39;:.3!i“..?“flliz.</strong></span> 
     </span>
    </p>
   </div>
   <div class='ocr_carea' id='block_1_121' title="bbox 2167 5665 3727 5760">
    <p class='ocr_par' dir='ltr' id='par_1_121' title="bbox 2167 5665 3727 5760">
     <span class='ocr_line' id='line_1_129' title="bbox 2227 5665 3434 5705; baseline -0.035 -9"><span class='ocrx_word' id='word_1_971' title='bbox 2227 5665 2301 5705; x_wconf 68' lang='grc' dir='ltr'><strong>υτ)</strong></span> <span class='ocrx_word' id='word_1_972' title='bbox 2338 5665 2459 5693; x_wconf 72' lang='grc' dir='ltr'><strong>ι’Πυῑ</strong></span> <span class='ocrx_word' id='word_1_973' title='bbox 2486 5665 2630 5687; x_wconf 55' lang='lat' dir='ltr'><strong>[conv</strong></span> <span class='ocrx_word' id='word_1_974' title='bbox 2655 5665 2732 5680; x_wconf 61' lang='grc' dir='ltr'><strong>μιν</strong></span> <span class='ocrx_word' id='word_1_975' title='bbox 2765 5665 2969 5687; x_wconf 46' lang='grc' dir='ltr'><strong>...τ--.-κγ</strong></span> <span class='ocrx_word' id='word_1_976' title='bbox 3013 5665 3097 5668; x_wconf 23' lang='grc' dir='ltr'><strong>νὴ-.</strong></span> <span class='ocrx_word' id='word_1_977' title='bbox 3234 5665 3252 5676; x_wconf 74' lang='lat'>_</span> <span class='ocrx_word' id='word_1_978' title='bbox 3427 5669 3434 5675; x_wconf 47' lang='grc' dir='ltr'><strong>Ι</strong></span> 
     </span>
     <span class='ocr_line' id='line_1_130' title="bbox 2167 5665 3727 5760; baseline -0.035 -3"><span class='ocrx_word' id='word_1_979' title='bbox 2167 5711 2372 5760; x_wconf 87' lang='lat' dir='ltr'><strong>duorum</strong></span> <span class='ocrx_word' id='word_1_980' title='bbox 2395 5701 2650 5760; x_wconf 68' lang='lat' dir='ltr'><strong>ﬂPgiOI&#39;tlm</strong></span> <span class='ocrx_word' id='word_1_981' title='bbox 2678 5701 2774 5738; x_wconf 79' lang='lat' dir='ltr'><strong>\Iss.</strong></span> <span class='ocrx_word' id='word_1_982' title='bbox 2804 5684 3088 5734; x_wconf 76' lang='lat' dir='ltr'><strong>auctoritate</strong></span> <span class='ocrx_word' id='word_1_983' title='bbox 3134 5676 3362 5724; x_wconf 74' lang='lat' dir='ltr'><strong>ﬁrmatur.</strong></span> <span class='ocrx_word' id='word_1_984' title='bbox 3390 5667 3502 5713; x_wconf 81' lang='lat' dir='ltr'><strong>\‘uie</strong></span> <span class='ocrx_word' id='word_1_985' title='bbox 3534 5665 3727 5716; x_wconf 68' lang='lat' dir='ltr'><strong>Hexaqu</strong></span> 
     </span>
    </p>
   </div>
   <div class='ocr_carea' id='block_1_122' title="bbox 2173 5779 2352 5820">
    <p class='ocr_par' dir='ltr' id='par_1_122' title="bbox 2173 5779 2352 5820">
     <span class='ocr_line' id='line_1_131' title="bbox 2173 5779 2352 5820; baseline -0.045 0"><span class='ocrx_word' id='word_1_986' title='bbox 2173 5779 2352 5820; x_wconf 74' lang='lat' dir='ltr'><strong>nostra.</strong></span> 
     </span>
    </p>
   </div>
  </div>
