3928 6464
302 396 406 452 ωε

739 623 805 682 IN
841 619 1162 681 PSALMUM
1198 615 1478 675 CXXXVI.

319 743 368 800 Ι.
412 742 582 813 Super
609 739 822 810 ﬂumina
851 735 1120 806 Babylonis
1146 734 1252 787 illic
1281 731 1501 785 sedimus
1523 770 1536 794 ,
1568 737 1614 780 et
1642 726 1887 794 flet-imus,

751 830 870 881 dum
899 826 1276 880 recordaremur
1301 823 1450 878 Sion.

396 989 446 1042 Ι.
489 984 732 1054 Magnum
769 990 853 1036 est
890 978 974 1034 his
999 977 1127 1033 viris
1155 989 1264 1031 sua:
1300 973 1526 1029 civitatis
1553 969 1895 1038 desiderium,

324 1093 512 1149 magna
549 1074 752 1130 reditus
778 1071 1055 1142 cupiditas.
1087 1065 1350 1135 Quamdiu
1379 1064 1518 1119 enim
1563 1062 1701 1118 bona
1732 1060 1898 1115 habe-

326 1170 452 1226 bant
481 1170 533 1224 in
559 1165 831 1229 manibus,
865 1163 1056 1233 probra
1083 1169 1138 1215 et
1161 1159 1380 1229 injurias
1408 1156 1603 1210 inferre
1628 1168 1734 1208 non
1760 1152 1900 1208 desi-

321 1263 534 1318 stebant
565 1278 577 1314 :
610 1259 704 1314 sed
732 1266 1010 1326 postquam
1041 1252 1108 1307 ab
1144 1251 1248 1307 illis
1291 1257 1414 1306 sunt
1441 1245 1704 1303 exturbati
1725 1285 1741 1312 ,
1774 1251 1900 1297 ttmc

320 1367 506 1408 eorum
552 1347 816 1404 desiderio
859 1344 1029 1400 aﬁ'ecti
1072 1349 1195 1396 sunt
1235 1359 1249 1396 :
1295 1347 1575 1409 propterea
1619 1335 1759 1392 enim
1805 1349 1900 1388 eos

321 1442 540 1513 expulit,
571 1448 628 1494 ut
655 1440 913 1495 excitaret
950 1436 1002 1490 in
1043 1435 1106 1489 iis
1144 1431 1316 1502 majus
1341 1428 1686 1488 desiderium.
1716 1425 1771 1480 Id
1800 1440 1897 1479 au-

320 1543 430 1590 tem
456 1532 591 1588 solet
630 1545 771 1600 saepe
810 1529 949 1582 Deus
979 1526 1172 1581 facere.
1203 1523 1426 1591 Quando
1465 1521 1607 1575 enim
1631 1561 1646 1586 ,
1679 1519 1802 1574 dum
1846 1520 1899 1573 in

320 1626 547 1682 summis
591 1638 775 1680 sumus
823 1621 1065 1687 deliciis,
1113 1627 1169 1674 et
1213 1615 1444 1673 maxima
1483 1615 1743 1670 bonorum
1785 1613 1901 1685 ejus

320 1718 614 1783 affluentia,
655 1728 763 1770 non
792 1713 1084 1775 sentimus,
1125 1719 1276 1764 curat
1311 1716 1369 1762 ut
1403 1707 1480 1762 eis
1506 1719 1802 1772 careamus,
1844 1713 1902 1759 ut

320 1808 621 1878 privatione
645 1820 826 1860 eorum
853 1801 1113 1870 castigati,
1141 1800 1219 1855 eis
1244 1813 1428 1853 rursus
1451 1797 1550 1853 frui
1579 1811 1896 1867 quaeramus.

320 1899 429 1954 Sed
470 1911 696 1968 quanam
735 1894 802 1950 de
829 1908 987 1949 causa
1022 1891 1281 1946 sedebant
1305 1890 1374 1945 ad
1413 1889 1673 1943 ﬁumina?
1719 1887 1785 1944 Ut
1811 1888 1901 1958 qui

322 1998 505 2044 essent
541 1987 769 2057 captivi,
801 1993 856 2040 et
893 1983 1127 2053 regionis
1163 1981 1394 2036 hostium
1438 1979 1630 2034 ﬁnibus
1670 1979 1901 2034 circum-

320 2080 528 2148 scripti,
552 2087 706 2131 extra
733 2091 912 2130 muros
937 2083 990 2130 et
1017 2074 1178 2129 urbes
1207 2072 1526 2126 habitarent.
1552 2070 1604 2124 2.
1635 2069 1702 2123 In
1727 2069 1900 2124 salici-
1933 2087 1936 2089 λ

322 2171 414 2222 bus
444 2170 496 2221 iu
526 2167 688 2220 medio
733 2167 840 2236 ejus
875 2163 1228 2234 suspendimus
1255 2178 1448 2233 organa
1489 2171 1682 2216 nostra.
1727 2160 1898 2226 Alius,

322 2260 556 2315 Cit/raras
579 2258 650 2330 (a)
674 2267 894 2312 nostras.
917 2257 1086 2324 Alius,
1111 2254 1292 2326 Lyras.
1316 2255 1384 2309 Et
1405 2267 1633 2324 quanam
1655 2253 1722 2307 de
1741 2266 1901 2307 causa

321 2355 557 2408 tulerunt
585 2367 780 2422 organa
810 2365 905 2406 sua
933 2365 1052 2406 cum
1091 2350 1144 2403 in
1179 2348 1536 2416 captivitatem
1567 2346 1899 2413 recederent,

319 2444 412 2512 qui
456 2443 534 2498 eis
572 2443 795 2497 minime
836 2447 993 2496 erant
1034 2440 1224 2495 usuri?
1262 2439 1375 2494 Hoc
1418 2453 1631 2509 quoque
1675 2438 1844 2493 fuerat
1870 2451 1901 2492 a

321 2535 436 2589 Deo
466 2535 755 2603 provisum,
785 2541 844 2587 ut
867 2531 954 2585 vel
988 2533 1041 2585 in
1076 2531 1246 2585 aliena
1268 2530 1488 2599 regione
1515 2529 1773 2586 haberent
1797 2544 1902 2584 mo-

320 2626 560 2680 nimenta
603 2624 798 2694 prioris
841 2623 1166 2692 reipublicae,
1214 2622 1488 2692 magisque
1531 2622 1904 2676 morderentur

317 2730 379 2776 ct
401 2721 592 2790 :rgrius
617 2717 840 2784 ferrent,
871 2715 997 2780 dum
1028 2715 1167 2769 illius
1196 2714 1468 2786 religionis
1507 2721 1562 2769 et
1601 2713 1695 2769 Dei
1729 2713 1901 2769 cultus

319 2812 414 2867 illa
439 2812 586 2881 signa
617 2810 877 2865 viderent.
909 2809 963 2864 '5.
997 2807 1130 2874 Quia
1166 2807 1273 2862 illic
1314 2808 1745 2878 interrogaverunt
1787 2824 1898 2876 nos,

319 2905 410 2975 qui
437 2904 660 2973 captiuos
688 2903 940 2956 (luserunt
964 2917 1075 2966 nos,
1103 2901 1250 2954 verba
1277 2900 1603 2955 cantionum:
1634 2909 1680 2954 et
1702 2899 1790 2970 qui
1810 2899 1902 2953 ab-

318 2997 574 3050 duxerunt
598 3009 689 3048 nos
714 3011 731 3048 :
753 2992 1016 3064 Hymuum
1041 3000 1239 3046 cantate
1257 2992 1398 3046 nobis
1433 2991 1494 3044 de
1520 2992 1724 3045 canticis
1752 2991 1898 3046 Sion.

318 3088 438 3144 Non
472 3102 656 3158 parum
683 3086 810 3141 hinc
843 3085 1262 3150 lucrifaciebant,
1295 3085 1437 3154 quod
1477 3085 1555 3140 eis
1592 3082 1805 3138 barbari
1832 3083 1904 3137 in-

319 3189 548 3245 starent,
577 3187 633 3233 et
657 3178 862 3233 cantica
896 3192 1084 3232 eorum
1107 3177 1291 3231 audire
1329 3184 1603 3244 cuperent.
1646 3175 1780 3230 Vide
1803 3189 1900 3229 au-

321 3281 432 3326 tem
457 3280 709 3338 quantam
750 3270 874 3324 hinc
903 3269 1286 3325 correctionem
1327 3278 1585 3334 ceperunt
1623 3283 1691 3323 ex
1731 3269 1902 3337 capti-

322 3365 504 3417 vitate.
534 3362 636 3428 Qui
658 3362 801 3416 enim
827 3361 1119 3416 insolentes
1146 3359 1267 3416 facti
1289 3359 1612 3425 defecerant,
1640 3369 1694 3416 et
1718 3375 1748 3414 a
1774 3360 1903 3415 reli-

316 3457 481 3526 gione
513 3470 608 3510 sua
635 3454 956 3520 resilierant,
997 3461 1052 3508 et
1074 3453 1245 3521 legem
1267 3452 1410 3506 omni
1445 3453 1652 3508 ratione
1690 3452 1904 3506 concul-

315 3552 596 3612 caverant,
627 3559 688 3600 se
712 3545 764 3598 in
787 3543 955 3598 aliena
981 3543 1199 3612 regione
1219 3551 1325 3596 tam
1345 3542 1578 3611 graviter
1601 3549 1901 3612 gesserunt,

316 3647 382 3692 ut
412 3639 498 3692 vel
525 3637 834 3706 urgentibus
858 3643 914 3691 et
937 3635 1260 3690 minantibus
1298 3635 1558 3700 barbaris,
1585 3643 1640 3690 et
1672 3634 1906 3704 undique

313 3727 853 3794 circumsistentibus,
902 3737 954 3782 et
993 3726 1178 3782 audire
1205 3727 1568 3795 cupientibus,
1599 3742 1667 3781 ne
1694 3727 1772 3782 sic
1794 3726 1904 3796 qui-

319 3818 444 3874 dem
476 3835 659 3875 eorum
693 3820 960 3875 desiderio
980 3819 1436 3888 gratiﬁcarentur,
1464 3818 1557 3874 sed
1582 3818 1751 3889 legem
1776 3833 1906 3888 prae-

318 3912 545 3975 ferrent,
568 3927 794 3984 eamque
813 3912 1095 3983 diligenter
1118 3919 1520 3965 conservarent.
1545 3910 1676 3965 Illud
1703 3919 1904 3975 autem,

318 4004 426 4070 Qui
445 4003 778 4070 abduxerunt,
809 4005 943 4060 alius
971 4003 1043 4074 (b)
1070 4003 1224 4069 dixit,
1251 4002 1353 4066 Qui
1379 4011 1672 4072 arroganter
1695 4002 1906 4072 agebant

315 4107 501 4150 contra
527 4112 640 4163 nos,
685 4095 1070 4166 propemodum
1099 4093 1200 4149 hoc
1236 4094 1422 4149 dicens
1457 4109 1472 4147 :
1517 4093 1616 4161 Qui
1656 4103 1810 4148 antea
1851 4093 1904 4147 in

316 4203 424 4243 nos
455 4185 841 4241 invebebantur
867 4225 882 4251 ,
923 4194 978 4240 et
1022 4186 1075 4239 in
1115 4200 1213 4240 nos
1259 4184 1634 4254 insurgebant,
1667 4191 1906 4252 tempore

315 4279 458 4334 adeo
487 4278 655 4344 lenes,
701 4278 856 4332 mites
898 4285 952 4333 et
988 4277 1252 4330 mansueti
1297 4275 1418 4330 facti
1446 4283 1590 4342 sunt,
1629 4283 1686 4330 ut
1712 4275 1938 4330 vellent-

317 4369 484 4422 ctiam
516 4378 694 4421 nostra
719 4367 908 4422 audire
930 4367 1154 4422 cantica.
1189 4365 1254 4419 Hi
1282 4374 1457 4420 tamen
1485 4381 1590 4420 non
1627 4379 1909 4420 concesse-

317 4470 471 4516 runt.
517 4460 703 4514 Vidisti
746 4475 975 4528 quonam
1017 4458 1178 4513 modo
1223 4458 1400 4513 reddit
1444 4457 1610 4514 fortes
1650 4457 1906 4511 afflictio?

318 4550 591 4621 quomodo
637 4549 1027 4619 compunctus?
1071 4549 1339 4619 quomodo
1367 4559 1598 4604 mentem
1642 4547 1908 4604 conterit?

318 4643 550 4698 Flebant
591 4643 732 4698 enim
754 4683 769 4709 ,
801 4651 855 4697 et
897 4643 1065 4713 legem
1109 4642 1498 4707 observabant,
1545 4652 1598 4699 et
1627 4645 1714 4712 qui
1741 4684 1753 4703 .
1785 4657 1906 4698 cum

317 4737 598 4806 prepbetze
625 4737 1077 4806 Iacrymarentur,
1107 4735 1384 4801 ridebant,
1431 4735 1831 4790 ludiﬁcabantur
1853 4745 1910 4792 et

317 4830 722 4885 subsannabant
767 4847 780 4883 :
825 4829 880 4884 lii
918 4844 1059 4884 nunc
1101 4828 1314 4885 nemine
1356 4843 1450 4884 eos
1491 4828 1814 4883 admonente
1840 4829 1907 4883 ad

321 4923 589 4993 lacrymas
634 4923 1118 4986 convertebantur,
1161 4931 1216 4978 et
1259 4921 1474 4976 ﬁebant.
1524 4921 1602 4975 Ex
1641 4933 1706 4974 eo
1747 4921 1906 4975 etiam

322 5015 613 5085 plurimum
661 5014 926 5068 commodi
977 5014 1339 5084 percipiebant
1395 5013 1595 5067 hostes.
1648 5011 1910 5066 Videbant

323 5106 471 5161 enim
513 5121 606 5161 eos
636 5121 740 5161 non
771 5106 939 5175 premi
968 5105 1271 5175 captivitate
1291 5145 1306 5169 ,
1338 5118 1437 5160 nec
1474 5103 1778 5159 servitutem
1809 5103 1906 5158 de-

320 5198 480 5262 ﬂere,
504 5214 602 5254 nec
623 5198 762 5269 quod
786 5201 836 5254 in
861 5199 1032 5254 aliena
1060 5201 1280 5268 regione
1304 5196 1621 5261 habitarent,
1653 5195 1745 5251 sed
1766 5195 1907 5266 quod

319 5305 353 5344 ο
388 5304 488 5345 suo
519 5291 608 5345 Dei
649 5291 794 5346 cultu
838 5291 1177 5344 excidissent.
1225 5288 1292 5343 Et
1338 5287 1459 5343 ideo
1500 5287 1738 5357 adjecit:
1771 5286 1909 5341 Dum

317 5381 709 5436 recordaremur
751 5382 900 5438 Sion.
945 5381 1126 5453 Neque
1167 5382 1308 5436 enim
1348 5379 1533 5435 leviter
1577 5387 1780 5434 tantum
1823 5380 1906 5434 lu-

317 5481 487 5543 gent,
519 5472 613 5528 sed
640 5473 804 5530 veluti
829 5473 1093 5543 quoddam
1125 5481 1434 5544 perpeth
1465 5472 1676 5544 lugendi
1713 5471 1907 5528 munus

316 5565 549 5622 obeum.
578 5563 837 5632 Quocirca
860 5565 990 5622 dicit
1015 5564 1069 5621 in
1095 5564 1377 5638 principio,
1405 5563 1663 5634 Sedimus,
1693 5574 1739 5620 et
1765 5565 1919 5635 Λευὶ--

395 5817 472 5875 (a)
506 5810 628 5863 Vide
650 5814 880 5875 "ampla.

399 5871 476 5945 (ὸ)
510 5880 620 5937 Quis
641 5880 705 5944 sit
728 5871 804 5928 hic
825 5877 1073 5940 interpres
1093 5877 1355 5941 ignoratur.

1330 389 1688 458 EXFOSITIO
1725 395 1790 454 IN
1831 394 2154 454 PSALMUM
2193 398 2472 457 CXXXVI.

3471 409 3575 462 406

2006 540 2139 590 mus,
2166 525 2523 594 signiﬁcantes
2552 543 2612 584 se
2638 533 2758 587 ideo
2783 531 3090 586 consedisse
3119 538 3176 584 ut
3200 531 3402 586 cierent
3431 532 3584 586 ﬁctus

2001 624 2058 673 et
2081 615 2326 686 ejulatus.
2357 615 2460 672 Sed
2502 633 2596 673 cur
2624 621 2702 675 eis
2731 637 2837 677 non
2881 622 3283 692 permittebatur
3311 637 3504 677 canere
3532 624 3584 678 iu

2002 709 2176 763 aliena
2206 708 2389 764 terra?
2415 710 2670 775 Quoniam
2703 729 2806 768 non
2835 714 3114 784 oportebat
3151 727 3308 768 aures
3339 714 3585 782 profanas

2001 809 2190 866 audire
2234 809 2325 865 illa
2366 825 2584 865 arcana.
2614 813 2666 866 4.
2702 811 2966 879 Quomodo
2997 813 3309 867 cantabimus
3336 813 3584 866 canticum

2005 903 2210 958 Domini
2237 905 2449 958 interra
2477 905 2641 957 aliena
2667 905 2692 956 ?
2734 905 2843 958 lloc
2872 914 2949 958 est
2977 922 2988 957 :
3020 905 3133 958 Non
3162 905 3284 960 licet
3313 906 3465 958 nobis
3493 921 3584 958 ca-
3617 923 3622 932 ·

2002 1009 2150 1050 nere.
2196 995 2313 1054 Etsi
2357 995 2497 1050 enim
2545 1009 2575 1047 a
2619 994 2785 1064 patria
2829 995 3140 1062 excidimus,
3192 995 3360 1064 legem
3408 1005 3583 1049 tamen

2000 1095 2259 1154 perpetuo
2294 1099 2602 1150 servamus,
2635 1085 2794 1153 idque
2821 1084 3247 1154 diligentissime.
3279 1086 3454 1153 Quare
3483 1085 3587 1140 etsi

2002 1177 2055 1230 in
2085 1191 2310 1246 corpora
2338 1178 2629 1232 dominium
2659 1178 2943 1232 obtineatis
2964 1218 2978 1244 ,
3008 1178 3240 1231 animum
3273 1186 3449 1232 tamen
3481 1193 3584 1231 non

2000 1258 2341 1336 superabitis.
2372 1266 2559 1321 Vidisti
2591 1267 2820 1321 animam
2847 1267 2915 1321 ab
2941 1266 3227 1322 afﬂictione
3268 1282 3386 1322 esse
3412 1269 3583 1322 dedu-

2001 1369 2141 1414 ctam
2170 1359 2237 1414 ad
2265 1359 2500 1414 studium
2532 1359 2805 1428 sapientiae
2829 1401 2844 1427 ,
2875 1360 3234 1428 mrumnisque
3274 1371 3326 1414 et
3366 1360 3586 1414 calami-

2001 1451 2196 1506 tatibus
2222 1465 2342 1507 esse
2370 1451 2740 1521 superiorem?
2765 1452 2820 1507 5.
2845 1450 2906 1506 Si
2934 1453 3118 1506 oblitus
3148 1455 3291 1523 fuero
3321 1452 3413 1517 tui,
3437 1451 3588 1504 Jeru-

1999 1544 2177 1609 salem,
2206 1541 2446 1596 oblivioni
2476 1541 2621 1596 detur
2641 1543 2846 1596 dextera
2872 1558 3001 1596 mea.
3033 1542 3088 1596 6.
3114 1541 3383 1596 Adhazreal
3413 1542 3588 1613 lingua

2000 1649 2113 1687 mea
2139 1633 2368 1703 faucibus
2397 1633 2539 1687 meis.
2571 1631 2706 1688 Vide
2747 1633 2833 1687 hic
2872 1647 3084 1702 quoque
3123 1647 3368 1702 magnam
3399 1631 3588 1685 factam

1999 1723 2370 1779 mutationem.
2423 1724 2526 1791 Qui
2577 1724 2721 1780 enim
2764 1723 2983 1794 singulis
3029 1724 3218 1779 diebus
3266 1722 3585 1782 audiebant,

2002 1812 2117 1868 fore
2147 1821 2204 1868 ut
2230 1829 2295 1868 ex
2325 1814 2535 1869 civitate
2564 1813 3066 1880 exterminarentur,
3096 1823 3150 1869 et
3173 1830 3278 1868 non
3308 1814 3585 1876 curabant,

1999 1920 2143 1960 nunc
2171 1905 2284 1959 dira
2314 1904 2415 1959 sibi
2448 1904 2844 1975 imprecantur,
2876 1906 2920 1959 si
2964 1904 3080 1974 ejus
3109 1907 3215 1959 sint
3244 1904 3418 1957 obliti.
3449 1904 3584 1970 Quid

2001 2003 2083 2048 est
2105 2003 2304 2060 autem,
2332 1993 2583 2048 Oblivioni
2609 1993 2757 2048 detur
2780 1996 2983 2048 dextera
3009 2011 3118 2047 mea
3141 1995 3166 2046 ?
3191 1994 3366 2060 Vires,
3399 1995 3586 2061 inquit,
3618 2029 3620 2031 -

2001 2099 2136 2140 mea:
2178 2086 2285 2140 mei
2331 2085 2729 2150 obliviscantur,
2781 2093 2835 2138 et
2882 2095 3060 2138 mutus
3104 2084 3324 2138 evadam
3375 2095 3590 2153 propter

2000 2177 2261 2232 malorum
2288 2176 2723 2246 magnitudinem,
2753 2175 2815 2231 Si
2843 2192 2945 2229 non
2971 2176 3241 2228 meminero
3271 2175 3344 2226 tui
3370 2191 3388 2228 ε
3418 2176 3461 2226 si
3490 2191 3591 2227 non

2001 2285 2327 2340 praeposuere
2353 2269 2638 2323 Jerusalem
2665 2269 2792 2322 sicut
2821 2269 2838 2299 ί
2867 2268 2917 2321 in
2948 2267 3195 2337 principio
3236 2266 3424 2320 laztitiw
3447 2281 3588 2319 τηρεε.

2000 2360 2135 2428 Quid
2164 2370 2279 2428 est,
2314 2361 2375 2415 Si
2403 2376 2503 2413 non
2530 2375 2852 2429 praeposuere
2870 2358 3202 2412 Jerusalem?
3242 2357 3356 2411 Non
3389 2357 3589 2420 solum,

2001 2455 2190 2523 inquit,
2239 2453 2311 2507 tui
2351 2454 2648 2507 meminero
2674 2453 2726 2506 in
2753 2452 2906 2515 aliis,
2941 2450 3032 2505 sed
3081 2451 3239 2504 etiam
3281 2451 3331 2502 in
3380 2449 3592 2519 hymnis

2001 2555 2056 2600 et
2085 2546 2136 2599 in
2167 2545 2409 2599 canticis.
2445 2544 2574 2598 Illud
2614 2556 2791 2598 autem
2814 2585 2829 2609 ,
2861 2542 3194 2613 Praeposuero
3214 2583 3228 2607 ,
3258 2541 3362 2596 hoc
3384 2551 3496 2606 est,
3534 2542 3591 2596 lu

2001 2637 2189 2692 cantici
2219 2635 2480 2706 prooemio
2505 2650 2568 2689 ac
2594 2634 2848 2704 praeludio
2878 2649 3134 2703 posuero,
3165 2634 3442 2703 loquentes
3467 2649 3590 2687 ver-

2000 2729 2126 2784 bum
2156 2743 2362 2795 eorum,
2404 2728 2494 2797 qui
2539 2725 2693 2781 valde
2731 2725 3056 2787 desiderant,
3105 2725 3211 2778 imo
3235 2738 3363 2778 vero
3406 2739 3590 2777 eorum

2000 2821 2089 2891 qui
2139 2819 2256 2890 ejus
2301 2833 2494 2893 magno
2542 2832 2726 2872 amore
2779 2826 3026 2870 tenentur
3072 2824 3126 2870 et
3171 2814 3588 2868 inflammantur.

2000 2911 2291 2978 Audiamus
2321 2910 2435 2963 haec
2463 2923 2670 2974 omnes,
2700 2919 2755 2962 ct
2777 2905 3065 2961 discamus.
3099 2905 3306 2959 Etenim
3335 2903 3591 2973 quemad-

2001 3002 2219 3058 modum
2247 3001 2302 3056 bi
2331 3016 2453 3055 cum
2481 3000 2549 3054 ab
2591 3014 2653 3053 ea
2681 2997 3018 3060 exciderant,
3050 3006 3175 3050 tunc
3199 3004 3444 3064 quaerunt
3475 3011 3488 3049 :
3519 2994 3590 3047 ita

2001 3096 2162 3151 etiam
2188 3094 2368 3149 multis
2392 3109 2460 3150 ex
2483 3092 2637 3148 nobis
2665 3091 2895 3154 eveniet,
2925 3105 3044 3143 cum
3073 3090 3123 3143 in
3154 3089 3244 3142 illo
3269 3089 3354 3142 die
3381 3104 3408 3139 a
3438 3087 3592 3141 Jeru—

2002 3187 2169 3241 salem
2214 3184 2411 3240 caalesti
2454 3181 2827 3238 excidet-imus.
2861 3177 2967 3234 Sed
3008 3179 3062 3232 hi
3105 3178 3314 3247 quidem
3342 3193 3462 3231 cum
3494 3192 3591 3230 cx—

2002 3277 2278 3344 cidissent,
2309 3289 2460 3345 spem
2492 3274 2757 3329 habebant
2783 3273 2986 3328 reditus
3007 3313 3022 3337 ,
3053 3271 3206 3325 nobis
3235 3279 3412 3324 autem
3442 3270 3588 3323 exci-

2003 3371 2249 3427 dentibus
2293 3368 2436 3424 nulla
2482 3367 2683 3438 reliqua
2723 3380 2844 3435 spes
2885 3373 2968 3419 est
3010 3363 3354 3418 reversionis.
3399 3360 3589 3414 Vcrmis

2010 3466 2141 3518 enim
2175 3478 2347 3516 eorum
2377 3477 2478 3513 non
2506 3460 2775 3524 morietur,
2810 3459 2977 3528 inquit
3000 3499 3014 3524 ,
3047 3466 3093 3509 et
3135 3457 3265 3527 ignis
3296 3472 3467 3509 eorum
3493 3472 3593 3509 non

2005 3555 2345 3624 exstinguetur
2374 3550 2564 3623 (Marc.
2589 3549 2642 3604 9.
2666 3548 2776 3618 45).
2807 3548 2875 3601 Ει
2903 3547 3023 3601 ideo
3048 3555 3258 3616 oportet
3284 3561 3380 3600 nos
3410 3555 3591 3598 nostra

2004 3644 2308 3714 diligentius
2337 3641 2646 3706 attendere,
2681 3649 2734 3692 et
2763 3639 2817 3691 in
2850 3639 3101 3707 praesenti
3132 3638 3236 3689 vita
3267 3636 3345 3689 sic
3371 3651 3468 3688 nos
3496 3651 3592 3704 ge-

2004 3752 2152 3802 rere,
2183 3745 2370 3790 utnon
2414 3735 2580 3787 simus
2607 3730 2822 3801 captivi,
2869 3745 2968 3784 nec
3009 3729 3164 3782 alieni
3205 3743 3266 3780 ac
3308 3728 3495 3782 remoti
3527 3727 3594 3779 ab

2005 3830 2092 3885 illa
2126 3827 2430 3896 metropoli.
2464 3827 2517 3879 7.
2543 3824 2740 3878 Memor
2769 3833 2890 3888 esto,
2919 3821 3153 3884 Domine,
3183 3821 3405 3889 ﬁliorum
3429 3816 3593 3870 Edam

2005 3923 2059 3976 in
2086 3921 2167 3974 die
2191 3919 2473 3972 Jerusalem
2499 3932 2516 3970 :
2545 3917 2630 3986 qui
2657 3916 2827 3968 dicunt
2850 3930 2867 3967 :
2896 3913 3168 3967 Exinanitc
3187 3954 3201 3978 ,
3231 3911 3482 3965 exinanita
3506 3926 3593 3961 us-

2006 4027 2101 4082 que
2126 4010 2192 4064 ad
2220 4009 2550 4079 fundamenta
2577 4007 2704 4078 ejus.
2735 4005 2904 4070 Alius,
2930 4002 3080 4056 Filiis
3114 4001 3299 4055 Edam.
3329 4001 3440 4054 IIoc
3465 4014 3598 4068 quo-

2007 4118 2114 4174 que
2151 4101 2372 4156 verbum
2417 4107 2498 4153 est
2542 4113 2726 4152 eorum
2757 4097 2846 4168 qui
2891 4097 3285 4150 inflammantur
3329 4091 3595 4147 desiderio

2007 4194 2256 4251 civitatis.
2306 4193 2416 4246 Hoc
2445 4200 2526 4246 est
2566 4201 2744 4245 autem
2774 4187 2913 4258 quod
2945 4188 3128 4241 dicunt
3157 4205 3168 4240 :
3198 4185 3392 4240 Ptenas
3422 4184 3490 4238 de
3519 4183 3596 4238 eis

2009 4299 2181 4350 sume,
2210 4285 2400 4354 quibus
2425 4298 2528 4336 non
2555 4280 2852 4336 sufﬁciebat
2872 4279 3012 4348 quod
3037 4287 3190 4346 capta
3219 4287 3361 4330 esset
3390 4275 3592 4337 civitas,

2011 4394 2111 4434 nec
2155 4377 2327 4431 satiati
2375 4384 2527 4430 erant
2569 4374 2685 4444 ejus
2724 4371 3028 4432 eversione,
3071 4369 3164 4424 sed
3214 4369 3500 4429 instabant,
3546 4377 3597 4420 et

2009 4471 2280 4535 dicebant,
2305 4467 2531 4522 Eﬁ'odite
2553 4464 2803 4534 quamdiu
2827 4462 2984 4516 fuerit
3008 4461 3060 4513 in
3083 4474 3143 4513 ea
3170 4458 3595 4512 fundamentum.

2011 4560 2306 4630 Cupiebant
2345 4558 2486 4611 cnim
2526 4571 2594 4610 ne
2632 4555 2789 4609 bases
2830 4551 3042 4621 quidem
3087 4565 3305 4604 manere
3347 4547 3594 4614 civitatis,

2012 4652 2106 4707 sed
2136 4651 2218 4705 vel
2264 4651 2376 4719 ipsa
2407 4648 2522 4717 ejus
2551 4645 2893 4700 fundamenta
2920 4641 3166 4698 convelli.

2081 4743 2136 4797 2.
2170 4741 2232 4795 I-li
2264 4749 2439 4794 autem
2468 4746 2622 4792 erant
2648 4736 2870 4800 Arabes,
2894 4734 2982 4805 qui
3009 4748 3114 4786 una
3146 4747 3266 4787 cum
3291 4729 3600 4802 Babyloniis

2013 4835 2227 4892 Judmos
2257 4834 2598 4887 invaserant:
2633 4843 2856 4898 quorum
2883 4825 3187 4895 frequenter
3213 4823 3457 4880 meminit
3479 4838 3600 4893 pro-

2013 4928 2194 5000 pbeta,
2229 4936 2283 4980 et
2313 4938 2407 4977 eos
2433 4921 2587 4975 valde
2616 4917 2987 4990 reprehendit,
3029 4915 3172 4986 quod
3213 4931 3334 4970 cum
3366 4916 3600 4969 interce-

2013 5022 2164 5075 deret
2193 5019 2331 5070 intcr
2360 5030 2454 5070 eos
2489 5012 2740 5083 cognatio
2760 5052 2774 5076 ,
2805 5009 3048 5064 hostibus
3089 5008 3237 5062 fuere
3274 5005 3595 5060 acerbiores.

2015 5113 2068 5167 8.
2099 5109 2236 5164 Filia
2262 5107 2536 5177 Babylonis
2577 5105 2779 5158 misera.
2811 5102 2989 5163 Alius,
3031 5098 3254 5153 Vastuta.
3297 5097 3466 5160 Alius,
3502 5094 3594 5148 Di-

2013 5201 2264 5273 ripicnda.
2301 5200 2395 5255 Hic
2423 5197 2711 5252 ostendens
2740 5194 2828 5246 Dei
2852 5193 2992 5246 vires
3018 5206 3121 5243 non
3146 5190 3197 5243 in
3233 5187 3544 5243 liberatione
3568 5201 3596 5240 a

2015 5297 2199 5363 malis,
2234 5294 2327 5350 sed
2369 5294 2420 5347 in
2447 5289 2699 5361 parandis
2725 5289 2789 5342 iis
2817 5284 3023 5340 insidiis
3052 5283 3142 5352 qui
3177 5283 3293 5336 illos
3324 5295 3628 5356 Oppugna-_

2015 5397 2175 5455 runt,
2219 5385 2462 5456 prmdicit
2505 5382 2764 5452 propheta
2803 5377 2938 5432 mala
2982 5391 3100 5446 qua:
3145 5385 3298 5429 erant
3342 5381 3600 5428 eventura

2015 5480 2295 5554 Babyloni.
2326 5484 2380 5531 et
2408 5481 2562 5529 vocat
2600 5487 2716 5526 eam
2763 5469 3012 5524 miseram
3043 5474 3258 5535 propter
3299 5465 3443 5519 mala
3478 5479 3596 5532 qua:

2017 5574 2159 5628 illam
2186 5577 2340 5626 erant
2370 5568 2615 5622 invasura
2649 5583 2660 5617 :
2693 5562 2746 5617 in
2778 5562 2878 5616 hoc
2902 5575 3112 5631 quoque
3140 5560 3336 5614 docens
3362 5557 3597 5622 Iudaeos,

2081 5755 2094 5785 ι
2135 5747 2268 5807 Illud,
2292 5747 2445 5802 sicut,
2469 5742 2709 5807 adjectum
2733 5741 2821 5807 fuit
2844 5737 3106 5807 non_modo
3126 5738 3173 5787 in
3196 5735 3428 5807 _Lxx,sed
3455 5737 3596 5785 etiam

2023 5820 2070 5883 in
2091 5801 2400 5883 rs'rsiohims
2421 5801 3308 5883 5!bini“!E‘.T9??f'2ii9'3i§2-ﬂ‘3ii"
3334 5809 3383 5849 ει
3407 5807 3562 5850 mm
3586 5811 3598 5846 ε

2028 5864 2075 5924 in
2091 5878 2168 5929 bis
2188 5875 2366 5936 quippe
2390 5864 2614 5920 omnibus
2638 5867 2808 5915 eadem
2831 5865 2976 5912 lectio
2999 5864 3304 5912 observatur.
