3928 6402
411 371 506 422 ΗΠ

405 492 457 532 et
499 479 786 533 ostendens
838 479 924 530 Dei
975 477 1255 545 potentiam
1296 491 1414 528 esse
1456 490 1548 542 per
1591 483 1757 527 totum
1797 473 1978 526 orbein

407 583 560 624 terra:
582 580 902 640 porrectam.
926 566 1110 620 Beatus
1136 567 1220 634 qtti
1243 567 1476 619 retribuet
1500 565 1586 618 tibi
1612 565 1981 619 retributionem

405 675 562 727 tuam,
596 679 746 733 quant
775 661 1045 715 retribuisti
1071 659 1232 712 nobis.
1264 659 1445 724 Alius,
1482 658 1646 723 Quam
1679 670 1795 710 ante
1823 657 1983 726 fecisti

402 755 544 808 nobis
571 751 666 826 (a).
705 754 758 809 9.
783 752 966 805 Beatus
994 753 1077 818 qui
1104 751 1306 817 tenebit,
1337 761 1380 803 et
1408 749 1583 803 (illidet
1611 749 1848 820 parvulos
1875 759 1984 801 tuos

403 845 472 898 ad
493 857 703 913 petram.

475 937 850 1004 Prophetarum
882 952 1007 989 mos.
1039 965 1110 974 —
1135 934 1259 988 llaec
1290 932 1387 986 etsi
1434 932 1506 985 ira
1551 931 1701 1000 plena
1743 939 1984 990 suntve-

404 1029 741 1094 hmnentiqnc
767 1042 921 1096 paena
944 1037 996 1080 et
1020 1027 1279 1094 supplicio
1304 1042 1315 1077 :
1338 1033 1459 1078 sunt
1481 1033 1655 1077 tamen
1677 1022 1833 1077 verba
1860 1036 1984 1090 per-

411 1121 726 1173 turbationis
753 1119 915 1172 animi
959 1120 1318 1188 captivorum,
1351 1118 1437 1186 qui
1467 1131 1708 1185 magnam
1755 1115 1984 1183 aliquam

404 1226 638 1276 pinnam,
671 1217 724 1263 et
755 1207 1080 1263 horrendum
1114 1209 1412 1276 mirumque
1443 1205 1758 1275 supplicium
1789 1212 1978 1274 postu-

403 1302 533 1354 lant.
565 1300 847 1370 Propheta:
868 1301 1008 1354 ettitn
1037 1299 1202 1354 multa
1231 1314 1372 1368 saepe
1404 1299 1689 1369 loquuntur
1715 1311 1819 1350 non
1847 1306 1984 1351 tant-

404 1398 562 1460 qtiatn
595 1408 740 1458 suos,
774 1392 864 1446 sed
893 1392 1116 1446 aliorum
1141 1391 1363 1446 aﬁ‘ectus
1387 1400 1686 1459 narrantes,
1713 1399 1767 1445 et
1788 1391 1838 1443 in
1869 1405 1986 1445 tne-

405 1485 548 1538 dium
597 1484 901 1540 aﬁ‘erentes.
951 1483 1004 1539 Si
1049 1483 1190 1537 enim
1239 1484 1354 1552 ejus
1393 1483 1587 1554 quaeris
1634 1483 1984 1546 sententiam,

405 1578 590 1633 audies
618 1578 902 1642 dicentem,
937 1576 997 1631 Si
1023 1576 1221 1630 reddidi
1267 1575 1652 1630 retribuentibus
1694 1575 1817 1628 nti/ti
1853 1575 1988 1628 mala

408 1670 581 1736 (Psal.
611 1672 663 1724 7.
691 1672 771 1741 Ei),
811 1679 866 1724 et
889 1670 972 1724 vel
1004 1669 1241 1731 modum,
1280 1669 1367 1738 qui
1395 1684 1423 1721 a
1451 1669 1565 1737 lege
1598 1678 1713 1722 erat
1735 1669 1782 1722 ei
1811 1667 1986 1733 datus,

405 1770 764 1831 superantem.
823 1761 1044 1828 Quando
1100 1770 1276 1815 autem
1332 1769 1514 1814 narrat
1561 1759 1988 1829 perturbationes

406 1853 568 1906 animi
596 1853 841 1916 aliorum,
866 1852 1120 1907 describit
1146 1853 1274 1906 iram
1303 1861 1356 1906 et
1376 1851 1642 1906 dolorem:
1667 1851 1807 1922 quod
1827 1852 1987 1906 etiam

407 1960 550 1999 nunc
580 1943 722 2009 fecit,
754 1943 1057 1998 Iudaeorum
1097 1942 1440 2011 cupiditatem
1475 1943 1526 1996 in
1558 1942 1792 1996 medium
1822 1941 1990 1996 addu-

409 2049 556 2096 cens,
586 2049 811 2102 quorum
851 2035 928 2087 ira
958 2034 1036 2086 vel
1063 2032 1129 2086 ad
1161 2031 1396 2086 infantiae
1424 2048 1590 2102 usque
1630 2041 1841 2087 aetatem
1869 2047 1990 2102 pro-

407 2125 650 2180 cedebat.
692 2124 895 2178 Novum
924 2139 1028 2178 non
1071 2124 1142 2178 ita
1173 2139 1231 2179 se
1271 2124 1450 2191 habet,
1489 2123 1581 2178 sed
1620 2125 1862 2180 inimicos
1889 2139 1989 2180 no-

406 2226 548 2271 stros
574 2224 625 2270 et
659 2230 896 2284 pascere,
927 2224 980 2270 et
1002 2215 1079 2269 eis
1107 2215 1282 2269 cibum
1311 2215 1438 2270 dare
1463 2215 1731 2285 iubemur,
1759 2226 1812 2271 et
1833 2230 1990 2270 orare

408 2323 505 2376 pro
529 2307 608 2360 eis
629 2306 718 2376 qui
747 2321 842 2360 nos
863 2307 1114 2360 aerumnis
1141 2305 1398 2360 afﬁciunt.
1424 2307 1534 2360 lloc
1562 2314 1739 2360 autem
1765 2305 1989 2361 facimus

409 2406 627 2466 propter
653 2398 822 2466 legem
849 2413 968 2466 quae
995 2408 1078 2452 est
1105 2397 1258 2451 nobis
1284 2398 1590 2451 constituta.
1617 2397 1870 2464 Quaenam
1892 2413 1990 2452 au-

411 2502 515 2544 tem
544 2506 605 2543 ea
651 2493 767 2543 est?
797 2487 913 2542 Nisi
960 2490 1323 2552 abundaverit,
1355 2489 1543 2560 inquit,
1579 2491 1782 2561 justitia
1827 2502 1992 2545 vestra

411 2585 527 2654 plus
554 2601 704 2652 quant
726 2583 1001 2637 scribarum
1027 2593 1072 2636 et
1096 2582 1506 2649 Pltttristeorum,
1538 2600 1640 2638 non
1666 2585 1915 2639 intrabitis
1938 2584 1993 2638 in

411 2692 620 2743 reqnunt
648 2676 887 2729 cculorum
926 2673 1134 2746 (Matth.
1172 2676 1224 2729 5.
1261 2675 1374 2745 20).
1420 2675 1663 2745 Magnum
1710 2690 1837 2745 ergo
1879 2685 1990 2730 stu-

411 2767 553 2820 dium
578 2765 945 2833 adhibeamus,
976 2774 1030 2821 et
1057 2776 1220 2820 totam
1248 2782 1365 2821 eam
1391 2766 1604 2821 abunde
1620 2767 1989 2834 observemus,

412 2868 469 2911 ut
495 2858 583 2927 qui
611 2857 864 2927 deinceps
890 2858 942 2912 in
973 2866 1114 2912 terra
1142 2867 1407 2927 tamquam
1438 2859 1488 2912 in
1515 2858 1648 2912 caelo
1671 2857 1990 2925 habitemus,

411 2959 464 3002 et
493 2965 612 3003 cum
642 2950 845 3019 angelis
865 2949 1060 3004 choros
1085 2949 1362 3004 ducamus.
1398 2949 1470 3004 lta
1500 2949 1834 3005 enimlutura
1863 2965 1997 3020 quo-

411 3060 513 3112 que
555 3044 692 3097 bona
737 3058 1168 3113 consequemur:
1199 3057 1318 3112 quae
1354 3041 1510 3098 detur
1551 3043 1706 3097 nobis
1747 3041 1996 3097 omnibus

412 3136 654 3204 assequi,
701 3136 871 3203 gratia
901 3145 953 3188 et
1001 3133 1361 3188 misericordia
1409 3134 1619 3188 Domini
1664 3135 1829 3189 nostri
1868 3133 1997 3189 Jesu

412 3227 628 3293 Christi,
656 3228 739 3281 cui
766 3227 931 3295 gloria
954 3236 1006 3282 et
1032 3228 1310 3297 imperium
1340 3228 1393 3281 in
1423 3227 1619 3284 saecula
1651 3229 1991 3288 saeculorum.

414 3320 606 3370 Amen.

826 3407 890 3462 IN
930 3407 1252 3464 PSALMUM
1290 3407 1596 3465 CXXXVII.

563 3521 613 3572 1.
645 3518 931 3588 Conﬁtebor
949 3521 1054 3586 tibi,
1087 3519 1317 3586 Domine,
1342 3522 1395 3575 itt
1425 3532 1528 3576 toto
1549 3523 1700 3577 corde
1720 3539 1848 3578 meo.

495 3654 541 3706 l.
576 3654 648 3708 De
698 3653 798 3709 hoc
837 3654 977 3724 apud
1007 3669 1101 3709 vos
1140 3669 1282 3724 saepe
1332 3655 1580 3710 disserui.
1629 3655 1891 3723 Quocirca
1933 3670 1997 3710 eo

418 3745 782 3817 praetermisso
840 3749 1112 3802 veniemus
1155 3748 1221 3803 ad
1253 3748 1335 3816 id,
1367 3749 1507 3819 quod
1553 3758 1636 3804 est
1674 3750 1994 3819 proximum.

416 3837 551 3900 Quid
580 3837 678 3892 hoc
705 3839 803 3892 sibi
834 3840 966 3907 vult,
997 3839 1062 3893 Et
1093 3841 1145 3894 in
1171 3852 1434 3911 conspectu
1459 3843 1754 3912 angelorum
1782 3843 1999 3912 psallam

415 3926 542 3980 tibi?
568 3927 719 3992 Quod
743 3930 956 3998 quidem
987 3931 1120 3985 alius
1141 3931 1274 3985 dixit
1297 3932 1580 4001 interpres,
1613 3931 1805 3999 Libere,
1835 3932 1995 3999 Deus,

417 4035 600 4071 canant
623 4029 690 4073 te.
725 4021 892 4085 Alius,
931 4020 992 4074 In
1022 4033 1292 4092 conspectu
1331 4023 1540 4078 deorum
1564 4025 1778 4079 cantabo
1802 4025 1914 4080 tibi.
1943 4027 1998 4082 Si

418 4126 548 4180 ergo
579 4112 722 4165 dicat
747 4113 964 4180 angelos
990 4114 1078 4182 qui
1108 4125 1230 4168 sunt
1261 4115 1313 4168 in
1341 4116 1515 4181 caelis,
1547 4126 1632 4171 est
1661 4117 1711 4171 id
1754 4118 1892 4187 quod
1922 4118 2001 4172 di-

418 4203 556 4255 citur
577 4203 837 4271 ejusmodi
864 4221 875 4254 :
903 4203 1151 4258 Conabor
1179 4220 1373 4260 cauere
1399 4221 1521 4261 cum
1549 4208 1771 4276 angelis,
1795 4217 1850 4264 et
1877 4225 1999 4264 cum

421 4294 498 4347 eis
525 4293 850 4348 contendere
871 4335 886 4360 ,
915 4307 967 4349 et
991 4296 1214 4350 choreas
1240 4296 1435 4352 ducere
1471 4313 1594 4353 cum
1628 4301 1874 4369 supernis
1903 4317 1998 4371 p0-

420 4386 723 4440 testatibus.
767 4387 877 4440 Etsi
907 4388 1049 4441 enim
1095 4398 1283 4442 natura
1316 4387 1588 4455 diﬁ‘eram,
1614 4391 1776 4446 animi
1823 4401 1998 4449 tamen

419 4478 710 4544 alacritate,
740 4489 796 4532 ut
824 4494 944 4532 cum
992 4479 1069 4534 eis
1108 4489 1251 4535 stare
1286 4481 1526 4551 possim,
1568 4482 1875 4538 decertabo.
1907 4484 2000 4540 Sin

419 4577 596 4621 autem
630 4570 950 4638 accipiamus
976 4571 1115 4641 quod
1152 4571 1349 4627 dictum
1380 4583 1461 4628 est
1483 4590 1548 4630 ex
1581 4575 1805 4630 aliorum
1833 4577 2001 4632 inter-

422 4662 739 4730 pretatione,
769 4663 978 4716 videtur
1022 4663 1148 4717 mihi
1191 4665 1369 4721 dicere
1407 4667 1474 4722 de
1516 4667 1915 4734 sacerdotibus,
1949 4667 2002 4723 id

420 4751 562 4818 quod
589 4750 655 4804 de
681 4751 779 4804 diis
805 4751 1014 4806 dicitur.
1043 4755 1350 4812 Soletenim
1376 4755 1646 4828 Scriptura
1668 4762 2000 4817 sacerdotem

421 4857 617 4895 vocare
651 4851 703 4896 et
731 4843 980 4912 angelum
1013 4855 1064 4898 et
1091 4846 1250 4900 deum
1287 4867 1300 4902 :
1341 4865 1484 4904 nunc
1513 4853 1726 4920 quidem
1769 4853 1950 4908 dicens
1983 4873 1998 4910 :

422 4935 534 4988 Diis
562 4952 662 4988 non
689 4936 976 5001 maledicos,
1006 4947 1052 4990 et
1078 4939 1293 5008 principi
1319 4942 1496 5009 populi
1516 4943 1588 4995 tui
1613 4959 1714 4997 non
1735 4946 2002 5000 maledices

426 5026 619 5095 (Exod.
656 5027 745 5080 22.
773 5028 864 5097 28)
891 5046 903 5080 ε
933 5044 1073 5083 nunc
1105 5037 1281 5084 autem
1317 5031 1527 5087 :Labia
1560 5036 1877 5090 sacerdotum
1905 5053 2002 5092 cu-

422 5121 640 5173 stodiant
673 5120 954 5190 judicium,
987 5130 1033 5173 et
1059 5137 1124 5174 ea:
1151 5137 1238 5174 ore
1280 5123 1390 5193 ejus
1427 5127 1687 5194 exquirent
1719 5129 1999 5197 justitiam,

421 5211 660 5278 quoniam
677 5221 748 5265 est
762 5213 970 5283 angelus
983 5210 1556 5284 Dominiomnipotentis
1571 5216 1823 5286 (Malae/2.
1843 5219 1898 5273 2.
1919 5220 1998 5289 7).

424 5302 479 5357 Si
506 5304 663 5358 liceat
695 5320 823 5374 ergo
861 5306 964 5359 hoc
999 5307 1070 5360 ita
1108 5308 1372 5377 accipere,
1400 5307 1526 5362 illud
1556 5319 1768 5381 oportet
1809 5312 2002 5368 intelli-

424 5411 546 5460 gere
579 5413 593 5450 :
618 5395 749 5450 Cum
778 5397 1163 5466 sacerdotibus,
1187 5400 1316 5468 ipsis
1337 5400 1708 5458 inchoantibus
1727 5413 1781 5460 et
1805 5420 2004 5474 praece-

423 5485 688 5553 dentibus,
714 5502 834 5540 cum
862 5503 927 5542 eo
946 5505 1051 5558 quo
1072 5506 1166 5560 par
1193 5502 1274 5545 est
1297 5491 1486 5547 ordine
1509 5509 1720 5562 sequar,
1741 5506 1794 5550 et
1813 5511 2001 5553 canam

430 5576 563 5631 tibi:
599 5578 852 5643 Quoniam
897 5581 1084 5634 audisti
1121 5583 1292 5636 omnia
1325 5585 1475 5637 verba
1519 5586 1621 5639 oris
1649 5589 1768 5641 mei.
1812 5588 2003 5644 Vidisti

425 5681 669 5737 magnam
695 5672 980 5739 gratiarum
1005 5675 1301 5730 actionem?
1333 5676 1509 5731 vidisti
1535 5671 1796 5735 summam
1827 5691 2002 5739 atten-

488 5781 559 5839 (a)
595 5787 704 5832 Haec
727 5785 1059 5846 interpretatio
1074 5791 1214 5850 juxta
1235 5802 1381 5852 quem
1404 5791 1467 5841 sit
1488 5792 1782 5854 ignoramus.

1116 366 1167 415 S.
1213 363 1486 417 “HNNIS
1526 355 2004 416 CHRYSOSTOHI
2049 360 2365 415 AIHIIHEI‘.
2407 358 2937 422 CONSTANTINOP.
3527 364 3613 427 403

2092 473 2329 526 tionem?
2355 473 2467 528 Non
2498 477 2946 544 quemadmodum
2977 481 3218 534 nonnulli
3253 481 3430 537 molles
3455 494 3502 538 ct
3527 487 3619 538 dis-

2089 563 2269 630 soluti,
2312 566 2400 634 qui
2431 575 2716 635 antequam
2761 568 2975 638 quidem
3015 571 3304 641 accipiant,
3346 582 3461 628 sunt
3485 575 3620 629 vehe-

2090 671 2330 726 mentes,
2363 670 2640 730 postquam
2683 673 2860 717 autem
2901 666 3224 734 acceperint,
3269 667 3623 735 languescunt:

2089 750 2183 804 sed
2214 751 2298 804 hic
2322 752 2534 820 quidem
2554 762 2607 807 et
2626 763 2908 823 antequam
2930 757 3214 827 acceperit,
3247 769 3412 829 urget,
3433 769 3482 814 ct
3500 773 3624 829 post-

2089 857 2247 910 quam
2290 844 2524 912 accepit,
2558 849 2780 916 perstat
2825 860 2989 915 agens
3035 850 3247 906 assidue
3287 850 3491 921 gratias.
3517 851 3630 906 Hine

2089 940 2263 985 autem
2283 933 2580 989 ostenditur
2598 949 2720 991 eum
2737 953 2897 1008 puras
2916 948 2970 995 et
2988 939 3216 1009 optimas
3238 954 3419 1010 preces
3437 939 3628 1004 fudisse.

2089 1037 2155 1076 ex
2181 1037 2247 1077 eo
2276 1025 2414 1092 quod
2458 1039 2488 1078 a
2527 1025 2636 1080 Deo
2661 1028 2731 1080 sit
2758 1027 2988 1083 auditus.
3037 1029 3148 1084 Hoc
3170 1030 3310 1084 enim
3352 1031 3563 1086 maxime
3585 1041 3633 1085 ut

2091 1112 2369 1168 audiamur
2397 1113 2581 1182 efﬁcit,
2602 1117 2814 1186 quando
2840 1133 3026 1188 preces
3050 1119 3099 1174 ei
3125 1129 3290 1191 gratae
3315 1119 3522 1177 iuerint.

2169 1204 2236 1258 Ut
2267 1221 2298 1258 a
2337 1204 2442 1260 Deo
2483 1209 2814 1264 exaudiamur
2842 1211 2899 1264 in
2936 1211 3076 1266 nobis
3111 1221 3204 1267 est.
3230 1241 3303 1256 --
3327 1213 3472 1269 Unde
3497 1214 3634 1269 etiam

2093 1305 2174 1350 est
2199 1297 2250 1350 in
2277 1306 2454 1352 nostra
2485 1307 2744 1368 potestate
2769 1309 2824 1355 ut
2847 1301 3142 1358 audiamur.
3167 1303 3388 1371 Quando
3411 1303 3543 1360 enim
3565 1319 3638 1374 pe-

2093 1389 2255 1444 timus
2283 1405 2400 1458 quae
2434 1405 2464 1444 a
2495 1391 2602 1446 Deo
2628 1391 2740 1446 dari
2773 1408 2867 1462 par
2889 1403 3002 1461 est,
3030 1395 3240 1466 quando
3264 1396 3421 1451 alacri
3449 1397 3635 1460 animo.

2091 1480 2302 1550 quando
2345 1496 2442 1536 nos
2485 1483 2780 1550 praebemus
2817 1482 3004 1555 dignos
3028 1485 3117 1555 qui
3146 1487 3490 1557 accipiamus,
3515 1488 3639 1543 audit

2092 1579 2341 1634 vocatus,
2374 1581 2427 1626 et
2464 1571 2648 1641 implet
2683 1573 2824 1643 quod
2863 1576 3074 1644 petitur.
3104 1577 3159 1630 2.
3189 1577 3419 1632 Adet-atto
3441 1578 3505 1633 ad
3534 1587 3638 1633 teat-

2093 1663 2234 1735 plum
2258 1672 2485 1717 sanctum
2511 1675 2671 1719 tuum.
2693 1666 2808 1722 Non
2835 1680 2916 1723 est
2941 1667 3043 1724 hoc
3065 1685 3272 1741 quoque
3297 1687 3453 1741 parva
3476 1673 3637 1736 virtus,

2092 1769 2250 1824 posse
2277 1755 2531 1824 templum
2571 1757 2859 1814 ascendere
2876 1799 2893 1825 ,
2917 1768 2970 1813 et
2996 1760 3370 1818 ascendentem
3394 1776 3507 1818 cum
3530 1777 3643 1834 pura

2092 1843 2316 1900 adorare
2342 1846 2686 1901 conscientia.
2709 1847 2823 1903 Non
2847 1850 2986 1904 enim
3012 1851 3226 1908 ﬂectere
3249 1867 3441 1924 genua,
3466 1869 3556 1910 nec
3577 1855 3644 1908 in-

2093 1935 2239 2006 gredi
2263 1977 2277 2000 ,
2306 1945 2388 1992 est
2417 1936 2470 1990 id
2498 1938 2638 2008 quod
2663 1939 2914 2009 quaeritur
2932 1981 2948 2008 ,
2977 1941 3071 1996 sed
3105 1957 3228 1999 cum
3267 1945 3379 2000 acri
3415 1953 3578 2001 mente
3601 1954 3644 2000 ct

2093 2026 2298 2082 intento
2325 2028 2504 2082 animo
2525 2070 2538 2096 ,
2569 2044 2673 2084 non
2700 2045 2924 2100 corpore
2949 2031 3120 2088 solum
3141 2074 3156 2099 ,
3189 2033 3285 2090 sed
3314 2045 3488 2092 mente
3507 2037 3642 2092 etiam

2095 2117 2239 2172 intus
2273 2133 2394 2173 esse
2421 2136 2436 2174 :
2463 2120 2908 2190 quemadmodum
2947 2137 3046 2179 nec
3088 2139 3249 2194 parva
3289 2135 3373 2181 est
3408 2126 3642 2198 dignitas,

2087 2209 2460 2265 universorum
2487 2209 2654 2266 Deum
2675 2221 2730 2266 ut
2751 2211 2906 2269 decet
2927 2214 3174 2272 adorare.
3202 2215 3258 2271 Si
3287 2218 3425 2272 enim
3454 2219 3504 2274 in
3529 2221 3645 2288 regi-

2093 2299 2193 2355 bus
2223 2299 2324 2356 hoc
2352 2315 2449 2372 pro
2477 2300 2679 2358 honore
2703 2302 2932 2369 ducitur,
2961 2307 3132 2362 multo
3157 2308 3326 2378 magis
3346 2309 3399 2364 in
3428 2309 3530 2364 Deo
3551 2309 3647 2362 nni-

2096 2406 2390 2447 versorum.
2421 2392 2488 2447 Et
2514 2395 2785 2463 conﬁtebor
2812 2396 3004 2450 nomini
3031 2407 3118 2452 tuo
3147 2415 3302 2469 super
3335 2401 3648 2456 misericordia

2097 2493 2183 2537 tua
2220 2492 2268 2538 et
2305 2485 2508 2540 veritate
2542 2493 2649 2540 tua.
2679 2484 2816 2554 Quid
2843 2485 2945 2542 hoc
2981 2489 3098 2544 est?
3126 2489 3294 2561 Agam
3316 2533 3331 2558 ,
3357 2491 3546 2562 inquit,
3571 2490 3647 2545 tibi

2094 2575 2290 2644 gratias
2313 2617 2328 2641 ,
2366 2575 2506 2646 quod
2551 2591 2794 2648 magnam
2842 2587 2983 2633 tuam
3033 2579 3137 2636 mei
3172 2595 3358 2637 curam
3396 2583 3644 2638 senserim.

2096 2665 2211 2720 Non
2241 2667 2381 2722 enim
2407 2682 2472 2723 es
2502 2669 2731 2738 propriis
2758 2679 2904 2726 recte
2939 2671 3092 2726 factis
3128 2684 3483 2744 consequutus
3517 2688 3645 2737 sum,

2098 2765 2156 2811 ut
2181 2758 2402 2826 patriam
2433 2758 2748 2828 reciperem,
2779 2769 2836 2815 et
2860 2763 3112 2832 templum
3138 2765 3451 2842 aspicerem,
3482 2764 3566 2818 sed
3589 2779 3645 2816 es

2097 2848 2458 2903 misericordia
2487 2858 2542 2904 et
2568 2850 2848 2906 clementia
2879 2859 2988 2906 tua.
3021 2852 3244 2924 Propter
3274 2854 3391 2910 haec
3417 2867 3466 2910 te
3489 2853 3648 2908 adma-

2098 2939 2166 2994 bo
2189 2979 2205 3006 ,
2234 2949 2451 3010 propter
2480 2939 2596 2996 haec
2621 2941 2714 2996 tibi
2741 2942 3059 3009 conﬁtebor,
3091 2945 3231 3014 quod
3270 2961 3393 3001 cum
3433 2960 3575 3016 poena
3605 2953 3649 2998 et

2099 3033 2358 3102 supplicio
2381 3033 2571 3104 dignus
2597 3049 2791 3101 essem,
2814 3045 2868 3091 et
2893 3045 2950 3091 ut
2976 3036 3028 3090 in
3054 3037 3227 3092 aliena
3253 3038 3469 3109 regione
3491 3051 3649 3107 perpe-

2099 3133 2191 3180 tuo
2218 3124 2489 3196 degerem,
2519 3142 2606 3183 me
2633 3128 2738 3184 cito
2763 3128 3041 3186 reduxis.i.
3068 3130 3321 3197 Quoniam
3349 3129 3653 3204 magniﬁcam

2097 3233 2250 3287 super
2276 3234 2420 3272 omne
2442 3235 2622 3274 nomen
2646 3231 2873 3276 sanctum
2894 3230 3053 3276 tuum.
3080 3222 3230 3290 Quod
3251 3224 3403 3291 dicit,
3428 3234 3506 3279 est
3529 3222 3650 3291 ejus-

2099 3311 2241 3366 modi
2274 3329 2287 3365 :
2320 3311 2436 3368 Non
2474 3327 2624 3382 agam
2669 3315 2812 3370 enim
2853 3316 3187 3372 solummodo
3224 3318 3425 3386 gratias
3464 3323 3652 3386 propter

2097 3401 2357 3457 beneﬁcia
2380 3443 2397 3467 ,
2426 3401 2521 3457 sed
2548 3403 2707 3458 etiam
2739 3414 2955 3475 propter
2993 3407 3157 3476 ipsam
3185 3403 3412 3477 gloriam
3439 3404 3649 3462 ineffabi-

2100 3493 2228 3559 lem,
2256 3501 2311 3550 et
2336 3494 2593 3549 inﬁnitam
2621 3496 3086 3566 magniﬁcentiam,
3114 3507 3170 3554 et
3193 3507 3435 3554 naturam
3465 3499 3654 3554 inenar-

2100 3586 2342 3640 rabilcm.
2373 3586 2712 3658 Magniﬁcain
2746 3590 2906 3654 enim,
2937 3590 3122 3660 inquit,
3155 3608 3310 3661 super
3338 3609 3479 3647 omne
3499 3604 3655 3645 nomen

2101 3685 2329 3731 sanctum
2356 3688 2497 3731 tuum
2525 3696 2544 3732 :
2573 3678 2676 3735 hoc
2709 3692 2812 3746 est,
2845 3696 2939 3751 per
2967 3681 3243 3748 beneﬁcia,
3279 3699 3376 3755 per
3397 3683 3652 3744 elementa,

2101 3783 2198 3838 per
2222 3783 2285 3824 ea
2310 3784 2428 3839 quae
2454 3779 2580 3825 sunt
2615 3771 2668 3825 in
2707 3771 2884 3836 caelis,
2915 3787 3012 3842 per
3037 3789 3099 3829 ea
3127 3789 3245 3844 quae
3272 3785 3398 3831 sunt
3426 3775 3476 3830 in
3503 3783 3651 3832 terra.

2103 3876 2199 3930 per
2227 3876 2444 3932 poenas,
2477 3879 2575 3934 per
2600 3878 2663 3920 ea
2691 3880 2809 3934 quae
2841 3864 2970 3920 ﬁunt
3003 3865 3058 3920 in
3095 3866 3277 3922 hostes
3299 3909 3314 3934 ,
3354 3882 3448 3938 per
3473 3881 3529 3921 ea
3555 3877 3652 3934 quae

2104 3951 2238 4006 ﬁunt
2275 3951 2329 4008 in
2368 3952 2673 4009 familiares.
2706 3954 2858 4010 Nulla
2898 3964 2981 4010 est
3016 3957 3156 4012 enim
3196 3973 3322 4027 pars
3349 3965 3588 4013 creatura:
3611 3961 3655 4006 et

2102 4060 2345 4114 supernae
2376 4054 2430 4102 et
2467 4045 2686 4102 infernae
2706 4089 2720 4113 ,
2752 4063 2870 4118 quae
2898 4064 3006 4104 non
3043 4050 3248 4105 emittat
3289 4064 3468 4106 vocem
3495 4045 3654 4119 quavis

2106 4137 2228 4191 tuba
2253 4135 2556 4201 clariorem,
2583 4138 2957 4208 praedicantem
2985 4141 3214 4196 nominis
3239 4143 3318 4198 tui
3345 4141 3654 4213 magniﬁcen-

2105 4228 2252 4281 tiam.
2287 4227 2411 4283 Sive
2456 4243 2584 4298 ergo
2628 4229 2846 4299 angelos
2883 4229 3115 4300 dixeris,
3146 4233 3262 4288 sive
3299 4231 3650 4300 archangelos.

2104 4321 2218 4375 sive
2245 4319 2518 4374 daemones
2539 4361 2554 4387 ,
2584 4321 2696 4376 sive
2723 4321 2985 4377 elementa
3015 4323 3342 4382 insensibilia
3364 4366 3379 4389 ,
3407 4323 3514 4380 sive
3547 4322 3652 4388 lapi-

2104 4409 2219 4475 des,
2243 4409 2356 4465 sive
2374 4412 2599 4478 semina,
2623 4411 2735 4466 sive
2761 4411 2949 4477 solem,
2976 4412 3086 4468 sive
3108 4413 3306 4479 lunam,
3329 4414 3441 4470 sive
3462 4423 3652 4472 terram»

2105 4501 2216 4555 sive
2243 4503 2428 4568 maria,
2457 4502 2569 4557 sive
2595 4501 2785 4571 pisces,
2815 4502 2926 4557 sive
2955 4502 3215 4571 volucres,
3247 4505 3360 4560 sive
3384 4505 3541 4569 lacus,
3561 4500 3654 4554 sive

2106 4591 2301 4658 fontes,
2331 4594 2446 4648 sive
2473 4591 2661 4648 ﬂuvios
2685 4612 2699 4648 :
2725 4608 2818 4663 per
2843 4594 3022 4650 omnia
3046 4610 3238 4650 nomen
3265 4604 3414 4651 tuum
3437 4604 3652 4664 magnum

2105 4687 2422 4741 ostenditur.
2458 4687 2606 4742 Alius
2646 4695 2822 4742 autem
2865 4702 2963 4757 pro
2991 4687 3119 4754 illo,
3159 4687 3498 4760 Magniﬁcasti
3528 4694 3654 4752 super

2106 4793 2253 4831 omne
2279 4795 2456 4833 nomen
2486 4787 2715 4833 sanctunt
2743 4787 2902 4845 tuttm,
2933 4780 3007 4834 ait
3032 4798 3048 4834 :
3077 4779 3416 4851 Magniﬁcasti
3442 4779 3561 4834 enim
3585 4789 3656 4826 stt-

2108 4887 2197 4940 per
2233 4872 2403 4924 omnia
2443 4872 2646 4925 nomina
2672 4881 2758 4925 tua
2784 4872 2990 4927 verbum
3017 4883 3180 4927 tuum.
3210 4871 3386 4936 Alius,
3415 4868 3654 4937 Eloquium

2108 4969 2270 5016 tuum.
2295 4961 2348 5016 ὅ.
2377 4960 2444 5015 In
2469 4978 2780 5033 quacumque
2805 4963 2888 5016 die
2920 4963 3210 5018 invocavero
3234 4973 3310 5028 te,
3338 4961 3555 5017 velociter
3579 4970 3653 5010 ατο

2108 5051 2233 5105 att-di
2259 5069 2356 5107 me.
2385 5053 2535 5108 Alius
2562 5055 2640 5123 (a)
2658 5095 2674 5120 ,
2707 5053 2773 5107 In
2803 5069 3112 5126 quacumque
3139 5055 3220 5110 die
3244 5054 3464 5108 invocavi
3490 5061 3556 5112 te,
3583 5060 3654 5099 ex-

2107 5143 2294 5197 audisti
2320 5160 2416 5198 me.
2450 5144 2561 5200 lloc
2584 5146 2743 5199 etiam
2776 5145 2914 5200 Deus
2939 5145 3200 5215 pollicitus
3224 5152 3305 5200 est
3323 5185 3338 5211 ,
3369 5143 3538 5199 dicens
3564 5155 3575 5190 :
3599 5134 3654 5187 lu

2107 5249 2420 5303 quacumque
2443 5235 2523 5288 die
2548 5236 2853 5290 invocaveris
2880 5252 2958 5290 me
2976 5278 2991 5303 ,
3021 5236 3286 5290 exaudiam
3311 5245 3359 5290 te
3375 5274 3390 5298 ,
3418 5243 3462 5288 et
3485 5231 3653 5288 dicam.

2109 5323 2243 5378 Ecce
2271 5325 2499 5394 loquente
2527 5335 2575 5380 te
2598 5326 2778 5380 adsum
2809 5325 2974 5398 (Isai.
3003 5329 3091 5384 58.
3121 5328 3211 5397 6).
3241 5327 3358 5396 Ipse
3382 5323 3546 5393 itaque
3570 5316 3653 5370 Ιιοε

2107 5415 2264 5484 petit.
2295 5415 2452 5470 Tales
2476 5416 2616 5470 enim
2644 5426 2771 5472 sunt
2799 5418 2990 5472 animus
3007 5460 3022 5485 ,
3053 5434 3170 5489 quae
3194 5417 3376 5473 dolore
3399 5413 3564 5482 aliquo
3583 5405 3648 5461 alo

2111 5506 2400 5562 ﬁciuntur:
2426 5508 2609 5562 volunt
2635 5509 2818 5564 videre
2856 5525 2914 5564 se
2952 5525 3110 5579 quam
3151 5509 3376 5580 primum
3414 5496 3648 5560 liberati:I

2109 5597 2284 5652 malis.
2311 5597 2672 5667 Multiplicabis
2693 5615 2770 5652 me
2791 5600 2844 5653 in
2863 5600 3033 5652 anima
3059 5615 3168 5654 mea
3193 5599 3366 5652 virtute
3384 5605 3485 5649 tua.
3507 5589 3648 5647 Alius:

2113 5687 2429 5741 Constituisti
2447 5689 2499 5741 in
2525 5690 2693 5742 anima
2715 5706 2824 5743 mea
2847 5692 3068 5745 virtutes.
3098 5691 3227 5746 Nam
3247 5688 3382 5762 quod
3408 5692 3483 5742 est
3507 5679 3646 5752 prius»

2177 5799 2250 5862 (a)
2286 5799 2369 5848 Hic
2390 5803 2636 5859 interpres
2657 5803 2766 5864 quis
2787 5802 2850 5851 sit
2873 5804 3103 5852 nescitur.
