3928 6410
235 365 339 422 ιω

169 438 184 532 l
237 478 440 534 ﬂandi
477 493 587 545 me,
615 478 750 534 alius
787 478 955 546 dixit,
986 477 1251 534 Eia-audisti
1287 495 1384 533 me.
1413 477 1548 546 Quid
1574 486 1656 533 est
1677 491 1804 546 ergo

233 569 374 638 quod
398 568 594 625 dictum
624 567 740 626 est?
763 569 892 637 Quae
923 578 1048 625 sunt
1084 569 1188 625 alta
1214 578 1268 626 et
1293 569 1534 624 sublimia
1561 568 1808 622 dicuntur

233 659 415 716 Graece
443 669 697 726 meteora,
722 675 752 715 a
781 661 944 716 verbo
969 667 1204 733 αῐρισθαι,
1227 668 1280 714 ει
1302 659 1620 715 elevationes
1644 657 1808 712 maris

229 751 477 806 dicuntur
495 750 686 806 ﬂuctus
709 758 762 806 ct
779 750 1146 818 exaltationes,
1168 751 1235 805 ab
1254 764 1318 804 eo
1341 748 1480 820 quod
1504 757 1588 802 est
1610 747 1806 802 elevari

230 851 286 898 et
310 841 555 898 exaltari.
578 842 712 899 Illud
737 858 862 914 ergo
883 854 1190 914 πολυωρήσεις
1215 836 1352 896 idem
1377 851 1460 897 est
1481 856 1544 895 ac
1568 841 1612 894 si
1636 840 1802 907 dicas,

233 936 496 993 Exaltabis
522 951 625 999 me,
654 936 890 990 Extolles
914 951 1016 991 me.
1047 935 1158 990 Hoc
1184 935 1354 1004 ipsum
1385 944 1558 989 autem
1583 933 1800 987 verbum

233 1029 406 1097 posuit
432 1029 572 1089 alibi.
593 1029 775 1083 dicens
797 1045 809 1080 :
834 1028 1123 1083 Secundum
1150 1026 1462 1080 altitudinem
1489 1037 1625 1080 tuam
1652 1035 1799 1079 extu-

228 1121 330 1175 listi
360 1116 488 1186 ﬁlios
530 1119 782 1172 hominum
813 1117 997 1187 (Psal.
1031 1119 1117 1172 il.
1145 1116 1233 1188 9),
1264 1117 1349 1170 ubi
1376 1125 1456 1171 est
1481 1115 1663 1170 Grazce
1688 1121 1804 1168 επο-

228 1219 463 1281 λυώρησοις
488 1228 500 1263 :
523 1209 624 1264 hoc
653 1217 768 1274 est,
800 1207 1030 1264 Elevasti
1049 1249 1064 1272 ,
1096 1207 1360 1263 Extulisti.
1391 1207 1462 1262 Ita
1491 1208 1647 1262 etiam
1672 1205 1807 1260 dixit

227 1300 354 1355 illud
376 1308 688 1371 τιτυλυς-φήσεις
709 1321 786 1367 με,
815 1309 873 1354 ιιι
897 1297 1236 1369 signiﬁcaret,
1262 1297 1508 1365 lmplebis
1531 1311 1615 1350 me
1639 1297 1804 1350 multo

224 1389 452 1461 gaudio,
491 1389 872 1459 sublimemque
910 1397 966 1443 et
1004 1397 1238 1443 erectum
1285 1387 1415 1442 mihi
1458 1385 1648 1441 reddes
1685 1385 1803 1439 ani-

225 1498 394 1549 suum,
421 1490 476 1537 et
497 1481 636 1552 quod
661 1489 743 1536 est
769 1478 1004 1536 omnium
1031 1480 1340 1545 maximum,
1370 1493 1476 1533 non
1501 1479 1644 1532 sines
1667 1476 1804 1531 hanc

225 1588 399 1628 meam
439 1571 812 1628 exultationem
855 1581 910 1627 et
955 1571 1186 1626 laztitiam
1236 1586 1356 1625 esse
1407 1568 1704 1640 languidam
1750 1577 1806 1624 et

225 1663 565 1729 imbecillam,
594 1663 687 1718 sed
713 1671 1001 1732 potentem,
1032 1661 1275 1724 validam,
1302 1661 1507 1715 ﬁrmam
1534 1669 1588 1716 et
1615 1661 1803 1714 immo-

224 1753 406 1808 bilem.
439 1753 549 1808 lloe
577 1753 717 1808 enim
743 1753 844 1808 sibi
872 1753 982 1808 vult
1015 1752 1160 1818 illud,
1195 1751 1419 1806 Extolles
1447 1767 1523 1805 me
1547 1751 1599 1804 in
1625 1750 1796 1804 anima

224 1861 335 1898 mea
362 1845 582 1914 potentia
611 1852 720 1897 tua.

294 1936 348 1990 2.
382 1936 587 2007 Afﬂictis
615 1934 749 1990 Deus
769 1935 929 1989 adest.
951 1965 1021 1975 -—
1044 1934 1154 1989 Hoc
1179 1945 1259 1990 est
1285 1943 1458 1990 autem
1487 1934 1627 2004 quod
1653 1934 1800 2003 dicit,

224 2026 462 2082 Extolles
489 2041 577 2080 me
620 2025 852 2094 potentia
876 2067 891 2092 ,
922 2025 1122 2080 viribus
1153 2026 1326 2096 eriges
1346 2067 1360 2091 ,
1393 2033 1449 2080 et
1487 2025 1613 2080 mihi
1643 2041 1798 2094 opem

223 2117 382 2171 feres.
431 2116 688 2183 Quocirca
731 2116 868 2171 alius
913 2131 1126 2187 quoque
1171 2117 1431 2187 interpres
1483 2116 1584 2171 hoc
1629 2117 1799 2186 ipsum

221 2208 532 2276 ostendens,
559 2208 714 2275 dixit,
741 2207 1052 2262 Constituisti
1089 2208 1272 2261 anime
1297 2222 1420 2260 mea:
1444 2207 1667 2261 virtutes.
1699 2208 1802 2261 lie-

221 2311 308 2356 cte
336 2309 511 2355 autem
548 2299 719 2366 dixit,
752 2300 948 2353 Anima:
973 2314 1128 2364 mea,
1160 2297 1302 2366 quod
1331 2307 1413 2353 est
1440 2297 1669 2353 maxime
1708 2298 1800 2352 Dei

224 2393 518 2462 preprium,
551 2405 794 2447 recreare
819 2391 1026 2446 animos
1054 2391 1106 2444 in
1131 2390 1521 2458 afﬂictionibus,
1549 2389 1802 2460 quemad-

220 2483 438 2538 modum
466 2482 627 2537 etiam
664 2483 841 2537 evenit
879 2483 930 2536 in
961 2481 1235 2550 apostolis.
1272 2481 1476 2551 Flagris
1504 2481 1642 2536 enim
1676 2482 1800 2536 caesi

222 2573 626 2628 revertebantur
643 2573 954 2644 gaudentes,
979 2575 1048 2627 ita
1071 2588 1253 2629 eorum
1277 2571 1575 2641 erigebatur
1594 2572 1801 2626 animus

220 2666 373 2732 (Act.
402 2665 455 2719 5.
483 2665 546 2719 4i
569 2665 610 2735 ).
648 2665 760 2719 Hoc
783 2672 864 2721 est
895 2664 976 2718 vel
1007 2663 1250 2718 maximae
1284 2662 1531 2732 potentiae
1561 2661 1654 2716 Dei
1680 2677 1800 2715 nni-

219 2771 352 2823 nus;
382 2756 482 2812 hoc
508 2757 559 2812 in
587 2757 774 2827 primis
791 2755 1022 2811 ostendit
1045 2755 1159 2823 ejus
1185 2755 1342 2818 vires,
1367 2752 1508 2824 quod
1533 2753 1586 2807 in
1611 2751 1800 2808 mediis

219 2851 376 2907 malis
408 2859 462 2906 et
499 2849 748 2921 periculis
780 2862 886 2903 non
922 2848 1046 2902 sinit
1070 2846 1224 2914 dejici
1252 2846 1507 2900 animum.
1543 2845 1595 2898 4.
1625 2843 1799 2912 Conﬁ-

218 2951 419 2998 teantur
441 2941 545 3008 tibi,
575 2940 808 3002 Domine,
837 2955 1006 2992 omnes
1032 2954 1170 3008 reges
1195 2949 1360 3003 terra,
1386 2937 1506 3004 quia
1533 2935 1802 2988 audierunt

217 3037 392 3090 omnia
420 3034 694 3088 verba-oris
726 3034 816 3086 tui.
854 3031 984 3086 Vide
1004 3046 1160 3100 quam
1187 3031 1254 3083 sit
1283 3030 1351 3098 pii
1378 3038 1431 3084 et
1453 3027 1590 3099 grati
1613 3027 1797 3083 animi.

219 3129 337 3183 Non
365 3127 492 3181 satis
518 3125 711 3191 habet,
741 3125 785 3179 si
812 3123 955 3178 solus
977 3131 1098 3192 agat
1120 3121 1313 3190 gratias
1331 3161 1346 3187 ,
1375 3119 1468 3175 sed
1496 3120 1654 3175 etiam
1681 3132 1799 3173 om-

223 3235 323 3276 nes
341 3220 426 3289 qui
450 3218 779 3273 dominatum
802 3215 1062 3280 obtinent,
1088 3221 1240 3267 vocat
1261 3210 1327 3265 ad
1353 3211 1659 3265 societatem
1679 3223 1800 3279 gra-

225 3312 414 3364 tiarum
437 3307 681 3372 actionis,
709 3313 764 3360 et
792 3306 935 3375 ipsos
958 3305 1116 3360 etiam
1138 3302 1223 3373 qui
1249 3309 1458 3372 gestant
1479 3299 1796 3356 diademata.

220 3402 336 3458 Etsi
359 3401 500 3456 enim
529 3413 718 3470 magna
746 3398 844 3463 sit,
877 3396 1078 3467 inquit,
1108 3411 1290 3452 eorum
1317 3395 1548 3465 potentia
1566 3434 1583 3462 ,
1613 3407 1800 3449 omnes

216 3492 318 3547 tibi
339 3502 514 3546 tamen
535 3489 738 3546 debent
757 3488 953 3560 gratias
977 3502 1134 3558 agere
1157 3501 1255 3558 pro
1281 3487 1344 3541 iis
1368 3487 1526 3541 etiam
1547 3501 1664 3556 qua:
1682 3485 1800 3540 aliis

216 3585 361 3641 facta
387 3591 528 3640 sunt.
559 3582 817 3651 Quocirca
847 3581 950 3636 hoc
976 3595 1187 3651 quoque
1211 3578 1510 3647 signiﬁcans
1529 3617 1544 3644 ,
1576 3577 1799 3647 subjun-

215 3675 298 3732 xit
317 3716 334 3743 ,
376 3674 657 3728 Audierant
692 3672 861 3727 omnia
898 3671 1043 3726 verba
1079 3671 1182 3725 oris
1217 3671 1307 3724 tui.
1348 3669 1404 3724 Si
1441 3683 1570 3739 ergo
1603 3668 1801 3738 gratias

213 3777 410 3840 agant,
446 3766 730 3838 plurimum
769 3764 895 3820 hinc
923 3763 1148 3818 fructum
1186 3761 1427 3832 capient,
1462 3771 1516 3815 et
1553 3775 1798 3829 magnum

216 3862 427 3916 lucrum
457 3859 668 3914 facient.
697 3856 844 3913 Talia
870 3856 1010 3910 enim
1041 3863 1127 3909 tua
1154 3853 1294 3908 dona
1321 3860 1447 3908 sunt
1472 3850 1716 3906 omnibus
1745 3851 1801 3906 in

213 3953 399 4010 medio
431 3952 697 4024 proposita
717 3991 734 4017 ,
764 3958 822 4006 ut
848 3949 938 4020 qui
970 3948 1185 4011 volunt,
1217 3945 1422 4015 possint
1457 3958 1578 3999 esse
1615 3957 1799 3998 eorum

211 4045 524 4117 participes,
551 4051 608 4099 et
629 4057 692 4099 ea
721 4041 1013 4113 percipere.
1043 4037 1252 4093 Nullam
1277 4050 1405 4106 ergo
1431 4042 1630 4089 tantam
1657 4033 1796 4088 utili-

213 4149 383 4194 tatem
414 4135 610 4208 poterit
641 4135 720 4189 eis
745 4147 966 4204 regnum
995 4129 1187 4184 aﬂ'erre
1205 4169 1222 4196 ,
1249 4135 1498 4198 quantam
1527 4135 1613 4180 tua
1639 4123 1799 4178 verba

210 4227 425 4284 audire.
461 4227 575 4282 Hoc
606 4233 689 4280 est
725 4223 804 4279 eis
840 4222 1128 4286 securitas,
1156 4219 1257 4274 hoc
1291 4218 1462 4283 vires,
1503 4215 1604 4271 hoc
1639 4229 1801 4270 orna-

209 4327 459 4376 mentum
478 4359 494 4383 ,
519 4317 621 4372 hoc
648 4316 812 4372 decus
835 4355 849 4378 ,
891 4313 992 4369 hoc
1033 4327 1254 4383 regnum
1277 4311 1293 4342 ¹
1315 4349 1330 4374 ,
1361 4309 1460 4365 hoc
1487 4319 1567 4364 est
1593 4306 1801 4376 imperii

211 4413 402 4468 [tetitia
422 4420 478 4467 et
503 4409 754 4481 potentia.
779 4409 833 4465 5.
858 4405 924 4460 Et
943 4413 1141 4458 cantent
1161 4404 1211 4458 in
1235 4402 1324 4457 viis
1339 4399 1606 4455 Domini”.
1627 4399 1796 4465 Alius,

213 4505 287 4561 Et
315 4513 513 4560 cantent
540 4504 644 4558 uias
665 4501 892 4557 Domini.
919 4499 973 4556 Si
997 4513 1126 4569 ergo
1152 4496 1312 4560 dicat,
1343 4497 1409 4550 In
1433 4496 1526 4550 uiis
1551 4494 1669 4558 tuis,
1698 4493 1801 4548 hoc

208 4608 304 4656 est
325 4597 466 4668 quod
490 4595 638 4660 dicit,
662 4595 719 4652 In
742 4593 947 4665 legibus
970 4593 1092 4656 tuis,
1115 4591 1169 4645 in
1188 4589 1350 4660 jussis
1375 4587 1500 4644 tuis.
1522 4585 1578 4642 Si
1598 4593 1798 4652 autem,

221 4689 352 4745 Vias
376 4699 508 4756 tuas,
537 4686 818 4752 Praeclara,
841 4683 1032 4754 inquit,
1060 4681 1176 4737 hac
1198 4691 1284 4736 tua
1309 4679 1444 4735 facta
1465 4678 1663 4743 dicant,
1689 4677 1803 4730 lau-

208 4781 388 4845 dent,
427 4779 702 4836 celebrent
744 4790 808 4831 ae
851 4773 1140 4845 praedicent
1170 4788 1185 4826 :
1217 4770 1320 4826 hoc
1358 4769 1500 4826 enim
1545 4767 1644 4823 sibi
1689 4766 1803 4820 vult

208 4870 371 4934 illud,
396 4869 626 4926 Conterit.
655 4867 909 4932 Quoniam
934 4879 1118 4935 magna
1142 4871 1214 4916 est
1238 4859 1401 4932 gloria
1428 4857 1635 4914 Domini
1658 4873 1676 4911 :
1702 4857 1806 4912 hoc

205 4973 338 5031 est,
367 4962 625 5020 Omnibus
659 4969 842 5030 aperta
865 4996 882 5024 ,
918 4955 1164 5012 omnibus
1205 4952 1520 5016 manifesta,
1557 4950 1806 5006 omnibus

211 5055 462 5121 evidens,
493 5062 672 5125 parata
701 5052 766 5108 ad
792 5049 1041 5106 omnibus
1061 5045 1316 5104 beneﬁcia
1347 5043 1666 5115 praestanda,
1688 5056 1808 5098 om—

211 5150 323 5202 nes
351 5144 550 5202 habens
578 5144 677 5200 sibi
706 5141 889 5214 gratias
918 5140 1133 5196 nomine
1157 5137 1437 5194 obnoxios.
1467 5136 1520 5192 6.
1553 5135 1806 5203 Quoniam

209 5240 445 5296 excelsus
473 5239 720 5294 Dominus
742 5278 758 5302 ,
782 5246 832 5291 et
856 5234 1067 5289 humilia
1103 5231 1322 5302 respicit.
1365 5230 1557 5312 Altus,
1595 5229 1809 5301 inquit,

211 5342 436 5398 natura,
462 5330 598 5386 altus
623 5327 939 5385 substantia.
958 5324 1063 5383 Sed
1086 5323 1188 5380 hoc
1208 5321 1422 5394 quidem
1443 5336 1584 5376 nunc
1601 5319 1802 5376 dictum

209 5431 308 5482 est
325 5463 341 5488 ,
369 5430 428 5478 ut
450 5437 510 5478 se
540 5420 608 5476 ad
636 5419 914 5478 Iudaicum
943 5417 1141 5472 cultum
1179 5412 1622 5470 accommodaret.
1651 5409 1808 5478 Quod

208 5525 404 5573 autem
429 5514 687 5587 sequitur,
712 5511 770 5570 id
793 5510 1029 5583 corrigit,
1059 5517 1114 5565 ει
1138 5505 1390 5563 humilem
1416 5505 1712 5562 auditorem
1735 5501 1807 5558 ad

281 5718 306 5752 s
341 5723 422 5766 ηε
445 5728 607 5774 ωορδ,
631 5713 718 5765 hoc
736 5725 952 5774 regnum,
978 5711 1156 5761 desunt
1178 5709 1228 5759 in
1244 5706 1432 5757 savilio.
1537 5765 1546 5774 _
1703 5765 1730 5774 Α,
1767 5765 1777 5774 υ

280 5781 306 5811 ’
339 5765 752 5845 ξιξ-ίιξέίξέπεη
786 5765 1046 5827 lectionem
1072 5779 1211 5824 LXX:
1239 5775 1294 5822 Et
1319 5774 1505 5822 cantent
1529 5765 1578 5819 in
1604 5765 1801 5818 canticis

211 5837 433 5895 Mitti.

1283 361 1630 421 EXPOSITIO
1669 361 1733 416 IN
1772 359 2094 416 PSALMUM
2133 363 2440 422 CXXXVII.

3391 375 3489 431 ill)

1927 493 2170 550 magnam
2196 481 2588 550 intelligentiam
2614 483 2784 553 erigit.
2814 485 2950 552 Quid
2981 486 3083 541 hoc
3106 498 3279 543 autem
3304 501 3404 555 est,
3431 492 3496 546 Et

1916 569 2021 622 alta
2041 585 2072 622 a
2094 571 2241 640 longe
2264 572 2555 639 cognoscit?
2575 571 2670 628 llic
2690 575 2830 628 enim
2851 573 2919 629 de
2947 577 3275 644 przescientia
3299 585 3491 650 agitur,

1914 659 2057 729 quod
2080 669 2164 714 est
2189 663 2435 730 potentia:
2465 663 2556 717 Dei
2599 666 2827 721 maxime
2867 667 3135 738 proprium
3167 686 3180 720 :
3213 682 3262 723 et
3293 671 3412 724 ideo
3441 673 3492 725 in

1920 749 2192 818 prapbetis
2227 764 2368 821 sepe
2412 752 2662 822 loquens,
2701 756 2824 810 hinc
2862 758 2913 811 in
2949 772 3042 811 eos
3081 759 3375 826 invehitur,
3404 764 3492 831 qui

1920 846 2167 894 tenentur
2194 855 2374 895 errore
2410 843 2836 899 simulacrorum.
2867 848 3032 913 Alius,
3061 845 3125 901 Et
3150 851 3284 919 quod
3306 851 3494 905 elatum

1914 937 2006 992 est,
2038 946 2068 982 a
2094 928 2242 1000 longe
2263 931 2514 986 discernit.
2544 935 2709 996 Alius,
2736 933 2801 987 Et
2820 937 3046 991 sublime.
3069 937 3326 1004 Quoniam
3347 941 3491 995 enim

1913 1020 2066 1086 dixit,
2093 1020 2338 1077 Excelsus
2362 1020 2632 1090 Dominus,
2659 1035 2704 1078 et
2729 1026 2935 1080 humilia
2957 1030 3173 1096 respicit,
3197 1031 3486 1099 sulijunxit,

1913 1112 1980 1166 Et
2007 1115 2110 1168 alta
2133 1131 2165 1168 α
2189 1116 2337 1185 longe
2362 1117 2632 1186 cognoscit,
2664 1117 2965 1187 signiﬁcans
2991 1136 3110 1174 eum
3141 1123 3243 1176 alta
3271 1137 3373 1176 non
3404 1137 3492 1176 so-

1912 1201 2185 1258 lummodo
2209 1219 2552 1273 cognoscere,
2579 1208 2672 1260 sed
2695 1208 2854 1261 etiam
2878 1223 2941 1261 ex
2974 1224 3162 1278 magno
3193 1212 3487 1276 intervallo,

1911 1293 2014 1350 hoc
2039 1304 2143 1364 est,
2174 1296 2478 1367 priusquam
2505 1299 2771 1361 eveniant,
2799 1299 3102 1370 priusquam
3129 1303 3487 1371 perﬁciantur,

1909 1389 2215 1458 priusquam
2243 1389 2296 1444 in
2334 1404 2468 1458 opus
2493 1397 2704 1444 exeant.
2733 1391 2787 1445 7.
2821 1389 2882 1445 Si
2907 1391 3224 1446 ambulavero
3251 1394 3300 1447 in
3327 1396 3488 1448 medio

1911 1475 2264 1545 tribulationis,
2297 1479 2567 1548 viviﬁcabis
2604 1495 2700 1534 me.
2741 1479 2855 1535 Non
2885 1480 3036 1546 dixit,
3076 1481 3490 1538 Tribulationent

1909 1571 2170 1641 expelles,
2193 1571 2306 1634 sed,
2331 1569 2385 1624 In
2409 1572 2536 1641 ipsis
2561 1572 2715 1626 malis
2739 1581 3036 1626 manentem
3061 1573 3348 1628 viviticabis
3373 1590 3486 1639 me;

1908 1661 2009 1717 hoc
2035 1669 2136 1728 est,
2163 1662 2367 1717 etiamsi
2396 1663 2447 1716 in
2479 1662 2709 1716 maxima
2744 1655 2973 1732 pericula
3007 1663 3262 1730 incidero,
3292 1666 3488 1732 poteris

1909 1767 1997 1806 me
2024 1766 2344 1806 conservare
2374 1769 2386 1805 :
2416 1751 2554 1821 quod
2581 1761 2664 1806 est
2693 1752 3031 1819 admirabile,
3073 1763 3128 1808 et
3164 1755 3332 1821 majus
3369 1769 3489 1809 om-

1908 1845 2053 1899 nium
2084 1844 2353 1914 opinione,
2383 1843 2523 1914 quod
2554 1859 2672 1898 cum
2701 1845 2928 1914 undique
2957 1847 3136 1899 hostes
3156 1855 3208 1900 ct
3228 1845 3365 1899 mala
3386 1847 3491 1900 cir-

1906 1945 2188 2001 cumstent,
2214 1935 2264 1990 in
2294 1945 2403 1990 tuto
2427 1935 2736 2000 collocetur,
2762 1936 2848 2004 qui
2871 1935 2936 1990 ab
2960 1935 3036 1990 eis
3061 1935 3486 1992 circumsidetur.

1907 2025 1972 2079 Et
2013 2042 2165 2096 super
2204 2027 2333 2079 iram
2373 2026 2688 2080 inimicorum
2737 2042 2960 2079 meorum
3005 2027 3268 2081 extendisti
3310 2044 3489 2081 manus

1905 2125 2038 2170 tuas.
2067 2118 2235 2182 Alius,
2261 2117 2509 2171 Adversus
2534 2117 2911 2187 respirationem
2935 2118 3246 2170 inimicorum
3269 2135 3488 2172 meorum

1905 2209 2140 2265 extendes
2165 2209 2260 2280 (a).
2285 2208 2474 2263 Vidisti
2497 2209 2778 2262 maximam
2802 2223 2920 2262 esse
2947 2210 3233 2278 potentiam
3258 2209 3307 2263 in
3334 2211 3489 2265 utris-

1904 2315 2007 2372 que
2037 2300 2312 2370 partibus?
2336 2299 2467 2354 Nam
2494 2309 2548 2354 et
2573 2313 2677 2363 me,
2700 2299 2890 2369 inquit,
2915 2300 3004 2369 qui
3029 2300 3079 2353 in
3103 2301 3348 2354 maximis
3370 2316 3486 2354 ver-

1904 2410 1995 2449 sor
2020 2394 2192 2459 malis,
2222 2407 2540 2448 conservare
2567 2391 2787 2461 poteris,
2815 2400 2869 2446 et
2894 2392 3011 2446 illos
3037 2390 3214 2446 furore
3238 2389 3488 2458 rabieque

1904 2485 2156 2554 percitos,
2185 2495 2238 2537 et
2267 2483 2440 2553 ignem
2472 2483 2754 2552 spirantes,
2780 2479 3014 2551 dejicere
3039 2490 3092 2535 et
3117 2481 3486 2550 comprimere.

1905 2576 1974 2630 Et
1994 2577 2187 2630 saluum
2218 2592 2297 2628 me
2336 2576 2453 2646 fecit
2492 2575 2699 2629 dextera
2735 2585 2841 2628 tua.
2871 2574 3054 2641 Alius,
3086 2572 3152 2628 Et
3191 2574 3384 2628 soluunt
3413 2591 3491 2626 me

1906 2669 2053 2741 faciet
2075 2668 2281 2722 dextera
2306 2677 2390 2719 tua
2416 2663 2514 2737 (ὁ),
2538 2665 2640 2720 hoc
2661 2674 2762 2732 est,
2791 2664 3026 2734 potentia
3053 2672 3160 2730 tua,
3186 2664 3354 2718 virtus
3377 2673 3484 2716 tua.

1905 2762 2017 2816 Deo
2053 2761 2196 2816 enim
2237 2767 2361 2814 sunt
2398 2758 2660 2828 expedita:
2694 2757 2794 2810 viae
2824 2770 3010 2812 omnes
3043 2767 3097 2811 et
3135 2756 3402 2821 rationes,
3435 2765 3489 2810 et

1903 2861 2079 2924 potest
2103 2852 2187 2906 vel
2213 2865 2274 2906 ex
2307 2850 2464 2904 rebus
2503 2848 2800 2919 desperatis
2837 2848 2902 2902 ad
2941 2848 3161 2902 salutem
3201 2847 3485 2901 adducere.

1904 2944 1958 2999 8.
1990 2943 2238 2997 Dominus
2264 2941 2500 2996 retribuet
2525 2957 2616 3010 pro
2641 2957 2737 2992 me.
2771 2939 2940 3004 Alius,
2970 2937 3162 3007 Eﬂiciet
3192 2936 3281 3008 (ο).
3318 2939 3484 3001 Alius,

1905 3035 2159 3104 Perﬁciet,
2193 3035 2292 3088 hoc
2321 3041 2421 3097 est,
2454 3031 2748 3088 Ulciscetur
2784 3030 3044 3084 ἰιιίιιιίευε.
3079 3028 3192 3082 Non
3221 3027 3356 3081 dixit
3389 3044 3486 3080 an-

1905 3138 2032 3192 tem,
2061 3125 2371 3190 Ulciscctur,
2397 3123 2513 3189 sed,
2541 3121 2814 3183 Retribuat,
2847 3119 3136 3174 ostendens
3161 3119 3300 3189 quod
3327 3119 3488 3172 etiam

1905 3220 1950 3275 si
1975 3221 2072 3273 sim
2102 3217 2290 3272 rationi
2317 3213 2601 3269 reddenda:
2624 3213 2901 3276 obnoxius,
2929 3213 3042 3280 ipse
3069 3211 3304 3265 exsolvet
3329 3219 3381 3264 et
3404 3225 3488 3262 su-

1911 3308 2170 3372 tislaeiet;
2202 3316 2283 3361 est
2310 3307 2450 3360 enim
2481 3303 2758 3373 benignus.
2787 3301 2968 3356 Potest
2991 3307 3167 3354 autem
3201 3299 3300 3353 hoc
3327 3298 3487 3353 etiam

1912 3403 2015 3458 dici
2055 3401 2122 3456 de
2156 3400 2222 3454 iis
2254 3412 2372 3469 qua:
2397 3412 2427 3450 a
2456 3395 2671 3450 Christo
2710 3408 2808 3462 pro
2842 3392 2995 3446 nobis
3027 3391 3162 3445 facta
3199 3399 3342 3445 sunt.
3371 3389 3489 3458 Ipse

1907 3493 2048 3550 enim
2076 3506 2172 3562 pro
2196 3467 2348 3544 nobis
2376 3485 2637 3542 retribuit.
2671 3482 2886 3537 Domine
2905 3523 2920 3547 ,
2951 3480 3292 3535 misericordia
3322 3488 3406 3532 tua
3433 3482 3487 3531 in

1903 3587 2163 3643 saeculum.
2210 3582 2377 3652 Opera
2415 3593 2657 3632 manuum
2700 3587 2899 3630 tuarum
2939 3589 3002 3627 ne
3037 3571 3304 3641 despicias.
3348 3571 3489 3624 Duas

1904 3680 2058 3735 altert
2090 3677 2350 3736 rationes,
2385 3687 2480 3726 cur
2503 3670 2694 3725 debeat
2723 3665 2932 3734 assequi
2959 3665 3073 3732 ejus
3101 3660 3433 3716 clementiam
3469 3675 3484 3710 ε

1905 3784 2062 3824 unam
2101 3765 2315 3838 quidem
2341 3803 2356 3827 ,
2389 3759 2528 3831 quod
2557 3761 2668 3828 ipse
2695 3758 2764 3812 sit
2790 3755 2960 3808 bonus
2988 3765 3042 3807 ει
3070 3752 3369 3806 misericors
3389 3791 3403 3814 ,
3433 3759 3488 3802 ει

1903 3859 2116 3915 assidue
2141 3856 2476 3914 misericors,
2510 3859 2567 3903 ut
2596 3860 2883 3916 numquam
2914 3845 3354 3909 interrumpatur,
3387 3853 3487 3893 nec

1871 3951 2148 4012 -desinat,
2191 3959 2289 4000 nec
2329 3941 2484 3996 cedat
2524 3939 2640 4010 ejus
2684 3935 2965 3992 clementia
3000 3951 3012 3987 :
3043 3931 3265 3987 alteram
3307 3939 3485 3983 autem

1907 4042 2048 4113 quod
2078 4041 2189 4109 ipse
2214 4037 2282 4091 sit
2309 4034 2530 4090 Creator
2554 4039 2609 4085 et
2637 4026 2844 4098 Opifex.

1979 4130 2327 4189 Misericordia
2352 4125 2451 4180 Dei
2476 4140 2578 4179 non
2615 4121 2766 4176 datur
2799 4116 3252 4174 indiscriminatim.
3282 4145 3352 4155 —
3377 4113 3485 4168 Sed

1904 4221 2348 4298 quemadmodum
2374 4217 2442 4272 ab
2467 4216 2546 4272 eis
2570 4211 2770 4269 servari
2798 4209 3063 4273 volumus,
3098 4208 3167 4260 ita
3194 4207 3353 4260 etiam
3379 4204 3484 4258 mi-

1904 4293 2192 4374 sericordia
2227 4311 2443 4380 dignum
2480 4305 2606 4377 quid
2643 4301 2985 4358 ostendamus
3011 4298 3028 4369 (
3045 4297 3212 4351 Exod.
3241 4297 3328 4350 55.
3358 4293 3484 4359 l9).

1906 4406 2182 4463 Miserebor
2209 4403 2375 4469 enim,
2405 4397 2594 4468 inquit,
2620 4396 2765 4465 cujus
2790 4389 3059 4446 miserebor
3085 4387 3256 4459 (Rom.
3285 4385 3338 4440 9.
3370 4386 3484 4454 l5).

1903 4500 2019 4556 Non
2061 4497 2206 4553 enim
2245 4487 2706 4548 indiscriminatim
2747 4497 2870 4538 eum
2910 4479 3053 4536 subit
3088 4474 3483 4537 misericordia,

1905 4589 2001 4647 sed
2039 4589 2152 4658 ipse
2189 4584 2347 4641 etiam
2386 4579 2616 4648 aliquam
2650 4571 3042 4630 distinctionem
3079 4567 3316 4622 adhibet.
3347 4565 3400 4658 Si
3435 4564 3493 4618 id

1904 4681 2046 4737 enim
2059 4654 2272 4732 laceret
2298 4663 2776 4728 indiseriminatim,
2807 4675 2966 4717 nemo
2995 4672 3242 4727 umquam
3271 4654 3488 4726 punire-

1907 4783 2008 4828 tur.
2038 4768 2296 4837 Quocirca
2324 4777 2430 4817 non
2461 4757 2632 4814 solum
2659 4755 2913 4811 faciamus
2938 4766 3000 4805 ea
3026 4763 3144 4819 quae
3172 4754 3398 4816 oportet,
3431 4753 3487 4800 ut

1907 4858 2322 4921 misericordiam
2364 4863 2792 4922 consequamur,
2828 4843 2923 4900 sed
2962 4843 3121 4898 etiam
3151 4839 3274 4910 quia
3310 4854 3339 4892 a
3375 4838 3492 4892 Dee

1906 4954 2028 5011 facti
2055 4966 2258 5007 sumus.
2288 4947 2423 5003 Eum
2449 4943 2592 4999 enim
2616 4939 2705 5010 qui
2734 4953 2762 4992 a
2791 4938 2899 4993 Deo
2923 4943 3132 4991 creatus
3159 4939 3260 4996 est,
3285 4938 3340 4985 et
3367 4937 3484 4981 tan-

1908 5058 2019 5103 tum
2047 5044 2229 5099 habuit
2255 5038 2509 5110 Opiﬁcem
2535 5043 2590 5090 et
2617 5033 2816 5102 Regem
2835 5070 2851 5096 ,
2877 5034 3088 5098 Oportet
3121 5038 3180 5078 se
3209 5022 3275 5076 ita
3300 5034 3488 5089 gerere

1907 5149 1965 5195 ut
2010 5137 2148 5193 illius
2187 5147 2314 5190 cura
2352 5139 2406 5186 et
2443 5124 2771 5198 providentia
2812 5135 2872 5176 se
2912 5134 3018 5173 non
3058 5129 3178 5171 esse
3214 5111 3493 5180 indignum

1907 5231 2169 5290 ostendat.
2196 5226 2253 5283 Si
2277 5225 2392 5281 haec
2419 5221 2694 5284 iaciamus,
2715 5216 2852 5271 bona
2879 5211 3054 5266 futura
3077 5218 3486 5272 consequemur,

1906 5341 2026 5399 qua:
2055 5321 2210 5379 nobis
2237 5317 2509 5385 contingat
2534 5311 2768 5378 assequi,
2795 5304 2963 5376 gratia
2985 5311 3042 5358 et
3066 5297 3349 5399 clementia
3379 5295 3488 5394 Do-

1907 5385 2038 5474 ιίιίηί
2078 5411 2244 5469 nostri
2281 5409 2409 5464 .lesu
2431 5403 2630 5460 Christl
2653 5440 2669 5466 ,
2694 5398 2779 5454 cui
2806 5395 2973 5466 gloria
2999 5401 3053 5451 ει
3088 5387 3407 5460 imperium,
3435 5385 3497 5440 in

1908 5511 2101 5570 macula
2130 5503 2465 5563 saeculorum.
2498 5497 2689 5552 Amen.

1971 5691 2044 5752 (a)
2079 5695 2198 5752 Haec
2212 5667 2948 5752 interpretationest‘sxmmaehi‘:

2081 5729 2306 5813 iiiftiér‘n'
2330 5729 2574 5813 interpres
2598 5741 2684 5813 est

2079 5793 2134 5861 ili
2150 5793 2472 5867 interpretes
2485 5801 2568 5863 qui
2591 5800 2690 5849 sint
2710 5793 2969 5845 tieschnus.
