3928 6394
393 315 491 373 bII

794 424 860 481 IN
897 418 1222 479 PSALMUM
1261 414 1591 473 CXXXVIII.

751 561 803 613 1.
849 552 917 609 In
944 555 1127 624 ﬁnem,
1158 551 1380 606 victoria:
1413 549 1625 603 auctori.

638 672 882 739 Domine,
910 668 1131 741 probasti
1154 685 1251 737 me,
1273 674 1321 724 et
1341 666 1617 738 cognovisti
1644 681 1739 719 me.

470 789 520 842 1.
555 785 818 852 Quomodo
845 801 962 851 vox,
994 783 1253 854 probasti,
1276 781 1339 837 de
1373 779 1484 834 Deo
1524 777 1848 851 intelligenda
1885 777 1982 841 sit;

396 879 549 933 sessio
575 888 620 931 et
648 877 942 934 resurrectio
972 875 1126 945 quid;
1158 872 1252 928 Dei
1280 872 1614 943 prascicntia.
1644 900 1712 910 —
1735 867 1872 936 Quid
1897 867 1981 921 di-

396 971 518 1024 cis?
548 971 694 1025 novit
724 971 886 1036 Deus,
918 977 1197 1040 postquam
1227 966 1467 1036 probavit
1496 981 1512 1023 :
1540 974 1822 1033 antequam
1853 978 1980 1032 pro-

398 1063 540 1116 bavit
566 1073 743 1118 autem
765 1103 780 1128 ,
820 1076 926 1115 non
957 1059 1148 1115 novit?
1178 1059 1347 1113 Absit.
1373 1055 1649 1125 Quomodo
1679 1055 1820 1109 enim
1846 1094 1861 1117 ,
1890 1051 1981 1122 qui

398 1155 576 1209 omnia
620 1154 767 1209 novit
805 1162 1087 1222 antequam
1134 1149 1363 1204 fierent?
1398 1147 1490 1202 sed
1533 1146 1660 1201 illud
1691 1187 1705 1213 ,
1750 1143 1982 1198 Probasti

401 1261 480 1299 me
509 1244 693 1316 (Dan.
725 1245 810 1302 15.
843 1243 915 1300 42
940 1242 960 1316 )
981 1285 995 1307 ,
1036 1242 1297 1313 significat
1319 1282 1335 1306 ,
1362 1240 1447 1296 Me
1486 1241 1717 1311 perfecte
1764 1236 1979 1293 novisti.

399 1335 860 1407 Quemadmodum
900 1336 1042 1389 enim
1086 1333 1397 1405 Apostolus,
1443 1330 1654 1403 quando
1692 1328 1819 1384 dicit
1859 1344 1983 1383 eum

398 1428 562 1482 corda
589 1428 813 1482 scrutari
841 1426 861 1499 (
886 1427 1034 1485 Rom.
1061 1428 1113 1483 8.
1141 1426 1246 1493 27)
1268 1468 1284 1489 ,
1315 1440 1421 1479 non
1452 1423 1863 1495 ignorationem,
1886 1421 1983 1477 sed

400 1518 690 1587 perfectam
719 1520 1074 1590 cognitionem
1105 1518 1407 1589 significans
1429 1518 1531 1571 hoc
1550 1516 1709 1571 dicit:
1731 1516 1801 1569 ita
1822 1515 1982 1569 etiam

398 1609 488 1664 hic
511 1624 630 1663 cum
661 1610 822 1678 dicit,
859 1608 1099 1667 Probasti
1121 1625 1216 1674 me,
1244 1608 1697 1664 evidentissimam
1723 1606 1985 1676 signiﬁcat

398 1702 755 1770 cognitionem
782 1744 796 1766 ,
837 1703 939 1759 hoc
977 1711 1093 1767 est,
1121 1701 1198 1754 Tu
1240 1717 1324 1755 me
1362 1702 1593 1770 perfecte
1633 1700 1792 1754 nosti.
1821 1699 1874 1753 2.
1906 1698 1984 1753 Tu

397 1794 673 1865 cognovisti
702 1794 968 1849 sessionem
996 1809 1155 1846 meam
1182 1803 1226 1847 et
1249 1793 1656 1847 resurrectionem
1680 1808 1861 1844 meant.
1883 1790 1985 1846 Per

398 1888 690 1942 sessionem
719 1896 772 1942 et
792 1885 1234 1942 resurrectionem
1263 1899 1476 1939 omnem
1497 1883 1657 1938 vitam
1686 1882 1980 1953 significat;

398 1975 451 2029 in
482 1975 563 2029 his
592 1975 735 2032 enim
764 1984 871 2031 tota
898 1966 1003 2029 vita
1041 1984 1221 2030 nostra
1257 1975 1534 2040 consistit;
1566 1973 1825 2039 actiones,
1858 1989 1986 2043 ope-

397 2069 654 2135 rationes,
684 2069 952 2139 ingressus
972 2077 1026 2123 et
1053 2068 1247 2123 exitus.
1277 2067 1478 2121 Deinde
1501 2067 1752 2136 quoniam
1773 2065 1906 2121 dixit
1930 2066 1983 2120 in

396 2161 677 2231 principio,
704 2159 944 2217 Probain
970 2177 1047 2215 me
1074 2175 1093 2215 :
1120 2175 1186 2216 ne
1214 2159 1335 2229 quis
1363 2158 1521 2229 paulo
1547 2158 1986 2214 inconsideratior

396 2261 609 2321 putaret
632 2267 755 2307 eum
777 2266 936 2308 nosse
965 2267 1028 2306 ex
1057 2251 1389 2321 probatione,
1419 2250 1503 2304 vel
1532 2265 1596 2304 ex
1620 2265 1796 2304 rerum
1821 2266 1983 2320 expe-

396 2345 610 2409 rientia,
642 2354 921 2413 proliterea
948 2342 1090 2413 quod
1115 2342 1277 2406 dixit,
1306 2340 1385 2396 Tu
1414 2343 1688 2413 cognovisti
1714 2344 1985 2396 sessionem

397 2450 579 2499 nteant,
603 2449 648 2490 et
677 2438 1088 2491 resurrectionem
1108 2451 1289 2498 nteant,
1312 2434 1432 2488 vide
1452 2434 1716 2503 quomodo
1740 2434 1791 2489 id
1816 2435 1986 2489 corri-

397 2529 473 2598 git
509 2544 603 2598 per
634 2528 682 2582 id
713 2527 853 2597 quod
892 2527 1159 2596 subjungit
1181 2568 1194 2591 ,
1232 2525 1417 2581 dicens
1444 2568 1458 2592 ,
1502 2527 1555 2580 5.
1588 2525 1665 2579 Tu
1692 2526 1985 2580 intellexisti

397 2620 723 2689 cogitationes
742 2635 876 2673 meas
902 2636 933 2671 a
962 2620 1126 2688 longe.
1160 2619 1263 2673 Per
1290 2618 1390 2673 hoc
1411 2618 1553 2672 enim
1580 2617 1983 2685 significatcum

400 2728 505 2767 non
553 2727 709 2767 nosse
742 2728 839 2782 per
877 2712 1243 2782 probationem
1268 2751 1286 2776 ,
1324 2726 1497 2780 neque
1525 2724 1660 2779 opus
1699 2710 1898 2765 habere
1929 2718 1986 2764 ut

400 2806 609 2874 probet,
634 2805 726 2860 sed
755 2820 849 2859 sua
878 2803 1191 2875 prtcsciendi
1222 2803 1469 2858 facultate
1495 2803 1634 2858 scire
1660 2803 1861 2857 omnia.
1883 2803 1983 2869 Qui

398 2897 539 2950 enim
570 2896 716 2949 novit
752 2896 1101 2966 cogitationes
1139 2905 1259 2965 qttre
1300 2895 1353 2949 in
1389 2906 1567 2949 mente
1598 2903 1722 2948 sunt
1756 2894 1941 2964 posita:
1964 2934 1983 2961 ,

398 3004 504 3042 non
528 3002 664 3058 opus
686 2987 845 3042 habet
866 2995 924 3041 ut
952 2986 1138 3056 probet
1164 3001 1258 3055 per
1277 3000 1462 3056 opera.
1491 2988 1821 3057 Quamquam
1849 2986 1987 3041 alio-

399 3082 486 3150 qui
516 3096 620 3135 non
643 3079 815 3135 solum
839 3094 934 3135 eas
957 3079 1105 3135 novit
1127 3078 1253 3133 dum
1281 3079 1338 3132 in
1368 3088 1546 3133 mente
1566 3089 1866 3153 versantur,
1889 3079 1985 3135 sed

399 3172 557 3227 etiam
590 3173 896 3241 priusquam
921 3171 1123 3227 versari
1151 3171 1446 3241 incipiant:
1486 3187 1585 3227 nec
1622 3172 1797 3228 solum
1831 3182 1985 3229 ante-

398 3279 557 3334 quam
600 3263 800 3319 versari
847 3264 1139 3333 incipiant,
1184 3264 1276 3319 sed
1312 3264 1472 3318 etiam
1514 3264 1672 3334 longo
1700 3275 1823 3320 ante
1853 3275 1988 3319 tem-

400 3371 548 3425 pore.
584 3354 653 3408 Et
678 3354 798 3410 ideo
824 3356 939 3409 haec
960 3354 1143 3410 volens
1172 3353 1470 3425 signiﬁcare
1492 3396 1507 3419 ,
1535 3355 1810 3425 subjunxit
1832 3356 1983 3424 illud,

402 3445 723 3509 Intellexisti
745 3445 1072 3516 cogitationes
1114 3462 1251 3501 meas
1290 3445 1556 3518 de'longe.
1601 3448 1656 3503 Si
1686 3464 1814 3518 ergo
1842 3450 1989 3504 novit

400 3538 562 3592 etiam
604 3537 951 3608 cogitationes
978 3538 1117 3594 Deus
1141 3577 1157 3603 ,
1185 3552 1281 3593 cur
1319 3536 1520 3593 inducit
1545 3554 1664 3594 eam
1686 3580 1701 3603 ,
1737 3556 1855 3611 quas
1895 3556 1990 3609 per

401 3645 564 3697 Opera
596 3627 684 3692 fit,
716 3628 1081 3698 probationem
1102 3628 1126 3683 i
1146 3628 1264 3685 Non
1294 3636 1354 3683 ut
1382 3630 1495 3699 ipse
1524 3628 1626 3685 hoc
1654 3631 1862 3701 discat,
1890 3633 1988 3688 sed

401 3733 461 3777 ut
481 3738 575 3779 eos
601 3723 690 3794 qui
719 3723 804 3777 illa
829 3723 1097 3779 sustinent
1121 3722 1374 3793 probatos
1408 3721 1626 3778 efficiat.
1655 3724 1991 3795 Cognoverat

402 3817 544 3871 extim
575 3816 676 3873 Job
702 3825 826 3873 ante
853 3816 1254 3886 experientiam,
1282 3824 1338 3870 et
1364 3813 1486 3871 ideo
1513 3814 1567 3870 id
1596 3816 1885 3872 testabatur
1909 3818 1991 3873 di-

402 3921 531 3962 cens
560 3924 574 3961 :
611 3905 779 3961 Homo
805 3908 999 3977 justus,
1025 3922 1198 3975 verax,
1236 3907 1351 3976 pius
1378 3906 1535 3979 (Job.
1565 3906 1619 3962 2.
1649 3907 1746 3978 5).
1772 3907 1877 3964 Sed
1907 3910 1990 3964 in-

403 3997 555 4053 duxit
576 3998 980 4067 experientiam,
1004 4006 1064 4053 ut
1087 4007 1142 4053 et
1166 3998 1316 4053 illum
1344 3996 1594 4054 redderet
1617 3998 1914 4067 fortiorem,
1937 4010 1993 4056 et

405 4092 603 4148 diaboli
631 4093 971 4163 redargueret
996 4093 1413 4163 improbitatem,
1436 4102 1493 4149 et
1511 4093 1645 4150 alios
1671 4096 1786 4165 ejus
1810 4111 1995 4153 exem-

406 4185 496 4255 plo
525 4184 774 4240 meliores
812 4183 1079 4239 redderet.
1111 4184 1180 4239 Et
1206 4183 1335 4254 quid
1366 4184 1578 4239 miraris
1606 4185 1650 4241 si
1680 4185 1782 4242 hoc
1809 4189 1995 4243 fecerit

408 4278 460 4331 in
474 4276 595 4342 Job,
613 4290 733 4330 cum
755 4276 926 4345 ipsum
952 4274 1110 4331 faciat
1124 4276 1285 4332 etiam
1302 4276 1353 4331 in
1373 4279 1775 4347 peccatoribus?
1794 4282 1996 4350 Aperte

409 4370 553 4425 enim
584 4369 786 4425 sciebat
813 4369 1071 4424 Ninivitas
1099 4385 1203 4423 non
1234 4384 1354 4426 esse
1382 4370 1571 4441 dignos
1604 4372 1693 4441 qui
1735 4375 1991 4441 perirent,

409 4465 502 4520 scd
526 4480 619 4536 per
637 4464 1125 4536 plenitentiameos
1154 4463 1404 4522 meliores
1425 4464 1666 4532 futuros;
1691 4466 1893 4523 inducit
1919 4478 1998 4523 ta-

411 4570 532 4615 men
552 4565 712 4617 etiam
733 4576 828 4632 per
850 4576 937 4618 res
948 4560 1363 4632 experientiam;
1389 4569 1443 4615 et
1463 4559 1659 4630 ubique
1678 4561 1841 4616 multa
1864 4577 1999 4631 prae-
2052 4548 2055 4551 ’

414 4649 504 4706 bet
525 4663 833 4722 argumenta
854 4652 1245 4709 evidentissima
1267 4668 1378 4731 sua:
1397 4666 1541 4709 cura:
1560 4662 1613 4709 et
1627 4654 1994 4724 providentiae,

416 4755 521 4797 non
548 4752 827 4797 contentus
852 4758 945 4797 sua
975 4744 1297 4815 cognitione.

489 4833 815 4889 Prtescientia
842 4835 939 4889 Dei
964 4834 1213 4890 hominem
1241 4837 1424 4890 bonum
1452 4845 1539 4891 aut
1568 4838 1759 4893 malum
1792 4856 1892 4894 non
1913 4839 1997 4910 fa-

419 4929 511 4983 cit.
542 4958 613 4968 -—
637 4927 992 4993 Quamobrem
1034 4927 1245 4983 dicebat
1286 4944 1498 5000 quoque
1534 4921 1847 5001 Unigenitus
1879 4949 1892 4983 :
1937 4932 2000 4988 Si

417 5038 516 5075 non
545 5019 677 5092 facio
704 5035 860 5089 opera
897 5017 1070 5073 Patris
1098 5020 1195 5073 mei
1214 5061 1230 5083 ,
1259 5036 1321 5073 ne
1356 5021 1479 5074 mihi
1502 5021 1689 5075 credite
1714 5038 1732 5075 :
1759 5023 1804 5076 si
1831 5032 2000 5076 autem

417 5113 570 5180 facio,
599 5112 692 5165 etsi
714 5111 837 5166 mihi
861 5127 961 5165 non
984 5109 1220 5177 credatis,
1248 5111 1478 5181 operibus
1496 5112 1682 5167 credite
1701 5112 1879 5186 (Joun.
1909 5115 1997 5169 IO.

416 5202 505 5257 57.
538 5203 607 5259 58
626 5202 667 5275 ).
695 5204 829 5271 Quia
867 5204 1012 5260 enim
1042 5204 1289 5275 permulti
1319 5205 1409 5275 qui
1445 5213 1567 5259 sunt
1608 5206 1885 5259 crassioris
1915 5206 2001 5261 in-

417 5295 557 5363 genii
581 5337 596 5361 ,
636 5304 692 5351 et
714 5296 862 5352 nullo
888 5296 999 5353 fere
1028 5311 1188 5352 sensu
1218 5296 1419 5366 prmditi
1444 5338 1458 5360 ,
1494 5296 1656 5349 multa
1685 5295 1869 5350 dicunt
1899 5297 2000 5350 bu-

421 5385 669 5455 iusntodi,
700 5403 893 5458 nempe
915 5389 1056 5445 hunc
1081 5390 1257 5456 elegit,
1292 5389 1432 5443 hunc
1458 5387 1673 5452 dilexit,
1704 5387 1853 5443 illum
1878 5389 2003 5443 odio

422 5476 623 5542 habuit,
653 5488 707 5533 et
736 5489 1016 5550 propterea
1045 5481 1129 5535 hic
1156 5481 1368 5552 quidem
1397 5481 1565 5535 malus
1589 5523 1605 5547 ,
1634 5481 1726 5536 ille
1747 5496 1875 5536 vero
1904 5481 2003 5536 bo-

423 5579 524 5622 nus
550 5568 717 5621 evasit
745 5587 758 5623 :
786 5585 849 5624 ex
881 5571 1039 5625 rebus
1066 5571 1194 5640 ipsis
1219 5571 1502 5641 persuadet
1532 5614 1548 5638 ,
1590 5572 2005 5643 uniuscujusque

424 5655 614 5711 borum
641 5661 954 5717 sententiam
979 5664 1249 5733 corrigens
1275 5707 1288 5731 ,
1316 5673 1370 5720 et
1395 5652 1446 5718 in
1478 5664 1709 5720 medium
1738 5664 2006 5720 adducens

415 5749 791 5819 probationem
823 5767 917 5820 per
942 5764 1101 5824 opera
1126 5797 1141 5827 ,
1176 5767 1230 5813 et
1265 5759 1569 5827 pronuntiat
1600 5757 1816 5830 quidem
1844 5756 2003 5816 etiam

1069 307 1127 365 S.
1169 302 1446 362 JOANNIS
1483 293 1957 358 CHRYSOSTOMI
1998 291 2316 350 ARCHIEP.
2356 290 2896 350 CONSTANTINOP.

3572 291 3669 347 M2

2090 415 2372 475 antequam
2418 419 2506 460 res
2542 404 2823 471 eveniant,
2856 404 2998 459 hunc
3034 403 3232 459 virtute
3272 401 3553 474 [traditum
3576 445 3593 471 ,
3618 415 3671 460 ut

2089 496 2202 566 ejus
2219 496 2529 567 prmsciendi
2552 497 2853 553 facultatem
2876 496 3171 568 intelligant
3198 495 3473 569 :adjungit
3497 509 3673 554 autem

2089 588 2247 641 etiam
2292 587 2660 657 probationem
2687 606 2807 659 qua:
2852 588 2912 644 fit
2936 603 3033 659 per
3060 604 3223 660 opera
3247 630 3264 658 ,
3292 604 3360 645 ne
3383 590 3503 661 quis
3530 588 3674 645 dicat

2090 678 2248 748 paulo
2280 679 2723 735 inconsideratior
2753 696 2876 736 eum
2917 680 3079 736 talem
3119 695 3241 737 esse
3281 691 3503 752 propter
3536 698 3673 751 pne.

2087 772 2388 827 scientiam.
2432 772 2600 828 Porro
2638 772 2758 828 vide
2795 771 3065 843 quomodo
3106 772 3301 829 Paulus
3332 774 3437 829 hoc
3475 773 3675 845 signifi-

2088 871 2191 926 cat,
2218 862 2404 918 dicens
2433 880 2446 915 :
2477 862 2605 917 Cum
2633 865 2766 918 enim
2793 864 3022 918 nondum
3043 864 3153 919 nati
3174 865 3389 936 fuissent
3411 906 3424 930 ,
3455 881 3545 920 nec
3571 866 3681 918 ali-7

2087 953 2211 1023 quid
2232 953 2350 1007 boni
2371 963 2459 1007 aut
2479 954 2600 1008 mali
2624 956 2875 1027 fecissent,
2893 964 2947 1009 ut
2966 955 3065 1011 Dei
3085 956 3362 1012 secundum
3385 957 3682 1012 electionem

2090 1044 2401 1114 propositum
2429 1055 2671 1114 maneret,
2703 1063 2805 1101 non
2834 1063 2902 1103 ex
2932 1049 3187 1119 operibus,
3216 1048 3305 1104 sed
3336 1064 3401 1104 ea:
3429 1060 3684 1115 manu,

2088 1138 2278 1192 dictum
2303 1150 2373 1194 est
2399 1139 2445 1193 ei
2468 1180 2483 1207 ,
2510 1141 2647 1211 quod
2673 1142 2840 1212 major
2861 1142 3039 1196 serviet
3063 1142 3246 1197 minori
3275 1142 3465 1213 (Rom.
3494 1142 3546 1199 9.
3575 1144 3684 1198 il-

2091 1233 2215 1302 15).
2258 1232 2441 1302 Neque
2466 1233 2608 1288 enim
2642 1232 2902 1289 factomm
2930 1235 3105 1291 exitus
3127 1243 3211 1290 est
3237 1235 3638 1307 exspectandus
3666 1277 3687 1300 ,

2089 1322 2183 1378 sed
2212 1324 2372 1377 etiam
2399 1333 2522 1378 ante
2555 1339 2619 1379 ea
2646 1324 2794 1380 novit
2832 1324 2948 1394 ipse
2979 1340 3103 1381 eum
3138 1326 3229 1397 qui
3267 1325 3437 1380 malus
3458 1367 3475 1391 ,
3500 1335 3555 1381 et
3586 1327 3693 1396 qui

2091 1431 2196 1471 non
2240 1416 2359 1471 talis
2406 1427 2490 1473 est
2539 1416 2767 1473 futurus.
2812 1416 3063 1474 Semitam
3107 1434 3271 1472 meam
3308 1426 3355 1471 et
3393 1418 3690 1490 funiculum

2089 1526 2258 1564 meum
2301 1511 2607 1582 investigasti
2632 1552 2648 1578 ,
2675 1512 2727 1566 4.
2758 1520 2805 1566 et
2846 1526 3020 1565 omnes
3057 1511 3164 1565 vias
3202 1526 3339 1565 meas
3370 1510 3690 1581 prandisti.-

2090 1601 2547 1670 Quemadmodum
2588 1603 2884 1658 sessionem
2928 1609 2984 1656 et
3026 1602 3471 1657 resurrectionem
3515 1609 3697 1655 vocat.

2091 1693 2229 1749 facta
2264 1711 2330 1749 ex
2364 1696 2754 1750 consuetudine
2781 1711 2796 1747 :
2824 1693 3021 1750 etenim
3052 1706 3152 1749 nos
3176 1694 3337 1749 etiam
3363 1708 3503 1763 saepe
3528 1692 3691 1748 dici-

2091 1803 2211 1843 mus
2241 1806 2253 1843 :
2290 1788 2385 1843 llic
2414 1788 2578 1851 novit,
2609 1786 2875 1858 quomodo
2901 1785 3086 1854 sedet,
3110 1794 3164 1841 et
3190 1785 3456 1857 quomodo
3482 1787 3693 1856 surgit,

2093 1889 2347 1935 testantes
2373 1880 2490 1948 ejus
2516 1880 2806 1950 perfectam
2834 1879 3081 1935 notitiam
3114 1896 3128 1933 :
3160 1880 3234 1934 ita
3275 1880 3362 1934 bic
3394 1879 3551 1934 etiam
3583 1894 3692 1933 se-

2090 1974 2273 2028 mitam
2313 1980 2368 2026 et
2411 1971 2705 2027 funiculum
2745 1972 2876 2028 dicit
2911 1971 3214 2028 universam
3252 1972 3368 2042 ejus
3395 1972 3577 2025 vitam.
3618 1971 3699 2025 Et

2091 2065 2212 2121 ideo
2238 2065 2507 2136 sulijungit
2538 2085 2553 2122 :
2590 2065 2654 2119 Et
2676 2082 2850 2121 omnes
2877 2067 2983 2121 vias
3008 2081 3145 2120 meas
3179 2066 3470 2137 prtevidisti.
3502 2065 3698 2120 Porro

2090 2159 2219 2215 illud
2244 2202 2259 2225 ,
2294 2159 2616 2231 Investigasti
2630 2201 2645 2228 ,
2670 2174 2781 2215 non
2807 2168 2892 2216 est
2916 2158 3033 2230 ejus
3057 2158 3147 2230 qui
3172 2160 3364 2228 quaerit
3386 2198 3400 2222 ,
3432 2173 3527 2213 nec
3550 2157 3695 2226 ejus

2089 2256 2178 2324 qui
2208 2263 2496 2319 scrutatur,
2525 2253 2621 2309 sed
2647 2253 2765 2323 ejus
2789 2253 2879 2323 qui
2907 2252 3054 2307 novit
3078 2251 3330 2322 perfecte.
3359 2249 3468 2305 Hoc
3493 2258 3695 2304 autem

2089 2348 2380 2403 ostendens
2408 2347 2682 2417 subjunxit
2706 2388 2722 2413 ,
2752 2345 3044 2401 Prteridisti
3065 2362 3084 2399 :
3110 2345 3215 2401 hoc
3239 2353 3323 2401 est
3344 2386 3358 2409 ,
3389 2354 3691 2414 antequam

2091 2440 2283 2495 fierent
2312 2439 2449 2496 nosti
2477 2438 2653 2493 omnia
2693 2438 2829 2493 facta
2871 2438 3009 2493 bona
3037 2446 3093 2492 et
3120 2435 3278 2491 mala.
3315 2436 3446 2504 Quia
3472 2452 3573 2490 non
3604 2446 3697 2490 est

2090 2530 2236 2585 dolus
2268 2532 2321 2584 in
2359 2530 2536 2602 lingua
2560 2545 2691 2586 mea.
2731 2527 2883 2583 Alius
2907 2570 2923 2595 ,
2951 2527 3296 2582 Contradictio
3325 2526 3423 2600 (a),
3450 2526 3560 2581 Hoc
3594 2537 3696 2583 est

2091 2622 2378 2676 maximum
2402 2619 2611 2673 virtutis
2630 2618 2900 2681 indicium,
2927 2617 3028 2674 hoc
3053 2626 3137 2673 est
3158 2632 3363 2672 somnia
3389 2617 3691 2685 bonorum,

2091 2717 2194 2772 hoc
2216 2727 2298 2772 est
2332 2715 2475 2787 quod
2503 2714 2745 2771 Christus
2780 2714 3013 2769 maxime
3051 2712 3277 2781 requirit
3303 2711 3517 2766 dicens:
3552 2709 3694 2766 Nisi

2091 2807 2448 2863 convertamini
2478 2816 2525 2860 et
2564 2804 2848 2876 eﬂiciantini
2875 2804 3004 2857 sicut
3028 2802 3225 2871 parvuli
3249 2843 3264 2868 ,
3291 2818 3391 2857 non
3420 2802 3692 2871 ingredie-

2091 2902 2216 2955 mini
2249 2902 2301 2954 in
2337 2914 2547 2970 regnum
2585 2897 2824 2952 ctelorum
2865 2895 3079 2966 (Matth.
3106 2894 3191 2950 18.
3222 2894 3294 2964 5)
3327 2894 3692 2963 :simplicita-

2092 3002 2200 3048 tem
2226 3032 2242 3054 ,
2284 2990 2640 3047 innocentiam
2663 3030 2677 3051 ,
2709 2995 2763 3043 et
2788 2988 2856 3042 ab
2897 2986 3042 3042 omni
3084 2985 3208 3041 dolo
3243 3000 3307 3040 ac
3335 2985 3690 3041 simulatione

2090 3085 2443 3142 remotioncm
2475 3082 2802 3152 significans.
2823 3078 3085 3146 Quocirca
3113 3078 3384 3146 imperitos
3405 3085 3460 3130 et
3482 3075 3692 3132 idiotas

2090 3181 2251 3250 elegit
2276 3186 2329 3233 et
2354 3177 2486 3233 dixit
2511 3195 2524 3230 :
2555 3175 2808 3242 Conﬁteor
2827 3173 2934 3238 tibi,
2954 3171 3132 3235 Pater,
3154 3172 3272 3242 quia
3292 3170 3551 3224 ocrultasti
3567 3170 3692 3223 have

2091 3290 2124 3326 a
2151 3270 2460 3341 sapientibus
2491 3277 2541 3321 et
2569 3266 2963 3337 intelligenlibus
2981 3305 2998 3330 ,
3033 3273 3079 3318 et
3113 3263 3342 3317 revelasti
3367 3278 3427 3317 ea
3454 3264 3692 3332 paruulis

2093 3363 2305 3433 (Matth.
2336 3363 2422 3416 11.
2440 3358 2555 3431 25).
2581 3358 2713 3414 Vide
2738 3367 2915 3412 autem
2941 3373 2956 3410 :
2984 3372 3088 3410 non
3111 3354 3262 3419 dixit,
3284 3355 3416 3422 Quia
3441 3355 3687 3423 suscepi,

2092 3467 2145 3513 et
2176 3456 2305 3526 ejeci
2332 3455 2547 3519 dolum;
2586 3451 2716 3517 sed,
2744 3449 2895 3517 Quod
2922 3464 3028 3503 non
3068 3448 3160 3503 fuit
3198 3460 3466 3517 umquam,
3505 3461 3690 3515 neque

2092 3547 2328 3617 linguam
2352 3559 2525 3599 meam
2550 3541 2784 3609 suscepit
2810 3540 2894 3594 hic
2918 3539 3155 3603 morbus,
3183 3552 3283 3592 nec
3308 3537 3359 3591 ei
3384 3538 3511 3591 vitio
3538 3537 3691 3593 ullus

2093 3653 2343 3709 umquam
2370 3636 2466 3692 fuit
2490 3635 2557 3690 ad
2583 3650 2667 3689 me
2687 3633 2879 3688 aditus.
2909 3632 2963 3687 5.
2993 3629 3139 3694 Ecce,
3163 3628 3395 3694 Domine,
3414 3639 3469 3682 tu
3486 3645 3690 3700 cogno-

2093 3734 2207 3787 visti
2235 3732 2405 3796 omnia
2431 3728 2701 3783 novissima
2727 3734 2773 3779 et
2798 3725 3024 3794 antiqua.
3053 3722 3169 3777 Non
3207 3721 3556 3792 cogitationes
3587 3737 3717 3776 βο».

2096 3827 2227 3893 lum,
2258 3825 2447 3897 inquit,
2479 3821 2640 3886 nosti,
2669 3834 2767 3874 nec
2791 3818 3030 3874 actiones
3055 3856 3069 3880 ,
3102 3829 3202 3870 nec
3226 3815 3342 3869 vias
3369 3828 3518 3869 meas
3536 3855 3554 3878 ,
3582 3814 3715 3869 sed.

2095 3919 2273 3976 omnia
2301 3934 2418 3989 quae
2447 3916 2661 3971 fuerunt
2685 3922 2741 3967 et
2769 3912 2941 3967 futura
2966 3918 3108 3966 sunt.
3140 3907 3220 3963 Tu
3248 3908 3482 3979 formasti
3508 3924 3605 3973 me,
3632 3917 3691 3962 et

2098 4011 2307 4083 posuisti
2331 4024 2483 4078 super
2500 4024 2581 4061 me
2608 4020 2814 4058 manum
2833 4012 2992 4055 tuam.
3022 4002 3068 4056 A
3093 4000 3407 4070 prmsciendi
3435 3998 3691 4056 facultate

2098 4103 2310 4159 transiit
2335 4101 2402 4157 ad
2431 4098 2649 4155 creandi
2686 4103 3008 4168 potestatem
3033 4135 3049 4160 ,
3078 4101 3134 4148 et
3165 4105 3353 4147 rursus
3392 4107 3424 4146 a
3463 4091 3690 4147 creandi

2097 4202 2363 4268 potestate
2389 4191 2455 4247 ad
2486 4187 2802 4261 pmsciendi
2839 4186 3162 4241 facultatem.
3189 4182 3305 4238 Non
3339 4183 3509 4238 solum
3536 4182 3687 4237 enim

2099 4305 2199 4347 nos
2224 4288 2372 4356 fecit,
2409 4300 2534 4341 cum
2561 4299 2668 4339 non
2694 4295 2957 4346 essemus,
2986 4277 3081 4335 sed
3110 4276 3350 4334 etiamin
3375 4276 3488 4347 jam
3513 4275 3691 4333 factos

2098 4382 2306 4439 obtinet
2330 4378 2633 4448 imperium.

2169 4477 2224 4531 2.
2254 4475 2380 4531 Hmc
2406 4483 2629 4544 utraque
2647 4472 2715 4527 de
2736 4470 2951 4526 Christo
2975 4467 3171 4523 Paulus
3192 4474 3438 4533 testatur,
3465 4467 3649 4523 dicens
3667 4484 3685 4521 :

2102 4569 2442 4640 Multifariam
2467 4566 2735 4637 multisque
2761 4562 2924 4617 modis
2949 4559 3087 4613 Deus
3116 4559 3237 4614 olim
3267 4558 3503 4627 loquutus
3528 4560 3693 4627 patri-

2099 4662 2190 4716 bus
2208 4662 2262 4715 in
2289 4657 2561 4731 prophetis.
2585 4657 2639 4709 in
2658 4653 2892 4709 extremis
2906 4652 3080 4707 diebus
3100 4649 3333 4722 loquutus
3362 4660 3437 4704 est
3464 4649 3606 4703 nobis
3632 4650 3690 4703 in

2101 4753 2261 4819 Filio,
2282 4767 2428 4823 quem
2446 4749 2610 4821 posuit
2631 4745 2862 4801 heredem
2878 4747 3123 4799 omnium.
3147 4740 3347 4797 Deinde
3361 4740 3691 4811 subjungens

2101 4847 2231 4903 dicit
2276 4845 2434 4900 etiam
2478 4839 2745 4911 opificium
2778 4855 2791 4890 :
2831 4834 2936 4891 Per
2977 4850 3125 4905 quem
3162 4833 3278 4905 fecit
3311 4834 3462 4887 etiam
3503 4834 3690 4887 serrula

2106 4936 2291 5015 (Hebr.
2314 4938 2365 4990 1.
2396 4937 2447 4990 1.
2474 4932 2572 5006 2).
2608 4932 2675 4987 Et
2702 4944 2822 4985 cum
2845 4928 2914 4984 de
2938 4928 3053 4998 ejus
3082 4925 3380 4981 substantia
3406 4924 3690 4979 disseruis-

2102 5040 2216 5097 set,
2257 5039 2312 5084 et
2348 5026 2604 5091 dixisset,
2634 5022 2732 5090 Qui
2757 5038 2872 5075 cum
2900 5020 2963 5074 sit
2990 5017 3230 5089 splendor
3257 5016 3464 5088 glorite,
3498 5026 3544 5070 et
3566 5017 3689 5071 cha-

2103 5134 2266 5182 racter
2292 5121 2584 5178 substanliw
2600 5119 2711 5189 ejus
2738 5114 2900 5188 (Ibid.
2929 5129 2975 5167 v.
3000 5114 3035 5170 5
3058 5114 3098 5182 ),
3131 5111 3366 5166 ostendit
3389 5110 3550 5165 etiam
3574 5108 3688 5174 ejus
3706 5126 3715 5152 ι

2106 5214 2417 5289 prscsciendi
2443 5211 2749 5267 facultatem
2773 5249 2789 5274 ,
2820 5206 3024 5271 dicens,
3057 5202 3121 5258 Et
3150 5204 3319 5273 ferens
3348 5201 3520 5255 omnia
3545 5202 3689 5253 verbo

2107 5307 2365 5379 potestatis
2385 5314 2514 5359 sate.
2543 5301 2611 5357 Et
2638 5298 2705 5355 ad
2725 5298 3075 5354 Colossenses
3099 5295 3340 5351 scribens
3367 5295 3483 5349 lucc
3508 5292 3688 5349 eadem

2104 5417 2293 5458 rursus
2319 5398 2452 5453 dixit
2483 5414 2497 5450 :
2532 5394 2782 5460 Quoniam
2819 5391 2874 5444 in
2908 5407 2966 5444 eo
3008 5397 3176 5444 creata
3212 5398 3332 5442 sunt
3376 5387 3546 5441 omnia
3583 5399 3690 5455 qua

2106 5503 2224 5550 sunt
2246 5494 2300 5546 in
2321 5491 2458 5545 cretis
2485 5496 2530 5543 et
2557 5501 2672 5557 quia
2693 5485 2748 5538 in
2774 5493 2936 5548 terra,
2967 5482 3069 5536 sive
3095 5482 3301 5545 throni,
3331 5476 3686 5545 sivedomina-

2110 5588 2289 5650 tiones,
2312 5585 2414 5639 sive
2433 5580 2768 5655 principatus,
2789 5576 2893 5631 sive
2908 5581 3195 5645 potestates,
3209 5571 3381 5626 omnia
3400 5587 3490 5641 per
3505 5570 3684 5640 ipsum,

2174 5700 2247 5762 (τι)
2279 5704 2392 5762 Haec
2417 5694 2754 5762 ῖςιιονρςεξιεηίο
2795 5692 2844 5762 in
2868 5685 3688 5762 quietam.e¥emP'3!ll‘P§5§P"

2116 5747 2287 5813 πλέὡο
2307 5747 2557 5810 tribuitur:
2575 5755 2701 5805 Vide
2731 5747 2900 5803 notaui
2915 5750 2973 5800 ad
2998 5750 3123 5800 hunc
3149 5747 3315 5799 locum
3334 5747 3385 5798 in
3407 5747 3651 5812 Hexaplis.
