3928 6400
125 401 222 481 as

118 549 163 593 et
183 542 235 591 in
263 515 384 606 ipso
405 544 571 589 creata
597 542 739 600 sunt,
767 535 874 605 ipse
899 542 972 588 est
1000 543 1116 588 ante
1151 533 1323 588 omnia
1360 529 1383 604 (
1399 529 1598 586 Coloss.
1629 527 1685 582 1.

117 631 203 685 16.
233 627 363 698 17).
413 624 538 680 ilice
581 633 704 680 sunt
741 625 856 694 ejus
891 623 1107 679 creandi
1145 624 1442 693 potestatis.
1482 617 1687 674 Deinde

112 721 415 775 facultatem
444 716 755 786 prmsciendi
781 716 1103 786 significans,
1123 715 1413 785 subjungit.
1436 713 1500 768 Et
1515 713 1687 768 omnia

109 816 160 868 in
187 814 296 881 ipso
325 812 599 866 consistunt
623 807 830 880 (lbid.).
849 805 1084 875 Utraque
1105 808 1218 864 huic
1239 822 1424 862 rursus
1451 807 1686 864 Joannes

107 919 321 974 quoque
360 902 650 957 ostendens
690 901 897 956 dicebat
928 942 942 964 ,
986 901 1171 954 Omnia
1210 916 1299 972 per
1335 900 1501 970 ipsum
1546 903 1685 970 facta

104 1004 240 1059 sunt,
261 1004 307 1047 et
326 993 433 1048 sine
445 994 555 1062 ipsa
575 995 762 1065 factum
785 1002 856 1046 est
881 993 1008 1046 nihil
1032 991 1206 1062 (Joan.
1232 992 1283 1047 1.
1299 993 1376 1064 5).
1397 992 1507 1046 Hoc
1527 991 1678 1058 dixit,

103 1085 406 1154 signiﬁcans
420 1085 765 1139 creationem.
784 1085 979 1139 Deinde
994 1086 1374 1154 providentiam
1397 1105 1410 1140 :
1424 1083 1536 1138 Vita
1551 1093 1678 1152 erat,

101 1189 146 1230 et
165 1179 266 1229 vita
287 1187 393 1230 erat
409 1178 498 1230 tua:
513 1178 771 1230 hominum
789 1175 946 1246 (Ibid.
966 1193 1010 1230 υ.
1029 1177 1104 1246 4).
1124 1177 1231 1231 Iloc
1245 1177 1403 1232 etiam
1423 1175 1677 1246 propheta

99 1273 184 1326 hic
211 1272 536 1342 significans,
567 1273 712 1338 dicit,
744 1271 817 1325 Tu
840 1273 1071 1344 formasti
1091 1289 1184 1327 me.
1214 1271 1327 1326 Hoc
1353 1282 1433 1328 est
1458 1271 1674 1342 Opificii.

98 1364 238 1416 Dixit
280 1365 441 1417 etiam
477 1363 525 1417 id
562 1363 700 1433 quod
738 1373 820 1418 est
857 1350 1203 1433 providbntias
1235 1383 1247 1417 :
1276 1363 1506 1420 Posuisti
1529 1381 1681 1435 super

95 1471 172 1506 me
196 1471 402 1507 manum
427 1464 584 1507 tuam.
612 1455 748 1520 Quid
777 1463 877 1520 est,
911 1453 1181 1509 Posuisti?
1207 1455 1383 1526 Regis,
1410 1456 1673 1521 contines,

91 1546 370 1614 componis
394 1587 409 1612 ,
441 1555 496 1600 et
524 1555 720 1614 portas.
753 1545 904 1613 Quod
937 1547 1109 1617 ipsum
1141 1562 1353 1617 quoque
1376 1547 1574 1601 Paulus
1603 1546 1678 1601 si-

88 1636 353 1706 gnificans
375 1677 390 1701 ,
424 1636 556 1691 dixit
585 1655 598 1690 :
629 1635 697 1690 In
720 1637 830 1705 ipso
870 1637 1110 1703 uiuimus,
1139 1647 1185 1691 et
1214 1653 1485 1702 movemur,
1513 1647 1559 1692 et
1583 1654 1677 1696 su,

85 1746 203 1782 mus
227 1730 246 1799 (
267 1730 378 1783 Act.
414 1729 500 1783 17.
526 1727 656 1799 28).
687 1728 802 1784 Non
832 1730 1002 1785 solum
1030 1730 1172 1785 enim
1201 1731 1253 1785 in
1281 1745 1346 1786 eo
1374 1729 1516 1801 quod
1545 1729 1670 1787 facti

83 1837 294 1888 sumus,
323 1822 414 1876 sed
439 1822 596 1876 etiam
624 1823 675 1876 in
703 1837 768 1877 eo
793 1823 931 1892 quod
959 1823 1261 1878 exsistimus
1279 1833 1334 1879 et
1358 1839 1633 1880 manemus
1653 1865 1668 1890 ,

81 1917 327 1985 potentia
364 1915 480 1985 ejus
521 1930 654 1984 opus
694 1915 973 1971 habemus.
1019 1916 1074 1971 6.
1120 1915 1374 1972 Mirabitis
1419 1919 1562 1988 facta
1599 1926 1670 1973 est

81 2008 298 2060 scientia
331 2016 416 2059 tua
443 2023 506 2060 ea:
540 2023 617 2060 me
647 2008 974 2076 :confortata
1002 2017 1109 2074 est,
1160 2019 1208 2062 et
1241 2025 1342 2063 non
1387 2018 1563 2074 potero
1600 2009 1670 2063 ad

75 2115 212 2150 eam.
231 2097 404 2161 Alius,
431 2095 651 2166 Superat
665 2114 742 2151 me
753 2096 848 2170 (a).
865 2097 968 2154 Pro
983 2114 1049 2154 eo
1069 2109 1245 2154 autem
1260 2100 1398 2169 quod
1415 2108 1516 2167 est,
1533 2099 1669 2155 Con-

76 2191 270 2258 {artata
301 2196 392 2247 est,
420 2186 572 2249 alius,
603 2186 890 2241 Admodum
920 2188 1055 2242 elata
1081 2197 1171 2244 est.
1203 2189 1353 2257 Quod
1381 2199 1557 2244 autem
1584 2190 1666 2244 di-

73 2278 168 2340 cit,
189 2286 276 2331 est
297 2276 552 2346 ejusmodi
574 2292 588 2330 :
609 2277 674 2331 Et
690 2287 775 2332 tua
801 2276 950 2334 fruor
973 2280 1320 2349 providentia,
1342 2289 1396 2336 et
1421 2281 1664 2350 quamvis

71 2370 243 2423 sciam
276 2381 332 2422 to
364 2363 538 2422 o‘mnia
571 2373 820 2438 praescire
846 2413 862 2437 ,
903 2382 956 2428 et
986 2388 1071 2427 me
1098 2387 1164 2427 ex
1194 2387 1300 2428 non
1328 2375 1662 2430 exstantibus

36 2509 38 2512 ,
70 2461 268 2517 fecisse
303 2479 319 2516 :
351 2457 640 2530 perfectam
666 2471 840 2520 tamen
866 2473 921 2520 et
947 2465 1281 2523 manifestam
1309 2483 1416 2523 non
1445 2483 1662 2538 possum

69 2553 278 2608 habere
306 2555 378 2608 tui
405 2556 758 2626 cognitionem
782 2597 798 2622 ,
828 2557 922 2612 sed
962 2558 1219 2615 mirabilis
1245 2559 1380 2616 facta
1408 2570 1524 2628 est,
1560 2561 1661 2616 hoc

69 2654 153 2699 est
175 2686 193 2710 ,
228 2647 538 2714 superavit,
565 2647 793 2702 exaltata
823 2656 908 2703 est
945 2663 1106 2718 super
1133 2665 1238 2717 me,
1269 2651 1491 2706 validior
1516 2651 1652 2708 facta

68 2751 150 2792 est
176 2779 193 2801 ,
213 2752 373 2808 quam
404 2745 460 2792 ut
489 2753 604 2793 mea
637 2741 802 2809 possit
838 2740 1044 2796 ratione
1076 2743 1454 2812 comprehendi
1485 2763 1498 2799 :
1523 2744 1658 2799 adeo

64 2845 152 2885 ess
183 2831 442 2886 mirabilis
467 2873 481 2898 ,
512 2832 646 2886 adeo
673 2847 882 2902 magna.
914 2833 1049 2901 Quid
1078 2835 1236 2905 igitur
1260 2837 1304 2890 si
1329 2845 1412 2891 est
1438 2837 1655 2906 quidem

34 2973 36 2982 λ
62 2922 336 2978 mirabilis
363 2931 416 2975 et
438 2938 624 2992 magna
652 2964 664 2988 ,
694 2932 869 2991 potest
894 2934 1070 2978 autem
1101 2926 1525 2994 comprehendi?
1553 2926 1656 2982 Ne-

60 3027 359 3082 quaquam.
399 3011 684 3082 Propterea
713 3015 855 3069 enim
885 3015 1158 3084 subjunxit
1187 3035 1201 3071 :
1241 3016 1362 3070 Non
1394 3027 1565 3088 potero
1587 3019 1656 3072 ad

58 3123 202 3170 eam,
229 3119 296 3159 ne
325 3106 424 3159 hoc
448 3105 612 3159 dicas.
644 3106 867 3170 Quando
893 3116 1070 3161 autem
1098 3107 1255 3173 dicit,
1282 3106 1652 3179 Cognitionem

57 3211 174 3252 n‘on
208 3196 398 3262 habeo,
429 3213 532 3251 non
556 3197 658 3252 hoc
682 3200 842 3266 dicit,
869 3199 1057 3269 Ignoro
1082 3201 1246 3255 Deum
1266 3243 1279 3266 ,
1307 3203 1398 3256 sed
1425 3244 1438 3266 ,
1471 3202 1654 3257 Perfe-

32 3301 208 3344 rctam
249 3298 303 3341 et
339 3288 568 3358 undique
605 3288 904 3344 absolutam
940 3300 994 3345 et
1032 3290 1366 3347 manifestam
1399 3293 1514 3364 ejus
1545 3309 1650 3348 non

54 3383 242 3436 habeo
258 3383 520 3436 notitiam.
537 3383 687 3450 Quod
707 3385 918 3454 quidem
940 3385 1065 3440 dicit
1085 3386 1244 3442 etiam
1271 3386 1495 3441 Paulus:
1520 3387 1651 3444 Nam

51 3492 186 3530 eum
210 3475 428 3544 quidem
451 3490 568 3529 esse
599 3477 795 3530 scimus
827 3493 838 3529 :
869 3477 994 3546 quid
1019 3477 1091 3531 sit
1117 3488 1295 3533 autem
1323 3481 1644 3547 sabstantia,

50 3569 338 3624 nescimus
363 3585 374 3620 :
406 3566 616 3622 Credere
640 3569 770 3622 enim
798 3578 994 3638 Oportet
1019 3571 1331 3624 accedentem
1359 3575 1426 3624 ad
1455 3570 1646 3640 Deum,

50 3662 180 3731 quia
212 3669 286 3714 est
317 3659 500 3728 (llebr.
529 3661 616 3714 11.
647 3661 723 3730 6).
753 3660 866 3714 Νοιι
894 3661 1048 3727 dixit,
1075 3662 1200 3731 quid
1226 3662 1295 3716 sit
1319 3662 1645 3728 substantia;

51 3753 164 3806 hoc
209 3750 356 3804 enim
400 3751 529 3805 nulli
570 3763 648 3806 est
679 3752 967 3820 cognitum.
1001 3752 1152 3820 Quod
1192 3755 1262 3808 sit
1302 3754 1561 3824 benignus
1597 3762 1652 3810 et

47 3846 341 3908 clemens,
373 3844 616 3899 novimus
636 3885 649 3909 ,
681 3843 822 3914 quod
851 3845 920 3899 sit
947 3845 1242 3913 humanus,
1265 3848 1403 3917 quod
1434 3847 1603 3903 bonus
1631 3864 1646 3915 ;

46 3945 323 4008 quantum
347 3949 471 3990 vero
492 3935 559 3990 sit
580 3936 899 4005 ignoramus.
922 3937 1024 3992 Sed
1041 3937 1129 3993 hic
1145 3938 1226 3992 his
1246 3939 1490 3993 omnibus
1515 3954 1652 4008 pra:-

49 4026 335 4081 termissis
355 4068 368 4089 ,
401 4028 650 4096 proponit
675 4027 815 4082 aliud
847 4029 988 4098 quod
1015 4029 1226 4084 videtur
1252 4045 1372 4086 esse
1411 4031 1646 4097 facilius,

45 4129 100 4174 et
136 4119 249 4171 hoc
277 4133 489 4188 quoque
518 4133 576 4173 se
601 4117 731 4174 dicit
758 4122 1021 4190 ignorare.
1048 4120 1164 4176 Non
1195 4122 1366 4176 solum
1389 4165 1403 4188 ,
1438 4123 1602 4193 inquit
1629 4163 1644 4190 ,

47 4229 164 4268 nun
203 4211 327 4266 dico
353 4211 603 4282 quidnam
629 4213 696 4267 sit
733 4213 1027 4268 substantia
1052 4255 1068 4280 ,
1099 4231 1272 4285 neque
1297 4227 1554 4286 quantum
1579 4217 1650 4277 sit

44 4305 268 4368 bonus;
300 4302 411 4356 huic
437 4304 578 4359 enim
606 4319 713 4359 non
739 4320 894 4376 posse
919 4307 1300 4377 comprehendi
1328 4317 1412 4363 est
1439 4309 1490 4364 in
1519 4324 1649 4364 con-

43 4396 236 4459 fesso;
279 4393 374 4449 sed
414 4395 574 4450 etiam
598 4395 870 4466 quomodo
909 4398 980 4451 sit
1019 4397 1217 4466 ubique
1241 4440 1257 4464 ,
1288 4415 1392 4454 non
1432 4415 1648 4470 possum

39 4487 242 4540 dicere
270 4503 285 4539 :
320 4487 413 4541 sed
441 4486 542 4541 hoc
563 4502 776 4558 quoque
795 4501 1008 4558 superat
1037 4499 1272 4546 nostram
1296 4493 1648 4563 comprehen-

43 4580 296 4632 sionem.
337 4577 596 4645 Quocirca
632 4594 752 4634 cum
799 4579 1019 4635 dixisset
1058 4599 1072 4635 :
1109 4580 1362 4637 Mirabilis
1402 4586 1538 4655 facta
1575 4595 1648 4640 est

39 4671 270 4724 scientia
297 4678 383 4722 tua
409 4686 472 4724 ea:
499 4687 595 4738 me,
631 4671 903 4741 subjunxit
926 4692 938 4727 :
967 4674 1018 4727 7.
1043 4672 1156 4740 Quo
1178 4675 1258 4728 ibo
1279 4692 1310 4728 a
1337 4657 1644 4746 spirituotuo,

38 4771 88 4813 et
117 4777 229 4829 quo
249 4776 284 4812 a
307 4762 436 4830 facie
453 4771 539 4815 tua
566 4763 803 4834 fugiam?
831 4763 883 4819 8.
911 4763 972 4819 Si
996 4767 1266 4820 ascendero
1295 4769 1346 4821 in
1373 4767 1572 4835 etclam,
1595 4779 1650 4824 tu

37 4854 156 4904 illic
191 4868 246 4904 es
265 4867 286 4906 :
308 4855 351 4906 si
374 4854 672 4908 descendero
698 4855 750 4908 in
767 4855 1042 4927 infernum,
1066 4859 1206 4912 ades.
1235 4859 1288 4913 9.
1315 4858 1377 4914 Si
1391 4876 1648 4930 sumpsero

37 4957 254 5011 pennas
282 4959 420 4997 meas
439 4945 667 5000 diluculo
688 4987 704 5012 ,
738 4954 786 5000 et
813 4945 1100 5001 habitavere
1127 4949 1179 5000 in
1206 4951 1438 5002 extremis
1467 4951 1644 5004 maris.

35 5038 208 5090 A’lius
234 5077 248 5100 ,
299 5035 552 5091 Mansero.
595 5038 681 5093 10.
726 5037 926 5093 Etenim
961 5041 1082 5094 illuc
1107 5040 1299 5114 (Alius,
1329 5042 1510 5096 Adhuc
1534 5044 1645 5115 ibi)

38 5142 242 5178 manus
270 5135 357 5178 tua
387 5127 596 5180 deducet
625 5146 704 5182 me
725 5171 739 5196 ,
771 5140 816 5182 et
843 5131 1021 5184 tenebit
1050 5149 1128 5184 me
1152 5132 1358 5186 dextera
1386 5143 1488 5188 tua.
1521 5135 1643 5206 Spi-

38 5217 220 5272 ritum
248 5228 304 5270 et
332 5219 514 5271 faciem
542 5220 672 5274 dicit
701 5222 864 5276 Deum
902 5223 1097 5292 ipsum;
1124 5223 1236 5279 Hoc
1261 5237 1362 5292 est,
1391 5226 1506 5294 Quo
1533 5243 1563 5281 a
1594 5237 1645 5284 te

38 5312 414 5379 proﬁciscar?
443 5311 628 5368 Omnia
669 5314 890 5384 imples,
923 5317 1168 5370 omnibus
1202 5317 1328 5372 ades
1355 5359 1368 5383 ,
1410 5334 1514 5373 non
1553 5335 1646 5389 per

38 5414 238 5471 partes
265 5444 281 5466 ,
314 5401 409 5457 sed
435 5404 681 5459 omnibus
706 5405 866 5460 simul
894 5415 1054 5461 totus.
1089 5407 1156 5461 Et
1193 5418 1471 5478 postquam
1512 5410 1646 5466 dixit

37 5509 171 5560 qua:
201 5502 334 5548 sunt
357 5508 605 5563 superne,
634 5505 687 5550 et
710 5512 828 5565 qua:
855 5495 1080 5563 inferne,
1115 5499 1494 5570 longitudinem
1521 5541 1536 5567 ,
1568 5502 1646 5556 la-

38 5587 340 5642 titudinem
362 5629 377 5654 ,
411 5589 814 5656 profunditatem
841 5633 855 5656 ,
884 5605 1006 5646 eum
1032 5593 1226 5663 ubique
1265 5594 1454 5656 adesse
1481 5597 1646 5665 signi-

37 5677 194 5734 ficat.
226 5678 347 5734 Non
375 5680 506 5735 dixit
535 5690 710 5736 autem
739 5699 752 5736 :
781 5683 1129 5755 Quocumque
1157 5686 1336 5743 abiero
1356 5729 1371 5757 ,
1405 5690 1646 5762 sequeris

100 5858 186 5922 (a)
221 5865 338 5909 ttae
355 5859 692 5923 interpretatio
715 5868 792 5916 est
814 5863 1092 5926 ‘ymuiachi.

1023 404 1403 476 'EXPosmo
1439 414 1506 472 IN
1544 405 1866 471 PSALMIJM
1901 413 2230 477 cxxxvnt.

3265 438 3371 499 ιιι

1792 543 1901 599 me,
1933 539 2099 589 etme
2122 534 2378 592 retinebis
2406 553 2421 592 :
2453 537 2575 606 sed,
2599 539 2943 614 Quocumque
2971 546 3184 613 abiero,
3218 557 3273 604 tu
3304 553 3366 606 il-

1791 622 1861 678 lic
1886 637 1946 679 es
1971 642 1985 679 :
2015 624 2117 681 hoc
2138 635 2238 691 est,
2265 627 2376 684 Illic
2401 637 2454 684 te
2479 631 2692 688 invenio
2713 650 2801 690 me
2828 639 3242 706 prmvenientem
3266 682 3284 707 ,
3315 653 3370 700 et

1788 712 1910 769 ideo
1946 714 2117 782 dicit,
2164 717 2416 773 Mirabilis
2453 724 2590 791 facta
2629 731 2704 776 est
2739 726 2947 780 scientia
2975 736 3062 783 tua
3085 745 3150 785 ea:
3183 748 3280 786 me.
3311 733 3368 789 Si

1789 818 1906 860 eam
1944 821 2051 861 non
2092 806 2328 876 perfecte
2354 810 2529 876 nosti,
2553 810 2732 879 dices,
2774 817 3040 882 quomodo
3081 823 3219 874 nosti
3249 837 3369 877 eam

1786 911 1906 952 esse
1930 898 2270 955 mirabilem?
2298 901 2449 969 Quod
2471 918 2644 959 meam
2673 917 2886 974 superet
2913 911 3198 979 rationem,
3225 916 3366 984 quod

1787 999 2019 1044 mentem
2045 1005 2220 1046 meam
2246 992 2488 1048 excedat.
2508 989 2650 1049 Nam
2670 996 2876 1052 radium
2902 1014 3111 1071 quoque
3137 1006 3366 1060 Solarem

1785 1092 1890 1133 non
1919 1094 2204 1148 possumus
2230 1092 2413 1152 aperte
2450 1097 2776 1155 cognoscere
2807 1105 2822 1142 ἕ
2853 1098 2907 1144 et
2937 1098 3112 1146 tamen
3148 1107 3367 1166 propter

1784 1167 1887 1225 hoc
1907 1169 2077 1238 ipsum
2103 1187 2224 1226 eum
2251 1175 2481 1230 maxime
2505 1175 2868 1233 admiramur:
2898 1179 2968 1233 ita
2998 1182 3160 1236 etiam
3183 1185 3249 1238 de
3275 1187 3365 1242 Dei

1782 1263 2132 1332 cognitione:
2188 1279 2361 1335 neque
2407 1281 2530 1322 eum
2581 1269 2800 1324 omnino
2843 1271 3193 1342 ignoramus;
3239 1290 3366 1334 cum

1779 1352 1921 1406 enim
1950 1367 2072 1410 esse
2091 1355 2312 1424 scimus,
2339 1365 2394 1412 et
2421 1371 2541 1414 esse
2561 1359 2870 1431 benignum,
2897 1363 3234 1432 clementem,
3266 1367 3364 1422 bo-

1779 1458 1907 1497 num
1926 1483 1941 1510 ,
1971 1445 2374 1502 misericordem
2399 1488 2415 1515 ,
2441 1456 2498 1504 et
2522 1464 2644 1506 esse
2671 1452 2868 1522 ubique
2899 1469 2914 1508 :
2940 1455 3065 1525 quid
3090 1457 3161 1512 sit
3185 1468 3366 1514 autem

1777 1535 2070 1590 substantia
2097 1576 2112 1602 ,
2140 1536 2226 1591 vel
2254 1547 2451 1607 quanta
2476 1540 2588 1596 sint
2614 1556 2733 1612 quae
2757 1542 2898 1598 dicta
2927 1555 3052 1601 sunt
3069 1588 3084 1613 ,
3113 1549 3197 1603 vel
3226 1564 3364 1619 quo-

1777 1625 1937 1681 modo
1965 1626 2037 1681 sit
2061 1626 2298 1698 ubique,
2342 1628 2446 1686 hoc
2484 1631 2816 1702 ignoramus.
2857 1633 3143 1708 Postquam
3185 1639 3364 1711 itaque

1774 1717 1914 1774 dixit
1939 1718 2257 1789 quibusnam
2287 1736 2352 1776 ex
2382 1721 2544 1778 rebus
2569 1725 2830 1782 mirabilis
2855 1725 2993 1783 facta
3018 1737 3102 1784 est
3133 1731 3359 1787 scientia

1774 1820 1882 1877 uta,
1912 1820 1968 1868 et
1993 1811 2302 1882 praedicavit
2321 1815 2439 1884 ejus
2459 1816 2800 1886 praesciendi,
2828 1820 3067 1888 creandi,
3097 1829 3152 1878 et
3180 1825 3363 1894 provi-

1770 1905 1929 1961 dendi
1959 1906 2261 1964 facultatem
2282 1950 2298 1976 ,
2331 1909 2812 1982 substantiamque,
2841 1927 2962 1983 quae
2989 1929 3090 1970 nec
3113 1930 3362 1986 compre-

1771 1995 1930 2053 hendi
1952 2039 1968 2063 ,
2008 2013 2109 2055 nec
2135 2000 2388 2072 explicari
2425 2011 2644 2072 potest:
2672 2004 2830 2060 aliam
2865 2019 3050 2062 rursus
3075 2007 3238 2064 refert
3266 2024 3362 2079 po-

1771 2097 2017 2146 testatem
2038 2131 2053 2155 ,
2081 2107 2201 2162 qua:
2243 2093 2357 2164 ipsa
2381 2109 2594 2165 quoque
2629 2109 2820 2167 magna
2844 2096 3178 2155 dubitatione
3203 2099 3359 2169 plena

1767 2191 1870 2247 est,
1899 2183 1943 2236 si
1974 2183 2185 2239 ratione
2209 2195 2499 2255 quaeratur.
2527 2184 2662 2242 Nam
2693 2187 2808 2258 ipsa
2836 2189 3219 2260 comprehendi
3247 2207 3356 2247 non

1766 2283 1959 2344 potest.
1995 2276 2252 2344 Quaenam
2279 2293 2408 2349 ergo
2430 2294 2494 2335 ea
2517 2281 2644 2336 est?
2669 2279 2872 2337 Etenim
2905 2282 3030 2338 illuc
3062 2301 3242 2341 manus
3270 2296 3358 2342 tua

1765 2364 1976 2420 deducet
2000 2384 2082 2424 me
2102 2410 2117 2436 ,
2147 2377 2194 2424 et
2226 2369 2412 2425 tenebit
2439 2387 2520 2427 me
2542 2371 2750 2427 dextera
2769 2382 2878 2428 tua.
2905 2373 3018 2430 Hoc
3044 2385 3128 2432 est
3150 2419 3166 2444 ,
3195 2377 3358 2435 Potes

1763 2457 1980 2515 efllcere
2003 2468 2059 2514 ut
2086 2459 2331 2517 homines
2356 2462 2449 2534 qui
2477 2463 2529 2519 in
2555 2479 2748 2536 magna
2776 2473 2831 2522 et
2855 2469 3036 2538 gravia
3063 2471 3200 2524 mala
3229 2471 3358 2527 inci—

1761 2547 1940 2604 derint
1963 2591 1979 2615 ,
2021 2551 2271 2621 gravibus
2314 2552 2424 2608 illis
2463 2554 2622 2610 malis
2655 2555 2881 2613 minime
2919 2555 3278 2630 illaqueentur
3301 2570 3357 2618 et

1762 2639 2128 2710 implicentur.

1830 2731 1886 2786 3.
1912 2731 2023 2788 Hoc
2039 2734 2217 2805 itaque
2239 2734 2619 2807 interpretans,
2647 2737 2922 2810 subjunxit
2953 2758 2967 2796 :
3000 2741 3088 2796 11.
3116 2740 3187 2796 Et
3213 2743 3345 2808 dixi,

1762 2821 2007 2880 Forsitan
2029 2826 2247 2880 tenEbrat
2261 2829 2632 2884 conculcabunt
2653 2846 2752 2897 me,
2779 2840 2822 2884 et
2845 2847 2948 2885 noa:
2974 2830 3280 2888 illuminatio
3299 2833 3353 2889 in

1758 2916 1951 2970 ddiciis
1972 2920 2114 2973 meis.
2141 2920 2228 2975 12.
2264 2921 2396 2986 Quia
2421 2923 2640 2977 tenebrte
2665 2939 2766 2976 non
2793 2923 3197 2980 obscurabuntur
3226 2943 3256 2979 a
3280 2937 3349 2992 te,

1757 3016 1804 3060 et
1832 3023 1935 3061 nos:
1971 3009 2102 3062 sicut
2131 3011 2239 3064 dies
2275 3011 2664 3066 illuminabitur.
2695 3011 2844 3068 Sicut
2873 3015 3088 3068 tenebrae
3107 3017 3216 3084 ejus
3237 3060 3249 3078 ,
3274 3018 3346 3070 ita

1757 3109 1804 3153 et
1823 3101 1989 3156 lumen
2009 3103 2139 3170 ejus.
2170 3103 2457 3174 Postquam
2484 3105 2618 3161 dixit
2655 3107 2902 3178 superius
2946 3123 3006 3162 ea
3025 3150 3040 3176 ,
3073 3126 3190 3176 qua:
3221 3127 3351 3165 cnu.

1757 3195 1978 3258 meravi,
1997 3201 2052 3250 et
2068 3210 2167 3249 una
2186 3209 2306 3249 cum
2327 3197 2454 3261 illis,
2470 3212 2592 3252 eum
2607 3214 2711 3255 nou
2731 3197 2902 3253 solum
2923 3199 3112 3254 adesse
3133 3200 3343 3271 ubique,

1755 3285 1846 3339 sed
1876 3285 2034 3340 etiam
2061 3285 2359 3352 deducere,
2395 3287 2685 3344 defendere
2725 3301 2780 3346 et
2809 3290 3018 3345 munire
3044 3309 3058 3354 ;
3083 3292 3351 3363 subiungit

1754 3375 2006 3446 deinceps
2027 3418 2040 3440 ,
2065 3377 2117 3430 in
2147 3393 2212 3432 eo
2241 3393 2454 3449 quoque
2481 3380 2772 3436 ostendens
2812 3380 2942 3452 quid
2990 3381 3302 3436 admirabile
3324 3424 3343 3450 ,

1755 3482 1859 3522 non
1897 3469 2068 3522 solum
2110 3469 2252 3539 quod
2283 3470 2487 3524 muniat
2506 3479 2559 3525 et
2589 3480 2866 3542 protegat,
2894 3472 2988 3529 sed
3015 3475 3174 3528 etiam
3205 3474 3346 3543 quod

1753 3573 1910 3630 supra
1931 3575 2108 3615 rerum
2138 3569 2400 3615 naturam.
2422 3561 2556 3617 Cum
2587 3563 2729 3618 enim
2755 3563 2976 3621 dixisset
3001 3607 3016 3632 ,
3039 3562 3248 3619 Tenebit
3270 3581 3350 3619 me

1752 3652 1958 3706 dextera
1977 3663 2062 3706 tua
2081 3693 2094 3717 ,
2119 3662 2173 3708 et
2192 3695 2207 3718 ,
2239 3652 2462 3708 Deducet
2504 3671 2612 3718 me,
2649 3655 2924 3724 subjunxit
2952 3655 3029 3730 (a)
3053 3674 3067 3711 :
3105 3655 3168 3709 Et
3197 3657 3305 3710 dixi
3325 3698 3342 3722 ,

1754 3741 1996 3799 Forsitan
2031 3743 2248 3798 tenebrat
2285 3745 2652 3800 conculcabunt
2694 3762 2794 3800 me.
2826 3748 2980 3803 Alius
3003 3789 3018 3814 ,
3051 3747 3113 3802 Si
3133 3747 3345 3818 dixero,

1752 3833 1998 3889 Forsitan
2029 3836 2242 3889 tenebrat
2268 3844 2433 3906 tegent
2452 3853 2550 3890 me.
2572 3836 2741 3904 Alius,
2773 3837 3014 3908 Operient
3041 3856 3139 3894 me.

1826 3927 2062 3983 Tenebra:
2088 3929 2314 3999 afflictio;
2342 3943 2446 3982 ποτε
2469 3928 2818 3994 calamitates;
2847 3930 3202 3984 elementorum
3223 3946 3347 4001 ape.

1751 4021 1884 4074 ratio
1933 4019 1988 4072 in
2015 4019 2330 4073 contrarium
2375 4035 2406 4073 a
2436 4017 2545 4074 Deo
2565 4061 2580 4086 ,
2623 4035 2738 4073 cum
2767 4019 2874 4074 uult
2892 4061 2908 4086 ,
2938 4022 3239 4075 traducitur.
3272 4051 3344 4072 —-.

1753 4113 2010 4170 Tenebrae
2042 4113 2127 4169 hic
2154 4112 2453 4183 significant
2483 4112 2849 4168 afflictionem.
2872 4113 3024 4182 Quod
3052 4125 3230 4168 autem
3260 4115 3344 4169 όίεε

1751 4207 1842 4271 cit,
1873 4213 1956 4262 est
1975 4205 2238 4276 ejusmodi
2271 4221 2287 4260 :
2316 4203 2711 4262 Circumsessus
2739 4221 2856 4260 sum
2886 4221 2918 4261 a
2949 4207 3123 4271 malis,
3145 4215 3200 4262 et
3223 4207 3336 4264 dixi

1751 4297 1880 4354 mihi
1909 4298 2040 4370 ipsi,
2067 4297 2410 4369 Superabunt
2435 4313 2521 4354 me
2561 4299 2722 4355 mala.
2771 4299 2882 4353 Hoc
2908 4300 3049 4353 enim
3099 4298 3200 4354 sibi
3229 4300 3343 4362 vult

1752 4390 1900 4456 illud,
1935 4390 2176 4446 Tenebrte
2196 4408 2276 4446 me
2295 4391 2679 4446 conculcabunt.
2714 4391 2881 4455 Alius,
2917 4390 3156 4445 Tenebras
3176 4399 3340 4462 tegent

1750 4500 1847 4539 me.
1883 4482 1948 4536 Et
1973 4496 2076 4537 noa:
2097 4483 2402 4536 illuminatio
2421 4483 2474 4536 in
2503 4481 2698 4536 deliciis
2721 4483 2863 4536 meis.
2895 4481 3076 4547 Alius,
3109 4481 3230 4537 No.1:
3255 4482 3340 4535 ιιις

1751 4576 1867 4630 cida
1905 4577 2042 4629 circa
2080 4591 2179 4628 me.
2209 4574 2348 4642 Quid
2378 4575 2479 4628 hoc
2499 4574 2618 4628 est?
2646 4573 2757 4644 Ego
2803 4573 2916 4627 htec
2944 4573 3158 4641 quidem
3185 4573 3294 4629 dixi
3317 4615 3341 4652 ι

1753 4669 1950 4740 inquit,
1997 4683 2063 4722 ex
2112 4683 2287 4722 rerum
2341 4675 2527 4721 natura
2572 4675 2866 4736 reputans:
2897 4677 3117 4736 repente
3162 4679 3341 4733 anu-tn

1751 4761 1890 4815 mala
1936 4767 2134 4813 mutata
2161 4767 2286 4814 sunt
2315 4758 2366 4812 in
2395 4757 2532 4812 bona
2564 4774 2578 4814 :
2611 4757 2720 4811 imo
2752 4772 2880 4812 vero
2918 4757 3058 4816 maia
3087 4773 3190 4813 non
3219 4776 3342 4813 ηιιιε

1754 4861 1861 4907 tata
1913 4861 2036 4907 sunt
2085 4852 2138 4904 in
2187 4852 2324 4905 bona
2349 4891 2365 4916 ,
2395 4849 2488 4904 sed
2532 4849 2687 4906 malis
2728 4851 3064 4907 manentibus
3093 4867 3341 4922 magnam

1753 4947 1893 5002 sensi
1917 4945 2316 5015 benignitatem.
2342 4943 2455 4997 Non
2486 4943 2620 4998 dixit
2644 4943 2808 5011 enim,
2849 4944 2962 4999 Nox
2993 4944 3169 5000 deleta
3212 4957 3292 4999 est
3323 4985 3339 5010 ,

1751 5039 1867 5104 sed,
1900 5036 2022 5092 Nox
2038 5038 2134 5108 fuit
2158 5038 2350 5101 lucida;
2381 5036 2484 5091 hoc
2513 5046 2614 5104 est,
2649 5037 2764 5093 Nox
2791 5051 3014 5092 manens
3041 5052 3165 5104 nox,
3201 5037 3339 5094 mala

1751 5132 1978 5196 scilicet,
1999 5139 2054 5186 et
2078 5131 2408 5186 calamitates
2434 5132 2518 5201 (ea
2547 5133 2688 5186 enim
2721 5134 2896 5185 noctis
2918 5131 3135 5189 nomine
3167 5130 3326 5200 Signis

1753 5226 1897 5296 ﬁcat)
1935 5243 2041 5280 non
2076 5233 2360 5295 potuerunt
2409 5241 2497 5280 me
2525 5224 2844 5279 t-onculcare
2865 5265 2879 5288 ,
2911 5223 3006 5278 sed
3047 5223 3144 5276 fuit
3166 5223 3250 5276 lux
3283 5222 3336 5279 in

1752 5331 1927 5386 nocte,
1964 5321 2066 5376 hoc
2107 5330 2207 5383 est,
2239 5321 2342 5374 mei
2367 5319 2568 5374 exstitit
2594 5317 2852 5373 defensio.
2881 5317 3163 5371 Contraria
3191 5316 3337 5370 enim

1753 5414 1804 5468 in
1835 5413 2115 5469 contrariis
2135 5421 2189 5466 et
2219 5412 2350 5466 ﬁunt
2375 5419 2429 5464 et
2471 5417 2758 5480 apparent,
2791 5407 3005 5479 quando
3033 5409 3143 5462 vult
3173 5409 3332 5462 Deus.

1755 5509 1946 5562 Annon
1978 5507 2154 5561 vidisti
2182 5515 2238 5560 et
2265 5505 2533 5559 fornacem
2573 5503 2883 5568 ardentem,
2915 5511 2969 5558 et
2994 5518 3170 5558 rorem
3205 5502 3336 5558 sibi-

1814 5619 1887 5682 (a)
1918 5627 2029 5682 Haec
2049 5619 2226 5682 omnia,
2252 5627 2371 5682 Cum
2397 5615 2524 5666 enim
2547 5615 2829 5682 dixisset....
2855 5615 3347 5682 subjunajit,deeraut

1750 5682 1798 5732 in
1821 5678 1986 5731 Morel.
2019 5687 2072 5730 et
2091 5679 2255 5741 savil.,
2283 5679 2370 5741 sed
2409 5685 2525 5728 sunt
2565 5681 2614 5730 iu
2646 5678 2753 5728 aliis
2786 5678 3167 5741 exemplaribus.
3213 5686 3337 5728 PﬂOf

1750 5744 1898 5794 lectio
1941 5754 2186 5806 sequens.
2214 5740 2258 5791 si
2301 5739 2480 5806 dixero
2500 5775 2514 5796 ,
2564 5747 2682 5799 etc...
2719 5747 2796 5806 est
2833 5739 2970 5803 juxta
2993 5741 3341 5806 Symmachum,

1749 5808 1881 5872 sicut
1902 5799 2048 5871 etiam
2069 5799 2148 5853 illa
2174 5803 2517 5866 interpretatio
2540 5815 2650 5866 qua:
2675 5802 2818 5865 lanio
2834 5799 2949 5867 post
2969 5799 3211 5872 sequitur,
3238 5799 3341 5860 Met

1757 5869 1916 5917 lucida
1937 5869 2066 5916 circa
2099 5878 2193 5918 me.
2341 5877 2344 5892 ῖ
