3928 6444
202 350 290 404 H7

188 469 315 520 latuit
335 474 378 519 te
392 463 643 534 fortitudo
671 482 780 519 mea
799 484 895 538 qua
921 470 1084 540 [actus
1109 485 1218 524 sum
1246 470 1298 523 in
1325 471 1518 523 occulto
1545 484 1562 521 :
1600 466 1736 521 uarie

183 565 453 626 compactus
471 572 581 610 sum
618 567 671 610 ut
699 559 752 611 in
773 559 958 627 inﬁmis
985 569 1148 614 tcrraz.
1175 560 1346 623 Alius,
1373 560 1494 614 Non
1520 561 1666 614 latuit
1692 571 1739 616 te

181 647 371 714 potentia
393 660 517 699 mea
534 663 620 699 seu
649 664 760 701 ossa
787 665 895 702 mea
916 691 930 712 ,
959 649 1076 718 quia
1097 654 1259 719 [actus
1283 667 1394 704 sum
1431 651 1484 704 in
1515 653 1731 716 occulto,

179 739 340 809 ctﬁctus
365 753 489 792 sum
515 738 566 790 in
593 739 778 808 inﬁmis
807 750 973 794 teri-te.
1003 742 1203 797 Omnes
1229 757 1356 814 ergo
1402 742 1587 797 eadem
1619 743 1733 814 ipsa

176 832 464 900 loquuntur,
495 846 704 901 nempe,
733 832 858 887 dum
881 836 1129 905 iingerer,
1159 851 1246 890 me
1275 836 1505 906 perfecte
1533 835 1731 891 forma-

178 935 273 978 tum
301 940 388 994 per
435 934 612 994 partes
643 927 870 993 novisti,
901 937 953 982 et
986 929 1400 999 unumquodque
1434 930 1730 984 membrum

187 1025 233 1067 et
266 1016 370 1084 ejus
397 1030 605 1085 quoque
643 1017 1033 1074 incrementum
1070 1020 1288 1074 scivisti.
1339 1020 1488 1087 Quod
1529 1029 1581 1076 et
1619 1022 1732 1090 ipse

183 1106 322 1160 etiam
359 1107 480 1161 dicit
523 1105 766 1163 Christus
810 1127 824 1164 :
890 1109 1053 1164 Vestri
1105 1121 1272 1165 autem
1321 1112 1496 1182 capilli
1547 1115 1728 1180 capitis

181 1213 330 1251 omnes
349 1199 587 1252 numerati
611 1209 724 1253 sunt
758 1199 905 1271 (Luc.
938 1200 1023 1254 12.
1050 1199 1124 1274 7).
1153 1201 1317 1256 Simul
1339 1212 1517 1256 autem
1533 1211 1585 1256 et
1604 1199 1727 1271 pro?

179 1289 440 1344 videntiam
479 1299 530 1344 et
566 1290 842 1345 scientiam
875 1292 1063 1347 eodem
1107 1308 1356 1348 sermone
1402 1295 1726 1363 explicatam

177 1381 616 1451 deprehendimus.
652 1383 738 1438 16.
765 1381 1124 1455 Imperfectum
1147 1402 1311 1438 meum
1337 1386 1566 1440 viderunt
1595 1387 1727 1440 oculi

173 1475 250 1527 tui.
297 1473 386 1529 Vel
427 1474 563 1529 idem
596 1475 770 1545 ipsum
799 1489 984 1532 rursus
1013 1476 1174 1543 dicit,
1209 1492 1294 1530 me
1323 1477 1405 1531 vel
1444 1477 1724 1531 informem

174 1565 323 1630 nusli;
351 1565 484 1619 alius
529 1565 671 1620 enim
721 1566 798 1621 sic
828 1566 977 1632 dixit,
1039 1565 1319 1638 Informem
1371 1584 1448 1621 me
1492 1569 1724 1622 uiderunt

170 1658 284 1710 oculi
309 1658 420 1711 tui:
443 1657 523 1713 vel
560 1658 628 1711 de
656 1657 784 1728 ipsis
823 1659 1142 1724 actionibus,
1171 1675 1362 1728 nempe
1394 1659 1537 1729 quod
1585 1675 1724 1714 non-

167 1747 275 1801 dum
323 1749 511 1803 factum
547 1760 662 1804 erat
711 1750 954 1805 viderunt
995 1749 1133 1806 oculi
1176 1751 1270 1806 tui.
1301 1750 1366 1804 Et
1390 1751 1442 1804 in
1463 1749 1588 1804 libro
1638 1759 1724 1804 tuo

164 1856 314 1893 omnes
341 1842 640 1894 scribentur.
677 1839 770 1896 Die
805 1841 1177 1911 formabuntur.
1200 1851 1242 1895 et
1268 1857 1412 1895 nemo
1431 1841 1483 1894 in
1503 1841 1592 1894 eis.
1625 1839 1723 1895 Est

163 1930 420 1986 obscurum
468 1931 620 1997 illud,
656 1931 750 1987 sed
773 1941 983 2002 Oportet
1011 1931 1062 1986 id
1092 1933 1271 1986 venari
1299 1947 1365 1986 ex
1390 1931 1527 1986 serie
1555 1939 1611 1984 et
1654 1945 1722 1984 ex

60 2073 62 2080 ,
159 2021 250 2073 alio
277 2021 586 2092 interprete.
625 2021 780 2090 Quod
831 2022 974 2077 enim
1010 2022 1171 2087 dicit,
1201 2022 1305 2077 tale
1341 2031 1423 2077 est
1447 2061 1466 2088 ,
1490 2021 1540 2077 ei
1578 2019 1720 2091 quod

60 2133 65 2162 ;
161 2114 411 2179 pnecessit
443 2114 794 2170 conveniens.
827 2113 965 2182 Quid
994 2123 1172 2169 autem
1199 2114 1512 2184 praecessit?
1538 2112 1719 2182 Infor-

60 2213 64 2218 ‘
153 2219 268 2256 mem
287 2220 362 2257 me
381 2202 624 2256 viderunt
643 2199 786 2254 oculi
805 2201 918 2254 tui:
937 2201 1036 2255 hoc
1048 2210 1151 2264 est,
1167 2216 1289 2256 cum
1303 2205 1541 2256 nondum
1564 2203 1728 2256 ullam

155 2295 362 2361 ﬁguram
388 2295 781 2363 suscepissem,
806 2307 930 2346 cum
963 2291 1143 2347 adhuc
1184 2291 1415 2364 lingerer
1449 2301 1504 2349 et
1526 2294 1726 2348 forma-

153 2399 244 2451 rer,
263 2401 342 2439 me
370 2400 528 2455 teque
555 2395 742 2454 aperte
764 2384 1037 2447 viderunt,
1068 2392 1124 2438 ut
1144 2401 1290 2450 eum,
1313 2385 1404 2454 qui
1439 2393 1524 2441 est
1553 2385 1726 2456 ﬁgura

152 2474 407 2543 praeditus,
429 2483 485 2529 et
513 2475 666 2527 nullo
688 2473 774 2529 die
805 2481 926 2545 eget
946 2474 1012 2528 ad
1043 2491 1196 2529 suam
1222 2473 1630 2544 perfectionem.
1661 2475 1726 2530 Et

58 2547 60 2554 ’
154 2567 353 2623 utscias
380 2568 484 2621 hoc
509 2567 587 2622 ita
621 2581 763 2631 esse,
786 2566 911 2620 audi
935 2567 1435 2638 interpretationem
1461 2568 1719 2625 alterius:

58 2687 62 2714 ε
158 2655 418 2725 informem
442 2675 528 2713 me
563 2659 916 2728 prwviderunt
943 2659 1082 2713 oculi
1105 2661 1183 2713 tui
1205 2660 1306 2732 (a),
1331 2676 1449 2714 cum
1482 2661 1723 2716 omnibus

148 2747 221 2812 qui
243 2748 290 2800 in
314 2747 440 2803 libro
461 2760 555 2804 tuo
576 2750 748 2819 scripti
776 2758 891 2803 sunt
910 2791 925 2814 ,
950 2749 1035 2819 qui
1054 2759 1171 2803 sunt
1192 2750 1452 2820 effingendi
1477 2750 1616 2804 nullo
1637 2749 1719 2804 die

147 2836 404 2902 deﬁciente.
423 2841 568 2894 Cum
602 2840 727 2905 illis,
749 2840 937 2908 inquit,
966 2855 1052 2895 me
1080 2840 1255 2894 vidisti
1272 2840 1640 2910 quilinguntur
1662 2842 1714 2895 in

146 2926 310 2983 diebus
322 2946 532 2996 eorum,
555 2931 746 3002 quibus
763 2931 935 2987 nullus
955 2932 1070 2988 dies
1095 2931 1279 2988 defuit.
1299 2933 1420 2987 Haec
1443 2943 1617 2988 autem
1635 2933 1714 2987 di-

144 3019 316 3076 citndn
330 3024 482 3092 quasi
513 3024 588 3078 sit
615 3023 752 3079 liber
774 3024 826 3078 in
847 3028 1110 3095 supernis,
1134 3041 1232 3080 nec
1252 3028 1400 3097 quasi
1420 3028 1508 3081 ulli
1536 3027 1715 3096 scripti

58 3161 66 3170 ,
145 3109 257 3176 sint,
297 3113 389 3168 sed
444 3114 743 3184 perfectam
770 3115 1124 3186 cognitionem
1165 3133 1259 3186 per
1288 3117 1480 3171 librum
1509 3117 1716 3187 signiﬁ-

58 3191 60 3194 ’
143 3214 277 3267 cans,
303 3204 763 3288 quemadmodum
794 3207 1005 3276 quando
1026 3206 1178 3274 dicit,
1207 3208 1410 3261 Audiuit
1435 3208 1709 3273 Dominus,

59 3323 62 3328 -
144 3301 185 3341 et
204 3294 393 3364 scripsit
421 3297 476 3350 in
509 3297 644 3350 libro
673 3295 920 3365 (Malach.
972 3298 1024 3352 5.
1057 3299 1166 3370 16).
1219 3298 1287 3353 Et
1322 3315 1529 3367 rursus,
1574 3300 1716 3354 Libri

56 3403 60 3408 ι
145 3387 295 3450 aperti
313 3397 432 3440 sunt
459 3387 630 3461 (Dan.
659 3388 713 3441 7.
743 3387 850 3459 10).
878 3389 962 3444 17.
985 3389 1114 3443 Mihi
1139 3400 1308 3445 autem
1333 3393 1481 3446 nimis
1503 3393 1710 3445 honori-

58 3481 62 3490 '
139 3473 264 3537 ﬁcati
301 3487 416 3530 sunt
462 3479 627 3532 amici
684 3480 777 3547 tui,
831 3478 991 3535 Deus.
1033 3482 1206 3550 Alius,
1245 3481 1465 3538 Pretiosi
1511 3486 1715 3554 [uerunt

61 3639 65 3644 Δ
137 3567 274 3620 aniici
325 3572 399 3624 tui
445 3571 552 3642 (b).
587 3570 701 3626 Non
732 3572 938 3628 esthoc
967 3589 1128 3644 parva
1173 3574 1362 3639 virtus,
1392 3577 1484 3630 Dei
1512 3577 1715 3632 amicos

56 3661 62 3730 ς
139 3655 327 3715 1ιοιιοτε
351 3662 604 3720 afﬁcere.
635 3663 852 3730 Curam,
884 3667 1092 3736 inquit,
1140 3668 1242 3723 mei
1282 3668 1533 3738 gessisti,
1579 3684 1665 3723 me
1695 3709 1710 3735 ,

56 3745 59 3750 “
133 3769 240 3809 cum
265 3773 368 3812 non
400 3774 592 3816 essem
615 3801 629 3824 ,
675 3759 989 3829 produxisti,
1032 3777 1120 3816 me
1159 3763 1302 3832 regis
1327 3772 1381 3817 et
1423 3764 1663 3817 contines
1698 3781 1713 3816 :

135 3859 221 3913 ego
239 3858 417 3905 autem
454 3851 604 3905 hanc
632 3851 797 3906 reddo
824 3853 1328 3919 remunerationem,
1351 3852 1554 3908 amicos
1594 3862 1715 3908 tuos

56 3983 58 3991 ,
138 3937 425 3998 honoratis.
459 3944 651 3997 Nimis
691 3943 982 4013 confortati
1016 3953 1138 3999 sunt
1165 3947 1491 4015 principatus
1521 3962 1725 4001 eorum.

58 4059 62 4066 ι
139 4028 241 4085 lloc
261 4045 366 4099 est,
386 4037 498 4105 Ipsi
524 4035 694 4089 validi
719 4044 771 4090 et
791 4045 1034 4106 potentes
1060 4035 1185 4091 facti
1209 4046 1355 4091 sunt.
1383 4038 1534 4092 Alius
1557 4037 1723 4093 dicit:

59 4117 62 4119 ’
135 4119 296 4185 Quam
315 4127 657 4196 multiplicia
686 4138 808 4180 sunt
835 4128 1010 4195 capita
1027 4125 1315 4197 earum(c)!
1334 4127 1488 4193 Quod
1508 4127 1728 4198 quidem

133 4224 204 4266 est
218 4217 446 4282 clarius;
469 4217 761 4287 subjungit
775 4219 918 4271 enim
938 4237 950 4270 :
967 4217 1054 4272 18.
1074 4217 1427 4274 Dinumerabo
1446 4237 1551 4285 eos,
1568 4230 1618 4274 et
1638 4235 1729 4274 su-

56 4299 60 4306 ’
129 4315 210 4366 per
220 4322 441 4360 arenam
458 4307 1101 4378 multiplicabuntur.Ego
1112 4309 1327 4379 quidem
1340 4311 1486 4380 ipsos
1501 4311 1730 4375 honoro,

132 4400 180 4442 tn
204 4404 377 4449 autem
410 4395 626 4450 multos
646 4394 800 4460 lacis,
829 4405 989 4464 atque
1018 4395 1152 4451 adeo
1179 4395 1359 4467 plures
1376 4411 1538 4452 arena
1569 4416 1583 4452 :
1610 4413 1713 4452 non

126 4481 286 4538 solum
336 4494 528 4541 autem
569 4486 768 4539 multos
793 4527 807 4550 ,
857 4485 951 4540 sed
984 4488 1141 4541 etiam
1188 4486 1354 4542 fortes
1383 4503 1447 4543 ac
1488 4489 1713 4546 validos.

129 4570 231 4626 Ilac
254 4575 400 4630 enim
455 4577 569 4631 sibi
602 4577 712 4630 vult
771 4577 918 4641 illud,
952 4577 1238 4646 Confortati
1263 4588 1400 4634 sunt.
1441 4579 1712 4648 Duplicetn

125 4675 291 4719 autem
323 4667 463 4723 dicit
518 4669 951 4738 prosperitatem,
1002 4671 1356 4726 multitudinis
1406 4673 1628 4738 scilicet,
1663 4683 1717 4729 et

126 4757 326 4812 ruboris
363 4762 790 4814 incrementum.
823 4761 1115 4828 Exsurrexi,
1143 4772 1187 4816 et
1212 4762 1381 4817 adhuc
1401 4780 1511 4816 sum
1531 4774 1712 4818 tecum.

124 4845 282 4914 Alius,
317 4849 636 4917 Excitabor,
661 4861 708 4908 et
733 4868 820 4907 ero
841 4869 1034 4923 semper
1052 4862 1232 4908 tecum.

186 4938 238 4992 5.
278 4939 400 4996 Non
439 4951 534 4996 est
578 4941 680 4998 hoc
718 4957 935 5013 parvum
967 4944 1171 5014 signum
1200 4945 1442 5014 virtutis,
1476 4946 1527 5001 in
1554 4946 1716 5004 rebus

121 5031 365 5088 secundis
417 5033 682 5088 virtutem
731 5043 986 5104 perpetuo
1031 5051 1368 5091 conservare.
1411 5036 1592 5100 Militi,
1635 5039 1716 5093 in-

121 5122 253 5185 quit,
309 5138 441 5178 cum
498 5137 598 5178 res
648 5124 726 5179 eis
769 5125 1018 5180 secunda:
1069 5127 1403 5194 evenissent,
1453 5128 1525 5182 tui
1563 5127 1713 5184 obliti

118 5221 256 5264 sunt.
289 5215 360 5269 At
389 5230 506 5269 non
541 5226 678 5282 ego,
707 5215 914 5285 inquit,
945 5216 1040 5272 sed
1065 5217 1222 5272 etiam
1249 5233 1368 5272 cum
1398 5219 1670 5273 exsurrexi
1696 5261 1712 5287 ,

119 5300 213 5356 hoc
248 5314 368 5370 est,
400 5322 538 5362 cum
573 5322 688 5361 sum
718 5308 970 5364 liberatus
997 5323 1026 5363 a
1055 5310 1240 5376 malis,
1272 5325 1483 5381 semper
1509 5326 1604 5366 ero
1631 5320 1714 5366 te-

114 5407 251 5449 cum.
299 5396 390 5453 i9.
423 5399 490 5453 Si
519 5398 798 5466 occideris,
830 5397 998 5461 Deus.
1027 5411 1324 5470 peccatores.
1355 5400 1470 5455 Non
1501 5401 1602 5455 hoc
1631 5402 1713 5456 di-

111 5490 210 5552 cit,
248 5492 306 5545 Si
351 5489 668 5556 occideris,
708 5500 832 5547 tunc
857 5506 951 5547 ero
977 5500 1150 5548 tecum
1184 5493 1316 5548 :sed
1341 5494 1469 5548 illud
1497 5494 1712 5564 quidem

169 5596 244 5665 (ᾳ)
279 5606 395 5665 tum
418 5602 776 5662 interpretatio
799 5609 877 5652 est
897 5602 1180 5665 Symmachi.

168 5659 241 5727 lb)
273 5663 365 5712 me
389 5659 662 5727 interpres
678 5665 785 5727 quis
807 5665 872 5713 sit
893 5659 1126 5727 nescitur.

169 5598 220 5658 (η
279 5606 395 5652 Haec
418 5602 776 5662 interpretatio
799 5609 877 5652 est
897 5602 1149 5665 Symmachi

168 5659 220 5709 lb
273 5663 365 5712 me
389 5666 662 5724 interpres
678 5665 785 5727 quis
807 5665 872 5713 sit
893 5665 1126 5713 nescitur.

167 5598 244 5783 ξιξ
274 5729 392 5775 mae
410 5724 763 5785 interpretatio
787 5731 862 5775 est
878 5726 1149 5788 Symmachi.

1217 348 1572 406 EXPOSITIO
1614 349 1678 404 IN
1717 350 2041 410 PSALMUM
2071 356 2400 415 CXXXVIII.

3317 377 3424 436 418

1848 469 2005 522 etiam
2052 470 2250 540 absque
2298 475 2398 530 hoc
2436 480 2712 546 promisit;
2755 481 2884 552 petit
2923 492 3099 540 autem
3143 484 3246 544 hoc
3271 487 3422 560 fieri,

1846 573 1950 610 non
1979 569 2033 611 ut
2061 559 2238 615 deleat
2267 563 2536 622 hominum
2565 570 2912 627 substantiam
2932 615 2948 640 ,
2981 574 3074 630 sed
3101 586 3160 630 ut
3187 592 3280 632 eos
3300 559 3422 635 mu;

1843 657 1916 703 tet
1945 664 1974 703 a
2003 664 2218 719 peccato
2248 656 2300 709 in
2324 658 2602 724 justitiam.
2629 663 2742 718 Non
2765 665 3073 733 dixitenim,
3097 670 3152 725 Si
3176 669 3421 730 homines

1839 743 2050 797 occidas
2073 785 2089 810 ,
2123 746 2214 799 sed
2241 789 2254 810 ,
2288 745 2600 806 Peccatores.
2645 756 2792 810 Alius
2826 767 2998 814 autem
3039 776 3136 829 pro
3173 777 3240 819 eo
3276 765 3416 834 quod

1839 843 1954 898 cst,
1997 834 2325 904 Peccatorcs,
2361 840 2521 905 dixit,
2568 842 3003 915 Transgressorem
3044 848 3143 920 (a),
3193 853 3416 923 loquens

1837 921 1903 976 de
1933 923 2170 980 hostibus
2191 929 2468 984 simulacra
2492 931 2857 992 adorantibus.

1918 1011 2026 1067 Viri
2042 1019 2344 1086 sanguinum
2363 1021 2626 1089 fugiendi;
2655 1022 2868 1091 improbi
2891 1027 3098 1090 uitandi,
3130 1030 3212 1084 lea:
3236 1049 3416 1101 sepes;

1833 1101 2133 1160 Iudaeorum
2169 1108 2590 1165 mutabilitas.—
2611 1110 2716 1164 Viri
2733 1115 3032 1184 sanguinum
3056 1159 3071 1184 ,
3100 1121 3343 1177 declinate
3380 1143 3414 1180 a

1835 1211 1931 1248 me.
1967 1195 2120 1250 Viros
2157 1200 2471 1268 sanguinum
2509 1200 2636 1255 dicit
2677 1202 2896 1259 sicarios
2921 1245 2935 1268 ,
2983 1207 3271 1266 homicidas
3294 1253 3313 1279 ,
3354 1225 3412 1270 et

1833 1288 1921 1356 qni
1965 1289 2112 1343 crede
2150 1289 2412 1346 lmtantnr.
2443 1292 2558 1348 Non
2589 1305 2667 1348 est
2691 1304 2866 1350 autem
2895 1298 2979 1353 hic
2999 1315 3190 1370 parvus
3215 1307 3410 1372 gradus

1833 1378 1897 1430 ad
1943 1379 2323 1434 incrementum
2363 1383 2570 1438 virtutis
2614 1384 2794 1455 fugere
2839 1396 2893 1440 et
2935 1390 3144 1447 resilire
3170 1393 3238 1446 ab
3267 1395 3411 1463 ejus-

1831 1467 1975 1522 modi
2019 1469 2292 1524 hominum
2337 1474 2820 1542 congressionibus.
2849 1475 3049 1534 Deinde
3075 1481 3412 1553 subjungitur

1818 1557 1983 1613 etiam
2008 1572 2171 1614 causa
2199 1576 2211 1612 :
2237 1559 2327 1614 20.
2349 1561 2486 1626 Quia
2510 1563 2731 1633 litigiosi
2755 1565 2879 1618 estis
2901 1565 2954 1618 in
2976 1569 3406 1636 cogitationibus.

1820 1651 1997 1716 Alius,
2016 1651 2122 1716 Qui
2140 1651 2387 1708 adversus
2402 1664 2451 1708 te
2463 1657 2712 1710 dixerunt
2736 1659 3103 1727 cogitationem
3118 1659 3213 1729 (ὁ).
3233 1663 3409 1727 Alius,

1831 1739 2083 1806 Quoniam
2121 1741 2534 1796 exacerbaverunt
2577 1755 2624 1797 te
2650 1746 2702 1798 in
2727 1749 2858 1800 malo
2878 1748 3106 1803 consilia.
3134 1750 3264 1807 Vide
3282 1767 3406 1810 eum

1826 1846 1932 1886 non
1954 1848 2194 1902 qumrerc
2223 1833 2362 1902 quod
2400 1850 2552 1889 suum
2581 1845 2661 1891 est
2683 1878 2698 1903 ,
2722 1837 2813 1892 sed
2838 1850 3053 1909 propter
3081 1842 3190 1897 Deo
3215 1843 3407 1900 factam

1825 1922 2072 1992 injuriam
2119 1925 2363 1993 resilire,
2406 1934 2461 1982 et
2502 1926 2682 1998 fugere
2706 1929 2917 1985 illorum
2945 1937 3405 1991 consuetudinem.

1826 2013 1937 2070 Hoc
1977 2016 2119 2070 enim
2161 2015 2360 2072 iudicis
2396 2017 2496 2073 fuit
2536 2034 2692 2077 causa
2739 2022 3015 2090 interitus,
3051 2027 3190 2096 quod
3228 2043 3408 2082 versa-

1824 2115 2009 2160 rentur
2035 2121 2154 2160 cum
2176 2107 2448 2177 improbis.
2472 2109 2730 2178 Quocirca
2754 2113 2922 2183 legem
2951 2131 3162 2186 quoque
3182 2133 3405 2187 accepe-

1823 2204 1980 2262 runt,
2011 2212 2074 2252 ac
2089 2197 2204 2268 lege
2227 2199 2610 2268 separabantur
2634 2200 2702 2256 ab
2729 2203 2826 2266 eis,
2853 2214 2906 2258 et
2941 2205 3264 2273 jubebantur
3309 2224 3406 2264 eo-

1822 2301 1941 2341 rum
1965 2288 2136 2344 vitare
2157 2291 2430 2361 eonjugia,
2457 2308 2685 2363 cumque
2714 2304 2838 2351 tunc
2865 2298 3120 2352 exiissem
3141 2302 3208 2355 ab
3237 2300 3404 2372 [Εεν-

1822 2387 1940 2448 pto,
1965 2381 2310 2452 quadraginta
2352 2386 2504 2440 annis
2530 2387 2755 2465 seorsim
2779 2388 2989 2444 fuerunt
3015 2392 3066 2445 in
3094 2393 3400 2465 solitudine.

1821 2472 2076 2538 Quocirca
2118 2473 2204 2528 lex
2247 2461 2608 2545 appellabaiur
2644 2494 2831 2548 sepes,
2872 2481 3012 2550 quod
3053 2463 3146 2538 eos
3175 2486 3405 2558 undique

1821 2560 2208 2628 circumdaret,
2239 2573 2294 2618 ct
2316 2580 2500 2620 eorum
2531 2569 2968 2624 consuetudinem
2997 2587 3117 2625 cum
3145 2573 3298 2628 malis
3317 2590 3407 2630 co-

1821 2659 2026 2704 erceret
2056 2669 2070 2704 :
2114 2662 2268 2708 erant
2305 2654 2447 2709 enim
2495 2672 2680 2711 eorum
2712 2674 2888 2714 mores
2909 2671 3064 2730 captu
3090 2677 3152 2716 ac
3178 2664 3407 2718 circum-

1819 2743 2022 2812 scriptu
2061 2742 2242 2798 faciles
2265 2786 2279 2809 ,
2324 2755 2378 2800 et
2402 2748 2700 2803 mutabiles.
2731 2747 2990 2820 Accipient
3017 2752 3069 2805 in
3090 2753 3308 2807 uanitate
3329 2755 3403 2808 ci-

1819 2834 1992 2888 vitates
2034 2843 2165 2890 tuas.
2210 2836 2359 2892 Alius
2380 2879 2394 2902 ,
2431 2837 2571 2894 Vane
2603 2840 2722 2894 elati
2755 2851 2872 2896 sunt
2898 2844 3062 2897 aznmli
3090 2846 3181 2898 tui.
3210 2845 3357 2900 Alius
3377 2887 3390 2911 ,

1820 2920 2023 2976 Inimici
2065 2925 2155 2977 tui.
2191 2925 2474 2996 Propterea
2507 2927 2713 2999 fugitet
2739 2932 2945 2997 resilit,
2972 2933 3111 3002 quod
3138 2935 3394 2990 adversus

1821 3013 1912 3069 Dei
1956 3016 2176 3084 gloriam
2227 3017 2349 3071 elati
2397 3028 2555 3081 sunt,
2601 3020 2742 3089 quod
2783 3035 2842 3076 se
2880 3021 3058 3092 inique
3084 3035 3397 3093 gesserunt,

1820 3105 1960 3174 quod
2009 3107 2165 3159 verba
2213 3106 2519 3177 blasphema
2557 3109 2760 3179 loquuti
2803 3120 2946 3166 sunt.
2988 3112 3080 3169 9-1.
3112 3113 3296 3169 Nonne
3317 3117 3403 3185 qui

1819 3198 2030 3251 oderunt
2050 3208 2096 3252 te
2118 3240 2132 3263 ,
2163 3197 2374 3253 Domine
2393 3241 2409 3266 ,
2434 3201 2639 3256 oderam
2656 3243 2672 3269 ,
2695 3211 2741 3256 et
2769 3219 2919 3273 super
2937 3205 3163 3259 inimicos
3187 3217 3298 3260 tuos
3325 3218 3403 3261 ta-

1818 3289 2066 3344 bcsccbam
2084 3291 2110 3344 .9
2134 3290 2220 3344 22.
2252 3290 2482 3361 Perfecto
2512 3293 2628 3347 odio
2653 3293 2858 3347 oderam
2881 3294 2997 3350 illos
3027 3314 3046 3350 :
3072 3296 3261 3350 inimici
3279 3298 3403 3366 facti

1818 3391 1933 3435 sunt
1978 3382 2119 3434 mihi.
2166 3381 2238 3437 Ita
2281 3384 2440 3437 etiam
2482 3384 2623 3439 Deus
2666 3385 2931 3456 pollicitus
2956 3395 3040 3442 est
3067 3403 3126 3443 se
3156 3389 3400 3445 hostibus

1820 3471 2026 3528 hostem
2073 3473 2348 3540 futurum,
2397 3483 2451 3530 et
2492 3475 2812 3532 adversariis
2865 3477 3095 3532 futurum
3143 3479 3400 3534 adversa-

1820 3567 1977 3620 rium.
2027 3567 2150 3621 llaec
2190 3568 2331 3622 enim
2378 3577 2499 3622 sunt
2542 3570 2772 3625 maxime
2815 3570 2962 3641 signa
2987 3571 3254 3627 amicitim.
3288 3572 3404 3642 Ipse

1818 3658 1996 3726 itaque
2029 3657 2136 3712 Deo
2163 3673 2257 3726 per
2280 3666 2561 3729 utrumque
2581 3660 2747 3715 vicem
2771 3661 2960 3715 reddit.
2986 3661 3241 3732 Superius
3258 3665 3402 3718 enim

1817 3751 1983 3814 dixit,
2014 3750 2145 3804 Mihi
2162 3761 2326 3804 autem
2353 3752 2497 3804 valde
2522 3752 2751 3806 honorati
2773 3762 2889 3807 sunt
2908 3755 3059 3807 amici
3087 3757 3192 3821 tui,
3228 3751 3402 3820 Deus;

1818 3841 1904 3895 hic
1934 3852 2112 3896 autem
2135 3882 2150 3908 ,
2186 3841 2287 3894 Eos
2306 3843 2392 3912 qui
2411 3853 2458 3894 te
2476 3842 2688 3896 aderunt
2711 3843 2795 3897 odi
2817 3859 2836 3896 :
2859 3843 2962 3898 illic
2983 3861 3140 3914 supra
3165 3847 3398 3911 modum,

1818 3943 1873 3988 et
1918 3935 2004 3990 hic
2031 3949 2239 4005 quoque
2266 3949 2426 4004 supra
2457 3935 2691 3989 modum.
2720 3935 2837 3990 Non
2866 3936 3036 3990 solum
3062 3937 3204 3992 enim
3232 3937 3400 4004 dicit,

1821 4025 2060 4090 Oderam,
2090 4025 2182 4080 sed
2212 4026 2392 4091 etiam,
2425 4023 2756 4079 Tabescebam
2778 4067 2791 4080 .
2815 4027 2906 4082 23.
2928 4026 3099 4080 Proba
3121 4045 3216 4092 me,
3245 4027 3399 4092 Deus,

1817 4127 1864 4171 et
1896 4118 2018 4170 scito
2062 4132 2149 4170 cor
2187 4132 2369 4169 meum.
2414 4115 2681 4186 Interroga
2716 4133 2826 4182 me,
2860 4126 2906 4170 et
2933 4135 3175 4188 cognosce
3197 4120 3401 4174 semitas

1817 4225 1954 4262 meas
1994 4223 2012 4261 :
2051 4207 2137 4262 24.
2172 4218 2217 4260 et
2241 4207 2351 4260 uide
2374 4207 2415 4262 si
2441 4208 2519 4261 uia
2543 4208 2820 4277 iniquitatis
2847 4209 2899 4262 in
2927 4225 3006 4262 me
3029 4219 3102 4262 est
3122 4249 3137 4275 ,
3168 4219 3215 4262 et
3241 4209 3405 4262 deduc

1818 4314 1897 4351 me
1935 4297 1987 4350 in
2029 4298 2108 4350 via
2145 4306 2349 4351 ceterna.
2395 4298 2551 4368 Atqui
2588 4297 2722 4352 dixit
2753 4299 2805 4352 in
2833 4299 3092 4368 principio
3124 4317 3137 4353 :
3169 4297 3404 4355 Probasti

1821 4403 1931 4454 me,
1967 4397 2013 4440 et
2041 4389 2313 4458 cognovisti
2337 4404 2431 4441 me.
2463 4386 2542 4441 Tu
2572 4390 2844 4458 cognovisti
2872 4390 3140 4443 sessionem
3164 4407 3324 4443 meam
3356 4400 3403 4444 et

1819 4479 2224 4532 resurrectionem
2267 4494 2447 4531 meam.
2493 4476 2794 4532 Intellexisti
2828 4480 3149 4548 cogitationes
3178 4497 3312 4533 meas
3339 4481 3402 4535 de

1821 4568 1968 4639 longe
2004 4584 2024 4621 :
2062 4569 2286 4622 semitam
2313 4585 2473 4622 meam
2501 4577 2546 4621 et
2577 4569 2855 4638 funiculum
2885 4585 3046 4621 meum
3070 4570 3398 4642 investigasti.

1818 4656 1886 4710 Et
1907 4674 2075 4712 omnes
2101 4661 2204 4712 vias
2231 4658 2520 4729 prcevidisti.
2547 4657 2623 4712 Tu
2641 4659 2915 4729 cognovisti
2943 4660 3110 4714 omnia
3132 4662 3403 4716 novissima

1820 4758 1869 4803 et
1896 4750 2117 4817 antiqua.
2146 4749 2425 4816 Quomodo
2455 4765 2582 4819 ergo
2610 4749 2697 4805 hic
2723 4764 2907 4805 rursus
2936 4750 3098 4820 dicit,
3129 4759 3400 4823 t:nnquam

1820 4839 2053 4892 nondum
2081 4839 2332 4907 probatus
2356 4879 2372 4904 ,
2404 4836 2572 4892 Proba
2602 4839 2724 4893 me?
2753 4839 2913 4895 Vides
2938 4841 3206 4910 quomodo
3238 4845 3402 4899 utitur

1821 4927 2065 4982 humanis
2091 4928 2409 4984 dictionibus
2427 4971 2443 4997 ,
2477 4945 2582 4984 non
2605 4940 2660 4984 ut
2684 4929 2736 4984 in
2759 4946 2819 4984 ea
2841 4932 3042 4987 vilitate
3066 4949 3398 4996 maneamus,

1819 5019 1913 5075 sed
1955 5029 2012 5073 ut
2037 5033 2156 5074 cum
2185 5020 2293 5075 Deo
2321 5021 2534 5091 dignam
2564 5022 2936 5094 cogitationem
2962 5039 3060 5095 per
3085 5027 3260 5080 omnia
3288 5026 3401 5080 col.

1820 5111 2136 5182 legerimus.
2180 5111 2247 5167 ad
2297 5113 2456 5168 altam
2502 5115 2924 5170 conscendamus
2972 5117 3397 5186 intelligentiam.

1819 5202 1956 5259 Petit
1998 5203 2138 5258 enim
2176 5214 2235 5259 ut
2276 5206 2528 5274 probetur
2566 5213 2621 5260 et
2661 5201 3171 5272 examinetur,'non
3202 5214 3258 5260 ut
3284 5207 3400 5276 ejus

1819 5309 1913 5349 cor
1959 5304 2273 5365 cognoscat,
2321 5295 2414 5366 qui
2464 5303 2588 5350 ante
2629 5297 2806 5350 omnia
2835 5298 3012 5363 novit,
3041 5298 3199 5352 etiam
3228 5299 3401 5365 prius-

1804 5401 1974 5452 quam
2020 5387 2380 5457 gignerentur,
2403 5385 2495 5441 sed
2538 5396 2594 5441 ut
2630 5401 2729 5441 nos
2767 5401 3147 5457 cognoscamus
3170 5429 3183 5448 ,
3214 5388 3304 5458 qui
3333 5404 3400 5444 ex

1817 5491 1994 5531 rerum
2025 5478 2168 5530 exitu
2208 5475 2484 5531 discimus.
2528 5476 2638 5530 lloc
2671 5477 2810 5531 enim
2852 5477 2953 5532 sibi
2979 5479 3089 5532 vult
3118 5479 3204 5535 hic
3232 5480 3357 5534 illud
3380 5521 3398 5550 ,

1879 5612 1930 5668 (α
1983 5615 2093 5658 Haec
2115 5609 2230 5658 item
2258 5607 2598 5671 interpretatio
2618 5616 2695 5660 est
2714 5609 2994 5673 Symmachi.

1880 5611 1952 5732 (bi
1985 5677 2094 5732 [nec
2115 5681 2311 5732 quoque
2336 5668 2676 5732 interpretatio
2695 5678 2771 5721 cst
2785 5677 2994 5732 Symmac

1818 5739 1834 5783 ι
2115 5647 3394 5736 Sequensou-
3431 5647 3437 5652 Ι

1846 5745 1922 5781 em
1947 5745 2063 5783 quin
2087 5743 2148 5780 te.
3289 5747 3298 5756 ί

1846 5745 1922 5781 em
1947 5745 2148 5794 quartae.
3289 5747 3298 5756 '
