3928 6442
537 322 641 379 H9

541 436 704 490 Proba
733 449 828 486 me.
869 429 931 484 Et
960 428 1069 482 vide
1095 426 1139 481 si
1167 425 1244 478 via
1268 423 1544 494 iniquitatis
1570 421 1621 474 in
1650 436 1727 474 me
1754 431 1826 473 est
1848 459 1861 483 ,
1885 429 1930 472 et
1956 418 2115 469 deduc

534 543 616 582 me
637 525 687 577 in
717 524 792 576 via
817 533 1024 575 (eterna.

615 615 706 668 Via
751 623 936 668 aeterna
972 610 1052 662 ria
1077 605 1287 661 virtutis.
1313 633 1385 644 --
1409 603 1663 671 Quzenam
1716 608 1799 654 est
1825 607 2002 653 autem
2034 597 2116 650 via

535 720 731 762 uerna
758 746 770 765 ,
815 702 914 756 nisi
959 696 1246 767 Spiritualis
1265 736 1281 761 ,
1321 705 1376 750 et
1413 710 1531 764 qua:
1557 693 1701 747 ducit
1723 690 1774 745 in
1801 701 1989 746 emtum
2019 729 2035 754 ,
2065 698 2119 743 et

533 797 683 867 cujus
728 810 828 847 non
861 801 941 846 est
971 789 1134 843 linis?
1161 789 1275 842 Alia
1304 787 1445 841 enim
1478 785 1656 838 omnia
1685 790 1809 837 sunt
1840 781 2036 835 caduca
2066 793 2120 834 et

535 895 903 942 momentanea
930 924 945 948 ,
994 891 1048 936 et
1095 882 1200 934 vita
1241 878 1490 949 praesenti
1536 874 1942 931 concluduntur.
1974 875 2117 940 Quo-

532 987 669 1034 circa
709 977 955 1032 omnibus
983 973 1353 1044 prwtermissis
1382 971 1522 1024 illam
1541 966 1742 1039 quaerit
1769 982 1886 1036 qua:
1917 975 1998 1020 est
2021 964 2120 1018 im-

533 1069 804 1132 mortalis,
853 1081 972 1136 quaz
1015 1073 1097 1118 est
1141 1061 1476 1117 interminata
1501 1099 1519 1124 ,
1565 1075 1683 1129 qua:
1722 1057 1788 1111 ad
1829 1057 1985 1110 linem
2013 1069 2118 1108 non

533 1161 790 1232 pervenit.
837 1155 1118 1223 Quomodo
1155 1163 1330 1207 autem
1373 1151 1665 1206 deducetur
1689 1149 1809 1218 quis
1833 1147 1898 1200 ad
1926 1143 2118 1200 illam?

463 1251 468 1254 ’
532 1255 587 1308 Si
633 1251 724 1306 Dei
780 1249 976 1304 auxilio
1007 1246 1240 1310 fruatur,
1269 1254 1320 1298 et
1352 1259 1414 1297 ea
1441 1259 1558 1310 qua:
1583 1256 1676 1295 sua
1700 1250 1822 1294 sunt
1847 1236 2115 1303 conferat,

533 1343 782 1396 virtutem
827 1349 1177 1410 persequens,
1229 1332 1574 1403 philoSOphia:
1603 1330 1845 1395 deditus,
1878 1340 1932 1383 et
1961 1327 2119 1382 rebus

543 1445 662 1501 qua:
709 1428 774 1482 ad
825 1427 963 1480 hanc
1005 1425 1163 1478 vitam
1211 1422 1512 1492 pertinent,
1563 1418 1826 1474 excelsior
1875 1418 2116 1472 ell'ectus.

533 1525 666 1589 Qua:
712 1521 853 1574 enim
901 1517 967 1572 ad
1014 1517 1158 1570 illam
1186 1515 1346 1568 vitam
1374 1510 1673 1582 pertinent,
1702 1525 1807 1562 non
1835 1518 1957 1562 sunt
1979 1507 2118 1560 fluxa

534 1622 589 1666 et
629 1618 1020 1665 momentanea.
1059 1607 1235 1661 Virtus
1274 1619 1500 1673 namque
1530 1602 1649 1656 talis
1674 1610 1756 1655 est
1787 1618 1799 1653 :
1829 1599 1985 1653 habet
2011 1599 2120 1652 fru-

532 1712 648 1757 ctus
667 1701 753 1770 qui
785 1708 1041 1769 perpetuo
1071 1696 1284 1760 florent,
1305 1704 1359 1748 et
1385 1708 1670 1762 numquam
1700 1691 2037 1754 flaccescunt,
2065 1701 2119 1745 et

536 1795 672 1848 bona
703 1790 1026 1846 immortalia
1055 1805 1084 1842 a
1117 1790 1220 1843 fine
1244 1797 1297 1842 et
1320 1786 1387 1841 ab
1415 1787 1628 1840 interitu
1662 1789 1877 1839 omnino
1899 1785 2070 1838 aliena
2101 1801 2114 1838 :

536 1901 653 1953 qua:
696 1882 852 1938 detur
895 1880 1048 1934 nobis
1094 1878 1337 1932 omnibus
1377 1876 1664 1945 consequi,
1694 1876 1861 1945 gratia
1890 1885 1943 1928 et
1971 1873 2119 1928 beni-

535 1975 738 2044 gnitate
777 1971 982 2025 Domini
1025 1968 1192 2023 nostri
1218 1967 1345 2022 Jesu
1371 1965 1601 2029 Christi,
1633 1965 1718 2020 cui
1745 1965 1908 2034 gloria
1937 1973 1989 2018 et
2015 1965 2118 2018 im-

536 2064 740 2133 perium
765 2101 781 2129 ,
829 2075 971 2114 nunc
1012 2067 1066 2114 et
1104 2073 1318 2128 semper
1343 2096 1359 2122 ,
1401 2055 1532 2112 etin
1561 2054 1752 2110 saecula
1779 2055 2114 2109 smculorum.

534 2154 726 2208 Amen.

951 2280 1026 2337 IN
1052 2279 1368 2336 PSALMUM
1398 2275 1686 2335 CXXXIX.

536 2396 592 2451 ἱ.
637 2393 792 2465 Eripe
829 2410 936 2461 me,
974 2391 1218 2455 Domine,
1247 2392 1308 2445 ab
1329 2392 1530 2446 homine
1552 2390 1685 2444 malo
1715 2406 1728 2444 :
1755 2406 1790 2444 a
1817 2390 1924 2445 viro
1947 2390 2119 2464 iniquo

1195 2498 1332 2551 eripe
1357 2498 1454 2535 me.

610 2596 660 2647 Ι.
698 2592 940 2647 Voluntas
968 2594 1105 2646 mala
1142 2593 1392 2647 hominem
1436 2594 1656 2664 pejorem
1683 2593 1805 2665 facit
1839 2594 1996 2664 feris;
2024 2594 2118 2648 Ito-

537 2683 659 2738 mini
701 2685 908 2737 noxium
928 2683 1056 2736 nihil
1078 2693 1260 2752 prtem
1280 2693 1576 2753 peccatum;
1605 2684 1752 2738 homo
1782 2685 1988 2739 vitiosus
2009 2687 2120 2757 [era

537 2774 830 2845 improbior.
859 2804 933 2815 ——
961 2775 1060 2830 Ubi
1098 2790 1238 2829 nunc
1276 2783 1401 2829 sunt
1424 2773 1513 2844 qui
1540 2773 1725 2830 dicunt
1749 2816 1764 2842 ,
1795 2776 1971 2843 Quare
1994 2783 2121 2832 sunt

537 2869 700 2924 ferae?
744 2882 911 2938 quare
948 2867 1180 2936 scorpii?
1221 2883 1387 2937 quare
1435 2865 1670 2936 viperae?
1696 2866 1836 2922 Ecce
1861 2868 2004 2922 enim
2032 2868 2118 2923 in-

536 2971 750 3016 ventum
797 2969 879 3015 est
925 2959 1155 3025 animal,
1199 2959 1339 3030 quod
1367 2959 1624 3028 majorem
1653 2959 1886 3014 ostendit
1915 2960 2119 3030 impro-

537 3053 753 3110 bitatem
775 3095 790 3120 ,
833 3069 941 3108 non
971 3069 1036 3109 ex
1067 3063 1249 3108 natura
1271 3094 1286 3118 ,
1330 3054 1422 3108 sed
1454 3067 1519 3106 ex
1551 3052 1713 3106 libera
1743 3051 1909 3106 animi
1935 3052 2122 3107 volun-

537 3153 644 3198 tate
663 3184 678 3210 ,
710 3159 900 3212 nempe
930 3142 1109 3197 homo.
1143 3137 1268 3195 Ideo
1288 3139 1551 3210 propheta
1588 3159 1801 3214 quoque
1825 3143 1927 3198 iliis
1949 3143 2122 3198 omni-

544 3235 646 3289 bus
697 3234 1102 3302 praetermissis,
1154 3241 1305 3302 rogat
1352 3243 1409 3286 ut
1451 3231 1518 3285 ab
1553 3244 1620 3287 eo
1658 3229 1942 3288 liberatur.
1985 3232 2122 3302 Quid

541 3341 703 3394 ergo,
744 3325 830 3379 die
883 3324 1043 3391 milii,
1082 3339 1302 3393 quzeso,
1342 3325 1592 3394 quoniam
1639 3324 1683 3378 is
1728 3324 1844 3378 talis
1869 3334 1983 3391 est,
2016 3341 2121 3380 non

543 3416 776 3484 oportuit
816 3415 954 3484 gigni
1000 3413 1278 3468 homines?
1323 3413 1429 3468 Sed
1469 3425 1723 3468 extremte
1764 3423 1845 3469 est
1877 3417 2122 3471 amentia:

537 3505 640 3560 hoc
685 3507 892 3560 discere
936 3523 948 3558 :
997 3505 1125 3559 nihil
1172 3505 1310 3559 enim
1343 3515 1425 3559 est
1449 3505 1591 3574 quod
1620 3504 1776 3559 laedat
1806 3505 2076 3561 hominem
2103 3547 2120 3574 ,

537 3595 638 3650 nisi
668 3596 842 3649 solum
875 3605 1150 3665 peccatum
1185 3612 1198 3648 :
1230 3610 1294 3650 eo
1319 3605 1495 3649 autem
1521 3595 1731 3652 sublato
1754 3638 1766 3661 ,
1797 3599 1974 3651 omnia
2000 3609 2124 3652 sunt

536 3686 709 3743 facilia
734 3728 747 3751 ,
795 3688 1035 3758 expedita
1057 3729 1072 3752 ,
1118 3702 1180 3742 ac
1209 3687 1486 3758 tranquilla
1519 3705 1533 3742 :
1563 3689 2008 3760 quemadmodum
2030 3733 2044 3754 ,
2077 3692 2122 3745 si

537 3780 588 3836 id
635 3781 802 3846 adsit,
831 3788 952 3834 sunt
979 3781 1155 3834 omnia
1187 3782 1426 3851 scopuli,
1453 3790 1798 3852 tempestates
1825 3793 1877 3838 et
1905 3783 2123 3838 naufra-

536 3873 639 3940 gia.
683 3871 851 3926 Nemo
893 3882 1069 3926 autem
1115 3887 1212 3926 nos
1243 3873 1592 3939 condemnet,
1622 3874 1666 3928 si
1697 3874 1934 3954 dicamus
1962 3876 2124 3930 vitio-

538 3977 655 4016 sum
699 3962 966 4016 hominem
1013 3977 1131 4017 esse
1159 3961 1270 4016 fera
1301 3963 1679 4032 improbiorem
1711 3982 1724 4017 :
1757 3980 1818 4019 ea
1846 3965 1988 4019 enim
2021 3965 2122 4020 etsi

547 4054 837 4106 naturalem
882 4070 988 4107 non
1035 4054 1193 4108 habet
1220 4057 1678 4134 mansuetudinem
1704 4098 1718 4122 ,
1748 4067 1921 4127 potest
1948 4067 2124 4114 tamen

540 4142 698 4197 facile
741 4143 952 4213 decipi,
998 4153 1052 4197 et
1097 4145 1148 4198 id
1192 4145 1331 4214 quod
1367 4157 1483 4214 est,
1516 4163 1633 4203 esse
1659 4151 1897 4205 cernitur
1923 4169 1934 4203 :
1965 4153 2124 4206 homo

539 4245 718 4289 autem
763 4252 851 4304 qui
897 4235 1071 4290 scelus
1117 4235 1404 4291 meditatur
1441 4280 1454 4304 ,
1481 4248 1536 4293 et
1562 4240 1743 4294 multis
1770 4256 1827 4295 se
1853 4242 2011 4297 larvis
2039 4245 2122 4298 in-

540 4327 699 4392 duit,
746 4327 903 4396 longe
946 4325 1212 4381 difficilius
1261 4328 1574 4384 observatur
1614 4339 1666 4384 et
1712 4342 1926 4387 cavetur
1967 4350 2123 4404 quam

545 4417 684 4483 fera,
731 4427 788 4472 ut
832 4418 922 4488 qui
966 4418 1082 4473 ovis
1128 4419 1320 4490 pellem
1353 4437 1497 4490 smpe
1527 4438 1634 4491 pra:
1663 4437 1720 4476 se
1754 4423 1920 4491 ferat,
1943 4426 2125 4496 lupum

541 4518 718 4563 autem
745 4509 884 4564 intus
908 4510 1131 4564 occultet
1164 4527 1177 4562 :
1209 4520 1262 4566 et
1284 4511 1406 4565 ideo
1425 4512 1596 4580 multi,
1622 4513 1746 4567 dum
1779 4529 1882 4568 non
1910 4526 2121 4584 cavent,

545 4598 598 4652 in
649 4599 910 4666 ejusmodi
963 4598 1237 4654 hominum
1297 4601 1516 4672 laqueos
1563 4603 1818 4658 incidunt.
1865 4605 2125 4672 Quoniam

542 4702 672 4758 ergo
698 4703 805 4742 non
829 4689 984 4744 facile
1007 4689 1332 4760 deprehendi
1374 4705 1595 4762 possunt
1623 4695 1884 4762 ejusmodi
1912 4696 2124 4764 bestim,

543 4778 802 4847 prepheta
845 4777 910 4833 ad
941 4795 1125 4849 preces
1154 4785 1482 4836 convertitur
1507 4823 1520 4848 ,
1553 4793 1608 4838 et
1637 4785 1728 4840 Dei
1755 4785 2004 4854 implorat
2027 4802 2125 4839 au-

542 4869 727 4925 xilium
749 4909 765 4934 ,
795 4878 850 4923 ut
878 4884 907 4923 a
935 4868 1126 4924 talibus
1153 4869 1408 4927 liberetur
1438 4874 1659 4929 insidiis.
1689 4875 1960 4944 Ejusmodi
1985 4878 2126 4931 enim

543 4959 788 5015 homines
816 4974 958 5029 saepe
986 4959 1129 5014 subit
1151 4959 1425 5028 diabolus,
1459 4972 1514 5018 et
1541 4964 1610 5017 ita
1642 4965 1782 5019 ferit.
1814 4966 1971 5020 Multa
1998 4982 2126 5037 ergo

541 5061 668 5108 sunt
687 5093 704 5119 ,
734 5068 851 5121 qua:
881 5051 1103 5106 tendunt
1127 5053 1359 5123 undique
1389 5055 1626 5109 insidias.
1658 5057 1790 5111 Nam
1819 5059 1980 5112 homo
2006 5075 2128 5115 sce-

543 5146 743 5201 leratus
785 5145 886 5199 hoc
932 5143 1085 5208 facit,
1116 5155 1168 5200 et
1199 5161 1369 5200 smvus
1395 5148 1602 5202 daemon
1635 5150 1832 5204 bellum
1864 5153 2001 5222 gerit
2025 5196 2039 5217 ,
2071 5165 2126 5210 et

533 5235 875 5292 intoleranda
907 5237 1129 5291 tentalio
1158 5237 1455 5292 molestiam
1480 5240 1714 5294 exhibet.
1739 5241 2003 5308 Quocirca
2031 5245 2126 5298 do-

541 5343 726 5384 cemur
750 5337 962 5382 orantes
989 5328 1166 5383 dicere
1186 5371 1201 5393 ,
1236 5326 1318 5382 Ne
1346 5345 1435 5382 nos
1461 5330 1668 5383 inducas
1695 5333 1744 5383 in
1780 5334 2124 5402 Imitationem,

541 5419 632 5473 sed
658 5419 812 5474 libera
840 5437 930 5474 nos
959 5431 990 5473 α
1024 5422 1156 5474 malo
1187 5421 1398 5491 (Martii.
1435 5424 1488 5477 6.
1523 5423 1632 5492 15).
1667 5423 1841 5478 Variae
1873 5437 1998 5480 sunt
2030 5443 2126 5496 pu—

543 5523 661 5573 gnzn
679 5549 696 5576 ,
721 5511 968 5580 aciesque
989 5511 1322 5583 multiplices,
1356 5525 1407 5568 et
1437 5523 1648 5582 oportet
1674 5530 1793 5569 esse
1821 5527 2031 5584 paratos
2053 5518 2120 5571 ad

546 5600 746 5655 omnia.
791 5601 938 5656 Sicut
982 5603 1121 5672 enim
1160 5605 1248 5672 qui
1290 5603 1356 5658 ad
1399 5620 1546 5658 mare
1578 5620 1658 5659 est
1688 5621 2000 5660 accessurus
2024 5647 2041 5672 ,
2073 5617 2127 5662 et

553 5701 814 5755 aquarum
837 5688 1189 5744 violentarum
1213 5687 1496 5770 impetum,
1532 5695 1637 5751 vim
1668 5696 1976 5754 immanium
1998 5713 2126 5754 ven-

1220 310 1277 366 S.
1320 307 1595 364 JOANNIS
1630 302 2098 361 CHRYSOSTOSII
2138 300 2454 358 ARCHIEP.
2495 294 3031 354 CONSTANTINOP.
3630 299 3700 354 ut)

2229 424 2434 479 torum,
2482 411 2700 466 nubium
2747 423 3064 464 concursum
3091 442 3136 474 ,ι
3159 422 3406 478 rupesque
3440 416 3486 463 et
3517 412 3699 480 scopulos

2224 505 2480 567 marinos,
2509 501 2804 555 belluarum
2833 499 3204 568 irruptionem,
3231 499 3488 566 piratarum
3511 499 3704 557 incursio-

2222 612 2374 658 nem,
2422 596 2611 647 famem
2631 634 2647 658 ,
2695 592 2836 646 sitim
2861 633 2876 657 ,
2913 591 3194 645 stationem
3225 605 3325 644 non
3353 591 3465 644 satis
3491 600 3620 645 tutam
3642 608 3704 645 na.

2224 688 2378 742 vibus
2398 727 2412 752 ,
2442 695 2720 740 nautarum
2750 684 3200 752 contemptionem
3219 725 3234 746 ,
3264 681 3427 736 viatici
3447 682 3712 750 inopiatn,et

2223 790 2568 847 quzecumque
2623 783 2747 828 sunt
2799 771 3096 843 ejusmodi,
3144 771 3302 827 debet
3349 772 3632 826 considerare
3667 789 3711 826 ac

2225 867 2531 937 prospicere
2554 907 2569 933 ,
2615 874 2670 919 et
2715 863 2970 918 adversus
3008 878 3070 918 ea
3100 865 3274 918 omnia
3299 865 3453 918 aciem
3476 863 3712 918 instruere:

2224 958 2294 1012 ita
2322 957 2480 1012 etiam
2507 956 2596 1025 qui
2622 955 2766 1009 venit
2794 953 2845 1008 in
2873 954 3114 1022 euripum
3140 953 3260 1007 vita:
3290 953 3554 1022 prresentis,
3575 953 3712 1007 adrer-

2223 1064 2316 1105 sus
2343 1048 2586 1119 corporis
2611 1047 2918 1102 affectiones
2935 1088 2950 1113 ,
2982 1047 3239 1102 adversus
3263 1043 3463 1101 morbos
3479 1046 3718 1114 auimi,ad-

2222 1153 2408 1194 versus
2453 1137 2728 1192 hominum
2773 1137 2990 1192 insidias
3013 1179 3030 1202 ,
3069 1137 3323 1192 adversus
3359 1139 3641 1196 inimicorum
3660 1138 3718 1192 in.

2220 1243 2406 1285 cursus
2429 1268 2444 1293 ,
2495 1234 2680 1283 contra
2731 1228 2973 1282 [ictorum
3017 1228 3307 1284 amicorum
3343 1227 3562 1294 fraudes,
3587 1237 3720 1284 contra

2225 1328 2586 1391 paupertatem
2631 1334 2693 1374 ac
2736 1329 3030 1386 tormenta,
3060 1320 3315 1374 adversus
3342 1319 3722 1387 contumelias,et

2223 1411 2525 1465 daemonum
2569 1411 2856 1480 phalanges
2895 1409 3198 1480 diabolique
3227 1410 3477 1477 furorem,
3503 1426 3583 1481 par
3603 1415 3726 1467 estut

2222 1517 2282 1558 se
2323 1511 2605 1572 praeparet,
2639 1501 2683 1555 si
2713 1501 2926 1571 quidem
2961 1502 3028 1555 sit
3057 1501 3110 1556 in
3142 1501 3320 1556 urbem
3351 1501 3530 1571 regiam
3554 1515 3724 1571 perven-

2223 1602 2373 1648 turus
2396 1634 2411 1658 ,
2441 1601 2497 1648 et
2526 1593 2793 1647 mercibus
2821 1601 3042 1647 onustus
3062 1590 3115 1647 in
3144 1603 3349 1664 portum
3377 1594 3668 1664 appulsurus.

2295 1682 2536 1736 Diabolus
2572 1685 2797 1737 absolute
2834 1683 3042 1747 malus;
3083 1684 3247 1738 malus
3287 1680 3589 1753 sibiipsisoli
3610 1689 3727 1734 nocet.

2221 1803 2288 1812 —
2313 1773 2485 1842 Atque
2510 1772 2598 1827 hic
2625 1772 2840 1842 quidem
2863 1783 3019 1827 vocat
3044 1773 3244 1826 malum
3268 1773 3517 1827 hominem
3540 1789 3551 1824 :
3572 1769 3729 1841 quando

2224 1871 2403 1916 autem
2453 1862 2686 1932 loquitur
2731 1860 2800 1918 de
2847 1862 3093 1929 diabolo,
3144 1863 3386 1917 absolute
3427 1859 3542 1916 dicit
3566 1860 3728 1915 malum.

2222 1954 2460 2022 Quanam
2501 1952 2567 2008 de
2594 1953 2796 2008 causa?
2826 1953 3086 2021 Quoniam
3118 1952 3232 2022 ipse
3258 1963 3340 2008 est
3373 1961 3511 2022 pater
3533 1948 3727 2019 improbi-

2227 2044 2348 2098 tatis
2373 2061 2386 2097 :
2419 2053 2473 2099 et
2503 2043 2621 2099 ideo
2649 2042 2842 2099 dicitur
2867 2043 3036 2098 malus
3065 2057 3160 2113 per
3186 2044 3575 2107 excellentiam,
3604 2051 3646 2094 et
3668 2053 3733 2108 pro

2221 2137 2438 2191 nomine
2490 2136 2709 2206 proprio
2753 2133 2946 2190 sufficit
2988 2133 3306 2204 adjectivom
3351 2143 3550 2204 propter
3581 2128 3732 2199 insigne

2221 2225 2406 2282 vitium
2430 2268 2445 2294 ,
2491 2226 2632 2297 quod
2657 2226 2870 2296 quidem
2902 2241 3008 2282 non
3034 2236 3116 2281 est
3139 2226 3356 2282 insitum
3385 2235 3585 2290 natura,
3610 2220 3680 2276 sed
3699 2219 3732 2273 ei

2221 2319 2463 2374 accessit.
2493 2315 2646 2385 Quod
2675 2317 2720 2372 si
2749 2317 2908 2372 etiam
2937 2317 3073 2372 seire
3106 2317 3242 2372 velis
3269 2315 3410 2370 unde
3431 2317 3494 2369 sit
3514 2312 3731 2368 deductum

2221 2426 2416 2465 nomen
2463 2408 2852 2479 improbitatis,
2898 2424 3142 2478 magnum
3173 2423 3386 2480 quoque
3423 2409 3535 2462 hinc
3561 2406 3730 2460 fructum

2217 2500 2506 2569 percipies.
2552 2497 2867 2570 lmprobitas
2905 2498 3047 2555 enim
3095 2498 3283 2556 Graece
3307 2501 3444 2555 dicta
3466 2507 3542 2553 est
3564 2507 3732 2566 πονηρία,

2221 2605 2288 2646 eo
2329 2589 2470 2661 quod
2517 2599 2684 2654 πόνον,
2729 2589 2830 2644 hoc
2870 2598 2988 2656 est,
3017 2590 3254 2646 laborem
3280 2599 3338 2647 et
3365 2603 3624 2645 aerumnam
3647 2601 3734 2658 pos-

2223 2684 2422 2740 sessori
2465 2684 2670 2740 afferat.
2699 2684 2958 2752 Quocirca
2987 2683 3201 2754 quidam
3232 2685 3446 2753 sapiens
3473 2682 3564 2737 hoc
3588 2679 3735 2750 signifi-

2223 2789 2350 2831 cans
2392 2776 2523 2832 dicit
2552 2794 2565 2829 :
2599 2774 2663 2831 Si
2689 2777 2757 2830 sis
2784 2775 2974 2840 malus,
3005 2775 3142 2828 solus
3169 2775 3374 2830 haurias
3400 2775 3528 2828 maia
3555 2788 3570 2825 :
3594 2772 3655 2825 sin
3675 2768 3734 2821 bo-

2222 2884 2317 2923 nus
2335 2907 2350 2934 ,
2375 2868 2464 2921 tibi
2487 2868 2586 2937 ipsi
2603 2876 2750 2937 atque
2772 2866 2871 2920 tuis
2888 2865 3127 2936 proximis
3155 2864 3340 2936 (Prov.
3371 2865 3424 2922 9.
3455 2863 3556 2935 l2).
3578 2863 3628 2916 Et
3644 2872 3735 2929 quo-

2223 2957 2383 3013 modo
2409 2999 2422 3022 ,
2445 2958 2587 3014 dicet
2615 2958 2902 3028 quispiam,
2929 2957 3105 3010 malus
3132 2957 3281 3012 solus
3313 2954 3448 3011 mala
3477 2953 3657 3009 haurit?
3676 2953 3738 3003 At-

2225 3050 2317 3120 qui
2361 3050 2554 3104 multos
2599 3049 2806 3120 probris
2850 3057 2903 3105 et
2933 3047 3275 3103 contumeliis
3299 3045 3480 3102 afﬁcit.
3508 3043 3598 3099 Sed
3619 3039 3739 3096 nemi-

2225 3157 2349 3197 nem
2391 3140 2575 3209 laedit,
2619 3141 2708 3211 qui
2751 3154 2857 3194 non
2891 3140 2959 3194 sit
2985 3139 3202 3208 mollis,
3227 3137 3450 3209 ignavus
3477 3144 3527 3192 et
3551 3136 3678 3190 iners.
3699 3126 3742 3182 Et

2226 3233 2271 3286 si
2298 3231 2430 3288 velis
2451 3272 2466 3298 ,
2497 3232 2637 3286 man
2665 3230 2879 3285 homine
2905 3229 3124 3286 dimisso
3143 3272 3157 3296 ,
3192 3230 3369 3299 ipsum
3400 3230 3580 3283 malum
3601 3224 3742 3280 demo-

2226 3340 2350 3380 nem
2395 3325 2449 3377 in
2476 3323 2709 3378 medium
2739 3322 3082 3378 adducamus.
3115 3323 3209 3378 Dic
3237 3325 3375 3378 mihi
3407 3334 3598 3389 autem,
3619 3328 3743 3371 annon

2225 3430 2436 3470 omnem
2476 3429 2626 3469 suam
2668 3413 2854 3469 eli‘udit
2899 3415 3340 3484 improbitatem?
3366 3430 3488 3470 num
3513 3403 3744 3466 lmsitiobl

2227 3521 2404 3560 annon
2447 3505 2595 3559 illum
2635 3505 2846 3576 quidem
2887 3503 3119 3561 reddidit
3158 3507 3478 3571 clariorem,
3509 3504 3597 3560 sibi
3617 3510 3744 3555 autem

2227 3597 2526 3667 graviorem
2554 3597 2757 3666 lapsum
2779 3599 3122 3667 procuravit?
3147 3599 3287 3666 Quid
3311 3615 3435 3656 vero
3458 3595 3600 3653 Cain?
3622 3603 3747 3647 annon

2228 3689 2374 3744 solus
2421 3689 2558 3744 mala
2605 3689 2816 3745 hausit?
2865 3688 3015 3756 Non,
3064 3692 3266 3762 inquit,
3321 3692 3418 3748 sed
3460 3692 3606 3747 etiam
3639 3680 3748 3741 Abel-

2228 3781 2505 3850 Quomodo
2527 3822 2545 3848 ,
2577 3791 2632 3836 et
2657 3797 2758 3852 qua
2788 3781 3030 3835 ratione?
3052 3782 3183 3848 Quia
3209 3784 3458 3838 celeriter
3478 3776 3750 3836 transmissus

2229 3880 2312 3926 est
2354 3875 2407 3926 in
2453 3880 2662 3941 portum
2707 3872 2868 3926 nullis
2893 3871 3140 3928 [luctibus
3166 3873 3447 3943 agitatum.
3474 3870 3573 3929 Sed
3598 3869 3677 3922 hoc
3696 3869 3751 3917 est

2229 3964 2516 4018 maximum
2561 3978 2730 4034 genus
2771 3963 3048 4032 beneficii,
3080 3964 3221 4035 quod
3267 3982 3329 4022 re
3355 3981 3385 4020 a
3414 3979 3473 4022 se
3504 3972 3632 4019 recte
3651 3963 3751 4027 gesu

2231 4043 2419 4111 obierit
2440 4096 2454 4120 ,
2486 4057 2626 4126 quod
2654 4055 2708 4111 in
2738 4058 3008 4111 communi
3040 4069 3242 4113 natura:
3269 4059 3451 4115 debito
3473 4057 3621 4128 probe
3637 4063 3751 4118 nego-

2232 4145 2392 4201 tiatus
2437 4148 2522 4200 sit.
2555 4146 2686 4201 Nam
2714 4147 2856 4217 quod
2885 4159 3002 4203 erat
3029 4149 3148 4204 aliis
3174 4163 3493 4215 commune,
3519 4158 3569 4204 et
3592 4143 3753 4200 accide-

2231 4239 2318 4292 bat
2345 4254 2410 4291 ex
2441 4239 2794 4304 necessitate,
2825 4238 2925 4294 hoc
2954 4241 3001 4294 ei
3029 4255 3146 4295 cum
3177 4244 3358 4311 ampla
3391 4238 3620 4296 mercede
3643 4245 3753 4287 acce-

2231 4328 2326 4382 dit.
2378 4327 2489 4382 lloc
2538 4344 2642 4383 non
2687 4339 2801 4384 erat
2839 4329 3036 4384 malum
3076 4331 3380 4399 suStinere,
3426 4332 3514 4386 sed
3539 4327 3753 4384 clariorem

2231 4419 2391 4488 capiti
2420 4434 2672 4474 coronam
2700 4420 2998 4490 imponere.
3030 4421 3164 4489 Quid
3193 4438 3325 4477 vero
3347 4421 3540 4493 .loseph
3564 4416 3754 4473 laeserunt

2231 4508 2460 4564 fratres?
2491 4525 2666 4566 nonne
2701 4512 2799 4580 ipsi
2828 4511 2925 4566 soli
2952 4513 3091 4566 mala
3119 4511 3459 4570 hauserunt?
3487 4517 3552 4569 At
3573 4510 3682 4571 fuit,
3703 4507 3755 4557 in—

2231 4599 2378 4672 quit,
2424 4616 2630 4656 servus.
2671 4599 2808 4669 Quid
2850 4603 2998 4656 tum?
3043 4603 3153 4674 Ego
3190 4621 3322 4658 vero
3365 4606 3484 4659 dico
3509 4617 3617 4659 eum
3639 4597 3752 4652 etiam

2231 4695 2468 4748 vinctum
2498 4694 2515 4726 ⁸
2561 4693 2744 4749 fuisse.
2775 4695 2880 4750 Sed
2910 4711 3014 4749 non
3042 4696 3249 4752 esthoc
3279 4698 3423 4768 quod
3445 4696 3687 4768 qureritur,
3710 4701 3754 4740 an

2234 4784 2393 4840 fuerit
2434 4801 2621 4842 servus
2641 4827 2657 4852 ,
2687 4795 2742 4842 et
2775 4788 2828 4842 in
2858 4789 3080 4844 vinculis
3114 4807 3126 4840 :
3159 4789 3253 4844 sed
3285 4807 3353 4844 an
3381 4807 3446 4846 ex
3477 4804 3538 4845 eo
3562 4787 3754 4843 damnum

2234 4877 2398 4930 ullum
2425 4877 2711 4948 acceperit.
2733 4875 3067 4934 Contrarium
3095 4881 3236 4935 enim
3267 4882 3592 4944 invenimus,
3616 4885 3756 4940 nempe

2233 4982 2355 5022 eum
2407 4969 2629 5037 plurima
2681 4968 2943 5025 lucratum
2994 4985 3148 5039 esse,
3197 4973 3371 5042 utqui
3401 4968 3613 5041 sitapud
3636 4966 3754 5020 Deum

2234 5059 2513 5130 plurimam
2560 5057 2806 5114 ﬁduciam
2845 5071 3234 5131 consequutus,
3265 5073 3323 5118 et
3348 5079 3446 5134 per
3470 5079 3529 5117 ea
3553 5073 3653 5130 qua:
3675 5065 3756 5109 esse

2233 5149 2547 5205 videbantur
2574 5150 2872 5219 contraria,
2901 5164 3221 5222 praesentem
3251 5153 3517 5226 acceperit
3543 5140 3752 5222 prospeii'

2236 5251 2393 5296 tatem
2402 5281 2416 5294 .

2303 5330 2531 5402 [mprobi
2569 5349 2669 5386 non
2695 5335 2932 5403 timendi,
2962 5336 3050 5389 sed
3079 5336 3374 5392 miserandi.
3407 5335 3555 5391 Malis
3591 5324 3756 5386 Ιιοιπὶηἰ·

2235 5423 2324 5477 bus
2350 5440 2449 5477 non
2476 5425 2842 5480 insultantium.
2875 5425 2900 5479 1
2908 5427 3224 5497 mproborunt
3255 5427 3556 5483 consuetudo
3585 5417 3756 5479 vitanda-

2233 5543 2304 5557 —-
2327 5513 2403 5569 Ne
2433 5515 2588 5586 igitur
2618 5517 2896 5572 timeamus
2919 5519 3211 5590 improbos,
3232 5521 3330 5576 sed
3359 5535 3537 5576 eorum
3561 5517 3755 5573 miserea-

2299 5647 2315 5680 ι
2350 5649 2614 5718 Gentianus
2637 5656 2878 5718 Hervetus
2898 5654 3002 5718 qui,
3027 5661 3228 5713 δισπὸτηςν
3247 5667 3355 5718 μιᾳ,
3376 5662 3578 5714 inopem,
3593 5660 3746 5715 intextu

2221 5710 2390 5763 Graeco
2420 5708 2628 5773 legerat,
2649 5713 2814 5774 vertit,
2844 5708 3115 5779 Domitium,
3153 5708 3260 5780 pro,
3284 5708 3508 5766 rem)»
