3928 6414
157 385 242 444 ιιι
928 397 932 401 ‘
1144 383 1513 444 EXPOSITIO
1553 385 1622 443 IN
1657 388 1684 443 ῐ

1795 384 1993 441 ιΜωι
2021 385 2308 442 CXXXIX.

154 491 491 567 μανθάνοντες.
523 491 593 546 Τὸ
620 492 751 566 γάρ,
782 494 1118 565 Δοκίμασόν
1143 517 1241 570 με,
1274 501 1509 557 ἐνταῦθα
1530 502 1688 557 τοῦτό

152 585 268 636 ἐστι.
284 580 382 636 Καί
403 579 488 633 ίδε
503 582 555 634 εί
581 580 722 649 ὁδὸς
745 583 995 654 ἀνομίας
1009 586 1079 640 ἐν
1094 587 1248 657 ἐμοὶ,
1263 589 1361 644 καί
1382 591 1693 661 όδήγησόν

145 686 211 739 με
231 669 295 722 ἐν
318 666 428 733 ὀδῷ
448 668 671 737 alendo}.

210 767 331 822 Ποία
375 767 429 821 δέ
456 768 601 821 ἐστιν
639 769 834 825 αίωνία
865 772 1003 838 ὁδὸς,
1044 773 1220 848 ἀλλ’ἢ
1253 779 1286 848 ἡ
1319 781 1688 852 πνευματικὴ,

148 856 227 910 καὶ
256 854 381 926 πρὸς
418 855 640 927 οὐρανὸν
671 857 968 928 ἀνάγουσα,
998 863 1093 916 καὶ⁸
1124 857 1193 935 ἧς
1217 875 1245 904 ι
1279 865 1343 919 τὸ
1394 866 1546 932 τέλος
1592 869 1693 921 οὑκ

148 942 247 1007 Evt;
283 942 364 1006 Ὠς
388 941 456 995 τά
492 958 555 1012 γε
588 942 723 998 ἀλλα
763 947 942 1001 πάντα
981 949 1221 1023 ἐπίκηρα
1244 953 1454 1022 γέγονε,
1483 954 1578 1009 καὶ
1614 953 1695 1025 τῷ

147 1029 343 1101 παρόντι
394 1030 821 1098 συγκαταλύεται
876 1033 996 1108 βίῳ.
1049 1038 1142 1091 Διὸ
1196 1039 1262 1110 δὴ
1316 1041 1493 1096 πάντα
1540 1042 1691 1116 [418]

147 1116 481 1192 παραδραμὼν
529 1120 747 1193 ἐκείνην
778 1121 950 1195 ζητεῖ,
982 1125 1081 1198 τὴν
1107 1127 1393 1195 ἀθάνατον,
1426 1129 1525 1202 τὴν
1552 1130 1693 1185 ἀπέε-

148 1223 334 1277 ραντον,
377 1205 474 1279 τὴν
518 1208 599 1272 είς
641 1209 796 1274 τέλος
849 1212 951 1266 οὑκ
985 1212 1337 1271 ἀπαντῶσαν.
1377 1218 1501 1281 Πῶς
1539 1219 1585 1273 δ’
1624 1221 1691 1274 ἄν

146 1309 214 1357 τις
250 1293 526 1368 όδηγηθείη
576 1296 714 1368 πρὸς
766 1299 1022 1372 ἐκείνην;
1057 1302 1168 1374 Τῆς
1207 1304 1363 1378 παρὰ
1408 1305 1505 1360 τοῦ
1552 1305 1690 1361 Θεοῦ

146 1383 290 1452 ῥιπῆς
312 1383 609 1451 ἀπολαύων,
650 1388 745 1442 καὶ
781 1387 851 1442 τὰ
896 1389 1025 1461 παρ’
1055 1390 1250 1446 ἐαυτοῦ
1299 1396 1687 1468 συνεισφέρων,

144 1471 312 1542 ἀρετὴν
335 1471 550 1542 μετιὼν,
576 1474 893 1546 φιλοσοφίας
907 1477 1330 1550 ἐπειλημμένος,
1362 1480 1692 1554 ὑψηλότερος

144 1558 232 1611 τῶν
250 1558 505 1629 βιωτικῶν
534 1562 839 1633 γινόμενος.
873 1564 953 1618 Τὰ
972 1564 1081 1638 γάρ
1107 1570 1172 1620 ἐκ
1199 1568 1297 1637 τῆς
1332 1568 1451 1623 ὁδοῦ
1476 1570 1691 1642 ἐκείνης

144 1647 224 1701 οὐκ
252 1646 386 1701 ἐστιν
415 1649 689 1722 ἐφήμερα,
717 1651 839 1707 οὐδὲ
868 1653 1200 1726 πρόσκαιρα.
1232 1655 1487 1711 Τοιοῦτον
1516 1658 1627 1731 γὰρ
1655 1660 1690 1731 ἡ

143 1737 310 1809 ἀρετή⁹
346 1737 609 1810 διηνεκεῖς
654 1739 769 1811 ἔχει
797 1743 925 1808 τοὺς
962 1746 1209 1817 καρποὺς
1245 1744 1561 1812 ἀνθοῦντας,
1596 1748 1692 1803 καὶ

145 1824 381 1894 μηδέποτε
439 1828 896 1900 μαραινομένους,
932 1831 1029 1885 καὶ
1069 1831 1140 1886 τὰ
1185 1831 1367 1900 ἀγαθὰ
1406 1834 1649 1890 ἀθάνατα
1672 1877 1688 1901 ,

143 1910 218 1964 καὶ
241 1912 501 1985 ἀκήρατα,
543 1914 637 1967 καὶ
689 1915 1051 1987 ἀτελεύτηταο
1096 1911 1173 1973 ὧν
1221 1920 1433 1989 γένοιτο
1481 1923 1692 1989 πάντας

141 2000 260 2067 ἡμᾶς
305 2001 609 2072 ἐπιτυχεῖν,
656 2003 839 2076 χάριτι
887 2005 981 2059 καὶ
1026 2005 1408 2080 φιλανθρωπίᾳ
1438 2010 1534 2064 τοῦ
1577 2013 1692 2066 Κυ-

72 2140 73 2173 1
144 2088 236 2157 ρίου
264 2089 411 2161 ἡμῶν
461 2090 639 2162 Ἰησοῦ
678 2093 916 2165 Χριστοῦ
943 2134 959 2161 ,
992 2087 1038 2162 ᾧ
1081 2096 1116 2166 ή
1152 2096 1281 2162 δόξα
1329 2099 1422 2153 καὶ
1464 2100 1526 2153 τὸ
1554 2102 1691 2171 κρά.

140 2192 242 2242 τος,
276 2179 364 2233 νῦν
398 2181 489 2235 καὶ
539 2180 646 2246 ἀεὶ,
680 2182 773 2236 καὶ
799 2184 878 2248 είς
906 2185 1033 2250 τοὺς
1067 2185 1270 2251 αἰῶνας
1307 2187 1415 2240 τῶν
1454 2187 1684 2245 αἰώνων.

72 2324 73 2329 η
151 2264 311 2337 Ἀμήν.

478 2415 593 2468 ΕΙΣ
632 2415 769 2469 ΤΟΝ
805 2417 953 2472 ΡΛΕΥ
994 2418 1314 2473 ΨΛΛΜΟΝ.

72 2518 73 2539 ³
150 2513 366 2580 Ἐξελοῦ
401 2536 502 2589 με,
531 2504 729 2590 Κύριε,
769 2519 838 2583 ἐξ
876 2521 1193 2588 ἀνθρώπου
1223 2524 1528 2590 πονῳοῦθ
1569 2515 1704 2581 ἀπό

505 2588 733 2656 ἀνδρὸς
759 2590 972 2645 ἀδίκου
984 2591 1175 2660 ῥῦσαί
1196 2612 1295 2665 με.

192 2699 249 2747 ε’.
270 2693 369 2749 Ποῦ
406 2695 503 2750 νῦν
546 2695 682 2749 εἰσιν
705 2697 752 2749 οἱ
779 2695 1030 2765 λέγοντες
1048 2715 1063 2729 ·
1096 2700 1196 2753 Δια
1224 2700 1276 2755 τί
1298 2701 1494 2773 θηρίας
1527 2703 1616 2757 διὰ
1636 2702 1687 2757 τί

72 2790 74 2817 ι
139 2781 382 2851 σκορπίοι;
409 2782 499 2836 διὰ
522 2783 578 2836 τί
599 2782 686 2853 ἔχε
696 2800 771 2849 ις;
790 2783 919 2838 ’1δοὺ
938 2784 1046 2858 γάρ
1062 2785 1291 2860 εὓρηται
1308 2788 1446 2855 ζῶον
1466 2790 1687 2846 πλείονα

72 2864 74 2911 ζ
136 2868 298 2922 κακίαν
312 2870 772 2942 ἐπιδεικνύμενον,
792 2872 855 2925 οὑ
873 2872 1022 2943 παρά
1042 2872 1141 2945 τὴν
1174 2875 1355 2945 φύσιν,
1374 2877 1510 2932 ἀλλά
1536 2878 1686 2951 παρά

132 2971 174 3007 τι
191 2975 214 3008 ν
238 2958 470 3032 γνώμην,
506 2961 540 3014 6
564 2959 870 3032 ἄνθρωπος.
892 2962 992 3016 Διά
1018 2980 1103 3016 τοι
1130 2963 1290 3019 τοῦτο
1315 2965 1409 3019 καὶ
1429 2969 1459 3021 6
1482 2970 1687 3041 προφή-

132 3058 213 3111 της
237 3048 414 3117 £1931;
444 3047 634 3102 πάντα
663 3048 866 3113 ἐκεῖνα,
892 3049 1000 3103 ἀπὸ
1019 3049 1207 3104 τούτου
1230 3052 1374 3116 ἀξιοῖ
1397 3055 1682 3125 ρυσθῆναι.

132 3128 185 3182 Τί
208 3128 306 3197 οὖν,
347 3134 465 3189 εἰπέ
500 3151 630 3201 μοι;
666 3135 787 3188 ἐπεὶ
830 3134 1094 3200 τοιοῦτος,
1131 3138 1231 3191 οὑκ
1280 3141 1447 3211 ἐχρῆν
1475 3139 1685 3214 ἀνθρώ·-

72 3272 73 3275 η
133 3235 244 3282 πους
271 3222 517 3289 γενέσθαι
545 3238 561 3287 ;
612 3221 749 3275 Ἀλλ’
781 3223 1018 3295 ἐσχάτης
1048 3225 1235 3290 ἀνοίας
1265 3227 1423 3281 τοῦτο
1462 3228 1640 3297 λέγειν
1665 3248 1679 3260 ·

130 3308 256 3361 οὐδὲν
273 3310 374 3382 γάρ
388 3313 506 3365 ἐστι
536 3308 599 3362 τὸ
616 3308 846 3380 βλάπτον
870 3312 1177 3384 ἄνθρωπον,
1197 3313 1359 3385 ἀλλ’ἢ
1383 3318 1415 3387 ἡ
1441 3318 1684 3390 ἁμαρτία

130 3394 272 3466 μόνη·
301 3399 390 3452 καλ⁸
417 3397 632 3469 ταύτης
663 3399 1035 3470 ἀνῃρημένης,
1078 3401 1293 3456 ἅπαντα
1345 3404 1502 3476 ῥᾴδια
1525 3446 1539 3468 ,
1589 3408 1685 3461 καὶ

126 3481 313 3551 εὔκολα,
345 3489 436 3541 καὶ
465 3485 689 3558 γαληνά
709 3504 725 3520 ο
760 3487 950 3560 ὥσπερ
984 3485 1098 3554 οῦν,
1129 3490 1330 3563 ταύτης
1366 3493 1647 3565 παρούσης
1666 3534 1681 3561 ,

128 3571 279 3627 πάντα
305 3576 580 3639 σκόπελοι,
606 3576 701 3629 καὶ¹
729 3575 1012 3647 χειμῶνες,
1060 3577 1152 3631 καὶ
1192 3579 1449 3649 ναυάγια.
1478 3581 1684 3653 Μηδεὶς

124 3659 170 3713 δέ
188 3662 327 3730 ἡμῶν
352 3663 842 3731 καταγινωσκέτω.
872 3665 923 3716 εί
952 3663 1140 3737 θηρίου
1190 3667 1554 3739 πονηρότερον
1586 3668 1682 3722 άν-

126 3747 313 3817 θρωπον
347 3748 488 3807 εἶναι
522 3751 619 3804 τὸν
656 3752 714 3805 ἐν
747 3751 915 3823 κακία
945 3754 1247 3825 εἰρήκαμεν
1273 3770 1286 3783 ·
1320 3755 1382 3807 τὸ
1423 3756 1522 3825 μὲν
1550 3756 1681 3827 γὰρ,

124 3838 164 3887 εί
196 3839 277 3891 καὶ
312 3840 387 3912 μή
411 3843 469 3894 ἐν
491 3842 567 3910 τῇ
591 3837 750 3907 φύσει
782 3838 842 3891 τὸ
867 3840 1042 3910 πρᾶον
1070 3840 1205 3911 ἔχει,
1243 3841 1359 3895 ἀλλ’
1394 3843 1681 3915 ἀπατηθῆ-

123 3939 196 3974 ναι
227 3923 441 3979 δύναται
483 3925 687 3997 ῥᾳδίως
709 3964 723 3990 ,
775 3926 869 3978 καὶ
906 3927 1044 3995 ὅπερ
1098 3929 1210 3981 ἐστὶ
1261 3929 1541 3998 φαίνει-αι’
1572 3934 1601 3985 ὁ
1627 3932 1709 3986 δὲ·

123 4010 379 4084 ἄνθρωπος
407 4013 656 4084 μελετῶν
671 4014 771 4084 τὴν
798 4015 1080 4086 πονηρίαν,
1113 4016 1208 4069 καὶ
1229 4017 1398 4071 πολλᾶ
1426 4019 1494 4072 τὰ
1514 4037 1683 4089 προσ-

120 4102 271 4153 ωπεῖα
300 4102 719 4174 περικείμενος,
754 4100 1252 4176 δυσφυλακτότερόν
1309 4106 1422 4160 ἐστὶ
1457 4106 1642 4179 θηρίου
1664 4152 1680 4176 ,

119 4184 256 4256 δορὰν
281 4190 558 4262 προϐάτου
587 4189 849 4254 πολλάκις
902 4192 1335 4264 προϐαλλόμενος
1358 4237 1371 4259 ,
1413 4198 1509 4250 καὶ
1534 4197 1682 4254 ἔνδον

117 4275 192 4328 τὸν
231 4277 388 4334 λύκον
430 4279 828 4352 ἀποκρύπτων.
878 4281 970 4334 Διὸ
1007 4283 1102 4335 καὶ
1144 4283 1468 4351 ἀφυλάκτως
1499 4287 1682 4342 πολλοὶ

116 4365 211 4425 τοῖς
236 4366 493 4433 τοιούτοις
532 4366 978 4438 περιπίπτουσιν.
1044 4367 1196 4422 Ἐπεὶ
1239 4366 1332 4424 οὖν
1356 4369 1682 4445 δυσφώρατα

114 4449 171 4500 τὰ
196 4453 413 4509 τοιαῦτα
443 4455 639 4526 θηρία,
667 4456 752 4507 ἐπ’
776 4453 941 4524 εὐχὴν
992 4456 1020 4506 ὁ
1069 4458 1354 4527 προφήτης
1398 4459 1679 4529 τρέπεται,

115 4539 193 4590 καὶ
216 4541 309 4612 τὴν
331 4543 488 4615 παρά
515 4542 613 4597 τοῦ
641 4541 777 4596 Θεοῦ
803 4543 959 4595 καλεῖ
987 4545 1182 4614 ῥοπὴν,
1208 4545 1350 4598 ὥστε
1371 4544 1472 4615 τῆς
1500 4548 1682 4601 τοιαύ-

111 4641 196 4697 της
226 4630 613 4702 ἀπαλλαγῆναι
643 4629 953 4700 ἐπιϐουλῆς.
974 4629 1098 4694 Τοῖς
1126 4629 1236 4702 γάρ
1262 4630 1524 4696 τοιούτοις
1554 4634 1683 4687 πολ-

112 4711 249 4779 λάκις
298 4719 392 4771 καὶ
424 4718 455 4770 6
485 4715 737 4780 διάϐολος
775 4716 1104 4780 ὑποδύεται,
1161 4718 1258 4772 καὶ
1296 4718 1441 4774 οὑτω
1476 4720 1677 4791 βάλλει.

111 4797 271 4856 Πολλὰ
298 4805 484 4859 τοίνυν
516 4803 853 4874 πανταχόθεν
876 4803 946 4857 τά
967 4804 1407 4862 ἐπιϐουλεύοντα.
1440 4804 1545 4861 Καὶ
1571 4810 1680 4881 γὰρ

110 4885 376 4958 ἄνθρωπος
408 4893 652 4964 πονηρὸς
677 4891 838 4946 τοῦτο
865 4893 1027 4958 ποιεῖ,
1055 4893 1147 4946 καὶ
1184 4893 1394 4964 δαίμων
1428 4897 1617 4968 ἄγριος
1652 4899 1678 4936 b

110 4975 352 5051 πολεμεῖ,
412 4984 513 5037 καὶ
561 4983 864 5054 πειρασμὸς
892 4982 1163 5054 ἀφόρητος
1193 4983 1418 5053 ἐνοχλεῖ.
1457 4984 1547 5038 Διὸ
1585 4987 1679 5040 καὶ

108 5064 457 5139 διδασκόμεθα
486 5071 770 5141 εὐχόμενοι
792 5070 1000 5138 λέγειν·
1028 5070 1124 5139 Μὴ
1153 5071 1505 5140 εἰσενέγκῃς
1520 5073 1679 5143 ’ἡμᾶς

108 5156 186 5221 εὶς
207 5159 567 5229 πειρασμὸν.
580 5161 739 5215 ἀλλὰ
752 5161 940 5227 ῥῦσαι
956 5158 1115 5230 ἡμᾶς
1129 5160 1245 5214 ἀπὸ
1260 5161 1364 5216 τοῦ
1390 5166 1676 5232 πονηροῦ.

109 5240 342 5300 Ποικίλαι
378 5249 439 5300 αί
487 5247 681 5318 μάχαι,
733 5248 826 5301 καὶ
855 5246 1195 5317 πολυσχιδεῖς
1230 5249 1288 5300 αί
1323 5250 1676 5319 παρατάξεις,

109 5327 194 5381 καὶ
217 5330 294 5385 δεῖ
320 5332 464 5405 πρὸς
502 5335 715 5390 ἅπαντα
744 5334 1188 5405 παρεσκευάσθαι
1207 5346 1252 5390 ε.
1278 5335 1543 5407 Καθάπερ
1583 5338 1680 5411 ;ἀρ

160 5531 186 5560 ⁸³
208 5532 563 5607 δαήμααὶρᾕ.
588 5547 851 5603 utrumque
893 5540 1042 5589 bene.
1089 5540 1199 5589 Mox
1242 5543 1403 5604 γέγονε
1426 5549 1535 5605 post
1576 5542 1678 5593 ἐπί-

105 5607 219 5693 ﬁt!
238 5597 382 5647 deesl
400 5598 451 5648 in
479 5597 595 5651 Sim
769 5597 785 5603 ’
1252 5597 1262 5603 ’
1307 5597 1317 5604 ’
1426 5597 1441 5605 ’

210 5654 262 5704 |n
284 5660 414 5722 _Sav.
443 5661 609 5722 ἄγριος
628 5664 789 5714 deest.
825 5662 947 5713 Ibid.
978 5662 1091 5715 Sav.
1118 5665 1198 5712 καὶ
1240 5665 1500 5722 πειρασμὸς
1539 5665 1677 5716 ἀνέλ-

160 5678 185 5693 ··
210 5678 262 5704 ιιι
300 5678 414 5708 δαν.
443 5678 609 5724 αγριος
628 5678 789 5714 deest.
825 5678 947 5713 una.
978 5678 1091 5715 aav.
1118 5678 1198 5712 και
1240 5678 1500 5730 πειρασμὸς
1539 5678 1650 5716 ανε).

106 5726 261 5785 me:
278 5719 480 5785 ἐνοχλεῖ.

168 5779 188 5845 ξ
214 5778 325 5845 ξαν.
349 5778 810 5845 παρασκευάζεσθαι.

164 5836 192 5875 ἀ
217 5841 310 5891 Καὶ
333 5836 572 5893 θάλατταν
594 5836 740 5897 déest
759 5851 810 5896 in
833 5848 947 5900 Sav.

431 5928 713 5996 Pnnoc.
757 5935 875 6004 Gn.
925 5935 1053 5997 LV.

3278 389 3384 444 4'20

1796 502 1826 555 6
1855 500 2065 572 μέλλων
2093 501 2173 565 εἰς
2199 500 2432 570 πέλαγος
2462 502 2697 572 ἀφιέναι,
2747 503 2842 556 καὶ
2877 501 3088 557 ὑδάτων
3119 501 3375 557 ἀτάκτων

1798 589 2004 661 ῥύμην,
2035 589 2131 644 καὶ
2164 589 2491 659 πνευμάτων
2529 589 2736 662 ἀγρίων
2769 589 3037 662 ἐμϐολὴν,
3065 591 3159 644 καὶ
3202 591 3382 659 νεφῶν

1796 675 2119 748 συνδρομὴν,
2139 675 2399 749 [4191καὶ
2415 676 2649 746 ὑφάλους
2665 678 2869 751 πέτρας
2886 680 2980 732 καὶ
2995 678 3275 743 σπιλάδας,
3289 680 3386 733 καί⁹

1796 761 2000 833 θηρίων
2030 760 2420 823 ἐπανάστασιν,
2470 760 2566 813 καὶ
2593 761 2867 832 πειρατῶν
2911 762 3220 836 παράταξιν
3239 806 3254 831 ,
3289 765 3386 818 καὶ

1794 845 1974 916 λιμὸν,
2030 844 2127 899 καὶ
2164 843 2348 916 δίψος,
2381 847 2475 898 καὶ
2501 844 2818 899 θάλαττανά
2840 886 2856 913 ,
2907 850 3002 901 καὶ
3056 848 3227 919 ὅρμον
3266 846 3380 901 ἁλί.

1797 951 1978 1005 μενον,
2016 934 2110 988 καὶ
2138 934 2351 988 ναυτῶν
2386 932 2739 1004 φιλονεικίαν,
2773 934 2869 987 καὶ
2902 935 3128 1003 ἐφοδίων
3163 935 3383 1000 σπάνιν,

1795 1024 1891 1079 καὶ
1944 1023 2123 1078 πάντα
2171 1022 2241 1077 τὰ
2281 1021 2506 1077 τοιαῦτα
2545 1025 2787 1095 προορᾷν
2829 1023 3056 1092 ὀφείλει,
3108 1025 3203 1078 καὶ
3246 1024 3386 1095 πρὸς

1796 1112 2014 1168 ἅπαντα
2053 1111 2531 1183 παρατάττεσθαι·
2556 1112 2700 1166 οὑτω
2733 1112 2797 1183 δὴ
2834 1114 2932 1166 καὶ
2979 1115 3060 1175 εἰς
3105 1113 3199 1167 τὸν
3236 1111 3388 1184 εὑρι-

1795 1217 1897 1254 πον
1922 1199 2016 1254 τοῦ
2049 1200 2320 1272 παρόντος
2342 1198 2512 1252 ἐλθὼν
2537 1198 2652 1270 βίου
2692 1211 2740 1262 ο,
2784 1199 2880 1253 καὶ
2914 1199 3051 1271 πρὸς
3090 1199 3238 1270 πάθη
3277 1198 3385 1253 σώ-

1796 1304 1996 1359 ματος,
2023 1288 2120 1341 καὶ
2148 1286 2286 1359 πρὸς
2318 1287 2602 1357 νοσήματα
2635 1285 2834 1357 ψυχῆς,
2869 1286 2965 1341 καὶ
2999 1285 3138 1357 πρὸς
3170 1286 3388 1359 ἀνθρώ-

1793 1393 1913 1429 πων
1935 1373 2251 1441 ἐπιϐουλὰς,
2295 1373 2390 1429 καὶ
2422 1373 2561 1445 πρὸς
2592 1372 2803 1445 ἐχθρῶν
2830 1373 3234 1438 ἐπαναστάσεις
3254 1414 3269 1440 ,
3293 1377 3387 1428 καὶ

1793 1462 1933 1536 πρὸς
1966 1463 2148 1533 φίλων
2191 1461 2443 1516 ὑπούλων
2482 1460 2696 1527 δόλους,
2746 1462 2843 1515 καὶ
2875 1461 3011 1532 πρὸς
3047 1462 3260 1527 πενίαν,
3292 1463 3389 1517 καὶ

1793 1553 1930 1625 πρὸς
1948 1552 2237 1616 βασάνους,
2259 1548 2503 1622 καὶπρὸς
2526 1550 2810 1621 ἐπήρειαν,
2829 1551 2924 1603 καὶ
2943 1549 3080 1623 πρὸς
3108 1550 3385 1622 δαιμόνων

1792 1640 2101 1709 φάλαγγας,
2137 1639 2234 1693 καὶ
2265 1636 2402 1710 πρὸς
2430 1636 2679 1691 διαϐόλου
2711 1638 2908 1708 μανίαν
2940 1637 3386 1709 παρεσκευάσθαι

1794 1729 1860 1784 ἂν
1887 1728 1973 1799 εἴη
2002 1727 2231 1790 δίκαιος,
2260 1725 2314 1779 εἴ
2343 1743 2407 1795 γε
2434 1724 2616 1796 μέλλοι
2649 1726 2786 1797 πρὸς
2808 1725 2901 1797 τὴν
2932 1725 3180 1803 βασιλίδα
3208 1728 3385 1781 ἁπαν.

1791 1819 1891 1889 τᾷν
1925 1816 2100 1884 πόλιν,
2129 1815 2222 1869 καλ¹
2253 1812 2682 1885 πεπληρωμένος
2706 1813 2813 1866 τῶν
2835 1814 3072 1885 φορτίων
3095 1816 3176 1879 είς
3205 1815 3295 1870 τὸν
3310 1814 3375 1869 λι.

1796 1907 1933 1978 μένα
1960 1905 2261 1976 καταίρειν.

1876 1991 2137 2047 Ἐνταῦθα
2171 1992 2267 2063 μὲν
2304 1985 2397 2046 οὗν
2432 1989 2665 2062 πονηρὸν
2714 1989 3003 2061 ἄνθρωπον
3038 1990 3197 2046 καλεῖ
3222 1991 3382 2045 ’ὅταν

1790 2081 1846 2136 δὲ
1876 2080 2121 2152 περὶτοῦ
2155 2079 2402 2134 διαϐόλου
2427 2078 2765 2150 διαλέγηται,
2796 2076 2982 2144 ἁπλῶς
3014 2078 3274 2150 πονηρόν.
3316 2078 3383 2133 Τί

1788 2169 1854 2241 δή
1889 2185 2056 2233 ποτε;
2089 2168 2209 2221 Ὅτι
2240 2166 2403 2230 αὑτὸς
2437 2165 2623 2236 πατὴρ
2669 2164 2769 2235 τῆς
2814 2166 3083 2238 πονηρίας
3129 2165 3379 2232 ἐγένετοο

1788 2256 1877 2312 διά
1905 2255 2062 2310 τοῦτο
2085 2256 2180 2310 καὶ
2208 2255 2328 2308 κατ’
2362 2252 2552 2325 ἐξοχὴν
2583 2252 2803 2322 λέγεται
2841 2252 3100 2325 πονηρὸς,
3132 2254 3228 2309 καὶ
3261 2253 3382 2306 ἀντὶ

1789 2344 1883 2399 τοῦ
1913 2344 2103 2417 κυρίου
2140 2342 2202 2396 τὸ
2227 2341 2316 2395 ἐπί
2325 2341 2474 2419 θετον
2500 2342 2733 2413 ἤρκεσεν
2760 2339 2931 2411 ὄνομα
2952 2341 3042 2396 διὰ
3075 2340 3175 2414 τὴν
3212 2341 3387 2412 ὑπερ-η

1790 2432 1951 2505 ϐολὴν
1982 2432 2080 2502 τῆς
2103 2430 2322 2492 κακίας,
2358 2427 2460 2482 οὑκ
2487 2427 2730 2498 ἔμφυτον
2763 2424 2951 2494 οὖσαν,
2980 2428 3118 2483 ἀλλά
3145 2445 3383 2500 προσγε-

1789 2522 2024 2593 νομένην
2052 2519 2220 2591 αὑτῷ.
2253 2520 2316 2572 Εἰ
2341 2518 2399 2570 δέ
2426 2516 2606 2588 βούλει
2635 2518 2731 2571 καὶ
2766 2517 2939 2588 αὐτῆς
2983 2518 3080 2589 τῆς
3118 2516 3382 2588 πονηρίας

1788 2610 1850 2664 τὸ
1874 2609 2047 2679 ὑνομα
2074 2606 2264 2677 μαθεῖν
2295 2606 2460 2660 πόθεν
2486 2605 2724 2678 εἴρηται,
2747 2606 2840 2659 καὶ
2875 2603 3127 2659 ἐντεῦθεν
3170 2603 3382 2676 μεγάλα
3406 2678 3409 2683 Ξ

1788 2697 2080 2771 καρπώσῃ.
2129 2695 2372 2765 Πονηρία
2414 2692 2525 2765 γάρ
2572 2692 2812 2766 εἴρηται,
2862 2694 2929 2746 ἐκ
2960 2692 3053 2747 τοῦ
3090 2693 3251 2747 πόνον
3283 2692 3382 2745 ἐπ-

1789 2787 1945 2857 άγειν
1973 2786 2070 2840 καὶ
2121 2783 2321 2856 μόχθον
2352 2781 2504 2852 αὑτῷ
2547 2779 2625 2852 τῷ
2669 2781 3015 2853 κεκτημένῳ.
3042 2780 3133 2833 Διὸ
3164 2780 3259 2834 καί
3297 2795 3381 2841 τις

1789 2873 1952 2943 σοφὸς
1978 2870 2136 2924 τοῦτο
2164 2868 2492 2939 παραδηλῶν
2528 2866 2545 2905 τ
2576 2867 2725 2936 λέγει
2751 2884 2766 2898 ο
2813 2867 2960 2922 Ἐὰν
2991 2869 3174 2934 κακὸς
3207 2866 3378 2936 γένῃ,

1780 2963 1971 3032 μόνος
1997 2956 2332 3023 ἀντλήσεις
2364 2956 2439 3010 τὰ
2460 2953 2617 3008 κακά
2636 2971 2650 2986 ο
2680 2953 2788 3009 ἐὰν
2813 2953 2883 3008 δὲ
2907 2954 3149 3025 ἀγαθὸς,
3172 2955 3381 3020 σαυτῷ

1785 3046 2031 3113 καὶτοῖς
2062 3043 2351 3113 πλησίον.
2377 3040 2489 3095 Καὶ
2531 3039 2669 3107 πῶς,
2702 3042 2859 3113 φησὶ,
2896 3042 3056 3112 μόνος
3084 3040 3267 3095 ἀντλεῖ
3307 3043 3378 3095 τά

1785 3137 1934 3192 κακὰ
1983 3137 2012 3190 ὁ
2060 3132 2335 3204 πονηρός,
2390 3130 2569 3186 καίτοι
2624 3146 2690 3199 γε
2751 3130 2985 3195 πολλοὺς
3038 3130 3376 3203 ἐπηρεάζει,

1785 3225 1927 3281 Ἀλλ’
1973 3223 2164 3279 οὐδένα
2205 3220 2315 3274 τῶν
2335 3219 2410 3291 μὴ
2444 3219 2657 3292 χαύνων
2702 3220 2797 3274 καὶ
2850 3218 3110 3292 ῥᾳθύμων
3139 3219 3289 3285 ;Καὶ
3327 3221 3377 3271 εί

1786 3314 1984 3387 βούλει,
2017 3309 2110 3365 τὸν
2153 3309 2390 3381 πονηρὸν
2439 3306 2725 3378 ἄνθρωπον
2771 3306 3023 3377 ἀφέντες,
3053 3306 3237 3379 ⁵αὑτὸν
3282 3306 3376 3358 τὸν

1785 3402 2018 3475 πονηρὸν
2055 3398 2286 3469 δαίμονα
2315 3399 2395 3459 είς
2422 3397 2587 3468 μέσον
2632 3396 2953 3468 ἀγάγωμεν.
2999 3394 3136 3450 Ε’ἰπέ
3167 3394 3229 3465 δή
3263 3411 3374 3465 μοι.

1788 3491 1909 3563 οὑχὶ
1958 3490 2140 3542 πᾶσαν
2178 3482 2345 3541 αὑτοῦ
2392 3485 2575 3555 ἐξέχεε
2634 3485 2732 3557 τὴν
2794 3483 3035 3552 κακίαν;
3086 3483 3161 3555 μή
3203 3499 3257 3535 τι
3286 3481 3378 3535 τὸν

1786 3579 1908 3634 Ἰὼϐ
1950 3577 2222 3645 ἐϐλαψεν;
2282 3573 2404 3643 οὑχὶ
2445 3574 2649 3625 ἐκεῖνον
2699 3572 2797 3643 μὲν
2847 3573 2942 3626 καὶ
2998 3569 3376 3642 λαμπρότερον

1786 3666 2062 3738 ἐποίησεν,
2083 3659 2262 3731 ἐαυτῷ
2296 3660 2353 3713 δέ
2385 3656 2764 3730 χαλεπώτερον
2799 3658 2860 3713 τὸ
2892 3657 3093 3728 πτῶμα
3123 3666 3149 3704 ε
3185 3657 3375 3726 εἰργά-

1786 3771 1948 3821 σατος
1992 3752 2058 3805 Τί
2106 3751 2163 3803 δὲ
2213 3748 2389 3814 Κάῖν;
2436 3747 2555 3816 οὐχὶ
2597 3746 2756 3816 μόνος
2806 3745 3039 3816 ήντλησε
3077 3743 3147 3797 τά
3192 3743 3368 3797 κακά·

1785 3842 1940 3912 Οὐχὶ,
1980 3838 2165 3910 φησὶν,
2196 3833 2332 3888 ἀλλὰ
2364 3833 2457 3887 καὶ
2482 3834 2512 3888 6
2542 3830 2729 3885 Ἅϐελ.
2757 3831 2882 3895 Πῶς
2913 3831 3007 3884 καὶ
3034 3831 3140 3883 τίνι
3164 3830 3373 3902 τρόπῳς

1787 3931 1908 3983 Ὅτι
1935 3927 2145 3999 ταχέως
2166 3925 2247 3987 είς
2275 3922 2368 3976 τὸν
2394 3921 2707 3990 ἀκύμαντον
2741 3919 3114 3991 παρεπέμφθη
3154 3919 3371 3991 λιμένα.

1797 4015 1960 4070 Ἀλλά
1992 4015 2149 4068 τοῦτο
2181 4014 2438 4084 μέγιστον
2470 4008 2789 4079 εὐεργεσίας
2826 4005 2961 4072 εἶδος
2987 4004 3077 4091 ἦν,
3122 4008 3205 4061 ὅτι
3239 4011 3376 4078 μετὰ

1785 4101 2207 4177 κατορθώματος
2235 4099 2551 4163 κατέλυσεν,
2581 4099 2663 4151 ὅτι
2695 4099 2757 4152 τὸ
2802 4097 2981 4151 κοινὸν
3017 4095 3118 4166 τῆς
3155 4094 3373 4166 φύσεως

1784 4193 1944 4266 χρέος
1976 4187 2490 4260 ἐπραγματεύσατο.
2518 4184 2627 4239 Καὶ
2621 4183 2756 4265 ,γὰρ
2774 4183 2803 4237 ὃ
2829 4185 2942 4248 τοῖς
2970 4182 3152 4245 ἀλλοις
3178 4177 3247 4253 ἦν
3269 4199 3376 4236 κοι-

1784 4282 1874 4334 νὸν
1908 4280 2001 4333 καὶ
2048 4276 2193 4330 κατά
2230 4277 2478 4346 ἀνάγκην
2519 4271 2987 4345 παραγινόμενον,
3035 4268 3192 4322 τοῦτο
3245 4269 3376 4338 μετ’

1784 4367 2058 4440 ἐμπορίας
2081 4362 2259 4435 τούτῳ
2296 4363 2650 4433 παρεγένετο.
2706 4358 2892 4411 Ταῦτα
2934 4357 3057 4427 οὐχὶ
3097 4355 3264 4410 κακὸν
3307 4351 3375 4426 ἦν

1785 4459 2092 4528 ὑπομεῖναι,
2119 4451 2255 4507 ἀλλὰ
2293 4451 2556 4519 στέφανον
2576 4446 2947 4517 ἀναδήσασθαι
2967 4444 3369 4515 λαμπρότερον.

1783 4545 1936 4601 Τίδέ
1979 4543 2073 4596 τὸν
2126 4538 2325 4610 Ἰωσὴφ
2370 4536 2610 4605 ἔϐλαψαν
2662 4537 2714 4587 οί
2758 4532 3014 4602 ἀδελφοί;
3063 4532 3164 4585 οὑκ
3222 4533 3375 4584 αὑτοὶ¹

1787 4634 1938 4706 μόνοι
1992 4628 2062 4683 τὰ
2117 4627 2264 4681 κακὰ
2321 4623 2628 4695 ήντλησαν;
2699 4621 2861 4674 Ἀλλά
2900 4619 3086 4683 δοῦλος
3132 4618 3370 4688 ἐγένετο,

1785 4719 1939 4791 φησι.
1982 4716 2095 4770 Καὶ
2121 4713 2174 4766 τί
2199 4711 2394 4776 τοῦτο;
2433 4707 2575 4778 Ἐγὼ
2603 4708 2659 4761 δὲ
2686 4707 2855 4779 λέγω,
2894 4708 2980 4761 ὅτι
3011 4706 3106 4761 καὶ
3161 4706 3373 4777 δεσμώ-

1781 4826 1882 4881 της
1913 4822 1927 4838 ο
1952 4805 2079 4860 ἀλλ’
2108 4803 2170 4856 οὑ
2200 4798 2361 4854 τοῦτό
2379 4800 2497 4851 ἐστι
2518 4797 2579 4850 τὸ
2603 4797 2954 4869 ζητούμενον,
2988 4797 3037 4850 εί
3075 4795 3261 4859 δοῦλος
3287 4797 3374 4864 γέ-

1782 4914 1906 4967 γονε
1964 4894 2055 4948 καὶ
2093 4888 2399 4961 δεσμώτης,
2451 4886 2567 4940 ἀλλ’
2616 4888 2664 4939 εί
2693 4886 2898 4958 βλάϐην
2949 4886 3070 4939 τινὰ
3121 4885 3371 4939 ἐντεῦθεν

1782 4986 2063 5056 ὑπέμεινε.
2099 4978 2422 5034 Τοὺναντίον
2449 4976 2560 5048 γὰρ
2586 4976 2938 5047 εὑρίσκομεν,
2973 4977 3053 5030 ὅτι
3085 4975 3178 5028 καὶ
3212 4975 3372 5044 ἐκέρ-

1781 5073 1906 5129 δανε
1936 5071 2005 5125 τά
2024 5071 2280 5142 μέγιστα,
2323 5064 2545 5120 πλείονα
2584 5063 2738 5136 παρὰ
2767 5063 2845 5136 τῷ
2896 5062 3016 5134 Θεῷ
3055 5062 3368 5136 παρρησίαν

1783 5162 2147 5233 κτησάμενος,
2189 5158 2285 5212 καὶ
2313 5156 2393 5209 δι’
2420 5155 2602 5209 αὑτῶν
2647 5153 2757 5207 τῶν
2781 5152 3082 5206 δοκούντων
3110 5149 3367 5203 ἐναντίων

1783 5248 1936 5325 [420]
1968 5246 2106 5302 εἶναι
2137 5247 2247 5320 τὴν,
2275 5242 2554 5316 παροῦσαν
2585 5240 2889 5312 εὐημερίαν
2916 5238 3115 5293 λαϐὼν.

1853 5339 1946 5409 Μὴ
2004 5337 2069 5408 δὴ
2119 5333 2415 5407 φοϐώμεθα
2450 5329 2743 5400 πονηροὺς,
2792 5326 2905 5381 ἀλλ’
2942 5325 3200 5397 ἐλεῶμεν.
3229 5325 3359 5377 Τότε

1784 5428 1882 5497 μὲν
1907 5425 2016 5495 γὰρ
2042 5425 2266 5484 εἰκότως
2295 5417 2436 5491 ἦσαν
2461 5416 2702 5488 φοϐεροὶ,
2736 5414 2831 5469 άτε
2857 5414 3069 5468 οὑδέπω
3099 5414 3198 5483 τῆς
3225 5414 3363 5487 ὑψη-

1719 5495 1725 5501 ’
1778 5495 1877 5584 λῆς
1903 5511 2021 5567 ὁδοῦ
2065 5508 2411 5580 τετμημένης
2451 5505 2550 5575 τῆς
2598 5504 2692 5557 ἐπὶ
2726 5501 3042 5573 φιλοσοφίαν
3089 5500 3359 5573 ἀγούσης·

1845 5668 1868 5693 ⁸
1890 5660 2126 5715 Alius-:06
2145 5655 2789 5723 mpéytocjioujgegcxeek.

1845 5723 1864 5762 ῖ
1893 5725 2011 5774 Mor,
2034 5718 2342 5787 παραδῄλῶν,
2365 5718 2478 5787 δαν..
2502 5718 2702 5787 δηλῶν..
2887 5778 2918 5787 Α

1843 5788 1874 5846 εν
1899 5787 2031 5846 Unus
2061 5775 2118 5833 τό
2140 5775 2442 5846 κρίμαςέιυεξ
2456 5775 2608 5846 [gadio
2633 5776 2782 5830 etiam
2817 5778 3005 5841 Optime
3048 5776 3254 5838 quadrat
3290 5775 3354 5831 ad

1779 5845 1979 5900 seriem.
2001 5845 2114 5899 Sav.
2140 5841 2196 5896 τὸ
2222 5841 2399 5908 emam
2421 5841 2645 5910 ἔϐλαψεν.
2982 5927 3022 5990 2

3025 5930 3059 5999 β
