  <div class='ocr_page' id='page_1' title='image "/cluster/home/n/w/nwhite01/storage/ocr_20150623/55:no.5/coo.31924054869551/414.png"; bbox 0 0 3928 6404; ppageno 0'>
   <div class='ocr_carea' id='block_1_1' title="bbox 139 339 2358 414">
    <p class='ocr_par' dir='ltr' id='par_1_1' title="bbox 139 339 2358 414">
     <span class='ocr_line' id='line_1_1' title="bbox 139 339 2358 414; baseline -0.005 -1"><span class='ocrx_word' id='word_1_1' title='bbox 139 340 226 414; x_wconf 76' lang='lat' dir='ltr'><strong>tsi</strong></span> <span class='ocrx_word' id='word_1_2' title='bbox 1209 340 1571 401; x_wconf 72' lang='lat' dir='ltr'><strong>exposmo</strong></span> <span class='ocrx_word' id='word_1_3' title='bbox 1609 339 1675 397; x_wconf 66' lang='grc' dir='ltr'><strong>ιιι</strong></span> <span class='ocrx_word' id='word_1_4' title='bbox 1713 340 2036 400; x_wconf 77' lang='lat' dir='ltr'><strong>PSALMUM</strong></span> <span class='ocrx_word' id='word_1_5' title='bbox 2075 342 2358 403; x_wconf 71' lang='lat' dir='ltr'><strong>cxxxm.</strong></span> 
     </span>
    </p>
   </div>
   <div class='ocr_carea' id='block_1_2' title="bbox 136 450 1720 538">
    <p class='ocr_par' dir='ltr' id='par_1_2' title="bbox 136 450 1720 538">
     <span class='ocr_line' id='line_1_2' title="bbox 136 450 1720 538; baseline -0.011 -9"><span class='ocrx_word' id='word_1_6' title='bbox 136 489 270 529; x_wconf 85' lang='lat' dir='ltr'><strong>mur.</strong></span> <span class='ocrx_word' id='word_1_7' title='bbox 329 450 480 527; x_wconf 54' lang='lat' dir='ltr'><strong>Tunc</strong></span> <span class='ocrx_word' id='word_1_8' title='bbox 531 470 670 525; x_wconf 79' lang='lat' dir='ltr'><strong>enim</strong></span> <span class='ocrx_word' id='word_1_9' title='bbox 709 469 831 538; x_wconf 85' lang='lat' dir='ltr'><strong>jure</strong></span> <span class='ocrx_word' id='word_1_10' title='bbox 876 465 1085 537; x_wconf 89' lang='lat' dir='ltr'><strong>quidem</strong></span> <span class='ocrx_word' id='word_1_11' title='bbox 1131 474 1283 519; x_wconf 91' lang='lat' dir='ltr'><strong>erant</strong></span> <span class='ocrx_word' id='word_1_12' title='bbox 1314 461 1568 526; x_wconf 88' lang='lat' dir='ltr'><strong>timendi,</strong></span> <span class='ocrx_word' id='word_1_13' title='bbox 1598 474 1720 514; x_wconf 88' lang='lat' dir='ltr'><strong>cum</strong></span> 
     </span>
    </p>
   </div>
   <div class='ocr_carea' id='block_1_3' title="bbox 136 552 1728 632">
    <p class='ocr_par' dir='ltr' id='par_1_3' title="bbox 136 552 1728 632">
     <span class='ocr_line' id='line_1_3' title="bbox 136 552 1728 632; baseline -0.008 -12"><span class='ocrx_word' id='word_1_14' title='bbox 136 563 368 621; x_wconf 87' lang='lat' dir='ltr'><strong>nondum</strong></span> <span class='ocrx_word' id='word_1_15' title='bbox 410 572 591 632; x_wconf 87' lang='lat' dir='ltr'><strong>aperta</strong></span> <span class='ocrx_word' id='word_1_16' title='bbox 637 569 784 616; x_wconf 88' lang='lat' dir='ltr'><strong>esset</strong></span> <span class='ocrx_word' id='word_1_17' title='bbox 827 560 931 615; x_wconf 88' lang='lat' dir='ltr'><strong>alta</strong></span> <span class='ocrx_word' id='word_1_18' title='bbox 967 559 1049 613; x_wconf 85' lang='lat' dir='ltr'><strong>via</strong></span> <span class='ocrx_word' id='word_1_19' title='bbox 1075 599 1090 622; x_wconf 93' lang='lat'><strong>,</strong></span> <span class='ocrx_word' id='word_1_20' title='bbox 1123 573 1242 628; x_wconf 71' lang='lat' dir='ltr'><strong>qum</strong></span> <span class='ocrx_word' id='word_1_21' title='bbox 1269 555 1492 611; x_wconf 89' lang='lat' dir='ltr'><strong>duceret</strong></span> <span class='ocrx_word' id='word_1_22' title='bbox 1515 552 1581 608; x_wconf 90' lang='lat' dir='ltr'><strong>ad</strong></span> <span class='ocrx_word' id='word_1_23' title='bbox 1611 553 1728 623; x_wconf 90' lang='lat' dir='ltr'><strong>phi-</strong></span> 
     </span>
    </p>
   </div>
   <div class='ocr_carea' id='block_1_4' title="bbox 133 642 1726 728">
    <p class='ocr_par' dir='ltr' id='par_1_4' title="bbox 133 642 1726 728">
     <span class='ocr_line' id='line_1_4' title="bbox 133 642 1726 728; baseline -0.006 -17"><span class='ocrx_word' id='word_1_24' title='bbox 133 652 428 725; x_wconf 79' lang='lat' dir='ltr'><strong>losophiam</strong></span> <span class='ocrx_word' id='word_1_25' title='bbox 458 671 472 708; x_wconf 89' lang='lat'><strong>:</strong></span> <span class='ocrx_word' id='word_1_26' title='bbox 500 668 641 708; x_wconf 90' lang='lat' dir='ltr'><strong>nunc</strong></span> <span class='ocrx_word' id='word_1_27' title='bbox 658 661 838 709; x_wconf 92' lang='lat' dir='ltr'><strong>autem</strong></span> <span class='ocrx_word' id='word_1_28' title='bbox 876 667 981 706; x_wconf 92' lang='lat' dir='ltr'><strong>non</strong></span> <span class='ocrx_word' id='word_1_29' title='bbox 1021 649 1250 728; x_wconf 82' lang='lat' dir='ltr'><strong>amplius</strong></span> <span class='ocrx_word' id='word_1_30' title='bbox 1274 689 1290 718; x_wconf 93' lang='lat'><strong>,</strong></span> <span class='ocrx_word' id='word_1_31' title='bbox 1322 662 1444 703; x_wconf 90' lang='lat' dir='ltr'><strong>cum</strong></span> <span class='ocrx_word' id='word_1_32' title='bbox 1473 642 1726 715; x_wconf 89' lang='lat' dir='ltr'><strong>deinceps</strong></span> 
     </span>
    </p>
   </div>
   <div class='ocr_carea' id='block_1_5' title="bbox 129 737 1722 817">
    <p class='ocr_par' dir='ltr' id='par_1_5' title="bbox 129 737 1722 817">
     <span class='ocr_line' id='line_1_5' title="bbox 129 737 1722 817; baseline -0.008 -13"><span class='ocrx_word' id='word_1_33' title='bbox 129 747 247 804; x_wconf 69' lang='grc' dir='ltr'>σε·ιί</span> <span class='ocrx_word' id='word_1_34' title='bbox 290 747 445 803; x_wconf 82' lang='lat' dir='ltr'><strong>nobis</strong></span> <span class='ocrx_word' id='word_1_35' title='bbox 492 741 744 817; x_wconf 75' lang='lat' dir='ltr'><strong>pateant,</strong></span> <span class='ocrx_word' id='word_1_36' title='bbox 791 754 847 801; x_wconf 92' lang='lat' dir='ltr'><strong>et</strong></span> <span class='ocrx_word' id='word_1_37' title='bbox 894 742 1139 799; x_wconf 80' lang='lat' dir='ltr'><strong>homines</strong></span> <span class='ocrx_word' id='word_1_38' title='bbox 1175 740 1350 813; x_wconf 80' lang='lat' dir='ltr'><strong>angeli</strong></span> <span class='ocrx_word' id='word_1_39' title='bbox 1393 738 1566 795; x_wconf 79' lang='lat' dir='ltr'><strong>effecti</strong></span> <span class='ocrx_word' id='word_1_40' title='bbox 1595 737 1722 794; x_wconf 92' lang='lat' dir='ltr'><strong>sint.</strong></span> 
     </span>
    </p>
   </div>
   <div class='ocr_carea' id='block_1_6' title="bbox 124 830 1727 909">
    <p class='ocr_par' dir='ltr' id='par_1_6' title="bbox 124 830 1727 909">
     <span class='ocr_line' id='line_1_6' title="bbox 124 830 1727 909; baseline -0.008 -11"><span class='ocrx_word' id='word_1_41' title='bbox 124 840 259 898; x_wconf 79' lang='lat' dir='ltr'><strong>Nam</strong></span> <span class='ocrx_word' id='word_1_42' title='bbox 302 846 360 896; x_wconf 90' lang='lat' dir='ltr'><strong>et</strong></span> <span class='ocrx_word' id='word_1_43' title='bbox 398 838 571 894; x_wconf 79' lang='lat' dir='ltr'><strong>bestia</strong></span> <span class='ocrx_word' id='word_1_44' title='bbox 610 851 731 909; x_wconf 80' lang='lat' dir='ltr'><strong>qua:</strong></span> <span class='ocrx_word' id='word_1_45' title='bbox 756 839 879 893; x_wconf 82' lang='lat' dir='ltr'><strong>cum</strong></span> <span class='ocrx_word' id='word_1_46' title='bbox 911 849 1106 906; x_wconf 85' lang='lat' dir='ltr'><strong>magno</strong></span> <span class='ocrx_word' id='word_1_47' title='bbox 1135 834 1339 904; x_wconf 85' lang='lat' dir='ltr'><strong>impetu</strong></span> <span class='ocrx_word' id='word_1_48' title='bbox 1367 832 1522 888; x_wconf 82' lang='lat' dir='ltr'><strong>irruit</strong></span> <span class='ocrx_word' id='word_1_49' title='bbox 1546 831 1600 886; x_wconf 90' lang='lat' dir='ltr'><strong>in</strong></span> <span class='ocrx_word' id='word_1_50' title='bbox 1631 830 1727 886; x_wconf 81' lang='lat' dir='ltr'><strong>Ita-</strong></span> 
     </span>
    </p>
   </div>
   <div class='ocr_carea' id='block_1_7' title="bbox 121 918 1725 1000">
    <p class='ocr_par' dir='ltr' id='par_1_7' title="bbox 121 918 1725 1000">
     <span class='ocr_line' id='line_1_7' title="bbox 121 918 1725 1000; baseline -0.009 -9"><span class='ocrx_word' id='word_1_51' title='bbox 121 944 223 991; x_wconf 79' lang='lat' dir='ltr'><strong>sue</strong></span> <span class='ocrx_word' id='word_1_52' title='bbox 250 933 423 991; x_wconf 87' lang='lat' dir='ltr'><strong>aciem</strong></span> <span class='ocrx_word' id='word_1_53' title='bbox 440 975 456 999; x_wconf 91' lang='lat'><strong>,</strong></span> <span class='ocrx_word' id='word_1_54' title='bbox 483 930 696 988; x_wconf 79' lang='lat' dir='ltr'><strong>videtur</strong></span> <span class='ocrx_word' id='word_1_55' title='bbox 725 928 940 1000; x_wconf 79' lang='lat' dir='ltr'><strong>quidem</strong></span> <span class='ocrx_word' id='word_1_56' title='bbox 971 940 1095 984; x_wconf 87' lang='lat' dir='ltr'><strong>eum</strong></span> <span class='ocrx_word' id='word_1_57' title='bbox 1123 926 1308 983; x_wconf 87' lang='lat' dir='ltr'><strong>ulcisci</strong></span> <span class='ocrx_word' id='word_1_58' title='bbox 1336 924 1428 995; x_wconf 89' lang='lat' dir='ltr'><strong>qui</strong></span> <span class='ocrx_word' id='word_1_59' title='bbox 1461 932 1606 981; x_wconf 87' lang='lat' dir='ltr'><strong>tenet</strong></span> <span class='ocrx_word' id='word_1_60' title='bbox 1630 918 1725 977; x_wconf 85' lang='lat' dir='ltr'><strong>ba-</strong></span> 
     </span>
    </p>
   </div>
   <div class='ocr_carea' id='block_1_8' title="bbox 121 1013 1722 1092">
    <p class='ocr_par' dir='ltr' id='par_1_8' title="bbox 121 1013 1722 1092">
     <span class='ocr_line' id='line_1_8' title="bbox 121 1013 1722 1092; baseline -0.008 -10"><span class='ocrx_word' id='word_1_61' title='bbox 121 1036 262 1082; x_wconf 87' lang='lat' dir='ltr'><strong>stam</strong></span> <span class='ocrx_word' id='word_1_62' title='bbox 283 1066 299 1091; x_wconf 92' lang='lat'><strong>,</strong></span> <span class='ocrx_word' id='word_1_63' title='bbox 346 1034 535 1079; x_wconf 75' lang='lat' dir='ltr'><strong>verum</strong></span> <span class='ocrx_word' id='word_1_64' title='bbox 578 1021 784 1092; x_wconf 85' lang='lat' dir='ltr'><strong>sibiipsi</strong></span> <span class='ocrx_word' id='word_1_65' title='bbox 812 1019 1028 1092; x_wconf 73' lang='lat' dir='ltr'><strong>gravius</strong></span> <span class='ocrx_word' id='word_1_66' title='bbox 1058 1017 1250 1073; x_wconf 76' lang='lat' dir='ltr'><strong>vulnus</strong></span> <span class='ocrx_word' id='word_1_67' title='bbox 1280 1015 1471 1087; x_wconf 84' lang='lat' dir='ltr'><strong>inﬂigit</strong></span> <span class='ocrx_word' id='word_1_68' title='bbox 1503 1033 1518 1071; x_wconf 88' lang='lat'>:</span> <span class='ocrx_word' id='word_1_69' title='bbox 1548 1021 1605 1071; x_wconf 91' lang='lat' dir='ltr'><strong>et</strong></span> <span class='ocrx_word' id='word_1_70' title='bbox 1630 1013 1722 1085; x_wconf 90' lang='lat' dir='ltr'><strong>qui</strong></span> 
     </span>
    </p>
   </div>
   <div class='ocr_carea' id='block_1_9' title="bbox 118 1104 1720 1181">
    <p class='ocr_par' dir='ltr' id='par_1_9' title="bbox 118 1104 1720 1181">
     <span class='ocr_line' id='line_1_9' title="bbox 118 1104 1720 1181; baseline -0.01 -5"><span class='ocrx_word' id='word_1_71' title='bbox 118 1127 312 1177; x_wconf 82' lang='lat' dir='ltr'><strong>contra</strong></span> <span class='ocrx_word' id='word_1_72' title='bbox 340 1116 617 1173; x_wconf 87' lang='lat' dir='ltr'><strong>stimulum</strong></span> <span class='ocrx_word' id='word_1_73' title='bbox 640 1115 903 1180; x_wconf 81' lang='lat' dir='ltr'><strong>calcitrat,</strong></span> <span class='ocrx_word' id='word_1_74' title='bbox 933 1112 1118 1168; x_wconf 83' lang='lat' dir='ltr'><strong>itidem</strong></span> <span class='ocrx_word' id='word_1_75' title='bbox 1145 1109 1311 1181; x_wconf 86' lang='lat' dir='ltr'><strong>pedes</strong></span> <span class='ocrx_word' id='word_1_76' title='bbox 1330 1107 1431 1164; x_wconf 89' lang='lat' dir='ltr'><strong>sibi</strong></span> <span class='ocrx_word' id='word_1_77' title='bbox 1453 1104 1720 1164; x_wconf 85' lang='lat' dir='ltr'><strong>cruentat.</strong></span> 
     </span>
    </p>
   </div>
   <div class='ocr_carea' id='block_1_10' title="bbox 190 1201 1720 1274">
    <p class='ocr_par' dir='ltr' id='par_1_10' title="bbox 190 1201 1720 1274">
     <span class='ocr_line' id='line_1_10' title="bbox 190 1201 1720 1274; baseline -0.008 -7"><span class='ocrx_word' id='word_1_78' title='bbox 190 1210 249 1266; x_wconf 76' lang='lat'><strong>2.</strong></span> <span class='ocrx_word' id='word_1_79' title='bbox 303 1208 448 1266; x_wconf 81' lang='lat' dir='ltr'><strong>Talis</strong></span> <span class='ocrx_word' id='word_1_80' title='bbox 497 1215 582 1265; x_wconf 87' lang='lat' dir='ltr'><strong>est</strong></span> <span class='ocrx_word' id='word_1_81' title='bbox 624 1207 830 1274; x_wconf 79' lang='lat' dir='ltr'><strong>virtus,</strong></span> <span class='ocrx_word' id='word_1_82' title='bbox 861 1203 1109 1260; x_wconf 87' lang='lat' dir='ltr'><strong>stimulus</strong></span> <span class='ocrx_word' id='word_1_83' title='bbox 1151 1205 1206 1258; x_wconf 79' lang='lat' dir='ltr'><strong>et</strong></span> <span class='ocrx_word' id='word_1_84' title='bbox 1240 1201 1450 1273; x_wconf 85' lang='lat' dir='ltr'><strong>gladitis</strong></span> <span class='ocrx_word' id='word_1_85' title='bbox 1484 1207 1672 1256; x_wconf 88' lang='lat' dir='ltr'><strong>acutus</strong></span> <span class='ocrx_word' id='word_1_86' title='bbox 1705 1214 1720 1254; x_wconf 92' lang='lat'><strong>:</strong></span> 
     </span>
    </p>
   </div>
   <div class='ocr_carea' id='block_1_11' title="bbox 116 1290 1723 1371">
    <p class='ocr_par' dir='ltr' id='par_1_11' title="bbox 116 1290 1723 1371">
     <span class='ocr_line' id='line_1_11' title="bbox 116 1290 1723 1371; baseline -0.007 -13"><span class='ocrx_word' id='word_1_87' title='bbox 116 1315 315 1371; x_wconf 82' lang='lat' dir='ltr'><strong>omnes</strong></span> <span class='ocrx_word' id='word_1_88' title='bbox 360 1309 540 1357; x_wconf 90' lang='lat' dir='ltr'><strong>autem</strong></span> <span class='ocrx_word' id='word_1_89' title='bbox 592 1297 818 1370; x_wconf 88' lang='lat' dir='ltr'><strong>improbi</strong></span> <span class='ocrx_word' id='word_1_90' title='bbox 866 1304 992 1352; x_wconf 87' lang='lat' dir='ltr'><strong>sunt</strong></span> <span class='ocrx_word' id='word_1_91' title='bbox 1026 1294 1361 1362; x_wconf 89' lang='lat' dir='ltr'><strong>deteriores,</strong></span> <span class='ocrx_word' id='word_1_92' title='bbox 1403 1300 1462 1349; x_wconf 92' lang='lat' dir='ltr'><strong>et</strong></span> <span class='ocrx_word' id='word_1_93' title='bbox 1501 1290 1723 1348; x_wconf 85' lang='lat' dir='ltr'><strong>rationis</strong></span> 
     </span>
    </p>
   </div>
   <div class='ocr_carea' id='block_1_12' title="bbox 32 1385 1723 1465">
    <p class='ocr_par' dir='ltr' id='par_1_12' title="bbox 32 1385 1723 1465">
     <span class='ocr_line' id='line_1_12' title="bbox 32 1385 1723 1465; baseline -0.007 -14"><span class='ocrx_word' id='word_1_94' title='bbox 32 1432 35 1461; x_wconf 61' lang='grc' dir='ltr'><em>ε</em></span> <span class='ocrx_word' id='word_1_95' title='bbox 115 1394 293 1465; x_wconf 85' lang='lat' dir='ltr'><strong>magis</strong></span> <span class='ocrx_word' id='word_1_96' title='bbox 321 1400 573 1465; x_wconf 84' lang='lat' dir='ltr'><strong>expertes</strong></span> <span class='ocrx_word' id='word_1_97' title='bbox 600 1404 761 1463; x_wconf 88' lang='lat' dir='ltr'><strong>quam</strong></span> <span class='ocrx_word' id='word_1_98' title='bbox 788 1389 994 1445; x_wconf 62' lang='lat' dir='ltr'><strong>bestia.</strong></span> <span class='ocrx_word' id='word_1_99' title='bbox 1024 1387 1249 1456; x_wconf 87' lang='lat' dir='ltr'><strong>Quando</strong></span> <span class='ocrx_word' id='word_1_100' title='bbox 1276 1401 1406 1458; x_wconf 89' lang='lat' dir='ltr'><strong>ergo</strong></span> <span class='ocrx_word' id='word_1_101' title='bbox 1434 1385 1606 1442; x_wconf 90' lang='lat' dir='ltr'><strong>bonos</strong></span> <span class='ocrx_word' id='word_1_102' title='bbox 1634 1385 1723 1440; x_wconf 58' lang='lat' dir='ltr'><strong>in«</strong></span> 
     </span>
    </p>
   </div>
   <div class='ocr_carea' id='block_1_13' title="bbox 32 1478 1724 1554">
    <p class='ocr_par' dir='ltr' id='par_1_13' title="bbox 32 1478 1724 1554">
     <span class='ocr_line' id='line_1_13' title="bbox 32 1478 1724 1554; baseline -0.004 -15"><span class='ocrx_word' id='word_1_103' title='bbox 32 1518 33 1521; x_wconf 60' lang='grc' dir='ltr'><strong>η</strong></span> <span class='ocrx_word' id='word_1_104' title='bbox 115 1486 345 1553; x_wconf 76' lang='lat' dir='ltr'><strong>radunt,</strong></span> <span class='ocrx_word' id='word_1_105' title='bbox 373 1499 434 1540; x_wconf 90' lang='lat' dir='ltr'><strong>se</strong></span> <span class='ocrx_word' id='word_1_106' title='bbox 461 1483 605 1554; x_wconf 88' lang='lat' dir='ltr'><strong>ipsos</strong></span> <span class='ocrx_word' id='word_1_107' title='bbox 625 1483 841 1553; x_wconf 77' lang='lat' dir='ltr'><strong>gravius</strong></span> <span class='ocrx_word' id='word_1_108' title='bbox 855 1480 1169 1538; x_wconf 89' lang='lat' dir='ltr'><strong>confodiunt</strong></span> <span class='ocrx_word' id='word_1_109' title='bbox 1192 1498 1205 1534; x_wconf 89' lang='lat'><strong>:</strong></span> <span class='ocrx_word' id='word_1_110' title='bbox 1225 1479 1329 1535; x_wconf 90' lang='lat' dir='ltr'><strong>illis</strong></span> <span class='ocrx_word' id='word_1_111' title='bbox 1348 1478 1562 1550; x_wconf 85' lang='lat' dir='ltr'><strong>quidem</strong></span> <span class='ocrx_word' id='word_1_112' title='bbox 1580 1492 1724 1549; x_wconf 80' lang='lat' dir='ltr'><strong>saepe</strong></span> 
     </span>
    </p>
   </div>
   <div class='ocr_carea' id='block_1_14' title="bbox 115 1559 1718 1647">
    <p class='ocr_par' dir='ltr' id='par_1_14' title="bbox 115 1559 1718 1647">
     <span class='ocr_line' id='line_1_14' title="bbox 115 1559 1718 1647; baseline -0.004 -16"><span class='ocrx_word' id='word_1_113' title='bbox 115 1577 173 1631; x_wconf 89' lang='lat' dir='ltr'><strong>in</strong></span> <span class='ocrx_word' id='word_1_114' title='bbox 206 1576 434 1647; x_wconf 85' lang='lat' dir='ltr'><strong>pecunia</strong></span> <span class='ocrx_word' id='word_1_115' title='bbox 454 1610 470 1641; x_wconf 92' lang='lat'><strong>,</strong></span> <span class='ocrx_word' id='word_1_116' title='bbox 494 1572 579 1629; x_wconf 80' lang='lat' dir='ltr'><strong>vel</strong></span> <span class='ocrx_word' id='word_1_117' title='bbox 603 1578 764 1629; x_wconf 89' lang='lat' dir='ltr'><strong>etiam</strong></span> <span class='ocrx_word' id='word_1_118' title='bbox 795 1559 848 1627; x_wconf 83' lang='lat' dir='ltr'><strong>in</strong></span> <span class='ocrx_word' id='word_1_119' title='bbox 873 1585 1099 1643; x_wconf 88' lang='lat' dir='ltr'><strong>corpore</strong></span> <span class='ocrx_word' id='word_1_120' title='bbox 1121 1569 1375 1626; x_wconf 82' lang='lat' dir='ltr'><strong>damnum</strong></span> <span class='ocrx_word' id='word_1_121' title='bbox 1397 1568 1718 1626; x_wconf 64' lang='lat' dir='ltr'><strong>atterentes:</strong></span> 
     </span>
    </p>
   </div>
   <div class='ocr_carea' id='block_1_15' title="bbox 30 1659 1720 1738">
    <p class='ocr_par' dir='ltr' id='par_1_15' title="bbox 30 1659 1720 1738">
     <span class='ocr_line' id='line_1_15' title="bbox 30 1659 1720 1738; baseline -0.005 -15"><span class='ocrx_word' id='word_1_122' title='bbox 30 1672 31 1675; x_wconf 69' lang='lat'>‘</span> <span class='ocrx_word' id='word_1_123' title='bbox 113 1667 335 1738; x_wconf 87' lang='lat' dir='ltr'><strong>seipsos</strong></span> <span class='ocrx_word' id='word_1_124' title='bbox 382 1673 559 1721; x_wconf 87' lang='lat' dir='ltr'><strong>autem</strong></span> <span class='ocrx_word' id='word_1_125' title='bbox 602 1664 654 1719; x_wconf 90' lang='lat' dir='ltr'><strong>in</strong></span> <span class='ocrx_word' id='word_1_126' title='bbox 695 1663 871 1718; x_wconf 88' lang='lat' dir='ltr'><strong>anima</strong></span> <span class='ocrx_word' id='word_1_127' title='bbox 894 1705 910 1731; x_wconf 92' lang='lat'><strong>,</strong></span> <span class='ocrx_word' id='word_1_128' title='bbox 941 1660 1084 1734; x_wconf 90' lang='lat' dir='ltr'><strong>quod</strong></span> <span class='ocrx_word' id='word_1_129' title='bbox 1110 1659 1325 1733; x_wconf 89' lang='lat' dir='ltr'><strong>quidem</strong></span> <span class='ocrx_word' id='word_1_130' title='bbox 1354 1668 1439 1717; x_wconf 84' lang='lat' dir='ltr'><strong>est</strong></span> <span class='ocrx_word' id='word_1_131' title='bbox 1467 1673 1598 1717; x_wconf 79' lang='lat' dir='ltr'><strong>vere</strong></span> <span class='ocrx_word' id='word_1_132' title='bbox 1622 1660 1720 1715; x_wconf 83' lang='lat' dir='ltr'><strong>da-</strong></span> 
     </span>
    </p>
   </div>
   <div class='ocr_carea' id='block_1_16' title="bbox 30 1753 1725 1826">
    <p class='ocr_par' dir='ltr' id='par_1_16' title="bbox 30 1753 1725 1826">
     <span class='ocr_line' id='line_1_16' title="bbox 30 1753 1725 1826; baseline -0.002 -13"><span class='ocrx_word' id='word_1_133' title='bbox 30 1774 33 1799; x_wconf 71' lang='grc' dir='ltr'><strong>ί</strong></span> <span class='ocrx_word' id='word_1_134' title='bbox 114 1774 311 1814; x_wconf 90' lang='lat' dir='ltr'><strong>mnum</strong></span> <span class='ocrx_word' id='word_1_135' title='bbox 334 1800 349 1824; x_wconf 93' lang='lat'><strong>,</strong></span> <span class='ocrx_word' id='word_1_136' title='bbox 383 1756 663 1812; x_wconf 60' lang='lat' dir='ltr'><strong>ludentes.</strong></span> <span class='ocrx_word' id='word_1_137' title='bbox 699 1754 757 1812; x_wconf 85' lang='lat' dir='ltr'><strong>Si</strong></span> <span class='ocrx_word' id='word_1_138' title='bbox 784 1755 927 1811; x_wconf 89' lang='lat' dir='ltr'><strong>enim</strong></span> <span class='ocrx_word' id='word_1_139' title='bbox 956 1754 1011 1809; x_wconf 88' lang='lat' dir='ltr'><strong>in</strong></span> <span class='ocrx_word' id='word_1_140' title='bbox 1040 1755 1257 1826; x_wconf 90' lang='lat' dir='ltr'><strong>propria</strong></span> <span class='ocrx_word' id='word_1_141' title='bbox 1286 1766 1386 1809; x_wconf 92' lang='lat' dir='ltr'><strong>nos</strong></span> <span class='ocrx_word' id='word_1_142' title='bbox 1409 1755 1604 1811; x_wconf 85' lang='lat' dir='ltr'><strong>virtute</strong></span> <span class='ocrx_word' id='word_1_143' title='bbox 1631 1753 1725 1810; x_wconf 70' lang='lat' dir='ltr'><strong>lte-</strong></span> 
     </span>
    </p>
   </div>
   <div class='ocr_carea' id='block_1_17' title="bbox 30 1846 1723 1922">
    <p class='ocr_par' dir='ltr' id='par_1_17' title="bbox 30 1846 1723 1922">
     <span class='ocr_line' id='line_1_17' title="bbox 30 1846 1723 1922; baseline -0.004 -14"><span class='ocrx_word' id='word_1_144' title='bbox 30 1874 33 1883; x_wconf 66' lang='grc'><em>’</em></span> <span class='ocrx_word' id='word_1_145' title='bbox 109 1852 277 1908; x_wconf 88' lang='lat' dir='ltr'><strong>deret</strong></span> <span class='ocrx_word' id='word_1_146' title='bbox 316 1850 571 1906; x_wconf 85' lang='lat' dir='ltr'><strong>damnum</strong></span> <span class='ocrx_word' id='word_1_147' title='bbox 617 1849 890 1922; x_wconf 68' lang='lat' dir='ltr'><strong>pecunias,</strong></span> <span class='ocrx_word' id='word_1_148' title='bbox 930 1862 1037 1904; x_wconf 91' lang='lat' dir='ltr'><strong>non</strong></span> <span class='ocrx_word' id='word_1_149' title='bbox 1074 1848 1418 1919; x_wconf 66' lang='lat' dir='ltr'><strong>praecepisset</strong></span> <span class='ocrx_word' id='word_1_150' title='bbox 1445 1846 1640 1903; x_wconf 83' lang='lat' dir='ltr'><strong>Paulus</strong></span> <span class='ocrx_word' id='word_1_151' title='bbox 1664 1855 1723 1901; x_wconf 95' lang='grc' dir='ltr'><strong>ιιι</strong></span> 
     </span>
    </p>
   </div>
   <div class='ocr_carea' id='block_1_18' title="bbox 30 1938 1721 2016">
    <p class='ocr_par' dir='ltr' id='par_1_18' title="bbox 30 1938 1721 2016">
     <span class='ocr_line' id='line_1_18' title="bbox 30 1938 1721 2016; baseline -0.004 -14"><span class='ocrx_word' id='word_1_152' title='bbox 30 1938 33 1967; x_wconf 30' lang='grc' dir='ltr'>Γ</span> <span class='ocrx_word' id='word_1_153' title='bbox 112 1944 372 2016; x_wconf 87' lang='lat' dir='ltr'><strong>injuriam</strong></span> <span class='ocrx_word' id='word_1_154' title='bbox 422 1952 764 2015; x_wconf 87' lang='lat' dir='ltr'><strong>pateremur,</strong></span> <span class='ocrx_word' id='word_1_155' title='bbox 812 1957 917 1997; x_wconf 89' lang='lat' dir='ltr'><strong>non</strong></span> <span class='ocrx_word' id='word_1_156' title='bbox 963 1940 1141 1996; x_wconf 85' lang='lat' dir='ltr'><strong>autem</strong></span> <span class='ocrx_word' id='word_1_157' title='bbox 1173 1940 1469 1996; x_wconf 87' lang='lat' dir='ltr'><strong>faceremus</strong></span> <span class='ocrx_word' id='word_1_158' title='bbox 1494 1939 1569 2010; x_wconf 83' lang='lat' dir='ltr'><strong>(t.</strong></span> <span class='ocrx_word' id='word_1_159' title='bbox 1599 1938 1721 1996; x_wconf 84' lang='lat' dir='ltr'><strong>Cor.</strong></span> 
     </span>
    </p>
   </div>
   <div class='ocr_carea' id='block_1_19' title="bbox 30 2030 1721 2107">
    <p class='ocr_par' dir='ltr' id='par_1_19' title="bbox 30 2030 1721 2107">
     <span class='ocr_line' id='line_1_19' title="bbox 30 2030 1721 2107; baseline -0.006 -12"><span class='ocrx_word' id='word_1_160' title='bbox 30 2030 31 2039; x_wconf 51' lang='grc'><em>“</em></span> <span class='ocrx_word' id='word_1_161' title='bbox 110 2036 173 2094; x_wconf 86' lang='grc'><strong>6.</strong></span> <span class='ocrx_word' id='word_1_162' title='bbox 213 2036 298 2107; x_wconf 86' lang='lat'><strong>7).</strong></span> <span class='ocrx_word' id='word_1_163' title='bbox 339 2034 399 2092; x_wconf 90' lang='lat' dir='ltr'><strong>Si</strong></span> <span class='ocrx_word' id='word_1_164' title='bbox 426 2035 623 2090; x_wconf 87' lang='lat' dir='ltr'><strong>malum</strong></span> <span class='ocrx_word' id='word_1_165' title='bbox 654 2040 799 2090; x_wconf 90' lang='lat' dir='ltr'><strong>esset</strong></span> <span class='ocrx_word' id='word_1_166' title='bbox 828 2032 1021 2104; x_wconf 85' lang='lat' dir='ltr'><strong>injuria</strong></span> <span class='ocrx_word' id='word_1_167' title='bbox 1048 2031 1189 2088; x_wconf 69' lang='lat' dir='ltr'><strong>allici</strong></span> <span class='ocrx_word' id='word_1_168' title='bbox 1215 2072 1231 2099; x_wconf 94' lang='lat'><strong>,</strong></span> <span class='ocrx_word' id='word_1_169' title='bbox 1263 2046 1370 2087; x_wconf 92' lang='lat' dir='ltr'><strong>non</strong></span> <span class='ocrx_word' id='word_1_170' title='bbox 1396 2031 1487 2103; x_wconf 91' lang='lat' dir='ltr'><strong>qui</strong></span> <span class='ocrx_word' id='word_1_171' title='bbox 1510 2040 1593 2086; x_wconf 90' lang='lat' dir='ltr'><strong>est</strong></span> <span class='ocrx_word' id='word_1_172' title='bbox 1621 2031 1721 2085; x_wconf 86' lang='lat' dir='ltr'><strong>bo-</strong></span> 
     </span>
    </p>
   </div>
   <div class='ocr_carea' id='block_1_20' title="bbox 30 2110 1722 2199">
    <p class='ocr_par' dir='ltr' id='par_1_20' title="bbox 30 2110 1722 2199">
     <span class='ocr_line' id='line_1_20' title="bbox 30 2110 1722 2199; baseline -0.004 -13"><span class='ocrx_word' id='word_1_173' title='bbox 111 2144 317 2186; x_wconf 91' lang='lat' dir='ltr'><strong>norum</strong></span> <span class='ocrx_word' id='word_1_174' title='bbox 358 2127 631 2199; x_wconf 84' lang='lat' dir='ltr'><strong>legislator</strong></span> <span class='ocrx_word' id='word_1_175' title='bbox 665 2125 804 2181; x_wconf 84' lang='lat' dir='ltr'><strong>mala</strong></span> <span class='ocrx_word' id='word_1_176' title='bbox 838 2124 1109 2196; x_wconf 89' lang='lat' dir='ltr'><strong>jussisset.</strong></span> <span class='ocrx_word' id='word_1_177' title='bbox 1140 2124 1339 2180; x_wconf 90' lang='lat' dir='ltr'><strong>Verum</strong></span> <span class='ocrx_word' id='word_1_178' title='bbox 1368 2124 1610 2195; x_wconf 80' lang='lat' dir='ltr'><strong>quamvis</strong></span> <span class='ocrx_word' id='word_1_179' title='bbox 1633 2140 1722 2180; x_wconf 83' lang='lat' dir='ltr'><strong>res</strong></span> 
     </span>
    </p>
   </div>
   <div class='ocr_carea' id='block_1_21' title="bbox 30 2213 1719 2289">
    <p class='ocr_par' dir='ltr' id='par_1_21' title="bbox 30 2213 1719 2289">
     <span class='ocr_line' id='line_1_21' title="bbox 30 2213 1719 2289; baseline -0.003 -14"><span class='ocrx_word' id='word_1_180' title='bbox 30 2213 36 2289; x_wconf 68' lang='grc' dir='ltr'>ί</span> <span class='ocrx_word' id='word_1_181' title='bbox 111 2220 194 2275; x_wconf 85' lang='lat' dir='ltr'><strong>ita</strong></span> <span class='ocrx_word' id='word_1_182' title='bbox 236 2232 302 2275; x_wconf 89' lang='lat' dir='ltr'><strong>se</strong></span> <span class='ocrx_word' id='word_1_183' title='bbox 344 2217 613 2283; x_wconf 90' lang='lat' dir='ltr'><strong>habeant,</strong></span> <span class='ocrx_word' id='word_1_184' title='bbox 663 2232 771 2271; x_wconf 90' lang='lat' dir='ltr'><strong>non</strong></span> <span class='ocrx_word' id='word_1_185' title='bbox 806 2222 1018 2287; x_wconf 80' lang='lat' dir='ltr'><strong>oportet</strong></span> <span class='ocrx_word' id='word_1_186' title='bbox 1045 2213 1201 2270; x_wconf 89' lang='lat' dir='ltr'><strong>malis</strong></span> <span class='ocrx_word' id='word_1_187' title='bbox 1225 2213 1513 2284; x_wconf 83' lang='lat' dir='ltr'><strong>insultare,</strong></span> <span class='ocrx_word' id='word_1_188' title='bbox 1543 2230 1641 2270; x_wconf 90' lang='lat' dir='ltr'><strong>nec</strong></span> <span class='ocrx_word' id='word_1_189' title='bbox 1668 2214 1719 2270; x_wconf 91' lang='lat' dir='ltr'><strong>in</strong></span> 
     </span>
    </p>
   </div>
   <div class='ocr_carea' id='block_1_22' title="bbox 30 2305 1724 2381">
    <p class='ocr_par' dir='ltr' id='par_1_22' title="bbox 30 2305 1724 2381">
     <span class='ocr_line' id='line_1_22' title="bbox 30 2305 1724 2381; baseline -0.004 -14"><span class='ocrx_word' id='word_1_190' title='bbox 30 2306 35 2311; x_wconf 84' lang='grc'><em>’</em></span> <span class='ocrx_word' id='word_1_191' title='bbox 111 2324 215 2367; x_wconf 88' lang='lat' dir='ltr'><strong>eos</strong></span> <span class='ocrx_word' id='word_1_192' title='bbox 260 2310 520 2381; x_wconf 82' lang='lat' dir='ltr'><strong>impetum</strong></span> <span class='ocrx_word' id='word_1_193' title='bbox 561 2306 771 2375; x_wconf 86' lang='lat' dir='ltr'><strong>facere,</strong></span> <span class='ocrx_word' id='word_1_194' title='bbox 815 2306 910 2362; x_wconf 89' lang='lat' dir='ltr'><strong>sed</strong></span> <span class='ocrx_word' id='word_1_195' title='bbox 956 2320 1142 2362; x_wconf 89' lang='lat' dir='ltr'><strong>eorum</strong></span> <span class='ocrx_word' id='word_1_196' title='bbox 1186 2305 1354 2360; x_wconf 69' lang='lat' dir='ltr'><strong>vitare</strong></span> <span class='ocrx_word' id='word_1_197' title='bbox 1381 2305 1724 2361; x_wconf 67' lang='lat' dir='ltr'><strong>consuetudio</strong></span> 
     </span>
    </p>
   </div>
   <div class='ocr_carea' id='block_1_23' title="bbox 30 2396 1721 2484">
    <p class='ocr_par' dir='ltr' id='par_1_23' title="bbox 30 2396 1721 2484">
     <span class='ocr_line' id='line_1_23' title="bbox 30 2396 1721 2484; baseline -0.004 -25"><span class='ocrx_word' id='word_1_198' title='bbox 30 2470 37 2484; x_wconf 36' lang='lat'><em>.</em></span> <span class='ocrx_word' id='word_1_199' title='bbox 112 2418 246 2458; x_wconf 85' lang='lat' dir='ltr'><strong>nem</strong></span> <span class='ocrx_word' id='word_1_200' title='bbox 280 2420 296 2456; x_wconf 88' lang='lat'>:</span> <span class='ocrx_word' id='word_1_201' title='bbox 325 2403 370 2456; x_wconf 92' lang='lat' dir='ltr'><strong>si</strong></span> <span class='ocrx_word' id='word_1_202' title='bbox 412 2400 662 2456; x_wconf 82' lang='lat' dir='ltr'><strong>invadunt</strong></span> <span class='ocrx_word' id='word_1_203' title='bbox 682 2435 699 2467; x_wconf 85' lang='lat'><strong>,</strong></span> <span class='ocrx_word' id='word_1_204' title='bbox 730 2398 852 2455; x_wconf 89' lang='lat' dir='ltr'><strong>forti</strong></span> <span class='ocrx_word' id='word_1_205' title='bbox 878 2408 932 2454; x_wconf 89' lang='lat' dir='ltr'><strong>et</strong></span> <span class='ocrx_word' id='word_1_206' title='bbox 958 2409 1221 2469; x_wconf 87' lang='lat' dir='ltr'><strong>generoso</strong></span> <span class='ocrx_word' id='word_1_207' title='bbox 1247 2396 1427 2452; x_wconf 88' lang='lat' dir='ltr'><strong>animo</strong></span> <span class='ocrx_word' id='word_1_208' title='bbox 1451 2412 1544 2452; x_wconf 87' lang='lat' dir='ltr'><strong>eos</strong></span> <span class='ocrx_word' id='word_1_209' title='bbox 1574 2399 1721 2453; x_wconf 60' lang='lat' dir='ltr'><strong>exeia</strong></span> 
     </span>
    </p>
   </div>
   <div class='ocr_carea' id='block_1_24' title="bbox 30 2490 1719 2567">
    <p class='ocr_par' dir='ltr' id='par_1_24' title="bbox 30 2490 1719 2567">
     <span class='ocr_line' id='line_1_24' title="bbox 30 2490 1719 2567; baseline -0.004 -16"><span class='ocrx_word' id='word_1_210' title='bbox 30 2560 33 2567; x_wconf 36' lang='grc' dir='ltr'>ι</span> <span class='ocrx_word' id='word_1_211' title='bbox 112 2510 274 2567; x_wconf 88' lang='lat' dir='ltr'><strong>pere.</strong></span> <span class='ocrx_word' id='word_1_212' title='bbox 310 2494 433 2550; x_wconf 89' lang='lat' dir='ltr'><strong>Ideo</strong></span> <span class='ocrx_word' id='word_1_213' title='bbox 460 2494 602 2549; x_wconf 87' lang='lat' dir='ltr'><strong>enim</strong></span> <span class='ocrx_word' id='word_1_214' title='bbox 630 2493 883 2563; x_wconf 88' lang='lat' dir='ltr'><strong>jubemur</strong></span> <span class='ocrx_word' id='word_1_215' title='bbox 907 2504 1095 2559; x_wconf 87' lang='lat' dir='ltr'><strong>orare,</strong></span> <span class='ocrx_word' id='word_1_216' title='bbox 1126 2504 1194 2545; x_wconf 87' lang='lat' dir='ltr'><strong>ne</strong></span> <span class='ocrx_word' id='word_1_217' title='bbox 1222 2490 1482 2546; x_wconf 89' lang='lat' dir='ltr'><strong>intremus</strong></span> <span class='ocrx_word' id='word_1_218' title='bbox 1513 2490 1565 2545; x_wconf 93' lang='lat' dir='ltr'><strong>in</strong></span> <span class='ocrx_word' id='word_1_219' title='bbox 1600 2498 1719 2546; x_wconf 69' lang='lat' dir='ltr'><strong>ten—</strong></span> 
     </span>
    </p>
   </div>
   <div class='ocr_carea' id='block_1_25' title="bbox 115 2581 1718 2656">
    <p class='ocr_par' dir='ltr' id='par_1_25' title="bbox 115 2581 1718 2656">
     <span class='ocr_line' id='line_1_25' title="bbox 115 2581 1718 2656; baseline -0.005 -13"><span class='ocrx_word' id='word_1_220' title='bbox 115 2588 402 2643; x_wconf 87' lang='lat' dir='ltr'><strong>tationem.</strong></span> <span class='ocrx_word' id='word_1_221' title='bbox 441 2585 698 2653; x_wconf 75' lang='lat' dir='ltr'><strong>Quocirca</strong></span> <span class='ocrx_word' id='word_1_222' title='bbox 738 2584 855 2656; x_wconf 84' lang='lat' dir='ltr'><strong>ipse</strong></span> <span class='ocrx_word' id='word_1_223' title='bbox 878 2594 1089 2654; x_wconf 88' lang='lat' dir='ltr'><strong>quoque</strong></span> <span class='ocrx_word' id='word_1_224' title='bbox 1115 2595 1240 2638; x_wconf 91' lang='lat' dir='ltr'><strong>cum</strong></span> <span class='ocrx_word' id='word_1_225' title='bbox 1265 2581 1527 2650; x_wconf 83' lang='lat' dir='ltr'><strong>dixisset,</strong></span> <span class='ocrx_word' id='word_1_226' title='bbox 1560 2581 1718 2654; x_wconf 83' lang='lat' dir='ltr'><strong>Eripe</strong></span> 
     </span>
    </p>
   </div>
   <div class='ocr_carea' id='block_1_26' title="bbox 38 2673 1720 2746">
    <p class='ocr_par' dir='ltr' id='par_1_26' title="bbox 38 2673 1720 2746">
     <span class='ocr_line' id='line_1_26' title="bbox 38 2673 1720 2746; baseline -0.004 -11"><span class='ocrx_word' id='word_1_227' title='bbox 38 2692 41 2735; x_wconf 78' lang='lat'><strong>‘.</strong></span> <span class='ocrx_word' id='word_1_228' title='bbox 114 2695 238 2746; x_wconf 80' lang='lat' dir='ltr'><strong>me,</strong></span> <span class='ocrx_word' id='word_1_229' title='bbox 277 2676 529 2745; x_wconf 81' lang='lat' dir='ltr'><strong>Domine,</strong></span> <span class='ocrx_word' id='word_1_230' title='bbox 559 2675 621 2730; x_wconf 88' lang='lat' dir='ltr'><strong>ab</strong></span> <span class='ocrx_word' id='word_1_231' title='bbox 648 2675 851 2729; x_wconf 80' lang='lat' dir='ltr'><strong>homine</strong></span> <span class='ocrx_word' id='word_1_232' title='bbox 874 2675 1008 2729; x_wconf 83' lang='lat' dir='ltr'><strong>malo</strong></span> <span class='ocrx_word' id='word_1_233' title='bbox 1028 2714 1044 2740; x_wconf 96' lang='lat'><strong>,</strong></span> <span class='ocrx_word' id='word_1_234' title='bbox 1074 2673 1380 2744; x_wconf 78' lang='lat' dir='ltr'><strong>subjunxit,</strong></span> <span class='ocrx_word' id='word_1_235' title='bbox 1415 2673 1459 2727; x_wconf 81' lang='grc' dir='ltr'><em>Α</em></span> <span class='ocrx_word' id='word_1_236' title='bbox 1484 2674 1590 2727; x_wconf 79' lang='lat' dir='ltr'><strong>uiro</strong></span> <span class='ocrx_word' id='word_1_237' title='bbox 1616 2674 1720 2728; x_wconf 54' lang='lat' dir='ltr'><strong>intB</strong></span> 
     </span>
    </p>
   </div>
   <div class='ocr_carea' id='block_1_27' title="bbox 40 2764 1718 2842">
    <p class='ocr_par' dir='ltr' id='par_1_27' title="bbox 40 2764 1718 2842">
     <span class='ocr_line' id='line_1_27' title="bbox 40 2764 1718 2842; baseline -0.004 -17"><span class='ocrx_word' id='word_1_238' title='bbox 40 2788 44 2795; x_wconf 60' lang='grc' dir='ltr'><strong>ι</strong></span> <span class='ocrx_word' id='word_1_239' title='bbox 114 2786 222 2842; x_wconf 84' lang='lat' dir='ltr'><strong>quo</strong></span> <span class='ocrx_word' id='word_1_240' title='bbox 262 2769 405 2840; x_wconf 84' lang='lat' dir='ltr'><strong>eripe</strong></span> <span class='ocrx_word' id='word_1_241' title='bbox 444 2784 524 2823; x_wconf 87' lang='lat' dir='ltr'><strong>me</strong></span> <span class='ocrx_word' id='word_1_242' title='bbox 570 2782 590 2823; x_wconf 91' lang='lat'><strong><em>:</em></strong></span> <span class='ocrx_word' id='word_1_243' title='bbox 632 2779 838 2838; x_wconf 90' lang='lat' dir='ltr'><strong>ponens</strong></span> <span class='ocrx_word' id='word_1_244' title='bbox 867 2777 1054 2822; x_wconf 83' lang='lat' dir='ltr'><strong>rursus</strong></span> <span class='ocrx_word' id='word_1_245' title='bbox 1080 2764 1331 2836; x_wconf 76' lang='lat' dir='ltr'><strong>generale</strong></span> <span class='ocrx_word' id='word_1_246' title='bbox 1359 2776 1555 2821; x_wconf 88' lang='lat' dir='ltr'><strong>nomen</strong></span> <span class='ocrx_word' id='word_1_247' title='bbox 1582 2764 1718 2819; x_wconf 81' lang='lat' dir='ltr'><strong>vitii.</strong></span> 
     </span>
    </p>
   </div>
   <div class='ocr_carea' id='block_1_28' title="bbox 36 2856 1719 2929">
    <p class='ocr_par' dir='ltr' id='par_1_28' title="bbox 36 2856 1719 2929">
     <span class='ocr_line' id='line_1_28' title="bbox 36 2856 1719 2929; baseline -0.004 -10"><span class='ocrx_word' id='word_1_248' title='bbox 36 2886 45 2909; x_wconf 79' lang='grc' dir='ltr'><strong>ι</strong></span> <span class='ocrx_word' id='word_1_249' title='bbox 114 2862 238 2920; x_wconf 80' lang='lat' dir='ltr'><strong>Non</strong></span> <span class='ocrx_word' id='word_1_250' title='bbox 274 2861 449 2918; x_wconf 87' lang='lat' dir='ltr'><strong>solum</strong></span> <span class='ocrx_word' id='word_1_251' title='bbox 476 2863 617 2917; x_wconf 86' lang='lat' dir='ltr'><strong>enim</strong></span> <span class='ocrx_word' id='word_1_252' title='bbox 645 2870 768 2915; x_wconf 89' lang='lat' dir='ltr'><strong>eum</strong></span> <span class='ocrx_word' id='word_1_253' title='bbox 797 2858 886 2929; x_wconf 90' lang='lat' dir='ltr'><strong>qui</strong></span> <span class='ocrx_word' id='word_1_254' title='bbox 917 2858 970 2913; x_wconf 90' lang='lat' dir='ltr'><strong>in</strong></span> <span class='ocrx_word' id='word_1_255' title='bbox 999 2857 1256 2929; x_wconf 84' lang='lat' dir='ltr'><strong>pecunia,</strong></span> <span class='ocrx_word' id='word_1_256' title='bbox 1285 2856 1379 2913; x_wconf 90' lang='lat' dir='ltr'><strong>sed</strong></span> <span class='ocrx_word' id='word_1_257' title='bbox 1407 2872 1529 2912; x_wconf 91' lang='lat' dir='ltr'><strong>eum</strong></span> <span class='ocrx_word' id='word_1_258' title='bbox 1556 2857 1719 2914; x_wconf 82' lang='lat' dir='ltr'><strong>etiam</strong></span> 
     </span>
    </p>
   </div>
   <div class='ocr_carea' id='block_1_29' title="bbox 40 2949 1719 3028">
    <p class='ocr_par' dir='ltr' id='par_1_29' title="bbox 40 2949 1719 3028">
     <span class='ocr_line' id='line_1_29' title="bbox 40 2949 1719 3028; baseline -0.003 -17"><span class='ocrx_word' id='word_1_259' title='bbox 40 2960 45 2991; x_wconf 74' lang='grc' dir='ltr'><strong>ε</strong></span> <span class='ocrx_word' id='word_1_260' title='bbox 115 2957 214 3028; x_wconf 75' lang='lat' dir='ltr'><strong>qui</strong></span> <span class='ocrx_word' id='word_1_261' title='bbox 255 2954 419 3011; x_wconf 88' lang='lat' dir='ltr'><strong>estin</strong></span> <span class='ocrx_word' id='word_1_262' title='bbox 447 2952 697 3009; x_wconf 76' lang='lat' dir='ltr'><strong>ontnibus</strong></span> <span class='ocrx_word' id='word_1_263' title='bbox 725 2951 843 3008; x_wconf 85' lang='lat' dir='ltr'><strong>aliis</strong></span> <span class='ocrx_word' id='word_1_264' title='bbox 872 2951 1104 3022; x_wconf 81' lang='lat' dir='ltr'><strong>injustas</strong></span> <span class='ocrx_word' id='word_1_265' title='bbox 1134 2950 1221 3006; x_wconf 87' lang='lat' dir='ltr'><strong>hic</strong></span> <span class='ocrx_word' id='word_1_266' title='bbox 1247 2949 1395 3006; x_wconf 89' lang='lat' dir='ltr'><strong>dicit.</strong></span> <span class='ocrx_word' id='word_1_267' title='bbox 1426 2949 1597 3021; x_wconf 79' lang='lat' dir='ltr'><strong>Rogat</strong></span> <span class='ocrx_word' id='word_1_268' title='bbox 1619 2965 1719 3006; x_wconf 81' lang='lat' dir='ltr'><strong>au-</strong></span> 
     </span>
    </p>
   </div>
   <div class='ocr_carea' id='block_1_30' title="bbox 118 3037 1717 3111">
    <p class='ocr_par' dir='ltr' id='par_1_30' title="bbox 118 3037 1717 3111">
     <span class='ocr_line' id='line_1_30' title="bbox 118 3037 1717 3111; baseline -0.006 -7"><span class='ocrx_word' id='word_1_269' title='bbox 118 3058 233 3104; x_wconf 89' lang='lat' dir='ltr'><strong>tem</strong></span> <span class='ocrx_word' id='word_1_270' title='bbox 295 3054 356 3102; x_wconf 85' lang='lat' dir='ltr'><strong>ut</strong></span> <span class='ocrx_word' id='word_1_271' title='bbox 414 3044 702 3111; x_wconf 84' lang='lat' dir='ltr'><strong>liberetur,</strong></span> <span class='ocrx_word' id='word_1_272' title='bbox 763 3058 830 3100; x_wconf 89' lang='lat' dir='ltr'><strong>ne</strong></span> <span class='ocrx_word' id='word_1_273' title='bbox 871 3042 1026 3099; x_wconf 82' lang='lat' dir='ltr'><strong>cadat</strong></span> <span class='ocrx_word' id='word_1_274' title='bbox 1064 3037 1165 3098; x_wconf 81' lang='lat' dir='ltr'><strong>nec</strong></span> <span class='ocrx_word' id='word_1_275' title='bbox 1218 3041 1307 3096; x_wconf 87' lang='lat' dir='ltr'><strong>tiat</strong></span> <span class='ocrx_word' id='word_1_276' title='bbox 1362 3050 1421 3096; x_wconf 89' lang='lat' dir='ltr'><strong>ut</strong></span> <span class='ocrx_word' id='word_1_277' title='bbox 1471 3041 1563 3098; x_wconf 89' lang='lat' dir='ltr'><strong>ille</strong></span> <span class='ocrx_word' id='word_1_278' title='bbox 1611 3049 1717 3098; x_wconf 84' lang='lat' dir='ltr'><strong>est.</strong></span> 
     </span>
    </p>
   </div>
   <div class='ocr_carea' id='block_1_31' title="bbox 118 3133 1719 3210">
    <p class='ocr_par' dir='ltr' id='par_1_31' title="bbox 118 3133 1719 3210">
     <span class='ocr_line' id='line_1_31' title="bbox 118 3133 1719 3210; baseline -0.005 -14"><span class='ocrx_word' id='word_1_279' title='bbox 118 3140 242 3196; x_wconf 73' lang='lat' dir='ltr'><strong>Non</strong></span> <span class='ocrx_word' id='word_1_280' title='bbox 293 3137 424 3210; x_wconf 90' lang='lat' dir='ltr'><strong>petit</strong></span> <span class='ocrx_word' id='word_1_281' title='bbox 470 3136 746 3202; x_wconf 88' lang='lat' dir='ltr'><strong>absolute,</strong></span> <span class='ocrx_word' id='word_1_282' title='bbox 803 3134 905 3190; x_wconf 90' lang='lat' dir='ltr'><strong>nisi</strong></span> <span class='ocrx_word' id='word_1_283' title='bbox 958 3150 1083 3190; x_wconf 90' lang='lat' dir='ltr'><strong>cum</strong></span> <span class='ocrx_word' id='word_1_284' title='bbox 1140 3148 1233 3190; x_wconf 88' lang='lat' dir='ltr'><strong>sua</strong></span> <span class='ocrx_word' id='word_1_285' title='bbox 1282 3133 1428 3204; x_wconf 86' lang='lat' dir='ltr'><strong>prius</strong></span> <span class='ocrx_word' id='word_1_286' title='bbox 1473 3134 1719 3189; x_wconf 66' lang='lat' dir='ltr'><strong>continea-</strong></span> 
     </span>
    </p>
   </div>
   <div class='ocr_carea' id='block_1_32' title="bbox 42 3216 1719 3315">
    <p class='ocr_par' dir='ltr' id='par_1_32' title="bbox 42 3216 1719 3315">
     <span class='ocr_line' id='line_1_32' title="bbox 42 3216 1719 3315; baseline -0.005 -24"><span class='ocrx_word' id='word_1_287' title='bbox 42 3216 55 3315; x_wconf 44' lang='grc' dir='ltr'>ξ</span> <span class='ocrx_word' id='word_1_288' title='bbox 125 3235 214 3291; x_wconf 87' lang='lat' dir='ltr'><strong>rit.</strong></span> <span class='ocrx_word' id='word_1_289' title='bbox 268 3233 337 3290; x_wconf 86' lang='lat' dir='ltr'><strong>Et</strong></span> <span class='ocrx_word' id='word_1_290' title='bbox 380 3232 501 3288; x_wconf 90' lang='lat' dir='ltr'><strong>ideo</strong></span> <span class='ocrx_word' id='word_1_291' title='bbox 536 3246 660 3287; x_wconf 90' lang='lat' dir='ltr'><strong>cum</strong></span> <span class='ocrx_word' id='word_1_292' title='bbox 704 3232 757 3287; x_wconf 90' lang='lat' dir='ltr'><strong>in</strong></span> <span class='ocrx_word' id='word_1_293' title='bbox 803 3230 910 3287; x_wconf 85' lang='lat' dir='ltr'><strong>tlne</strong></span> <span class='ocrx_word' id='word_1_294' title='bbox 952 3229 1144 3301; x_wconf 84' lang='lat' dir='ltr'><strong>prioris</strong></span> <span class='ocrx_word' id='word_1_295' title='bbox 1186 3229 1384 3285; x_wconf 82' lang='lat' dir='ltr'><strong>Psalmi</strong></span> <span class='ocrx_word' id='word_1_296' title='bbox 1422 3243 1517 3285; x_wconf 87' lang='lat' dir='ltr'><strong>eos</strong></span> <span class='ocrx_word' id='word_1_297' title='bbox 1552 3229 1719 3300; x_wconf 81' lang='lat' dir='ltr'><strong>fugis-</strong></span> 
     </span>
    </p>
   </div>
   <div class='ocr_carea' id='block_1_33' title="bbox 50 3321 1721 3395">
    <p class='ocr_par' dir='ltr' id='par_1_33' title="bbox 50 3321 1721 3395">
     <span class='ocr_line' id='line_1_33' title="bbox 50 3321 1721 3395; baseline -0.004 -13"><span class='ocrx_word' id='word_1_298' title='bbox 50 3324 53 3325; x_wconf 55' lang='grc'><strong><em>⁷</em></strong></span> <span class='ocrx_word' id='word_1_299' title='bbox 126 3335 256 3395; x_wconf 89' lang='lat' dir='ltr'><strong>set,</strong></span> <span class='ocrx_word' id='word_1_300' title='bbox 306 3334 359 3382; x_wconf 85' lang='grc' dir='ltr'><strong>ει</strong></span> <span class='ocrx_word' id='word_1_301' title='bbox 397 3339 582 3381; x_wconf 90' lang='lat' dir='ltr'><strong>eorum</strong></span> <span class='ocrx_word' id='word_1_302' title='bbox 624 3323 1098 3388; x_wconf 83' lang='lat' dir='ltr'><strong>consuetudinem,</strong></span> <span class='ocrx_word' id='word_1_303' title='bbox 1138 3322 1224 3377; x_wconf 91' lang='lat' dir='ltr'><strong>hic</strong></span> <span class='ocrx_word' id='word_1_304' title='bbox 1265 3321 1396 3392; x_wconf 88' lang='lat' dir='ltr'><strong>petit</strong></span> <span class='ocrx_word' id='word_1_305' title='bbox 1436 3322 1527 3377; x_wconf 92' lang='lat' dir='ltr'><strong>Dei</strong></span> <span class='ocrx_word' id='word_1_306' title='bbox 1571 3322 1721 3376; x_wconf 68' lang='lat' dir='ltr'><strong>auxi~</strong></span> 
     </span>
    </p>
   </div>
   <div class='ocr_carea' id='block_1_34' title="bbox 52 3414 1717 3489">
    <p class='ocr_par' dir='ltr' id='par_1_34' title="bbox 52 3414 1717 3489">
     <span class='ocr_line' id='line_1_34' title="bbox 52 3414 1717 3489; baseline -0.002 -15"><span class='ocrx_word' id='word_1_307' title='bbox 52 3462 61 3489; x_wconf 54' lang='grc' dir='ltr'><strong>ε</strong></span> <span class='ocrx_word' id='word_1_308' title='bbox 132 3418 281 3473; x_wconf 92' lang='lat' dir='ltr'><strong>lium.</strong></span> <span class='ocrx_word' id='word_1_309' title='bbox 331 3417 443 3478; x_wconf 83' lang='lat' dir='ltr'><strong>llltc</strong></span> <span class='ocrx_word' id='word_1_310' title='bbox 486 3417 628 3474; x_wconf 87' lang='lat' dir='ltr'><strong>enim</strong></span> <span class='ocrx_word' id='word_1_311' title='bbox 668 3432 788 3487; x_wconf 68' lang='lat' dir='ltr'><strong>quas</strong></span> <span class='ocrx_word' id='word_1_312' title='bbox 831 3429 926 3471; x_wconf 87' lang='lat' dir='ltr'><strong>sua</strong></span> <span class='ocrx_word' id='word_1_313' title='bbox 970 3423 1124 3471; x_wconf 85' lang='lat' dir='ltr'><strong>erant</strong></span> <span class='ocrx_word' id='word_1_314' title='bbox 1162 3414 1462 3470; x_wconf 86' lang='lat' dir='ltr'><strong>contulerat</strong></span> <span class='ocrx_word' id='word_1_315' title='bbox 1498 3414 1717 3482; x_wconf 90' lang='lat' dir='ltr'><strong>dicens,</strong></span> 
     </span>
    </p>
   </div>
   <div class='ocr_carea' id='block_1_35' title="bbox 54 3506 1722 3583">
    <p class='ocr_par' dir='ltr' id='par_1_35' title="bbox 54 3506 1722 3583">
     <span class='ocr_line' id='line_1_35' title="bbox 54 3506 1722 3583; baseline -0.002 -18"><span class='ocrx_word' id='word_1_316' title='bbox 54 3548 61 3573; x_wconf 66' lang='grc' dir='ltr'>ς</span> <span class='ocrx_word' id='word_1_317' title='bbox 143 3510 249 3565; x_wconf 82' lang='lat' dir='ltr'><strong>Viri</strong></span> <span class='ocrx_word' id='word_1_318' title='bbox 279 3510 618 3583; x_wconf 86' lang='lat' dir='ltr'><strong>sanguinum,</strong></span> <span class='ocrx_word' id='word_1_319' title='bbox 648 3509 897 3564; x_wconf 73' lang='lat' dir='ltr'><strong>declinato</strong></span> <span class='ocrx_word' id='word_1_320' title='bbox 922 3524 954 3562; x_wconf 93' lang='lat' dir='ltr'><strong>a</strong></span> <span class='ocrx_word' id='word_1_321' title='bbox 981 3523 1094 3575; x_wconf 86' lang='lat' dir='ltr'><strong>me,</strong></span> <span class='ocrx_word' id='word_1_322' title='bbox 1126 3507 1247 3579; x_wconf 84' lang='lat' dir='ltr'><strong>quia</strong></span> <span class='ocrx_word' id='word_1_323' title='bbox 1272 3507 1476 3578; x_wconf 82' lang='lat' dir='ltr'><strong>litigiosi</strong></span> <span class='ocrx_word' id='word_1_324' title='bbox 1511 3507 1630 3563; x_wconf 82' lang='lat' dir='ltr'><strong>estis</strong></span> <span class='ocrx_word' id='word_1_325' title='bbox 1667 3506 1722 3561; x_wconf 87' lang='lat' dir='ltr'><strong>in</strong></span> 
     </span>
    </p>
   </div>
   <div class='ocr_carea' id='block_1_36' title="bbox 54 3598 1723 3673">
    <p class='ocr_par' dir='ltr' id='par_1_36' title="bbox 54 3598 1723 3673">
     <span class='ocr_line' id='line_1_36' title="bbox 54 3598 1723 3673; baseline -0.002 -16"><span class='ocrx_word' id='word_1_326' title='bbox 54 3640 59 3659; x_wconf 61' lang='grc' dir='ltr'><strong>ε</strong></span> <span class='ocrx_word' id='word_1_327' title='bbox 140 3603 511 3673; x_wconf 80' lang='lat' dir='ltr'><strong>cogitationibus</strong></span> <span class='ocrx_word' id='word_1_328' title='bbox 555 3599 754 3673; x_wconf 83' lang='lat' dir='ltr'><strong>(Psal.</strong></span> <span class='ocrx_word' id='word_1_329' title='bbox 805 3600 931 3656; x_wconf 72' lang='grc'><strong>138.</strong></span> <span class='ocrx_word' id='word_1_330' title='bbox 987 3599 1099 3671; x_wconf 84' lang='lat' dir='ltr'><strong>t9)</strong></span> <span class='ocrx_word' id='word_1_331' title='bbox 1142 3616 1158 3654; x_wconf 87' lang='lat'><strong>:</strong></span> <span class='ocrx_word' id='word_1_332' title='bbox 1212 3598 1299 3654; x_wconf 88' lang='lat' dir='ltr'><strong>hic</strong></span> <span class='ocrx_word' id='word_1_333' title='bbox 1342 3606 1519 3654; x_wconf 87' lang='lat' dir='ltr'><strong>autem</strong></span> <span class='ocrx_word' id='word_1_334' title='bbox 1571 3604 1723 3668; x_wconf 87' lang='lat' dir='ltr'><strong>rogat</strong></span> 
     </span>
    </p>
   </div>
   <div class='ocr_carea' id='block_1_37' title="bbox 54 3687 1720 3761">
    <p class='ocr_par' dir='ltr' id='par_1_37' title="bbox 54 3687 1720 3761">
     <span class='ocr_line' id='line_1_37' title="bbox 54 3687 1720 3761; baseline -0.003 -14"><span class='ocrx_word' id='word_1_335' title='bbox 54 3718 61 3747; x_wconf 68' lang='grc' dir='ltr'><strong>ι</strong></span> <span class='ocrx_word' id='word_1_336' title='bbox 144 3692 299 3748; x_wconf 84' lang='lat' dir='ltr'><strong>Deum</strong></span> <span class='ocrx_word' id='word_1_337' title='bbox 326 3700 384 3749; x_wconf 91' lang='lat' dir='ltr'><strong>ut</strong></span> <span class='ocrx_word' id='word_1_338' title='bbox 409 3692 666 3750; x_wconf 86' lang='lat' dir='ltr'><strong>liberetur</strong></span> <span class='ocrx_word' id='word_1_339' title='bbox 695 3690 763 3747; x_wconf 88' lang='lat' dir='ltr'><strong>ab</strong></span> <span class='ocrx_word' id='word_1_340' title='bbox 791 3705 978 3747; x_wconf 88' lang='lat' dir='ltr'><strong>eorum</strong></span> <span class='ocrx_word' id='word_1_341' title='bbox 1015 3689 1376 3761; x_wconf 81' lang='lat' dir='ltr'><strong>improbitate.</strong></span> <span class='ocrx_word' id='word_1_342' title='bbox 1424 3688 1540 3744; x_wconf 84' lang='lat' dir='ltr'><strong>Non</strong></span> <span class='ocrx_word' id='word_1_343' title='bbox 1577 3687 1720 3743; x_wconf 86' lang='lat' dir='ltr'><strong>enim</strong></span> 
     </span>
    </p>
   </div>
   <div class='ocr_carea' id='block_1_38' title="bbox 50 3780 1718 3855">
    <p class='ocr_par' dir='ltr' id='par_1_38' title="bbox 50 3780 1718 3855">
     <span class='ocr_line' id='line_1_38' title="bbox 50 3780 1718 3855; baseline -0.002 -16"><span class='ocrx_word' id='word_1_344' title='bbox 50 3824 57 3833; x_wconf 55' lang='grc' dir='ltr'>ρ</span> <span class='ocrx_word' id='word_1_345' title='bbox 146 3798 348 3853; x_wconf 77' lang='lat' dir='ltr'><strong>parvum</strong></span> <span class='ocrx_word' id='word_1_346' title='bbox 372 3792 464 3841; x_wconf 86' lang='lat' dir='ltr'><strong>aut</strong></span> <span class='ocrx_word' id='word_1_347' title='bbox 490 3784 607 3840; x_wconf 80' lang='lat' dir='ltr'><strong>lere</strong></span> <span class='ocrx_word' id='word_1_348' title='bbox 641 3783 769 3855; x_wconf 84' lang='lat' dir='ltr'><strong>quid</strong></span> <span class='ocrx_word' id='word_1_349' title='bbox 799 3793 882 3840; x_wconf 87' lang='lat' dir='ltr'><strong>est</strong></span> <span class='ocrx_word' id='word_1_350' title='bbox 916 3782 985 3838; x_wconf 83' lang='lat' dir='ltr'><strong>ad</strong></span> <span class='ocrx_word' id='word_1_351' title='bbox 1006 3784 1370 3846; x_wconf 86' lang='lat' dir='ltr'><strong>securitatem,</strong></span> <span class='ocrx_word' id='word_1_352' title='bbox 1404 3780 1473 3836; x_wconf 87' lang='lat' dir='ltr'><strong>ad</strong></span> <span class='ocrx_word' id='word_1_353' title='bbox 1500 3781 1718 3836; x_wconf 86' lang='lat' dir='ltr'><strong>liberta-</strong></span> 
     </span>
    </p>
   </div>
   <div class='ocr_carea' id='block_1_39' title="bbox 149 3871 1717 3946">
    <p class='ocr_par' dir='ltr' id='par_1_39' title="bbox 149 3871 1717 3946">
     <span class='ocr_line' id='line_1_39' title="bbox 149 3871 1717 3946; baseline -0.002 -17"><span class='ocrx_word' id='word_1_354' title='bbox 149 3883 264 3941; x_wconf 90' lang='lat' dir='ltr'><strong>tem,</strong></span> <span class='ocrx_word' id='word_1_355' title='bbox 284 3884 338 3932; x_wconf 88' lang='lat' dir='ltr'><strong>et</strong></span> <span class='ocrx_word' id='word_1_356' title='bbox 359 3890 575 3932; x_wconf 87' lang='lat' dir='ltr'><strong>omnem</strong></span> <span class='ocrx_word' id='word_1_357' title='bbox 600 3875 952 3946; x_wconf 82' lang='lat' dir='ltr'><strong>voluptatem,</strong></span> <span class='ocrx_word' id='word_1_358' title='bbox 982 3873 1201 3930; x_wconf 90' lang='lat' dir='ltr'><strong>liberari</strong></span> <span class='ocrx_word' id='word_1_359' title='bbox 1246 3887 1277 3927; x_wconf 89' lang='lat' dir='ltr'><strong>a</strong></span> <span class='ocrx_word' id='word_1_360' title='bbox 1319 3872 1411 3928; x_wconf 89' lang='lat' dir='ltr'><strong>tali</strong></span> <span class='ocrx_word' id='word_1_361' title='bbox 1438 3871 1717 3927; x_wconf 83' lang='lat' dir='ltr'><strong>hominum</strong></span> 
     </span>
    </p>
   </div>
   <div class='ocr_carea' id='block_1_40' title="bbox 146 3965 1723 4038">
    <p class='ocr_par' dir='ltr' id='par_1_40' title="bbox 146 3965 1723 4038">
     <span class='ocr_line' id='line_1_40' title="bbox 146 3965 1723 4038; baseline -0.004 -15"><span class='ocrx_word' id='word_1_362' title='bbox 146 3977 297 4033; x_wconf 74' lang='lat' dir='ltr'><strong>«ctu,</strong></span> <span class='ocrx_word' id='word_1_363' title='bbox 337 3978 387 4024; x_wconf 86' lang='lat' dir='ltr'><strong>et</strong></span> <span class='ocrx_word' id='word_1_364' title='bbox 411 3983 570 4038; x_wconf 87' lang='lat' dir='ltr'><strong>quam</strong></span> <span class='ocrx_word' id='word_1_365' title='bbox 597 3966 909 4038; x_wconf 80' lang='lat' dir='ltr'><strong>longissime</strong></span> <span class='ocrx_word' id='word_1_366' title='bbox 934 3965 1003 4020; x_wconf 89' lang='lat' dir='ltr'><strong>ab</strong></span> <span class='ocrx_word' id='word_1_367' title='bbox 1027 3965 1394 4038; x_wconf 81' lang='lat' dir='ltr'><strong>improborum</strong></span> <span class='ocrx_word' id='word_1_368' title='bbox 1440 3968 1723 4018; x_wconf 84' lang='lat' dir='ltr'><strong>consuetu-</strong></span> 
     </span>
    </p>
   </div>
   <div class='ocr_carea' id='block_1_41' title="bbox 147 4053 1722 4126">
    <p class='ocr_par' dir='ltr' id='par_1_41' title="bbox 147 4053 1722 4126">
     <span class='ocr_line' id='line_1_41' title="bbox 147 4053 1722 4126; baseline 0.001 -17"><span class='ocrx_word' id='word_1_369' title='bbox 147 4057 260 4113; x_wconf 87' lang='lat' dir='ltr'><strong>dine</strong></span> <span class='ocrx_word' id='word_1_370' title='bbox 284 4058 507 4125; x_wconf 76' lang='lat' dir='ltr'><strong>versari,</strong></span> <span class='ocrx_word' id='word_1_371' title='bbox 548 4058 659 4113; x_wconf 88' lang='lat' dir='ltr'><strong>imo</strong></span> <span class='ocrx_word' id='word_1_372' title='bbox 694 4072 826 4113; x_wconf 81' lang='lat' dir='ltr'><strong>vero</strong></span> <span class='ocrx_word' id='word_1_373' title='bbox 867 4070 1060 4126; x_wconf 86' lang='lat' dir='ltr'><strong>magna</strong></span> <span class='ocrx_word' id='word_1_374' title='bbox 1109 4064 1193 4111; x_wconf 87' lang='lat' dir='ltr'><strong>est</strong></span> <span class='ocrx_word' id='word_1_375' title='bbox 1237 4053 1484 4111; x_wconf 79' lang='lat' dir='ltr'><strong>felicitas.</strong></span> <span class='ocrx_word' id='word_1_376' title='bbox 1520 4053 1722 4110; x_wconf 86' lang='lat' dir='ltr'><strong>Deinde</strong></span> 
     </span>
    </p>
   </div>
   <div class='ocr_carea' id='block_1_42' title="bbox 50 4147 1719 4220">
    <p class='ocr_par' dir='ltr' id='par_1_42' title="bbox 50 4147 1719 4220">
     <span class='ocr_line' id='line_1_42' title="bbox 50 4147 1719 4220; baseline -0.001 -17"><span class='ocrx_word' id='word_1_377' title='bbox 50 4150 51 4163; x_wconf 86' lang='lat'>‘</span> <span class='ocrx_word' id='word_1_378' title='bbox 148 4149 370 4219; x_wconf 87' lang='lat' dir='ltr'><strong>ipsorum</strong></span> <span class='ocrx_word' id='word_1_379' title='bbox 421 4150 733 4207; x_wconf 87' lang='lat' dir='ltr'><strong>describens</strong></span> <span class='ocrx_word' id='word_1_380' title='bbox 784 4148 1223 4220; x_wconf 84' lang='lat' dir='ltr'><strong>improbitatem,</strong></span> <span class='ocrx_word' id='word_1_381' title='bbox 1277 4147 1425 4203; x_wconf 86' lang='lat' dir='ltr'><strong>addit</strong></span> <span class='ocrx_word' id='word_1_382' title='bbox 1485 4157 1540 4203; x_wconf 92' lang='lat' dir='ltr'><strong>et</strong></span> <span class='ocrx_word' id='word_1_383' title='bbox 1587 4147 1663 4202; x_wconf 88' lang='lat' dir='ltr'><strong>ait</strong></span> <span class='ocrx_word' id='word_1_384' title='bbox 1704 4163 1719 4201; x_wconf 92' lang='lat'><strong>:</strong></span> 
     </span>
    </p>
   </div>
   <div class='ocr_carea' id='block_1_43' title="bbox 147 4238 1724 4316">
    <p class='ocr_par' dir='ltr' id='par_1_43' title="bbox 147 4238 1724 4316">
     <span class='ocr_line' id='line_1_43' title="bbox 147 4238 1724 4316; baseline -0.003 -20"><span class='ocrx_word' id='word_1_385' title='bbox 147 4242 195 4296; x_wconf 77' lang='lat'><strong>3.</strong></span> <span class='ocrx_word' id='word_1_386' title='bbox 226 4242 325 4311; x_wconf 83' lang='lat' dir='ltr'><strong>Qui</strong></span> <span class='ocrx_word' id='word_1_387' title='bbox 346 4244 689 4316; x_wconf 78' lang='lat' dir='ltr'><strong>cogitaverunt</strong></span> <span class='ocrx_word' id='word_1_388' title='bbox 710 4242 1025 4314; x_wconf 82' lang='lat' dir='ltr'><strong>iniquitatem</strong></span> <span class='ocrx_word' id='word_1_389' title='bbox 1058 4241 1112 4294; x_wconf 88' lang='lat' dir='ltr'><strong>in</strong></span> <span class='ocrx_word' id='word_1_390' title='bbox 1135 4238 1290 4295; x_wconf 85' lang='lat' dir='ltr'><strong>corde</strong></span> <span class='ocrx_word' id='word_1_391' title='bbox 1317 4255 1337 4294; x_wconf 91' lang='lat'><strong><em>:</em></strong></span> <span class='ocrx_word' id='word_1_392' title='bbox 1365 4249 1471 4293; x_wconf 91' lang='lat' dir='ltr'><strong>tota</strong></span> <span class='ocrx_word' id='word_1_393' title='bbox 1499 4238 1580 4293; x_wconf 86' lang='lat' dir='ltr'><strong>die</strong></span> <span class='ocrx_word' id='word_1_394' title='bbox 1602 4253 1724 4292; x_wconf 83' lang='lat' dir='ltr'><strong>con-</strong></span> 
     </span>
    </p>
   </div>
   <div class='ocr_carea' id='block_1_44' title="bbox 143 4328 1723 4405">
    <p class='ocr_par' dir='ltr' id='par_1_44' title="bbox 143 4328 1723 4405">
     <span class='ocr_line' id='line_1_44' title="bbox 143 4328 1723 4405; baseline 0 -21"><span class='ocrx_word' id='word_1_395' title='bbox 143 4333 404 4388; x_wconf 75' lang='lat' dir='ltr'><strong>stituebant</strong></span> <span class='ocrx_word' id='word_1_396' title='bbox 429 4333 630 4405; x_wconf 62' lang='lat' dir='ltr'><strong>pretio.</strong></span> <span class='ocrx_word' id='word_1_397' title='bbox 661 4331 854 4387; x_wconf 76' lang='lat' dir='ltr'><strong>Vidisti</strong></span> <span class='ocrx_word' id='word_1_398' title='bbox 880 4329 1151 4402; x_wconf 88' lang='lat' dir='ltr'><strong>quomodo</strong></span> <span class='ocrx_word' id='word_1_399' title='bbox 1177 4329 1287 4385; x_wconf 88' lang='lat' dir='ltr'><strong>sint</strong></span> <span class='ocrx_word' id='word_1_400' title='bbox 1314 4328 1463 4395; x_wconf 72' lang='lat' dir='ltr'><strong>ferte,</strong></span> <span class='ocrx_word' id='word_1_401' title='bbox 1486 4344 1606 4400; x_wconf 74' lang='lat' dir='ltr'><strong>qua:</strong></span> <span class='ocrx_word' id='word_1_402' title='bbox 1636 4328 1723 4384; x_wconf 81' lang='lat' dir='ltr'><strong>vix</strong></span> 
     </span>
    </p>
   </div>
   <div class='ocr_carea' id='block_1_45' title="bbox 138 4422 1721 4496">
    <p class='ocr_par' dir='ltr' id='par_1_45' title="bbox 138 4422 1721 4496">
     <span class='ocr_line' id='line_1_45' title="bbox 138 4422 1721 4496; baseline -0.001 -17"><span class='ocrx_word' id='word_1_403' title='bbox 138 4424 311 4481; x_wconf 73' lang='lat' dir='ltr'><strong>caveri</strong></span> <span class='ocrx_word' id='word_1_404' title='bbox 342 4434 584 4496; x_wconf 88' lang='lat' dir='ltr'><strong>possunt,</strong></span> <span class='ocrx_word' id='word_1_405' title='bbox 624 4435 684 4480; x_wconf 88' lang='lat' dir='ltr'><strong>ut</strong></span> <span class='ocrx_word' id='word_1_406' title='bbox 710 4423 802 4495; x_wconf 89' lang='lat' dir='ltr'><strong>qui</strong></span> <span class='ocrx_word' id='word_1_407' title='bbox 844 4423 986 4478; x_wconf 87' lang='lat' dir='ltr'><strong>mala</strong></span> <span class='ocrx_word' id='word_1_408' title='bbox 1016 4422 1068 4477; x_wconf 94' lang='lat' dir='ltr'><strong>in</strong></span> <span class='ocrx_word' id='word_1_409' title='bbox 1101 4423 1284 4477; x_wconf 89' lang='lat' dir='ltr'><strong>animo</strong></span> <span class='ocrx_word' id='word_1_410' title='bbox 1323 4422 1721 4488; x_wconf 80' lang='lat' dir='ltr'><strong>ntacbinentur,</strong></span> 
     </span>
    </p>
   </div>
   <div class='ocr_carea' id='block_1_46' title="bbox 132 4513 1724 4586">
    <p class='ocr_par' dir='ltr' id='par_1_46' title="bbox 132 4513 1724 4586">
     <span class='ocr_line' id='line_1_46' title="bbox 132 4513 1724 4586; baseline -0.003 -13"><span class='ocrx_word' id='word_1_411' title='bbox 132 4524 185 4573; x_wconf 88' lang='lat' dir='ltr'><strong>et</strong></span> <span class='ocrx_word' id='word_1_412' title='bbox 216 4518 393 4573; x_wconf 83' lang='lat' dir='ltr'><strong>celent</strong></span> <span class='ocrx_word' id='word_1_413' title='bbox 420 4516 473 4571; x_wconf 91' lang='lat' dir='ltr'><strong>in</strong></span> <span class='ocrx_word' id='word_1_414' title='bbox 498 4518 708 4573; x_wconf 87' lang='lat' dir='ltr'><strong>arcanis</strong></span> <span class='ocrx_word' id='word_1_415' title='bbox 745 4515 985 4571; x_wconf 84' lang='lat' dir='ltr'><strong>insidias.</strong></span> <span class='ocrx_word' id='word_1_416' title='bbox 1029 4513 1409 4586; x_wconf 86' lang='lat' dir='ltr'><strong>Cogitaverunt,</strong></span> <span class='ocrx_word' id='word_1_417' title='bbox 1450 4514 1641 4585; x_wconf 91' lang='lat' dir='ltr'><strong>inquit,</strong></span> <span class='ocrx_word' id='word_1_418' title='bbox 1669 4515 1724 4569; x_wconf 84' lang='lat' dir='ltr'><strong>in</strong></span> 
     </span>
    </p>
   </div>
   <div class='ocr_carea' id='block_1_47' title="bbox 123 4605 1724 4679">
    <p class='ocr_par' dir='ltr' id='par_1_47' title="bbox 123 4605 1724 4679">
     <span class='ocr_line' id='line_1_47' title="bbox 123 4605 1724 4679; baseline -0.003 -15"><span class='ocrx_word' id='word_1_419' title='bbox 123 4610 318 4676; x_wconf 76' lang='lat' dir='ltr'><strong>corde;</strong></span> <span class='ocrx_word' id='word_1_420' title='bbox 338 4608 441 4665; x_wconf 87' lang='lat' dir='ltr'><strong>hoc</strong></span> <span class='ocrx_word' id='word_1_421' title='bbox 463 4618 571 4675; x_wconf 91' lang='lat' dir='ltr'><strong>est,</strong></span> <span class='ocrx_word' id='word_1_422' title='bbox 602 4624 713 4663; x_wconf 85' lang='lat' dir='ltr'><strong>non</strong></span> <span class='ocrx_word' id='word_1_423' title='bbox 741 4617 890 4664; x_wconf 80' lang='lat' dir='ltr'><strong>extra</strong></span> <span class='ocrx_word' id='word_1_424' title='bbox 930 4608 1290 4679; x_wconf 79' lang='lat' dir='ltr'><strong>protulerunt,</strong></span> <span class='ocrx_word' id='word_1_425' title='bbox 1327 4606 1421 4662; x_wconf 88' lang='lat' dir='ltr'><strong>sed</strong></span> <span class='ocrx_word' id='word_1_426' title='bbox 1445 4605 1587 4660; x_wconf 88' lang='lat' dir='ltr'><strong>intus</strong></span> <span class='ocrx_word' id='word_1_427' title='bbox 1611 4605 1724 4676; x_wconf 78' lang='lat' dir='ltr'><strong>agi-</strong></span> 
     </span>
    </p>
   </div>
   <div class='ocr_carea' id='block_1_48' title="bbox 123 4700 1727 4784">
    <p class='ocr_par' dir='ltr' id='par_1_48' title="bbox 123 4700 1727 4784">
     <span class='ocr_line' id='line_1_48' title="bbox 123 4700 1727 4784; baseline -0.003 -25"><span class='ocrx_word' id='word_1_428' title='bbox 123 4704 321 4759; x_wconf 62' lang='lat' dir='ltr'><strong>mttunt</strong></span> <span class='ocrx_word' id='word_1_429' title='bbox 360 4712 418 4759; x_wconf 89' lang='lat' dir='ltr'><strong>et</strong></span> <span class='ocrx_word' id='word_1_430' title='bbox 448 4701 736 4758; x_wconf 81' lang='lat' dir='ltr'><strong>versabant</strong></span> <span class='ocrx_word' id='word_1_431' title='bbox 776 4700 950 4757; x_wconf 86' lang='lat' dir='ltr'><strong>scelus</strong></span> <span class='ocrx_word' id='word_1_432' title='bbox 976 4700 1355 4784; x_wconf 80' lang='lat' dir='ltr'><strong>parturientes,</strong></span> <span class='ocrx_word' id='word_1_433' title='bbox 1386 4708 1441 4755; x_wconf 87' lang='lat' dir='ltr'><strong>et</strong></span> <span class='ocrx_word' id='word_1_434' title='bbox 1467 4700 1611 4771; x_wconf 86' lang='lat' dir='ltr'><strong>quod</strong></span> <span class='ocrx_word' id='word_1_435' title='bbox 1643 4709 1727 4755; x_wconf 91' lang='lat' dir='ltr'><strong>est</strong></span> 
     </span>
    </p>
   </div>
   <div class='ocr_carea' id='block_1_49' title="bbox 111 4791 1719 4868">
    <p class='ocr_par' dir='ltr' id='par_1_49' title="bbox 111 4791 1719 4868">
     <span class='ocr_line' id='line_1_49' title="bbox 111 4791 1719 4868; baseline -0.004 -14"><span class='ocrx_word' id='word_1_436' title='bbox 111 4796 374 4854; x_wconf 83' lang='lat' dir='ltr'><strong>omnium</strong></span> <span class='ocrx_word' id='word_1_437' title='bbox 403 4796 800 4868; x_wconf 83' lang='lat' dir='ltr'><strong>gravissimum,</strong></span> <span class='ocrx_word' id='word_1_438' title='bbox 834 4808 940 4849; x_wconf 90' lang='lat' dir='ltr'><strong>non</strong></span> <span class='ocrx_word' id='word_1_439' title='bbox 961 4793 1139 4864; x_wconf 87' lang='lat' dir='ltr'><strong>aliqua</strong></span> <span class='ocrx_word' id='word_1_440' title='bbox 1170 4793 1474 4849; x_wconf 88' lang='lat' dir='ltr'><strong>temeritate</strong></span> <span class='ocrx_word' id='word_1_441' title='bbox 1499 4791 1719 4858; x_wconf 81' lang='lat' dir='ltr'><strong>inducti,</strong></span> 
     </span>
    </p>
   </div>
   <div class='ocr_carea' id='block_1_50' title="bbox 111 4882 1723 4961">
    <p class='ocr_par' dir='ltr' id='par_1_50' title="bbox 111 4882 1723 4961">
     <span class='ocr_line' id='line_1_50' title="bbox 111 4882 1723 4961; baseline -0.004 -13"><span class='ocrx_word' id='word_1_442' title='bbox 111 4906 230 4948; x_wconf 83' lang='lat' dir='ltr'><strong>nec</strong></span> <span class='ocrx_word' id='word_1_443' title='bbox 252 4891 516 4961; x_wconf 67' lang='lat' dir='ltr'><strong>perversi,</strong></span> <span class='ocrx_word' id='word_1_444' title='bbox 546 4888 647 4945; x_wconf 82' lang='lat' dir='ltr'><strong>sed</strong></span> <span class='ocrx_word' id='word_1_445' title='bbox 669 4902 885 4943; x_wconf 90' lang='lat' dir='ltr'><strong>omnem</strong></span> <span class='ocrx_word' id='word_1_446' title='bbox 931 4901 1151 4958; x_wconf 84' lang='lat' dir='ltr'><strong>operam</strong></span> <span class='ocrx_word' id='word_1_447' title='bbox 1177 4894 1234 4942; x_wconf 90' lang='lat' dir='ltr'><strong>et</strong></span> <span class='ocrx_word' id='word_1_448' title='bbox 1260 4886 1494 4942; x_wconf 90' lang='lat' dir='ltr'><strong>studium</strong></span> <span class='ocrx_word' id='word_1_449' title='bbox 1523 4882 1579 4939; x_wconf 88' lang='lat' dir='ltr'><strong>in</strong></span> <span class='ocrx_word' id='word_1_450' title='bbox 1605 4900 1723 4941; x_wconf 89' lang='lat' dir='ltr'><strong>eam</strong></span> 
     </span>
    </p>
   </div>
   <div class='ocr_carea' id='block_1_51' title="bbox 109 4974 1726 5048">
    <p class='ocr_par' dir='ltr' id='par_1_51' title="bbox 109 4974 1726 5048">
     <span class='ocr_line' id='line_1_51' title="bbox 109 4974 1726 5048; baseline -0.005 -9"><span class='ocrx_word' id='word_1_451' title='bbox 109 4996 245 5040; x_wconf 84' lang='lat' dir='ltr'><strong>rem</strong></span> <span class='ocrx_word' id='word_1_452' title='bbox 285 4980 646 5037; x_wconf 79' lang='lat' dir='ltr'><strong>conferentes.</strong></span> <span class='ocrx_word' id='word_1_453' title='bbox 679 4978 792 5034; x_wconf 82' lang='lat' dir='ltr'><strong>Hoc</strong></span> <span class='ocrx_word' id='word_1_454' title='bbox 830 4979 975 5035; x_wconf 85' lang='lat' dir='ltr'><strong>enim</strong></span> <span class='ocrx_word' id='word_1_455' title='bbox 1005 4977 1106 5033; x_wconf 89' lang='lat' dir='ltr'><strong>sibi</strong></span> <span class='ocrx_word' id='word_1_456' title='bbox 1141 4978 1254 5033; x_wconf 88' lang='lat' dir='ltr'><strong>vult</strong></span> <span class='ocrx_word' id='word_1_457' title='bbox 1279 4976 1429 5043; x_wconf 88' lang='lat' dir='ltr'><strong>illud,</strong></span> <span class='ocrx_word' id='word_1_458' title='bbox 1462 4974 1726 5048; x_wconf 73' lang='lat' dir='ltr'><strong>Cogitque-</strong></span> 
     </span>
    </p>
   </div>
   <div class='ocr_carea' id='block_1_52' title="bbox 108 5066 1728 5144">
    <p class='ocr_par' dir='ltr' id='par_1_52' title="bbox 108 5066 1728 5144">
     <span class='ocr_line' id='line_1_52' title="bbox 108 5066 1728 5144; baseline -0.004 -14"><span class='ocrx_word' id='word_1_459' title='bbox 108 5082 274 5142; x_wconf 83' lang='lat' dir='ltr'><strong>runt,</strong></span> <span class='ocrx_word' id='word_1_460' title='bbox 310 5074 505 5144; x_wconf 87' lang='lat' dir='ltr'><strong>nempe</strong></span> <span class='ocrx_word' id='word_1_461' title='bbox 542 5073 688 5127; x_wconf 91' lang='lat' dir='ltr'><strong>omni</strong></span> <span class='ocrx_word' id='word_1_462' title='bbox 728 5070 924 5136; x_wconf 89' lang='lat' dir='ltr'><strong>studio,</strong></span> <span class='ocrx_word' id='word_1_463' title='bbox 967 5078 1022 5126; x_wconf 90' lang='lat' dir='ltr'><strong>et</strong></span> <span class='ocrx_word' id='word_1_464' title='bbox 1052 5071 1284 5125; x_wconf 85' lang='lat' dir='ltr'><strong>maxima</strong></span> <span class='ocrx_word' id='word_1_465' title='bbox 1329 5066 1494 5124; x_wconf 88' lang='lat' dir='ltr'><strong>animi</strong></span> <span class='ocrx_word' id='word_1_466' title='bbox 1536 5069 1728 5124; x_wconf 86' lang='lat' dir='ltr'><strong>alacri-</strong></span> 
     </span>
    </p>
   </div>
   <div class='ocr_carea' id='block_1_53' title="bbox 111 5160 1727 5233">
    <p class='ocr_par' dir='ltr' id='par_1_53' title="bbox 111 5160 1727 5233">
     <span class='ocr_line' id='line_1_53' title="bbox 111 5160 1727 5233; baseline -0.004 -12"><span class='ocrx_word' id='word_1_467' title='bbox 111 5174 267 5221; x_wconf 83' lang='lat' dir='ltr'><strong>tate.</strong></span> <span class='ocrx_word' id='word_1_468' title='bbox 301 5162 432 5219; x_wconf 83' lang='lat' dir='ltr'><strong>Tota</strong></span> <span class='ocrx_word' id='word_1_469' title='bbox 470 5164 553 5218; x_wconf 82' lang='lat' dir='ltr'><strong>die</strong></span> <span class='ocrx_word' id='word_1_470' title='bbox 595 5161 961 5217; x_wconf 77' lang='lat' dir='ltr'><strong>constituebant</strong></span> <span class='ocrx_word' id='word_1_471' title='bbox 987 5162 1189 5233; x_wconf 71' lang='lat' dir='ltr'><strong>praelia.</strong></span> <span class='ocrx_word' id='word_1_472' title='bbox 1222 5160 1327 5215; x_wconf 89' lang='lat' dir='ltr'><strong>Per</strong></span> <span class='ocrx_word' id='word_1_473' title='bbox 1370 5160 1486 5216; x_wconf 84' lang='lat' dir='ltr'><strong>haec</strong></span> <span class='ocrx_word' id='word_1_474' title='bbox 1512 5174 1727 5215; x_wconf 91' lang='lat' dir='ltr'><strong>omnem</strong></span> 
     </span>
    </p>
   </div>
   <div class='ocr_carea' id='block_1_54' title="bbox 104 5251 1730 5327">
    <p class='ocr_par' dir='ltr' id='par_1_54' title="bbox 104 5251 1730 5327">
     <span class='ocr_line' id='line_1_54' title="bbox 104 5251 1730 5327; baseline -0.003 -14"><span class='ocrx_word' id='word_1_475' title='bbox 104 5259 301 5313; x_wconf 81' lang='lat' dir='ltr'><strong>vitam</strong></span> <span class='ocrx_word' id='word_1_476' title='bbox 332 5254 616 5327; x_wconf 74' lang='lat' dir='ltr'><strong>significat.</strong></span> <span class='ocrx_word' id='word_1_477' title='bbox 644 5253 791 5309; x_wconf 87' lang='lat' dir='ltr'><strong>Bella</strong></span> <span class='ocrx_word' id='word_1_478' title='bbox 818 5261 997 5307; x_wconf 89' lang='lat' dir='ltr'><strong>autem</strong></span> <span class='ocrx_word' id='word_1_479' title='bbox 1021 5251 1345 5319; x_wconf 90' lang='lat' dir='ltr'><strong>subindicat,</strong></span> <span class='ocrx_word' id='word_1_480' title='bbox 1378 5266 1486 5306; x_wconf 89' lang='lat' dir='ltr'><strong>non</strong></span> <span class='ocrx_word' id='word_1_481' title='bbox 1515 5266 1578 5307; x_wconf 89' lang='lat' dir='ltr'><strong>ea</strong></span> <span class='ocrx_word' id='word_1_482' title='bbox 1608 5267 1730 5322; x_wconf 68' lang='lat' dir='ltr'><strong>qua:</strong></span> 
     </span>
    </p>
   </div>
   <div class='ocr_carea' id='block_1_55' title="bbox 110 5342 1729 5415">
    <p class='ocr_par' dir='ltr' id='par_1_55' title="bbox 110 5342 1729 5415">
     <span class='ocr_line' id='line_1_55' title="bbox 110 5342 1729 5415; baseline -0.005 -11"><span class='ocrx_word' id='word_1_483' title='bbox 110 5351 403 5405; x_wconf 84' lang='lat' dir='ltr'><strong>instructa</strong></span> <span class='ocrx_word' id='word_1_484' title='bbox 431 5346 570 5410; x_wconf 83' lang='lat' dir='ltr'><strong>acie,</strong></span> <span class='ocrx_word' id='word_1_485' title='bbox 593 5357 692 5401; x_wconf 89' lang='lat' dir='ltr'><strong>nec</strong></span> <span class='ocrx_word' id='word_1_486' title='bbox 720 5359 840 5415; x_wconf 67' lang='lat' dir='ltr'><strong>quae</strong></span> <span class='ocrx_word' id='word_1_487' title='bbox 867 5343 1029 5400; x_wconf 85' lang='lat' dir='ltr'><strong>armis</strong></span> <span class='ocrx_word' id='word_1_488' title='bbox 1055 5352 1334 5415; x_wconf 89' lang='lat' dir='ltr'><strong>geruntur,</strong></span> <span class='ocrx_word' id='word_1_489' title='bbox 1367 5342 1462 5398; x_wconf 90' lang='lat' dir='ltr'><strong>sed</strong></span> <span class='ocrx_word' id='word_1_490' title='bbox 1490 5358 1609 5413; x_wconf 80' lang='lat' dir='ltr'><strong>quae</strong></span> <span class='ocrx_word' id='word_1_491' title='bbox 1632 5358 1729 5413; x_wconf 85' lang='lat' dir='ltr'><strong>pa-</strong></span> 
     </span>
    </p>
   </div>
   <div class='ocr_carea' id='block_1_56' title="bbox 110 5434 1724 5508">
    <p class='ocr_par' dir='ltr' id='par_1_56' title="bbox 110 5434 1724 5508">
     <span class='ocr_line' id='line_1_56' title="bbox 110 5434 1724 5508; baseline -0.006 -9"><span class='ocrx_word' id='word_1_492' title='bbox 110 5440 268 5499; x_wconf 81' lang='lat' dir='ltr'><strong>ratis</strong></span> <span class='ocrx_word' id='word_1_493' title='bbox 290 5437 517 5501; x_wconf 84' lang='lat' dir='ltr'><strong>insidiis,</strong></span> <span class='ocrx_word' id='word_1_494' title='bbox 541 5452 661 5508; x_wconf 73' lang='lat' dir='ltr'><strong>qua:</strong></span> <span class='ocrx_word' id='word_1_495' title='bbox 685 5446 740 5492; x_wconf 91' lang='grc' dir='ltr'><strong>ει</strong></span> <span class='ocrx_word' id='word_1_496' title='bbox 765 5437 818 5491; x_wconf 90' lang='lat' dir='ltr'><strong>in</strong></span> <span class='ocrx_word' id='word_1_497' title='bbox 850 5435 966 5491; x_wconf 90' lang='lat' dir='ltr'><strong>foro</strong></span> <span class='ocrx_word' id='word_1_498' title='bbox 994 5445 1049 5491; x_wconf 87' lang='lat' dir='ltr'><strong>et</strong></span> <span class='ocrx_word' id='word_1_499' title='bbox 1068 5434 1209 5491; x_wconf 90' lang='lat' dir='ltr'><strong>domi</strong></span> <span class='ocrx_word' id='word_1_500' title='bbox 1233 5445 1426 5507; x_wconf 84' lang='lat' dir='ltr'><strong>gemat</strong></span> <span class='ocrx_word' id='word_1_501' title='bbox 1456 5436 1724 5501; x_wconf 84' lang='lat' dir='ltr'><strong>homines,</strong></span> 
     </span>
    </p>
   </div>
   <div class='ocr_carea' id='block_1_57' title="bbox 112 5527 1730 5600">
    <p class='ocr_par' dir='ltr' id='par_1_57' title="bbox 112 5527 1730 5600">
     <span class='ocr_line' id='line_1_57' title="bbox 112 5527 1730 5600; baseline -0.004 -12"><span class='ocrx_word' id='word_1_502' title='bbox 112 5548 241 5588; x_wconf 81' lang='lat' dir='ltr'><strong>non</strong></span> <span class='ocrx_word' id='word_1_503' title='bbox 294 5531 517 5585; x_wconf 78' lang='lat' dir='ltr'><strong>thorace</strong></span> <span class='ocrx_word' id='word_1_504' title='bbox 559 5528 751 5594; x_wconf 90' lang='lat' dir='ltr'><strong>induti,</strong></span> <span class='ocrx_word' id='word_1_505' title='bbox 798 5543 899 5582; x_wconf 88' lang='lat' dir='ltr'><strong>nec</strong></span> <span class='ocrx_word' id='word_1_506' title='bbox 947 5527 1134 5600; x_wconf 85' lang='lat' dir='ltr'><strong>clypeo</strong></span> <span class='ocrx_word' id='word_1_507' title='bbox 1185 5528 1429 5597; x_wconf 87' lang='lat' dir='ltr'><strong>protecti,</strong></span> <span class='ocrx_word' id='word_1_508' title='bbox 1478 5527 1573 5583; x_wconf 88' lang='lat' dir='ltr'><strong>sed</strong></span> <span class='ocrx_word' id='word_1_509' title='bbox 1633 5543 1730 5595; x_wconf 89' lang='lat' dir='ltr'><strong>pro</strong></span> 
     </span>
    </p>
   </div>
   <div class='ocr_carea' id='block_1_58' title="bbox 112 5620 1731 5692">
    <p class='ocr_par' dir='ltr' id='par_1_58' title="bbox 112 5620 1731 5692">
     <span class='ocr_line' id='line_1_58' title="bbox 112 5620 1731 5692; baseline -0.002 -14"><span class='ocrx_word' id='word_1_510' title='bbox 112 5621 390 5678; x_wconf 82' lang='lat' dir='ltr'><strong>omnibus</strong></span> <span class='ocrx_word' id='word_1_511' title='bbox 431 5620 598 5676; x_wconf 86' lang='lat' dir='ltr'><strong>armis</strong></span> <span class='ocrx_word' id='word_1_512' title='bbox 638 5621 979 5692; x_wconf 87' lang='lat' dir='ltr'><strong>improbitate</strong></span> <span class='ocrx_word' id='word_1_513' title='bbox 1020 5628 1252 5687; x_wconf 90' lang='lat' dir='ltr'><strong>utentes,</strong></span> <span class='ocrx_word' id='word_1_514' title='bbox 1301 5629 1355 5674; x_wconf 89' lang='lat' dir='ltr'><strong>et</strong></span> <span class='ocrx_word' id='word_1_515' title='bbox 1404 5620 1565 5675; x_wconf 85' lang='lat' dir='ltr'><strong>verba</strong></span> <span class='ocrx_word' id='word_1_516' title='bbox 1609 5620 1731 5675; x_wconf 88' lang='lat' dir='ltr'><strong>telis</strong></span> 
     </span>
    </p>
   </div>
   <div class='ocr_carea' id='block_1_59' title="bbox 116 5710 1733 5781">
    <p class='ocr_par' dir='ltr' id='par_1_59' title="bbox 116 5710 1733 5781">
     <span class='ocr_line' id='line_1_59' title="bbox 116 5710 1733 5781; baseline -0.002 -11"><span class='ocrx_word' id='word_1_517' title='bbox 116 5712 419 5773; x_wconf 68' lang='lat' dir='ltr'><strong>awrbiora</strong></span> <span class='ocrx_word' id='word_1_518' title='bbox 461 5713 755 5769; x_wconf 86' lang='lat' dir='ltr'><strong>mittentes.</strong></span> <span class='ocrx_word' id='word_1_519' title='bbox 803 5710 1160 5781; x_wconf 88' lang='lat' dir='ltr'><strong>lmprobitatis</strong></span> <span class='ocrx_word' id='word_1_520' title='bbox 1203 5720 1384 5766; x_wconf 89' lang='lat' dir='ltr'><strong>autem</strong></span> <span class='ocrx_word' id='word_1_521' title='bbox 1423 5725 1608 5767; x_wconf 89' lang='lat' dir='ltr'><strong>eorum</strong></span> <span class='ocrx_word' id='word_1_522' title='bbox 1649 5719 1733 5766; x_wconf 90' lang='lat' dir='ltr'><strong>est</strong></span> 
     </span>
    </p>
   </div>
   <div class='ocr_carea' id='block_1_60' title="bbox 120 5802 1728 5876">
    <p class='ocr_par' dir='ltr' id='par_1_60' title="bbox 120 5802 1728 5876">
     <span class='ocr_line' id='line_1_60' title="bbox 120 5802 1728 5876; baseline -0.004 -9"><span class='ocrx_word' id='word_1_523' title='bbox 120 5808 245 5867; x_wconf 75' lang='lat' dir='ltr'><strong>hoc</strong></span> <span class='ocrx_word' id='word_1_524' title='bbox 274 5805 591 5876; x_wconf 88' lang='lat' dir='ltr'><strong>maximum,</strong></span> <span class='ocrx_word' id='word_1_525' title='bbox 621 5803 764 5876; x_wconf 92' lang='lat' dir='ltr'><strong>quod</strong></span> <span class='ocrx_word' id='word_1_526' title='bbox 798 5816 905 5860; x_wconf 92' lang='lat' dir='ltr'><strong>nou</strong></span> <span class='ocrx_word' id='word_1_527' title='bbox 936 5803 1110 5860; x_wconf 87' lang='lat' dir='ltr'><strong>solum</strong></span> <span class='ocrx_word' id='word_1_528' title='bbox 1150 5802 1259 5861; x_wconf 89' lang='lat' dir='ltr'><strong>sint</strong></span> <span class='ocrx_word' id='word_1_529' title='bbox 1302 5803 1498 5873; x_wconf 58' lang='lat' dir='ltr'><strong>dolosi,</strong></span> <span class='ocrx_word' id='word_1_530' title='bbox 1539 5804 1646 5863; x_wconf 82' lang='lat' dir='ltr'><strong>ficti</strong></span> <span class='ocrx_word' id='word_1_531' title='bbox 1673 5813 1728 5864; x_wconf 89' lang='lat' dir='ltr'><strong>et</strong></span> 
     </span>
    </p>
   </div>
   <div class='ocr_carea' id='block_1_61' title="bbox 3322 360 3430 418">
    <p class='ocr_par' dir='ltr' id='par_1_61' title="bbox 3322 360 3430 418">
     <span class='ocr_line' id='line_1_61' title="bbox 3322 360 3430 418; baseline -0.019 0"><span class='ocrx_word' id='word_1_532' title='bbox 3322 360 3430 418; x_wconf 64' lang='lat'><strong>422</strong></span> 
     </span>
    </p>
   </div>
   <div class='ocr_carea' id='block_1_62' title="bbox 1845 459 3426 549">
    <p class='ocr_par' dir='ltr' id='par_1_62' title="bbox 1845 459 3426 549">
     <span class='ocr_line' id='line_1_62' title="bbox 1845 459 3426 549; baseline 0.016 -37"><span class='ocrx_word' id='word_1_533' title='bbox 1845 459 2209 529; x_wconf 84' lang='lat' dir='ltr'><strong>simulatorcs,</strong></span> <span class='ocrx_word' id='word_1_534' title='bbox 2260 479 2358 519; x_wconf 85' lang='lat' dir='ltr'><strong>nec</strong></span> <span class='ocrx_word' id='word_1_535' title='bbox 2388 465 2527 535; x_wconf 87' lang='lat' dir='ltr'><strong>quod</strong></span> <span class='ocrx_word' id='word_1_536' title='bbox 2555 467 2622 524; x_wconf 89' lang='lat' dir='ltr'><strong>ad</strong></span> <span class='ocrx_word' id='word_1_537' title='bbox 2651 469 2788 526; x_wconf 86' lang='lat' dir='ltr'><strong>bella</strong></span> <span class='ocrx_word' id='word_1_538' title='bbox 2819 481 2872 527; x_wconf 91' lang='lat' dir='ltr'><strong>et</strong></span> <span class='ocrx_word' id='word_1_539' title='bbox 2899 475 3079 544; x_wconf 80' lang='lat' dir='ltr'><strong>pra-lia</strong></span> <span class='ocrx_word' id='word_1_540' title='bbox 3110 481 3300 549; x_wconf 87' lang='lat' dir='ltr'><strong>parati,</strong></span> <span class='ocrx_word' id='word_1_541' title='bbox 3331 484 3426 539; x_wconf 90' lang='lat' dir='ltr'><strong>sed</strong></span> 
     </span>
    </p>
   </div>
   <div class='ocr_carea' id='block_1_63' title="bbox 1839 551 3428 638">
    <p class='ocr_par' dir='ltr' id='par_1_63' title="bbox 1839 551 3428 638">
     <span class='ocr_line' id='line_1_63' title="bbox 1839 551 3428 638; baseline 0.018 -35"><span class='ocrx_word' id='word_1_542' title='bbox 1839 551 2167 622; x_wconf 86' lang='lat' dir='ltr'><strong>etiamquod</strong></span> <span class='ocrx_word' id='word_1_543' title='bbox 2196 569 2291 623; x_wconf 90' lang='lat' dir='ltr'><strong>per</strong></span> <span class='ocrx_word' id='word_1_544' title='bbox 2318 564 2479 612; x_wconf 90' lang='lat' dir='ltr'><strong>totam</strong></span> <span class='ocrx_word' id='word_1_545' title='bbox 2523 561 2706 630; x_wconf 77' lang='lat' dir='ltr'><strong>vitam,</strong></span> <span class='ocrx_word' id='word_1_546' title='bbox 2747 566 2867 620; x_wconf 89' lang='lat' dir='ltr'><strong>tetri</strong></span> <span class='ocrx_word' id='word_1_547' title='bbox 2912 566 3069 638; x_wconf 87' lang='lat' dir='ltr'><strong>hujus</strong></span> <span class='ocrx_word' id='word_1_548' title='bbox 3100 571 3222 627; x_wconf 91' lang='lat' dir='ltr'><strong>belli</strong></span> <span class='ocrx_word' id='word_1_549' title='bbox 3265 576 3428 631; x_wconf 68' lang='lat' dir='ltr'><strong>nulla:</strong></span> 
     </span>
    </p>
   </div>
   <div class='ocr_carea' id='block_1_64' title="bbox 1837 643 3428 736">
    <p class='ocr_par' dir='ltr' id='par_1_64' title="bbox 1837 643 3428 736">
     <span class='ocr_line' id='line_1_64' title="bbox 1837 643 3428 736; baseline 0.016 -38"><span class='ocrx_word' id='word_1_550' title='bbox 1837 643 1946 699; x_wconf 89' lang='lat' dir='ltr'><strong>sint</strong></span> <span class='ocrx_word' id='word_1_551' title='bbox 1973 644 2222 702; x_wconf 65' lang='lat' dir='ltr'><strong>inducias.</strong></span> <span class='ocrx_word' id='word_1_552' title='bbox 2254 647 2414 719; x_wconf 87' lang='lat' dir='ltr'><strong>Atqui</strong></span> <span class='ocrx_word' id='word_1_553' title='bbox 2444 650 2490 706; x_wconf 91' lang='lat' dir='ltr'><strong>si</strong></span> <span class='ocrx_word' id='word_1_554' title='bbox 2517 652 2765 710; x_wconf 75' lang='lat' dir='ltr'><strong>volebant</strong></span> <span class='ocrx_word' id='word_1_555' title='bbox 2789 655 3125 728; x_wconf 82' lang='lat' dir='ltr'><strong>belligerare,</strong></span> <span class='ocrx_word' id='word_1_556' title='bbox 3153 663 3312 720; x_wconf 85' lang='lat' dir='ltr'><strong>aliam</strong></span> <span class='ocrx_word' id='word_1_557' title='bbox 3339 668 3428 736; x_wconf 87' lang='lat' dir='ltr'><strong>ju-</strong></span> 
     </span>
    </p>
   </div>
   <div class='ocr_carea' id='block_1_65' title="bbox 1839 737 3422 814">
    <p class='ocr_par' dir='ltr' id='par_1_65' title="bbox 1839 737 3422 814">
     <span class='ocr_line' id='line_1_65' title="bbox 1839 737 3422 814; baseline 0.015 -24"><span class='ocrx_word' id='word_1_558' title='bbox 1839 744 1978 791; x_wconf 89' lang='lat' dir='ltr'><strong>stam</strong></span> <span class='ocrx_word' id='word_1_559' title='bbox 2015 737 2140 794; x_wconf 91' lang='lat' dir='ltr'><strong>belli</strong></span> <span class='ocrx_word' id='word_1_560' title='bbox 2164 739 2387 810; x_wconf 78' lang='lat' dir='ltr'><strong>gerendi</strong></span> <span class='ocrx_word' id='word_1_561' title='bbox 2414 756 2629 800; x_wconf 86' lang='lat' dir='ltr'><strong>causam</strong></span> <span class='ocrx_word' id='word_1_562' title='bbox 2661 745 2950 814; x_wconf 85' lang='lat' dir='ltr'><strong>habebant.</strong></span> <span class='ocrx_word' id='word_1_563' title='bbox 2977 752 3251 812; x_wconf 79' lang='lat' dir='ltr'><strong>Adversus</strong></span> <span class='ocrx_word' id='word_1_564' title='bbox 3275 758 3422 814; x_wconf 88' lang='lat' dir='ltr'><strong>enim</strong></span> 
     </span>
    </p>
   </div>
   <div class='ocr_carea' id='block_1_66' title="bbox 1836 829 3435 906">
    <p class='ocr_par' dir='ltr' id='par_1_66' title="bbox 1836 829 3435 906">
     <span class='ocr_line' id='line_1_66' title="bbox 1836 829 3435 906; baseline 0.013 -22"><span class='ocrx_word' id='word_1_565' title='bbox 1836 838 2051 899; x_wconf 84' lang='lat' dir='ltr'><strong>peccata</strong></span> <span class='ocrx_word' id='word_1_566' title='bbox 2070 829 2368 902; x_wconf 86' lang='lat' dir='ltr'><strong>decertare,</strong></span> <span class='ocrx_word' id='word_1_567' title='bbox 2390 842 2445 889; x_wconf 90' lang='lat' dir='ltr'><strong>et</strong></span> <span class='ocrx_word' id='word_1_568' title='bbox 2462 844 2644 891; x_wconf 91' lang='lat' dir='ltr'><strong>contra</strong></span> <span class='ocrx_word' id='word_1_569' title='bbox 2666 837 2934 897; x_wconf 88' lang='lat' dir='ltr'><strong>diabolum</strong></span> <span class='ocrx_word' id='word_1_570' title='bbox 2960 845 3129 902; x_wconf 91' lang='lat' dir='ltr'><strong>aciem</strong></span> <span class='ocrx_word' id='word_1_571' title='bbox 3156 848 3435 906; x_wconf 84' lang='lat' dir='ltr'><strong>instruere</strong></span> 
     </span>
    </p>
   </div>
   <div class='ocr_carea' id='block_1_67' title="bbox 1835 921 3432 1005">
    <p class='ocr_par' dir='ltr' id='par_1_67' title="bbox 1835 921 3432 1005">
     <span class='ocr_line' id='line_1_67' title="bbox 1835 921 3432 1005; baseline 0.013 -31"><span class='ocrx_word' id='word_1_572' title='bbox 1835 921 2133 990; x_wconf 89' lang='lat' dir='ltr'><strong>oportebat.</strong></span> <span class='ocrx_word' id='word_1_573' title='bbox 2177 938 2412 995; x_wconf 85' lang='lat' dir='ltr'><strong>pugnare</strong></span> <span class='ocrx_word' id='word_1_574' title='bbox 2450 932 2638 982; x_wconf 88' lang='lat' dir='ltr'><strong>contra</strong></span> <span class='ocrx_word' id='word_1_575' title='bbox 2684 932 2902 988; x_wconf 86' lang='lat' dir='ltr'><strong>morbos</strong></span> <span class='ocrx_word' id='word_1_576' title='bbox 2929 936 3141 1005; x_wconf 66' lang='lat' dir='ltr'><strong>animae,</strong></span> <span class='ocrx_word' id='word_1_577' title='bbox 3181 955 3339 997; x_wconf 79' lang='lat' dir='ltr'><strong>enses</strong></span> <span class='ocrx_word' id='word_1_578' title='bbox 3381 942 3432 994; x_wconf 88' lang='lat' dir='ltr'><strong>iu</strong></span> 
     </span>
    </p>
   </div>
   <div class='ocr_carea' id='block_1_68' title="bbox 1833 1011 3421 1102">
    <p class='ocr_par' dir='ltr' id='par_1_68' title="bbox 1833 1011 3421 1102">
     <span class='ocr_line' id='line_1_68' title="bbox 1833 1011 3421 1102; baseline 0.013 -35"><span class='ocrx_word' id='word_1_579' title='bbox 1833 1011 2106 1069; x_wconf 79' lang='lat' dir='ltr'><strong>dannones</strong></span> <span class='ocrx_word' id='word_1_580' title='bbox 2127 1028 2341 1072; x_wconf 87' lang='lat' dir='ltr'><strong>acuere.</strong></span> <span class='ocrx_word' id='word_1_581' title='bbox 2377 1016 2439 1073; x_wconf 90' lang='lat' dir='ltr'><strong>lli</strong></span> <span class='ocrx_word' id='word_1_582' title='bbox 2470 1024 2647 1075; x_wconf 88' lang='lat' dir='ltr'><strong>autetn</strong></span> <span class='ocrx_word' id='word_1_583' title='bbox 2686 1021 2828 1077; x_wconf 91' lang='lat' dir='ltr'><strong>illam</strong></span> <span class='ocrx_word' id='word_1_584' title='bbox 2859 1025 3029 1082; x_wconf 89' lang='lat' dir='ltr'><strong>aciem</strong></span> <span class='ocrx_word' id='word_1_585' title='bbox 3066 1044 3132 1084; x_wconf 93' lang='lat' dir='ltr'><strong>ne</strong></span> <span class='ocrx_word' id='word_1_586' title='bbox 3159 1033 3421 1102; x_wconf 83' lang='lat' dir='ltr'><strong>aspiciunt</strong></span> 
     </span>
    </p>
   </div>
   <div class='ocr_carea' id='block_1_69' title="bbox 1831 1104 3420 1186">
    <p class='ocr_par' dir='ltr' id='par_1_69' title="bbox 1831 1104 3420 1186">
     <span class='ocr_line' id='line_1_69' title="bbox 1831 1104 3420 1186; baseline 0.014 -29"><span class='ocrx_word' id='word_1_587' title='bbox 1831 1104 2072 1174; x_wconf 89' lang='lat' dir='ltr'><strong>quidem,</strong></span> <span class='ocrx_word' id='word_1_588' title='bbox 2103 1106 2200 1162; x_wconf 91' lang='lat' dir='ltr'><strong>scd</strong></span> <span class='ocrx_word' id='word_1_589' title='bbox 2223 1107 2325 1162; x_wconf 89' lang='lat' dir='ltr'><strong>tela</strong></span> <span class='ocrx_word' id='word_1_590' title='bbox 2354 1108 2496 1165; x_wconf 90' lang='lat' dir='ltr'><strong>inter</strong></span> <span class='ocrx_word' id='word_1_591' title='bbox 2518 1124 2578 1166; x_wconf 85' lang='lat' dir='ltr'><strong>se</strong></span> <span class='ocrx_word' id='word_1_592' title='bbox 2616 1121 2799 1168; x_wconf 89' lang='lat' dir='ltr'><strong>mutuo</strong></span> <span class='ocrx_word' id='word_1_593' title='bbox 2820 1114 3144 1186; x_wconf 87' lang='lat' dir='ltr'><strong>jaeulantur.</strong></span> <span class='ocrx_word' id='word_1_594' title='bbox 3168 1122 3222 1176; x_wconf 74' lang='grc'><strong>4.</strong></span> <span class='ocrx_word' id='word_1_595' title='bbox 3251 1123 3420 1179; x_wconf 84' lang='lat' dir='ltr'><strong>Acue-</strong></span> 
     </span>
    </p>
   </div>
   <div class='ocr_carea' id='block_1_70' title="bbox 1832 1197 3415 1286">
    <p class='ocr_par' dir='ltr' id='par_1_70' title="bbox 1832 1197 3415 1286">
     <span class='ocr_line' id='line_1_70' title="bbox 1832 1197 3415 1286; baseline 0.013 -36"><span class='ocrx_word' id='word_1_596' title='bbox 1832 1205 1951 1251; x_wconf 84' lang='lat' dir='ltr'><strong>runt</strong></span> <span class='ocrx_word' id='word_1_597' title='bbox 1988 1197 2217 1270; x_wconf 77' lang='lat' dir='ltr'><strong>linguam</strong></span> <span class='ocrx_word' id='word_1_598' title='bbox 2241 1216 2387 1255; x_wconf 86' lang='lat' dir='ltr'><strong>suam</strong></span> <span class='ocrx_word' id='word_1_599' title='bbox 2428 1202 2562 1258; x_wconf 71' lang='lat' dir='ltr'><strong>situt</strong></span> <span class='ocrx_word' id='word_1_600' title='bbox 2604 1208 2848 1276; x_wconf 87' lang='lat' dir='ltr'><strong>serpentis</strong></span> <span class='ocrx_word' id='word_1_601' title='bbox 2868 1222 2889 1264; x_wconf 88' lang='lat'><strong><em>:</em></strong></span> <span class='ocrx_word' id='word_1_602' title='bbox 2911 1226 3153 1268; x_wconf 84' lang='lat' dir='ltr'><strong>venenum</strong></span> <span class='ocrx_word' id='word_1_603' title='bbox 3179 1215 3415 1286; x_wconf 87' lang='lat' dir='ltr'><strong>aspidum</strong></span> 
     </span>
    </p>
   </div>
   <div class='ocr_carea' id='block_1_71' title="bbox 1832 1290 3424 1385">
    <p class='ocr_par' dir='ltr' id='par_1_71' title="bbox 1832 1290 3424 1385">
     <span class='ocr_line' id='line_1_71' title="bbox 1832 1290 3424 1385; baseline 0.014 -40"><span class='ocrx_word' id='word_1_604' title='bbox 1832 1290 1923 1385; x_wconf 79' lang='lat' dir='ltr'><strong>sub</strong></span> <span class='ocrx_word' id='word_1_605' title='bbox 1943 1291 2091 1385; x_wconf 76' lang='lat' dir='ltr'><strong>labiis</strong></span> <span class='ocrx_word' id='word_1_606' title='bbox 2117 1308 2293 1348; x_wconf 87' lang='lat' dir='ltr'><strong>eorum</strong></span> <span class='ocrx_word' id='word_1_607' title='bbox 2319 1311 2536 1367; x_wconf 86' lang='lat' dir='ltr'><strong>semper.</strong></span> <span class='ocrx_word' id='word_1_608' title='bbox 2573 1297 2763 1355; x_wconf 83' lang='lat' dir='ltr'><strong>Vidisti</strong></span> <span class='ocrx_word' id='word_1_609' title='bbox 2792 1318 2953 1385; x_wconf 73' lang='lat' dir='ltr'><strong>quam</strong></span> <span class='ocrx_word' id='word_1_610' title='bbox 2979 1306 3047 1361; x_wconf 90' lang='lat' dir='ltr'><strong>sit</strong></span> <span class='ocrx_word' id='word_1_611' title='bbox 3078 1307 3310 1379; x_wconf 84' lang='lat' dir='ltr'><strong>ignobile</strong></span> <span class='ocrx_word' id='word_1_612' title='bbox 3339 1312 3424 1366; x_wconf 78' lang='lat' dir='ltr'><strong>vi-</strong></span> 
     </span>
    </p>
   </div>
   <div class='ocr_carea' id='block_1_72' title="bbox 1833 1382 3424 1474">
    <p class='ocr_par' dir='ltr' id='par_1_72' title="bbox 1833 1382 3424 1474">
     <span class='ocr_line' id='line_1_72' title="bbox 1833 1382 3424 1474; baseline 0.014 -38"><span class='ocrx_word' id='word_1_613' title='bbox 1833 1382 2003 1438; x_wconf 81' lang='lat' dir='ltr'><strong>tium?</strong></span> <span class='ocrx_word' id='word_1_614' title='bbox 2034 1383 2159 1441; x_wconf 88' lang='lat' dir='ltr'><strong>facit</strong></span> <span class='ocrx_word' id='word_1_615' title='bbox 2184 1401 2248 1442; x_wconf 80' lang='lat' dir='ltr'><strong>ex</strong></span> <span class='ocrx_word' id='word_1_616' title='bbox 2273 1386 2578 1447; x_wconf 88' lang='lat' dir='ltr'><strong>hominibus</strong></span> <span class='ocrx_word' id='word_1_617' title='bbox 2604 1391 2824 1463; x_wconf 88' lang='lat' dir='ltr'><strong>bestias,</strong></span> <span class='ocrx_word' id='word_1_618' title='bbox 2846 1382 3080 1468; x_wconf 39' lang='lat' dir='ltr'><strong>&#39;aspides</strong></span> <span class='ocrx_word' id='word_1_619' title='bbox 3109 1410 3164 1457; x_wconf 87' lang='lat' dir='ltr'><strong>et</strong></span> <span class='ocrx_word' id='word_1_620' title='bbox 3202 1418 3424 1474; x_wconf 76' lang='lat' dir='ltr'><strong>serpen-</strong></span> 
     </span>
    </p>
   </div>
   <div class='ocr_carea' id='block_1_73' title="bbox 1833 1477 3428 1565">
    <p class='ocr_par' dir='ltr' id='par_1_73' title="bbox 1833 1477 3428 1565">
     <span class='ocr_line' id='line_1_73' title="bbox 1833 1477 3428 1565; baseline 0.014 -35"><span class='ocrx_word' id='word_1_621' title='bbox 1833 1483 1936 1543; x_wconf 91' lang='lat' dir='ltr'><strong>tes,</strong></span> <span class='ocrx_word' id='word_1_622' title='bbox 1968 1483 2027 1532; x_wconf 88' lang='lat' dir='ltr'><strong>et</strong></span> <span class='ocrx_word' id='word_1_623' title='bbox 2070 1477 2305 1548; x_wconf 80' lang='lat' dir='ltr'><strong>linguam</strong></span> <span class='ocrx_word' id='word_1_624' title='bbox 2335 1480 2482 1536; x_wconf 88' lang='lat' dir='ltr'><strong>illam</strong></span> <span class='ocrx_word' id='word_1_625' title='bbox 2508 1499 2629 1554; x_wconf 67' lang='lat' dir='ltr'><strong>quae</strong></span> <span class='ocrx_word' id='word_1_626' title='bbox 2672 1485 2968 1545; x_wconf 85' lang='lat' dir='ltr'><strong>disserendi</strong></span> <span class='ocrx_word' id='word_1_627' title='bbox 2997 1503 3259 1562; x_wconf 85' lang='lat' dir='ltr'><strong>potestate</strong></span> <span class='ocrx_word' id='word_1_628' title='bbox 3290 1513 3428 1565; x_wconf 78' lang='lat' dir='ltr'><strong>prte-</strong></span> 
     </span>
    </p>
   </div>
   <div class='ocr_carea' id='block_1_74' title="bbox 1830 1566 3424 1660">
    <p class='ocr_par' dir='ltr' id='par_1_74' title="bbox 1830 1566 3424 1660">
     <span class='ocr_line' id='line_1_74' title="bbox 1830 1566 3424 1660; baseline 0.015 -39"><span class='ocrx_word' id='word_1_629' title='bbox 1830 1566 1941 1622; x_wconf 86' lang='lat' dir='ltr'><strong>dita</strong></span> <span class='ocrx_word' id='word_1_630' title='bbox 1970 1578 2075 1636; x_wconf 91' lang='lat' dir='ltr'><strong>est,</strong></span> <span class='ocrx_word' id='word_1_631' title='bbox 2105 1570 2174 1625; x_wconf 91' lang='lat' dir='ltr'><strong>ad</strong></span> <span class='ocrx_word' id='word_1_632' title='bbox 2217 1571 2374 1628; x_wconf 90' lang='lat' dir='ltr'><strong>istam</strong></span> <span class='ocrx_word' id='word_1_633' title='bbox 2404 1573 2670 1631; x_wconf 80' lang='lat' dir='ltr'><strong>feritatem</strong></span> <span class='ocrx_word' id='word_1_634' title='bbox 2697 1577 2932 1637; x_wconf 87' lang='lat' dir='ltr'><strong>deducit.</strong></span> <span class='ocrx_word' id='word_1_635' title='bbox 2970 1581 3023 1638; x_wconf 94' lang='lat' dir='ltr'><strong>ld</strong></span> <span class='ocrx_word' id='word_1_636' title='bbox 3065 1595 3243 1642; x_wconf 89' lang='lat' dir='ltr'><strong>autem</strong></span> <span class='ocrx_word' id='word_1_637' title='bbox 3270 1590 3424 1660; x_wconf 82' lang='lat' dir='ltr'><strong>cujus</strong></span> 
     </span>
    </p>
   </div>
   <div class='ocr_carea' id='block_1_75' title="bbox 1830 1663 3426 1751">
    <p class='ocr_par' dir='ltr' id='par_1_75' title="bbox 1830 1663 3426 1751">
     <span class='ocr_line' id='line_1_75' title="bbox 1830 1663 3426 1751; baseline 0.015 -36"><span class='ocrx_word' id='word_1_638' title='bbox 1830 1674 1924 1716; x_wconf 89' lang='lat' dir='ltr'><strong>eos</strong></span> <span class='ocrx_word' id='word_1_639' title='bbox 1946 1663 2190 1732; x_wconf 88' lang='lat' dir='ltr'><strong>superius</strong></span> <span class='ocrx_word' id='word_1_640' title='bbox 2212 1667 2500 1733; x_wconf 83' lang='lat' dir='ltr'><strong>accusavit,</strong></span> <span class='ocrx_word' id='word_1_641' title='bbox 2528 1685 2672 1726; x_wconf 91' lang='lat' dir='ltr'><strong>nunc</strong></span> <span class='ocrx_word' id='word_1_642' title='bbox 2689 1688 2902 1745; x_wconf 89' lang='lat' dir='ltr'><strong>quoque</strong></span> <span class='ocrx_word' id='word_1_643' title='bbox 2927 1677 3006 1733; x_wconf 88' lang='lat' dir='ltr'><strong>eis</strong></span> <span class='ocrx_word' id='word_1_644' title='bbox 3026 1678 3230 1747; x_wconf 90' lang='lat' dir='ltr'><strong>objicit.</strong></span> <span class='ocrx_word' id='word_1_645' title='bbox 3258 1682 3426 1751; x_wconf 78' lang='lat' dir='ltr'><strong>Quid-</strong></span> 
     </span>
    </p>
   </div>
   <div class='ocr_carea' id='block_1_76' title="bbox 1831 1755 3422 1835">
    <p class='ocr_par' dir='ltr' id='par_1_76' title="bbox 1831 1755 3422 1835">
     <span class='ocr_line' id='line_1_76' title="bbox 1831 1755 3422 1835; baseline 0.015 -30"><span class='ocrx_word' id='word_1_646' title='bbox 1831 1767 1954 1807; x_wconf 84' lang='lat' dir='ltr'><strong>nam</strong></span> <span class='ocrx_word' id='word_1_647' title='bbox 1982 1762 2160 1809; x_wconf 90' lang='lat' dir='ltr'><strong>autem</strong></span> <span class='ocrx_word' id='word_1_648' title='bbox 2194 1755 2322 1811; x_wconf 91' lang='lat' dir='ltr'><strong>illud</strong></span> <span class='ocrx_word' id='word_1_649' title='bbox 2349 1758 2464 1813; x_wconf 82' lang='lat' dir='ltr'><strong>est?</strong></span> <span class='ocrx_word' id='word_1_650' title='bbox 2498 1759 2757 1818; x_wconf 82' lang='lat' dir='ltr'><strong>Venenum</strong></span> <span class='ocrx_word' id='word_1_651' title='bbox 2783 1766 3021 1835; x_wconf 81' lang='lat' dir='ltr'><strong>aspidum</strong></span> <span class='ocrx_word' id='word_1_652' title='bbox 3045 1770 3136 1824; x_wconf 83' lang='lat' dir='ltr'><strong>sub</strong></span> <span class='ocrx_word' id='word_1_653' title='bbox 3165 1772 3313 1828; x_wconf 86' lang='lat' dir='ltr'><strong>labiis</strong></span> <span class='ocrx_word' id='word_1_654' title='bbox 3333 1792 3422 1829; x_wconf 64' lang='lat' dir='ltr'><strong>eo.</strong></span> 
     </span>
    </p>
   </div>
   <div class='ocr_carea' id='block_1_77' title="bbox 1829 1845 3426 1931">
    <p class='ocr_par' dir='ltr' id='par_1_77' title="bbox 1829 1845 3426 1931">
     <span class='ocr_line' id='line_1_77' title="bbox 1829 1845 3426 1931; baseline 0.016 -35"><span class='ocrx_word' id='word_1_655' title='bbox 1829 1855 1964 1909; x_wconf 85' lang='lat' dir='ltr'><strong>rum,</strong></span> <span class='ocrx_word' id='word_1_656' title='bbox 2012 1845 2204 1916; x_wconf 89' lang='lat' dir='ltr'><strong>inquit,</strong></span> <span class='ocrx_word' id='word_1_657' title='bbox 2241 1864 2438 1920; x_wconf 83' lang='lat' dir='ltr'><strong>semper</strong></span> <span class='ocrx_word' id='word_1_658' title='bbox 2480 1851 2580 1925; x_wconf 90' lang='lat' dir='ltr'><strong>(a),</strong></span> <span class='ocrx_word' id='word_1_659' title='bbox 2616 1852 2722 1910; x_wconf 89' lang='lat' dir='ltr'><strong>hoc</strong></span> <span class='ocrx_word' id='word_1_660' title='bbox 2747 1865 2831 1914; x_wconf 88' lang='lat' dir='ltr'><strong>est</strong></span> <span class='ocrx_word' id='word_1_661' title='bbox 2866 1858 3117 1927; x_wconf 84' lang='lat' dir='ltr'><strong>assidue,</strong></span> <span class='ocrx_word' id='word_1_662' title='bbox 3155 1863 3426 1931; x_wconf 81' lang='lat' dir='ltr'><strong>Quemad-</strong></span> 
     </span>
    </p>
   </div>
   <div class='ocr_carea' id='block_1_78' title="bbox 1831 1934 3422 2014">
    <p class='ocr_par' dir='ltr' id='par_1_78' title="bbox 1831 1934 3422 2014">
     <span class='ocr_line' id='line_1_78' title="bbox 1831 1934 3422 2014; baseline 0.016 -27"><span class='ocrx_word' id='word_1_663' title='bbox 1831 1934 2048 1990; x_wconf 90' lang='lat' dir='ltr'><strong>modum</strong></span> <span class='ocrx_word' id='word_1_664' title='bbox 2097 1938 2240 1994; x_wconf 88' lang='lat' dir='ltr'><strong>enim</strong></span> <span class='ocrx_word' id='word_1_665' title='bbox 2282 1942 2529 2011; x_wconf 89' lang='lat' dir='ltr'><strong>superius</strong></span> <span class='ocrx_word' id='word_1_666' title='bbox 2563 1942 2719 2011; x_wconf 82' lang='lat' dir='ltr'><strong>dixit,</strong></span> <span class='ocrx_word' id='word_1_667' title='bbox 2760 1946 2888 2002; x_wconf 85' lang='lat' dir='ltr'><strong>Tota</strong></span> <span class='ocrx_word' id='word_1_668' title='bbox 2933 1951 3015 2005; x_wconf 88' lang='lat' dir='ltr'><strong>die</strong></span> <span class='ocrx_word' id='word_1_669' title='bbox 3054 1958 3422 2014; x_wconf 79' lang='lat' dir='ltr'><strong>constituebant</strong></span> 
     </span>
    </p>
   </div>
   <div class='ocr_carea' id='block_1_79' title="bbox 1831 2029 3423 2113">
    <p class='ocr_par' dir='ltr' id='par_1_79' title="bbox 1831 2029 3423 2113">
     <span class='ocr_line' id='line_1_79' title="bbox 1831 2029 3423 2113; baseline 0.016 -33"><span class='ocrx_word' id='word_1_670' title='bbox 1831 2029 2010 2097; x_wconf 76' lang='lat' dir='ltr'><strong>prwlia</strong></span> <span class='ocrx_word' id='word_1_671' title='bbox 2039 2045 2059 2085; x_wconf 89' lang='lat'><strong><em>:</em></strong></span> <span class='ocrx_word' id='word_1_672' title='bbox 2084 2030 2155 2085; x_wconf 86' lang='lat' dir='ltr'><strong>ita</strong></span> <span class='ocrx_word' id='word_1_673' title='bbox 2204 2031 2291 2089; x_wconf 89' lang='lat' dir='ltr'><strong>ltic</strong></span> <span class='ocrx_word' id='word_1_674' title='bbox 2330 2034 2514 2102; x_wconf 83' lang='lat' dir='ltr'><strong>etiam,</strong></span> <span class='ocrx_word' id='word_1_675' title='bbox 2548 2039 2804 2094; x_wconf 52' lang='lat' dir='ltr'><strong>ﬂeuerunt</strong></span> <span class='ocrx_word' id='word_1_676' title='bbox 2844 2042 3071 2113; x_wconf 81' lang='lat' dir='ltr'><strong>linguam</strong></span> <span class='ocrx_word' id='word_1_677' title='bbox 3114 2063 3260 2103; x_wconf 88' lang='lat' dir='ltr'><strong>suam</strong></span> <span class='ocrx_word' id='word_1_678' title='bbox 3293 2052 3423 2106; x_wconf 80' lang='lat' dir='ltr'><strong>sicut</strong></span> 
     </span>
    </p>
   </div>
   <div class='ocr_carea' id='block_1_80' title="bbox 1830 2121 3419 2212">
    <p class='ocr_par' dir='ltr' id='par_1_80' title="bbox 1830 2121 3419 2212">
     <span class='ocr_line' id='line_1_80' title="bbox 1830 2121 3419 2212; baseline 0.016 -40"><span class='ocrx_word' id='word_1_679' title='bbox 1830 2121 2074 2212; x_wconf 66' lang='lat' dir='ltr'><strong>serpentis</strong></span> <span class='ocrx_word' id='word_1_680' title='bbox 2099 2137 2119 2176; x_wconf 91' lang='lat'><strong><em>:</em></strong></span> <span class='ocrx_word' id='word_1_681' title='bbox 2150 2138 2395 2179; x_wconf 87' lang='lat' dir='ltr'><strong>venenum</strong></span> <span class='ocrx_word' id='word_1_682' title='bbox 2421 2127 2659 2197; x_wconf 85' lang='lat' dir='ltr'><strong>aspidum</strong></span> <span class='ocrx_word' id='word_1_683' title='bbox 2699 2129 2792 2186; x_wconf 86' lang='lat' dir='ltr'><strong>sub</strong></span> <span class='ocrx_word' id='word_1_684' title='bbox 2833 2132 2981 2190; x_wconf 85' lang='lat' dir='ltr'><strong>labiis</strong></span> <span class='ocrx_word' id='word_1_685' title='bbox 3003 2152 3175 2193; x_wconf 87' lang='lat' dir='ltr'><strong>eorum</strong></span> <span class='ocrx_word' id='word_1_686' title='bbox 3203 2157 3419 2212; x_wconf 78' lang='lat' dir='ltr'><strong>semper.</strong></span> 
     </span>
    </p>
   </div>
   <div class='ocr_carea' id='block_1_81' title="bbox 1830 2207 3418 2298">
    <p class='ocr_par' dir='ltr' id='par_1_81' title="bbox 1830 2207 3418 2298">
     <span class='ocr_line' id='line_1_81' title="bbox 1830 2207 3418 2298; baseline 0.015 -35"><span class='ocrx_word' id='word_1_687' title='bbox 1830 2207 1943 2264; x_wconf 84' lang='lat' dir='ltr'><strong>lloc</strong></span> <span class='ocrx_word' id='word_1_688' title='bbox 1962 2210 2105 2267; x_wconf 90' lang='lat' dir='ltr'><strong>enim</strong></span> <span class='ocrx_word' id='word_1_689' title='bbox 2133 2212 2329 2285; x_wconf 86' lang='lat' dir='ltr'><strong>ubique</strong></span> <span class='ocrx_word' id='word_1_690' title='bbox 2353 2216 2616 2287; x_wconf 83' lang='lat' dir='ltr'><strong>significat</strong></span> <span class='ocrx_word' id='word_1_691' title='bbox 2643 2217 2962 2291; x_wconf 84' lang='lat' dir='ltr'><strong>Diapsalma.</strong></span> <span class='ocrx_word' id='word_1_692' title='bbox 2996 2207 3418 2298; x_wconf 36' lang='lat' dir='ltr'><strong>Diapsaltna‘au-</strong></span> 
     </span>
    </p>
   </div>
   <div class='ocr_carea' id='block_1_82' title="bbox 1830 2302 3416 2394">
    <p class='ocr_par' dir='ltr' id='par_1_82' title="bbox 1830 2302 3416 2394">
     <span class='ocr_line' id='line_1_82' title="bbox 1830 2302 3416 2394; baseline 0.015 -39"><span class='ocrx_word' id='word_1_693' title='bbox 1830 2307 1936 2356; x_wconf 91' lang='lat' dir='ltr'><strong>tem</strong></span> <span class='ocrx_word' id='word_1_694' title='bbox 1962 2302 2222 2360; x_wconf 82' lang='lat' dir='ltr'><strong>llebiaice</strong></span> <span class='ocrx_word' id='word_1_695' title='bbox 2242 2306 2444 2363; x_wconf 90' lang='lat' dir='ltr'><strong>dictum</strong></span> <span class='ocrx_word' id='word_1_696' title='bbox 2468 2319 2550 2365; x_wconf 90' lang='lat' dir='ltr'><strong>est</strong></span> <span class='ocrx_word' id='word_1_697' title='bbox 2567 2310 2678 2378; x_wconf 87' lang='lat' dir='ltr'><strong>Sel,</strong></span> <span class='ocrx_word' id='word_1_698' title='bbox 2704 2313 2846 2382; x_wconf 91' lang='lat' dir='ltr'><strong>quod</strong></span> <span class='ocrx_word' id='word_1_699' title='bbox 2868 2323 2969 2382; x_wconf 90' lang='lat' dir='ltr'><strong>est,</strong></span> <span class='ocrx_word' id='word_1_700' title='bbox 2998 2333 3232 2390; x_wconf 88' lang='lat' dir='ltr'><strong>semper.</strong></span> <span class='ocrx_word' id='word_1_701' title='bbox 3255 2323 3416 2394; x_wconf 84' lang='lat' dir='ltr'><strong>Atqui</strong></span> 
     </span>
    </p>
   </div>
   <div class='ocr_carea' id='block_1_83' title="bbox 1829 2393 3416 2478">
    <p class='ocr_par' dir='ltr' id='par_1_83' title="bbox 1829 2393 3416 2478">
     <span class='ocr_line' id='line_1_83' title="bbox 1829 2393 3416 2478; baseline 0.014 -29"><span class='ocrx_word' id='word_1_702' title='bbox 1829 2393 2019 2450; x_wconf 84' lang='lat' dir='ltr'><strong>vitium</strong></span> <span class='ocrx_word' id='word_1_703' title='bbox 2051 2398 2138 2454; x_wconf 78' lang='lat' dir='ltr'><strong>vel</strong></span> <span class='ocrx_word' id='word_1_704' title='bbox 2166 2399 2362 2471; x_wconf 84' lang='lat' dir='ltr'><strong>exiguo</strong></span> <span class='ocrx_word' id='word_1_705' title='bbox 2394 2409 2637 2473; x_wconf 89' lang='lat' dir='ltr'><strong>tempore</strong></span> <span class='ocrx_word' id='word_1_706' title='bbox 2660 2421 2749 2461; x_wconf 89' lang='lat' dir='ltr'><strong>res</strong></span> <span class='ocrx_word' id='word_1_707' title='bbox 2775 2419 2855 2463; x_wconf 91' lang='lat' dir='ltr'><strong>est</strong></span> <span class='ocrx_word' id='word_1_708' title='bbox 2875 2411 3056 2478; x_wconf 81' lang='lat' dir='ltr'><strong>gravis</strong></span> <span class='ocrx_word' id='word_1_709' title='bbox 3079 2423 3135 2467; x_wconf 91' lang='lat' dir='ltr'><strong>et</strong></span> <span class='ocrx_word' id='word_1_710' title='bbox 3163 2393 3416 2471; x_wconf 87' lang='lat' dir='ltr'><strong>molesta:</strong></span> 
     </span>
    </p>
   </div>
   <div class='ocr_carea' id='block_1_84' title="bbox 1826 2486 3418 2568">
    <p class='ocr_par' dir='ltr' id='par_1_84' title="bbox 1826 2486 3418 2568">
     <span class='ocr_line' id='line_1_84' title="bbox 1826 2486 3418 2568; baseline 0.014 -29"><span class='ocrx_word' id='word_1_711' title='bbox 1826 2486 2044 2555; x_wconf 90' lang='lat' dir='ltr'><strong>quando</strong></span> <span class='ocrx_word' id='word_1_712' title='bbox 2071 2497 2250 2545; x_wconf 83' lang='lat' dir='ltr'><strong>autem</strong></span> <span class='ocrx_word' id='word_1_713' title='bbox 2280 2490 2330 2546; x_wconf 90' lang='lat' dir='ltr'><strong>id</strong></span> <span class='ocrx_word' id='word_1_714' title='bbox 2375 2493 2586 2550; x_wconf 86' lang='lat' dir='ltr'><strong>assidue</strong></span> <span class='ocrx_word' id='word_1_715' title='bbox 2614 2508 3026 2568; x_wconf 87' lang='lat' dir='ltr'><strong>persequuntur,</strong></span> <span class='ocrx_word' id='word_1_716' title='bbox 3058 2519 3157 2560; x_wconf 90' lang='lat' dir='ltr'><strong>nec</strong></span> <span class='ocrx_word' id='word_1_717' title='bbox 3193 2520 3289 2561; x_wconf 79' lang='lat' dir='ltr'><strong>eos</strong></span> <span class='ocrx_word' id='word_1_718' title='bbox 3318 2509 3418 2562; x_wconf 89' lang='lat' dir='ltr'><strong>ulla</strong></span> 
     </span>
    </p>
   </div>
   <div class='ocr_carea' id='block_1_85' title="bbox 1826 2578 3420 2667">
    <p class='ocr_par' dir='ltr' id='par_1_85' title="bbox 1826 2578 3420 2667">
     <span class='ocr_line' id='line_1_85' title="bbox 1826 2578 3420 2667; baseline 0.014 -34"><span class='ocrx_word' id='word_1_719' title='bbox 1826 2578 1944 2649; x_wconf 88' lang='lat' dir='ltr'><strong>ejus</strong></span> <span class='ocrx_word' id='word_1_720' title='bbox 1968 2580 2113 2650; x_wconf 87' lang='lat' dir='ltr'><strong>capit</strong></span> <span class='ocrx_word' id='word_1_721' title='bbox 2136 2582 2376 2651; x_wconf 86' lang='lat' dir='ltr'><strong>satietas,</strong></span> <span class='ocrx_word' id='word_1_722' title='bbox 2404 2600 2651 2656; x_wconf 62' lang='lat' dir='ltr'><strong>quaenam</strong></span> <span class='ocrx_word' id='word_1_723' title='bbox 2683 2589 2764 2645; x_wconf 90' lang='lat' dir='ltr'><strong>eis</strong></span> <span class='ocrx_word' id='word_1_724' title='bbox 2791 2593 2943 2647; x_wconf 85' lang='lat' dir='ltr'><strong>venia</strong></span> <span class='ocrx_word' id='word_1_725' title='bbox 2985 2593 3100 2650; x_wconf 90' lang='lat' dir='ltr'><strong>dari</strong></span> <span class='ocrx_word' id='word_1_726' title='bbox 3140 2605 3337 2667; x_wconf 87' lang='lat' dir='ltr'><strong>potest,</strong></span> <span class='ocrx_word' id='word_1_727' title='bbox 3368 2613 3420 2656; x_wconf 85' lang='lat' dir='ltr'><strong>ct</strong></span> 
     </span>
    </p>
   </div>
   <div class='ocr_carea' id='block_1_86' title="bbox 1824 2672 3417 2757">
    <p class='ocr_par' dir='ltr' id='par_1_86' title="bbox 1824 2672 3417 2757">
     <span class='ocr_line' id='line_1_86' title="bbox 1824 2672 3417 2757; baseline 0.013 -33"><span class='ocrx_word' id='word_1_728' title='bbox 1824 2683 2069 2741; x_wconf 76' lang='lat' dir='ltr'><strong>qumnam</strong></span> <span class='ocrx_word' id='word_1_729' title='bbox 2093 2672 2198 2728; x_wconf 87' lang='lat' dir='ltr'><strong>erit</strong></span> <span class='ocrx_word' id='word_1_730' title='bbox 2220 2688 2406 2730; x_wconf 86' lang='lat' dir='ltr'><strong>eorum</strong></span> <span class='ocrx_word' id='word_1_731' title='bbox 2428 2676 2669 2733; x_wconf 87' lang='lat' dir='ltr'><strong>defensio</strong></span> <span class='ocrx_word' id='word_1_732' title='bbox 2689 2678 2712 2733; x_wconf 85' lang='lat'><strong>?</strong></span> <span class='ocrx_word' id='word_1_733' title='bbox 2732 2680 2785 2735; x_wconf 85' lang='lat'><strong>5.</strong></span> <span class='ocrx_word' id='word_1_734' title='bbox 2815 2681 3029 2738; x_wconf 79' lang='lat' dir='ltr'><strong>Custodi</strong></span> <span class='ocrx_word' id='word_1_735' title='bbox 3050 2703 3149 2753; x_wconf 88' lang='lat' dir='ltr'><strong>me,</strong></span> <span class='ocrx_word' id='word_1_736' title='bbox 3178 2682 3417 2757; x_wconf 76' lang='lat' dir='ltr'><strong>Domine,</strong></span> 
     </span>
    </p>
   </div>
   <div class='ocr_carea' id='block_1_87' title="bbox 1824 2760 3421 2847">
    <p class='ocr_par' dir='ltr' id='par_1_87' title="bbox 1824 2760 3421 2847">
     <span class='ocr_line' id='line_1_87' title="bbox 1824 2760 3421 2847; baseline 0.013 -32"><span class='ocrx_word' id='word_1_737' title='bbox 1824 2760 1890 2817; x_wconf 78' lang='lat' dir='ltr'><strong>de</strong></span> <span class='ocrx_word' id='word_1_738' title='bbox 1913 2778 2067 2818; x_wconf 82' lang='lat' dir='ltr'><strong>manu</strong></span> <span class='ocrx_word' id='word_1_739' title='bbox 2086 2765 2386 2835; x_wconf 81' lang='lat' dir='ltr'><strong>peccatoris,</strong></span> <span class='ocrx_word' id='word_1_740' title='bbox 2412 2767 2474 2821; x_wconf 85' lang='lat' dir='ltr'><strong>ab</strong></span> <span class='ocrx_word' id='word_1_741' title='bbox 2505 2768 2790 2826; x_wconf 84' lang='lat' dir='ltr'><strong>hominibus</strong></span> <span class='ocrx_word' id='word_1_742' title='bbox 2819 2773 3005 2845; x_wconf 81' lang='lat' dir='ltr'><strong>iniquis</strong></span> <span class='ocrx_word' id='word_1_743' title='bbox 3029 2778 3167 2847; x_wconf 80' lang='lat' dir='ltr'><strong>eripe</strong></span> <span class='ocrx_word' id='word_1_744' title='bbox 3191 2795 3289 2833; x_wconf 83' lang='lat' dir='ltr'><strong>me.</strong></span> <span class='ocrx_word' id='word_1_745' title='bbox 3319 2780 3421 2847; x_wconf 84' lang='lat' dir='ltr'><strong>Qui</strong></span> 
     </span>
    </p>
   </div>
   <div class='ocr_carea' id='block_1_88' title="bbox 1824 2855 3422 2933">
    <p class='ocr_par' dir='ltr' id='par_1_88' title="bbox 1824 2855 3422 2933">
     <span class='ocr_line' id='line_1_88' title="bbox 1824 2855 3422 2933; baseline 0.011 -24"><span class='ocrx_word' id='word_1_746' title='bbox 1824 2855 2171 2924; x_wconf 84' lang='lat' dir='ltr'><strong>cogitaverunt</strong></span> <span class='ocrx_word' id='word_1_747' title='bbox 2211 2858 2544 2929; x_wconf 84' lang='lat' dir='ltr'><strong>supplantare</strong></span> <span class='ocrx_word' id='word_1_748' title='bbox 2587 2879 2786 2933; x_wconf 85' lang='lat' dir='ltr'><strong>gressus</strong></span> <span class='ocrx_word' id='word_1_749' title='bbox 2826 2882 2982 2921; x_wconf 85' lang='lat' dir='ltr'><strong>meos.</strong></span> <span class='ocrx_word' id='word_1_750' title='bbox 3032 2868 3086 2924; x_wconf 89' lang='lat'><strong>6.</strong></span> <span class='ocrx_word' id='word_1_751' title='bbox 3133 2870 3422 2927; x_wconf 75' lang='lat' dir='ltr'><strong>Absconda-</strong></span> 
     </span>
    </p>
   </div>
   <div class='ocr_carea' id='block_1_89' title="bbox 1824 2947 3415 3027">
    <p class='ocr_par' dir='ltr' id='par_1_89' title="bbox 1824 2947 3415 3027">
     <span class='ocr_line' id='line_1_89' title="bbox 1824 2947 3415 3027; baseline 0.013 -27"><span class='ocrx_word' id='word_1_752' title='bbox 1824 2957 1943 3001; x_wconf 84' lang='lat' dir='ltr'><strong>rttnt</strong></span> <span class='ocrx_word' id='word_1_753' title='bbox 1973 2947 2177 3019; x_wconf 85' lang='lat' dir='ltr'><strong>superbi</strong></span> <span class='ocrx_word' id='word_1_754' title='bbox 2200 2948 2435 3022; x_wconf 84' lang='lat' dir='ltr'><strong>laqueum</strong></span> <span class='ocrx_word' id='word_1_755' title='bbox 2477 2953 2603 3008; x_wconf 83' lang='lat' dir='ltr'><strong>mihi</strong></span> <span class='ocrx_word' id='word_1_756' title='bbox 2627 2970 2646 3009; x_wconf 89' lang='lat'><strong><em>:</em></strong></span> <span class='ocrx_word' id='word_1_757' title='bbox 2666 2966 2712 3009; x_wconf 81' lang='lat' dir='ltr'><strong>et</strong></span> <span class='ocrx_word' id='word_1_758' title='bbox 2742 2958 2949 3027; x_wconf 84' lang='lat' dir='ltr'><strong>funibus</strong></span> <span class='ocrx_word' id='word_1_759' title='bbox 2978 2963 3308 3019; x_wconf 71' lang='lat' dir='ltr'><strong>extenderunt</strong></span> <span class='ocrx_word' id='word_1_760' title='bbox 3333 2967 3415 3020; x_wconf 87' lang='lat' dir='ltr'><strong>la-</strong></span> 
     </span>
    </p>
   </div>
   <div class='ocr_carea' id='block_1_90' title="bbox 1824 3040 3420 3126">
    <p class='ocr_par' dir='ltr' id='par_1_90' title="bbox 1824 3040 3420 3126">
     <span class='ocr_line' id='line_1_90' title="bbox 1824 3040 3420 3126; baseline 0.013 -34"><span class='ocrx_word' id='word_1_761' title='bbox 1824 3048 2006 3108; x_wconf 85' lang='lat' dir='ltr'><strong>queum</strong></span> <span class='ocrx_word' id='word_1_762' title='bbox 2054 3040 2266 3111; x_wconf 84' lang='lat' dir='ltr'><strong>pedibus</strong></span> <span class='ocrx_word' id='word_1_763' title='bbox 2317 3042 2442 3098; x_wconf 84' lang='lat' dir='ltr'><strong>meis</strong></span> <span class='ocrx_word' id='word_1_764' title='bbox 2465 3059 2486 3099; x_wconf 88' lang='lat'><strong><em>:</em></strong></span> <span class='ocrx_word' id='word_1_765' title='bbox 2497 3045 2656 3115; x_wconf 76' lang='lat' dir='ltr'><strong>juxta</strong></span> <span class='ocrx_word' id='word_1_766' title='bbox 2696 3048 2788 3102; x_wconf 84' lang='lat' dir='ltr'><strong>iter</strong></span> <span class='ocrx_word' id='word_1_767' title='bbox 2833 3052 3085 3108; x_wconf 85' lang='lat' dir='ltr'><strong>scandala</strong></span> <span class='ocrx_word' id='word_1_768' title='bbox 3141 3068 3420 3126; x_wconf 83' lang='lat' dir='ltr'><strong>posuerunt</strong></span> 
     </span>
    </p>
   </div>
   <div class='ocr_carea' id='block_1_91' title="bbox 1827 3132 3417 3220">
    <p class='ocr_par' dir='ltr' id='par_1_91' title="bbox 1827 3132 3417 3220">
     <span class='ocr_line' id='line_1_91' title="bbox 1827 3132 3417 3220; baseline 0.014 -36"><span class='ocrx_word' id='word_1_769' title='bbox 1827 3132 1971 3186; x_wconf 84' lang='lat' dir='ltr'><strong>mihi.</strong></span> <span class='ocrx_word' id='word_1_770' title='bbox 2003 3132 2144 3187; x_wconf 87' lang='lat' dir='ltr'><strong>Nihil</strong></span> <span class='ocrx_word' id='word_1_771' title='bbox 2175 3143 2259 3190; x_wconf 90' lang='lat' dir='ltr'><strong>est</strong></span> <span class='ocrx_word' id='word_1_772' title='bbox 2301 3134 2537 3206; x_wconf 91' lang='lat' dir='ltr'><strong>iniquius</strong></span> <span class='ocrx_word' id='word_1_773' title='bbox 2577 3139 2642 3195; x_wconf 91' lang='lat' dir='ltr'><strong>iis</strong></span> <span class='ocrx_word' id='word_1_774' title='bbox 2672 3141 2760 3211; x_wconf 92' lang='lat' dir='ltr'><strong>qui</strong></span> <span class='ocrx_word' id='word_1_775' title='bbox 2787 3142 2968 3199; x_wconf 74' lang='lat' dir='ltr'><strong>vitium</strong></span> <span class='ocrx_word' id='word_1_776' title='bbox 2997 3161 3417 3220; x_wconf 86' lang='lat' dir='ltr'><strong>persequuntur,</strong></span> 
     </span>
    </p>
   </div>
   <div class='ocr_carea' id='block_1_92' title="bbox 1824 3225 3415 3301">
    <p class='ocr_par' dir='ltr' id='par_1_92' title="bbox 1824 3225 3415 3301">
     <span class='ocr_line' id='line_1_92' title="bbox 1824 3225 3415 3301; baseline 0.014 -24"><span class='ocrx_word' id='word_1_777' title='bbox 1824 3225 1914 3295; x_wconf 90' lang='lat' dir='ltr'><strong>qui</strong></span> <span class='ocrx_word' id='word_1_778' title='bbox 1958 3234 2084 3282; x_wconf 87' lang='lat' dir='ltr'><strong>ante</strong></span> <span class='ocrx_word' id='word_1_779' title='bbox 2130 3226 2268 3283; x_wconf 91' lang='lat' dir='ltr'><strong>alios</strong></span> <span class='ocrx_word' id='word_1_780' title='bbox 2318 3242 2443 3285; x_wconf 87' lang='lat' dir='ltr'><strong>suas</strong></span> <span class='ocrx_word' id='word_1_781' title='bbox 2488 3231 2724 3301; x_wconf 90' lang='lat' dir='ltr'><strong>ipsorum</strong></span> <span class='ocrx_word' id='word_1_782' title='bbox 2773 3234 2976 3293; x_wconf 64' lang='lat' dir='ltr'><strong>laedunt</strong></span> <span class='ocrx_word' id='word_1_783' title='bbox 3017 3241 3243 3298; x_wconf 85' lang='lat' dir='ltr'><strong>animas.</strong></span> <span class='ocrx_word' id='word_1_784' title='bbox 3282 3245 3415 3300; x_wconf 87' lang='lat' dir='ltr'><strong>Cum</strong></span> 
     </span>
    </p>
   </div>
   <div class='ocr_carea' id='block_1_93' title="bbox 1826 3318 3420 3394">
    <p class='ocr_par' dir='ltr' id='par_1_93' title="bbox 1826 3318 3420 3394">
     <span class='ocr_line' id='line_1_93' title="bbox 1826 3318 3420 3394; baseline 0.013 -21"><span class='ocrx_word' id='word_1_785' title='bbox 1826 3319 1971 3373; x_wconf 90' lang='lat' dir='ltr'><strong>enim</strong></span> <span class='ocrx_word' id='word_1_786' title='bbox 2015 3318 2113 3389; x_wconf 88' lang='lat' dir='ltr'><strong>ipsi</strong></span> <span class='ocrx_word' id='word_1_787' title='bbox 2141 3319 2250 3375; x_wconf 90' lang='lat' dir='ltr'><strong>sint</strong></span> <span class='ocrx_word' id='word_1_788' title='bbox 2295 3331 2544 3378; x_wconf 91' lang='lat' dir='ltr'><strong>auctores</strong></span> <span class='ocrx_word' id='word_1_789' title='bbox 2579 3324 2910 3393; x_wconf 81' lang='lat' dir='ltr'><strong>oli‘ensiOuis,</strong></span> <span class='ocrx_word' id='word_1_790' title='bbox 2942 3345 3064 3386; x_wconf 92' lang='lat' dir='ltr'><strong>cum</strong></span> <span class='ocrx_word' id='word_1_791' title='bbox 3091 3332 3332 3391; x_wconf 89' lang='lat' dir='ltr'><strong>efliciaut</strong></span> <span class='ocrx_word' id='word_1_792' title='bbox 3362 3349 3420 3394; x_wconf 90' lang='lat' dir='ltr'><strong>ut</strong></span> 
     </span>
    </p>
   </div>
   <div class='ocr_carea' id='block_1_94' title="bbox 1828 3412 3418 3491">
    <p class='ocr_par' dir='ltr' id='par_1_94' title="bbox 1828 3412 3418 3491">
     <span class='ocr_line' id='line_1_94' title="bbox 1828 3412 3418 3491; baseline 0.013 -25"><span class='ocrx_word' id='word_1_793' title='bbox 1828 3412 1921 3467; x_wconf 87' lang='lat' dir='ltr'><strong>Dei</strong></span> <span class='ocrx_word' id='word_1_794' title='bbox 1948 3413 2135 3482; x_wconf 77' lang='lat' dir='ltr'><strong>gloria:</strong></span> <span class='ocrx_word' id='word_1_795' title='bbox 2161 3413 2476 3473; x_wconf 88' lang='lat' dir='ltr'><strong>detrahatur</strong></span> <span class='ocrx_word' id='word_1_796' title='bbox 2508 3416 2575 3474; x_wconf 89' lang='lat' dir='ltr'><strong>ab</strong></span> <span class='ocrx_word' id='word_1_797' title='bbox 2605 3418 2996 3491; x_wconf 84' lang='lat' dir='ltr'><strong>insipientibus,</strong></span> <span class='ocrx_word' id='word_1_798' title='bbox 3023 3440 3147 3483; x_wconf 89' lang='lat' dir='ltr'><strong>cum</strong></span> <span class='ocrx_word' id='word_1_799' title='bbox 3175 3440 3279 3485; x_wconf 89' lang='lat' dir='ltr'><strong>non</strong></span> <span class='ocrx_word' id='word_1_800' title='bbox 3318 3447 3418 3487; x_wconf 76' lang='lat' dir='ltr'><strong>ex-</strong></span> 
     </span>
    </p>
   </div>
   <div class='ocr_carea' id='block_1_95' title="bbox 1826 3505 3419 3586">
    <p class='ocr_par' dir='ltr' id='par_1_95' title="bbox 1826 3505 3419 3586">
     <span class='ocr_line' id='line_1_95' title="bbox 1826 3505 3419 3586; baseline 0.013 -25"><span class='ocrx_word' id='word_1_801' title='bbox 1826 3505 2034 3563; x_wconf 72' lang='lat' dir='ltr'><strong>solvant</strong></span> <span class='ocrx_word' id='word_1_802' title='bbox 2065 3521 2185 3577; x_wconf 63' lang='lat' dir='ltr'><strong>quae</strong></span> <span class='ocrx_word' id='word_1_803' title='bbox 2205 3507 2424 3577; x_wconf 89' lang='lat' dir='ltr'><strong>debent,</strong></span> <span class='ocrx_word' id='word_1_804' title='bbox 2466 3510 2559 3566; x_wconf 88' lang='lat' dir='ltr'><strong>sed</strong></span> <span class='ocrx_word' id='word_1_805' title='bbox 2585 3512 2673 3583; x_wconf 91' lang='lat' dir='ltr'><strong>qui</strong></span> <span class='ocrx_word' id='word_1_806' title='bbox 2700 3528 2894 3586; x_wconf 90' lang='lat' dir='ltr'><strong>corpus</strong></span> <span class='ocrx_word' id='word_1_807' title='bbox 2925 3528 2980 3573; x_wconf 89' lang='lat' dir='ltr'><strong>et</strong></span> <span class='ocrx_word' id='word_1_808' title='bbox 3000 3521 3235 3578; x_wconf 81' lang='lat' dir='ltr'><strong>animam</strong></span> <span class='ocrx_word' id='word_1_809' title='bbox 3264 3540 3292 3577; x_wconf 89' lang='lat' dir='ltr'><strong>a</strong></span> <span class='ocrx_word' id='word_1_810' title='bbox 3322 3525 3419 3581; x_wconf 82' lang='lat' dir='ltr'><strong>be-</strong></span> 
     </span>
    </p>
   </div>
   <div class='ocr_carea' id='block_1_96' title="bbox 1828 3597 3417 3687">
    <p class='ocr_par' dir='ltr' id='par_1_96' title="bbox 1828 3597 3417 3687">
     <span class='ocr_line' id='line_1_96' title="bbox 1828 3597 3417 3687; baseline 0.014 -36"><span class='ocrx_word' id='word_1_811' title='bbox 1828 3597 1991 3669; x_wconf 87' lang='lat' dir='ltr'><strong>nigno</strong></span> <span class='ocrx_word' id='word_1_812' title='bbox 2013 3608 2068 3654; x_wconf 88' lang='grc' dir='ltr'><strong>ει</strong></span> <span class='ocrx_word' id='word_1_813' title='bbox 2094 3600 2345 3657; x_wconf 88' lang='lat' dir='ltr'><strong>clementi</strong></span> <span class='ocrx_word' id='word_1_814' title='bbox 2368 3603 2477 3659; x_wconf 89' lang='lat' dir='ltr'><strong>Deo</strong></span> <span class='ocrx_word' id='word_1_815' title='bbox 2503 3609 2825 3677; x_wconf 81' lang='lat' dir='ltr'><strong>acceperint,</strong></span> <span class='ocrx_word' id='word_1_816' title='bbox 2853 3611 2960 3666; x_wconf 91' lang='lat' dir='ltr'><strong>sint</strong></span> <span class='ocrx_word' id='word_1_817' title='bbox 2985 3615 3202 3683; x_wconf 76' lang='lat' dir='ltr'><strong>agenda:</strong></span> <span class='ocrx_word' id='word_1_818' title='bbox 3229 3621 3417 3687; x_wconf 59' lang='lat' dir='ltr'><strong>gratius</strong></span> 
     </span>
    </p>
   </div>
   <div class='ocr_carea' id='block_1_97' title="bbox 1828 3692 3418 3766">
    <p class='ocr_par' dir='ltr' id='par_1_97' title="bbox 1828 3692 3418 3766">
     <span class='ocr_line' id='line_1_97' title="bbox 1828 3692 3418 3766; baseline 0.013 -20"><span class='ocrx_word' id='word_1_819' title='bbox 1828 3692 2190 3761; x_wconf 89' lang='lat' dir='ltr'><strong>immemores,</strong></span> <span class='ocrx_word' id='word_1_820' title='bbox 2238 3704 2295 3750; x_wconf 90' lang='lat' dir='ltr'><strong>et</strong></span> <span class='ocrx_word' id='word_1_821' title='bbox 2337 3697 2426 3766; x_wconf 92' lang='lat' dir='ltr'><strong>qui</strong></span> <span class='ocrx_word' id='word_1_822' title='bbox 2459 3706 2661 3754; x_wconf 90' lang='lat' dir='ltr'><strong>tantum</strong></span> <span class='ocrx_word' id='word_1_823' title='bbox 2697 3713 3070 3760; x_wconf 83' lang='lat' dir='ltr'><strong>ornamentum</strong></span> <span class='ocrx_word' id='word_1_824' title='bbox 3120 3717 3176 3763; x_wconf 91' lang='lat' dir='ltr'><strong>et</strong></span> <span class='ocrx_word' id='word_1_825' title='bbox 3218 3709 3418 3766; x_wconf 89' lang='lat' dir='ltr'><strong>bonum</strong></span> 
     </span>
    </p>
   </div>
   <div class='ocr_carea' id='block_1_98' title="bbox 1826 3786 3419 3872">
    <p class='ocr_par' dir='ltr' id='par_1_98' title="bbox 1826 3786 3419 3872">
     <span class='ocr_line' id='line_1_98' title="bbox 1826 3786 3419 3872; baseline 0.013 -32"><span class='ocrx_word' id='word_1_826' title='bbox 1826 3786 2172 3855; x_wconf 84' lang='lat' dir='ltr'><strong>acceperint,</strong></span> <span class='ocrx_word' id='word_1_827' title='bbox 2232 3786 2568 3846; x_wconf 89' lang='lat' dir='ltr'><strong>benefactori</strong></span> <span class='ocrx_word' id='word_1_828' title='bbox 2619 3808 2719 3847; x_wconf 86' lang='lat' dir='ltr'><strong>suo</strong></span> <span class='ocrx_word' id='word_1_829' title='bbox 2766 3798 3034 3853; x_wconf 87' lang='lat' dir='ltr'><strong>contraria</strong></span> <span class='ocrx_word' id='word_1_830' title='bbox 3085 3802 3419 3872; x_wconf 85' lang='lat' dir='ltr'><strong>rependant,</strong></span> 
     </span>
    </p>
   </div>
   <div class='ocr_carea' id='block_1_99' title="bbox 1827 3877 3427 3962">
    <p class='ocr_par' dir='ltr' id='par_1_99' title="bbox 1827 3877 3427 3962">
     <span class='ocr_line' id='line_1_99' title="bbox 1827 3877 3427 3962; baseline 0.013 -31"><span class='ocrx_word' id='word_1_831' title='bbox 1827 3877 1957 3948; x_wconf 86' lang='lat' dir='ltr'><strong>quid</strong></span> <span class='ocrx_word' id='word_1_832' title='bbox 2002 3877 2087 3935; x_wconf 90' lang='lat' dir='ltr'><strong>his</strong></span> <span class='ocrx_word' id='word_1_833' title='bbox 2127 3879 2287 3936; x_wconf 85' lang='lat' dir='ltr'><strong>fuerit</strong></span> <span class='ocrx_word' id='word_1_834' title='bbox 2329 3880 2618 3951; x_wconf 82' lang='lat' dir='ltr'><strong>iujustius‘l</strong></span> <span class='ocrx_word' id='word_1_835' title='bbox 2663 3886 2791 3956; x_wconf 89' lang='lat' dir='ltr'><strong>quid</strong></span> <span class='ocrx_word' id='word_1_836' title='bbox 2836 3902 2965 3944; x_wconf 76' lang='lat' dir='ltr'><strong>vero</strong></span> <span class='ocrx_word' id='word_1_837' title='bbox 3004 3890 3303 3962; x_wconf 84' lang='lat' dir='ltr'><strong>ingratius?</strong></span> <span class='ocrx_word' id='word_1_838' title='bbox 3358 3897 3427 3952; x_wconf 83' lang='lat' dir='ltr'><strong>Et</strong></span> 
     </span>
    </p>
   </div>
   <div class='ocr_carea' id='block_1_100' title="bbox 1827 3969 3426 4057">
    <p class='ocr_par' dir='ltr' id='par_1_100' title="bbox 1827 3969 3426 4057">
     <span class='ocr_line' id='line_1_100' title="bbox 1827 3969 3426 4057; baseline 0.013 -35"><span class='ocrx_word' id='word_1_839' title='bbox 1827 3969 1969 4040; x_wconf 88' lang='lat' dir='ltr'><strong>quod</strong></span> <span class='ocrx_word' id='word_1_840' title='bbox 1994 3978 2078 4025; x_wconf 90' lang='lat' dir='ltr'><strong>est</strong></span> <span class='ocrx_word' id='word_1_841' title='bbox 2104 3971 2297 4042; x_wconf 90' lang='lat' dir='ltr'><strong>majus,</strong></span> <span class='ocrx_word' id='word_1_842' title='bbox 2317 3981 2372 4029; x_wconf 89' lang='lat' dir='ltr'><strong>et</strong></span> <span class='ocrx_word' id='word_1_843' title='bbox 2397 3989 2557 4030; x_wconf 90' lang='lat' dir='ltr'><strong>omne</strong></span> <span class='ocrx_word' id='word_1_844' title='bbox 2586 3976 2766 4033; x_wconf 88' lang='lat' dir='ltr'><strong>scelus</strong></span> <span class='ocrx_word' id='word_1_845' title='bbox 2789 3990 3028 4049; x_wconf 90' lang='lat' dir='ltr'><strong>superat,</strong></span> <span class='ocrx_word' id='word_1_846' title='bbox 3051 3984 3185 4039; x_wconf 90' lang='lat' dir='ltr'><strong>alios</strong></span> <span class='ocrx_word' id='word_1_847' title='bbox 3207 4001 3426 4057; x_wconf 89' lang='lat' dir='ltr'><strong>quoque</strong></span> 
     </span>
    </p>
   </div>
   <div class='ocr_carea' id='block_1_101' title="bbox 1829 4060 3414 4150">
    <p class='ocr_par' dir='ltr' id='par_1_101' title="bbox 1829 4060 3414 4150">
     <span class='ocr_line' id='line_1_101' title="bbox 1829 4060 3414 4150; baseline 0.013 -34"><span class='ocrx_word' id='word_1_848' title='bbox 1829 4060 2026 4118; x_wconf 57' lang='lat' dir='ltr'><strong>laedere</strong></span> <span class='ocrx_word' id='word_1_849' title='bbox 2050 4074 2331 4119; x_wconf 89' lang='lat' dir='ltr'><strong>conantur.</strong></span> <span class='ocrx_word' id='word_1_850' title='bbox 2363 4065 2717 4137; x_wconf 62' lang='lat' dir='ltr'><strong>flagitaverunt</strong></span> <span class='ocrx_word' id='word_1_851' title='bbox 2741 4072 2883 4127; x_wconf 90' lang='lat' dir='ltr'><strong>enim</strong></span> <span class='ocrx_word' id='word_1_852' title='bbox 2904 4113 2920 4138; x_wconf 94' lang='lat'><strong>,</strong></span> <span class='ocrx_word' id='word_1_853' title='bbox 2953 4073 3142 4146; x_wconf 90' lang='lat' dir='ltr'><strong>inquit,</strong></span> <span class='ocrx_word' id='word_1_854' title='bbox 3166 4080 3414 4150; x_wconf 62' lang='lat' dir='ltr'><strong>supplano</strong></span> 
     </span>
    </p>
   </div>
   <div class='ocr_carea' id='block_1_102' title="bbox 1829 4157 3425 4236">
    <p class='ocr_par' dir='ltr' id='par_1_102' title="bbox 1829 4157 3425 4236">
     <span class='ocr_line' id='line_1_102' title="bbox 1829 4157 3425 4236; baseline 0.011 -26"><span class='ocrx_word' id='word_1_855' title='bbox 1829 4163 1940 4210; x_wconf 85' lang='lat' dir='ltr'><strong>tare</strong></span> <span class='ocrx_word' id='word_1_856' title='bbox 1964 4171 2167 4227; x_wconf 80' lang='lat' dir='ltr'><strong>gressus</strong></span> <span class='ocrx_word' id='word_1_857' title='bbox 2203 4172 2361 4212; x_wconf 85' lang='lat' dir='ltr'><strong>meos.</strong></span> <span class='ocrx_word' id='word_1_858' title='bbox 2402 4157 2557 4226; x_wconf 87' lang='lat' dir='ltr'><strong>Quod</strong></span> <span class='ocrx_word' id='word_1_859' title='bbox 2581 4160 2629 4217; x_wconf 90' lang='lat' dir='ltr'><strong>si</strong></span> <span class='ocrx_word' id='word_1_860' title='bbox 2672 4163 2814 4233; x_wconf 89' lang='lat' dir='ltr'><strong>quod</strong></span> <span class='ocrx_word' id='word_1_861' title='bbox 2858 4168 3165 4236; x_wconf 89' lang='lat' dir='ltr'><strong>c0gitabant</strong></span> <span class='ocrx_word' id='word_1_862' title='bbox 3202 4171 3425 4228; x_wconf 90' lang='lat' dir='ltr'><strong>minime</strong></span> 
     </span>
    </p>
   </div>
   <div class='ocr_carea' id='block_1_103' title="bbox 1829 4250 3426 4325">
    <p class='ocr_par' dir='ltr' id='par_1_103' title="bbox 1829 4250 3426 4325">
     <span class='ocr_line' id='line_1_103' title="bbox 1829 4250 3426 4325; baseline 0.008 -18"><span class='ocrx_word' id='word_1_863' title='bbox 1829 4250 2076 4308; x_wconf 83' lang='lat' dir='ltr'><strong>ell‘ectum</strong></span> <span class='ocrx_word' id='word_1_864' title='bbox 2119 4260 2222 4318; x_wconf 86' lang='lat' dir='ltr'><strong>est,</strong></span> <span class='ocrx_word' id='word_1_865' title='bbox 2267 4250 2321 4308; x_wconf 92' lang='lat' dir='ltr'><strong>id</strong></span> <span class='ocrx_word' id='word_1_866' title='bbox 2347 4268 2560 4325; x_wconf 91' lang='lat' dir='ltr'><strong>quoque</strong></span> <span class='ocrx_word' id='word_1_867' title='bbox 2597 4268 2823 4313; x_wconf 65' lang='lat' dir='ltr'><strong>summa:</strong></span> <span class='ocrx_word' id='word_1_868' title='bbox 2852 4258 2951 4316; x_wconf 91' lang='lat' dir='ltr'><strong>Dei</strong></span> <span class='ocrx_word' id='word_1_869' title='bbox 2988 4260 3292 4320; x_wconf 86' lang='lat' dir='ltr'><strong>clementiae</strong></span> <span class='ocrx_word' id='word_1_870' title='bbox 3330 4266 3426 4319; x_wconf 87' lang='lat' dir='ltr'><strong>ad-</strong></span> 
     </span>
    </p>
   </div>
   <div class='ocr_carea' id='block_1_104' title="bbox 1829 4345 3420 4419">
    <p class='ocr_par' dir='ltr' id='par_1_104' title="bbox 1829 4345 3420 4419">
     <span class='ocr_line' id='line_1_104' title="bbox 1829 4345 3420 4419; baseline 0.005 -17"><span class='ocrx_word' id='word_1_871' title='bbox 1829 4345 2176 4402; x_wconf 87' lang='lat' dir='ltr'><strong>scribendum</strong></span> <span class='ocrx_word' id='word_1_872' title='bbox 2198 4354 2300 4405; x_wconf 88' lang='lat' dir='ltr'><strong>est.</strong></span> <span class='ocrx_word' id='word_1_873' title='bbox 2327 4346 2448 4419; x_wconf 88' lang='lat' dir='ltr'><strong>Ipse</strong></span> <span class='ocrx_word' id='word_1_874' title='bbox 2482 4348 2628 4404; x_wconf 89' lang='lat' dir='ltr'><strong>enim</strong></span> <span class='ocrx_word' id='word_1_875' title='bbox 2666 4350 2929 4408; x_wconf 81' lang='lat' dir='ltr'><strong>scelerata</strong></span> <span class='ocrx_word' id='word_1_876' title='bbox 2977 4366 3163 4410; x_wconf 87' lang='lat' dir='ltr'><strong>eorum</strong></span> <span class='ocrx_word' id='word_1_877' title='bbox 3194 4356 3420 4413; x_wconf 87' lang='lat' dir='ltr'><strong>consilia</strong></span> 
     </span>
    </p>
   </div>
   <div class='ocr_carea' id='block_1_105' title="bbox 1829 4437 2113 4506">
    <p class='ocr_par' dir='ltr' id='par_1_105' title="bbox 1829 4437 2113 4506">
     <span class='ocr_line' id='line_1_105' title="bbox 1829 4437 2113 4506; baseline -0.007 -13"><span class='ocrx_word' id='word_1_878' title='bbox 1829 4437 2113 4506; x_wconf 83' lang='lat' dir='ltr'><strong>confregit.</strong></span> 
     </span>
    </p>
   </div>
   <div class='ocr_carea' id='block_1_106' title="bbox 1901 4527 3421 4607">
    <p class='ocr_par' dir='ltr' id='par_1_106' title="bbox 1901 4527 3421 4607">
     <span class='ocr_line' id='line_1_106' title="bbox 1901 4527 3421 4607; baseline 0.007 -21"><span class='ocrx_word' id='word_1_879' title='bbox 1901 4530 1957 4586; x_wconf 82' lang='lat'><strong>5.</strong></span> <span class='ocrx_word' id='word_1_880' title='bbox 2002 4527 2133 4585; x_wconf 84' lang='lat' dir='ltr'><strong>Vide</strong></span> <span class='ocrx_word' id='word_1_881' title='bbox 2173 4538 2352 4585; x_wconf 89' lang='lat' dir='ltr'><strong>autem</strong></span> <span class='ocrx_word' id='word_1_882' title='bbox 2391 4544 2551 4602; x_wconf 87' lang='lat' dir='ltr'><strong>quam</strong></span> <span class='ocrx_word' id='word_1_883' title='bbox 2603 4531 2916 4589; x_wconf 87' lang='lat' dir='ltr'><strong>meditatum</strong></span> <span class='ocrx_word' id='word_1_884' title='bbox 2955 4546 3073 4592; x_wconf 88' lang='lat' dir='ltr'><strong>erat</strong></span> <span class='ocrx_word' id='word_1_885' title='bbox 3114 4539 3311 4607; x_wconf 91' lang='lat' dir='ltr'><strong>scelus,</strong></span> <span class='ocrx_word' id='word_1_886' title='bbox 3362 4551 3421 4597; x_wconf 88' lang='lat' dir='ltr'><strong>et</strong></span> 
     </span>
    </p>
   </div>
   <div class='ocr_carea' id='block_1_107' title="bbox 1830 4618 3423 4691">
    <p class='ocr_par' dir='ltr' id='par_1_107' title="bbox 1830 4618 3423 4691">
     <span class='ocr_line' id='line_1_107' title="bbox 1830 4618 3423 4691; baseline 0.01 -18"><span class='ocrx_word' id='word_1_887' title='bbox 1830 4629 2030 4691; x_wconf 91' lang='lat' dir='ltr'><strong>quanto</strong></span> <span class='ocrx_word' id='word_1_888' title='bbox 2076 4618 2251 4677; x_wconf 90' lang='lat' dir='ltr'><strong>studio</strong></span> <span class='ocrx_word' id='word_1_889' title='bbox 2282 4631 2481 4691; x_wconf 68' lang='lat' dir='ltr'><strong>parate</strong></span> <span class='ocrx_word' id='word_1_890' title='bbox 2520 4623 2748 4679; x_wconf 69' lang='lat' dir='ltr'><strong>insidias.</strong></span> <span class='ocrx_word' id='word_1_891' title='bbox 2793 4623 3141 4684; x_wconf 89' lang='lat' dir='ltr'><strong>Occultarunt</strong></span> <span class='ocrx_word' id='word_1_892' title='bbox 3171 4633 3319 4687; x_wconf 91' lang='lat' dir='ltr'><strong>enim</strong></span> <span class='ocrx_word' id='word_1_893' title='bbox 3366 4645 3423 4689; x_wconf 89' lang='lat' dir='ltr'><strong>et</strong></span> 
     </span>
    </p>
   </div>
   <div class='ocr_carea' id='block_1_108' title="bbox 1831 4710 3424 4791">
    <p class='ocr_par' dir='ltr' id='par_1_108' title="bbox 1831 4710 3424 4791">
     <span class='ocr_line' id='line_1_108' title="bbox 1831 4710 3424 4791; baseline 0.009 -24"><span class='ocrx_word' id='word_1_894' title='bbox 1831 4710 2208 4778; x_wconf 86' lang='lat' dir='ltr'><strong>extenderunt,</strong></span> <span class='ocrx_word' id='word_1_895' title='bbox 2235 4711 2397 4783; x_wconf 89' lang='lat' dir='ltr'><strong>idque</strong></span> <span class='ocrx_word' id='word_1_896' title='bbox 2425 4712 2579 4782; x_wconf 84' lang='lat' dir='ltr'><strong>juxta</strong></span> <span class='ocrx_word' id='word_1_897' title='bbox 2622 4714 2745 4781; x_wconf 88' lang='lat' dir='ltr'><strong>iter,</strong></span> <span class='ocrx_word' id='word_1_898' title='bbox 2785 4723 2847 4772; x_wconf 88' lang='lat' dir='ltr'><strong>ut</strong></span> <span class='ocrx_word' id='word_1_899' title='bbox 2874 4732 2949 4773; x_wconf 86' lang='lat' dir='ltr'><strong>ex-</strong></span> <span class='ocrx_word' id='word_1_900' title='bbox 2977 4719 3327 4791; x_wconf 76' lang='lat' dir='ltr'><strong>longitudine,</strong></span> <span class='ocrx_word' id='word_1_901' title='bbox 3357 4741 3424 4781; x_wconf 81' lang='lat' dir='ltr'><strong>ex</strong></span> 
     </span>
    </p>
   </div>
   <div class='ocr_carea' id='block_1_109' title="bbox 1833 4801 3423 4881">
    <p class='ocr_par' dir='ltr' id='par_1_109' title="bbox 1833 4801 3423 4881">
     <span class='ocr_line' id='line_1_109' title="bbox 1833 4801 3423 4881; baseline 0.011 -24"><span class='ocrx_word' id='word_1_902' title='bbox 1833 4801 2053 4859; x_wconf 90' lang='lat' dir='ltr'><strong>latebris</strong></span> <span class='ocrx_word' id='word_1_903' title='bbox 2068 4813 2123 4859; x_wconf 92' lang='lat' dir='ltr'><strong>et</strong></span> <span class='ocrx_word' id='word_1_904' title='bbox 2146 4802 2287 4874; x_wconf 90' lang='lat' dir='ltr'><strong>quod</strong></span> <span class='ocrx_word' id='word_1_905' title='bbox 2318 4818 2487 4875; x_wconf 89' lang='lat' dir='ltr'><strong>prope</strong></span> <span class='ocrx_word' id='word_1_906' title='bbox 2516 4805 2816 4877; x_wconf 88' lang='lat' dir='ltr'><strong>tenderent,</strong></span> <span class='ocrx_word' id='word_1_907' title='bbox 2841 4822 3095 4881; x_wconf 88' lang='lat' dir='ltr'><strong>caperent</strong></span> <span class='ocrx_word' id='word_1_908' title='bbox 3113 4824 3168 4870; x_wconf 91' lang='lat' dir='ltr'><strong>et</strong></span> <span class='ocrx_word' id='word_1_909' title='bbox 3194 4816 3249 4872; x_wconf 88' lang='lat' dir='ltr'><strong>in</strong></span> <span class='ocrx_word' id='word_1_910' title='bbox 3272 4833 3423 4873; x_wconf 89' lang='lat' dir='ltr'><strong>suam</strong></span> 
     </span>
    </p>
   </div>
   <div class='ocr_carea' id='block_1_110' title="bbox 1832 4895 3425 4966">
    <p class='ocr_par' dir='ltr' id='par_1_110' title="bbox 1832 4895 3425 4966">
     <span class='ocr_line' id='line_1_110' title="bbox 1832 4895 3425 4966; baseline 0.01 -17"><span class='ocrx_word' id='word_1_911' title='bbox 1832 4902 2152 4966; x_wconf 89' lang='lat' dir='ltr'><strong>potestatem</strong></span> <span class='ocrx_word' id='word_1_912' title='bbox 2192 4895 2519 4966; x_wconf 88' lang='lat' dir='ltr'><strong>redigereut.</strong></span> <span class='ocrx_word' id='word_1_913' title='bbox 2564 4897 2803 4956; x_wconf 89' lang='lat' dir='ltr'><strong>Fuerunt</strong></span> <span class='ocrx_word' id='word_1_914' title='bbox 2832 4904 2974 4959; x_wconf 91' lang='lat' dir='ltr'><strong>enim</strong></span> <span class='ocrx_word' id='word_1_915' title='bbox 3006 4907 3227 4964; x_wconf 86' lang='lat' dir='ltr'><strong>sceleris</strong></span> <span class='ocrx_word' id='word_1_916' title='bbox 3252 4912 3425 4966; x_wconf 85' lang='lat' dir='ltr'><strong>artiti-</strong></span> 
     </span>
    </p>
   </div>
   <div class='ocr_carea' id='block_1_111' title="bbox 1833 4985 3423 5063">
    <p class='ocr_par' dir='ltr' id='par_1_111' title="bbox 1833 4985 3423 5063">
     <span class='ocr_line' id='line_1_111' title="bbox 1833 4985 3423 5063; baseline 0.011 -24"><span class='ocrx_word' id='word_1_917' title='bbox 1833 5000 1945 5049; x_wconf 84' lang='lat' dir='ltr'><strong>ees,</strong></span> <span class='ocrx_word' id='word_1_918' title='bbox 1993 4985 2119 5040; x_wconf 88' lang='lat' dir='ltr'><strong>dum</strong></span> <span class='ocrx_word' id='word_1_919' title='bbox 2165 4986 2385 5057; x_wconf 86' lang='lat' dir='ltr'><strong>laqueos</strong></span> <span class='ocrx_word' id='word_1_920' title='bbox 2415 4989 2650 5061; x_wconf 90' lang='lat' dir='ltr'><strong>undique</strong></span> <span class='ocrx_word' id='word_1_921' title='bbox 2688 4994 3063 5063; x_wconf 83' lang='lat' dir='ltr'><strong>extenderent,</strong></span> <span class='ocrx_word' id='word_1_922' title='bbox 3109 4999 3212 5055; x_wconf 85' lang='lat' dir='ltr'><strong>hoc</strong></span> <span class='ocrx_word' id='word_1_923' title='bbox 3260 5018 3423 5056; x_wconf 91' lang='lat' dir='ltr'><strong>unum</strong></span> 
     </span>
    </p>
   </div>
   <div class='ocr_carea' id='block_1_112' title="bbox 1835 5077 3429 5158">
    <p class='ocr_par' dir='ltr' id='par_1_112' title="bbox 1835 5077 3429 5158">
     <span class='ocr_line' id='line_1_112' title="bbox 1835 5077 3429 5158; baseline 0.011 -26"><span class='ocrx_word' id='word_1_924' title='bbox 1835 5078 1935 5133; x_wconf 90' lang='lat' dir='ltr'><strong>sibi</strong></span> <span class='ocrx_word' id='word_1_925' title='bbox 1969 5077 2269 5134; x_wconf 84' lang='lat' dir='ltr'><strong>faciendum</strong></span> <span class='ocrx_word' id='word_1_926' title='bbox 2296 5091 2615 5151; x_wconf 85' lang='lat' dir='ltr'><strong>statuentes,</strong></span> <span class='ocrx_word' id='word_1_927' title='bbox 2641 5093 2699 5139; x_wconf 93' lang='lat' dir='ltr'><strong>ut</strong></span> <span class='ocrx_word' id='word_1_928' title='bbox 2724 5100 2845 5142; x_wconf 90' lang='lat' dir='ltr'><strong>eum</strong></span> <span class='ocrx_word' id='word_1_929' title='bbox 2874 5090 3182 5158; x_wconf 89' lang='lat' dir='ltr'><strong>perderent.</strong></span> <span class='ocrx_word' id='word_1_930' title='bbox 3217 5092 3309 5149; x_wconf 85' lang='lat' dir='ltr'><strong>Vis</strong></span> <span class='ocrx_word' id='word_1_931' title='bbox 3342 5097 3429 5149; x_wconf 78' lang='lat' dir='ltr'><strong>vi-</strong></span> 
     </span>
    </p>
   </div>
   <div class='ocr_carea' id='block_1_113' title="bbox 1835 5170 3428 5242">
    <p class='ocr_par' dir='ltr' id='par_1_113' title="bbox 1835 5170 3428 5242">
     <span class='ocr_line' id='line_1_113' title="bbox 1835 5170 3428 5242; baseline 0.01 -16"><span class='ocrx_word' id='word_1_932' title='bbox 1835 5170 1965 5227; x_wconf 85' lang='lat' dir='ltr'><strong>dere</strong></span> <span class='ocrx_word' id='word_1_933' title='bbox 2002 5171 2270 5242; x_wconf 90' lang='lat' dir='ltr'><strong>quomodo</strong></span> <span class='ocrx_word' id='word_1_934' title='bbox 2309 5174 2459 5231; x_wconf 64' lang='lat' dir='ltr'><strong>futiles</strong></span> <span class='ocrx_word' id='word_1_935' title='bbox 2492 5175 2745 5232; x_wconf 81' lang='lat' dir='ltr'><strong>extendat</strong></span> <span class='ocrx_word' id='word_1_936' title='bbox 2772 5178 3056 5237; x_wconf 80' lang='lat' dir='ltr'><strong>diabolus?</strong></span> <span class='ocrx_word' id='word_1_937' title='bbox 3084 5182 3218 5240; x_wconf 91' lang='lat' dir='ltr'><strong>Vide</strong></span> <span class='ocrx_word' id='word_1_938' title='bbox 3241 5199 3428 5242; x_wconf 88' lang='lat' dir='ltr'><strong>rursus</strong></span> 
     </span>
    </p>
   </div>
   <div class='ocr_carea' id='block_1_114' title="bbox 1837 5261 3427 5345">
    <p class='ocr_par' dir='ltr' id='par_1_114' title="bbox 1837 5261 3427 5345">
     <span class='ocr_line' id='line_1_114' title="bbox 1837 5261 3427 5345; baseline 0.01 -28"><span class='ocrx_word' id='word_1_939' title='bbox 1837 5261 1889 5318; x_wconf 91' lang='lat' dir='ltr'><strong>id</strong></span> <span class='ocrx_word' id='word_1_940' title='bbox 1911 5262 2053 5333; x_wconf 90' lang='lat' dir='ltr'><strong>quod</strong></span> <span class='ocrx_word' id='word_1_941' title='bbox 2075 5263 2177 5320; x_wconf 83' lang='lat' dir='ltr'><strong>Job</strong></span> <span class='ocrx_word' id='word_1_942' title='bbox 2218 5264 2432 5321; x_wconf 90' lang='lat' dir='ltr'><strong>accidit.</strong></span> <span class='ocrx_word' id='word_1_943' title='bbox 2459 5266 2596 5335; x_wconf 90' lang='lat' dir='ltr'><strong>Quid</strong></span> <span class='ocrx_word' id='word_1_944' title='bbox 2636 5269 2779 5323; x_wconf 91' lang='lat' dir='ltr'><strong>enim</strong></span> <span class='ocrx_word' id='word_1_945' title='bbox 2807 5269 2912 5325; x_wconf 90' lang='lat' dir='ltr'><strong>illis</strong></span> <span class='ocrx_word' id='word_1_946' title='bbox 2940 5271 3130 5327; x_wconf 83' lang='lat' dir='ltr'><strong>latius?</strong></span> <span class='ocrx_word' id='word_1_947' title='bbox 3159 5276 3286 5345; x_wconf 89' lang='lat' dir='ltr'><strong>quid</strong></span> <span class='ocrx_word' id='word_1_948' title='bbox 3312 5276 3427 5332; x_wconf 84' lang='lat' dir='ltr'><strong>lon-</strong></span> 
     </span>
    </p>
   </div>
   <div class='ocr_carea' id='block_1_115' title="bbox 1836 5352 3416 5429">
    <p class='ocr_par' dir='ltr' id='par_1_115' title="bbox 1836 5352 3416 5429">
     <span class='ocr_line' id='line_1_115' title="bbox 1836 5352 3416 5429; baseline 0.014 -23"><span class='ocrx_word' id='word_1_949' title='bbox 1836 5352 1981 5425; x_wconf 77' lang='lat' dir='ltr'><strong>gius?</strong></span> <span class='ocrx_word' id='word_1_950' title='bbox 2012 5354 2145 5425; x_wconf 87' lang='lat' dir='ltr'><strong>quid</strong></span> <span class='ocrx_word' id='word_1_951' title='bbox 2181 5370 2310 5413; x_wconf 85' lang='lat' dir='ltr'><strong>vero</strong></span> <span class='ocrx_word' id='word_1_952' title='bbox 2337 5357 2712 5429; x_wconf 89' lang='lat' dir='ltr'><strong>propinquius,</strong></span> <span class='ocrx_word' id='word_1_953' title='bbox 2752 5375 2872 5416; x_wconf 93' lang='lat' dir='ltr'><strong>eum</strong></span> <span class='ocrx_word' id='word_1_954' title='bbox 2900 5377 3006 5420; x_wconf 88' lang='lat' dir='ltr'><strong>non</strong></span> <span class='ocrx_word' id='word_1_955' title='bbox 3034 5365 3207 5422; x_wconf 91' lang='lat' dir='ltr'><strong>solum</strong></span> <span class='ocrx_word' id='word_1_956' title='bbox 3236 5369 3291 5425; x_wconf 89' lang='lat' dir='ltr'><strong>in</strong></span> <span class='ocrx_word' id='word_1_957' title='bbox 3321 5385 3416 5427; x_wconf 88' lang='lat' dir='ltr'><strong>co-</strong></span> 
     </span>
    </p>
   </div>
   <div class='ocr_carea' id='block_1_116' title="bbox 1909 5545 3429 5618">
    <p class='ocr_par' dir='ltr' id='par_1_116' title="bbox 1909 5545 3429 5618">
     <span class='ocr_line' id='line_1_116' title="bbox 1909 5545 3429 5618; baseline 0.007 -23"><span class='ocrx_word' id='word_1_958' title='bbox 1909 5545 1984 5609; x_wconf 88' lang='lat' dir='ltr'><strong>(a)</strong></span> <span class='ocrx_word' id='word_1_959' title='bbox 2008 5549 2215 5618; x_wconf 70' lang='lat' dir='ltr'><strong>Semper</strong></span> <span class='ocrx_word' id='word_1_960' title='bbox 2249 5549 2387 5611; x_wconf 79' lang='grc' dir='ltr'><strong>(ἀεί).</strong></span> <span class='ocrx_word' id='word_1_961' title='bbox 2423 5550 2507 5600; x_wconf 90' lang='lat' dir='ltr'><strong>Sic</strong></span> <span class='ocrx_word' id='word_1_962' title='bbox 2531 5549 2847 5614; x_wconf 88' lang='lat' dir='ltr'><strong>interpretari</strong></span> <span class='ocrx_word' id='word_1_963' title='bbox 2886 5555 3018 5604; x_wconf 89' lang='lat' dir='ltr'><strong>solet</strong></span> <span class='ocrx_word' id='word_1_964' title='bbox 3049 5554 3228 5618; x_wconf 77' lang='lat' dir='ltr'><strong>Aquila</strong></span> <span class='ocrx_word' id='word_1_965' title='bbox 3256 5569 3429 5607; x_wconf 78' lang='lat' dir='ltr'><strong>vocem</strong></span> 
     </span>
    </p>
   </div>
   <div class='ocr_carea' id='block_1_117' title="bbox 1846 5607 3430 5701">
    <p class='ocr_par' dir='ltr' id='par_1_117' title="bbox 1846 5607 3430 5701">
     <span class='ocr_line' id='line_1_117' title="bbox 1846 5607 3430 5701; baseline 0.009 -23"><span class='ocrx_word' id='word_1_966' title='bbox 1846 5607 2278 5701; x_wconf 38' lang='lat' dir='ltr'><strong>Hebraeum-HSd.</strong></span> <span class='ocrx_word' id='word_1_967' title='bbox 2307 5607 2395 5701; x_wconf 55' lang='lat' dir='ltr'><strong>De,</strong></span> <span class='ocrx_word' id='word_1_968' title='bbox 2414 5607 2748 5696; x_wconf 76' lang='lat' dir='ltr'><strong>Diapsalmate</strong></span> <span class='ocrx_word' id='word_1_969' title='bbox 2778 5651 2912 5701; x_wconf 69' lang='lat' dir='ltr'><strong>saepe</strong></span> <span class='ocrx_word' id='word_1_970' title='bbox 2949 5607 3165 5692; x_wconf 73' lang='lat' dir='ltr'><strong>diximus</strong></span> <span class='ocrx_word' id='word_1_971' title='bbox 3190 5644 3238 5691; x_wconf 91' lang='lat' dir='ltr'><strong>in</strong></span> <span class='ocrx_word' id='word_1_972' title='bbox 3261 5644 3430 5694; x_wconf 77' lang='lat' dir='ltr'><strong>Hexa-</strong></span> 
     </span>
    </p>
   </div>
   <div class='ocr_carea' id='block_1_118' title="bbox 1847 5678 3429 5775">
    <p class='ocr_par' dir='ltr' id='par_1_118' title="bbox 1847 5678 3429 5775">
     <span class='ocr_line' id='line_1_118' title="bbox 1847 5678 3429 5775; baseline 0.012 -29"><span class='ocrx_word' id='word_1_973' title='bbox 1847 5700 1965 5775; x_wconf 41' lang='lat' dir='ltr'><strong>p&#39;us.</strong></span> <span class='ocrx_word' id='word_1_974' title='bbox 1999 5678 2130 5775; x_wconf 61' lang='lat' dir='ltr'><strong>uinci</strong></span> <span class='ocrx_word' id='word_1_975' title='bbox 2147 5678 2331 5771; x_wconf 46' lang='lat' dir='ltr'><strong>pars:</strong></span> <span class='ocrx_word' id='word_1_976' title='bbox 2346 5678 2753 5775; x_wconf 62' lang='lat' dir='ltr'><strong>n56,“b_}“sg;a_;;</strong></span> <span class='ocrx_word' id='word_1_977' title='bbox 2777 5678 3429 5775; x_wconf 57' lang='lat' dir='ltr'><strong>:355;;‘35;&quot;§ie¥3;.37n§3.</strong></span> 
     </span>
    </p>
   </div>
   <div class='ocr_carea' id='block_1_119' title="bbox 1849 5759 3428 5876">
    <p class='ocr_par' dir='ltr' id='par_1_119' title="bbox 1849 5759 3428 5876">
     <span class='ocr_line' id='line_1_119' title="bbox 1849 5759 3428 5876; baseline 0.012 -67"><span class='ocrx_word' id='word_1_978' title='bbox 1849 5759 1983 5810; x_wconf 78' lang='lat' dir='ltr'><strong>Sela.</strong></span> <span class='ocrx_word' id='word_1_979' title='bbox 2008 5760 2085 5811; x_wconf 91' lang='lat' dir='ltr'><strong>De</strong></span> <span class='ocrx_word' id='word_1_980' title='bbox 2116 5761 2197 5811; x_wconf 88' lang='lat' dir='ltr'><strong>his</strong></span> <span class='ocrx_word' id='word_1_981' title='bbox 2218 5775 2382 5876; x_wconf 44' lang='lat' dir='ltr'><strong>ferro</strong></span> <span class='ocrx_word' id='word_1_982' title='bbox 2401 5759 2629 5818; x_wconf 62' lang='lat' dir='ltr'><strong>omnibus</strong></span> <span class='ocrx_word' id='word_1_983' title='bbox 2657 5766 2770 5821; x_wconf 75' lang='lat' dir='ltr'><strong>ride</strong></span> <span class='ocrx_word' id='word_1_984' title='bbox 2792 5759 3428 5835; x_wconf 37' lang='lat' dir='ltr'><strong>praelimiuaria&#39;nos‘traﬂa&#39;d</strong></span> 
     </span>
     <span class='ocr_line' id='line_1_120' title="bbox 1849 5821 2422 5876; baseline 0.007 -4"><span class='ocrx_word' id='word_1_985' title='bbox 1849 5821 2085 5876; x_wconf 81' lang='lat' dir='ltr'><strong>Hexanla.</strong></span> <span class='ocrx_word' id='word_1_986' title='bbox 2110 5835 2161 5876; x_wconf 77' lang='grc' dir='ltr'><strong>ι).</strong></span> <span class='ocrx_word' id='word_1_987' title='bbox 2186 5824 2215 5875; x_wconf 81' lang='lat'><strong>7</strong></span> <span class='ocrx_word' id='word_1_988' title='bbox 2271 5829 2325 5876; x_wconf 84' lang='lat' dir='ltr'><strong>et</strong></span> <span class='ocrx_word' id='word_1_989' title='bbox 2343 5825 2422 5876; x_wconf 89' lang='lat'><strong>80.</strong></span> 
     </span>
    </p>
   </div>
   <div class='ocr_carea' id='block_1_120' title="bbox 1846 5821 2422 5887">
    <p class='ocr_par' dir='ltr' id='par_1_120' title="bbox 1846 5821 2422 5887">
     <span class='ocr_line' id='line_1_121' title="bbox 1846 5821 2422 5887; baseline 0.007 -15"><span class='ocrx_word' id='word_1_990' title='bbox 1846 5821 2085 5887; x_wconf 82' lang='lat' dir='ltr'><strong>Hexapla,</strong></span> <span class='ocrx_word' id='word_1_991' title='bbox 2110 5835 2161 5886; x_wconf 91' lang='lat' dir='ltr'><strong>p.</strong></span> <span class='ocrx_word' id='word_1_992' title='bbox 2186 5821 2248 5876; x_wconf 84' lang='grc' dir='ltr'><strong>’Π</strong></span> <span class='ocrx_word' id='word_1_993' title='bbox 2271 5829 2325 5878; x_wconf 83' lang='grc' dir='ltr'><strong>ει</strong></span> <span class='ocrx_word' id='word_1_994' title='bbox 2343 5825 2422 5877; x_wconf 88' lang='grc'><strong>80.</strong></span> 
     </span>
    </p>
   </div>
  </div>
