3928 6454
597 370 694 434 ιέὖ

590 492 766 564 gnatis
807 500 863 547 et
911 492 1117 558 amicis,
1159 485 1344 547 neciu
1375 484 1542 546 tutore
1581 501 1804 559 tantum,
1837 492 1930 546 sed
1960 493 2010 545 in
2056 492 2174 561 ipso

591 585 708 652 ejus
755 599 983 654 corpore
1029 585 1274 653 laqueunt
1324 583 1644 638 tetenderit?
1674 583 1726 637 7.
1759 582 1881 636 Dixi
1931 581 2168 647 Domino,

591 675 728 729 Deus
753 691 892 728 meus
912 690 964 729 es
990 685 1042 728 tu
1068 689 1086 728 :
1114 673 1320 740 exaudi,
1353 675 1584 741 Domine,
1614 690 1782 728 vocem
1807 673 2173 744 deprecationis

590 783 730 820 mew.
771 768 822 821 8.
869 764 1106 831 Domine,
1147 765 1379 830 Domine,
1417 767 1571 819 virtus
1604 767 1782 820 salutis
1820 781 1958 820 meat.
2001 766 2169 831 Alius,

595 859 826 914 Potentia
849 859 1210 914 salutis'meat.
1244 859 1531 929 Postquam
1560 858 1692 912 dixit
1721 859 1914 912 bellum
1951 868 2005 913 et
2045 859 2171 912 insi-

587 952 723 1018 dias,
780 961 835 1006 et
881 949 1118 1006 ostendit
1147 952 1302 1005 'mala
1355 966 1475 1006 esse
1516 951 1870 1006 intolerabilia
1898 969 1910 1004 :
1935 951 2172 1020 confugit

585 1043 839 1113 deinceps
876 1041 943 1096 ad
972 1041 1388 1112 inexpugnabile
1435 1042 1710 1107 auxilium,
1739 1056 1770 1096 e
1797 1041 1929 1095 caelo
1957 1041 2168 1110 adjuto-

589 1151 698 1191 rent
724 1137 1035 1205 implorans,
1065 1135 1153 1205 qui
1184 1136 1297 1188 lucc
1321 1143 1493 1202 potest
1522 1134 1762 1204 frangere
1787 1143 1840 1188 et
1863 1132 2167 1202 profligare.

657 1227 882 1298 Aﬁlictus
920 1238 972 1279 ut
1013 1226 1082 1278 ad
1125 1225 1287 1280 Deum
1332 1225 1612 1294 confugiat.
1636 1254 1707 1263 —
1735 1223 1848 1278 Hoc
1887 1231 1971 1278 est
2011 1238 2170 1292 argu-

592 1331 824 1376 mentum
851 1319 1097 1390 generosi
1132 1319 1318 1392 auimi,
1350 1317 1451 1372 hoc
1487 1302 1569 1372 est
1595 1317 1802 1387 signum
1832 1317 2023 1370 mentis
2049 1331 2168 1385 qua:

584 1423 797 1474 tenetur
821 1412 998 1468 studio
1035 1412 1333 1481 sapientia),
1374 1425 1496 1466 cum
1538 1409 1652 1464 haec
1690 1410 2161 1475 circumsteterint,

585 1520 692 1559 non
721 1503 1011 1574 confugere
1034 1503 1100 1558 ad
1129 1502 1418 1557 humanum
1451 1501 1726 1567 auxilium,
1757 1516 1856 1555 nec
1876 1500 1942 1555 ad
1966 1508 2164 1555 morta-

592 1600 663 1654 les
691 1598 1060 1669 cogitationes,
1106 1596 1200 1652 sed
1241 1595 1294 1651 in
1329 1596 1518 1652 ctelum
1562 1595 1851 1664 respicere,
1899 1602 1955 1648 et
1998 1593 2178 1648 Deum

586 1695 672 1762 qui
704 1692 900 1764 ubique
927 1705 1162 1763 praesens
1191 1700 1272 1745 est
1303 1691 1568 1754 invocare,
1603 1704 1709 1742 non
1735 1696 1914 1742 autem
1943 1693 2164 1742 contur-

584 1785 718 1852 bari,
750 1785 997 1839 animove
1043 1782 1394 1839 consternari.
1426 1781 1554 1835 Vide
1585 1790 1762 1835 autem
1805 1777 2074 1849 quomodo
2109 1786 2167 1833 ut

581 1891 650 1930 eo
675 1875 892 1947 dignunt
920 1883 1004 1931 est
1027 1875 1184 1929 verba
1203 1873 1462 1929 contexit.
1494 1873 1607 1928 Non
1639 1872 1772 1927 dixit
1799 1871 1962 1937 enim,
1987 1869 2042 1925 In
2065 1869 2164 1925 ltac

584 1978 637 2024 et
664 1967 716 2022 in
745 1967 829 2021 illa
859 1982 918 2022 re
949 1981 1034 2021 me
1061 1977 1205 2022 recte
1227 1967 1386 2037 gessi,
1417 1978 1534 2032 nec,
1559 1964 1708 2019 llanc
1737 1963 1818 2019 vel
1848 1963 1984 2017 lianc
2008 1962 2166 2032 justi-

583 2061 707 2114 tiam
736 2068 984 2130 oneratus
1007 2075 1122 2115 sum
1154 2077 1168 2116 :
1193 2058 1288 2115 sed
1310 2058 1475 2128 quid?
1506 2057 1639 2112 Deus
1659 2072 1796 2110 meus
1815 2071 1868 2109 es
1890 2064 1960 2120 tu,
1994 2053 2164 2108 maxi-

580 2169 720 2208 mam
747 2168 959 2209 causam
990 2153 1218 2210 ail‘erens
1253 2170 1349 2210 cur
1375 2161 1520 2224 petat
1565 2153 1839 2216 auxilium,
1863 2150 2003 2222 quod
2037 2164 2164 2205 con-

579 2249 743 2318 fugiat
797 2247 862 2303 ad
906 2248 1207 2310 Dominum.
1255 2247 1530 2316 Opificcnt,
1573 2255 1629 2301 et
1671 2245 1893 2315 Regem.
1933 2242 2160 2307 Exaudi,

582 2340 814 2404 Domine,
855 2355 1023 2394 uocem
1053 2339 1416 2410 deprecationis
1456 2353 1595 2402 meae,
1648 2335 1884 2402 Domine,
1926 2333 2159 2402 Domine,

579 2435 735 2487 virtus
777 2432 956 2486 salutis
987 2447 1130 2487 metu.
1165 2431 1335 2498 Dixit,
1373 2430 1562 2494 Virtus,
1601 2444 1697 2484 seu
1729 2425 1985 2498 potentia,
2032 2426 2163 2480 salu—

580 2525 664 2589 tis,
697 2523 986 2578 ostendens
1011 2537 1131 2579 esse
1163 2522 1323 2578 etiam
1361 2520 1650 2592 potentiam
1681 2535 1853 2590 ptente
1878 2528 1933 2572 et
1961 2517 2162 2588 suppli-

580 2617 670 2671 eii.
731 2615 835 2671 Sed
883 2615 1177 2686 prmhuisti,
1219 2614 1410 2685 inquit,
1463 2612 1594 2668 mihi
1651 2613 1900 2668 virtutem
1950 2611 2158 2665 salutis.

581 2707 736 2761 Pctes
773 2707 914 2761 enim
960 2715 1014 2761 et
1057 2720 1251 2761 nocere
1295 2716 1350 2761 et
1383 2705 1451 2760 de
1495 2703 1671 2759 medio
1701 2703 1924 2758 tollere:
1955 2701 2050 2757 sed
2095 2700 2162 2756 ad

580 2814 750 2854 meam
779 2798 1004 2853 salutem
1033 2807 1119 2853 tua
1143 2812 1358 2868 semper
1385 2797 1622 2868 potentia
1645 2810 1772 2850 usus
1799 2809 1877 2849 es.
1903 2793 2034 2849 Vide
2062 2809 2161 2848 au-

577 2900 684 2945 tem
710 2904 944 2945 amorem
957 2889 1206 2945 dicentis.
1231 2889 1333 2944 Per
1354 2889 1722 2959 repetitionem
1741 2886 1905 2955 enim,
1929 2893 1984 2941 et
2019 2885 2160 2956 quod

575 2980 850 3051 adiecerit,
879 2979 1075 3036 Salutis
1100 2995 1243 3047 mete,
1272 2980 1508 3035 ostendit
1528 2993 1773 3050 magnam
1800 2975 2158 3032 affectionem.

577 3072 900 3128 Obumbt'asti
943 3089 1098 3144 super
1143 3081 1296 3144 caput
1348 3089 1509 3127 meum
1562 3071 1617 3124 in
1663 3071 1744 3125 die
1784 3069 1921 3124 belli.
1977 3068 2159 3126 Vidisti

572 3173 780 3234 gratum
804 3163 1084 3219 animum?
1112 3163 1294 3219 Priora
1324 3167 1374 3218 in
1404 3162 1716 3218 memoriam
1753 3169 1987 3228 revocat,
2016 3159 2159 3232 quod

572 3273 694 3312 cum
725 3257 929 3313 scilicet
957 3258 1008 3312 in
1038 3266 1152 3312 tuto
1188 3257 1554 3313 collocaverit.
1605 3255 1718 3310 lloe
1741 3256 1884 3310 enim
1920 3254 2022 3309 sibi
2047 3253 2160 3310 vult

574 3347 742 3416 illttd,
798 3347 1140 3403 Obumbrasti.
1186 3347 1320 3404 Vide
1366 3357 1543 3402 autem
1597 3345 1862 3416 quomodo
1908 3344 2158 3401 ostendat

573 3454 729 3509 quant
765 3437 818 3493 id
848 3438 958 3494 Deo
987 3437 1142 3494 facile
1167 3439 1256 3494 sit.
1279 3438 1394 3494 Non
1420 3439 1561 3494 enim
1588 3439 1739 3504 dixit,
1771 3439 1930 3504 Ante,
1957 3437 2074 3505 sed,
2099 3437 2154 3493 lu

572 3529 706 3599 ipso,
737 3529 924 3600 inquit,
962 3528 1070 3594 die,
1100 3529 1312 3599 quando
1355 3528 1492 3584 mala
1532 3529 1901 3597 imminebant,
1942 3529 2155 3600 quando

572 3631 683 3677 erat
715 3623 969 3677 instructa
996 3623 1158 3689 acies,
1190 3622 1401 3693 quando
1431 3622 1684 3678 versabar
1711 3623 1762 3676 in
1791 3624 2035 3678 maximis
2063 3639 2156 3694 pe-

571 3715 771 3783 riculis,
817 3725 943 3770 tunc
977 3729 1064 3770 me
1094 3714 1147 3770 in
1181 3723 1292 3770 tuto
1325 3702 1618 3770 collocasti.
1654 3715 1838 3786 Neque
1888 3715 2029 3770 enim
2061 3725 2154 3771 aut

569 3815 847 3877 apparatu,
877 3815 970 3862 aut
1007 3805 1376 3862 exhortatione
1416 3806 1523 3860 ulla
1561 3806 1701 3862 Deus
1725 3806 1945 3876 indiget,
1979 3816 2034 3862 ut
2059 3806 2150 3876 qui

557 3900 702 3954 sciat
727 3914 857 3970 qua:
897 3907 1022 3954 sunt
1066 3899 1370 3968 pricsentia,
1416 3897 1608 3963 futura,
1656 3907 1710 3952 et
1741 3898 2030 3968 praeterita,
2059 3897 2150 3968 qui

569 3990 743 4044 omnia
764 3989 961 4058 possit,
999 4004 1211 4059 semper
1242 3989 1400 4054 adsit,
1445 4001 1499 4045 et
1535 3999 1730 4060 praesto
1761 3990 1829 4045 sit
1867 3989 1934 4045 ad
1964 3989 2147 4046 feren-

568 4080 992 4141 dum-auxilium.
1020 4080 1226 4136 Deinde
1251 4081 1539 4137 ostendens
1564 4082 1825 4152 insignem
1849 4081 2144 4148 victoriam,

568 4180 618 4226 et
644 4185 906 4225 summam
932 4172 1294 4239 securitatem,
1317 4188 1423 4227 non
1453 4172 1606 4238 dixit,
1631 4172 1865 4228 Servasti
1894 4189 1978 4229 me
2007 4190 2020 4226 ε
2054 4175 2148 4230 sed

562 4265 728 4336 quid?
751 4265 1079 4320 :Obumbrasti
1106 4281 1125 4320 :
1153 4265 1256 4321 hoc
1284 4277 1386 4330 est,
1427 4275 1484 4320 ιιι
1513 4282 1580 4321 ne
1617 4267 1890 4322 minimam
1930 4265 2146 4337 quidem

563 4357 864 4413 molestiam
887 4344 1228 4422 suStinerem,
1247 4357 1498 4424 effecisti,
1521 4372 1582 4412 ac
1603 4374 1668 4413 ne
1689 4368 1876 4414 aestum
1895 4359 2106 4429 quidem
2128 4377 2142 4413 :

561 4446 658 4502 sed
680 4462 768 4502 me
795 4448 848 4502 in
881 4456 1024 4502 tanta
1049 4449 1356 4514 securitate,
1385 4457 1439 4504 et
1469 4463 1571 4502 una
1611 4463 1732 4504 cum
1777 4452 2063 4508 securitate
2093 4452 2143 4506 in

563 4550 706 4597 tanta
729 4541 1064 4610 jucunditate
1099 4551 1152 4596 et
1191 4541 1354 4596 animi
1397 4542 1576 4614 quiete
1616 4543 1913 4608 collocasti,
1956 4552 2015 4598 ut
2045 4559 2146 4599 nec

562 4633 701 4688 ullus
730 4633 876 4687 calor
896 4633 1032 4688 .milti
1065 4633 1363 4689 molestiam
1408 4634 1708 4700 exhiberet,
1738 4634 1832 4689 sed
1875 4636 1928 4690 in
1958 4638 2143 4692 untbra

560 4723 798 4778 suaviter
824 4740 1056 4796 agerent,
1087 4726 1221 4782 liber
1247 4727 1450 4783 scilicet
1489 4743 1554 4782 ac
1581 4739 1822 4783 remotus
1852 4744 1885 4783 a
1911 4730 2064 4785 malis
2089 4739 2144 4786 et

559 4813 1257 4883 calamitatibuSuQuocirca
1287 4817 1563 4888 subjunxit
1611 4818 1763 4885 illud,
1793 4817 2140 4886 Obumbrasti,

560 4920 623 4960 ea
651 4905 857 4960 ratione
897 4907 1056 4960 etiam
1087 4907 1390 4977 significans
1427 4925 1585 4980 quam
1615 4923 1918 4979 promptum
1962 4920 2017 4966 et
2059 4927 2146 4967 ex-

559 4998 793 5070 peditum
826 4999 893 5052 sit
924 4999 1015 5054 Dei
1041 4999 1318 5064 auxilium,
1343 5016 1533 5071 nempe
1564 5017 1660 5073 per
1691 5002 1890 5057 umbra:
1920 5021 2137 5076 nomen,

559 5090 782 5162 perinde
825 5105 888 5146 ac
933 5091 978 5146 si
1025 5091 1251 5155 diceret,
1281 5092 1488 5147 Sufﬁcit
1531 5094 1576 5148 si
1621 5103 1825 5150 tantum
1870 5097 2038 5165 adsis,
2089 5108 2144 5155 et

555 5186 736 5242 omnia
760 5185 932 5241 soluta
971 5195 1144 5241 erunt.
1177 5184 1228 5242 9.
1261 5183 1382 5239 Non
1409 5185 1580 5242 trades
1600 5203 1696 5252 nte,
1727 5187 1962 5256 Domine,
1995 5208 2027 5244 a
2055 5192 2141 5246 de-

553 5279 740 5335 siderio
767 5295 875 5333 meo
914 5279 1183 5349 peccaturi.
1218 5278 1388 5344 Alius,
1421 5277 1504 5333 Ne
1533 5279 1640 5344 des,
1671 5278 1906 5346 Domine,
1938 5283 2138 5338 deside-

546 5370 633 5422 ria
662 5370 840 5437 injusti
881 5363 987 5440 (a):
1015 5369 1171 5435 Quod
1213 5379 1388 5424 autem
1433 5369 1582 5436 dicit,
1617 5381 1700 5427 cst
1738 5372 1995 5442 ejusmodi
2025 5395 2037 5429 :
2062 5375 2139 5431 Ne

553 5461 818 5516 concedas
836 5459 888 5514 ei
908 5459 1226 5516 desiderium
1257 5476 1413 5516 suum
1442 5472 1628 5516 contra
1666 5478 1772 5528 tne,
1804 5463 1851 5517 id
1880 5471 1982 5530 est,
2010 5468 2139 5532 Qum

553 5549 813 5607 adversus
840 5564 926 5603 me
950 5549 1241 5616 desiderat,
1269 5569 1336 5608 nc
1365 5554 1643 5621 permittas
1671 5563 1724 5608 ut
1750 5554 1863 5624 ipse
1894 5556 2134 5626 impleat.

553 5638 665 5695 Non
685 5640 821 5696 dixit
851 5650 1028 5696 autem
1057 5657 1175 5712 qua:
1195 5643 1482 5712 desidet-at,
1506 5646 1622 5714 sed,
1657 5646 1699 5699 A
1729 5646 1974 5702 desiderio
2004 5665 2133 5715 meo,

612 5812 685 5876 (a)
719 5818 833 5864 ttat:
854 5814 1191 5880 interpretatio
1215 5831 1284 5872 est
1299 5821 1571 5881 Symmachi
1598 5832 1650 5877 et
1682 5827 2038 5882 'rlteodotionis.

1339 375 1392 430 S.
1435 374 1712 431 .lOANNlS
1747 371 2214 431 GIIRYSOSTOMI
2247 373 2557 435 ARCHIEP.
2601 381 3129 441 (LONSTANTINUP.
3669 409 3732 464 tu

2292 491 2476 546 volens
2531 495 2637 550 tale
2681 499 2804 568 quid
2850 502 3149 571 significare
3181 523 3192 558 :
3223 523 3287 561 nc
3336 511 3554 568 tantillum
3591 520 3735 587 quidem

2281 588 2613 640 concesseris
2646 605 2852 657 eorum,
2883 609 3001 662 quae
3040 596 3324 652 desiderat.
3351 601 3486 658 Tales
3513 609 3623 663 enim
3655 628 3737 671 sunt

2281 673 2509 744 improbi
2539 695 2551 730 :
2581 693 2702 733 cum
2745 684 2974 738 maxima
3011 688 3297 756 cupiditate
3324 690 3369 745 iit
3398 697 3638 763 proximum
3666 721 3740 758 tuu-

2279 763 2481 820 liuntur
2508 769 2745 836 insidias,
2777 776 3222 842 quemadmodum
3260 780 3480 838 diabolus
3501 802 3677 858 quoque,
3697 795 3739 848 de

2277 869 2383 950 quo
2409 858 2536 912 dicit
2565 878 2577 914 :
2610 859 2798 916 Circuit
2818 874 3074 936 tamquam
3104 870 3181 923 leo
3213 873 3422 942 rugiens,
3450 892 3632 946 querens
3647 898 3742 950 quati

2276 947 2476 1002 devoret
2497 952 2574 1020 (l.
2605 951 2748 1006 l’etr.
2786 955 2838 1010 5.
2870 957 2945 1026 8).
2975 959 3045 1012 lta
3076 959 3178 1014 Job
3196 964 3378 1032 cupide
3407 980 3636 1036 aggressus
3655 947 3740 1028 est:

2280 1037 2351 1092 ita
2395 1041 2555 1095 etiam
2582 1042 2649 1096 de
2694 1044 2850 1100 Petro
2886 1048 3188 1105 invadettdo
3229 1055 3566 1112 consultabat:
3592 1070 3634 1113 et
3667 1063 3743 1116 ideo

2275 1127 2490 1185 diccbat
2519 1150 2532 1186 ε
2565 1133 2773 1199 Quoties
2815 1139 3046 1207 expetivit
3073 1151 3120 1194 te
3144 1153 3344 1200 satanas
3369 1147 3561 1202 cribrare
3587 1161 3630 1203 tit
3656 1154 3740 1205 triti-

2273 1236 2388 1274 cum
2417 1221 2571 1290 (Luc.
2595 1224 2684 1277 22'.
2710 1227 2843 1298 3f)?
2873 1227 3054 1284 Vidisti
3087 1245 3338 1302 quantam
3376 1237 3584 1294 habuerit
3604 1244 3741 1310 cupidi-

2275 1317 2472 1370 tatem?
2509 1319 2643 1372 Sunt
2681 1321 2840 1376 etiam
2888 1323 3136 1380 homines
3168 1329 3258 1397 qui
3289 1331 3467 1385 invidia
3505 1333 3684 1400 adducti,
3710 1348 3743 1389 et

2273 1405 2413 1475 quod
2456 1408 2610 1462 malis
2659 1410 2905 1468 laetentur
2948 1415 3087 1471 illius
3135 1420 3316 1474 vitium
3361 1421 3613 1477 imitantur.
3651 1425 3747 1492 Quis

2272 1496 2485 1565 quidem
2508 1499 2730 1555 utiser0s
2755 1506 2988 1571 appellat
3008 1508 3281 1577 Scriptura
3305 1511 3492 1576 dicens,
3526 1513 3594 1568 Vae
3613 1517 3675 1584 qui
3690 1518 3745 1570 fr-

2277 1590 2455 1642 tamini
2480 1593 2648 1657 malis,
2677 1596 2764 1664 qui
2793 1597 3112 1654 defectamini
3135 1602 3188 1654 in
3232 1605 3471 1659 eversione
3493 1607 3747 1676 improborum

2272 1678 2454 1750 (Prov.
2485 1683 2537 1739 2.
2570 1685 2698 1756 is);
2747 1687 2903 1758 idque
2938 1693 3129 1746 merito
3159 1713 3170 1746 :
3197 1694 3300 1750 hoc
3327 1705 3407 1750 est
3438 1698 3560 1752 enim
3582 1700 3688 1768 pravi
3713 1710 3748 1750 et

2270 1777 2506 1846 corrupti
2545 1779 2731 1834 animi.
2772 1782 2828 1836 Si
2859 1783 2999 1837 enim
3023 1785 3329 1854 dolendum,
3372 1790 3749 1860 ingemisoendutn,

2269 1864 2573 1923 deflendum
2609 1881 2692 1924 est
2729 1885 2949 1942 propter
2977 1890 3072 1930 eos
3097 1879 3186 1948 qui
3214 1889 3448 1948 pereunt,
3471 1896 3602 1950 quam
3623 1895 3748 1934 conse-

2268 1969 2500 2029 quentur
2521 1963 2748 2030 veniam,
2779 1976 2868 2020 aut
2891 1983 2990 2037 qua
3017 1979 3236 2026 utentur
3263 1971 3566 2038 defensione,
3585 1972 3654 2043 qui
3676 1983 3748 2024 latr

2270 2059 2380 2106 tum
2403 2053 2552 2108 abest
2580 2064 2639 2110 ut
2667 2072 2852 2113 eorum
2877 2059 3252 2131 misereantur,
3283 2064 3506 2120 utetiam
3527 2065 3747 2135 gaudeam?

2267 2144 2459 2200 Annon
2487 2147 2666 2202 vidisti
2699 2149 2870 2220 ipsum
2899 2167 3108 2224 quoque
3132 2155 3404 2212 Christum
3426 2171 3533 2212 cum
3559 2166 3669 2211 esset
3687 2170 3749 2224 [lit-

2268 2234 2476 2296 niturus
2500 2279 2516 2305 ,
2562 2238 2761 2295 deflere
2813 2253 3124 2312 pereuntem
3168 2245 3494 2303 Jerusalem?
3543 2263 3628 2302 non
3655 2247 3748 2299 vides

2267 2325 2426 2381 etiam
2468 2327 2687 2384 Paulum
2732 2343 2952 2404 propter
2976 2335 3203 2392 aliorum
3243 2339 3505 2394 interitum
3531 2345 3748 2409 gementem

2267 2429 2322 2473 et
2357 2419 2667 2489 lugentem?
2707 2423 2813 2478 Sed
2843 2434 2967 2480 sunt
3017 2430 3262 2484 nonnulli
3306 2430 3436 2486 adeo
3465 2429 3749 2500 depravati,ttt

2268 2524 2490 2566 suorum
2537 2515 2796 2570 malorum
2840 2516 3085 2573 solatium
3116 2520 3320 2576 alienas
3360 2533 3598 2576 :erumnas
3629 2516 3748 2573 existi.

2267 2610 2435 2657 ment.
2466 2601 2822 2674 Cogitauerunt
2863 2618 3040 2663 contra
3065 2627 3163 2676 me,
3205 2629 3270 2666 ne
3308 2613 3596 2682 derelinquas
3626 2625 3694 2674 me.
3714 2622 3750 2658 ιιι

2268 2695 2399 2764 forte
2433 2697 2716 2752 exaltentur
2743 2715 2940 2769 semper
2977 2701 3081 2772 (a).
3126 2703 3238 2759 Hoc
3275 2706 3416 2760 enini
3445 2706 3536 2759 sibi
3563 2705 3650 2759 vult
3669 2700 3748 2754 Ditt-

2266 2787 2483 2857 psalmo.
2513 2789 2682 2858 Alius,
2715 2790 2798 2846 Ne
2820 2793 3072 2862 discedas,
3098 2812 3160 2850 ne
3177 2797 3310 2864 forte
3329 2796 3607 2852 exaltentur.

2340 2876 2606 2934 Meditatio
2633 2881 2685 2934 in
2711 2882 2842 2936 vitiis
2862 2884 3116 2953 pessima;
3143 2886 3324 2941 uitium
3350 2889 3441 2942 sibi
3466 2887 3554 2957 ipsi
3570 2891 3748 2955 patiam.

2265 2998 2338 3010 —
2367 2968 2477 3025 Hoc
2523 2982 2606 3026 est
2649 2973 2894 3032 scelerati
2932 2985 2986 3030 et
3032 2981 3271 3048 corrupti
3315 2979 3494 3046 animi,
3533 2975 3696 3050 quando
3721 2982 3754 3026 ct

2265 3062 2492 3117 consilio
2534 3072 2590 3118 et
2630 3065 2741 3120 otio
2782 3077 2836 3121 et
2874 3067 3220 3125 meditatione
3259 3086 3397 3142 opus
3431 3069 3590 3126 estad
3615 3067 3751 3121 vitium.

2264 3151 2380 3208 Non
2427 3155 2698 3212 sufficiunt
2737 3174 2856 3228 quae
2899 3170 3117 3231 repente
3160 3162 3341 3221 fiunt:
3383 3179 3484 3218 non
3521 3162 3640 3216 enim
3672 3157 3755 3212 satis

2264 3253 2386 3300 sunt
2419 3244 2486 3300 ad
2529 3261 2627 3303 nos
2655 3248 2956 3318 perdendos
2980 3267 3100 3322 qua:
3126 3261 3331 3310 temere
3373 3262 3425 3309 et
3460 3249 3754 3308 inconsiderate

2263 3342 2561 3406 patrantur,
2604 3340 2698 3396 sed
2743 3342 2990 3410 consilio,
3035 3353 3283 3416 tempore
3327 3357 3384 3404 et
3423 3341 3756 3403 consideratiouc

2264 3428 2358 3484 tibi
2377 3444 2511 3499 opus
2537 3442 2620 3486 est
2640 3431 2709 3488 ad
2737 3432 2942 3489 vitium.

2333 3522 2387 3576 4.
2428 3521 2670 3591 Quanam
2717 3541 2848 3597 ergo
2885 3528 3048 3583 uteris
3075 3528 3409 3599 defensione,
3450 3546 3560 3587 cum
3597 3524 3758 3581 studium

2261 3622 2316 3670 et
2339 3613 2666 3687 diligentiam
2696 3618 2940 3688 adhibes,
2971 3629 3028 3676 ut
3059 3623 3248 3678 vitium
3291 3637 3555 3687 exerceas,
3591 3626 3758 3682 cum!”

2259 3705 2415 3761 malis
2452 3708 2707 3763 faciendis
2749 3711 3041 3783 consultas,
3080 3722 3137 3767 et
3181 3717 3363 3770 socios
3395 3708 3659 3769 adsciscis?
3689 3702 3756 3760 Sed

2257 3796 2379 3853 vide
2393 3797 2544 3853 istius
2561 3797 2934 3856 humilitatem.
2950 3800 3066 3858 Non
3090 3801 3222 3859 dixit
3238 3807 3404 3870 enim,
3423 3804 3494 3859 Ne
3508 3801 3759 3864 derelinquas

2259 3904 2366 3954 me,
2394 3892 2646 3960 quoniam
2667 3907 2784 3947 sum
2809 3893 3023 3965 dignus,
3057 3912 3126 3952 ne
3149 3912 3238 3954 me
3269 3898 3594 3968 derelinquas
3610 3897 3762 3965 ρωριθτ

2255 3983 2418 4038 vitam
2451 3984 2504 4039 iit
2534 3984 2730 4042 virtute
2772 3999 2945 4042 actam
2973 4006 2985 4042 :
3014 3988 3108 4044 sed
3144 3990 3310 4058 quid?
3342 3990 3423 4045 Ne
3451 3994 3572 4061 forte
3595 3983 3757 4041 muen-

2257 4085 2379 4141 tur;
2409 4074 2512 4132 hoc
2548 4085 2650 4144 est,
2680 4076 2758 4133 Ne
2788 4079 2917 4133 fiant
2942 4082 3361 4151 arrogantiores,
3395 4092 3449 4138 et
3475 4096 3540 4136 ne
3576 4079 3620 4133 in
3645 4071 3761 4140 "1330'

2254 4180 2368 4221 rem
2397 4167 2668 4237 erigantur
2694 4167 3031 4224 insolentiam
3076 4180 3296 4241 propter
3335 4153 3504 4228 meam
3529 4164 3761 4225 derelictioo

2255 4272 2398 4312 item.
2435 4259 2523 4314 i0.
2550 4256 2718 4328 Caput
2742 4262 2983 4317 circuitus
3015 4279 3209 4330 eorum,
3250 4266 3395 4320 labor
3424 4264 3646 4318 labiorum
3666 4258 3760 4326 ipso-

2253 4366 2366 4404 rum
2392 4351 2579 4422 aperiet
2605 4369 2707 4407 eos.
2745 4353 2917 4421 Alius,
2959 4354 3294 4412 Exacerbatio
3324 4375 3494 4413 eorum
3517 4356 3592 4428 qui
3617 4367 3677 4404 me
3696 4347 3761 4400 τίν’

2252 4443 2514 4511 cumdant,
2565 4444 2708 4498 labor
2755 4445 3003 4500 labiornm
3039 4447 3266 4516 ipsorum
3312 4451 3505 4521 aperiat
3548 4450 3661 4519 ipsa:
3699 4438 3762 4508 (⁶)υ

2201 4566 2210 4572 -
2251 4533 2547 4590 Circuitum
2587 4535 2673 4590 hic
2702 4536 2831 4592 dicit
2872 4549 3214 4606 conventum,
3257 4555 3581 4603 consessum,
3619 4537 3760 4601 immo.

2252 4627 2374 4681 bam
2419 4627 2710 4696 officinam,
2761 4631 2986 4686 scelesta
3021 4633 3266 4687 consilia.
3297 4633 3453 4702 Quod
3489 4640 3644 4687 autem
3679 4619 3762 4678 dicit

2250 4728 2336 4775 est
2374 4720 2636 4790 ejusmodi
2671 4738 2686 4776 :
2721 4722 2840 4792 Ipsa
2886 4723 3144 4778 scelerata
3191 4727 3439 4792 consilia,
3483 4734 3535 4779 et
3569 4726 3696 4789 caput
3726 4724 3764 4763 ac

2251 4829 2457 4868 summa
2490 4814 2718 4885 improbi
2740 4825 2796 4870 et
2820 4817 3094 4886 depravati
3130 4819 3318 4886 animi,
3345 4820 3459 4890 ipsa
3480 4832 3567 4874 eos
3594 4805 3765 4870 obrucril

2250 4915 2305 4960 et
2330 4905 2642 4975 perdiderit.
2675 4906 2846 4963 Labor
2887 4909 3135 4964 labiorum
3177 4911 3429 4981 ipsorum.
3461 4909 3687 4966 Laborem
3711 4897 3764 4950 hic

2249 5005 2408 5050 vocat
2452 4997 2871 5066 improbitatem.
2906 4999 3013 5057 Res
3042 5009 3125 5057 est
3156 5003 3300 5057 enim
3329 4998 3587 5072 ejusmodi
3620 4996 3764 5060 impru-

2251 5090 2434 5145 bitas:
2469 5091 2622 5146 affert
2665 5092 2715 5147 ei
2759 5094 2849 5161 qui
2898 5093 3043 5148 illaut
3095 5094 3338 5165 possidet
3393 5095 3617 5153 exitium,
3656 5097 3697 5140 ct
3729 5085 3764 5131 ιιι

2247 5183 2503 5238 obruatur
2533 5183 2713 5240 efficit.
2757 5185 2870 5241 Hoc
2907 5185 2959 5240 in
3003 5186 3166 5241 David
3203 5188 3418 5243 accidit.
3449 5173 3764 5256 Exspectabam

2246 5276 2392 5330 enim
2421 5276 2534 5331 fore
2560 5286 2614 5331 ut
2657 5276 2710 5330 in
2754 5277 2892 5331 mala
2923 5277 3234 5348 gravissima
3257 5277 3554 5334 incideret:
3584 5273 3657 5326 illc
3681 5273 3764 5318 vero

2245 5369 2416 5424 evasit
2442 5369 2656 5423 clarior.
2683 5366 2864 5436 Certe,
2897 5370 3087 5440 inquit,
3115 5369 3214 5426 sed
3245 5369 3351 5427 hoc
3372 5384 3479 5425 non
3496 5376 3656 5439 quatro
3678 5366 3764 5414 εἴθ·

2309 5520 2381 5585 (a)
2406 5523 2612 5584 Semper
2640 5519 2782 5585 (τὶιεί)ἒ
2812 5520 2918 5571 Hoc
2942 5533 3003 5570 ex
3033 5519 3225 5585 Aquila
3255 5517 3480 5585 editione
3510 5512 3761 5585 ἀβεωΡΡῘυξτ]

2245 5567 2601 5648 εεὲένῖᾱέιῖιῖιζ
2624 5567 2912 5648 made};
2944 5567 3228 5648 satisnec
3262 5567 3586 5648 niapsalutate
3613 5567 3762 5648 vitii?!

2282 5632 2363 5710 ttat
2388 5632 2542 5710 paulo
2561 5632 2680 5710 ante
2706 5642 3010 5710 dicebamus.
3049 5644 3167 5710 Haec
3188 5654 3338 5706 porro
3361 5632 3523 5710 'lectio
3551 5641 3596 5687 in

2282 5659 2360 5695 uie
2388 5659 2538 5708 pauto
2561 5659 2678 5694 ante
2706 5659 3010 5694 dicebamus.
3049 5659 3167 5694 Haec
3188 5659 3338 5706 porro
3375 5659 3523 5691 tecuo
3554 5659 3596 5687 ιιι
3621 5659 3759 5689 νυειεσι-

2246 5659 2557 5758 Ἇιιιὶοοιιειιιι
2603 5704 2825 5754 editione
2869 5703 3021 5755 fuisse
3062 5704 3284 5764 videtur,
3329 5709 3387 5752 ut
3427 5701 3524 5751 alia
3559 5695 3687 5745 multa
3719 5695 3759 5733 ει

2250 5767 2484 5830 Origenis
2507 5766 2748 5829 Hexaplis
2770 5767 3046 5830 desumpta.

2314 5827 2384 5892 (ὁ)
2411 5829 2528 5880 Hac
2559 5827 2910 5892 interpretatio
2931 5827 3008 5878 est.
3024 5829 3168 5892 juxta
3199 5827 3556 5890 Symmachum.
