3928 6412
209 311 300 370 625

206 442 309 484 rum
331 422 539 480 ostende
560 418 823 491 quomodo
842 418 1057 491 proprio
1076 418 1298 474 consilio
1323 415 1559 472 confossi
1584 415 1756 486 perie-

208 525 335 581 rant,
377 523 428 569 et
463 512 545 567 dic
595 511 683 567 ubi
728 511 827 566 hoc
856 509 1115 566 evenerit.
1148 509 1207 564 ln
1251 509 1503 565 fratribus
1530 507 1753 579 Joseph.

205 609 321 663 Cum
345 606 474 661 enim
496 603 690 660 vellent
710 620 828 659 cum
854 619 1068 659 servum
1093 602 1268 658 facere
1295 618 1359 657 ac
1383 601 1631 674 perdere,
1656 600 1758 671 ipsi

206 708 476 753 extremum
504 695 796 765 periculum
839 694 1108 748 adierunt.
1141 692 1301 763 Atqui
1345 700 1401 747 et
1441 692 1494 746 in
1524 691 1757 747 servitu-

204 801 297 847 tem
322 798 371 845 et
410 789 461 843 in
490 797 734 852 mortem,
761 797 1014 857 quantum
1042 786 1097 840 in
1140 785 1219 841 eis
1245 784 1363 850 fuit,
1394 784 1484 840 ille
1508 783 1758 839 detrusus

200 892 291 938 est.
320 881 380 936 Et
407 880 634 936 Absalon
662 895 782 935 cum
810 878 1091 933 invasisset
1117 876 1480 949 tyrannidem,
1508 884 1565 932 et
1592 875 1756 930 vellet

203 983 384 1043 patrem
425 971 664 1043 perdere,
692 971 807 1041 ipse
838 974 932 1040 per
956 984 1075 1024 eam
1096 978 1282 1038 captus
1310 976 1411 1023 est.
1438 968 1524 1023 il.
1565 966 1759 1022 Cadent

201 1082 335 1134 super
359 1080 438 1117 eos
466 1062 703 1117 carbones
728 1062 859 1132 ignis
882 1078 902 1115 :
922 1062 972 1114 in
998 1061 1163 1132 ignem
1192 1059 1395 1127 dejicies
1423 1060 1577 1127 ipsos.
1606 1056 1761 1126 Quod

200 1155 332 1219 dicit,
361 1165 439 1209 est
463 1152 722 1224 ejusmodi
750 1172 763 1207 :
795 1151 1001 1207 Sufﬁcit
1022 1150 1237 1222 quidem
1259 1151 1343 1205 vel
1368 1150 1540 1221 ipsum
1571 1149 1760 1204 vilium

200 1246 257 1300 ad
305 1260 392 1300 eos
437 1244 756 1315 perdendos,
808 1245 896 1313 qui
950 1244 1125 1312 ipsum
1168 1240 1760 1317 complectunturgsed

198 1354 302 1392 cum
350 1352 414 1393 eo
456 1338 583 1391 iram
625 1351 836 1408 quoque
887 1335 1144 1390 divinitus
1193 1334 1484 1389 immissam
1529 1333 1761 1388 sustine-

196 1429 330 1484 bunt.
358 1429 621 1486 Carbones
645 1441 824 1484 autem
856 1428 992 1498 ignis
1018 1438 1071 1482 et
1099 1433 1272 1498 lguem
1297 1427 1382 1483 hic
1411 1427 1539 1483 dicit
1560 1426 1756 1496 supplic

197 1523 341 1587 cium,
364 1521 504 1592 quod
525 1537 555 1576 a
588 1521 721 1576 cmlo
749 1520 1066 1574 immittitur.
1104 1520 1259 1590 Szrpe
1287 1527 1465 1574 autem
1491 1533 1611 1573 cum
1644 1518 1761 1588 ipso

197 1628 386 1683 quoque
414 1614 533 1683 igne
572 1611 866 1667 immissum
892 1620 995 1676 est,
1025 1620 1087 1664 ut
1125 1609 1318 1664 accidit
1346 1609 1487 1664 circa
1524 1609 1775 1677 Dathan,_

196 1702 335 1764 Core.
363 1712 413 1758 ct
435 1702 659 1768 Abiron,
687 1710 741 1756 et
767 1703 907 1756 circa
931 1717 1024 1756 eos
1050 1701 1139 1771 qui
1168 1701 1439 1756 fornacem
1472 1700 1759 1773 Babyloni-

195 1810 296 1848 cam
330 1794 809 1850 circumsistebant.
854 1792 916 1847 In
967 1793 1201 1859 miseriis,
1241 1802 1287 1847 et
1327 1810 1427 1847 non
1472 1793 1758 1851 subsistent.

194 1887 345 1953 Alius,
372 1886 565 1941 Cadent
590 1889 642 1940 in
671 1890 861 1957 foveas,
894 1904 959 1941 ne
985 1895 1249 1958 resurgant
1281 1884 1377 1960 (a).
1422 1886 1605 1952 Alius,_
1626 1884 1761 1941 Pro-

195 1996 313 2048 pere,
342 1992 513 2034 etnon
546 1980 925 2034 resnrrexerint.
961 1978 1269 2034 Secundum
1295 1994 1461 2034 unum
1500 1980 1760 2049 interpre‘

194 2079 284 2126 tem
322 2074 434 2128 talis
474 2081 559 2127 est
595 2072 857 2127 sententia
891 2090 905 2126 :
935 2071 1010 2126 lta
1043 2087 1135 2127 eos
1165 2072 1347 2142 perde,
1394 2081 1456 2129 uti
1494 2087 1600 2131 non
1641 2087 1759 2127 am-

190 2163 310 2230 plius
337 2175 636 2235 resurgant.
661 2163 966 2220 Secundum
988 2164 1213 2218 alterum
1235 2178 1386 2231 vero,
1415 2163 1546 2219 Cum
1570 2179 1778 2235 magna.

190 2254 441 2310 cvleritate
468 2273 484 2312 :
522 2256 623 2310 hoc
648 2255 791 2311 enim
821 2254 921 2309 sibi
948 2255 1057 2310 vult
1091 2254 1241 2320 illud,
1267 2252 1514 2323 Propere.

249 2329 451 2419 Lingua:
474 2349 790 2419 petulantia;
819 2358 1076 2417 peccatum
1099 2347 1349 2402 venationi
1383 2364 1474 2403 cur
1499 2364 1762 2418 compare-

190 2439 444 2493 ειη-12.
477 2437 572 2492 Vir
599 2441 860 2510 linguosus
906 2455 1006 2494 non
1049 2439 1292 2509 dirigetur
1327 2439 1380 2493 in
1426 2448 1574 2497 terra.
1607 2439 1764 2499 Post-

188 2544 326 2596 quam
351 2530 481 2586 dixit
507 2530 574 2584 de
605 2529 679 2584 ira
712 2530 827 2595 Dei,
870 2530 1102 2585 ostendit
1147 2543 1330 2585 rursus
1372 2530 1543 2600 ipsum
1581 2546 1676 2600 per
1701 2545 1761 2586 se

189 2619 349 2675 vitium
387 2621 659 2687 sufﬁcere,
704 2630 760 2676 ut
803 2621 885 2676 sui
933 2634 1272 2691 possessores
1310 2620 1514 2691 perdat.
1542 2621 1655 2676 Non
1678 2629 1762 2677 est

186 2722 341 2768 autem
370 2713 470 2770 hoc
503 2731 717 2786 quoque
743 2730 960 2786 parvum
1005 2728 1172 2784 genus
1212 2713 1587 2783 improbitatis,
1640 2729 1761 2768 esse

185 2804 325 2859 nimis
367 2807 719 2872 insolentem,
757 2816 810 2862 et
854 2807 1084 2875 linguam
1133 2821 1238 2860 nou
1279 2820 1436 2875 posse
1486 2804 1757 2860 Celtibere.

184 2896 485 2969 Ianguosum
519 2901 660 2955 enim
696 2900 780 2954 hic
810 2898 937 2953 dicit
969 2898 1238 2952 hominem
1280 2896 1630 2968 petulantem,
1663 2912 1759 2950 nu-

184 2997 423 3057 gatorem,
473 2987 819 3054 maledicum,
872 2991 960 3062 qui
1010 2990 1165 3044 latrat
1210 2988 1444 3054 assidue,
1489 2988 1578 3059 qui
1626 3002 1759 3042 caue

185 3079 330 3134 nihilo
353 3090 435 3137 est
465 3082 663 3137 melius
688 3082 930 3138 affectus.
981 3081 1072 3136 Dic
1116 3096 1246 3152 ergo
1287 3081 1460 3151 qualis
1510 3088 1593 3135 cst
1642 3081 1759 3150 ejus

184 3168 382 3228 h'uctus.
430 3172 562 3227 Non
609 3173 873 3244 dirigetur,
916 3174 1107 3243 inquit,
1160 3173 1211 3226 in
1257 3180 1420 3232 terra.
1460 3172 1611 3231 Alius
1654 3172 1753 3242 (ὁ),

183 3264 616 3332 Nonstabilietur,
646 3266 747 3321 hoc
775 3276 875 3331 est,
920 3265 1216 3335 dejicietur,
1268 3273 1560 3330 evertetur,
1612 3263 1756 3333 peri-

182 3351 263 3408 bit.
311 3357 403 3412 llic
447 3368 540 3413 est
588 3359 787 3412 fructus
829 3356 1069 3410 maledici
1106 3365 1233 3411 :est
1268 3353 1516 3409 omnibus
1550 3354 1755 3421 hostis,

179 3450 403 3505 omnibus
429 3452 707 3516 molestus,
746 3449 924 3522 gravis
948 3459 1000 3504 et
1029 3445 1758 3515 acerbus.Quemadmodum

179 3555 292 3610 ergo
318 3544 523 3613 quiest
555 3543 722 3607 luitis,
772 3541 976 3612 patiens
1019 3549 1073 3595 et
1123 3539 1280 3605 leuis,
1321 3547 1375 3594 et
1414 3538 1516 3592 scit.
1557 3546 1754 3604 tacere,

180 3640 309 3689 tutus
352 3645 452 3699 est,
503 3644 691 3707 gratus
731 3643 784 3689 et
809 3632 1077 3701 jucundus
1099 3630 1347 3686 omnibus
1379 3647 1394 3686 :
1424 3630 1494 3684 ita
1521 3630 1608 3700 qui
1639 3629 1758 3684 talis

178 3732 268 3791 est,
299 3726 453 3781 vitam
484 3727 608 3796 agit
630 3724 887 3780 lubricam
918 3735 973 3778 et
1001 3723 1153 3777 valde
1184 3722 1567 3792 periculosam,
1595 3721 1755 3776 undi-

175 3828 267 3884 que
287 3817 702 3875 innumerabiles
730 3815 1065 3873 inimicosad
1106 3830 1165 3869 se
1195 3828 1475 3869 accersens
1504 3822 1559 3868 et
1585 3821 1753 3867 attra-

178 3904 317 3976 hens,
363 3918 423 3967 et
458 3918 590 3964 ante
634 3908 766 3963 alios
804 3923 952 3962 suam
995 3906 1227 3963 animam
1256 3904 1599 3967 eonturbans,
1651 3920 1766 3961 non.

176 4000 341 4056 sincns
371 4018 490 4058 eam
525 4003 821 4072 quiescere,
851 4000 944 4055 sed
986 4000 1145 4054 etiam
1188 3998 1334 4052 nullo
1370 3998 1418 4051 ei
1458 3996 1756 4054 molestiam

178 4093 476 4162 exhibente,
532 4093 950 4149 inmimerabiles
978 4091 1231 4146 tumultus
1260 4099 1314 4145 et
1339 4090 1471 4145 bella
1501 4090 1640 4143 intus
1667 4104 1760 4143 ex-

177 4183 351 4241 citans.
433 4185 618 4240 Virum
666 4185 908 4255 injustam
964 4182 1100 4239 mala
1158 4181 1356 4248 capient
1392 4181 1444 4234 in
1480 4179 1756 4234 interitum.

179 4274 243 4326 lta
274 4278 427 4331 etiam
458 4277 597 4333 dicit
623 4274 762 4331 alius
784 4274 997 4345 sapiens
1027 4291 1040 4328 :
1065 4271 1364 4345 Iniquitatcs
1390 4271 1550 4324 virum
1574 4270 1761 4323 uenan-

178 4372 250 4418 tur
288 4368 373 4437 (r).
410 4369 549 4422 Vide
588 4380 773 4422 rursus
799 4364 981 4419 vitium
1011 4362 1260 4419 sufﬁcere
1284 4359 1499 4421 adeum
1538 4358 1762 4430 perden-

173 4450 286 4503 dum
312 4453 399 4521 qui
432 4453 485 4505 id
522 4451 705 4504 habet.
754 4448 861 4505 Sed
908 4463 1010 4516 qua
1042 4448 1110 4502 de
1142 4463 1299 4503 causa
1341 4448 1518 4518 posuit
1563 4463 1756 4504 nomen

172 4542 499 4597 venationis?
552 4540 618 4595 Ut
660 4540 842 4594 videas
888 4539 939 4594 id
992 4554 1115 4595 esse
1162 4540 1491 4606 inevitabile,
1526 4549 1583 4594 ut
1629 4543 1755 4606 etsi,

172 4644 281 4685 cum
313 4634 512 4702 injuste
547 4640 598 4687 te
625 4646 805 4700 geras,
840 4646 945 4687 non
999 4631 1174 4685 statim
1224 4630 1449 4698 incidas,
1482 4646 1587 4685 non
1635 4631 1757 4688 ideo

170 4722 239 4777 sis
274 4725 412 4779 bono
446 4735 503 4780 et
533 4725 720 4783 lidenli
757 4724 958 4779 animo.
990 4725 1137 4779 Talis
1184 4724 1328 4780 enim
1377 4736 1459 4780 est
1501 4725 1751 4780 venatio:

169 4827 264 4868 non
317 4833 573 4887 semper,
625 4832 723 4871 nec
772 4817 1014 4885 protinus
1062 4816 1522 4885 assequiturzsed
1572 4825 1750 4873 tamen

168 4909 401 4969 quamvis
448 4909 503 4963 in
553 4908 840 4965 venatione
883 4923 988 4961 non
1037 4909 1315 4975 capiantur
1363 4906 1523 4971 lene,
1564 4923 1632 4963 ne
1673 4909 1752 4965 sic

166 4997 368 5063 qoidem
393 5009 526 5054 ttuze
552 5009 697 5064 Sunt,
722 4999 845 5054 licet
873 5001 1079 5069 laqueis
1109 5000 1345 5054 nondum
1376 4999 1484 5053 sint
1511 4999 1752 5068 implica-

167 5097 246 5144 ιν.
277 5092 546 5147 haetiam
578 5109 683 5148 non
714 5093 949 5148 confidat
978 5093 1154 5147 anima
1203 5108 1321 5163 quae
1374 5094 1572 5161 injuste
1603 5092 1748 5161 facit,

165 5182 257 5233 etsi
287 5185 531 5237 nondum
560 5194 716 5253 capta
749 5185 854 5238 sit:
880 5184 1168 5255 aliquando
1201 5184 1344 5238 enim
1392 5182 1654 5254 capietur.
1689 5186 1748 5240 Si

164 5275 244 5329 vis
276 5279 327 5332 in
373 5289 491 5334 tuto
520 5296 660 5349 esse,
690 5295 842 5337 cessa
887 5279 1001 5335 hate
1031 5295 1210 5350 agere,
1240 5290 1293 5336 et
1336 5295 1526 5350 magna
1558 5279 1751 5336 frueris

182 5469 192 5480 ,
221 5410 290 5473 (α)
315 5411 434 5480 ηερε
463 5416 594 5480 prior
618 5414 961 5480 interpretatio
987 5412 1184 5480 videtur
1216 5426 1328 5480 esse
1353 5411 1492 5480 juxta
1516 5411 1771 5480 Theodm.

160 5474 355 5539 licuerit,
378 5476 496 5524 licet
515 5474 808 5539 aliquantum
829 5477 984 5525 variet
1007 5478 1053 5523 iu
1078 5474 1317 5537 llexaplis
1341 5476 1538 5538 nostris,
1567 5476 1651 5524 ubi
1677 5475 1748 5525 vi-

158 5531 302 5599 dcsis.
331 5537 586 5586 Posterior
598 5531 745 5597 'rujus
766 5540 824 5585 sit
850 5540 1118 5599 ignoratur.

218 5596 286 5661 (bl
314 5599 440 5661 Quis
465 5606 528 5647 sit
549 5601 624 5650 hic
645 5596 895 5661 interpres
921 5600 1190 5661 ignoratur.

220 5660 286 5717 (ε)
312 5660 430 5710 Haec
455 5663 611 5720 primo
634 5657 895 5721 conspectu
931 5657 993 5709 ἐκ
1031 5658 1125 5710 alio
1149 5660 1272 5708 libro
1300 5657 1746 5721 desumptavidcu-

290 5723 379 5830 Silari
413 5719 529 5772 sunt
549 5724 688 5786 juxta
728 5719 1190 5786 interpretation'm
1225 5721 1515 5783 Symmachi.
1541 5719 1666 5770 Vide
1697 5725 1744 5769 in

235 5796 327 5831 san
347 5798 407 5831 is.

204 5793 229 5829 c
235 5796 291 5831 ιθ
297 5793 407 5836 0115.

1262 296 1622 356 EXPOSlTlO
1660 295 1725 352 IN
1753 295 2073 355 PSALMUM
2109 297 2281 361 ςΧιη

3349 307 3460 366 426.

1865 416 2168 471 securitate.
2211 416 2319 472 Cur
2350 424 2524 472 autem
2552 416 2705 485 dixit,
2741 418 2807 473 In
2838 419 3149 475 interitum?
3187 421 3451 489 Quoniam

1863 508 2014 563 multi
2054 508 2335 576 capiuntur
2377 508 2443 563 ad
2483 510 2707 564 salutem
2739 528 2751 563 :
2784 512 2947 582 utqui
2975 511 3042 566 ab
3069 513 3348 582 apostolis,
3397 524 3455 569 ut

1863 600 1953 670 qui
1980 616 2010 654 a
2036 601 2234 656 sanctis
2268 600 2414 655 viris.
2462 602 2529 656 At
2555 618 2660 657 non
2693 604 2840 669 mali,
2870 604 3084 675 quando
3110 620 3203 660 eos
3229 615 3457 663 venatur

1867 693 2089 758 vitium;
2132 693 2226 749 sed
2269 693 2335 748 ad
2386 695 2674 764 perniciem
2718 706 2772 752 et
2811 696 3103 753 interitum.
3137 699 3201 754 Et
3229 714 3325 753 cur
3348 714 3451 758 non

1865 799 1898 840 e
1942 786 2164 857 vestigio
2215 785 2397 841 vitium
2443 788 2787 857 consequitur
2823 790 3187 861 supplicium?
3234 792 3455 864 Propter

1868 877 2078 935 Domini
2124 879 2483 936 clementiam.
2543 880 2598 936 Si
2643 881 2785 938 enim
2838 884 2996 941 vellet
3028 884 3094 940 de
3134 902 3457 958 unoquoque

1866 986 2052 1026 eorum
2110 973 2199 1042 qui
2268 980 2492 1043 peccant
2558 975 2801 1044 protinus
2860 977 3173 1047 supplicium
3216 995 3451 1047 sumere,

1864 1061 1973 1131 jam
2024 1063 2254 1118 maxima
2301 1079 2368 1118 ex
2425 1072 2575 1133 parte
2638 1064 2903 1121 sublatum
2968 1076 3111 1122 esset
3161 1068 3457 1128 humanum

1869 1168 2054 1220 genus.
2110 1154 2195 1209 15‘.
2259 1152 2481 1225 Cognoui
2543 1156 2663 1223 quia
2712 1156 2863 1225 faciet
2912 1156 3158 1214 Dominus
3197 1161 3473 1229 judicium,

1868 1241 2079 1311 inopum
2102 1252 2149 1296 et
2179 1236 2452 1300 vindictam
2490 1246 2919 1316 pauperum..M.
2954 1245 3309 1304 Verumtamen
3323 1253 3458 1323 justi

1870 1334 2241 1402 conﬁtebuntur
2295 1336 2489 1391 nomini
2543 1346 2650 1404 tuo,
2715 1346 2762 1393 et
2824 1338 3120 1395 liabitabunt
3177 1343 3303 1397 recti
3341 1360 3456 1399 cum

1870 1422 2014 1481 vultu
2055 1425 2372 1492 tuo.iAlius,
2416 1427 2569 1499 Apud
2619 1427 2813 1482 vultum
2869 1439 3031 1485 tuum.
3090 1431 3195 1488 Pro
3242 1433 3459 1489 Habita-

1870 1515 1993 1570 bunt
2039 1527 2239 1585 autem,
2280 1518 2417 1574 alius
2460 1519 2607 1586 dicit,
2647 1518 3025 1577 Permanebunt
3064 1523 3262 1597 (a),,et
3299 1526 3455 1596 alius,

1871 1605 2129 1662 Sedcbunt
2176 1623 2196 1662 :
2238 1617 2293 1663 et
2340 1624 2437 1679 pro
2478 1609 2701 1682 Cognovi
2726 1653 2741 1675 ,
2808 1612 2949 1669 Scio.
3002 1614 3264 1683 Quoniam
3312 1620 3464 1674 enim

1869 1698 2026 1765 dixit,
2082 1700 2439 1767 venabantur,
2481 1710 2537 1757 et
2576 1702 2849 1773 peribunt,
2891 1719 2991 1761 nec
3016 1707 3455 1766 ostendit-statim

1870 1788 2152 1846 imminere
2190 1792 2511 1863 suppliciqu
2543 1810 2557 1848 :
2587 1809 2656 1850 ne
2694 1795 2814 1864 quis
2851 1811 2917 1852 ex
2957 1799 3463 1859 crassioribusidco

1869 1879 2184 1938 redderetur
2228 1882 2616 1953 negligentior,
2667 1885 2943 1954 subjuuxit
2997 1889 3147 1957 illud,
3195 1889 3457 1963 Cagnovi,

1869 1974 2156 2029 ostendens
2202 1972 2252 2028 id
2294 1974 2512 2029 omnino
2556 1974 2810 2031 futurum.
2852 1976 2953 2045 Qui
2981 1980 3123 2034 enim
3155 1980 3345 2052 injuria
3382 1982 3461 2037 ai-

1870 2062 1993 2119 fecti
2031 2073 2176 2133 sunt,
2221 2082 2325 2120 non
2355 2066 2644 2121 manebunt
2672 2067 2844 2125 inulti.
2870 2069 3141 2140 Pauperes
3166 2082 3342 2129 autem
3372 2064 3460 2130 hic

1870 2173 1976 2213 non
2013 2158 2260 2229 intelligit
2303 2158 2547 2215 absolute
2584 2176 2867 2231 pauperes,
2924 2162 3017 2219 sed
3066 2179 3160 2220 eos
3192 2168 3282 2237 qui
3332 2176 3461 2221 sunt

1867 2248 2026 2304 valde
2066 2248 2314 2316 humiles,
2370 2250 2479 2319 qui.
2506 2261 2631 2308 sunt
2663 2251 2899 2308 contriti.
2944 2253 3068 2309 llaec
3093 2265 3268 2312 autem
3294 2257 3420 2313 dicit
3442 2300 3458 2322 .

1866 2357 1961 2398 eos
2000 2344 2089 2413 qui
2120 2342 2666 2413 injuriaal‘lieiuntur,
2714 2346 3017 2409 consolans,
3048 2357 3101 2401 et
3127 2362 3223 2404 eos
3251 2350 3339 2420 qui
3375 2349 3457 2406 fa-

1868 2434 2029 2489 ciunt
2055 2434 2325 2505 injuriam,
2374 2434 2651 2506 corrigens
2689 2435 3090 2506 admoneusque
3121 2455 3133 2490 :
3164 2446 3223 2493 ut
3251 2455 3350 2496 nec
3385 2439 3460 2497 illi

1868 2536 2085 2599 propter
2128 2542 2333 2581 moram
2360 2526 2666 2598 desperent,
2706 2543 2805 2584 nec
2830 2527 2882 2583 hi
2913 2540 3129 2601 pr0pter
3151 2532 3459 2591 dilationem

1867 2617 2161 2672 reddantur
2184 2617 2541 2673 socordiores.
2593 2618 2784 2673 Dilatio
2822 2621 2965 2675 enim
3006 2621 3155 2678 ducit
3192 2623 3257 2678 ad
3286 2627 3460 2696 paeni-

1870 2698 2091 2763 tentiam
2126 2726 2138 2762 :
2171 2724 2293 2764 eum
2333 2719 2511 2766 autem
2542 2710 2631 2781 qui
2660 2721 2983 2781 perseverat,
3028 2716 3180 2785 punit
3200 2718 3415 2787 gravius
3444 2741 3458 2776 :

1869 2803 2028 2875 idque
2062 2805 2273 2860 merito.
2326 2804 2539 2871 Quare?
2570 2804 2723 2873 Quod
2754 2821 2875 2860 cum
2907 2807 2956 2861 in
2984 2822 3043 2862 se
3073 2817 3270 2864 tantum
3301 2810 3457 2867 boni-

1867 2903 2029 2949 tatem
2067 2894 2348 2960 senserint,
2390 2910 2720 2965 nequaquam
2748 2897 2997 2953 mcliorcs
3022 2900 3307 2955 evaserint.
3349 2900 3457 2958 Co-

1866 2987 1972 3057 gita
2022 3002 2251 3054 namque
2298 2995 2492 3056 quanta
2537 2989 2606 3042 sit
2627 2988 2717 3044 Dei
2760 2989 3063 3054 clementia,
3111 2992 3325 3062 quando
3363 3011 3458 3051 eos

1867 3080 1956 3149 qui
1997 3086 2119 3133 sunt
2159 3078 2257 3133 sibi
2303 3078 2520 3145 addicti,
2572 3080 2712 3134 mala
2742 3081 2843 3149 pati
2888 3083 3161 3150 permittit,
3201 3100 3302 3140 nec
3330 3087 3459 3143 ulci-

1866 3172 2054 3238 scitur,
2093 3170 2275 3226 volens
2303 3179 2354 3225 te
2383 3171 2694 3240 pmuitentia
2722 3172 2997 3227 meliorem
3030 3173 3226 3230 facere.

1937 3262 2091 3317 Ratio
2130 3279 2161 3316 a
2212 3261 2316 3316 Deo
2356 3280 2458 3316 non
2495 3264 2765 3334 poscenda.
2805 3293 2879 3304 —
2927 3263 3278 3322 Verumtamen
3319 3269 3451 3339 justi

1865 3355 2237 3425 conﬁtebuntur
2282 3355 2475 3409 nomini
2526 3364 2631 3410 tuo.
2693 3354 2832 3423 Quid
2874 3365 2957 3411 est
2998 3357 3137 3426 quod
3180 3357 3343 3414 dicit?
3395 3360 3452 3417 In

1868 3464 2236 3521 quocumque,
2283 3447 2483 3518 inquit,
2517 3447 2784 3511 evenerit,
2819 3447 2892 3501 illi
2923 3458 3081 3519 agent
3102 3450 3301 3521 gratias
3324 3468 3338 3506 :
3361 3467 3456 3509 seu

1868 3539 2097 3595 viderint
2136 3538 2365 3593 humiles
2395 3536 2605 3607 injuriis
2633 3537 2751 3594 ail'ei
2771 3544 2881 3603 tos,
2914 3554 3007 3594 seu
3048 3541 3218 3597 malos
3246 3542 3413 3600 elatos
3436 3589 3451 3609 ,

1867 3647 1974 3689 non
2005 3632 2220 3701 exigant
2246 3631 2504 3684 rationem
2532 3643 2627 3684 cur
2655 3629 2742 3685 illa
2768 3630 2916 3683 liaut.
2947 3629 3058 3684 Hoc
3095 3641 3181 3686 est
3207 3634 3347 3688 enim
3371 3639 3456 3694 vel

1867 3724 2098 3778 maxime
2113 3722 2403 3790 justorum,
2424 3735 2639 3790 semper
2658 3729 2710 3775 et
2733 3720 2784 3773 in
2803 3720 3050 3775 omnibus
3064 3722 3260 3791 gratias
3275 3740 3455 3795 agerc.

1868 3817 1936 3871 Et
1963 3814 2256 3869 habitabant
2278 3813 2399 3868 recti
2420 3829 2534 3867 cum
2554 3812 2695 3867 uultu
2720 3821 2804 3865 tuo
2822 3827 2841 3865 :
2859 3812 2959 3866 hoc
2980 3822 3083 3878 est,
3107 3812 3276 3869 Tuum
3301 3830 3455 3874 aSse-

1869 3908 2016 3979 quuti
2046 3905 2319 3968 auxilium,
2354 3912 2408 3960 et
2434 3903 2502 3959 de
2532 3912 2583 3957 te
2613 3918 2734 3958 cum
2764 3903 2873 3958 suis
2903 3903 3095 3958 animis
3123 3905 3414 3975 cogitantes
3436 3948 3457 3976 ,

1868 4013 2082 4067 semper
2124 4006 2298 4050 tecum
2340 4004 2637 4061 versantes,
2682 4008 2713 4048 a
2754 4002 2809 4049 te
2841 4009 3127 4065 numquam
3166 3996 3455 4055 recedent:

1867 4087 2126 4162 quidquid
2154 4085 2412 4153 evenerit,
2445 4085 2577 4140 nihil
2605 4100 2853 4155 umquam
2875 4084 2955 4140 eis
2982 4100 3124 4155 aegre
3150 4085 3329 4154 fuerit,
3358 4105 3457 4145 nec

1868 4182 1935 4238 de
1964 4182 2043 4237 eis
2071 4196 2190 4251 quae
2238 4178 2517 4243 accident,
2567 4192 2818 4249 umquam
2862 4186 3171 4246 querentur.
3218 4177 3331 4235 Hoc
3375 4189 3489 4245 est,

1870 4274 2012 4329 enim
2040 4272 2202 4327 animi
2235 4269 2523 4326 immobilis
2543 4311 2557 4334 ,
2587 4268 2689 4324 hoc
2720 4269 2884 4323 lirmre
2911 4269 3105 4324 mentis
3132 4284 3196 4325 ac
3222 4270 3455 4342 stabilis,
3483 4334 3487 4339 ,

1870 4382 1978 4421 non
2019 4382 2241 4438 poscere
2284 4383 2315 4423 a
2354 4366 2579 4423 Domino
2614 4381 2798 4423 eorum
2840 4378 2958 4437 quae
2998 4360 3454 4444 liunta'ationem.

1864 4452 2126 4518 Quocirca
2176 4452 2386 4505 dicebat
2431 4452 2626 4508 Paulus
2668 4470 2680 4506 :
2721 4455 3100 4519 Verumtamen,
3131 4468 3164 4509 ο
3191 4460 3365 4522 homo,
3390 4463 3450 4521 tu

1861 4542 1975 4610 quis
2007 4558 2060 4594 es
2089 4542 2179 4610 qui
2200 4542 2509 4612 respondeas
2545 4541 2689 4597 Deo?
2714 4542 2979 4612 Numquid
3000 4545 3467 4618 dicit/igmentum.

1860 4632 2042 4700 ﬁgulo,
2096 4632 2200 4686 Cur
2246 4649 2324 4687 me
2363 4634 2528 4702 fecisti
2569 4635 2643 4688 sic
2670 4634 2846 4706 (Rom.
2884 4636 2935 4692 9.
2977 4635 3103 4709 20)?
3133 4637 3261 4692 lloc.
3290 4637 3449 4708 igitur

1861 4727 2024 4780 modo
2053 4740 2152 4780 nos
2194 4741 2406 4798 quoque
2451 4740 2668 4797 semper
2708 4738 2862 4798 grato
2904 4729 3072 4786 simus
3117 4731 3319 4797 animo,
3350 4747 3463 4801 pro.

1860 4817 2110 4872 omnibus
2142 4817 2249 4871 Deo
2271 4818 2752 4886 gratiasagentes:
2778 4819 3028 4890 quoniam
3056 4820 3106 4876 ei
3129 4821 3461 4892 gloria,gra-

1861 4911 2053 4965 tiarum
2083 4911 2246 4978 actio,
2277 4921 2333 4966 et
2360 4910 2626 4976 adoratio,
2658 4925 2799 4966 nunc
2826 4919 2883 4967 et
2917 4925 3157 4982 semper,
3189 4921 3242 4966 t'l.
3270 4912 3443 4967 inin-

1858 5001 2005 5057 ﬁnita
2033 5001 2230 5058 smcula
2258 5002 2827 5067 smeulorum._Amen.

2332 5114 2405 5171 lN.
2438 5114 2765 5178 PSALMUM
2804 5113 2962 5175 CXL.

1857 5230 1911 5289 1.
1960 5229 2195 5295 Domine,
2225 5230 2441 5283 clamavi
2481 5228 2551 5281 ad
2598 5237 2662 5290 to,
2694 5225 2881 5280 exaudi
2922 5239 3007 5281 nte
3035 5236 3055 5275 :
3085 5219 3309 5278 intende.
3338 5214 3448 5273 uoci

2246 5338 2391 5388 metu,
2417 5338 2532 5374 cum
2561 5321 2846 5374 clamavero
2884 5317 2954 5370 ad
2984 5325 3050 5371 te.

1930 5435 1981 5491 1.
2017 5434 2185 5503 llujus
2212 5434 2430 5505 quidem
2457 5433 2652 5489 Psalmi
2682 5433 2845 5487 verba
2868 5446 3005 5502 pene
3027 5445 3216 5487 omnes
3237 5430 3441 5496 scium,

1853 5539 1902 5582 et
1930 5542 2259 5597 perhomuem
2282 5538 2491 5581 :etatem
2513 5535 2769 5597 perpetuo
2790 5534 2988 5579 canunt
3006 5542 3021 5581 :
3036 5525 3154 5596 quis
3170 5525 3242 5579 sit
3260 5532 3442 5579 autem

1854 5633 2045 5675 sensus
2067 5633 2272 5684 eorum,
2289 5634 2407 5688 qua:
2428 5617 2569 5675 dicta
2591 5626 2735 5682 sunt,
2756 5617 3019 5671 ne:ciuut.
3039 5613 3192 5684 Quod
3218 5611 3438 5686 quidem

1921 5776 1991 5836 (a)
2028 5774 2153 5825 llaec.
2170 5775 2514 5839 interpretatio
2538 5781 2616 5826 est
2635 5775 2774 5837 juxta
2796 5772 3158 5838 Symmachum.
