3928 6400
487 322 588 377 427

490 458 598 496 non
630 449 713 495 est
741 451 900 508 parva
945 434 1358 504 reprehensione
1385 434 1600 504 dignum
1627 475 1642 501 ,
1673 447 1765 487 eos
1795 431 1882 502 qui
1908 430 2084 501 quoti-

491 534 581 588 die
608 538 824 592 canunt,
858 538 910 584 et
934 543 1028 584 ore
1055 527 1213 582 verba
1244 526 1539 597 proferunt,
1569 542 1674 579 non
1704 541 1945 594 qua-rere
1978 523 2083 576 vim

489 623 912 687 sententiarum,
961 634 1081 691 quze
1123 619 1174 672 in
1222 617 1304 672 his
1339 617 1516 671 verbis
1557 616 1673 670 sita:
1712 626 1854 669 sunt.
1899 613 2004 668 Sed
2040 615 2085 669 si

492 717 685 771 viderit
712 713 924 785 quidem
956 711 1220 782 quispiam
1249 725 1439 779 aquam
1474 724 1657 778 puram
1690 717 1740 761 et
1771 705 2081 776 limpidam,

492 824 598 862 non
638 821 698 862 se
727 805 990 868 tenuerit,
1037 804 1165 874 quin
1211 801 1276 855 ad
1325 817 1442 855 eam
1493 799 1745 864 accedat,
1791 807 2000 867 tangat,
2032 807 2084 851 et

492 900 665 964 bibat;
699 907 749 952 et
775 897 864 967 qui
892 896 946 950 in
972 904 1181 965 pratum
1213 892 1427 947 assidue
1469 891 1797 963 ingreditur,
1843 889 1939 942 nisi
1969 888 2082 944 col-

491 992 641 1044 lectis
672 992 819 1058 prius
845 987 1046 1058 aliquot
1088 984 1342 1051 floribus,
1379 981 1630 1039 recedere
1673 982 1889 1036 minime
1919 979 2080 1034 susti-

491 1081 666 1136 nuerit
691 1099 704 1135 :
733 1095 828 1134 vos
852 1088 1029 1133 autem
1051 1077 1139 1147 qui
1169 1076 1236 1131 ab
1266 1077 1479 1131 ineunte
1507 1084 1664 1128 aetate
1691 1073 1756 1126 ad
1786 1081 2080 1126 extremam

490 1188 657 1243 nsque
686 1179 1014 1225 senectutem
1053 1168 1195 1224 hunc
1239 1167 1508 1222 Psalmum
1550 1165 1915 1229 meditamini,
1949 1163 2080 1217 nihil

487 1262 632 1318 aliud
657 1277 816 1333 quam
845 1261 1007 1315 verba
1035 1269 1292 1330 perpetuo
1315 1258 1526 1322 tenetis,
1549 1258 1808 1312 absconso
1831 1255 2082 1310 thesauro

489 1352 735 1408 assidetis
756 1393 769 1415 ,
812 1351 1142 1422 obsignatam
1173 1363 1481 1404 crumenam
1504 1348 1877 1413 circumfertis,
1901 1356 1954 1401 et
1981 1361 2081 1401 nec

488 1436 854 1499 aettriositate
882 1442 1095 1514 quidem
1144 1441 1391 1496 incitatus
1420 1448 1502 1495 est
1528 1439 1787 1508 quispiam
1819 1447 1876 1492 ut
1903 1439 2078 1493 disce-

487 1547 588 1601 ret,
619 1534 745 1605 quid
785 1543 866 1588 est
895 1533 1034 1604 quod
1059 1532 1250 1586 dicitur
1273 1548 1286 1584 :
1313 1547 1417 1584 non
1445 1531 1703 1600 qu:rsivi:,
1741 1545 1844 1582 non
1875 1539 2080 1583 scruta-

491 1637 575 1680 tus
619 1633 720 1681 est.
767 1627 1096 1695 Quamquam
1145 1639 1244 1678 nec
1291 1621 1419 1676 illud
1463 1622 1676 1692 quidem
1722 1622 1824 1675 dici
1868 1630 2074 1690 potest,

487 1734 607 1772 cum
634 1727 778 1773 esset
806 1718 1046 1772 Psalmus
1074 1723 1315 1785 apertus,
1347 1728 1534 1768 omnes
1567 1714 1799 1766 invitavit
1831 1713 1895 1768 ad
1927 1728 2076 1769 som-

488 1825 656 1874 num,
695 1823 795 1863 nec
838 1807 958 1862 sivit
985 1816 1042 1868 ut
1068 1815 1394 1876 qurereretur
1419 1804 1558 1875 quod
1585 1817 1700 1858 erat
1726 1804 1790 1857 ad
1834 1819 2070 1860 manum.

488 1902 583 1955 Est
608 1899 751 1954 enim
778 1899 1036 1954 obscurus
1059 1940 1071 1963 ,
1103 1897 1401 1966 sufficitque
1437 1895 1504 1950 ad
1541 1911 1662 1949 eum
1693 1893 2030 1950 excitandum
2056 1937 2072 1961 ,

485 1995 576 2063 qui
607 2010 712 2048 non
747 1993 903 2048 nimis
932 1991 1193 2062 profunde
1233 1990 1468 2053 dormit,
1518 1990 1622 2043 imo
1648 2004 1769 2043 eum
1799 1989 1957 2042 etiam
1985 1989 2074 2058 qui

484 2087 704 2140 omnino
733 2084 950 2140 dormit.
979 2083 1116 2150 Quid
1162 2083 1302 2137 enim
1332 2092 1412 2136 est
1441 2081 1564 2136 illud
1589 2121 1606 2148 ,
1655 2081 1707 2136 4.
1744 2079 1824 2135 Ne
1857 2080 2076 2136 declines

483 2195 572 2230 cor
593 2194 756 2232 meum
785 2177 836 2230 in
865 2177 1011 2231 verba
1042 2176 1288 2230 malitiae?
1311 2173 1436 2246 quid
1465 2189 1613 2240 vero,
1639 2175 1690 2226 5.
1719 2171 1967 2245 Corripiet
1997 2188 2076 2226 me

476 2271 650 2342 justus
673 2269 724 2323 in
752 2268 1098 2322 misericordia
1117 2308 1133 2335 ,
1182 2277 1229 2320 et
1258 2265 1535 2335 increpabit
1561 2267 1679 2320 me?
1705 2265 1855 2331 Quod
1896 2273 2072 2319 autem

433 2374 446 2430 ζ
481 2364 848 2432 consequitur,
877 2361 993 2426 dic,
1024 2375 1228 2431 qtneso,
1256 2374 1432 2414 annon
1463 2369 1542 2414 est
1570 2359 1891 2429 quibuslibet
1919 2366 2072 2413 tene-

482 2457 593 2512 bris
629 2453 1048 2524 tenebricosins?
1077 2453 1330 2520 Quoniam
1377 2451 1542 2505 adhuc
1572 2459 1617 2502 et
1662 2450 1823 2504 oratio
1867 2465 1977 2502 mea
2020 2449 2071 2504 in

482 2546 806 2616 beneplacitis
831 2561 1021 2598 eorum.
1045 2544 1098 2599 6.
1124 2543 1358 2613 Absorpti
1386 2551 1503 2595 sunt
1516 2542 1680 2612 juncti
1703 2552 1857 2611 petra:
1871 2541 2072 2612 judice:

481 2653 676 2691 eorum.
708 2634 962 2702 Quamvis
990 2644 1163 2688 tamen
1192 2643 1270 2688 tot
1298 2633 1403 2687 sint
1431 2632 1679 2696 obseura,
1711 2631 1869 2685 veluti
1897 2630 2069 2701 quod-

481 2728 604 2782 dam
630 2727 915 2791 canticum,
941 2741 1000 2780 ea
1029 2725 1177 2780 multi
1204 2724 1391 2782 leviter
1414 2732 1845 2797 prmtercurrunt.
1876 2721 1980 2777 Sed
2004 2737 2072 2778 ne

477 2817 607 2873 dum
650 2818 702 2872 in
731 2817 1146 2887 reprehensione
1175 2816 1396 2870 nimium
1439 2817 1814 2878 immoramur,
1844 2815 2068 2870 molesta

477 2910 671 2966 evadat
698 2910 888 2975 oratio,
921 2925 1018 2980 age
1043 2909 1106 2965 ad
1136 2925 1197 2965 ea
1229 2924 1348 2980 qua:
1373 2909 1512 2964 dicta
1543 2916 1666 2963 sunt
1691 2909 2069 2980 perscrutanda

478 3003 774 3058 veniamus.
806 3001 913 3059 Sed
939 3003 1219 3074 diligenter
1244 3001 1502 3059 attendite
1527 3019 1539 3055 :
1564 3017 1738 3072 neque
1770 3001 1912 3057 enim
1942 3011 2069 3072 puto

479 3096 644 3151 fuisse
675 3106 876 3151 temere
913 3095 1187 3150 decretum
1227 3110 1258 3148 a
1304 3094 1576 3164 patribus,
1620 3103 1678 3148 ut
1718 3093 1802 3149 hic
1828 3093 2069 3149 Psalmus

479 3205 702 3260 vespere
730 3188 998 3244 diceretur
1017 3187 1253 3258 quotidie
1275 3186 1375 3260 (a),
1403 3203 1574 3258 neque
1604 3195 1820 3258 propter
1847 3186 1898 3242 id
1925 3186 2068 3260 quod

481 3281 534 3334 in
566 3293 632 3334 eo
659 3278 856 3334 dicitur
879 3321 894 3344 ,
940 3279 1170 3332 Elevatio
1212 3295 1454 3332 manuum
1495 3295 1722 3333 mearum
1761 3281 2066 3349 sacri/icium

478 3370 837 3438 vespertinum.
883 3369 1013 3425 Nam
1059 3369 1292 3438 idipsum
1335 3383 1547 3438 quoque
1588 3370 1638 3424 in
1681 3370 1799 3424 aliis
1840 3370 2067 3427 Psalmis

478 3459 706 3525 dicitur,
744 3457 1192 3529 quemadmodum
1237 3458 1290 3513 in
1336 3459 1425 3514 illo
1455 3460 1542 3530 qui
1573 3460 1740 3515 dicit:
1769 3459 1983 3530 Vespere
2020 3471 2065 3516 et

481 3568 630 3605 mane
655 3561 702 3606 et
728 3551 936 3605 meridie
960 3550 1178 3606 narrabo
1209 3561 1254 3606 et
1289 3553 1599 3606 aunuutiabo
1627 3552 1795 3624 (Psal.
1827 3555 1913 3608 54.
1949 3555 2062 3624 18).

481 3643 550 3696 Ει
579 3658 783 3708 rursus,
815 3641 958 3696 Tuus
984 3651 1056 3696 est
1082 3643 1209 3707 dies,
1237 3652 1285 3697 et
1314 3652 1402 3696 tua
1428 3653 1499 3697 est
1520 3659 1621 3698 ηοω
1643 3642 1812 3717 (Psal.
1837 3645 1921 3700 73.
1950 3646 2060 3716 16).

480 3735 547 3788 Ει
575 3749 760 3807 rursus
777 3774 792 3801 ,
833 3731 1048 3806 Vespere
1076 3733 1419 3788 demorabitur
1455 3737 1603 3805 ﬂetus
1627 3779 1640 3800 ,
1669 3745 1715 3789 et
1742 3737 1794 3790 iu
1822 3740 2063 3793 matutino

480 3825 748 3880 exsultatio
791 3824 959 3896 (Psal.
1003 3826 1094 3884 29.
1141 3825 1230 3898 6),
1277 3836 1332 3883 et
1376 3829 1528 3885 multi
1573 3838 1796 3899 possunt
1840 3831 2065 3887 inveniri

485 3917 680 3972 Psalmi
709 3918 798 3987 qui
828 3920 1129 3988 vespertino
1159 3919 1384 3988 tempori
1424 3921 1759 3976 conveniant.
1793 3921 1908 3978 Non
1937 3938 2064 3994 ergo

483 4016 762 4077 propterea
805 4006 948 4062 hunc
994 4007 1262 4067 Psalmum
1310 4009 1661 4068 decreverunt
1705 4023 1916 4082 patres,
1968 4013 2064 4073 sed

478 4109 746 4167 tamquam
777 4097 1007 4153 salutare
1030 4099 1240 4168 aliquod
1271 4099 1614 4169 pharmacum
1643 4110 1698 4157 et
1725 4114 2062 4173 peccatorum

481 4191 770 4261 piaculum,
792 4199 851 4245 ut
875 4191 919 4245 is
946 4190 1234 4256 diceretur,
1262 4193 1674 4262 constituerunt,
1708 4204 1764 4250 ut
1787 4212 2062 4266 quarcum-

481 4299 585 4353 que
611 4282 798 4338 sordes
822 4293 914 4338 aut
939 4285 1159 4339 maequ
1190 4285 1382 4340 fuerint
1405 4301 1434 4339 a
1457 4286 1610 4342 nobis
1633 4298 1744 4343 toto
1768 4289 1855 4346 die
1883 4306 2064 4347 susce-

479 4382 585 4443 pta:
609 4414 625 4439 ,
665 4372 790 4428 dum
819 4374 901 4428 vel
932 4374 984 4428 in
1025 4373 1177 4443 foro,
1208 4377 1292 4431 vel
1322 4374 1463 4430 domi
1484 4418 1499 4442 ,
1530 4377 1614 4432 vel
1645 4379 1697 4432 in
1726 4395 2062 4452 quocumque

474 4464 582 4518 allo
609 4464 726 4520 loco
753 4479 1030 4520 versamur
1048 4506 1063 4530 ,
1093 4481 1186 4522 eas
1211 4481 1331 4522 cum
1360 4467 1426 4522 ad
1457 4483 1733 4538 vesperum
1760 4473 2064 4541 perveneri~

475 4569 630 4622 nius,
675 4571 772 4626 per
813 4557 1086 4626 spirituale
1129 4555 1231 4613 hoc
1273 4573 1487 4614 carmen
1531 4561 1916 4633 abstergamns.
1963 4563 2062 4619 Est

474 4645 620 4699 enim
645 4645 1088 4707 medicamentum
1115 4649 1255 4720 quod
1284 4649 1424 4705 delet
1450 4649 1564 4706 haec
1583 4654 1780 4707 omnia.
1810 4651 1957 4708 Talis
1979 4663 2062 4710 est

475 4735 639 4790 etlam
695 4735 936 4792 Psalmus
983 4741 1272 4794 matutinus
1307 4759 1321 4796 :
1355 4741 1486 4797 nihil
1538 4743 1679 4798 enim
1731 4752 1876 4799 vetat
1920 4745 2058 4802 illius

475 4839 688 4895 quoque
717 4826 948 4882 breviter
985 4829 1311 4885 meminisse.
1345 4834 1601 4888 Accendit
1627 4835 1768 4889 enim
1809 4837 1860 4895 in
1891 4837 2068 4893 Denm'

473 4917 830 4982 desiderium,
879 4928 933 4972 et
972 4920 1207 4974 animum
1235 4923 1429 4977 excitat
1452 4964 1467 4989 ,
1512 4939 1575 4979 ac
1601 4936 1878 4998 postquam
1906 4930 2060 4992 valde

474 5006 837 5073 inﬂammavit,
869 5024 1164 5080 magnaque
1186 5012 1415 5081 replevit
1440 5015 1618 5069 ltetitia
1643 5025 1696 5071 et
1721 5018 1962 5084 caritate,
1987 5021 2057 5076 ita

471 5099 733 5168 permittit
758 5100 1034 5155 accedere.
1068 5101 1353 5158 Videamus
1389 5113 1565 5160 autem
1608 5107 1874 5164 undenam
1921 5110 2056 5164 inci-

469 5189 599 5257 piat,
618 5198 673 5244 et
692 5190 816 5259 qttid
844 5205 942 5245 nos
966 5191 1157 5247 doceat
1178 5211 1192 5247 :
1214 5192 1370 5260 Deus,
1387 5195 1524 5250 Deus
1543 5215 1698 5262 naeus,
1726 5201 1794 5259 ad
1812 5211 1858 5253 te
1871 5201 1935 5254 de
1949 5200 2059 5261 luce

468 5282 639 5352 vigilo.
655 5283 826 5337 Sitivit
842 5294 888 5337 te
902 5285 1074 5340 anima
1090 5304 1199 5340 mea
1212 5287 1380 5356 (Paul.
1403 5289 1491 5348 6‘2.
1514 5291 1587 5362 1).
1611 5291 1770 5349 Vides
1790 5298 2057 5363 quomodo

471 5373 703 5427 ostendit
745 5375 963 5428 verbum
1008 5377 1317 5432 inflammati
1367 5381 1567 5437 animi?
1611 5381 1709 5443 Ubi
1755 5394 1840 5440 est
1877 5397 2056 5444 autem

475 5473 620 5517 amur
642 5463 756 5527 Dei,
775 5465 950 5518 omnia
975 5467 1110 5521 mala
1141 5470 1427 5525 recedunt:
1448 5471 1534 5526 ubi
1558 5481 1644 5532 est
1663 5474 1752 5535 Dei
1774 5478 2054 5547 memoria,

473 5551 577 5608 illic
605 5564 689 5609 est
734 5567 1070 5624 peccatorum
1110 5560 1329 5628 oblivio,
1380 5573 1435 5616 ct
1482 5565 1742 5620 malormn
1787 5569 2030 5631 interitus

532 5748 604 5830 (tt)
639 5754 719 5802 ttic
743 5751 952 5804 l‘salmus
975 5759 1190 5819 quotidie
1216 5762 1509 5812 recitabatur
1533 5767 1805 5820 Antiochia}.

1237 315 1290 372 S.
1330 315 1602 375 JOANNIS
1643 311 2068 371 CllliYSOSTOi

2175 313 2472 369 \RCHIEP.
2513 315 3045 377 CONSTANTINOP.
3641 337 3717 396 ηε

2195 426 2286 483 Sic
2311 429 2360 483 in
2382 441 2552 486 sancto
2577 435 2796 504 apparui
2823 435 2930 503 tibi,
2968 446 3022 491 ut
3051 438 3263 493 viderem
3297 442 3511 500 virtutem
3531 454 3661 513 tuam.
3681 465 3715 506 ιι

2197 521 2414 590 gloriam
2441 533 2577 576 tuam
2606 523 2775 598 (Paul.
2801 527 2890 582 62.
2915 528 2988 601 5).
3009 529 3142 598 Quid
3174 541 3280 598 est,
3318 532 3444 589 Sic?
3467 535 3586 591 Cum
3609 539 3713 607 hoc,

2195 611 2384 682 inquit,
2411 613 2697 685 desiderio,
2721 633 2841 673 cum
2869 618 2968 676 hac
2991 621 3296 691 dilectione,
3321 638 3378 679 ut
3400 627 3585 683 videam
3609 640 3718 688 tuam

2192 704 2439 774 gloriam,
2463 723 2581 777 qua}
2609 718 2785 778 potest
2810 711 3007 781 ubique
3033 714 3219 770 videri.
3263 716 3367 772 Sed
3398 735 3460 772 ne
3484 735 3542 774 ea
3567 723 3720 792 quiest

2194 812 2303 868 pra:
2348 800 2595 856 manibus
2643 803 2868 871 relicto,
2918 805 3080 861 alium
3128 807 3299 863 obiter
3351 809 3718 883 introducamus,

2194 890 2507 946 transmisso
2533 892 2774 950 auditore
2797 894 2877 968 (α)
2902 895 2970 952 ad
2998 912 3058 954 ea
3090 914 3208 970 qua:
3237 899 3306 956 de
3334 900 3423 958 illo
3443 902 3570 958 dicta
3593 917 3718 972 smn,

2189 979 2256 1034 ad
2283 995 2345 1035 ea
2375 997 2495 1051 qure
2524 993 2652 1039 sunt
2678 986 2833 1040 nobis
2860 989 3127 1058 proposita
3156 991 3489 1049 accedamus.

2261 1070 2466 1126 Clamor
2506 1075 2560 1127 iu
2601 1091 2748 1129 sacra
2785 1077 3056 1147 Scriptura
3098 1081 3258 1149 quid;
3282 1083 3470 1139 damor
3490 1088 3721 1141 cordis.—

2192 1162 2327 1230 Quid
2381 1163 2466 1219 hic
2515 1181 2644 1236 ergo
2687 1167 2851 1222 dicit?
2883 1168 3114 1235 Domine,
3161 1172 3374 1228 clamavi
3403 1176 3469 1230 ad
3489 1186 3548 1242 te,
3576 1182 3720 1234 exaudi

2186 1269 2285 1307 me.
2316 1253 2473 1322 Quid,
2507 1270 2710 1326 qua‘so,
2739 1258 2909 1314 diris?
2941 1262 3189 1330 quoniam
3216 1263 3474 1334 elamasti,
3501 1269 3572 1322 vis
3597 1284 3720 1324 exan.

2185 1343 2306 1406 diri.
2331 1357 2379 1400 et
2413 1362 2530 1402 eam
2562 1347 2720 1402 affers
2743 1349 2944 1420 justam
2974 1367 3198 1409 causam
3225 1371 3322 1411 cur
3350 1359 3721 1418 exaudiarisHis

2185 1451 2312 1506 ergo
2337 1439 2425 1508 qui
2451 1428 2639 1509 magna
2670 1451 2722 1496 et
2750 1443 3045 1499 vehementi
3071 1462 3199 1503 voce
3230 1449 3533 1522 intensaqne
3559 1455 3724 1524 pra‘diti

2184 1538 2326 1594 sunt,
2350 1544 2484 1599 Opus
2515 1532 2771 1588 estZ’Sed
2823 1533 2926 1591 hoc
2979 1535 3138 1594 fuerit
3185 1555 3214 1593 a
3267 1543 3467 1597 ratione
3515 1545 3718 1602 aliemun.

2183 1616 2319 1685 Quid
2341 1620 2483 1674 enim
2501 1623 2737 1690 peccavit
2761 1626 2850 1693 qui
2879 1635 2962 1680 cst
2990 1642 3148 1697 parva
3181 1641 3234 1685 et
3263 1633 3543 1701 exilivoee,
3566 1637 3718 1692 tarda:-

2183 1725 2288 1779 que
2309 1719 2362 1764 ct
2390 1711 2744 1781 impeditioris
2769 1715 3199 1786 linguas?Nonnc
3223 1721 3342 1777 talis
3365 1736 3470 1779 erat
3499 1725 3661 1792 Moses,
3679 1738 3718 1783 et

2185 1803 2302 1870 plus
2329 1817 2488 1872 quam
2511 1819 2699 1859 omnes
2723 1806 3151 1864 exaudiebatur?
3180 1827 3360 1869 nonne
3378 1814 3536 1870 Judzei
3559 1817 3717 1872 elama-

2184 1893 2315 1948 bant
2369 1895 2488 1965 plus
2535 1913 2693 1967 quam
2739 1916 2947 1969 omnes,
2976 1905 3068 1960 sed
3104 1905 3249 1963 Deus
3285 1924 3469 1969 eorum
3520 1912 3716 1981 precibus

2180 2001 2287 2040 non
2327 1988 2550 2042 annuit?
2576 1989 2762 2061 Magna
2806 1994 2950 2049 enim
2989 1995 3072 2050 vel
3103 1997 3231 2054 exili
3261 2014 3391 2054 voce
3429 2016 3540 2056 esse
3571 2002 3718 2078 pandi.

2183 2084 2316 2141 tum,
2349 2089 2466 2131 sunt
2490 2089 2692 2136 natura:
2717 2085 2994 2139 commoda
3019 2095 3072 2141 et
3102 2088 3458 2145 incommoda.
3490 2091 3556 2146 Ea
3578 2102 3716 2151 autem

2181 2183 2289 2222 non
2320 2169 2516 2223 faciunt
2547 2181 2605 2225 ut
2633 2173 2717 2227 vel
2755 2175 3067 2242 audiamur,
3099 2178 3182 2233 vel
3221 2195 3328 2234 non
3368 2181 3650 2248 audiamur,
3675 2191 3717 2236 ut

2180 2275 2408 2330 quatncc
2424 2261 2580 2331 digna
2598 2263 2705 2319 sint
2721 2281 2838 2336 quae
2859 2267 2942 2322 vel
2972 2268 3259 2326 laudentur
3276 2273 3358 2329 vel
3387 2274 3711 2344 vituperemur.

2179 2353 2336 2408 Multa
2358 2355 2498 2410 enim
2526 2364 2728 2412 natura:
2755 2360 3034 2416 commoda
3063 2361 3261 2419 adsunt
3291 2366 3449 2420 etiam
3473 2366 3710 2421 sceleratis.

2178 2447 2372 2505 Annon
2419 2463 2536 2509 erat
2567 2456 2792 2526 pulcher
2817 2467 2872 2514 et
2914 2459 3180 2523 formosus
3221 2464 3484 2532 Absaion,
3514 2473 3563 2521 et
3587 2479 3712 2536 usque

2177 2540 2244 2594 ad
2269 2544 2490 2613 capillos
2515 2549 2704 2618 capitis
2722 2551 3088 2628 porrigebatur
3114 2554 3233 2624 ejus
3253 2557 3490 2633 corporis
3517 2555 3710 2627 species?

2176 2628 2312 2697 Quid
2335 2637 2553 2690 autem?
2574 2653 2753 2694 annon
2783 2651 2897 2696 erat
2919 2643 3101 2698 calvus
3133 2628 3370 2707 Elisa-us
3388 2690 3401 2712 ,
3431 2656 3484 2701 ut
3507 2648 3642 2702 etiam
3660 2647 3708 2700 ri-

2176 2721 2390 2779 deretur
2412 2741 2440 2780 a
2470 2729 2684 2797 pueris?
2704 2731 2808 2787 Sed
2826 2748 2926 2789 nec
2943 2735 3090 2797 illum
3110 2738 3400 2812 quidquam
3413 2739 3540 2813 juvit
3559 2740 3708 2802 forata,

2178 2828 2276 2868 nec
2298 2813 2440 2871 hunc
2470 2817 2606 2875 laesit
2631 2820 2963 2881 deformitas.
3021 2825 3088 2882 Et
3112 2829 3242 2897 quid
3277 2829 3397 2889 dico
3415 2846 3531 2886 eum
3552 2830 3624 2899 qui
3649 2837 3706 2882 te-

2176 2906 2267 2960 nui
2303 2916 2358 2962 et
2383 2909 2506 2964 exili
2531 2927 2680 2979 voce,
2715 2914 3068 2987 tardiorisque
3093 2928 3146 2974 et
3163 2920 3509 2990 impeditioris
3533 2922 3706 2993 lingua,

2175 3011 2298 3053 cum
2326 3001 2409 3055 vel
2434 3010 2617 3060 tacens
2643 3006 2917 3064 audiretur
2943 3009 3139 3078 Moses,
3179 3023 3236 3067 ct
3263 3016 3417 3070 Anna
3445 3014 3634 3075 niinime
3654 3012 3709 3068 lo-

2172 3092 2382 3159 quens?
2408 3091 2625 3152 Iudaeos
2654 3098 2931 3170 alloquens
2963 3101 3102 3158 Deus
3137 3103 3355 3161 dicebat
3385 3123 3398 3160 :
3429 3106 3488 3162 Si
3507 3104 3707 3174 ntultipli-

2173 3188 2294 3235 cetis
2322 3187 2601 3241 orationem
2621 3229 2637 3255 ,
2666 3207 2766 3245 non
2795 3194 3065 3248 exaudiam
3110 3211 3197 3250 vos
3238 3195 3389 3269 (Isai.
3422 3195 3594 3269 1.15).
3627 3193 3708 3249 Cur

2173 3271 2260 3329 hic
2283 3289 2410 3346 ergo
2435 3277 2596 3345 dicit,
2634 3279 2862 3337 Clamavi
2887 3285 2955 3338 ad
2983 3295 3048 3352 tc,
3089 3289 3281 3342 exaudi
3316 3291 3431 3344 me?
3455 3289 3707 3343 Clamorem

2172 3365 2259 3421 hic
2292 3367 2421 3425 dicit
2454 3370 2724 3428 internum
2748 3417 2762 3443 ,
2795 3391 2956 3447 quem
2993 3393 3087 3434 cor
3116 3379 3497 3437 inflammatum
3526 3379 3705 3452 peperit.

2171 3462 2501 3518 etcontrltus
2529 3465 2760 3534 animus,
2795 3483 2900 3538 quo
2937 3484 3060 3525 eum
3083 3473 3343 3530 clamaret
3368 3475 3552 3540 Moses,
3577 3487 3706 3526 exau-

2171 3547 2435 3607 diebatur.
2463 3553 2922 3620 Quemadmodum
2953 3563 3098 3616 enim
3128 3565 3218 3634 qui
3248 3566 3595 3631 clamat,vires
3612 3574 3708 3616 suns

2170 3640 2449 3711 exhaurit,
2484 3646 2552 3700 ita
2577 3647 2736 3711 etiam
2764 3651 2854 3729 qui
2891 3653 3054 3709 corde
3083 3655 3301 3724 clamat,
3325 3668 3480 3713 totam
3517 3665 3707 3712 mentem

2171 3748 2320 3789 suam
2349 3739 2636 3794 convertit.

2240 3825 2298 3883 9..
2337 3825 2522 3883 Talem
2563 3845 2691 3905 ergo
2737 3832 3026 3895 clamorem
3068 3837 3207 3894 Deus
3249 3842 3491 3912 requirit,
3525 3839 3599 3910 qui
3624 3851 3696 3891 cor

2169 3927 2447 3976 convertat
2473 3961 2488 3984 ,
2518 3935 2622 3975 non
2654 3922 2796 3985 sinat
2825 3927 3083 3995 oscitare,
3116 3944 3214 3984 nec
3235 3941 3506 3986 canentem
3526 3931 3615 3983 alio
3638 3926 3698 3980 di-

2170 4020 2398 4066 vertere.
2430 4011 2547 4068 Non
2585 4014 2761 4072 solum
2804 4026 2981 4074 autem
3018 4022 3209 4090 quierit
3247 4024 3401 4078 talem
3424 4023 3700 4079 clamorem.

2169 4101 2263 4157 sed
2290 4103 2448 4158 etiam
2497 4114 2574 4159 ut~
2602 4106 2715 4174 ipse
2760 4120 2961 4164 oretur.
2992 4111 3129 4168 Sunt
3153 4114 3298 4168 enim
3328 4115 3472 4169 multi
3492 4113 3569 4184 qui
3592 4115 3702 4162 stant

2167 4191 2381 4262 quidem
2406 4232 2421 4257 ,
2453 4193 2518 4248 ad
2552 4195 2716 4250 Deum
2756 4207 2933 4254 autem
2961 4216 3066 4255 non
3094 4203 3360 4269 clamant,
3384 4203 3472 4260 sed
3513 4201 3627 4258 labia
3649 4195 3698 4250 ad

2169 4281 2337 4336 Deum
2375 4282 2609 4338 clamant
2653 4297 2706 4342 et
2735 4302 2926 4343 nomen
2961 4291 3052 4346 Dei
3079 4292 3486 4361 circumferunt,
3512 4303 3561 4346 at
3582 4302 3699 4344 mens

2167 4371 2300 4427 nihil
2345 4375 2508 4430 sentit
2550 4391 2737 4433 eorum
2774 4395 2892 4450 qua:
2936 4381 3205 4440 dicuntur.
3263 4387 3361 4455 Qui
3394 4386 3460 4442 ita
3487 4400 3542 4441 se
3573 4381 3698 4453 geril.

2167 4478 2274 4517 non
2299 4464 2513 4534 clamat,
2545 4468 2645 4522 etsi
2673 4470 2902 4526 maxime
2926 4474 3247 4531 vociferetur
3268 4495 3283 4544 ;
3305 4479 3393 4548 qui
3413 4479 3479 4532 ita
3499 4491 3552 4531 se
3571 4471 3695 4544 ger“.
3772 4531 3780 4537 .

2167 4554 2334 4612 Deum
2364 4573 2468 4613 non
2490 4569 2629 4627 orat,
2657 4563 2756 4617 etsi
2794 4565 3024 4621 maxime
3051 4568 3291 4624 videatur
3317 4585 3483 4625 orare.
3511 4570 3573 4623 At
3615 4577 3695 4618 non

2165 4652 2237 4708 ita
2265 4654 2459 4722 Moses,
2485 4656 2579 4712 sed
2609 4658 2891 4728 clamabat,
2914 4670 2968 4716 et
2988 4665 3368 4720 exaudiebatur
3389 4682 3404 4731 ;
3428 4674 3477 4720 et
3500 4661 3602 4715 ideo
3619 4657 3656 4710 ci
3674 4668 3694 4706 3

2167 4744 2279 4800 Deo
2312 4745 2507 4801 dicitur
2528 4789 2543 4813 ,
2571 4747 2672 4802 Cur
2693 4749 2763 4802 ad
2789 4767 2866 4804 me
2890 4753 3081 4807 clamas
3107 4753 3301 4826 (Exod.
3333 4757 3415 4812 M.
3450 4754 3569 4822 ιδῃ
3604 4747 3693 4802 Νοη

2164 4837 2337 4890 solum
2365 4848 2541 4892 autem
2579 4839 2835 4910 clamans,
2864 4843 2958 4898 sed
3000 4845 3160 4900 etiam
3199 4855 3377 4903 tacens
3419 4837 3692 4912 impetravit.

2165 4944 2282 4997 qua:
2311 4929 2499 4996 voluit,
2544 4938 2603 4984 ut
2645 4931 2732 5000 qui
2773 4947 2831 4987 se
2879 4933 3096 5004 dignum
3137 4938 3462 5006 praebuisset,
3484 4943 3534 4989 ut
3559 4947 3584 4984 a
3610 4929 3692 4982 Deo

2163 5019 2524 5079 exaudiretur.
2565 5023 2716 5089 Quod
2747 5023 2790 5078 si
2815 5025 2897 5079 vis
2921 5027 3082 5082 etiam
3122 5029 3300 5085 videre
3338 5020 3692 5100 peccatoresin-

2167 5118 2314 5165 tense
2335 5121 2388 5165 et
2417 5112 2764 5170 vehementer
2788 5127 3024 5184 orantes,
3055 5135 3345 5190 magnaque
3365 5136 3484 5174 voce
3499 5118 3689 5171 claman-

2165 5209 2245 5256 tes
2265 5244 2280 5269 ,
2311 5212 2365 5258 et
2394 5206 2770 5274 impetrantes,
2802 5209 2923 5265 vide
2953 5213 3285 5267 meretricem
3315 5227 3428 5282 qua:
3447 5211 3614 5264 clamat
3636 5200 3688 5254 si-

2165 5292 2330 5348 lentio
2358 5293 2510 5363 (Luc.
2539 5297 2590 5350 7.
2623 5297 2713 5367 58)
2741 5316 2753 5352 :
2787 5299 2907 5355 vide
2934 5302 3269 5370 publicanum
3298 5303 3381 5372 qui
3411 5317 3437 5354 a
3470 5299 3565 5355 sola
3591 5308 3687 5348 ora-

2165 5385 2309 5440 tione
2351 5386 2446 5440 fuit
2487 5386 2808 5455 justiticatus
2838 5389 2990 5459 (Luc.
3017 5393 3101 5447 18.
3141 5395 3228 5448 15.
3275 5390 3381 5464 ii).
3412 5391 3498 5445 llic
3519 5394 3688 5456 quoque

2166 5475 2258 5530 tali
2288 5477 2520 5533 clamore
2541 5479 2709 5535 utitur
2728 5522 2743 5544 ,
2773 5490 2827 5536 et
2855 5481 2976 5537 ideo
3000 5483 3146 5550 dicit,
3178 5484 3402 5548 Domine,
3428 5475 3613 5534 clamaui
3634 5469 3686 5523 ad

2227 5591 2301 5660 fa)
2334 5591 2450 5641 Hinc
2473 5594 2692 5660 arguitur
2713 5586 3617 5660 chrysostomumExpositionetnt’salltti

2166 5651 2396 5725 edidisse,
2422 5649 2648 5725 quaajjam
2670 5669 2764 5725 non
2789 5649 2968 5706 exstat.
2993 5656 3110 5725 Illud
3147 5649 3261 5725 vero
3291 5672 3394 5707 cum
3416 5653 3512 5725 aliis
3524 5649 3680 5725 quib":

2163 5713 2271 5760 dam
2294 5713 2593 5782 argumentis
2617 5717 2924 5782 coniunctum
2961 5721 3127 5782 prohat
3155 5721 3283 5771 illum
3325 5714 3616 5780 Expositione)”
3640 5715 3677 5760 ιιι

2166 5782 2315 5824 totum
2341 5775 2622 5828 Psalterium
2648 5775 2884 5829 euasisse.
