3928 6404
230 308 332 366 £27

231 424 413 495 ὀπερ
435 423 497 477 οὐ
531 420 726 495 μικρὸν
750 424 829 488 είς
858 418 1187 493 κατηγορίας
1217 418 1395 488 λόγον,
1423 417 1488 471 τὸ
1521 415 1643 471 καθ’
1674 413 1803 468 ἐκά-

231 525 368 579 στην
416 509 629 580 ἡμέραν
679 508 998 577 ψάλλοντας,
1049 504 1143 561 καὶ
1183 503 1271 557 διά
1318 502 1584 573 στόματος
1604 498 1674 552 τά
1708 497 1810 568 ρή⁴

233 606 386 663 ματα
417 592 812 663 προφέροντας,
858 590 933 662 μὴ
981 588 1210 661 ζητῆσαι
1251 585 1362 640 τῶν
1402 584 1688 656 νοημάτων
1714 581 1811 652 τὴν

227 675 463 747 δύναμιν
510 675 621 728 τῶν
680 674 1118 745 ἐναποκειμένων
1170 674 1282 737 τοῖς
1343 671 1604 742 ῥήμασιν.
1670 666 1811 720 Ἀλλ’

229 759 380 830 ὕδωρ
408 757 507 829 μέν
533 775 617 822 τις
647 758 863 827 διαυγὲς
889 758 982 811 καὶ
1004 756 1240 827 καθαρὸν
1273 754 1435 826 ὁρῶν,
1460 753 1562 807 οὐκ
1584 750 1651 806 ἂν
1676 748 1811 804 ἀνά-

230 859 419 912 σχοιτο
436 840 509 912 μὴ
530 841 865 914 προσελθεῖν,
891 841 985 895 καὶ
1012 840 1273 911 ἅψασθαι,
1296 839 1390 893 καὶ
1422 839 1592 893 πιεῖν
1618 834 1713 890 καί⁵
1733 835 1814 898 είς

226 925 474 997 λειμῶνά
497 941 579 988 τις
612 925 849 996 συνεχῶς
888 924 1091 989 εἰσιὼν,
1123 924 1225 977 οὒκ
1264 921 1329 975 ἂν
1375 920 1686 992 ὑπομείνειε
1736 917 1811 988 μὴ

229 1006 492 1072 συλλέξας
518 1019 544 1048 ι
559 1025 613 1060 τι
640 1006 748 1060 τῶν
770 1007 946 1061 ἀνθῶν
971 1005 1204 1072 ἐξελθεῖν
1219 1022 1233 1036 ·
1253 1004 1409 1076 ὑμεῖς
1426 1003 1484 1057 δὲ
1504 1003 1570 1057 ἐκ
1589 1000 1814 1075 πρώτης

224 1088 446 1160 ἡλικίας
498 1092 579 1154 είς
607 1089 834 1161 ἔσχατον
875 1089 1055 1162 γῆρας
1100 1089 1288 1143 τοῦτον
1338 1086 1667 1159 μελετῶντες
1718 1084 1813 1139 τὸν

226 1172 448 1243 ψαλμὸν
490 1173 808 1238 διατελεῖτε,
855 1173 926 1227 τά
978 1175 1201 1245 ῥήματα
1247 1173 1444 1238 εἰδότες
1480 1172 1662 1242 μόνον,
1715 1170 1812 1225 καὶ

225 1254 627 1327 παρακάθησθε
658 1255 914 1329 θησαυρῷ
939 1256 1404 1328 συνεσκιασμένῳ,
1420 1256 1514 1309 καὶ
1530 1254 1810 1327 βαλάντιον

228 1340 558 1412 περιφέρετε
585 1341 1041 1413 ἐσφραγισμένον,
1086 1342 1182 1395 καὶ
1227 1339 1349 1394 οὐδὲ
1391 1339 1498 1393 ὑπὸ
1529 1338 1812 1409 πολυπρα-

224 1422 513 1494 γμοσύνης
536 1423 866 1497 παρωξύνθη
890 1441 975 1487 τις
1005 1424 1221 1495 μαθεῖν,
1251 1423 1304 1478 τί
1327 1422 1461 1477 ποτέ
1491 1422 1606 1475 ἐστι
1634 1419 1697 1474 τὸ
1719 1419 1810 1474 λε-

224 1508 462 1578 γόμενον
484 1525 499 1540 ο
517 1509 618 1563 οὐκ
640 1508 923 1580 ἐζήτησεν,
941 1508 1042 1561 οῦκ
1074 1508 1367 1580 ἠρεύνησε.
1392 1506 1584 1561 Καίτοι
1606 1521 1671 1573 γε
1690 1505 1811 1560 οὐδέ

226 1592 408 1645 ἐκεῖνο
437 1590 583 1646 ἔστιν
607 1593 801 1656 είπείν,
828 1592 911 1646 ὅτι
947 1593 1125 1663 σαφής
1155 1609 1239 1654 τις
1266 1590 1342 1644 ὢν
1366 1592 1394 1644 6
1431 1589 1646 1661 ψαλμὸς
1679 1590 1811 1644 πάν-

224 1691 334 1737 τας
356 1676 438 1738 είς
463 1674 629 1728 ῦπνον
652 1676 849 1746 ἤγαγε,
872 1675 969 1728 καὶ
999 1675 1099 1728 οὐκ
1125 1674 1307 1744 ἀφῆκε
1335 1673 1567 1744 ζητῆσαι
1590 1672 1653 1724 τὸ
1678 1688 1811 1743 προ-

226 1757 435 1829 χείρως
466 1757 739 1829 κείμενον.
776 1760 888 1815 Καὶ.
932 1758 1041 1830 γάρ
1066 1760 1212 1812 ἐστιν
1243 1758 1481 1829 ἀσαφὴς,
1509 1757 1603 1810 καὶ
1630 1753 1809 1819 ἱκανὸς

226 1840 496 1911 διεγεῖραι
512 1841 602 1894 τὸν
628 1840 703 1912 μὴ
723 1842 927 1911 σφόδρα
952 1840 1304 1905 καθεύδοντα,
1323 1839 1521 1911 μᾶλλον
1537 1838 1594 1893 δὲ
1611 1837 1706 1894 καὶ
1720 1838 1812 1892 τὸν

227 1921 582 1987 καθεύδοντα.
615 1922 682 1977 Τί
715 1924 825 1996 γάρ
852 1925 969 1978 ἐστι
1000 1924 1081 1990 τὸ,
1104 1925 1203 1992 Μὴ
1234 1922 1525 1991 ἐκκλίνῃς
1541 1919 1657 1989 τὴν
1673 1936 1811 1989 καρ-

225 2006 372 2059 δίαν
389 2023 511 2075 μου
529 2006 618 2072 είς
630 2008 851 2076 λόγους
879 2006 1171 2073 πονηρίας
1192 2022 1213 2071 ;
1233 2004 1360 2059 τίδὲ
1386 2004 1466 2067 τὸ,
1494 2002 1814 2057 Παιδεύσει

221 2106 303 2159 με
321 2089 552 2156 δίκαιος
567 2089 638 2143 ἐν
651 2088 827 2155 ἐλέει,
841 2090 939 2143 καὶ
959 2089 1190 2159 ἐλέγξει
1203 2106 1279 2158 με
1292 2104 1311 2152 ;
1323 2087 1462 2140 Τὸδέ
1482 2085 1621 2158 μετὰ
1630 2085 1811 2151 τοῦτο,

225 2171 354 2226 είπέ
386 2190 501 2244 μοι,
530 2172 631 2226 ούκ
654 2170 770 2226 ἐστι
805 2172 1005 2236 παντὸς
1032 2172 1197 2242 ζόφου
1228 2169 1662 2241 ζοφωδέστερον;
1681 2169 1814 2223 ’Ὀτι

224 2256 317 2310 ἔτι
347 2256 449 2310 καὶ
485 2256 518 2325 ἡ
547 2254 861 2324 προσευχὴ
882 2273 1002 2325 μου
1027 2254 1097 2309 ἐν
1124 2254 1254 2321 ταῖς
1279 2253 1578 2319 εὐδοκίαις
1592 2250 1812 2306 αὐτῶν.

226 2339 669 2406 Κατεπόυησαν
697 2335 844 2411 [427]
876 2338 1133 2407 ἐχόμενα
1158 2337 1378 2405 πέτρας
1403 2337 1459 2389 οί
1496 2334 1685 2403 κριταὶ
1709 2335 1818 2389 a6-

225 2421 372 2476 τῶν.
406 2421 544 2475 Ἀλλ’
561 2422 711 2492 ὅμως
730 2420 999 2474 τοσούτων
1025 2420 1193 2474 ὄντων
1214 2417 1461 2489 ἀσαφῶν,
1480 2416 1668 2488 ῶσπερ
1691 2415 1817 2469 τινά

225 2506 378 2578 ᾠδὴν
412 2504 599 2569 ἀπλῶς
628 2503 1066 2577 παρατρέχουσιν
1097 2505 1146 2573 οἱ
1190 2501 1396 2556 πολλοί.
1438 2501 1578 2556 Ἀλλ’
1615 2502 1702 2556 ἵνα
1737 2500 1814 2571 μὴ

226 2591 333 2657 τὴν
358 2587 690 2660 κατηγορίαν
720 2587 812 2641 ἐπὶ
828 2586 1009 2640 πλεῖον
1029 2586 1411 2650 ἐπιτείνοντες,
1440 2583 1697 2657 φορτικὸν
1721 2584 1814 2637 τὸν

227 2672 389 2742 λόγον
404 2670 785 2745 ἐργασώμεθά,
805 2671 937 2741 φέρε
954 2670 1020 2743 δὴ
1036 2670 1173 2743 πρὸς
1186 2670 1286 2742 τὴν
1300 2670 1525 2742 ἔρευναν
1538 2668 1647 2721 τῶν
1665 2668 1816 2739 είρη-

230 2757 416 2828 μένων
449 2756 773 2827 βαδίσωμεν.
815 2755 977 2809 Ἀλλὰ
1006 2755 1301 2827 προσέχετε
1328 2754 1465 2826 μετά
1488 2753 1771 2827 ἀκριϐείας
1795 2770 1811 2785 ο

226 2839 354 2894 οῦδὶ
383 2840 491 2911 γάρ
522 2838 710 2901 ἀπλῶς
757 2833 910 2908 οἶμαι
948 2838 1039 2892 τὸν
1079 2836 1293 2909 ψαλμὸν
1324 2835 1512 2891 τοῦτον
1556 2836 1815 2908 τετάχθαι

230 2922 389 2995 παρά
413 2923 521 2976 τῶν
554 2923 805 2995 πατέρων
836 2921 958 2976 καθ’
986 2921 1223 2993 ἑκάστην
1256 2921 1495 2992 ἑσπέραν
1537 2920 1812 2989 λέγεσθαι,

227 3006 356 3060 οὐδὲ
383 3007 469 3061 διὰ
485 3006 585 3078 τὴν
615 3007 744 3077 μίαν
766 3005 912 3073 λέξιν
943 3006 1042 3076 τὴν
1068 3005 1354 3075 λέγουσαν·
1378 3005 1678 3072 Ἔπαρσις
1696 3002 1815 3057 τῶν

230 3087 452 3164 χειρῶν
467 3106 587 3159 μου
610 3089 795 3143 θυσία
818 3087 1129 3157 ἐσπερινή.
1163 3088 1317 3142 Ἐπεὶ
1338 3089 1432 3141 καὶ
1447 3085 1595 3141 ἄλλοι
1610 3086 1815 3157 ψαλμοὶ

229 3171 441 3243 ταύτην
468 3171 649 3243 ἔχουσι
694 3170 794 3244 τὴν
843 3170 1009 3238 λέξιν,
1065 3169 1255 3242 ὥσπερ
1301 3172 1506 3234 ἐκεῖνος
1545 3172 1574 3225 6
1615 3171 1812 3239 λέγων,

242 3254 542 3322 Ἐσπέρας
555 3253 653 3309 καί
673 3254 824 3323 πρωῒ
837 3254 936 3309 καὶ
946 3254 1247 3325 μεσημϐρί
1248 3270 1321 3320 ας
1339 3251 1697 3323 διηγήσομαι
1714 3253 1812 3308 καί

229 3335 571 3408 ἀπαγγελῶ.
608 3337 717 3390 Καὶ
753 3335 935 3403 πάλιν,
964 3335 1047 3403 Σή
1073 3337 1244 3390 ἐστιν
1273 3337 1312 3405 ἡ
1350 3336 1562 3406 ἡμέρα,
1593 3337 1689 3390 καί
1729 3335 1812 3405 σή

228 3422 408 3476 ἐστιν
425 3422 461 3489 ἡ
478 3421 614 3486 νύξ.
635 3420 746 3474 Καὶ
768 3420 930 3475 πάλιν
947 3419 1029 3483 τὸ,
1058 3419 1351 3488 Ἐσπέρας
1379 3420 1815 3489 αὐλισθήσεται

228 3503 559 3572 κλαυθμὸς,
577 3503 673 3557 καί
696 3505 782 3569 είς
800 3502 867 3556 τὸ
892 3503 1042 3570 πρωῒ
1054 3503 1441 3572 ἀγαλλίασις·
1466 3501 1561 3555 καὶ
1586 3501 1815 3566 πολλοὺς

230 3587 303 3641 ἂν
322 3584 473 3657 εὖροι
502 3604 585 3650 τις
603 3585 850 3656 ψαλμοὺς
878 3585 1210 3658 ἐπιτηδείους
1232 3585 1312 3657 τῷ
1338 3584 1515 3657 καιρῷ
1533 3586 1632 3658 τῆς
1652 3584 1813 3640 ἑσπέ-

231 3686 356 3742 ρας.
390 3670 465 3723 Ού
513 3669 600 3723 διὰ
625 3669 783 3728 τοῦτο
818 3667 949 3737 γοῦν
976 3673 1166 3725 τοῦτον
1199 3668 1291 3723 τὸν
1336 3669 1552 3740 ψαλμὸν
1600 3668 1811 3722 ἐτύπω-

231 3746 336 3806 σαν
363 3753 392 3793 δ
419 3753 466 3806 οί
504 3754 755 3826 πατέρες,
787 3753 900 3808 ἀλλ’
920 3753 997 3818 ὥς
1024 3770 1078 3806 τι
1105 3752 1399 3824 φάρμακον
1432 3753 1698 3822 σωτήριον
1720 3755 1816 3807 καὶ

232 3833 650 3907 ἁμαρτημάτων
679 3837 976 3907 καθάρσιον
1006 3836 1404 3906 ἐνομοθέτησαν
1430 3835 1705 3906 λέγεσθαι,
1747 3836 1813 3890 ἵν’

227 3919 445 3990 ὅσαπερ
492 3918 556 3972 ἂν
606 3918 1065 3991 προστριὸώμεθα
1093 3918 1161 3971 δι’
1186 3918 1310 3977 ὅλου
1350 3917 1444 3971 τοῦ
1478 3919 1685 3989 μήκους
1713 3918 1815 3989 τῆς

230 4000 473 4073 ἡμέρας,
503 4002 536 4072 ἢ
578 4002 637 4055 ἐν
667 4004 862 4074 ἀγορᾷ,
893 4003 927 4075 ἦ
956 4004 1014 4056 ἐν
1053 4001 1219 4074 οίκίᾳ,
1250 4002 1284 4073 ἢ
1311 4004 1445 4057 ὅπου
1473 4002 1672 4073 δήποτε
1700 4001 1816 4056 δια-

228 4084 537 4156 τρίϐοντες,
564 4083 734 4138 ταῦτα
760 4085 1007 4150 ἐλθόντες
1037 4086 1118 4149 είς
1149 4084 1251 4157 τὴν
1298 4084 1564 4156 ἑσπέραν,
1592 4084 1679 4139 διά
1712 4083 1813 4155 τῆς

231 4166 453 4236 ἐπῳδῆς
476 4166 679 4243 ταύτης
701 4167 1101 4239 ἀποδυσώμεθα
1132 4168 1232 4239 τῆς
1249 4167 1644 4238 πνευματικῆς,
1666 4167 1814 4238 Φάρ-

236 4267 415 4321 μακον
446 4251 554 4322 γάρ
579 4251 727 4304 ἐστιν
745 4250 998 4305 ἀπάντων
1017 4250 1222 4305 τούτων
1237 4248 1595 4320 ἀναιρετικόν,
1628 4248 1815 4304 Τοιοῦ-

231 4331 329 4394 τός
357 4334 473 4386 ἐστι
509 4332 605 4387 καὶ
634 4334 663 4386 6
692 4333 913 4401 ἑωθινὸς
934 4332 1147 4404 ψαλμός
1165 4349 1180 4365 ο
1216 4332 1368 4386 οὐδὲν
1389 4332 1499 4404 γάρ
1525 4331 1724 4387 κωλύει
1756 4334 1814 4386 ἐν

234 4413 435 4485 βραχεῖ
463 4415 716 4469 κάκείνου
752 4408 1175 4487 ἐπιμνησθῆνὼ.
1213 4415 1319 4468 Τὸν
1351 4414 1514 4475 πόθον
1547 4415 1657 4486 γὰρ
1683 4415 1816 4471 ἀνά-

231 4513 364 4550 mu
389 4497 484 4551 τὸν
540 4499 677 4571 πρὸς
709 4497 801 4552 τὸν
855 4497 1020 4563 Θεὸν,
1065 4498 1161 4552 καὶ
1186 4498 1443 4569 διεγείρει
1474 4496 1574 4570 τήν
1614 4499 1812 4574 ψυχὴν,

232 4578 334 4633 καὶ
365 4580 571 4653 σφόδρα
594 4580 875 4654 πυρώσας,
893 4581 989 4635 καὶ
1014 4579 1214 4651 πολλῆς
1235 4580 1518 4654 ἐμπλήσας
1546 4582 1817 4653 ἀγαθότ-η-

230 4678 330 4726 τος
361 4663 459 4716 καὶ
495 4664 735 4735 ἀγάπης,
771 4663 944 4728 οὕτως
973 4664 1166 4735 ἀφίησι
1216 4664 1553 4739 προσελθεῖν.
1590 4666 1817 4737 Ἰδωμεν

231 4745 295 4798 δὲ
324 4746 421 4798 καὶ
448 4746 612 4801 πόθεν
636 4748 992 4819 ἀρχεται,καὶ
1012 4747 1065 4801 τί
1091 4746 1332 4801 διδάσκει
1360 4748 1528 4818 ἡμᾶς’
1557 4748 1622 4802 '0
1649 4748 1814 4816 Θεὸς,

232 4830 269 4881 ὁ
300 4830 446 4894 Θεός
466 4847 607 4899 μου,
636 4830 790 4899 πρὸς
809 4830 885 4884 σὲ
914 4828 1168 4899 ὀρθρίζω.
1188 4829 1472 4898 Ἑδίψησέ
1497 4845 1571 4886 σε
1590 4833 1628 4899 ἠ
1644 4831 1814 4902 ψυχή

225 4926 376 4980 μου.
412 4910 575 4983 Ὁρᾷς
604 4913 721 4977 πῶς
750 4912 1153 4985 πεπυρωμένης
1179 4923 1202 4953 ο
1223 4912 1462 4967 δείκνυσι
1507 4912 1687 4987 ψυχῆς
1717 4916 1815 4987 ῥή-

236 5009 422 5064 ματα;
455 4994 623 5049 Ἔνθα
644 4995 703 5048 δέ
746 4996 935 5065 ἀγάπη
982 4994 1141 5053 Θεοῦ.
1179 4995 1357 5050 πάντα
1376 4995 1584 5067 οἴχεται
1613 4998 1685 5053 τά
1716 5015 1818 5053 πο-

230 5074 402 5146 νηρά·
420 5074 548 5131 ἔνθα
579 5079 769 5149 μνήμη
795 5077 952 5143 Θεοῦ,
968 5077 1201 5132 ἐνταῦθα
1221 5079 1633 5150 ἁμαρτημάτων
1651 5080 1812 5152 λήθη,

232 5158 334 5212 καὶ
370 5159 556 5215 κακῶν
606 5161 902 5231 ἀναίρεσις.
963 5160 1161 5227 οὕτως
1205 5160 1275 5215 ἐν
1318 5161 1398 5227 τῷ
1434 5163 1582 5234 ἁγίῳ
1608 5163 1818 5234 ὤφθην

303 5380 329 5407 ⁸
353 5379 494 5427 Alius
508 5378 597 5427 οὐκ
616 5378 674 5426 ἂν
694 5378 922 5440 ὑπομένοι
942 5378 1005 5441 μὴ
1029 5379 1281 5443 κερδήσας.

303 5449 332 5491 1)
354 5449 467 5498 Sav.
494 5449 604 5497 οὐδὲ
625 5449 705 5497 διὰ
727 5446 871 5496 τοῦτο
897 5446 1011 5509 γοῦν
1031 5448 1112 5497 τὸν
1138 5450 1324 5513 ψαλμὸν
1346 5449 1611 5500 ἐτῦπωσαν.

303 5524 326 5551 ε
351 5520 434 5585 Sic
453 5519 565 5585 SpV.
592 5520 689 5585 Alii
711 5521 796 5578 τὴν
818 5519 988 5585 ,ψυχῂν
1012 5521 1236 5585 πυρώσας
1266 5522 1422 5585 τεκαὶ
1442 5523 1619 5582 πολλῆς
1636 5525 1817 5585 ἐμπλή-

231 5600 331 5647 σας
353 5580 661 5647 ἀξγοιθότητύςΔ
678 5597 731 5647 τε
752 5581 833 5628 καὶ
850 5580 1057 5647 ἀγάπης,
1082 5580 1234 5637 οὕτως
1258 5582 1425 5647 ἀφίησι
1446 5580 1736 5647 προσελθεῖν·
1762 5580 1818 5635 τὸ

230 5645 330 5714 γὰρ
341 5643 573 5714 λέγεινὸτι
593 5642 784 5714 ὁιΘεὸς..
794 5680 804 5692 .
819 5654 853 5714 η
861 5641 994 5714 ψυχή
1003 5658 1111 5714 μου,
1123 5643 1407 5714 ποεπυρίΡδυ
1415 5646 1461 5693 Io
1472 5641 1581 5714 ῥοει
1590 5647 1687 5714 Quo
1698 5661 1797 5714 mss

234 5701 596 5771 ᾆμάρτήμᾶτὶυν
620 5703 752 5761 λύσις
774 5701 995 5752 καξζδεό
1016 5703 1131 5761 λήθη
1153 5704 1201 5753 in
1226 5701 1334 5753 aliis
1355 5701 1579 5757 omnibus
1604 5708 1805 5771 legitur.

1375 299 1747 361 EXPOSITIO
1781 297 1850 355 IN
1890 296 2216 357 PSALMUM
2257 301 2412 358 CXL.

3398 306 3511 375 ὄξει

1916 426 2037 472 σοι,
2073 412 2180 466 τοῦ
2208 413 2358 467 ἰδεῖν
2387 412 2501 482 τὴν
2529 413 2791 480 δύναμίν
2819 429 2937 470 σου
2959 459 2973 480 ,
3027 415 3126 470 καὶ
3166 414 3284 491 ¹τὴν
3310 416 3500 483 δόξαν

1914 512 2052 553 σου.
2083 499 2148 552 Τί
2182 501 2352 565 ἐστιν,
2381 501 2578 568 Οὕτως
2590 518 2609 567 ;
2646 501 2801 555 Μετά
2836 502 2930 556 τοῦ
2970 502 3160 568 πόθου,
3194 504 3347 577 φησὶ,
3377 504 3501 559 τού-

1913 604 2029 652 του,
2075 588 2213 659 μετά
2254 591 2354 661 τῆς
2391 590 2612 663 ἀγάπης
2667 591 2892 663 ταύτης,
2927 590 3068 646 ὥστε
3109 593 3235 647 ίδεῖν
3268 610 3362 647 σου
3398 595 3500 667 τὴν

1914 675 2090 742 δόξαν,
2126 678 2192 747 ἣν
2213 677 2486 749 πανταχοῦ
2506 679 2605 749 τῆς
2633 680 2734 749 γῆς
2764 679 2909 733 ἔστιν
2938 681 3086 737 ἰδεῖν.
3126 681 3265 735 Ἀλλ’
3302 682 3390 736 ἴνα
3422 681 3500 753 μὴ

1913 764 1976 819 τὸ
2008 766 2067 817 ἐν
2089 766 2277 837 χερσὶν
2325 766 2578 835 ἀφέντες,
2622 766 2684 820 τὸ
2712 767 2987 840 πάρεργον
3017 768 3496 842 ἐπεισαγάγωμεν,

1914 856 2386 927 παραπέμψαντες
2432 858 2523 911 τὸν
2548 857 2822 930 ἀκροατὴν
2851 859 2931 922 είς
2966 860 3035 914 τὰ
3084 860 3231 931 ὑπὲρ
3278 861 3491 915 ἐκείνου

1914 943 2201 1015 εἰρημένα,
2226 943 2335 998 τῶν
2364 944 2744 1016 προκειμένων
2771 945 2865 999 νῦν
2885 945 3172 1018 ἁψώμεθα.

1977 1031 2042 1085 Τί
2062 1032 2118 1085 δέ
2142 1047 2305 1102 φησιν
2319 1025 2494 1099 οὗτος
2524 1031 2726 1102 Κύριε,
2738 1032 3032 1103 ἐκέκραξα
3060 1035 3210 1103 πρὸς
3226 1035 3501 1103 σὲ,είσά·

1913 1122 2148 1175 κουσόν
2168 1138 2308 1190 μου.
2323 1121 2389 1174 Τί
2420 1120 2629 1190 λέγειςς
2657 1124 2780 1177 είπέ
2812 1140 2902 1193 μοι
2924 1139 2938 1153 ο
2960 1123 3146 1194 ἐπειδὴ
3175 1123 3497 1195 ἐκέκραξας,

1914 1207 2239 1278 ἀκουσθῆναι
2263 1207 2451 1275 ἀξιοῖς,
2473 1210 2569 1263 καὶ
2585 1209 2787 1281 ταύτην
2802 1208 2956 1281 τίθης
2973 1210 3170 1273 αίτίαν,
3192 1210 3267 1272 ὠς
3281 1210 3501 1281 εὔλογον

1912 1295 2008 1350 τοῦ
2025 1296 2356 1369 ἀκουσθῆναι
2370 1296 2420 1358 άξ
2440 1297 2649 1353 Οὐκοῦν
2667 1295 3066 1369 μεγαλοφώνων
3087 1296 3183 1353 νῦν
3211 1299 3386 1370 χρεία,
3406 1300 3500 1355 καὶ

1912 1384 2063 1438 τόνον
2091 1385 2355 1455 ἐχόντωνς
2392 1385 2533 1439 Ἀλλ’
2564 1387 2665 1440 οῦκ
2690 1385 2759 1440 ἂν
2788 1385 2899 1456 ἔχοι
2921 1384 3081 1439 τοῦτο
3098 1384 3272 1454 λόγον.
3309 1386 3501 1458 Τίγάρ

1911 1471 2162 1544 ἥμαρτεν
2198 1472 2229 1525 6
2272 1472 2618 1544 μικρόφωνος
2665 1473 2759 1527 καὶ
2818 1473 3143 1543 ἰσχνόφωνος
3164 1464 3268 1526 καὶ
3302 1472 3502 1545 βραδύ-

1911 1559 2190 1628 γλωσσος;
2247 1560 2382 1631 Οὐχὶ
2433 1559 2671 1622 τοιοῦτος
2693 1556 2761 1632 ἦν
2798 1560 2827 1613 6
2858 1562 3120 1632 Μωῦσῆς.
3157 1562 3252 1615 καὶ
3282 1560 3500 1617 πάντων

1915 1648 2117 1719 μᾶλλον
2163 1647 2424 1718 ήκούετος
2482 1649 2602 1719 ούχλ⁵
2661 1648 2832 1703 πλείω
2853 1650 3090 1710 ,πάντων
3148 1651 3196 1704 οἱ
3252 1648 3499 1703 Ἰουδαῖοι

1912 1734 2103 1798 ἐϐόων,
2152 1735 2267 1789 ἀλλ’
2304 1736 2402 1789 οὐκ
2437 1736 2723 1790 ἐπένευσεν
2772 1737 2952 1792 αὐτῶν
3000 1739 3120 1802 ταῖς
3170 1737 3420 1809 δεήσεσιν
3468 1737 3499 1790 6
3600 1794 3606 1800 ,

1911 1818 2046 1881 Θεός
2064 1834 2078 1883 ;
2094 1818 2168 1872 Τὸ
2188 1819 2298 1892 γάρ
2333 1820 2476 1890 μέγα
2510 1820 2756 1890 φωνῆσαι
2773 1821 2867 1875 καὶ
2886 1821 3101 1893 μικρὸν,
3116 1821 3328 1892 φύσεως
3344 1820 3498 1896 [428]

1913 1904 2298 1977 πλεονέκτημα
2333 1906 2428 1959 καὶ
2460 1906 2767 1978 ἐλάττωμα.
2817 1907 3003 1961 Ταῦτα
3043 1908 3100 1961 δὲ
3132 1906 3256 1962 οὔτε
3303 1907 3499 1963 ἀκούε⁸

1915 1992 2061 2056 σθαι,
2082 1992 2208 2047 οὕτε
2242 1994 2652 2065 παρακούεσθαι
2683 1997 2844 2049 ποιεῖ·
2875 1993 2999 2049 οὔτε
3041 1994 3154 2067 γὰρ
3184 1996 3496 2066 ἐγκωμίων,

1912 2079 2035 2134 οὕτε
2052 2081 2527 2153 κατηγορημάτων
2551 2081 2696 2148 ἀξια.
2717 2082 2895 2137 Πολλά
2913 2082 3023 2152 γάρ
3039 2084 3147 2137 τῶν
3164 2083 3266 2153 τῆς
3282 2082 3498 2154 φύσεως

1914 2168 2406 2238 πλεονεκτημάτων
2437 2168 2533 2222 καὶ
2561 2171 2778 2240 μιαροῖς
2804 2169 3117 2241 πρόσεστιν.
3154 2168 3295 2241 Οὐχὶ⁵
3332 2169 3493 2234 καλὸς

1911 2249 2000 2324 ἦν,
2034 2255 2128 2307 καὶ
2173 2252 2404 2325 εὐειδὴς,
2449 2254 2544 2308 καὶ
2606 2254 2766 2328 μέχρι
2796 2255 2907 2309 τῶν
2953 2255 3265 2328 βοστρύχων
3314 2257 3497 2313 αὐτῶν

1913 2338 2062 2398 εἷλκε
2090 2342 2184 2398 τοῦ
2214 2342 2464 2415 σώματος
2500 2343 2596 2416 τὴν
2620 2344 2769 2416 ὥραν
2787 2347 2817 2400 6
2860 2344 3217 2416 Ἀὄεσσαλώμ
3242 2362 3257 2413 ;
3290 2345 3356 2399 Τί
3375 2345 3463 2400 δαί
3472 2360 3489 2411 ;

1912 2430 2038 2502 οὐχὶ
2095 2425 2371 2503 φαλακρὸς
2399 2427 2467 2503 ἦν
2498 2434 2527 2487 6
2561 2432 2882 2498 Ἐλισσαῖος,
2926 2432 3001 2496 ὡς
3027 2432 3122 2486 καὶ
3149 2431 3498 2487 σκώπτεσθαι

1913 2518 2066 2589 παρά
2088 2518 2197 2572 τῶν
2230 2519 2490 2588 παιδίων;
2536 2519 2675 2574 Ἀλλ’
2703 2519 2854 2575 οὐδὲν
2883 2521 3002 2575 οὐδὲ
3038 2530 3062 2558 ο
3082 2522 3287 2574 ἐκεῖνον
3315 2523 3348 2592 η
3378 2519 3499 2593 ὥρα

1912 2605 2216 2679 ὠφέλησεν,
2240 2606 2364 2660 οὔτε
2390 2606 2578 2662 τοῦτον
2609 2608 2643 2677 ἡ
2674 2607 2923 2680 ἀμορφία
2951 2607 3287 2682 παρέδλαψε.
3310 2610 3420 2663 Καὶ
3443 2608 3498 2662 τί

1913 2692 2057 2763 λέγω
2093 2694 2185 2748 τὸν
2213 2693 2561 2765 ἰσχνόφωνον,
2595 2696 2629 2767 ἦ
2662 2694 3095 2767 βραδύγλωσσον,
3123 2697 3255 2750 ὃπου
3307 2712 3372 2767 γε
3405 2695 3501 2749 καὶ

1915 2782 2085 2853 σιγῶν
2116 2783 2345 2854 ἠκούετο
2379 2785 2407 2837 6
2436 2784 2701 2855 Μωῦσῆς,
2760 2785 2854 2839 καὶ
2890 2785 3026 2857 μηδὲ
3065 2785 3413 2855 φθεγγομένη
3463 2786 3498 2856 ἡ

1918 2872 2121 2937 'Awa;
2151 2871 2424 2935 Ἰουδαίοις
2445 2871 2501 2925 δὲ
2523 2871 2903 2943 διαλεγόμενος
2918 2871 3089 2935 δΘεὸς
3120 2869 3140 2910 ί
3171 2872 3343 2941 ἔλεγε·
3364 2871 3501 2926 Ἐὰν

1913 2958 2262 3026 πληθύνητε
2299 2958 2414 3026 τὴν
2439 2957 2669 3026 δέησιν,
2702 2961 2816 3016 οὐκ
2847 2960 3280 3029 είσακούσομαι
3310 2959 3496 3030 ὑμῶν.

1913 3040 1980 3097 Τί
2010 3038 2102 3097 οῦν
2116 3038 2269 3108 οὗτος
2287 3044 2457 3113 λέγει,
2488 3043 2815 3115 Ἐκέκραξα
2839 3046 2991 3115 πρὸς
3012 3045 3108 3111 σὲ,
3128 3046 3501 3101 είσάκουσόν

1907 3146 2064 3201 pou;
2099 3130 2361 3202 Κραυγὴν
2378 3131 2611 3186 ἐνταῦθα
2633 3132 2732 3205 τὴν
2758 3133 2905 3189 ἔνδον
2924 3134 3107 3206 φησὶν,
3143 3134 3211 3205 ἢν
3241 3136 3274 3205 ἡ
3302 3133 3500 3205 καρδία

1913 3217 2125 3271 ἔτικτεν
2161 3220 2195 3289 ή
2228 3219 2625 3291 πεπυρωμένη,
2669 3222 2763 3275 καὶ
2792 3222 2826 3293 ἡ
2869 3221 3079 3276 διάνοια
3106 3224 3140 3294 ἡ
3170 3240 3497 3295 συντετριμ-

1915 3304 2075 3375 μένη.
2104 3305 2171 3377 ἦν
2205 3305 2300 3359 κει)⁸
2320 3307 2564 3376 Μωῦσῆς
2591 3306 2731 3378 βοῶν
2772 3307 3023 3377 ἠκούετο.
3069 3308 3283 3380 Ὥσπερ
3310 3310 3419 3381 γὰρ
3470 3310 3500 3363 6

1913 3392 2054 3465 βοῶν
2078 3396 2104 3435 ³
2134 3396 2314 3450 πᾶσαν
2340 3395 2441 3467 τὴν
2470 3395 2701 3467 δύναμιν
2751 3397 2918 3451 αὐτοῦ
2951 3400 3114 3462 κενοῖ,
3152 3397 3294 3452 οῧτω
3335 3401 3429 3452 κα)⁵
3470 3398 3515 3451 ὁ.

1911 3482 2110 3555 καρδία
2141 3482 2278 3554 βοῶν
2308 3482 2487 3537 πάντα
2514 3483 2607 3537 τὸν
2640 3483 2765 3537 νοῦν
2797 3483 3106 3555 συστρέφει.

1985 3571 2050 3643 β’.
2066 3572 2335 3643 Τοιαύτην
2355 3569 2448 3627 οῦν
2471 3573 2719 3645 κραυγὴν
2741 3573 2895 3647 ζητεῖ
2911 3577 2940 3628 6
2960 3575 3113 3641 Θεὸς,
3138 3574 3240 3648 τὴν
3263 3577 3498 3648 συστρέ·

1914 3677 2117 3730 φουσαν
2146 3661 2247 3732 τὴν
2275 3660 2523 3733 καρδίαν,
2557 3662 2657 3734 τὴν
2680 3662 2780 3718 οῦκ
2811 3662 2988 3718 ἐῶσαν
3014 3664 3351 3735 χασμᾶσθαι,
3403 3666 3500 3719 καὶ

1910 3747 2253 3803 ἀνακλᾶσθαι
2281 3749 2371 3803 τὸν
2403 3749 2693 3819 ψάλλοντα.
2729 3751 2805 3804 06
2828 3751 2989 3822 μόνον
3026 3752 3085 3806 δὲ
3116 3753 3364 3825 κραυγὴν
3388 3771 3500 3807 τοι·

1911 3837 2082 3909 αύτην
2122 3832 2293 3909 ζητεῖ,
2326 3839 2463 3893 ἀλλά
2501 3840 2595 3894 καὶ
2623 3839 2685 3894 τὸ
2715 3840 2853 3913 πρὸς
2882 3841 3045 3895 αὑτὸν
3067 3840 3343 3912 εὔχεσθαι.
3373 3842 3498 3897 Είσὶ

1911 3931 2021 4001 γὰρ
2041 3929 2226 3983 πολλοὶ
2262 3930 2311 3985 οἳ
2341 3931 2605 4001 ἑστήκασι
2637 3931 2758 4002 μὲν,
2798 3932 2860 3985 ού
2902 3930 3067 4001 βοῶσι
3110 3932 3165 3986 δὲ
3216 3933 3352 4004 πρὸς
3404 3931 3498 3986 τὸν

1910 4017 2064 4083 Θεὸν,
2095 4016 2232 4072 ἀλλά
2258 4018 2328 4072 τά
2370 4018 2468 4089 μὲν
2514 4018 2667 4090 χείλη
2703 4018 2839 4092 πρὸς
2868 4019 2959 4073 τὸν
3001 4018 3133 4073 Θεὸν
3173 4019 3290 4093 βοᾷ,
3316 4020 3411 4075 καὶ
3436 4020 3500 4076 τὸ

1910 4104 2082 4175 ὄνομα
2114 4103 2209 4158 τοῦ
2237 4104 2371 4158 Θεοῦ
2394 4105 2703 4178 περιφέρει,
2734 4108 2767 4178 ή
2795 4106 2852 4159 δὲ
2884 4104 3094 4161 διάνοια
3120 4107 3331 4171 οὐδενὸς
3347 4108 3499 4163 ἐπαι·

1913 4191 2172 4247 σθάνεται
2200 4192 2311 4246 τῶν
2329 4192 2656 4263 λεγομένων.
2700 4194 2757 4247 Ὀ
2782 4193 3020 4258 τοιοῦτος
3046 4194 3106 4247 οὐ
3141 4194 3355 4264 κράζει,
3393 4197 3499 4251 κᾶν

1915 4279 2061 4352 μέγα
2098 4277 2128 4318 δ
2161 4280 2278 4353 βοᾷ·
2319 4284 2347 4336 6
2374 4283 2614 4346 τοιοῦτος
2658 4282 2779 4336 οὐδὲ
2808 4281 2944 4354 πρὸς
2970 4282 3061 4336 τὸν
3082 4284 3214 4337 Θεὸν
3257 4282 3496 4354 εὔχεται,

1912 4368 2016 4424 κᾶν
2047 4367 2176 4440 δοκῇ
2224 4368 2359 4440 πρὸς
2386 4369 2549 4423 αὑτὸν
2578 4367 2849 4440 εὔχεσθαι.
2899 4370 3039 4425 Ἀλλ’
3076 4372 3176 4442 οὐχ
3206 4372 3235 4424 6
3263 4371 3499 4444 Μωῦσῆς

1912 4456 2104 4522 οὕτως,
2162 4456 2278 4510 ἀλλ’
2313 4456 2463 4521 ἐϐόα,
2517 4458 2612 4511 καὶ
2668 4458 2919 4528 ἠκούετο·
2959 4458 3042 4513 διὸ
3092 4460 3186 4513 καὶ
3218 4460 3368 4533 παρά
3398 4461 3496 4514 τοῦ

1913 4542 2071 4607 Θεοῦ,
2105 4545 2165 4598 Τί
2194 4542 2353 4611 βοᾷς
2383 4545 2531 4612 πρός
2557 4561 2656 4612 με,
2684 4544 2893 4599 ἀκούει.
2919 4546 2994 4599 Οὐ
3021 4548 3180 4615 μόνον
3218 4545 3276 4600 δὲ
3333 4546 3493 4617 βοῶν,

1913 4632 2052 4686 ἀλλά
2082 4631 2177 4686 καὶ
2210 4632 2379 4701 σιγῶν
2402 4633 2597 4702 ήνυσεν
2619 4632 2763 4703 ειπερ
2782 4632 2993 4705 ἢθελεν,
3026 4632 3175 4701 ἀξιον
3196 4634 3496 4705 παρασχὼν

1914 4719 2108 4775 ἑαυτὸν
2134 4718 2228 4773 τοῦ
2259 4718 2569 4773 ἀκούεσθαι.
2602 4720 2665 4774 El
2690 4719 2749 4774 δὲ
2792 4720 2973 4791 βούλει
3006 4722 3102 4776 καὶ
3134 4722 3496 4794 ἁμαρτωλοὺς

1914 4807 2147 4871 ἐκτενῶς
2165 4807 2291 4860 ἰδεῖν
2314 4807 2662 4879 εὐχομένους,
2690 4808 2784 4863 καὶ
2800 4807 3063 4874 ἀνύοντας
3090 4811 3182 4863 καὶ
3196 4810 3497 4884 κράζοντας

1918 4894 2153 4965 μεγάλα,
2185 4894 2288 4964 ὅρα
2312 4893 2412 4966 τὴν
2436 4894 2646 4966 πόρνην
2671 4897 2771 4966 τὴν
2803 4899 2930 4969 σιγῇ
2972 4895 3204 4967 βοῶσαν·
3255 4899 3359 4971 ὅρα
3403 4898 3496 4952 τὸν

1913 4982 2149 5053 τελώνην
2198 4983 2308 5038 ἀπὸ
2355 4984 2523 5055 εὐχῆς
2557 4984 2914 5040 δικαιωθέντα
2953 4986 3139 5058 μόνης.
3175 4987 3442 5059 Τοιαύτην
3471 4988 3490 5029 ί

1916 5070 2165 5143 κραυγὴν
2194 5071 2292 5126 καὶ
2324 5065 2481 5136 οὗτος
2529 5074 2786 5138 ποιεῖται,
2841 5072 2923 5126 διὸ
2971 5075 3066 5128 καὶ
3092 5073 3262 5142 λέγει·
3295 5076 3492 5142 Κύριε,

1911 5159 2206 5229 ἐκέκραξα
2241 5159 2387 5227 πρὸς
2409 5159 2503 5227 σὲ,
2542 5158 2911 5216 είσάκουσόν
2940 5172 3081 5229 μου·
3109 5159 3204 5212 καὶ
3226 5159 3313 5214 διά
3337 5158 3498 5214 τοῦτο

1914 5246 2247 5319 ἀκουσθῆναι
2269 5247 2429 5314 ἀξιοῖ.

1976 5401 2004 5441 d
2027 5403 2139 5452 Sav.
2164 5401 2319 5449 αἰτίαν
2339 5401 2530 5463 εὔλογον
2552 5401 2860 5463 ἀκουσθῆναι.

1979 5467 2005 5525 9
2029 5464 2156 5513 Ούδέ
2177 5469 2288 5525 post
2303 5463 2437 5525 οὐδέν
2458 5457 2633 5511 deerat
2654 5464 2703 5512 in
2730 5457 2870 5525 Lion,
2892 5460 2977 5510 sed
3003 5459 3085 5509 alii
3106 5457 3306 5509 habent.

1986 5524 2004 5563 ί
2035 5525 2153 5573 Mor.
2238 5524 2375 5580 Θεὸς,
2399 5523 2511 5573 Sav.
2537 5524 2564 5571 6
2588 5523 2806 5587 Χριστός.

1982 5588 2008 5626 ε
2034 5588 2146 5636 Sav.
2172 5586 2199 5632 6
2222 5587 2406 5646 φωνῶν.

1985 5647 2012 5715 ξ
2038 5649 2149 5715 ξαν.
2174 5648 2261 5693 κᾶν
2288 5646 2485 5715 μεγάλα.
2580 5705 2590 5715 θ

1994 5711 2009 5749 ι
2040 5710 2150 5758 Sav.
2176 5707 2398 5764 τοιαύτην
2415 5707 2503 5773 γάρ
2528 5707 2688 5758 minus
2708 5714 2866 5759 recte.
