3928 6426
311 327 425 388 εεῖἒ)

311 453 384 508 te,
410 441 597 512 exaudi
618 455 695 501 me
720 453 738 494 .'
761 448 811 495 et
838 437 959 495 ideo
986 443 1135 508 rogat
1160 443 1218 490 ut
1238 434 1501 490 audiatur.
1545 434 1672 489 Cum
1709 435 1900 488 clama-

309 548 432 586 oem
450 534 516 584 ad
533 543 597 588 te.

395 626 570 684 Oratio
605 641 637 678 a
680 623 790 678 Dea
833 621 1061 678 exaudiri
1095 622 1249 691 digna
1297 636 1424 691 quia.
1457 650 1527 660 —
1556 618 1691 673 V’ide
1743 619 1902 673 etiam

311 717 478 769 aliam
518 715 765 769 virtutem
795 713 1070 767 orationis.
1103 712 1216 765 Non
1248 712 1388 765 enim
1409 717 1554 779 rogat
1588 709 1707 763 ideo
1737 724 1904 764 exau-

306 809 443 874 diri,
472 807 608 880 quod
641 821 832 876 magno
858 815 910 860 et
936 805 1238 861 vehementi
1261 803 1434 857 studio
1461 810 1594 867 oret,
1626 800 1718 856 sed
1745 801 1904 854 etiam

309 916 384 951 ex
411 913 476 951 eo
503 897 640 968 quod
669 899 826 952 talem
850 895 1039 950 oll‘erat
1065 893 1359 949 orationem
1386 935 1400 957 ,
1431 903 1486 946 ut
1512 892 1669 962 digna
1692 893 1760 944 sit
1779 906 1908 944 ocu-

311 991 386 1044 lis
411 990 531 1054 illis,
563 1004 776 1058 semper
797 988 1157 1057 vigilantibus.
1192 986 1446 1053 Quantam
1493 994 1667 1038 autem
1692 999 1755 1038 ea
1783 983 1905 1037 est?

305 1081 450 1135 Cum
479 1080 595 1150 quis
623 1096 727 1134 non
757 1080 896 1134 male
941 1087 1188 1148 precatur
1216 1077 1443 1131 inimicis
1464 1117 1478 1140 ,
1506 1090 1628 1130 cum
1653 1089 1756 1128 non
1788 1083 1907 1128 orat

314 1189 420 1241 pro
473 1173 672 1226 divitiis
716 1180 770 1227 et
809 1170 1169 1236 facultatibus,
1199 1185 1320 1224 cum
1345 1184 1448 1224 non
1473 1183 1569 1238 pro
1596 1167 1825 1237 potentia
1853 1175 1906 1222 et

305 1265 508 1333 gloria,
542 1280 714 1334 neque
756 1279 855 1333 pro
877 1264 981 1318 ulla
1025 1278 1081 1317 re
1124 1261 1261 1316 ﬂuxa
1292 1269 1346 1316 et
1389 1261 1628 1326 caduca;
1674 1259 1767 1314 sed
1809 1273 1906 1328 pro

307 1358 424 1410 illis
457 1357 866 1425 immortalibus,
899 1373 1016 1426 qua:
1045 1371 1330 1425 numquam
1368 1354 1650 1409 intereunt.
1686 1353 1907 1418 Qutcrite

305 1447 462 1510 enim
482 1490 495 1513 ,
530 1447 730 1516 inquit,
762 1463 972 1517 regnum
1003 1445 1128 1511 Dei,
1162 1455 1208 1499 et
1244 1445 1352 1499 licet:
1381 1445 1554 1498 omnia
1598 1443 1905 1513 adjicientur

307 1540 454 1593 robis
477 1537 689 1610 (Matth.
712 1538 764 1594 6.
794 1539 908 1608 55).
939 1538 1062 1592 Cum
1083 1539 1364 1591 clamavero
1384 1537 1452 1589 ad
1488 1545 1554 1591 te.
1583 1536 1744 1590 Vides
1773 1551 1903 1605 quo-

309 1631 483 1685 modo
505 1631 617 1685 vult
646 1647 743 1685 nos
763 1646 975 1700 quoque
995 1645 1118 1685 cum
1136 1645 1332 1700 magno
1360 1629 1536 1684 studio
1556 1637 1611 1684 et
1633 1629 1905 1684 alacritate

309 1723 482 1776 animi
504 1738 623 1777 eum
651 1723 880 1778 vocare?
909 1723 1120 1778 Etenim
1147 1723 1390 1777 diabolus
1413 1731 1539 1777 tunc
1567 1721 1798 1777 maxime
1825 1722 1906 1776 in-

309 1814 557 1869 sidiatur.
585 1814 715 1881 Quia
735 1815 877 1869 enim
907 1816 1250 1871 scitmaxima
1279 1830 1429 1869 arma
1455 1829 1572 1870 esse
1599 1829 1783 1884 preces
1807 1856 1821 1879 ,
1850 1823 1905 1870 et

311 1921 418 1960 nos
467 1907 592 1962 licet
633 1908 800 1962 simus
828 1917 1138 1978 peccatores
1177 1907 1500 1978 inl'amiaque
1527 1917 1583 1962 et
1611 1908 1902 1978 ignominia

311 1999 520 2060 notati,
550 2000 593 2052 si
625 2008 803 2056 tamen
852 2000 1090 2070 perfecte
1131 2009 1186 2054 et
1235 1999 1327 2054 Dei
1371 1999 1574 2070 legibus
1617 1999 1904 2069 diligenter

308 2089 541 2144 servatis
560 2130 575 2156 ,
605 2105 820 2146 oremus
846 2133 860 2156 ,
890 2108 1076 2162 magna
1105 2092 1319 2146 efﬁcere
1351 2107 1366 2145 :
1400 2101 1526 2146 tunc
1556 2105 1652 2145 nos
1679 2100 1904 2146 conatur

309 2180 591 2250 impellere
618 2182 670 2236 in
706 2182 1026 2250 socordiam,
1055 2192 1109 2237 et
1131 2183 1403 2238 dimovere
1432 2191 1667 2237 nostram
1696 2183 1898 2253 cogita-

311 2272 517 2326 tionem
553 2285 567 2322 :
614 2280 673 2328 ut
714 2272 870 2333 faciat
904 2288 1004 2328 nos
1042 2273 1243 2345 absque
1281 2273 1391 2328 ullo
1433 2271 1606 2328 fructu
1647 2273 1902 2330 recedere

311 2363 386 2420 ab
413 2364 676 2418 oratione.

397 2454 628 2510 Inimicis
657 2473 755 2509 non
779 2457 908 2510 male
946 2456 1275 2527 precandum,
1303 2487 1373 2497 —
1397 2456 1652 2526 Quocirca
1692 2464 1903 2526 oportet

311 2562 440 2612 nos,
468 2561 588 2601 eum
619 2548 731 2602 haec
759 2549 1009 2614 sciamus,
1038 2548 1294 2603 adversus
1323 2563 1443 2601 eum
1480 2558 1718 2602 nostrum
1746 2564 1898 2603 com-

309 2638 526 2693 munire
565 2639 795 2693 smdium
837 2652 887 2693 et
918 2640 1277 2709 diligentiam,
1329 2650 1382 2696 et
1429 2640 1658 2695 inimicis
1703 2641 1899 2694 nostris

306 2745 598 2799 numquam
629 2732 768 2795 male
809 2734 1031 2802 precari,
1082 2733 1176 2788 sed
1229 2734 1500 2802 apostolos
1549 2733 1765 2787 imitari.
1819 2732 1897 2788 Illi

305 2825 454 2877 enim
482 2840 600 2879 cum
635 2827 772 2895 passi
799 2835 980 2880 essent
1022 2827 1158 2880 mala
1199 2826 1496 2891 innumera,
1530 2826 1582 2880 in
1627 2841 1896 2881 carcerem

310 2916 543 2985 conjecti
568 2926 767 2982 essent,
785 2929 839 2972 et
865 2918 916 2971 in
936 2928 1235 2973 extremum
1257 2917 1466 2972 adducti
1494 2919 1804 2988 periculum,
1829 2917 1894 2972 ad

311 3009 611 3063 orationem
633 3008 1029 3078 confugiebant,
1059 3009 1297 3064 dicentes
1331 3027 1343 3061 :
1378 3008 1591 3076 Respice
1619 3025 1770 3078 super
1795 3010 1895 3062 mi-

306 3116 403 3151 nas
433 3101 655 3163 ipsorum
681 3097 815 3172 (Act.
845 3101 902 3155 4.
925 3099 1039 3170 29).
1065 3101 1129 3154 Et
1157 3099 1282 3176 quid
1307 3100 1526 3169 postea?
1552 3099 1687 3153 Num
1710 3141 1722 3164 ,
1751 3098 1893 3154 Con-

308 3189 483 3259 fringe
514 3190 677 3259 ipsos,
708 3190 791 3245 vel
821 3190 1038 3255 occide,
1067 3189 1334 3255 dicebant,
1366 3200 1426 3243 ut
1457 3190 1602 3243 multi
1639 3204 1781 3258 saepe
1808 3189 1894 3243 di-

307 3293 438 3336 cunt
467 3283 855 3352 imprecantes?
881 3275 1242 3356 Nequaquam.
1274 3281 1380 3337 Sed
1406 3281 1569 3351 quid?
1599 3281 1666 3334 Et
1697 3281 1762 3334 da
1786 3297 1895 3335 ser-

307 3374 384 3426 t-is
437 3374 534 3428 tuis
591 3390 708 3427 cum
760 3374 949 3443 ﬁducia
986 3357 1140 3443 lloqui
1212 3373 1414 3429 verbum
1465 3382 1604 3426 tuum
1653 3371 1828 3444 (Ibid.
1852 3372 1892 3439 ).

306 3466 588 3533 Quoinodo
613 3475 666 3522 et
719 3482 821 3536 qua
860 3466 1102 3524 ratione?
1133 3467 1183 3520 in
1231 3465 1536 3525 occidendis
1563 3465 1626 3519 iis
1652 3465 1738 3534 qni
1761 3465 1890 3520 insi-

307 3556 562 3620 diantur?
589 3559 640 3611 in
672 3557 734 3612 iis
754 3557 994 3612 delendis
1022 3566 1075 3612 et
1097 3557 1161 3610 ad
1187 3557 1606 3611 internecionem
1631 3572 1794 3626 usque
1820 3556 1890 3612 de

306 3647 488 3702 medio
521 3647 805 3704 tollendis?
833 3648 1070 3704 Minime.
1118 3647 1222 3702 Sed
1243 3647 1546 3717 quomodo?
1579 3645 1642 3700 In
1667 3647 1823 3717 signis
1849 3655 1895 3701 et

303 3738 554 3810 prodigiis
608 3738 852 3806 faciendis
905 3755 994 3808 per
1028 3746 1254 3797 sanctum
1303 3736 1494 3797 Filium
1534 3746 1673 3790 tuum
1717 3736 1895 3790 Jesmn

307 3826 471 3898 (Ibid.
509 3844 556 3882 υ.
589 3827 702 3898 50).
741 3829 925 3884 Vidisti
956 3829 1250 3883 orationem
1288 3829 1495 3898 plenam
1533 3826 1890 3897 philosophia,

304 3926 362 3982 et
387 3933 506 3987 qua:
536 3928 654 3988 post
673 3927 755 3972 tot
779 3927 830 3974 ct
864 3927 1008 3973 tanta
1041 3920 1178 3972 mala
1204 3933 1307 3980 non
1333 3919 1557 3988 pctit,ut
1576 3918 1892 3987 supplicium

304 4018 547 4063 smnatnr
586 4008 654 4064 de
695 4009 960 4063 inimicis?
1011 4008 1113 4063 Sed
1153 4009 1204 4061 hi
1234 4009 1448 4078 quidem
1478 4008 1574 4072 sic,
1603 4009 1774 4062 adhuc
1817 4007 1898 4062 vi-

304 4109 494 4154 ventes
519 4109 571 4154 el
596 4100 859 4169 Spirantcs
889 4118 903 4155 :
935 4100 1237 4171 Stephanus
1269 4107 1468 4164 autem,
1497 4114 1616 4154 cum
1649 4114 1892 4170 przcscn-

307 4194 377 4247 tis
422 4192 541 4246 vita:
570 4208 756 4247 cursus
783 4201 928 4248 esset
966 4193 1014 4247 ei
1046 4191 1512 4260 interrumpendus
1532 4233 1546 4255 ,
1584 4207 1689 4246 non
1722 4191 1892 4244 solum

307 4282 444 4348 nihil
472 4285 592 4336 mali
625 4284 702 4338 eis
731 4284 899 4353 petiit,
933 4283 1024 4337 sed
1055 4299 1147 4338 eos
1177 4283 1336 4338 etiam
1375 4283 1464 4352 qui
1509 4283 1817 4352 lapidabant
1841 4291 1896 4337 et

307 4391 432 4438 eum
463 4376 858 4442 interimebant,
885 4376 1062 4432 studet
1091 4392 1184 4446 per
1205 4391 1354 4433 suam
1373 4376 1667 4430 orationem
1686 4377 1896 4446 eripere

305 4468 377 4522 ab
409 4467 483 4522 ira
509 4509 524 4532 ,
562 4485 679 4537 qnze
709 4477 824 4522 erat
853 4469 903 4522 in
932 4483 1025 4522 eos
1058 4479 1279 4524 ventura
1312 4478 1526 4537 propter
1554 4466 1656 4523 hoc
1703 4483 1894 4537 pecca-

305 4569 441 4623 tum,
468 4569 520 4613 et
548 4558 695 4625 dicit,
730 4557 813 4613 Ne
834 4569 1026 4613 statuas
1055 4559 1125 4612 eis
1155 4559 1246 4612 hoc
1267 4569 1522 4630 peccatum
1544 4558 1677 4630 (Act.
1705 4561 1754 4612 7.
1779 4559 1892 4631 59).

305 4655 604 4716 Quamnam
642 4665 770 4721 ergo
795 4652 1003 4706 veniam
1041 4657 1468 4720 consequentur,
1501 4659 1554 4704 et
1579 4665 1681 4720 qua
1709 4649 1892 4704 defen-

302 4743 462 4798 sione
502 4751 744 4807 utentur,
778 4742 866 4812 qui
922 4742 1152 4795 inimicis
1205 4740 1342 4795 male
1397 4741 1716 4811 preczmtur?
1764 4756 1896 4811 quo-

304 4834 469 4904 modo
497 4844 672 4889 autem
696 4835 932 4890 exaudiri
965 4835 1159 4904 poterit
1187 4849 1248 4889 ea
1279 4834 1470 4900 oratio,
1499 4832 1710 4904 quando
1736 4849 1896 4904 repu-

303 4936 436 4996 gnat
464 4926 552 4980 Dei
580 4927 784 4995 legibus
807 4925 984 4980 ?Nihi|
1015 4941 1143 4995 ergo
1175 4926 1278 4980 tale
1300 4925 1558 4979 dicamus.
1578 4924 1690 4980 Non
1723 4925 1894 4980 solum

304 5017 451 5072 enim
483 5032 586 5070 non
614 5025 696 5071 est
724 5017 862 5071 male
888 5017 1210 5087 precandum
1240 5015 1487 5080 inimicis,
1506 5015 1598 5070 sed
1631 5017 1706 5070 ira
1732 5017 1893 5071 etiam

307 5109 361 5160 in
406 5122 498 5161 eos
527 5116 782 5176 concepta
823 5115 908 5163 est
945 5107 1235 5162 auferenda
1271 5124 1283 5159 :
1317 5116 1370 5161 et
1414 5107 1534 5161 ideo
1561 5107 1689 5162 dicit
1721 5124 1733 5160 :
1771 5106 1898 5162 Volo

305 5201 442 5254 rio-os
481 5215 626 5253 orare
653 5200 705 5252 in
733 5201 870 5253 onmi
895 5200 1003 5253 loco
1029 5241 1042 5264 ,
1067 5200 1293 5253 tollentes
1323 5215 1503 5252 manus
1548 5210 1747 5254 sanctas
1793 5199 1900 5253 sine

303 5293 386 5344 ira
413 5301 458 5344 et
483 5292 844 5362 disceptatione
872 5291 946 5359 (l.
981 5291 1114 5346 Tim.
1142 5292 1198 5345 2.
1219 5291 1296 5360 8).
1322 5290 1430 5344 lloc
1452 5301 1554 5354 est,
1584 5291 1690 5344 Etsi
1714 5291 1782 5344 sit
1803 5290 1898 5344 tibi

308 5384 574 5449 inimicus,
609 5383 887 5453 exstingue
915 5383 1069 5447 iram,
1101 5391 1155 5437 et
1187 5383 1256 5436 ita
1275 5383 1471 5436 accede
1496 5381 1559 5435 ad
1593 5381 1896 5448 Dominum,

311 5485 367 5529 ct
422 5491 524 5529 non
579 5475 750 5530 solum
797 5475 1052 5529 adversus
1082 5490 1200 5528 eum
1245 5490 1337 5527 ore
1379 5473 1511 5527 nihil
1560 5473 1782 5541 dixeris,
1805 5473 1902 5528 sed

308 5567 471 5619 etiam
503 5582 765 5636 expurges
795 5567 940 5620 virus
969 5566 1039 5618 tui
1067 5565 1253 5618 animi.
1285 5565 1340 5618 Si
1370 5564 1488 5619 talis
1508 5565 1575 5619 sit
1597 5573 1683 5618 tua
1707 5565 1898 5632 oratio,

308 5668 362 5711 ct
394 5658 692 5712 vehementi
716 5657 892 5712 studio
926 5657 1087 5710 Deum
1118 5655 1483 5722 invocaveris,
1516 5656 1676 5710 etiam
1723 5656 1902 5726 prius-

311 5763 471 5822 quam
516 5749 809 5806 orationem
855 5747 1181 5818 perfeceris,
1229 5745 1549 5802 exaudieris.
1624 5746 1735 5802 lloc
1789 5747 1901 5818 ip;e

1462 317 1821 375 EXPOSITIO
1860 317 1926 372 IN
1965 316 2284 376 rsmum
2319 297 2457 378 exn

3491 330 3595 388 430

2009 451 2218 504 quoque
2259 438 2389 506 petit
2427 438 2609 494 dicens
2646 453 2660 494 :
2686 437 2902 495 Intende
2930 442 3037 496 voci
3057 443 3298 498 orationis
3327 460 3450 518 mea:
3477 463 3590 498 cum

2008 525 2287 579 clamavcro
2313 529 2380 580 ad
2409 539 2473 582 te.
2505 531 2708 584 Etenim
2748 533 2912 601 ipsius
2945 534 3036 588 Dei
3061 535 3340 603 promissio
3364 544 3444 590 est
3469 553 3591 606 qua:

2011 618 2168 684 dicit,
2191 619 2373 673 Adhuc
2400 615 2636 690 loquente
2663 633 2708 676 te
2732 626 2921 691 dicam,
2957 625 3086 680 Ecce
3110 629 3290 683 adsum
3313 628 3466 698 (Isai.
3501 630 3589 684 58.

2010 709 2086 775 9).
2134 709 2188 762 2.
2217 708 2479 781 Dirigatttr
2499 714 2659 766 oratio
2681 731 2787 767 mea
2815 716 2942 769 sicut
2967 718 3224 771 incensum
3249 720 3299 772 in
3321 731 3589 790 conspectu

2011 809 2116 852 tuo.
2149 799 2298 854 Alius
2322 842 2337 866 ,
2366 800 2633 856 Staluatur
2656 807 2814 857 oratio
2843 823 2952 858 mea
2989 808 3113 861 sicut
3138 809 3391 866 incensum
3422 827 3592 863 coram

2010 902 2057 945 te
2078 893 2172 965 (α).
2202 895 2365 960 Alius,
2393 894 2731 964 Pra'paretur.
2754 897 2979 953 Elevatio
2999 919 3236 956 manuum
3258 920 3481 958 mearum
3507 921 3590 959 sa-

2011 986 2256 1055 criﬁcium
2286 990 2644 1057 vespertinum.
2675 989 2827 1044 Alius
2846 1031 2861 1057 ,
2896 990 3096 1046 Donum
3127 1010 3360 1064 vesperae.
3393 996 3545 1050 Alius
3568 1037 3586 1063 ,

2015 1076 2214 1131 Oblatio
2241 1080 2539 1149 vespertina.

2079 1169 2278 1223 Altaria
2303 1172 2403 1225 duo
2429 1170 2781 1244 Jerosolymts.
2804 1204 2873 1215 ——
2897 1174 3031 1242 Quid
3064 1192 3159 1231 nos
3187 1179 3371 1234 volens
3395 1181 3592 1236 docere

2011 1261 2270 1332 propheta
2331 1262 2570 1332 loquitur
2618 1264 2685 1320 de
2727 1264 2988 1321 sacriﬁcio
3043 1270 3386 1337 vespertino?
3425 1272 3590 1328 Erant

2014 1355 2141 1408 olim
2181 1355 2288 1409 duo
2312 1356 2516 1420 altaria,
2545 1373 2706 1411 unum
2728 1373 2936 1413 aeneum
2959 1400 2972 1424 ,
3000 1361 3222 1415 alterum
3251 1377 3492 1417 aureum.
3524 1365 3593 1420 Et

2009 1444 2138 1500 illud
2167 1446 2381 1516 quidem
2407 1457 2522 1502 erat
2553 1447 2838 1517 publicum,
2868 1451 3114 1506 omnibus
3156 1452 3266 1506 fere
3307 1454 3466 1508 totius
3488 1470 3588 1525 po-

2008 1537 2114 1606 puli
2146 1536 2335 1593 hostiis
2360 1538 2660 1606 expositum
2689 1538 2830 1595 :hoc
2860 1550 3036 1595 autem
3068 1543 3228 1596 situm
3256 1553 3371 1598 erat
3395 1543 3592 1615 inady-

2009 1626 2096 1694 tis,
2123 1635 2178 1682 et
2195 1627 2329 1681 intra
2359 1628 2556 1682 velum.
2582 1630 2756 1699 Atque
2779 1629 2916 1685 adeo
2941 1640 2997 1686 ut
3024 1647 3143 1702 quae
3172 1648 3202 1687 a
3227 1634 3378 1689 nobis
3399 1635 3590 1691 dicun-

2007 1726 2094 1771 tur
2141 1717 2248 1772 sint
2297 1718 2544 1783 clariora,
2582 1720 2893 1776 conabimur
2941 1723 3117 1792 potius
3154 1723 3222 1778 ab
3277 1725 3394 1794 ipso
3441 1726 3592 1782 initio

2005 1807 2201 1864 ducere
2225 1810 2538 1864 oratiOnem.
2583 1809 2702 1865 Fuit
2736 1811 2861 1866 olim
2887 1813 3024 1883 apud
3052 1814 3267 1871 Judzcos
3294 1817 3587 1887 templum,

2005 1899 2222 1970 longum
2253 1901 2464 1971 quidem
2495 1901 2842 1973 quadraginta
2884 1905 3115 1972 eubitos,
3144 1907 3311 1961 latum
3354 1924 3480 1964 vero
3509 1909 3591 1963 vi-

2003 1992 2156 2061 ginti.
2208 1993 2376 2062 llujus
2405 1994 2744 2064 longitudinis
2771 1995 2956 2050 decem
2988 1997 3132 2052 intus
3171 1998 3330 2054 ablati
3367 2000 3586 2056 interci-

2005 2083 2286 2154 piebantnr
2307 2085 2490 2152 cubiti,
2511 2093 2567 2140 et
2593 2085 2734 2157 quod
2762 2094 2877 2141 erat
2906 2086 3276 2159 interceptum,
3299 2091 3588 2147 vocabatur

2004 2176 2198 2232 Sancta
2238 2186 2542 2233 sanctorum
2576 2196 2590 2232 :
2627 2180 2766 2249 quod
2812 2188 2930 2236 erat
2952 2190 3129 2236 autem
3169 2191 3351 2251 extra,
3391 2183 3586 2242 Sancta

2005 2276 2229 2322 tantum.
2261 2270 2404 2324 Auro
2433 2278 2608 2324 autem
2639 2271 2816 2328 omnia
2837 2273 3193 2330 collueebant.

2075 2361 2128 2415 5.
2169 2359 2416 2416 Nonnulli
2443 2376 2570 2417 vero
2591 2362 2838 2418 dixerunt
2865 2380 3170 2435 supremam
3199 2382 3408 2437 quoque
3440 2367 3583 2423 illam

2003 2453 2206 2509 trabem
2251 2452 2414 2508 fuisse
2443 2469 2680 2509 auream.
2733 2455 2846 2510 lluc
2891 2456 3038 2510 solus
3065 2457 3298 2526 pontifex
3329 2460 3496 2513 semel
3529 2461 3582 2514 iu

2002 2559 2143 2599 anno
2169 2544 2566 2612 ingrediebatur
2597 2561 2612 2600 :
2644 2545 2749 2601 illic
2771 2554 2824 2601 et
2852 2561 2973 2600 arca
3004 2547 3103 2602 sita
3128 2557 3270 2614 erat,
3299 2558 3352 2602 et
3380 2548 3585 2602 Cheru-

2003 2638 2110 2692 bim
2137 2655 2150 2690 :
2183 2638 2291 2692 illic
2317 2641 2475 2692 etiam
2507 2638 2680 2693 Stabat
2716 2639 2880 2694 altare
2913 2654 3154 2706 aureum,
3187 2641 3238 2695 in
3265 2656 3370 2711 quo
3395 2640 3585 2696 oll‘erc-

2002 2729 2157 2784 batur
2195 2730 2488 2794 incensum,
2521 2729 2587 2784 ad
2637 2729 2763 2784 nihil
2816 2730 2960 2785 aliud
3009 2739 3470 2801 paratum,quam
3515 2731 3581 2785 ad

1999 2823 2170 2878 Solum
2196 2821 2480 2893 thymiama
2509 2836 2603 2877 seu
2626 2822 2876 2876 sufﬁtum.
2903 2823 3012 2878 lloc
3032 2831 3208 2878 autem
3233 2822 3391 2877 ﬁebat
3413 2824 3581 2879 semel

2001 2913 2052 2968 in
2081 2929 2237 2970 anno.
2282 2914 2336 2967 In
2361 2923 2590 2968 externo
2614 2928 2741 2985 ergo
2770 2915 2966 2984 templo
3000 2924 3114 2968 erat
3156 2913 3322 2969 altare
3347 2929 3577 2980 relicum,

2000 3005 2051 3059 in
2093 3021 2197 3074 quo
2226 3005 2464 3074 quoudie
2493 3004 2816 3060 oll'erebatur
2860 3020 3028 3076 agnus
3054 3014 3107 3059 et
3144 3005 3577 3062 eomburebatur.

2001 3096 2112 3151 lloc
2137 3096 2501 3166 appellabatur
2527 3096 2886 3165 vespertinum
2913 3096 3228 3151 sacrilicium
3257 3113 3269 3149 :
3307 3097 3578 3152 eratenim

1997 3192 2154 3244 etiam
2187 3189 2521 3256 matutinum,
2546 3198 2597 3243 et
2619 3189 2700 3242 bis
2729 3188 2778 3243 in
2806 3188 2894 3244 die
2913 3188 3192 3258 Oportebat
3210 3188 3375 3245 altare
3392 3204 3583 3245 accen-

1998 3281 2072 3345 di,
2106 3291 2299 3351 prmter
2323 3281 2453 3335 alias
2481 3280 2710 3345 hostias,
2739 3295 2858 3350 qua:
2896 3280 3254 3335 oﬂ'erebantur
3293 3295 3320 3332 a
3364 3281 3579 3351 pepnlo.

1999 3373 2112 3429 lloc
2145 3374 2286 3428 enim
2308 3383 2424 3428 erat
2443 3372 2650 3443 jussnm
2672 3381 2725 3428 et
2759 3374 2874 3444 lege
2900 3379 3154 3428 statutum
3192 3372 3579 3439 sacerdotibus,

1999 3475 2056 3520 ut
2103 3481 2168 3520 ex
2209 3480 2268 3520 se
2310 3473 2363 3521 et
2407 3480 2470 3520 ex
2525 3464 2685 3519 domo
2715 3480 2831 3528 sua,
2863 3463 3076 3534 quando
3127 3463 3303 3519 nullus
3345 3463 3579 3529 oﬁ‘erret,

2001 3575 2162 3613 unum
2192 3557 2508 3612 matutinum
2531 3565 2583 3610 et
2611 3571 2772 3610 unum
2800 3555 3163 3624 vespertinum
3191 3571 3384 3625 agnum
3420 3555 3583 3608 sacri-

1999 3651 2218 3705 ficarent
2241 3657 2294 3703 et
2320 3644 2694 3703 comburefent
2725 3664 2738 3701 :
2767 3655 2821 3701 et
2849 3645 2979 3700 illud
3011 3646 3375 3716 appellabatur
3418 3645 3585 3700 sacri-

1999 3741 2177 3795 ﬁcium
2195 3740 2537 3800 matutinum,
2560 3739 2659 3792 hoc
2685 3735 3067 3805 vespertinum.
3093 3736 3204 3790 lloe
3218 3744 3393 3789 autem
3408 3735 3583 3804 jusse-

1997 3840 2079 3885 rat
2100 3830 2238 3884 Deus
2252 3827 2385 3895 ﬁeri,
2404 3828 2704 3898 signiﬁcans
2729 3842 2823 3897 per
2837 3825 2888 3880 id
2905 3825 3042 3897 quod
3065 3825 3220 3880 ﬁebat
3238 3841 3356 3881 eum
3371 3825 3585 3880 assidue

1999 3922 2174 3978 colere
2203 3930 2449 3990 Oportere
2473 3959 2487 3982 ,
2521 3927 2575 3974 et
2617 3934 2736 3973 cum
2764 3918 2878 3973 dies
2911 3917 3114 3988 incipit,
3137 3927 3187 3972 et
3215 3933 3336 3972 cum
3364 3916 3579 3972 desinit.

2072 4012 2393 4081 Sacri/icium
2441 4027 2541 4064 non
2568 4025 2761 4080 semper
2786 4017 3063 4080 acceptum.
3097 4039 3168 4047 ——
3192 4008 3302 4063 lloc
3337 4025 3464 4079 ergo
3490 4023 3580 4062 sa-

2001 4106 2256 4161 criﬁcium
2297 4101 2394 4158 fuit
2438 4119 2649 4173 semper
2687 4109 2994 4171 acceptum,
3047 4102 3278 4171 itemque
3320 4099 3580 4170 ejusmodi

2001 4200 2244 4254 sufﬁtus:
2277 4196 2418 4268 quod
2466 4205 2642 4252 autem
2687 4194 2843 4250 ﬁebat
2879 4209 2974 4265 pro
3017 4192 3270 4264 peccatis,
3302 4191 3584 4262 aliquando

2000 4292 2212 4363 quidem
2242 4300 2355 4346 erat
2381 4299 2683 4358 acceptum,
2706 4287 2989 4358 aliquando
3008 4301 3135 4342 vero
3160 4301 3263 4340 non
3281 4292 3580 4354 acceptum,

2003 4393 2184 4452 utpote
2223 4381 2362 4452 quod
2397 4382 2495 4434 hoc
2531 4381 2614 4433 vel
2648 4378 2777 4433 illud
2816 4386 2980 4444 esset,
3029 4384 3184 4447 prout
3227 4375 3258 4429 ii
3313 4374 3400 4444 qui
3453 4373 3582 4427 illud

2001 4474 2316 4548 oﬁ'erebant,
2347 4479 2499 4524 cram
2521 4469 2690 4523 aﬁ‘ecti
2720 4468 2784 4521 ad
2815 4469 3061 4521 virtutem
3083 4474 3172 4520 aut
3199 4465 3414 4518 vitium:
3442 4462 3582 4534 quod

2003 4577 2307 4620 autemnon
2352 4561 2671 4618 oll'trcbatur
2705 4575 2798 4628 pro
2824 4559 3049 4612 aliorum
3082 4555 3445 4626 peccatis,sed
3468 4566 3582 4613 erat

2004 4655 2088 4710 lex
2117 4652 2358 4709 sacriﬁcii
2389 4660 2443 4705 et
2464 4650 2651 4703 modus
2667 4647 2894 4712 colendi,
2916 4647 3264 4702 eratomnino
3284 4656 3582 4717 acceptum.

2003 4745 2100 4802 llic
2127 4759 2253 4815 ergo
2282 4749 2452 4812 rogat,
2485 4752 2537 4794 ut
2569 4742 2638 4794 sit
2666 4739 2782 4809 ejus
2802 4738 2972 4792 oratio
2997 4746 3053 4792 ut
3085 4737 3212 4791 illud
3239 4737 3580 4801 sacriﬁcium,

2003 4836 2144 4908 quod
2175 4835 2312 4889 nulla
2344 4833 2677 4904 pollnebatur
2700 4830 2975 4885 otl'erentis
3010 4831 3248 4896 macula,
3275 4829 3412 4883 sicut
3452 4828 3579 4883 illud

2004 4931 2279 4986 incensum
2311 4934 2551 4980 sanctum
2595 4934 2648 4978 ct
2683 4937 2891 4993 purum.
2932 4921 3187 4992 ltogando
3215 4931 3389 4976 autem
3432 4921 3588 4975 docet

2005 5036 2103 5076 nos
2130 5030 2185 5073 ut
2209 5019 2478 5074 orationes
2506 5023 2701 5070 nostra:
2728 5015 2835 5070 sint
2862 5029 3008 5084 pura:
3037 5020 3093 5068 ct
3115 5012 3412 5068 odoriferae.
3443 5011 3589 5066 Talis

2005 5111 2146 5166 enim
2177 5108 2480 5178 estjustitia
2514 5123 2526 5159 :
2558 5104 3005 5176 quemadmodum
3062 5110 3337 5173 peceatum
3365 5111 3447 5157 est
3489 5101 3581 5157 [ω-

2005 5203 2193 5259 tidum.
2223 5202 2482 5268 Quocirca
2513 5205 2705 5252 tetrum
2734 5196 2848 5266 ejus
2875 5194 3096 5249 odorem
3127 5193 3430 5262 signiﬁcans
3457 5233 3472 5257 ,
3503 5192 3587 5246 di-

2005 5299 2154 5354 cebat
2191 5314 2203 5351 :
2232 5294 2484 5364 Quoniam
2513 5291 2796 5362 iniquitates
2821 5303 2943 5341 metu
2979 5301 3316 5356 supergressa:
3352 5293 3469 5338 sunt
3505 5302 3591 5338 ca-
3631 5361 3635 5366 I

2007 5403 2096 5463 put
2119 5406 2302 5452 meum,
2334 5389 2460 5442 sicut
2483 5402 2609 5438 onus
2627 5399 2776 5454 grave
2800 5390 3019 5452 gravatw
3039 5390 3156 5432 sunt
3185 5395 3336 5446 super
3362 5394 3457 5431 me.
3487 5379 3587 5433 Pu-

2007 5491 2231 5539 truerunt
2249 5489 2292 5534 et
2309 5485 2560 5545 corrupta:
2574 5484 2687 5528 sunt
2709 5473 2964 5526 cicatrices
2986 5486 3124 5524 mete.
3149 5468 3318 5543 (I’sal.
3339 5470 3426 5524 57.
3449 5470 3592 5538 5.6).

2080 5571 2393 5642 Fragrantia
2421 5565 2665 5622 orationis
2687 5582 2706 5631 ;
2729 5562 2967 5616 tlmribuli
2994 5572 3164 5632 typus,
3191 5561 3376 5631 lingua'
3401 5569 3445 5613 et
3481 5578 3592 5618 ina-

2069 5689 2140 5751 (a)
2176 5695 2283 5757 "ch
2304 5690 2357 5735 et
2385 5685 2656 5747 sequentes
2691 5677 3122 5742 interpretationes
3161 5677 3298 5740 juxta
3343 5687 3466 5740 quos

2011 5767 2107 5802 "Cll
2132 5764 2220 5801 11οἵ
2229 5760 2372 5796 unus.
