  <div class='ocr_page' id='page_1' title='image "/cluster/home/n/w/nwhite01/storage/ocr_20150623/55:no.5/coo.31924054869551/423.png"; bbox 0 0 3928 6436; ppageno 0'>
   <div class='ocr_carea' id='block_1_1' title="bbox 436 364 534 423">
    <p class='ocr_par' dir='ltr' id='par_1_1' title="bbox 436 364 534 423">
     <span class='ocr_line' id='line_1_1' title="bbox 436 364 534 423; baseline 0.02 -2"><span class='ocrx_word' id='word_1_1' title='bbox 436 364 534 423; x_wconf 67' lang='grc'><strong>451</strong></span> 
     </span>
    </p>
   </div>
   <div class='ocr_carea' id='block_1_2' title="bbox 441 468 2025 548">
    <p class='ocr_par' dir='ltr' id='par_1_2' title="bbox 441 468 2025 548">
     <span class='ocr_line' id='line_1_2' title="bbox 441 468 2025 548; baseline -0.007 -15"><span class='ocrx_word' id='word_1_2' title='bbox 441 495 600 542; x_wconf 67' lang='lat' dir='ltr'><strong>unum</strong></span> <span class='ocrx_word' id='word_1_3' title='bbox 635 476 866 548; x_wconf 80' lang='lat' dir='ltr'><strong>paritas;</strong></span> <span class='ocrx_word' id='word_1_4' title='bbox 904 474 1239 548; x_wconf 66' lang='lat' dir='ltr'><strong>vespertinum</strong></span> <span class='ocrx_word' id='word_1_5' title='bbox 1286 472 1590 542; x_wconf 75' lang='lat' dir='ltr'><strong>sacriﬁcium</strong></span> <span class='ocrx_word' id='word_1_6' title='bbox 1644 486 1735 528; x_wconf 77' lang='lat' dir='ltr'><strong>cur</strong></span> <span class='ocrx_word' id='word_1_7' title='bbox 1787 468 2025 533; x_wconf 77' lang='lat' dir='ltr'><strong>dictum;</strong></span> 
     </span>
    </p>
   </div>
   <div class='ocr_carea' id='block_1_3' title="bbox 445 559 2028 629">
    <p class='ocr_par' dir='ltr' id='par_1_3' title="bbox 445 559 2028 629">
     <span class='ocr_line' id='line_1_3' title="bbox 445 559 2028 629; baseline -0.007 -4"><span class='ocrx_word' id='word_1_8' title='bbox 445 586 627 625; x_wconf 82' lang='lat' dir='ltr'><strong>manus</strong></span> <span class='ocrx_word' id='word_1_9' title='bbox 670 586 761 625; x_wconf 79' lang='lat' dir='ltr'><strong>cur</strong></span> <span class='ocrx_word' id='word_1_10' title='bbox 786 568 1014 622; x_wconf 69' lang='lat' dir='ltr'><strong>levandi:</strong></span> <span class='ocrx_word' id='word_1_11' title='bbox 1055 568 1107 620; x_wconf 88' lang='lat' dir='ltr'><strong>in</strong></span> <span class='ocrx_word' id='word_1_12' title='bbox 1151 566 1396 620; x_wconf 87' lang='lat' dir='ltr'><strong>oratione.</strong></span> <span class='ocrx_word' id='word_1_13' title='bbox 1446 593 1517 603; x_wconf 90' lang='lat'><strong>--</strong></span> <span class='ocrx_word' id='word_1_14' title='bbox 1566 559 2028 629; x_wconf 76' lang='lat' dir='ltr'><strong>Quemadmodum</strong></span> 
     </span>
    </p>
   </div>
   <div class='ocr_carea' id='block_1_4' title="bbox 441 655 2033 734">
    <p class='ocr_par' dir='ltr' id='par_1_4' title="bbox 441 655 2033 734">
     <span class='ocr_line' id='line_1_4' title="bbox 441 655 2033 734; baseline -0.006 -16"><span class='ocrx_word' id='word_1_15' title='bbox 441 679 572 734; x_wconf 80' lang='lat' dir='ltr'><strong>ergo</strong></span> <span class='ocrx_word' id='word_1_16' title='bbox 597 661 810 718; x_wconf 73' lang='lat' dir='ltr'><strong>sortitus</strong></span> <span class='ocrx_word' id='word_1_17' title='bbox 837 675 933 731; x_wconf 90' lang='lat' dir='ltr'><strong>per</strong></span> <span class='ocrx_word' id='word_1_18' title='bbox 957 675 1016 715; x_wconf 88' lang='lat' dir='ltr'><strong>se</strong></span> <span class='ocrx_word' id='word_1_19' title='bbox 1041 668 1127 716; x_wconf 90' lang='lat' dir='ltr'><strong>est</strong></span> <span class='ocrx_word' id='word_1_20' title='bbox 1157 657 1326 713; x_wconf 89' lang='lat' dir='ltr'><strong>bonus</strong></span> <span class='ocrx_word' id='word_1_21' title='bbox 1343 666 1396 712; x_wconf 90' lang='lat' dir='ltr'><strong>et</strong></span> <span class='ocrx_word' id='word_1_22' title='bbox 1417 655 1555 711; x_wconf 83' lang='lat' dir='ltr'><strong>bene</strong></span> <span class='ocrx_word' id='word_1_23' title='bbox 1581 655 1753 721; x_wconf 87' lang='lat' dir='ltr'><strong>olens,</strong></span> <span class='ocrx_word' id='word_1_24' title='bbox 1779 662 1907 708; x_wconf 90' lang='lat' dir='ltr'><strong>tunc</strong></span> <span class='ocrx_word' id='word_1_25' title='bbox 1940 667 2033 708; x_wconf 84' lang='lat' dir='ltr'><strong>au-</strong></span> 
     </span>
    </p>
   </div>
   <div class='ocr_carea' id='block_1_5' title="bbox 445 744 2029 817">
    <p class='ocr_par' dir='ltr' id='par_1_5' title="bbox 445 744 2029 817">
     <span class='ocr_line' id='line_1_5' title="bbox 445 744 2029 817; baseline -0.006 -8"><span class='ocrx_word' id='word_1_26' title='bbox 445 765 551 810; x_wconf 89' lang='lat' dir='ltr'><strong>tem</strong></span> <span class='ocrx_word' id='word_1_27' title='bbox 578 755 807 810; x_wconf 79' lang='lat' dir='ltr'><strong>maxime</strong></span> <span class='ocrx_word' id='word_1_28' title='bbox 834 752 1030 807; x_wconf 90' lang='lat' dir='ltr'><strong>bonum</strong></span> <span class='ocrx_word' id='word_1_29' title='bbox 1060 751 1280 805; x_wconf 88' lang='lat' dir='ltr'><strong>odorem</strong></span> <span class='ocrx_word' id='word_1_30' title='bbox 1317 748 1530 812; x_wconf 90' lang='lat' dir='ltr'><strong>emittit,</strong></span> <span class='ocrx_word' id='word_1_31' title='bbox 1561 746 1772 817; x_wconf 84' lang='lat' dir='ltr'><strong>quando</strong></span> <span class='ocrx_word' id='word_1_32' title='bbox 1800 744 1905 815; x_wconf 83' lang='lat' dir='ltr'><strong>igni</strong></span> <span class='ocrx_word' id='word_1_33' title='bbox 1934 758 2029 799; x_wconf 88' lang='lat' dir='ltr'><strong>ac-</strong></span> 
     </span>
    </p>
   </div>
   <div class='ocr_carea' id='block_1_6' title="bbox 445 836 2028 910">
    <p class='ocr_par' dir='ltr' id='par_1_6' title="bbox 445 836 2028 910">
     <span class='ocr_line' id='line_1_6' title="bbox 445 836 2028 910; baseline -0.006 -10"><span class='ocrx_word' id='word_1_34' title='bbox 445 846 714 900; x_wconf 84' lang='lat' dir='ltr'><strong>cesserit:</strong></span> <span class='ocrx_word' id='word_1_35' title='bbox 746 845 816 898; x_wconf 90' lang='lat' dir='ltr'><strong>ita</strong></span> <span class='ocrx_word' id='word_1_36' title='bbox 858 844 1020 898; x_wconf 90' lang='lat' dir='ltr'><strong>etiam</strong></span> <span class='ocrx_word' id='word_1_37' title='bbox 1066 841 1243 897; x_wconf 90' lang='lat' dir='ltr'><strong>oratio</strong></span> <span class='ocrx_word' id='word_1_38' title='bbox 1268 840 1352 894; x_wconf 80' lang='lat' dir='ltr'><strong>vel</strong></span> <span class='ocrx_word' id='word_1_39' title='bbox 1399 854 1494 910; x_wconf 90' lang='lat' dir='ltr'><strong>per</strong></span> <span class='ocrx_word' id='word_1_40' title='bbox 1536 854 1597 895; x_wconf 88' lang='lat' dir='ltr'><strong>se</strong></span> <span class='ocrx_word' id='word_1_41' title='bbox 1643 837 1854 906; x_wconf 83' lang='lat' dir='ltr'><strong>quidem</strong></span> <span class='ocrx_word' id='word_1_42' title='bbox 1891 836 2028 890; x_wconf 91' lang='lat' dir='ltr'><strong>bona</strong></span> 
     </span>
    </p>
   </div>
   <div class='ocr_carea' id='block_1_7' title="bbox 440 928 2031 1003">
    <p class='ocr_par' dir='ltr' id='par_1_7' title="bbox 440 928 2031 1003">
     <span class='ocr_line' id='line_1_7' title="bbox 440 928 2031 1003; baseline -0.006 -12"><span class='ocrx_word' id='word_1_43' title='bbox 440 946 520 991; x_wconf 89' lang='lat' dir='ltr'><strong>est</strong></span> <span class='ocrx_word' id='word_1_44' title='bbox 549 955 562 990; x_wconf 91' lang='lat'>:</span> <span class='ocrx_word' id='word_1_45' title='bbox 589 944 673 992; x_wconf 89' lang='lat' dir='ltr'><strong>est</strong></span> <span class='ocrx_word' id='word_1_46' title='bbox 699 944 877 991; x_wconf 87' lang='lat' dir='ltr'><strong>autem</strong></span> <span class='ocrx_word' id='word_1_47' title='bbox 905 935 1094 991; x_wconf 82' lang='lat' dir='ltr'><strong>melior</strong></span> <span class='ocrx_word' id='word_1_48' title='bbox 1122 942 1175 989; x_wconf 92' lang='lat' dir='ltr'><strong>et</strong></span> <span class='ocrx_word' id='word_1_49' title='bbox 1206 932 1543 1003; x_wconf 86' lang='lat' dir='ltr'><strong>fragrantior,</strong></span> <span class='ocrx_word' id='word_1_50' title='bbox 1571 931 1784 1001; x_wconf 82' lang='lat' dir='ltr'><strong>quando</strong></span> <span class='ocrx_word' id='word_1_51' title='bbox 1812 928 2031 983; x_wconf 78' lang='lat' dir='ltr'><strong>affertur</strong></span> 
     </span>
    </p>
   </div>
   <div class='ocr_carea' id='block_1_8' title="bbox 441 1020 2030 1096">
    <p class='ocr_par' dir='ltr' id='par_1_8' title="bbox 441 1020 2030 1096">
     <span class='ocr_line' id='line_1_8' title="bbox 441 1020 2030 1096; baseline -0.004 -13"><span class='ocrx_word' id='word_1_52' title='bbox 441 1044 561 1083; x_wconf 85' lang='lat' dir='ltr'><strong>cum</strong></span> <span class='ocrx_word' id='word_1_53' title='bbox 589 1028 800 1085; x_wconf 78' lang='lat' dir='ltr'><strong>ardenti</strong></span> <span class='ocrx_word' id='word_1_54' title='bbox 830 1037 883 1085; x_wconf 86' lang='lat' dir='ltr'><strong>et</strong></span> <span class='ocrx_word' id='word_1_55' title='bbox 908 1028 1137 1085; x_wconf 72' lang='lat' dir='ltr'><strong>ferventi</strong></span> <span class='ocrx_word' id='word_1_56' title='bbox 1159 1027 1358 1090; x_wconf 90' lang='lat' dir='ltr'><strong>animo,</strong></span> <span class='ocrx_word' id='word_1_57' title='bbox 1375 1024 1588 1096; x_wconf 79' lang='lat' dir='ltr'><strong>quando</strong></span> <span class='ocrx_word' id='word_1_58' title='bbox 1608 1023 1784 1078; x_wconf 89' lang='lat' dir='ltr'><strong>anima</strong></span> <span class='ocrx_word' id='word_1_59' title='bbox 1802 1020 2030 1077; x_wconf 83' lang='lat' dir='ltr'><strong>eflicitut&#39;</strong></span> 
     </span>
    </p>
   </div>
   <div class='ocr_carea' id='block_1_9' title="bbox 444 1113 2030 1193">
    <p class='ocr_par' dir='ltr' id='par_1_9' title="bbox 444 1113 2030 1193">
     <span class='ocr_line' id='line_1_9' title="bbox 444 1113 2030 1193; baseline -0.004 -17"><span class='ocrx_word' id='word_1_60' title='bbox 444 1122 809 1188; x_wconf 87' lang='lat' dir='ltr'><strong>thuribulum,</strong></span> <span class='ocrx_word' id='word_1_61' title='bbox 837 1129 893 1175; x_wconf 87' lang='lat' dir='ltr'><strong>et</strong></span> <span class='ocrx_word' id='word_1_62' title='bbox 920 1121 1094 1193; x_wconf 83' lang='lat' dir='ltr'><strong>ignem</strong></span> <span class='ocrx_word' id='word_1_63' title='bbox 1137 1119 1505 1193; x_wconf 72' lang='lat' dir='ltr'><strong>vehementem</strong></span> <span class='ocrx_word' id='word_1_64' title='bbox 1550 1114 1810 1170; x_wconf 90' lang='lat' dir='ltr'><strong>accendit.</strong></span> <span class='ocrx_word' id='word_1_65' title='bbox 1848 1113 2030 1183; x_wconf 83' lang='lat' dir='ltr'><strong>Neque</strong></span> 
     </span>
    </p>
   </div>
   <div class='ocr_carea' id='block_1_10' title="bbox 442 1206 2033 1285">
    <p class='ocr_par' dir='ltr' id='par_1_10' title="bbox 442 1206 2033 1285">
     <span class='ocr_line' id='line_1_10' title="bbox 442 1206 2033 1285; baseline -0.004 -17"><span class='ocrx_word' id='word_1_66' title='bbox 442 1214 585 1269; x_wconf 86' lang='lat' dir='ltr'><strong>enim</strong></span> <span class='ocrx_word' id='word_1_67' title='bbox 619 1212 991 1285; x_wconf 85' lang='lat' dir='ltr'><strong>imponebatur</strong></span> <span class='ocrx_word' id='word_1_68' title='bbox 1032 1212 1311 1269; x_wconf 72' lang='lat' dir='ltr'><strong>incensum</strong></span> <span class='ocrx_word' id='word_1_69' title='bbox 1359 1218 1453 1267; x_wconf 86' lang='lat' dir='ltr'><strong>aut</strong></span> <span class='ocrx_word' id='word_1_70' title='bbox 1493 1207 1726 1273; x_wconf 87' lang='lat' dir='ltr'><strong>suflitns,</strong></span> <span class='ocrx_word' id='word_1_71' title='bbox 1759 1206 1857 1261; x_wconf 92' lang='lat' dir='ltr'><strong>nisi</strong></span> <span class='ocrx_word' id='word_1_72' title='bbox 1888 1215 2033 1262; x_wconf 89' lang='lat' dir='ltr'><strong>esset</strong></span> 
     </span>
    </p>
   </div>
   <div class='ocr_carea' id='block_1_11' title="bbox 442 1299 2027 1373">
    <p class='ocr_par' dir='ltr' id='par_1_11' title="bbox 442 1299 2027 1373">
     <span class='ocr_line' id='line_1_11' title="bbox 442 1299 2027 1373; baseline -0.004 -15"><span class='ocrx_word' id='word_1_73' title='bbox 442 1304 596 1373; x_wconf 88' lang='lat' dir='ltr'><strong>prius</strong></span> <span class='ocrx_word' id='word_1_74' title='bbox 632 1318 858 1359; x_wconf 88' lang='lat' dir='ltr'><strong>accensa</strong></span> <span class='ocrx_word' id='word_1_75' title='bbox 884 1302 1135 1358; x_wconf 88' lang='lat' dir='ltr'><strong>craticula</strong></span> <span class='ocrx_word' id='word_1_76' title='bbox 1161 1343 1177 1367; x_wconf 91' lang='lat'><strong>,</strong></span> <span class='ocrx_word' id='word_1_77' title='bbox 1208 1311 1295 1356; x_wconf 90' lang='lat' dir='ltr'><strong>aut</strong></span> <span class='ocrx_word' id='word_1_78' title='bbox 1329 1300 1427 1355; x_wconf 82' lang='lat' dir='ltr'><strong>nisi</strong></span> <span class='ocrx_word' id='word_1_79' title='bbox 1454 1299 1704 1354; x_wconf 73' lang='lat' dir='ltr'><strong>arderent</strong></span> <span class='ocrx_word' id='word_1_80' title='bbox 1745 1299 2027 1353; x_wconf 79' lang='lat' dir='ltr'><strong>carbones.</strong></span> 
     </span>
    </p>
   </div>
   <div class='ocr_carea' id='block_1_12' title="bbox 444 1389 2032 1463">
    <p class='ocr_par' dir='ltr' id='par_1_12' title="bbox 444 1389 2032 1463">
     <span class='ocr_line' id='line_1_12' title="bbox 444 1389 2032 1463; baseline -0.001 -16"><span class='ocrx_word' id='word_1_81' title='bbox 444 1393 557 1448; x_wconf 86' lang='lat' dir='ltr'><strong>lloc</strong></span> <span class='ocrx_word' id='word_1_82' title='bbox 596 1393 769 1463; x_wconf 89' lang='lat' dir='ltr'><strong>ipsum</strong></span> <span class='ocrx_word' id='word_1_83' title='bbox 818 1393 899 1448; x_wconf 85' lang='lat' dir='ltr'><strong>fac</strong></span> <span class='ocrx_word' id='word_1_84' title='bbox 947 1402 1003 1447; x_wconf 90' lang='lat' dir='ltr'><strong>tu</strong></span> <span class='ocrx_word' id='word_1_85' title='bbox 1055 1407 1268 1462; x_wconf 85' lang='lat' dir='ltr'><strong>quoque</strong></span> <span class='ocrx_word' id='word_1_86' title='bbox 1319 1391 1370 1446; x_wconf 93' lang='lat' dir='ltr'><strong>in</strong></span> <span class='ocrx_word' id='word_1_87' title='bbox 1413 1400 1592 1445; x_wconf 89' lang='lat' dir='ltr'><strong>mente</strong></span> <span class='ocrx_word' id='word_1_88' title='bbox 1638 1401 1765 1444; x_wconf 89' lang='lat' dir='ltr'><strong>tua:</strong></span> <span class='ocrx_word' id='word_1_89' title='bbox 1798 1389 2032 1446; x_wconf 82' lang='lat' dir='ltr'><strong>accende</strong></span> 
     </span>
    </p>
   </div>
   <div class='ocr_carea' id='block_1_13' title="bbox 446 1482 2033 1555">
    <p class='ocr_par' dir='ltr' id='par_1_13' title="bbox 446 1482 2033 1555">
     <span class='ocr_line' id='line_1_13' title="bbox 446 1482 2033 1555; baseline 0 -17"><span class='ocrx_word' id='word_1_90' title='bbox 446 1486 593 1552; x_wconf 86' lang='lat' dir='ltr'><strong>prius</strong></span> <span class='ocrx_word' id='word_1_91' title='bbox 614 1485 779 1555; x_wconf 90' lang='lat' dir='ltr'><strong>ipsam</strong></span> <span class='ocrx_word' id='word_1_92' title='bbox 801 1484 976 1538; x_wconf 83' lang='lat' dir='ltr'><strong>studia</strong></span> <span class='ocrx_word' id='word_1_93' title='bbox 997 1492 1052 1539; x_wconf 90' lang='lat' dir='ltr'><strong>et</strong></span> <span class='ocrx_word' id='word_1_94' title='bbox 1078 1484 1238 1539; x_wconf 89' lang='lat' dir='ltr'><strong>animi</strong></span> <span class='ocrx_word' id='word_1_95' title='bbox 1268 1483 1562 1549; x_wconf 85' lang='lat' dir='ltr'><strong>alacritate,</strong></span> <span class='ocrx_word' id='word_1_96' title='bbox 1586 1491 1639 1537; x_wconf 90' lang='lat' dir='ltr'><strong>et</strong></span> <span class='ocrx_word' id='word_1_97' title='bbox 1668 1490 1791 1538; x_wconf 90' lang='lat' dir='ltr'><strong>tunc</strong></span> <span class='ocrx_word' id='word_1_98' title='bbox 1818 1482 2033 1552; x_wconf 86' lang='lat' dir='ltr'><strong>impone</strong></span> 
     </span>
    </p>
   </div>
   <div class='ocr_carea' id='block_1_14' title="bbox 446 1575 2034 1647">
    <p class='ocr_par' dir='ltr' id='par_1_14' title="bbox 446 1575 2034 1647">
     <span class='ocr_line' id='line_1_14' title="bbox 446 1575 2034 1647; baseline 0.001 -19"><span class='ocrx_word' id='word_1_99' title='bbox 446 1577 767 1631; x_wconf 87' lang='lat' dir='ltr'><strong>orationem.</strong></span> <span class='ocrx_word' id='word_1_100' title='bbox 820 1577 1075 1632; x_wconf 81' lang='lat' dir='ltr'><strong>Precatur</strong></span> <span class='ocrx_word' id='word_1_101' title='bbox 1103 1592 1231 1647; x_wconf 89' lang='lat' dir='ltr'><strong>ergo</strong></span> <span class='ocrx_word' id='word_1_102' title='bbox 1260 1583 1320 1631; x_wconf 90' lang='lat' dir='ltr'><strong>ut</strong></span> <span class='ocrx_word' id='word_1_103' title='bbox 1359 1575 1531 1629; x_wconf 89' lang='lat' dir='ltr'><strong>oratio</strong></span> <span class='ocrx_word' id='word_1_104' title='bbox 1566 1575 1780 1644; x_wconf 90' lang='lat' dir='ltr'><strong>quidem</strong></span> <span class='ocrx_word' id='word_1_105' title='bbox 1821 1589 1915 1629; x_wconf 91' lang='lat' dir='ltr'><strong>sua</strong></span> <span class='ocrx_word' id='word_1_106' title='bbox 1942 1575 2034 1629; x_wconf 90' lang='lat' dir='ltr'><strong>liat</strong></span> 
     </span>
    </p>
   </div>
   <div class='ocr_carea' id='block_1_15' title="bbox 445 1666 2035 1735">
    <p class='ocr_par' dir='ltr' id='par_1_15' title="bbox 445 1666 2035 1735">
     <span class='ocr_line' id='line_1_15' title="bbox 445 1666 2035 1735; baseline -0.002 -14"><span class='ocrx_word' id='word_1_107' title='bbox 445 1668 584 1722; x_wconf 83' lang='lat' dir='ltr'><strong>sicut</strong></span> <span class='ocrx_word' id='word_1_108' title='bbox 621 1669 917 1735; x_wconf 85' lang='lat' dir='ltr'><strong>incensum,</strong></span> <span class='ocrx_word' id='word_1_109' title='bbox 947 1669 1175 1729; x_wconf 79' lang='lat' dir='ltr'><strong>elevatio</strong></span> <span class='ocrx_word' id='word_1_110' title='bbox 1199 1677 1374 1723; x_wconf 90' lang='lat' dir='ltr'><strong>autem</strong></span> <span class='ocrx_word' id='word_1_111' title='bbox 1421 1682 1668 1719; x_wconf 83' lang='lat' dir='ltr'><strong>manuum</strong></span> <span class='ocrx_word' id='word_1_112' title='bbox 1705 1666 1843 1719; x_wconf 86' lang='lat' dir='ltr'><strong>sicut</strong></span> <span class='ocrx_word' id='word_1_113' title='bbox 1869 1666 2035 1719; x_wconf 74' lang='lat' dir='ltr'><strong>sacri-</strong></span> 
     </span>
    </p>
   </div>
   <div class='ocr_carea' id='block_1_16' title="bbox 446 1755 2032 1828">
    <p class='ocr_par' dir='ltr' id='par_1_16' title="bbox 446 1755 2032 1828">
     <span class='ocr_line' id='line_1_16' title="bbox 446 1755 2032 1828; baseline -0.002 -18"><span class='ocrx_word' id='word_1_114' title='bbox 446 1757 620 1812; x_wconf 85' lang='lat' dir='ltr'><strong>licium</strong></span> <span class='ocrx_word' id='word_1_115' title='bbox 671 1760 1054 1828; x_wconf 75' lang='lat' dir='ltr'><strong>vespertinum.</strong></span> <span class='ocrx_word' id='word_1_116' title='bbox 1083 1759 1219 1812; x_wconf 83' lang='lat' dir='ltr'><strong>Sunt</strong></span> <span class='ocrx_word' id='word_1_117' title='bbox 1245 1758 1385 1813; x_wconf 84' lang='lat' dir='ltr'><strong>enin</strong></span> <span class='ocrx_word' id='word_1_118' title='bbox 1412 1756 1570 1811; x_wconf 89' lang='lat' dir='ltr'><strong>ambo</strong></span> <span class='ocrx_word' id='word_1_119' title='bbox 1598 1766 1839 1826; x_wconf 71' lang='lat' dir='ltr'><strong>aet-cpta.</strong></span> <span class='ocrx_word' id='word_1_120' title='bbox 1883 1755 2032 1823; x_wconf 87' lang='lat' dir='ltr'><strong>Quo-</strong></span> 
     </span>
    </p>
   </div>
   <div class='ocr_carea' id='block_1_17' title="bbox 446 1847 2034 1917">
    <p class='ocr_par' dir='ltr' id='par_1_17' title="bbox 446 1847 2034 1917">
     <span class='ocr_line' id='line_1_17' title="bbox 446 1847 2034 1917; baseline 0.001 -16"><span class='ocrx_word' id='word_1_121' title='bbox 446 1848 608 1903; x_wconf 91' lang='lat' dir='ltr'><strong>modo</strong></span> <span class='ocrx_word' id='word_1_122' title='bbox 635 1856 812 1903; x_wconf 86' lang='lat' dir='ltr'><strong>autem</strong></span> <span class='ocrx_word' id='word_1_123' title='bbox 852 1848 953 1902; x_wconf 90' lang='lat' dir='ltr'><strong>hoc</strong></span> <span class='ocrx_word' id='word_1_124' title='bbox 1001 1849 1138 1905; x_wconf 86' lang='lat' dir='ltr'><strong>lict?</strong></span> <span class='ocrx_word' id='word_1_125' title='bbox 1166 1849 1221 1903; x_wconf 92' lang='lat' dir='ltr'><strong>Si</strong></span> <span class='ocrx_word' id='word_1_126' title='bbox 1266 1857 1487 1917; x_wconf 91' lang='lat' dir='ltr'><strong>utraque</strong></span> <span class='ocrx_word' id='word_1_127' title='bbox 1543 1847 1650 1901; x_wconf 89' lang='lat' dir='ltr'><strong>sint</strong></span> <span class='ocrx_word' id='word_1_128' title='bbox 1704 1847 1901 1901; x_wconf 80' lang='lat' dir='ltr'><strong>ntunda</strong></span> <span class='ocrx_word' id='word_1_129' title='bbox 1929 1887 1944 1913; x_wconf 86' lang='lat'><strong>,</strong></span> <span class='ocrx_word' id='word_1_130' title='bbox 1985 1847 2034 1903; x_wconf 86' lang='lat' dir='ltr'><strong>si</strong></span> 
     </span>
    </p>
   </div>
   <div class='ocr_carea' id='block_1_18' title="bbox 443 1936 2035 2009">
    <p class='ocr_par' dir='ltr' id='par_1_18' title="bbox 443 1936 2035 2009">
     <span class='ocr_line' id='line_1_18' title="bbox 443 1936 2035 2009; baseline 0.001 -18"><span class='ocrx_word' id='word_1_131' title='bbox 443 1948 667 2009; x_wconf 88' lang='lat' dir='ltr'><strong>utraque</strong></span> <span class='ocrx_word' id='word_1_132' title='bbox 694 1940 819 1993; x_wconf 82' lang='lat' dir='ltr'><strong>Iutlli</strong></span> <span class='ocrx_word' id='word_1_133' title='bbox 858 1938 965 1993; x_wconf 88' lang='lat' dir='ltr'><strong>sint</strong></span> <span class='ocrx_word' id='word_1_134' title='bbox 1014 1937 1415 2009; x_wconf 82' lang='lat' dir='ltr'><strong>reprehensioni</strong></span> <span class='ocrx_word' id='word_1_135' title='bbox 1447 1937 1641 1991; x_wconf 87' lang='lat' dir='ltr'><strong>vitiove</strong></span> <span class='ocrx_word' id='word_1_136' title='bbox 1684 1936 1945 2003; x_wconf 78' lang='lat' dir='ltr'><strong>obnoxia,</strong></span> <span class='ocrx_word' id='word_1_137' title='bbox 1977 1944 2035 1992; x_wconf 89' lang='lat' dir='ltr'><strong>et</strong></span> 
     </span>
    </p>
   </div>
   <div class='ocr_carea' id='block_1_19' title="bbox 445 2027 2035 2099">
    <p class='ocr_par' dir='ltr' id='par_1_19' title="bbox 445 2027 2035 2099">
     <span class='ocr_line' id='line_1_19' title="bbox 445 2027 2035 2099; baseline 0 -17"><span class='ocrx_word' id='word_1_138' title='bbox 445 2029 620 2099; x_wconf 84' lang='lat' dir='ltr'><strong>lingua</strong></span> <span class='ocrx_word' id='word_1_139' title='bbox 647 2038 699 2085; x_wconf 77' lang='lat' dir='ltr'><strong>et</strong></span> <span class='ocrx_word' id='word_1_140' title='bbox 726 2046 935 2094; x_wconf 87' lang='lat' dir='ltr'><strong>manus,</strong></span> <span class='ocrx_word' id='word_1_141' title='bbox 966 2029 1048 2085; x_wconf 78' lang='lat' dir='ltr'><strong>hae</strong></span> <span class='ocrx_word' id='word_1_142' title='bbox 1069 2029 1281 2099; x_wconf 87' lang='lat' dir='ltr'><strong>quidem</strong></span> <span class='ocrx_word' id='word_1_143' title='bbox 1320 2029 1388 2082; x_wconf 88' lang='lat' dir='ltr'><strong>ab</strong></span> <span class='ocrx_word' id='word_1_144' title='bbox 1413 2028 1635 2082; x_wconf 85' lang='lat' dir='ltr'><strong>avaritia</strong></span> <span class='ocrx_word' id='word_1_145' title='bbox 1656 2037 1710 2081; x_wconf 86' lang='lat' dir='ltr'><strong>et</strong></span> <span class='ocrx_word' id='word_1_146' title='bbox 1735 2027 1916 2097; x_wconf 91' lang='lat' dir='ltr'><strong>rapina</strong></span> <span class='ocrx_word' id='word_1_147' title='bbox 1940 2044 2035 2082; x_wconf 78' lang='lat' dir='ltr'><strong>ex-</strong></span> 
     </span>
    </p>
   </div>
   <div class='ocr_carea' id='block_1_20' title="bbox 445 2116 2034 2192">
    <p class='ocr_par' dir='ltr' id='par_1_20' title="bbox 445 2116 2034 2192">
     <span class='ocr_line' id='line_1_20' title="bbox 445 2116 2034 2192; baseline -0.001 -18"><span class='ocrx_word' id='word_1_148' title='bbox 445 2131 698 2192; x_wconf 76' lang='lat' dir='ltr'><strong>purgatze,</strong></span> <span class='ocrx_word' id='word_1_149' title='bbox 732 2122 818 2176; x_wconf 84' lang='lat' dir='ltr'><strong>illa</strong></span> <span class='ocrx_word' id='word_1_150' title='bbox 849 2136 978 2176; x_wconf 89' lang='lat' dir='ltr'><strong>vero</strong></span> <span class='ocrx_word' id='word_1_151' title='bbox 1008 2136 1037 2174; x_wconf 94' lang='lat' dir='ltr'><strong>a</strong></span> <span class='ocrx_word' id='word_1_152' title='bbox 1067 2121 1220 2176; x_wconf 89' lang='lat' dir='ltr'><strong>malis</strong></span> <span class='ocrx_word' id='word_1_153' title='bbox 1251 2119 1433 2176; x_wconf 77' lang='lat' dir='ltr'><strong>verbis</strong></span> <span class='ocrx_word' id='word_1_154' title='bbox 1457 2119 1642 2174; x_wconf 88' lang='lat' dir='ltr'><strong>libera.</strong></span> <span class='ocrx_word' id='word_1_155' title='bbox 1675 2116 2034 2187; x_wconf 84' lang='lat' dir='ltr'><strong>Quemadmo-</strong></span> 
     </span>
    </p>
   </div>
   <div class='ocr_carea' id='block_1_21' title="bbox 444 2209 2036 2282">
    <p class='ocr_par' dir='ltr' id='par_1_21' title="bbox 444 2209 2036 2282">
     <span class='ocr_line' id='line_1_21' title="bbox 444 2209 2036 2282; baseline -0.002 -16"><span class='ocrx_word' id='word_1_156' title='bbox 444 2211 568 2266; x_wconf 91' lang='lat' dir='ltr'><strong>dum</strong></span> <span class='ocrx_word' id='word_1_157' title='bbox 600 2212 741 2267; x_wconf 91' lang='lat' dir='ltr'><strong>enim</strong></span> <span class='ocrx_word' id='word_1_158' title='bbox 792 2220 1004 2282; x_wconf 91' lang='lat' dir='ltr'><strong>oportet</strong></span> <span class='ocrx_word' id='word_1_159' title='bbox 1052 2211 1378 2268; x_wconf 84' lang='lat' dir='ltr'><strong>thuribulum</strong></span> <span class='ocrx_word' id='word_1_160' title='bbox 1424 2210 1552 2266; x_wconf 85' lang='lat' dir='ltr'><strong>nihil</strong></span> <span class='ocrx_word' id='word_1_161' title='bbox 1584 2209 1782 2266; x_wconf 76' lang='lat' dir='ltr'><strong>habere</strong></span> <span class='ocrx_word' id='word_1_162' title='bbox 1813 2210 2036 2266; x_wconf 68' lang='lat' dir='ltr'><strong>immun-</strong></span> 
     </span>
    </p>
   </div>
   <div class='ocr_carea' id='block_1_22' title="bbox 450 2301 2031 2374">
    <p class='ocr_par' dir='ltr' id='par_1_22' title="bbox 450 2301 2031 2374">
     <span class='ocr_line' id='line_1_22' title="bbox 450 2301 2031 2374; baseline 0.001 -16"><span class='ocrx_word' id='word_1_163' title='bbox 450 2303 592 2369; x_wconf 82' lang='lat' dir='ltr'><strong>dum,</strong></span> <span class='ocrx_word' id='word_1_164' title='bbox 625 2303 719 2358; x_wconf 93' lang='lat' dir='ltr'><strong>sed</strong></span> <span class='ocrx_word' id='word_1_165' title='bbox 747 2304 919 2358; x_wconf 82' lang='lat' dir='ltr'><strong>solum</strong></span> <span class='ocrx_word' id='word_1_166' title='bbox 939 2304 1112 2374; x_wconf 80' lang='lat' dir='ltr'><strong>ignem</strong></span> <span class='ocrx_word' id='word_1_167' title='bbox 1130 2313 1183 2358; x_wconf 87' lang='lat' dir='ltr'><strong>et</strong></span> <span class='ocrx_word' id='word_1_168' title='bbox 1211 2303 1483 2358; x_wconf 87' lang='lat' dir='ltr'><strong>snlﬁtum:</strong></span> <span class='ocrx_word' id='word_1_169' title='bbox 1514 2302 1583 2357; x_wconf 92' lang='lat' dir='ltr'><strong>ita</strong></span> <span class='ocrx_word' id='word_1_170' title='bbox 1617 2301 1778 2357; x_wconf 89' lang='lat' dir='ltr'><strong>etiam</strong></span> <span class='ocrx_word' id='word_1_171' title='bbox 1797 2301 2031 2374; x_wconf 87' lang='lat' dir='ltr'><strong>linguam</strong></span> 
     </span>
    </p>
   </div>
   <div class='ocr_carea' id='block_1_23' title="bbox 448 2394 2032 2467">
    <p class='ocr_par' dir='ltr' id='par_1_23' title="bbox 448 2394 2032 2467">
     <span class='ocr_line' id='line_1_23' title="bbox 448 2394 2032 2467; baseline 0.001 -18"><span class='ocrx_word' id='word_1_172' title='bbox 448 2395 652 2449; x_wconf 86' lang='lat' dir='ltr'><strong>nullum</strong></span> <span class='ocrx_word' id='word_1_173' title='bbox 676 2404 891 2464; x_wconf 82' lang='lat' dir='ltr'><strong>oportet</strong></span> <span class='ocrx_word' id='word_1_174' title='bbox 920 2395 1140 2451; x_wconf 77' lang='lat' dir='ltr'><strong>verbum</strong></span> <span class='ocrx_word' id='word_1_175' title='bbox 1166 2395 1425 2467; x_wconf 83' lang='lat' dir='ltr'><strong>proferre,</strong></span> <span class='ocrx_word' id='word_1_176' title='bbox 1449 2395 1588 2465; x_wconf 91' lang='lat' dir='ltr'><strong>quod</strong></span> <span class='ocrx_word' id='word_1_177' title='bbox 1611 2395 1684 2450; x_wconf 89' lang='lat' dir='ltr'><strong>sit</strong></span> <span class='ocrx_word' id='word_1_178' title='bbox 1702 2394 1804 2448; x_wconf 89' lang='lat' dir='ltr'><strong>ulla</strong></span> <span class='ocrx_word' id='word_1_179' title='bbox 1827 2396 2032 2451; x_wconf 90' lang='lat' dir='ltr'><strong>macula</strong></span> 
     </span>
    </p>
   </div>
   <div class='ocr_carea' id='block_1_24' title="bbox 444 2485 2031 2556">
    <p class='ocr_par' dir='ltr' id='par_1_24' title="bbox 444 2485 2031 2556">
     <span class='ocr_line' id='line_1_24' title="bbox 444 2485 2031 2556; baseline 0.002 -17"><span class='ocrx_word' id='word_1_180' title='bbox 444 2495 538 2540; x_wconf 89' lang='lat' dir='ltr'><strong>aut</strong></span> <span class='ocrx_word' id='word_1_181' title='bbox 568 2485 686 2541; x_wconf 85' lang='lat' dir='ltr'><strong>labe</strong></span> <span class='ocrx_word' id='word_1_182' title='bbox 726 2500 1053 2556; x_wconf 86' lang='lat' dir='ltr'><strong>respersum,</strong></span> <span class='ocrx_word' id='word_1_183' title='bbox 1076 2486 1171 2542; x_wconf 91' lang='lat' dir='ltr'><strong>sed</strong></span> <span class='ocrx_word' id='word_1_184' title='bbox 1222 2487 1562 2542; x_wconf 84' lang='lat' dir='ltr'><strong>sanctitatem</strong></span> <span class='ocrx_word' id='word_1_185' title='bbox 1590 2494 1645 2542; x_wconf 89' lang='lat' dir='ltr'><strong>et</strong></span> <span class='ocrx_word' id='word_1_186' title='bbox 1672 2486 1920 2555; x_wconf 89' lang='lat' dir='ltr'><strong>laudem;</strong></span> <span class='ocrx_word' id='word_1_187' title='bbox 1961 2487 2031 2542; x_wconf 91' lang='lat' dir='ltr'><strong>ita</strong></span> 
     </span>
    </p>
   </div>
   <div class='ocr_carea' id='block_1_25' title="bbox 443 2578 2033 2651">
    <p class='ocr_par' dir='ltr' id='par_1_25' title="bbox 443 2578 2033 2651">
     <span class='ocr_line' id='line_1_25' title="bbox 443 2578 2033 2651; baseline 0.003 -18"><span class='ocrx_word' id='word_1_188' title='bbox 443 2578 605 2633; x_wconf 88' lang='lat' dir='ltr'><strong>etiam</strong></span> <span class='ocrx_word' id='word_1_189' title='bbox 633 2587 845 2647; x_wconf 84' lang='lat' dir='ltr'><strong>oportet</strong></span> <span class='ocrx_word' id='word_1_190' title='bbox 893 2594 1081 2634; x_wconf 86' lang='lat' dir='ltr'><strong>manus</strong></span> <span class='ocrx_word' id='word_1_191' title='bbox 1124 2594 1244 2634; x_wconf 89' lang='lat' dir='ltr'><strong>esse</strong></span> <span class='ocrx_word' id='word_1_192' title='bbox 1287 2578 1635 2635; x_wconf 89' lang='lat' dir='ltr'><strong>thuribnlum.</strong></span> <span class='ocrx_word' id='word_1_193' title='bbox 1681 2579 1762 2635; x_wconf 90' lang='lat' dir='ltr'><strong>Sit</strong></span> <span class='ocrx_word' id='word_1_194' title='bbox 1805 2595 1933 2651; x_wconf 82' lang='lat' dir='ltr'><strong>ergo</strong></span> <span class='ocrx_word' id='word_1_195' title='bbox 1970 2596 2033 2637; x_wconf 92' lang='lat' dir='ltr'><strong>os</strong></span> 
     </span>
    </p>
   </div>
   <div class='ocr_carea' id='block_1_26' title="bbox 453 2668 2030 2744">
    <p class='ocr_par' dir='ltr' id='par_1_26' title="bbox 453 2668 2030 2744">
     <span class='ocr_line' id='line_1_26' title="bbox 453 2668 2030 2744; baseline 0.005 -24"><span class='ocrx_word' id='word_1_196' title='bbox 453 2677 600 2723; x_wconf 90' lang='lat' dir='ltr'><strong>tuum</strong></span> <span class='ocrx_word' id='word_1_197' title='bbox 637 2668 963 2725; x_wconf 85' lang='lat' dir='ltr'><strong>thuribulum</strong></span> <span class='ocrx_word' id='word_1_198' title='bbox 996 2688 1011 2724; x_wconf 87' lang='lat'><strong>:</strong></span> <span class='ocrx_word' id='word_1_199' title='bbox 1042 2670 1161 2725; x_wconf 91' lang='lat' dir='ltr'><strong>vide</strong></span> <span class='ocrx_word' id='word_1_200' title='bbox 1194 2678 1369 2726; x_wconf 87' lang='lat' dir='ltr'><strong>autem</strong></span> <span class='ocrx_word' id='word_1_201' title='bbox 1418 2686 1485 2729; x_wconf 84' lang='lat' dir='ltr'><strong>ne</strong></span> <span class='ocrx_word' id='word_1_202' title='bbox 1527 2670 1579 2726; x_wconf 91' lang='lat' dir='ltr'><strong>id</strong></span> <span class='ocrx_word' id='word_1_203' title='bbox 1626 2671 1752 2729; x_wconf 82' lang='lat' dir='ltr'><strong>ﬁmo</strong></span> <span class='ocrx_word' id='word_1_204' title='bbox 1782 2672 2030 2744; x_wconf 88' lang='lat' dir='ltr'><strong>impleas.</strong></span> 
     </span>
    </p>
   </div>
   <div class='ocr_carea' id='block_1_27' title="bbox 447 2760 2034 2834">
    <p class='ocr_par' dir='ltr' id='par_1_27' title="bbox 447 2760 2034 2834">
     <span class='ocr_line' id='line_1_27' title="bbox 447 2760 2034 2834; baseline 0.002 -19"><span class='ocrx_word' id='word_1_205' title='bbox 447 2760 605 2815; x_wconf 75' lang='lat' dir='ltr'><strong>Tales</strong></span> <span class='ocrx_word' id='word_1_206' title='bbox 636 2761 778 2816; x_wconf 91' lang='lat' dir='ltr'><strong>enim</strong></span> <span class='ocrx_word' id='word_1_207' title='bbox 808 2768 931 2816; x_wconf 89' lang='lat' dir='ltr'><strong>sunt</strong></span> <span class='ocrx_word' id='word_1_208' title='bbox 953 2801 970 2827; x_wconf 93' lang='lat'><strong>,</strong></span> <span class='ocrx_word' id='word_1_209' title='bbox 1001 2761 1089 2832; x_wconf 90' lang='lat' dir='ltr'><strong>qui</strong></span> <span class='ocrx_word' id='word_1_210' title='bbox 1123 2762 1414 2832; x_wconf 85' lang='lat' dir='ltr'><strong>loquuntur</strong></span> <span class='ocrx_word' id='word_1_211' title='bbox 1452 2762 1610 2817; x_wconf 89' lang='lat' dir='ltr'><strong>verba</strong></span> <span class='ocrx_word' id='word_1_212' title='bbox 1656 2763 1826 2834; x_wconf 87' lang='lat' dir='ltr'><strong>turpia</strong></span> <span class='ocrx_word' id='word_1_213' title='bbox 1852 2771 1907 2818; x_wconf 88' lang='lat' dir='ltr'><strong>et</strong></span> <span class='ocrx_word' id='word_1_214' title='bbox 1935 2765 2034 2818; x_wconf 86' lang='lat' dir='ltr'><strong>im-</strong></span> 
     </span>
    </p>
   </div>
   <div class='ocr_carea' id='block_1_28' title="bbox 444 2852 2033 2910">
    <p class='ocr_par' dir='ltr' id='par_1_28' title="bbox 444 2852 2033 2910">
     <span class='ocr_line' id='line_1_28' title="bbox 444 2852 2033 2910; baseline 0.003 -4"><span class='ocrx_word' id='word_1_215' title='bbox 444 2853 659 2908; x_wconf 87' lang='lat' dir='ltr'><strong>nmnda.</strong></span> <span class='ocrx_word' id='word_1_216' title='bbox 691 2852 800 2908; x_wconf 82' lang='lat' dir='ltr'><strong>Cur</strong></span> <span class='ocrx_word' id='word_1_217' title='bbox 848 2863 1028 2909; x_wconf 90' lang='lat' dir='ltr'><strong>autem</strong></span> <span class='ocrx_word' id='word_1_218' title='bbox 1080 2869 1187 2909; x_wconf 88' lang='lat' dir='ltr'><strong>non</strong></span> <span class='ocrx_word' id='word_1_219' title='bbox 1234 2853 1367 2909; x_wconf 81' lang='lat' dir='ltr'><strong>dixit</strong></span> <span class='ocrx_word' id='word_1_220' title='bbox 1408 2854 1722 2909; x_wconf 82' lang='lat' dir='ltr'><strong>matutinum</strong></span> <span class='ocrx_word' id='word_1_221' title='bbox 1758 2901 1765 2906; x_wconf 93' lang='lat'><strong>.</strong></span> <span class='ocrx_word' id='word_1_222' title='bbox 1799 2853 1890 2909; x_wconf 91' lang='lat' dir='ltr'><strong>sed</strong></span> <span class='ocrx_word' id='word_1_223' title='bbox 1916 2870 2033 2910; x_wconf 86' lang='lat' dir='ltr'><strong>ves-</strong></span> 
     </span>
    </p>
   </div>
   <div class='ocr_carea' id='block_1_29' title="bbox 445 2938 2030 3015">
    <p class='ocr_par' dir='ltr' id='par_1_29' title="bbox 445 2938 2030 3015">
     <span class='ocr_line' id='line_1_29' title="bbox 445 2938 2030 3015; baseline 0.002 -17"><span class='ocrx_word' id='word_1_224' title='bbox 445 2944 710 3014; x_wconf 62' lang='lat' dir='ltr'><strong>perlinum</strong></span> <span class='ocrx_word' id='word_1_225' title='bbox 731 2938 754 2997; x_wconf 86' lang='lat'><strong>?</strong></span> <span class='ocrx_word' id='word_1_226' title='bbox 779 2942 901 2998; x_wconf 78' lang='lat' dir='ltr'><strong>Mihi</strong></span> <span class='ocrx_word' id='word_1_227' title='bbox 929 2943 1144 3015; x_wconf 88' lang='lat' dir='ltr'><strong>quidem</strong></span> <span class='ocrx_word' id='word_1_228' title='bbox 1174 2944 1383 3001; x_wconf 81' lang='lat' dir='ltr'><strong>videtur</strong></span> <span class='ocrx_word' id='word_1_229' title='bbox 1405 2945 1606 3000; x_wconf 82' lang='lat' dir='ltr'><strong>dictum</strong></span> <span class='ocrx_word' id='word_1_230' title='bbox 1632 2961 1749 3001; x_wconf 87' lang='lat' dir='ltr'><strong>esse</strong></span> <span class='ocrx_word' id='word_1_231' title='bbox 1780 2945 2030 3001; x_wconf 85' lang='lat' dir='ltr'><strong>indiscri-</strong></span> 
     </span>
    </p>
   </div>
   <div class='ocr_carea' id='block_1_30' title="bbox 446 3037 2033 3107">
    <p class='ocr_par' dir='ltr' id='par_1_30' title="bbox 446 3037 2033 3107">
     <span class='ocr_line' id='line_1_30' title="bbox 446 3037 2033 3107; baseline 0.002 -15"><span class='ocrx_word' id='word_1_232' title='bbox 446 3038 708 3092; x_wconf 89' lang='lat' dir='ltr'><strong>minatim.</strong></span> <span class='ocrx_word' id='word_1_233' title='bbox 770 3037 825 3095; x_wconf 92' lang='lat' dir='ltr'><strong>Si</strong></span> <span class='ocrx_word' id='word_1_234' title='bbox 878 3039 1019 3094; x_wconf 82' lang='lat' dir='ltr'><strong>enim</strong></span> <span class='ocrx_word' id='word_1_235' title='bbox 1072 3037 1296 3095; x_wconf 82' lang='lat' dir='ltr'><strong>dixisset</strong></span> <span class='ocrx_word' id='word_1_236' title='bbox 1357 3039 1715 3107; x_wconf 89' lang='lat' dir='ltr'><strong>matutimun,</strong></span> <span class='ocrx_word' id='word_1_237' title='bbox 1787 3039 2033 3095; x_wconf 56' lang='lat' dir='ltr'><strong>curias-us</strong></span> 
     </span>
    </p>
   </div>
   <div class='ocr_carea' id='block_1_31' title="bbox 443 3129 2032 3203">
    <p class='ocr_par' dir='ltr' id='par_1_31' title="bbox 443 3129 2032 3203">
     <span class='ocr_line' id='line_1_31' title="bbox 443 3129 2032 3203; baseline 0.004 -20"><span class='ocrx_word' id='word_1_238' title='bbox 443 3129 704 3200; x_wconf 91' lang='lat' dir='ltr'><strong>quispiam</strong></span> <span class='ocrx_word' id='word_1_239' title='bbox 737 3129 1144 3203; x_wconf 84' lang='lat' dir='ltr'><strong>interrogasset,</strong></span> <span class='ocrx_word' id='word_1_240' title='bbox 1165 3131 1274 3187; x_wconf 89' lang='lat' dir='ltr'><strong>Cur</strong></span> <span class='ocrx_word' id='word_1_241' title='bbox 1302 3149 1409 3188; x_wconf 92' lang='lat' dir='ltr'><strong>non</strong></span> <span class='ocrx_word' id='word_1_242' title='bbox 1449 3132 1584 3188; x_wconf 75' lang='lat' dir='ltr'><strong>dixit</strong></span> <span class='ocrx_word' id='word_1_243' title='bbox 1618 3133 1983 3203; x_wconf 87' lang='lat' dir='ltr'><strong>vespertinum</strong></span> <span class='ocrx_word' id='word_1_244' title='bbox 2007 3135 2032 3190; x_wconf 77' lang='lat' dir='ltr'><strong>‘l</strong></span> 
     </span>
    </p>
   </div>
   <div class='ocr_carea' id='block_1_32' title="bbox 444 3219 2031 3290">
    <p class='ocr_par' dir='ltr' id='par_1_32' title="bbox 444 3219 2031 3290">
     <span class='ocr_line' id='line_1_32' title="bbox 444 3219 2031 3290; baseline 0.004 -15"><span class='ocrx_word' id='word_1_245' title='bbox 444 3219 500 3275; x_wconf 89' lang='lat' dir='ltr'><strong>Si</strong></span> <span class='ocrx_word' id='word_1_246' title='bbox 523 3221 640 3289; x_wconf 81' lang='lat' dir='ltr'><strong>quis</strong></span> <span class='ocrx_word' id='word_1_247' title='bbox 662 3230 837 3278; x_wconf 90' lang='lat' dir='ltr'><strong>autem</strong></span> <span class='ocrx_word' id='word_1_248' title='bbox 867 3223 1003 3278; x_wconf 83' lang='lat' dir='ltr'><strong>velit</strong></span> <span class='ocrx_word' id='word_1_249' title='bbox 1032 3223 1218 3279; x_wconf 90' lang='lat' dir='ltr'><strong>audire</strong></span> <span class='ocrx_word' id='word_1_250' title='bbox 1242 3239 1346 3279; x_wconf 88' lang='lat' dir='ltr'><strong>non</strong></span> <span class='ocrx_word' id='word_1_251' title='bbox 1370 3224 1529 3279; x_wconf 85' lang='lat' dir='ltr'><strong>nimis</strong></span> <span class='ocrx_word' id='word_1_252' title='bbox 1551 3225 1762 3282; x_wconf 90' lang='lat' dir='ltr'><strong>curiose</strong></span> <span class='ocrx_word' id='word_1_253' title='bbox 1784 3225 1821 3290; x_wconf 57' lang='grc' dir='ltr'><strong>τ,</strong></span> <span class='ocrx_word' id='word_1_254' title='bbox 1842 3227 2031 3282; x_wconf 91' lang='lat' dir='ltr'><strong>dicen-</strong></span> 
     </span>
    </p>
   </div>
   <div class='ocr_carea' id='block_1_33' title="bbox 443 3311 2031 3389">
    <p class='ocr_par' dir='ltr' id='par_1_33' title="bbox 443 3311 2031 3389">
     <span class='ocr_line' id='line_1_33' title="bbox 443 3311 2031 3389; baseline 0.006 -23"><span class='ocrx_word' id='word_1_255' title='bbox 443 3311 569 3367; x_wconf 89' lang='lat' dir='ltr'><strong>dum</strong></span> <span class='ocrx_word' id='word_1_256' title='bbox 596 3322 680 3367; x_wconf 87' lang='lat' dir='ltr'><strong>est</strong></span> <span class='ocrx_word' id='word_1_257' title='bbox 700 3315 1017 3370; x_wconf 88' lang='lat' dir='ltr'><strong>matutinum</strong></span> <span class='ocrx_word' id='word_1_258' title='bbox 1043 3316 1259 3386; x_wconf 87' lang='lat' dir='ltr'><strong>quidem</strong></span> <span class='ocrx_word' id='word_1_259' title='bbox 1288 3326 1600 3387; x_wconf 77' lang='lat' dir='ltr'><strong>exSpeetare</strong></span> <span class='ocrx_word' id='word_1_260' title='bbox 1628 3319 2031 3389; x_wconf 82' lang='lat' dir='ltr'><strong>vespertinum;</strong></span> 
     </span>
    </p>
   </div>
   <div class='ocr_carea' id='block_1_34' title="bbox 443 3406 2033 3477">
    <p class='ocr_par' dir='ltr' id='par_1_34' title="bbox 443 3406 2033 3477">
     <span class='ocr_line' id='line_1_34' title="bbox 443 3406 2033 3477; baseline 0.007 -20"><span class='ocrx_word' id='word_1_261' title='bbox 443 3418 567 3458; x_wconf 85' lang='lat' dir='ltr'><strong>cum</strong></span> <span class='ocrx_word' id='word_1_262' title='bbox 600 3406 960 3473; x_wconf 84' lang='lat' dir='ltr'><strong>vespertinum</strong></span> <span class='ocrx_word' id='word_1_263' title='bbox 991 3416 1168 3462; x_wconf 88' lang='lat' dir='ltr'><strong>autem</strong></span> <span class='ocrx_word' id='word_1_264' title='bbox 1202 3419 1474 3477; x_wconf 88' lang='lat' dir='ltr'><strong>peractum</strong></span> <span class='ocrx_word' id='word_1_265' title='bbox 1506 3407 1683 3476; x_wconf 85' lang='lat' dir='ltr'><strong>fuerit,</strong></span> <span class='ocrx_word' id='word_1_266' title='bbox 1716 3410 1923 3466; x_wconf 87' lang='lat' dir='ltr'><strong>ﬁnitum</strong></span> <span class='ocrx_word' id='word_1_267' title='bbox 1948 3421 2033 3468; x_wconf 90' lang='lat' dir='ltr'><strong>est</strong></span> 
     </span>
    </p>
   </div>
   <div class='ocr_carea' id='block_1_35' title="bbox 442 3494 2031 3571">
    <p class='ocr_par' dir='ltr' id='par_1_35' title="bbox 442 3494 2031 3571">
     <span class='ocr_line' id='line_1_35' title="bbox 442 3494 2031 3571; baseline 0.007 -22"><span class='ocrx_word' id='word_1_268' title='bbox 442 3494 797 3565; x_wconf 87' lang='lat' dir='ltr'><strong>sacriﬁcium,</strong></span> <span class='ocrx_word' id='word_1_269' title='bbox 825 3508 881 3554; x_wconf 90' lang='lat' dir='ltr'><strong>et</strong></span> <span class='ocrx_word' id='word_1_270' title='bbox 915 3514 1020 3553; x_wconf 90' lang='lat' dir='ltr'><strong>non</strong></span> <span class='ocrx_word' id='word_1_271' title='bbox 1065 3508 1149 3554; x_wconf 89' lang='lat' dir='ltr'><strong>est</strong></span> <span class='ocrx_word' id='word_1_272' title='bbox 1194 3501 1376 3570; x_wconf 87' lang='lat' dir='ltr'><strong>utique</strong></span> <span class='ocrx_word' id='word_1_273' title='bbox 1422 3503 1648 3571; x_wconf 86' lang='lat' dir='ltr'><strong>amplius</strong></span> <span class='ocrx_word' id='word_1_274' title='bbox 1691 3502 2031 3571; x_wconf 89' lang='lat' dir='ltr'><strong>imperfectus</strong></span> 
     </span>
    </p>
   </div>
   <div class='ocr_carea' id='block_1_36' title="bbox 442 3588 2029 3665">
    <p class='ocr_par' dir='ltr' id='par_1_36' title="bbox 442 3588 2029 3665">
     <span class='ocr_line' id='line_1_36' title="bbox 442 3588 2029 3665; baseline 0.004 -21"><span class='ocrx_word' id='word_1_275' title='bbox 442 3588 546 3645; x_wconf 81' lang='lat' dir='ltr'><strong>diei</strong></span> <span class='ocrx_word' id='word_1_276' title='bbox 569 3590 764 3658; x_wconf 87' lang='lat' dir='ltr'><strong>cultus,</strong></span> <span class='ocrx_word' id='word_1_277' title='bbox 792 3591 887 3647; x_wconf 91' lang='lat' dir='ltr'><strong>sed</strong></span> <span class='ocrx_word' id='word_1_278' title='bbox 921 3600 1004 3648; x_wconf 90' lang='lat' dir='ltr'><strong>est</strong></span> <span class='ocrx_word' id='word_1_279' title='bbox 1047 3593 1370 3663; x_wconf 89' lang='lat' dir='ltr'><strong>completus,</strong></span> <span class='ocrx_word' id='word_1_280' title='bbox 1398 3604 1453 3649; x_wconf 91' lang='lat' dir='ltr'><strong>et</strong></span> <span class='ocrx_word' id='word_1_281' title='bbox 1481 3594 1640 3650; x_wconf 90' lang='lat' dir='ltr'><strong>ﬁnem</strong></span> <span class='ocrx_word' id='word_1_282' title='bbox 1672 3597 1895 3665; x_wconf 87' lang='lat' dir='ltr'><strong>aceep&#39;t.</strong></span> <span class='ocrx_word' id='word_1_283' title='bbox 1920 3595 2029 3651; x_wconf 87' lang='lat' dir='ltr'><strong>Sed</strong></span> 
     </span>
    </p>
   </div>
   <div class='ocr_carea' id='block_1_37' title="bbox 439 3679 2027 3756">
    <p class='ocr_par' dir='ltr' id='par_1_37' title="bbox 439 3679 2027 3756">
     <span class='ocr_line' id='line_1_37' title="bbox 439 3679 2027 3756; baseline 0.008 -24"><span class='ocrx_word' id='word_1_284' title='bbox 439 3679 565 3750; x_wconf 82' lang='lat' dir='ltr'><strong>quid</strong></span> <span class='ocrx_word' id='word_1_285' title='bbox 587 3681 688 3736; x_wconf 83' lang='lat' dir='ltr'><strong>sibi</strong></span> <span class='ocrx_word' id='word_1_286' title='bbox 718 3681 829 3738; x_wconf 84' lang='lat' dir='ltr'><strong>vult</strong></span> <span class='ocrx_word' id='word_1_287' title='bbox 852 3699 1103 3739; x_wconf 90' lang='lat' dir='ltr'><strong>manuum</strong></span> <span class='ocrx_word' id='word_1_288' title='bbox 1133 3684 1184 3739; x_wconf 88' lang='lat' dir='ltr'><strong>in</strong></span> <span class='ocrx_word' id='word_1_289' title='bbox 1212 3684 1456 3741; x_wconf 90' lang='lat' dir='ltr'><strong>oratione</strong></span> <span class='ocrx_word' id='word_1_290' title='bbox 1481 3685 1746 3742; x_wconf 84' lang='lat' dir='ltr'><strong>elevatio?</strong></span> <span class='ocrx_word' id='word_1_291' title='bbox 1766 3688 2027 3756; x_wconf 84' lang='lat' dir='ltr'><strong>Quoniam</strong></span> 
     </span>
    </p>
   </div>
   <div class='ocr_carea' id='block_1_38' title="bbox 441 3770 2031 3846">
    <p class='ocr_par' dir='ltr' id='par_1_38' title="bbox 441 3770 2031 3846">
     <span class='ocr_line' id='line_1_38' title="bbox 441 3770 2031 3846; baseline 0.006 -22"><span class='ocrx_word' id='word_1_292' title='bbox 441 3770 622 3828; x_wconf 87' lang='lat' dir='ltr'><strong>multis</strong></span> <span class='ocrx_word' id='word_1_293' title='bbox 645 3772 940 3830; x_wconf 77' lang='lat' dir='ltr'><strong>sceleribus</strong></span> <span class='ocrx_word' id='word_1_294' title='bbox 974 3774 1304 3843; x_wconf 85' lang='lat' dir='ltr'><strong>inserviunt,</strong></span> <span class='ocrx_word' id='word_1_295' title='bbox 1332 3786 1391 3830; x_wconf 93' lang='lat' dir='ltr'><strong>ut</strong></span> <span class='ocrx_word' id='word_1_296' title='bbox 1420 3777 1853 3846; x_wconf 87' lang='lat' dir='ltr'><strong>percussionibus</strong></span> <span class='ocrx_word' id='word_1_297' title='bbox 1875 3821 1891 3845; x_wconf 93' lang='lat'><strong>,</strong></span> <span class='ocrx_word' id='word_1_298' title='bbox 1924 3793 2031 3836; x_wconf 77' lang='lat' dir='ltr'><strong>ca:-</strong></span> 
     </span>
    </p>
   </div>
   <div class='ocr_carea' id='block_1_39' title="bbox 440 3862 2028 3940">
    <p class='ocr_par' dir='ltr' id='par_1_39' title="bbox 440 3862 2028 3940">
     <span class='ocr_line' id='line_1_39' title="bbox 440 3862 2028 3940; baseline 0.006 -25"><span class='ocrx_word' id='word_1_299' title='bbox 440 3862 619 3929; x_wconf 90' lang='lat' dir='ltr'><strong>dibus,</strong></span> <span class='ocrx_word' id='word_1_300' title='bbox 647 3864 867 3936; x_wconf 82' lang='lat' dir='ltr'><strong>rapinis,</strong></span> <span class='ocrx_word' id='word_1_301' title='bbox 887 3866 1127 3922; x_wconf 70' lang='lat' dir='ltr'><strong>avaritire</strong></span> <span class='ocrx_word' id='word_1_302' title='bbox 1150 3909 1167 3936; x_wconf 93' lang='lat'><strong>,</strong></span> <span class='ocrx_word' id='word_1_303' title='bbox 1196 3877 1253 3923; x_wconf 91' lang='lat' dir='ltr'><strong>et</strong></span> <span class='ocrx_word' id='word_1_304' title='bbox 1282 3867 1543 3922; x_wconf 91' lang='lat' dir='ltr'><strong>bonorum</strong></span> <span class='ocrx_word' id='word_1_305' title='bbox 1572 3868 1793 3924; x_wconf 88' lang='lat' dir='ltr'><strong>alterius</strong></span> <span class='ocrx_word' id='word_1_306' title='bbox 1818 3869 2028 3940; x_wconf 85' lang='lat' dir='ltr'><strong>cupidi-</strong></span> 
     </span>
    </p>
   </div>
   <div class='ocr_carea' id='block_1_40' title="bbox 439 3954 2026 4029">
    <p class='ocr_par' dir='ltr' id='par_1_40' title="bbox 439 3954 2026 4029">
     <span class='ocr_line' id='line_1_40' title="bbox 439 3954 2026 4029; baseline 0.006 -22"><span class='ocrx_word' id='word_1_307' title='bbox 439 3954 556 4020; x_wconf 89' lang='lat' dir='ltr'><strong>tati,</strong></span> <span class='ocrx_word' id='word_1_308' title='bbox 578 3964 796 4025; x_wconf 87' lang='lat' dir='ltr'><strong>propter</strong></span> <span class='ocrx_word' id='word_1_309' title='bbox 821 3957 923 4013; x_wconf 91' lang='lat' dir='ltr'><strong>boc</strong></span> <span class='ocrx_word' id='word_1_310' title='bbox 958 3957 1132 4028; x_wconf 89' lang='lat' dir='ltr'><strong>ipsum</strong></span> <span class='ocrx_word' id='word_1_311' title='bbox 1161 3973 1291 4028; x_wconf 86' lang='lat' dir='ltr'><strong>ergo</strong></span> <span class='ocrx_word' id='word_1_312' title='bbox 1332 3973 1425 4014; x_wconf 89' lang='lat' dir='ltr'><strong>eas</strong></span> <span class='ocrx_word' id='word_1_313' title='bbox 1471 3957 1724 4028; x_wconf 73' lang='lat' dir='ltr'><strong>iubemus</strong></span> <span class='ocrx_word' id='word_1_314' title='bbox 1770 3960 2026 4029; x_wconf 87' lang='lat' dir='ltr'><strong>tendere,</strong></span> 
     </span>
    </p>
   </div>
   <div class='ocr_carea' id='block_1_41' title="bbox 440 4049 2022 4122">
    <p class='ocr_par' dir='ltr' id='par_1_41' title="bbox 440 4049 2022 4122">
     <span class='ocr_line' id='line_1_41' title="bbox 440 4049 2022 4122; baseline 0.005 -22"><span class='ocrx_word' id='word_1_315' title='bbox 440 4056 498 4101; x_wconf 90' lang='lat' dir='ltr'><strong>ut</strong></span> <span class='ocrx_word' id='word_1_316' title='bbox 521 4049 780 4103; x_wconf 88' lang='lat' dir='ltr'><strong>orationis</strong></span> <span class='ocrx_word' id='word_1_317' title='bbox 832 4050 1190 4105; x_wconf 84' lang='lat' dir='ltr'><strong>ministerium</strong></span> <span class='ocrx_word' id='word_1_318' title='bbox 1231 4052 1300 4105; x_wconf 88' lang='lat' dir='ltr'><strong>sit</strong></span> <span class='ocrx_word' id='word_1_319' title='bbox 1328 4050 1408 4106; x_wconf 91' lang='lat' dir='ltr'><strong>eis</strong></span> <span class='ocrx_word' id='word_1_320' title='bbox 1435 4052 1683 4122; x_wconf 66' lang='lat' dir='ltr'><strong>nequitia:</strong></span> <span class='ocrx_word' id='word_1_321' title='bbox 1712 4052 1980 4108; x_wconf 81' lang='lat' dir='ltr'><strong>vinculum</strong></span> <span class='ocrx_word' id='word_1_322' title='bbox 2006 4094 2022 4120; x_wconf 95' lang='lat'><strong>,</strong></span> 
     </span>
    </p>
   </div>
   <div class='ocr_carea' id='block_1_42' title="bbox 435 4137 2022 4217">
    <p class='ocr_par' dir='ltr' id='par_1_42' title="bbox 435 4137 2022 4217">
     <span class='ocr_line' id='line_1_42' title="bbox 435 4137 2022 4217; baseline 0.006 -27"><span class='ocrx_word' id='word_1_323' title='bbox 435 4144 489 4191; x_wconf 89' lang='lat' dir='ltr'><strong>et</strong></span> <span class='ocrx_word' id='word_1_324' title='bbox 517 4139 586 4191; x_wconf 88' lang='lat' dir='ltr'><strong>ab</strong></span> <span class='ocrx_word' id='word_1_325' title='bbox 615 4137 957 4206; x_wconf 87' lang='lat' dir='ltr'><strong>improbitate</strong></span> <span class='ocrx_word' id='word_1_326' title='bbox 982 4139 1229 4195; x_wconf 83' lang='lat' dir='ltr'><strong>liberatio</strong></span> <span class='ocrx_word' id='word_1_327' title='bbox 1256 4158 1270 4195; x_wconf 93' lang='lat'><strong>:</strong></span> <span class='ocrx_word' id='word_1_328' title='bbox 1298 4149 1356 4195; x_wconf 93' lang='lat' dir='ltr'><strong>ut</strong></span> <span class='ocrx_word' id='word_1_329' title='bbox 1382 4141 1596 4212; x_wconf 88' lang='lat' dir='ltr'><strong>quando</strong></span> <span class='ocrx_word' id='word_1_330' title='bbox 1617 4158 1699 4217; x_wconf 27' lang='lat' dir='ltr'><strong>les</strong></span> <span class='ocrx_word' id='word_1_331' title='bbox 1735 4153 1985 4214; x_wconf 88' lang='lat' dir='ltr'><strong>rapturus</strong></span> <span class='ocrx_word' id='word_1_332' title='bbox 2004 4184 2022 4212; x_wconf 96' lang='lat'><strong>,</strong></span> 
     </span>
    </p>
   </div>
   <div class='ocr_carea' id='block_1_43' title="bbox 436 4228 2027 4298">
    <p class='ocr_par' dir='ltr' id='par_1_43' title="bbox 436 4228 2027 4298">
     <span class='ocr_line' id='line_1_43' title="bbox 436 4228 2027 4298; baseline 0.006 -18"><span class='ocrx_word' id='word_1_333' title='bbox 436 4228 520 4282; x_wconf 85' lang='lat' dir='ltr'><strong>vel</strong></span> <span class='ocrx_word' id='word_1_334' title='bbox 553 4228 605 4283; x_wconf 93' lang='lat' dir='ltr'><strong>in</strong></span> <span class='ocrx_word' id='word_1_335' title='bbox 636 4228 772 4284; x_wconf 89' lang='lat' dir='ltr'><strong>bona</strong></span> <span class='ocrx_word' id='word_1_336' title='bbox 804 4229 1029 4285; x_wconf 90' lang='lat' dir='ltr'><strong>aliorum</strong></span> <span class='ocrx_word' id='word_1_337' title='bbox 1070 4230 1369 4298; x_wconf 85' lang='lat' dir='ltr'><strong>invasurus,</strong></span> <span class='ocrx_word' id='word_1_338' title='bbox 1397 4240 1490 4286; x_wconf 91' lang='lat' dir='ltr'><strong>aut</strong></span> <span class='ocrx_word' id='word_1_339' title='bbox 1513 4232 1676 4287; x_wconf 90' lang='lat' dir='ltr'><strong>alium</strong></span> <span class='ocrx_word' id='word_1_340' title='bbox 1717 4234 2027 4290; x_wconf 80' lang='lat' dir='ltr'><strong>verberatu-</strong></span> 
     </span>
    </p>
   </div>
   <div class='ocr_carea' id='block_1_44' title="bbox 436 4319 2024 4385">
    <p class='ocr_par' dir='ltr' id='par_1_44' title="bbox 436 4319 2024 4385">
     <span class='ocr_line' id='line_1_44' title="bbox 436 4319 2024 4385; baseline 0.004 -11"><span class='ocrx_word' id='word_1_341' title='bbox 436 4333 531 4374; x_wconf 87' lang='lat' dir='ltr'><strong>rus</strong></span> <span class='ocrx_word' id='word_1_342' title='bbox 558 4361 572 4385; x_wconf 93' lang='lat'><strong>,</strong></span> <span class='ocrx_word' id='word_1_343' title='bbox 614 4319 666 4374; x_wconf 92' lang='lat' dir='ltr'><strong>in</strong></span> <span class='ocrx_word' id='word_1_344' title='bbox 718 4321 1030 4376; x_wconf 86' lang='lat' dir='ltr'><strong>memoriam</strong></span> <span class='ocrx_word' id='word_1_345' title='bbox 1083 4336 1346 4378; x_wconf 85' lang='lat' dir='ltr'><strong>revocans</strong></span> <span class='ocrx_word' id='word_1_346' title='bbox 1397 4322 1513 4379; x_wconf 89' lang='lat' dir='ltr'><strong>fore</strong></span> <span class='ocrx_word' id='word_1_347' title='bbox 1543 4332 1600 4377; x_wconf 90' lang='lat' dir='ltr'><strong>ut</strong></span> <span class='ocrx_word' id='word_1_348' title='bbox 1637 4337 1729 4378; x_wconf 88' lang='lat' dir='ltr'><strong>eas</strong></span> <span class='ocrx_word' id='word_1_349' title='bbox 1757 4324 1823 4379; x_wconf 90' lang='lat' dir='ltr'><strong>ad</strong></span> <span class='ocrx_word' id='word_1_350' title='bbox 1856 4324 2024 4381; x_wconf 89' lang='lat' dir='ltr'><strong>Deum</strong></span> 
     </span>
    </p>
   </div>
   <div class='ocr_carea' id='block_1_45' title="bbox 440 4411 2023 4486">
    <p class='ocr_par' dir='ltr' id='par_1_45' title="bbox 440 4411 2023 4486">
     <span class='ocr_line' id='line_1_45' title="bbox 440 4411 2023 4486; baseline 0.006 -22"><span class='ocrx_word' id='word_1_351' title='bbox 440 4411 623 4467; x_wconf 90' lang='lat' dir='ltr'><strong>mittas</strong></span> <span class='ocrx_word' id='word_1_352' title='bbox 659 4424 710 4468; x_wconf 92' lang='lat' dir='ltr'><strong>te</strong></span> <span class='ocrx_word' id='word_1_353' title='bbox 740 4412 1054 4471; x_wconf 88' lang='lat' dir='ltr'><strong>defensuras</strong></span> <span class='ocrx_word' id='word_1_354' title='bbox 1078 4457 1094 4483; x_wconf 91' lang='lat'><strong>,</strong></span> <span class='ocrx_word' id='word_1_355' title='bbox 1122 4425 1178 4471; x_wconf 89' lang='lat' dir='ltr'><strong>et</strong></span> <span class='ocrx_word' id='word_1_356' title='bbox 1209 4414 1335 4470; x_wconf 92' lang='lat' dir='ltr'><strong>illud</strong></span> <span class='ocrx_word' id='word_1_357' title='bbox 1385 4416 1665 4486; x_wconf 87' lang='lat' dir='ltr'><strong>spirituale</strong></span> <span class='ocrx_word' id='word_1_358' title='bbox 1705 4417 2023 4474; x_wconf 89' lang='lat' dir='ltr'><strong>sacriﬁcium</strong></span> 
     </span>
    </p>
   </div>
   <div class='ocr_carea' id='block_1_46' title="bbox 438 4503 2020 4578">
    <p class='ocr_par' dir='ltr' id='par_1_46' title="bbox 438 4503 2020 4578">
     <span class='ocr_line' id='line_1_46' title="bbox 438 4503 2020 4578; baseline 0.005 -23"><span class='ocrx_word' id='word_1_359' title='bbox 438 4517 535 4572; x_wconf 90' lang='lat' dir='ltr'><strong>per</strong></span> <span class='ocrx_word' id='word_1_360' title='bbox 560 4516 652 4558; x_wconf 87' lang='lat' dir='ltr'><strong>eas</strong></span> <span class='ocrx_word' id='word_1_361' title='bbox 680 4503 894 4572; x_wconf 79' lang='lat' dir='ltr'><strong>offeras,</strong></span> <span class='ocrx_word' id='word_1_362' title='bbox 936 4520 1005 4561; x_wconf 87' lang='lat' dir='ltr'><strong>ne</strong></span> <span class='ocrx_word' id='word_1_363' title='bbox 1032 4520 1123 4561; x_wconf 89' lang='lat' dir='ltr'><strong>eas</strong></span> <span class='ocrx_word' id='word_1_364' title='bbox 1153 4506 1441 4577; x_wconf 84' lang='lat' dir='ltr'><strong>ignominia</strong></span> <span class='ocrx_word' id='word_1_365' title='bbox 1471 4517 1526 4562; x_wconf 92' lang='lat' dir='ltr'><strong>et</strong></span> <span class='ocrx_word' id='word_1_366' title='bbox 1557 4506 1759 4578; x_wconf 91' lang='lat' dir='ltr'><strong>pudore</strong></span> <span class='ocrx_word' id='word_1_367' title='bbox 1782 4507 2020 4577; x_wconf 80' lang='lat' dir='ltr'><strong>afﬁcias,</strong></span> 
     </span>
    </p>
   </div>
   <div class='ocr_carea' id='block_1_47' title="bbox 430 4596 2020 4665">
    <p class='ocr_par' dir='ltr' id='par_1_47' title="bbox 430 4596 2020 4665">
     <span class='ocr_line' id='line_1_47' title="bbox 430 4596 2020 4665; baseline 0.004 -15"><span class='ocrx_word' id='word_1_368' title='bbox 430 4603 489 4650; x_wconf 78' lang='lat' dir='ltr'><strong>et</strong></span> <span class='ocrx_word' id='word_1_369' title='bbox 521 4596 674 4651; x_wconf 74' lang='lat' dir='ltr'><strong>mala:</strong></span> <span class='ocrx_word' id='word_1_370' title='bbox 700 4598 1026 4665; x_wconf 88' lang='lat' dir='ltr'><strong>operationis</strong></span> <span class='ocrx_word' id='word_1_371' title='bbox 1069 4599 1365 4655; x_wconf 88' lang='lat' dir='ltr'><strong>ministerio</strong></span> <span class='ocrx_word' id='word_1_372' title='bbox 1389 4600 1469 4656; x_wconf 90' lang='lat' dir='ltr'><strong>eis</strong></span> <span class='ocrx_word' id='word_1_373' title='bbox 1500 4599 1747 4655; x_wconf 85' lang='lat' dir='ltr'><strong>ﬁduciam</strong></span> <span class='ocrx_word' id='word_1_374' title='bbox 1789 4598 2020 4657; x_wconf 89' lang='lat' dir='ltr'><strong>auferas.</strong></span> 
     </span>
    </p>
   </div>
   <div class='ocr_carea' id='block_1_48' title="bbox 428 4684 2023 4763">
    <p class='ocr_par' dir='ltr' id='par_1_48' title="bbox 428 4684 2023 4763">
     <span class='ocr_line' id='line_1_48' title="bbox 428 4684 2023 4763; baseline 0.005 -23"><span class='ocrx_word' id='word_1_375' title='bbox 428 4684 601 4755; x_wconf 80' lang='lat' dir='ltr'><strong>I‘urga</strong></span> <span class='ocrx_word' id='word_1_376' title='bbox 628 4700 758 4755; x_wconf 86' lang='lat' dir='ltr'><strong>ergo</strong></span> <span class='ocrx_word' id='word_1_377' title='bbox 800 4701 892 4742; x_wconf 89' lang='lat' dir='ltr'><strong>eas</strong></span> <span class='ocrx_word' id='word_1_378' title='bbox 913 4689 1274 4763; x_wconf 82' lang='lat' dir='ltr'><strong>eleemosyna,</strong></span> <span class='ocrx_word' id='word_1_379' title='bbox 1302 4690 1585 4747; x_wconf 88' lang='lat' dir='ltr'><strong>clementia</strong></span> <span class='ocrx_word' id='word_1_380' title='bbox 1609 4732 1625 4760; x_wconf 90' lang='lat'><strong>,</strong></span> <span class='ocrx_word' id='word_1_381' title='bbox 1656 4691 2023 4748; x_wconf 86' lang='lat' dir='ltr'><strong>snbveniendo</strong></span> 
     </span>
    </p>
   </div>
   <div class='ocr_carea' id='block_1_49' title="bbox 432 4775 2021 4854">
    <p class='ocr_par' dir='ltr' id='par_1_49' title="bbox 432 4775 2021 4854">
     <span class='ocr_line' id='line_1_49' title="bbox 432 4775 2021 4854; baseline 0.004 -23"><span class='ocrx_word' id='word_1_382' title='bbox 432 4776 496 4831; x_wconf 90' lang='lat' dir='ltr'><strong>iis</strong></span> <span class='ocrx_word' id='word_1_383' title='bbox 522 4775 611 4845; x_wconf 89' lang='lat' dir='ltr'><strong>qui</strong></span> <span class='ocrx_word' id='word_1_384' title='bbox 651 4775 910 4846; x_wconf 90' lang='lat' dir='ltr'><strong>indigem,</strong></span> <span class='ocrx_word' id='word_1_385' title='bbox 940 4789 995 4834; x_wconf 92' lang='lat' dir='ltr'><strong>et</strong></span> <span class='ocrx_word' id='word_1_386' title='bbox 1027 4779 1097 4834; x_wconf 91' lang='lat' dir='ltr'><strong>ita</strong></span> <span class='ocrx_word' id='word_1_387' title='bbox 1127 4795 1220 4837; x_wconf 87' lang='lat' dir='ltr'><strong>eas</strong></span> <span class='ocrx_word' id='word_1_388' title='bbox 1254 4781 1365 4838; x_wconf 91' lang='lat' dir='ltr'><strong>Deo</strong></span> <span class='ocrx_word' id='word_1_389' title='bbox 1403 4782 1689 4854; x_wconf 77' lang='lat' dir='ltr'><strong>expandito</strong></span> <span class='ocrx_word' id='word_1_390' title='bbox 1718 4782 1785 4837; x_wconf 90' lang='lat' dir='ltr'><strong>ad</strong></span> <span class='ocrx_word' id='word_1_391' title='bbox 1822 4783 2021 4838; x_wconf 87' lang='lat' dir='ltr'><strong>oratio-</strong></span> 
     </span>
    </p>
   </div>
   <div class='ocr_carea' id='block_1_50' title="bbox 428 4868 2019 4943">
    <p class='ocr_par' dir='ltr' id='par_1_50' title="bbox 428 4868 2019 4943">
     <span class='ocr_line' id='line_1_50' title="bbox 428 4868 2019 4943; baseline 0.004 -19"><span class='ocrx_word' id='word_1_392' title='bbox 428 4884 576 4924; x_wconf 90' lang='lat' dir='ltr'><strong>nem.</strong></span> <span class='ocrx_word' id='word_1_393' title='bbox 603 4868 660 4925; x_wconf 89' lang='lat' dir='ltr'><strong>Si</strong></span> <span class='ocrx_word' id='word_1_394' title='bbox 688 4868 831 4924; x_wconf 91' lang='lat' dir='ltr'><strong>enim</strong></span> <span class='ocrx_word' id='word_1_395' title='bbox 864 4885 969 4926; x_wconf 92' lang='lat' dir='ltr'><strong>non</strong></span> <span class='ocrx_word' id='word_1_396' title='bbox 997 4874 1260 4943; x_wconf 89' lang='lat' dir='ltr'><strong>permittis</strong></span> <span class='ocrx_word' id='word_1_397' title='bbox 1290 4882 1343 4928; x_wconf 91' lang='lat' dir='ltr'><strong>ut</strong></span> <span class='ocrx_word' id='word_1_398' title='bbox 1373 4890 1450 4930; x_wconf 77' lang='lat' dir='ltr'><strong>eze</strong></span> <span class='ocrx_word' id='word_1_399' title='bbox 1480 4875 1736 4929; x_wconf 89' lang='lat' dir='ltr'><strong>tollantur</strong></span> <span class='ocrx_word' id='word_1_400' title='bbox 1761 4874 1924 4930; x_wconf 74' lang='lat' dir='ltr'><strong>illota:</strong></span> <span class='ocrx_word' id='word_1_401' title='bbox 1952 4875 2019 4931; x_wconf 91' lang='lat' dir='ltr'><strong>ad</strong></span> 
     </span>
    </p>
   </div>
   <div class='ocr_carea' id='block_1_51' title="bbox 425 4958 2020 5037">
    <p class='ocr_par' dir='ltr' id='par_1_51' title="bbox 425 4958 2020 5037">
     <span class='ocr_line' id='line_1_51' title="bbox 425 4958 2020 5037; baseline 0.007 -25"><span class='ocrx_word' id='word_1_402' title='bbox 425 4958 726 5015; x_wconf 87' lang='lat' dir='ltr'><strong>orationem</strong></span> <span class='ocrx_word' id='word_1_403' title='bbox 759 4976 774 5015; x_wconf 85' lang='lat'><strong>:</strong></span> <span class='ocrx_word' id='word_1_404' title='bbox 814 4962 979 5017; x_wconf 85' lang='lat' dir='ltr'><strong>multo</strong></span> <span class='ocrx_word' id='word_1_405' title='bbox 1009 4965 1176 5034; x_wconf 85' lang='lat' dir='ltr'><strong>magis</strong></span> <span class='ocrx_word' id='word_1_406' title='bbox 1205 4981 1308 5018; x_wconf 87' lang='lat' dir='ltr'><strong>non</strong></span> <span class='ocrx_word' id='word_1_407' title='bbox 1339 4981 1548 5035; x_wconf 76' lang='lat' dir='ltr'><strong>mqunm</strong></span> <span class='ocrx_word' id='word_1_408' title='bbox 1577 4975 1659 5020; x_wconf 89' lang='lat' dir='ltr'><strong>est</strong></span> <span class='ocrx_word' id='word_1_409' title='bbox 1686 4976 1742 5020; x_wconf 92' lang='lat' dir='ltr'><strong>ut</strong></span> <span class='ocrx_word' id='word_1_410' title='bbox 1771 4982 1864 5022; x_wconf 88' lang='lat' dir='ltr'><strong>eas</strong></span> <span class='ocrx_word' id='word_1_411' title='bbox 1891 4982 2020 5037; x_wconf 83' lang='lat' dir='ltr'><strong>pec-</strong></span> 
     </span>
    </p>
   </div>
   <div class='ocr_carea' id='block_1_52' title="bbox 425 5050 2016 5124">
    <p class='ocr_par' dir='ltr' id='par_1_52' title="bbox 425 5050 2016 5124">
     <span class='ocr_line' id='line_1_52' title="bbox 425 5050 2016 5124; baseline 0.006 -20"><span class='ocrx_word' id='word_1_412' title='bbox 425 5050 561 5105; x_wconf 85' lang='lat' dir='ltr'><strong>catis</strong></span> <span class='ocrx_word' id='word_1_413' title='bbox 589 5051 858 5122; x_wconf 89' lang='lat' dir='ltr'><strong>inquines.</strong></span> <span class='ocrx_word' id='word_1_414' title='bbox 889 5051 945 5109; x_wconf 89' lang='lat' dir='ltr'><strong>Si</strong></span> <span class='ocrx_word' id='word_1_415' title='bbox 975 5054 1117 5124; x_wconf 89' lang='lat' dir='ltr'><strong>quod</strong></span> <span class='ocrx_word' id='word_1_416' title='bbox 1149 5055 1323 5109; x_wconf 89' lang='lat' dir='ltr'><strong>minus</strong></span> <span class='ocrx_word' id='word_1_417' title='bbox 1349 5066 1430 5110; x_wconf 89' lang='lat' dir='ltr'><strong>est</strong></span> <span class='ocrx_word' id='word_1_418' title='bbox 1458 5059 1680 5123; x_wconf 81' lang='lat' dir='ltr'><strong>vereris,</strong></span> <span class='ocrx_word' id='word_1_419' title='bbox 1714 5058 1882 5113; x_wconf 91' lang='lat' dir='ltr'><strong>multo</strong></span> <span class='ocrx_word' id='word_1_420' title='bbox 1899 5075 2016 5113; x_wconf 90' lang='lat' dir='ltr'><strong>ma-</strong></span> 
     </span>
    </p>
   </div>
   <div class='ocr_carea' id='block_1_53' title="bbox 423 5144 2016 5217">
    <p class='ocr_par' dir='ltr' id='par_1_53' title="bbox 423 5144 2016 5217">
     <span class='ocr_line' id='line_1_53' title="bbox 423 5144 2016 5217; baseline 0.006 -20"><span class='ocrx_word' id='word_1_421' title='bbox 423 5144 506 5213; x_wconf 85' lang='lat' dir='ltr'><strong>gis</strong></span> <span class='ocrx_word' id='word_1_422' title='bbox 533 5144 855 5214; x_wconf 85' lang='lat' dir='ltr'><strong>pertimesce</strong></span> <span class='ocrx_word' id='word_1_423' title='bbox 901 5147 1043 5217; x_wconf 84' lang='lat' dir='ltr'><strong>quod</strong></span> <span class='ocrx_word' id='word_1_424' title='bbox 1096 5146 1268 5215; x_wconf 84' lang='lat' dir='ltr'><strong>majus</strong></span> <span class='ocrx_word' id='word_1_425' title='bbox 1310 5157 1413 5203; x_wconf 81' lang='lat' dir='ltr'><strong>est.</strong></span> <span class='ocrx_word' id='word_1_426' title='bbox 1463 5148 1627 5203; x_wconf 89' lang='lat' dir='ltr'><strong>lllotis</strong></span> <span class='ocrx_word' id='word_1_427' title='bbox 1670 5149 1812 5203; x_wconf 91' lang='lat' dir='ltr'><strong>enim</strong></span> <span class='ocrx_word' id='word_1_428' title='bbox 1859 5164 2016 5206; x_wconf 87' lang='lat' dir='ltr'><strong>orare</strong></span> 
     </span>
    </p>
   </div>
   <div class='ocr_carea' id='block_1_54' title="bbox 428 5235 2017 5305">
    <p class='ocr_par' dir='ltr' id='par_1_54' title="bbox 428 5235 2017 5305">
     <span class='ocr_line' id='line_1_54' title="bbox 428 5235 2017 5305; baseline 0.006 -19"><span class='ocrx_word' id='word_1_429' title='bbox 428 5235 674 5292; x_wconf 88' lang='lat' dir='ltr'><strong>manibus</strong></span> <span class='ocrx_word' id='word_1_430' title='bbox 699 5253 802 5293; x_wconf 88' lang='lat' dir='ltr'><strong>non</strong></span> <span class='ocrx_word' id='word_1_431' title='bbox 833 5247 913 5293; x_wconf 89' lang='lat' dir='ltr'><strong>est</strong></span> <span class='ocrx_word' id='word_1_432' title='bbox 939 5238 1073 5294; x_wconf 86' lang='lat' dir='ltr'><strong>adeo</strong></span> <span class='ocrx_word' id='word_1_433' title='bbox 1098 5239 1425 5305; x_wconf 88' lang='lat' dir='ltr'><strong>absurdum;</strong></span> <span class='ocrx_word' id='word_1_434' title='bbox 1475 5240 1567 5293; x_wconf 85' lang='lat' dir='ltr'><strong>sed</strong></span> <span class='ocrx_word' id='word_1_435' title='bbox 1615 5240 2017 5295; x_wconf 76' lang='lat' dir='ltr'><strong>inmunerabili-</strong></span> 
     </span>
    </p>
   </div>
   <div class='ocr_carea' id='block_1_55' title="bbox 418 5320 2011 5409">
    <p class='ocr_par' dir='ltr' id='par_1_55' title="bbox 418 5320 2011 5409">
     <span class='ocr_line' id='line_1_55' title="bbox 418 5320 2011 5409; baseline 0.003 -27"><span class='ocrx_word' id='word_1_436' title='bbox 418 5320 521 5382; x_wconf 82' lang='lat' dir='ltr'><strong>bus</strong></span> <span class='ocrx_word' id='word_1_437' title='bbox 541 5339 880 5397; x_wconf 88' lang='lat' dir='ltr'><strong>peecatormn</strong></span> <span class='ocrx_word' id='word_1_438' title='bbox 911 5331 1158 5388; x_wconf 89' lang='lat' dir='ltr'><strong>sordibus</strong></span> <span class='ocrx_word' id='word_1_439' title='bbox 1184 5333 1485 5409; x_wconf 87' lang='lat' dir='ltr'><strong>inquinatas</strong></span> <span class='ocrx_word' id='word_1_440' title='bbox 1506 5332 1723 5400; x_wconf 72' lang='lat' dir='ltr'><strong>offerre,</strong></span> <span class='ocrx_word' id='word_1_441' title='bbox 1752 5331 1854 5386; x_wconf 91' lang='lat' dir='ltr'><strong>hoc</strong></span> <span class='ocrx_word' id='word_1_442' title='bbox 1881 5332 2011 5387; x_wconf 90' lang='lat' dir='ltr'><strong>iram</strong></span> 
     </span>
    </p>
   </div>
   <div class='ocr_carea' id='block_1_56' title="bbox 420 5417 908 5477">
    <p class='ocr_par' dir='ltr' id='par_1_56' title="bbox 420 5417 908 5477">
     <span class='ocr_line' id='line_1_56' title="bbox 420 5417 908 5477; baseline 0.014 -7"><span class='ocrx_word' id='word_1_443' title='bbox 420 5417 577 5473; x_wconf 78' lang='lat' dir='ltr'><strong>utl&#39;ert</strong></span> <span class='ocrx_word' id='word_1_444' title='bbox 601 5422 908 5477; x_wconf 81' lang='lat' dir='ltr'><strong>maximam.</strong></span> 
     </span>
    </p>
   </div>
   <div class='ocr_carea' id='block_1_57' title="bbox 500 5510 2013 5584">
    <p class='ocr_par' dir='ltr' id='par_1_57' title="bbox 500 5510 2013 5584">
     <span class='ocr_line' id='line_1_57' title="bbox 500 5510 2013 5584; baseline -0.002 -15"><span class='ocrx_word' id='word_1_445' title='bbox 500 5510 555 5564; x_wconf 72' lang='grc' dir='ltr'><strong>ιε</strong></span> <span class='ocrx_word' id='word_1_446' title='bbox 589 5513 702 5569; x_wconf 83' lang='lat' dir='ltr'><strong>lloc</strong></span> <span class='ocrx_word' id='word_1_447' title='bbox 731 5515 902 5584; x_wconf 87' lang='lat' dir='ltr'><strong>ipsum</strong></span> <span class='ocrx_word' id='word_1_448' title='bbox 933 5522 989 5570; x_wconf 91' lang='lat' dir='ltr'><strong>et</strong></span> <span class='ocrx_word' id='word_1_449' title='bbox 1019 5515 1072 5570; x_wconf 92' lang='lat' dir='ltr'><strong>in</strong></span> <span class='ocrx_word' id='word_1_450' title='bbox 1102 5530 1199 5571; x_wconf 88' lang='lat' dir='ltr'><strong>ore</strong></span> <span class='ocrx_word' id='word_1_451' title='bbox 1238 5523 1292 5570; x_wconf 94' lang='lat' dir='ltr'><strong>et</strong></span> <span class='ocrx_word' id='word_1_452' title='bbox 1319 5515 1371 5569; x_wconf 92' lang='lat' dir='ltr'><strong>in</strong></span> <span class='ocrx_word' id='word_1_453' title='bbox 1401 5511 1578 5584; x_wconf 74' lang='lat' dir='ltr'><strong>lingua</strong></span> <span class='ocrx_word' id='word_1_454' title='bbox 1613 5527 1890 5570; x_wconf 82' lang='lat' dir='ltr'><strong>versemus</strong></span> <span class='ocrx_word' id='word_1_455' title='bbox 1912 5553 1926 5577; x_wconf 88' lang='lat'><strong>,</strong></span> <span class='ocrx_word' id='word_1_456' title='bbox 1957 5521 2013 5568; x_wconf 94' lang='lat' dir='ltr'><strong>et</strong></span> 
     </span>
    </p>
   </div>
   <div class='ocr_carea' id='block_1_58' title="bbox 424 5604 2005 5673">
    <p class='ocr_par' dir='ltr' id='par_1_58' title="bbox 424 5604 2005 5673">
     <span class='ocr_line' id='line_1_58' title="bbox 424 5604 2005 5673; baseline -0.001 -15"><span class='ocrx_word' id='word_1_457' title='bbox 424 5619 489 5659; x_wconf 83' lang='lat' dir='ltr'><strong>ea</strong></span> <span class='ocrx_word' id='word_1_458' title='bbox 504 5606 689 5660; x_wconf 89' lang='lat' dir='ltr'><strong>sceleri</strong></span> <span class='ocrx_word' id='word_1_459' title='bbox 714 5606 854 5661; x_wconf 88' lang='lat' dir='ltr'><strong>invia</strong></span> <span class='ocrx_word' id='word_1_460' title='bbox 875 5617 1276 5673; x_wconf 86' lang='lat' dir='ltr'><strong>conservantes,</strong></span> <span class='ocrx_word' id='word_1_461' title='bbox 1295 5606 1366 5660; x_wconf 91' lang='lat' dir='ltr'><strong>ita</strong></span> <span class='ocrx_word' id='word_1_462' title='bbox 1382 5604 1667 5661; x_wconf 77' lang='lat' dir='ltr'><strong>oll‘eramus</strong></span> <span class='ocrx_word' id='word_1_463' title='bbox 1683 5604 2005 5660; x_wconf 86' lang='lat' dir='ltr'><strong>orationem.</strong></span> 
     </span>
    </p>
   </div>
   <div class='ocr_carea' id='block_1_59' title="bbox 431 5735 2008 5806">
    <p class='ocr_par' dir='ltr' id='par_1_59' title="bbox 431 5735 2008 5806">
     <span class='ocr_line' id='line_1_59' title="bbox 431 5735 2008 5806; baseline 0.003 -23"><span class='ocrx_word' id='word_1_464' title='bbox 431 5792 449 5806; x_wconf 64' lang='lat'><strong><em>_</em></strong></span> <span class='ocrx_word' id='word_1_465' title='bbox 487 5736 503 5806; x_wconf 63' lang='grc' dir='ltr'><strong>ξ</strong></span> <span class='ocrx_word' id='word_1_466' title='bbox 538 5740 585 5783; x_wconf 90' lang='lat' dir='ltr'><strong>&#39;n</strong></span> <span class='ocrx_word' id='word_1_467' title='bbox 608 5735 898 5806; x_wconf 67' lang='lat' dir='ltr'><strong>quithde</strong></span> <span class='ocrx_word' id='word_1_468' title='bbox 922 5745 1026 5788; x_wconf 71' lang='lat' dir='ltr'><strong>Mss.</strong></span> <span class='ocrx_word' id='word_1_469' title='bbox 1048 5740 1118 5792; x_wconf 83' lang='lat' dir='ltr'><strong>sic</strong></span> <span class='ocrx_word' id='word_1_470' title='bbox 1137 5736 1318 5802; x_wconf 75' lang='lat' dir='ltr'><strong>legitur</strong></span> <span class='ocrx_word' id='word_1_471' title='bbox 1346 5752 1356 5788; x_wconf 92' lang='lat'><strong>:</strong></span> <span class='ocrx_word' id='word_1_472' title='bbox 1384 5737 1430 5789; x_wconf 82' lang='lat' dir='ltr'><strong>si</strong></span> <span class='ocrx_word' id='word_1_473' title='bbox 1454 5739 1558 5803; x_wconf 83' lang='lat' dir='ltr'><strong>quis</strong></span> <span class='ocrx_word' id='word_1_474' title='bbox 1593 5744 1747 5795; x_wconf 81' lang='lat' dir='ltr'><strong>autem</strong></span> <span class='ocrx_word' id='word_1_475' title='bbox 1771 5735 2008 5791; x_wconf 77' lang='lat' dir='ltr'><strong>curiosius</strong></span> 
     </span>
    </p>
   </div>
   <div class='ocr_carea' id='block_1_60' title="bbox 422 5795 891 5859">
    <p class='ocr_par' dir='ltr' id='par_1_60' title="bbox 422 5795 891 5859">
     <span class='ocr_line' id='line_1_60' title="bbox 422 5795 891 5859; baseline 0.011 -19"><span class='ocrx_word' id='word_1_476' title='bbox 422 5795 649 5859; x_wconf 69' lang='lat' dir='ltr'><strong>indagare</strong></span> <span class='ocrx_word' id='word_1_477' title='bbox 670 5795 891 5849; x_wconf 67' lang='lat' dir='ltr'><strong>t‘outert&#39;t.</strong></span> 
     </span>
    </p>
   </div>
   <div class='ocr_carea' id='block_1_61' title="bbox 1179 346 3683 423">
    <p class='ocr_par' dir='ltr' id='par_1_61' title="bbox 1179 346 3683 423">
     <span class='ocr_line' id='line_1_61' title="bbox 1179 346 3683 423; baseline 0.002 -5"><span class='ocrx_word' id='word_1_478' title='bbox 1179 360 1235 418; x_wconf 86' lang='lat' dir='ltr'><strong>S.</strong></span> <span class='ocrx_word' id='word_1_479' title='bbox 1275 357 1554 418; x_wconf 68' lang='lat' dir='ltr'><strong>JOANNIS</strong></span> <span class='ocrx_word' id='word_1_480' title='bbox 1590 346 1967 410; x_wconf 75' lang='lat' dir='ltr'><strong>CllllYSOST.</strong></span> <span class='ocrx_word' id='word_1_481' title='bbox 2012 347 2328 407; x_wconf 75' lang='lat' dir='ltr'><strong>ARCHIEP.</strong></span> <span class='ocrx_word' id='word_1_482' title='bbox 2368 350 2903 415; x_wconf 78' lang='lat' dir='ltr'><strong>CONSTANTINOP.</strong></span> <span class='ocrx_word' id='word_1_483' title='bbox 3599 366 3683 423; x_wconf 67' lang='grc' dir='ltr'><strong>ιιι</strong></span> 
     </span>
    </p>
   </div>
   <div class='ocr_carea' id='block_1_62' title="bbox 2137 463 3681 536">
    <p class='ocr_par' dir='ltr' id='par_1_62' title="bbox 2137 463 3681 536">
     <span class='ocr_line' id='line_1_62' title="bbox 2137 463 3681 536; baseline 0.008 -15"><span class='ocrx_word' id='word_1_484' title='bbox 2137 464 2197 521; x_wconf 86' lang='lat' dir='ltr'><strong>St</strong></span> <span class='ocrx_word' id='word_1_485' title='bbox 2219 463 2338 535; x_wconf 82' lang='lat' dir='ltr'><strong>quis</strong></span> <span class='ocrx_word' id='word_1_486' title='bbox 2366 465 2509 521; x_wconf 91' lang='lat' dir='ltr'><strong>enim</strong></span> <span class='ocrx_word' id='word_1_487' title='bbox 2542 466 2745 523; x_wconf 81' lang='lat' dir='ltr'><strong>habens</strong></span> <span class='ocrx_word' id='word_1_488' title='bbox 2773 485 2867 524; x_wconf 81' lang='lat' dir='ltr'><strong>vas</strong></span> <span class='ocrx_word' id='word_1_489' title='bbox 2893 486 3116 526; x_wconf 85' lang='lat' dir='ltr'><strong>aureum</strong></span> <span class='ocrx_word' id='word_1_490' title='bbox 3138 514 3151 536; x_wconf 91' lang='lat'><strong>,</strong></span> <span class='ocrx_word' id='word_1_491' title='bbox 3184 488 3247 527; x_wconf 90' lang='lat' dir='ltr'><strong>eo</strong></span> <span class='ocrx_word' id='word_1_492' title='bbox 3287 473 3354 525; x_wconf 86' lang='lat' dir='ltr'><strong>ad</strong></span> <span class='ocrx_word' id='word_1_493' title='bbox 3382 474 3530 529; x_wconf 75' lang='lat' dir='ltr'><strong>vilem</strong></span> <span class='ocrx_word' id='word_1_494' title='bbox 3553 495 3681 534; x_wconf 83' lang='lat' dir='ltr'><strong>nsum</strong></span> 
     </span>
    </p>
   </div>
   <div class='ocr_carea' id='block_1_63' title="bbox 2135 559 3684 639">
    <p class='ocr_par' dir='ltr' id='par_1_63' title="bbox 2135 559 3684 639">
     <span class='ocr_line' id='line_1_63' title="bbox 2135 559 3684 639; baseline 0.008 -25"><span class='ocrx_word' id='word_1_495' title='bbox 2135 559 2211 614; x_wconf 89' lang='lat' dir='ltr'><strong>uti</strong></span> <span class='ocrx_word' id='word_1_496' title='bbox 2241 575 2528 632; x_wconf 87' lang='lat' dir='ltr'><strong>nmuquam</strong></span> <span class='ocrx_word' id='word_1_497' title='bbox 2569 562 2623 615; x_wconf 87' lang='lat' dir='ltr'><strong>in</strong></span> <span class='ocrx_word' id='word_1_498' title='bbox 2650 563 2887 617; x_wconf 85' lang='lat' dir='ltr'><strong>animum</strong></span> <span class='ocrx_word' id='word_1_499' title='bbox 2918 565 3187 620; x_wconf 79' lang='lat' dir='ltr'><strong>induxerit</strong></span> <span class='ocrx_word' id='word_1_500' title='bbox 3225 577 3447 637; x_wconf 85' lang='lat' dir='ltr'><strong>propter</strong></span> <span class='ocrx_word' id='word_1_501' title='bbox 3486 573 3684 639; x_wconf 85' lang='lat' dir='ltr'><strong>pretium</strong></span> 
     </span>
    </p>
   </div>
   <div class='ocr_carea' id='block_1_64' title="bbox 2133 653 3686 731">
    <p class='ocr_par' dir='ltr' id='par_1_64' title="bbox 2133 653 3686 731">
     <span class='ocr_line' id='line_1_64' title="bbox 2133 653 3686 731; baseline 0.01 -25"><span class='ocrx_word' id='word_1_502' title='bbox 2133 653 2414 707; x_wconf 69' lang='lat' dir='ltr'><strong>materiae:</strong></span> <span class='ocrx_word' id='word_1_503' title='bbox 2446 655 2615 710; x_wconf 89' lang='lat' dir='ltr'><strong>multo</strong></span> <span class='ocrx_word' id='word_1_504' title='bbox 2668 656 2838 726; x_wconf 85' lang='lat' dir='ltr'><strong>magis</strong></span> <span class='ocrx_word' id='word_1_505' title='bbox 2876 671 2997 711; x_wconf 91' lang='lat' dir='ltr'><strong>eum</strong></span> <span class='ocrx_word' id='word_1_506' title='bbox 3037 673 3168 711; x_wconf 81' lang='lat' dir='ltr'><strong>auro</strong></span> <span class='ocrx_word' id='word_1_507' title='bbox 3195 668 3248 714; x_wconf 91' lang='lat' dir='ltr'><strong>et</strong></span> <span class='ocrx_word' id='word_1_508' title='bbox 3292 662 3584 731; x_wconf 77' lang='lat' dir='ltr'><strong>margaritis</strong></span> <span class='ocrx_word' id='word_1_509' title='bbox 3610 664 3686 720; x_wconf 52' lang='lat' dir='ltr'><strong>ba.</strong></span> 
     </span>
    </p>
   </div>
   <div class='ocr_carea' id='block_1_65' title="bbox 2132 743 3685 831">
    <p class='ocr_par' dir='ltr' id='par_1_65' title="bbox 2132 743 3685 831">
     <span class='ocr_line' id='line_1_65' title="bbox 2132 743 3685 831; baseline 0.01 -32"><span class='ocrx_word' id='word_1_510' title='bbox 2132 743 2354 799; x_wconf 85' lang='lat' dir='ltr'><strong>beamus</strong></span> <span class='ocrx_word' id='word_1_511' title='bbox 2374 761 2467 800; x_wconf 89' lang='lat' dir='ltr'><strong>ora</strong></span> <span class='ocrx_word' id='word_1_512' title='bbox 2487 746 2643 817; x_wconf 89' lang='lat' dir='ltr'><strong>longe</strong></span> <span class='ocrx_word' id='word_1_513' title='bbox 2667 750 2979 819; x_wconf 89' lang='lat' dir='ltr'><strong>pretiosiora</strong></span> <span class='ocrx_word' id='word_1_514' title='bbox 3003 791 3020 816; x_wconf 97' lang='lat'><strong>,</strong></span> <span class='ocrx_word' id='word_1_515' title='bbox 3053 766 3158 806; x_wconf 89' lang='lat' dir='ltr'><strong>non</strong></span> <span class='ocrx_word' id='word_1_516' title='bbox 3191 769 3287 821; x_wconf 89' lang='lat' dir='ltr'><strong>par</strong></span> <span class='ocrx_word' id='word_1_517' title='bbox 3307 764 3389 810; x_wconf 82' lang='lat' dir='ltr'><strong>est</strong></span> <span class='ocrx_word' id='word_1_518' title='bbox 3415 764 3472 811; x_wconf 93' lang='lat' dir='ltr'><strong>ut</strong></span> <span class='ocrx_word' id='word_1_519' title='bbox 3505 772 3562 813; x_wconf 90' lang='lat' dir='ltr'><strong>ea</strong></span> <span class='ocrx_word' id='word_1_520' title='bbox 3589 760 3685 831; x_wconf 79' lang='lat' dir='ltr'><strong>pul-</strong></span> 
     </span>
    </p>
   </div>
   <div class='ocr_carea' id='block_1_66' title="bbox 2133 835 3690 920">
    <p class='ocr_par' dir='ltr' id='par_1_66' title="bbox 2133 835 3690 920">
     <span class='ocr_line' id='line_1_66' title="bbox 2133 835 3690 920; baseline 0.01 -30"><span class='ocrx_word' id='word_1_521' title='bbox 2133 835 2344 892; x_wconf 89' lang='lat' dir='ltr'><strong>luamus</strong></span> <span class='ocrx_word' id='word_1_522' title='bbox 2374 838 2551 895; x_wconf 86' lang='lat' dir='ltr'><strong>verbis</strong></span> <span class='ocrx_word' id='word_1_523' title='bbox 2577 840 2816 909; x_wconf 88' lang='lat' dir='ltr'><strong>turpibus</strong></span> <span class='ocrx_word' id='word_1_524' title='bbox 2841 850 2896 897; x_wconf 91' lang='lat' dir='ltr'><strong>et</strong></span> <span class='ocrx_word' id='word_1_525' title='bbox 2916 842 3218 913; x_wconf 87' lang='lat' dir='ltr'><strong>impudicis,</strong></span> <span class='ocrx_word' id='word_1_526' title='bbox 3240 846 3631 920; x_wconf 75' lang='lat' dir='ltr'><strong>maledictisque</strong></span> <span class='ocrx_word' id='word_1_527' title='bbox 3648 863 3690 907; x_wconf 86' lang='lat' dir='ltr'><strong>et</strong></span> 
     </span>
    </p>
   </div>
   <div class='ocr_carea' id='block_1_67' title="bbox 2135 930 3690 999">
    <p class='ocr_par' dir='ltr' id='par_1_67' title="bbox 2135 930 3690 999">
     <span class='ocr_line' id='line_1_67' title="bbox 2135 930 3690 999; baseline 0.01 -16"><span class='ocrx_word' id='word_1_528' title='bbox 2135 930 2500 984; x_wconf 73' lang='lat' dir='ltr'><strong>Cttnllllllt‘liis.</strong></span> <span class='ocrx_word' id='word_1_529' title='bbox 2532 930 2648 985; x_wconf 83' lang='lat' dir='ltr'><strong>Non</strong></span> <span class='ocrx_word' id='word_1_530' title='bbox 2681 933 2732 986; x_wconf 90' lang='lat' dir='ltr'><strong>in</strong></span> <span class='ocrx_word' id='word_1_531' title='bbox 2759 934 2915 988; x_wconf 89' lang='lat' dir='ltr'><strong>altari</strong></span> <span class='ocrx_word' id='word_1_532' title='bbox 2938 952 3089 990; x_wconf 67' lang='lat' dir='ltr'><strong>mneo</strong></span> <span class='ocrx_word' id='word_1_533' title='bbox 3116 952 3216 993; x_wconf 85' lang='lat' dir='ltr'><strong>nec</strong></span> <span class='ocrx_word' id='word_1_534' title='bbox 3234 955 3403 995; x_wconf 89' lang='lat' dir='ltr'><strong>aureo</strong></span> <span class='ocrx_word' id='word_1_535' title='bbox 3423 941 3576 998; x_wconf 81' lang='lat' dir='ltr'><strong>olfers</strong></span> <span class='ocrx_word' id='word_1_536' title='bbox 3601 946 3690 999; x_wconf 86' lang='lat' dir='ltr'><strong>sul-</strong></span> 
     </span>
    </p>
   </div>
   <div class='ocr_carea' id='block_1_68' title="bbox 2134 1018 3690 1102">
    <p class='ocr_par' dir='ltr' id='par_1_68' title="bbox 2134 1018 3690 1102">
     <span class='ocr_line' id='line_1_68' title="bbox 2134 1018 3690 1102; baseline 0.012 -29"><span class='ocrx_word' id='word_1_537' title='bbox 2134 1018 2311 1085; x_wconf 86' lang='lat' dir='ltr'><strong>ﬁtnm,</strong></span> <span class='ocrx_word' id='word_1_538' title='bbox 2342 1020 2440 1077; x_wconf 88' lang='lat' dir='ltr'><strong>sed</strong></span> <span class='ocrx_word' id='word_1_539' title='bbox 2469 1021 2520 1075; x_wconf 91' lang='lat' dir='ltr'><strong>in</strong></span> <span class='ocrx_word' id='word_1_540' title='bbox 2550 1038 2617 1078; x_wconf 93' lang='lat' dir='ltr'><strong>eo</strong></span> <span class='ocrx_word' id='word_1_541' title='bbox 2646 1025 2786 1093; x_wconf 89' lang='lat' dir='ltr'><strong>quod</strong></span> <span class='ocrx_word' id='word_1_542' title='bbox 2815 1035 2897 1080; x_wconf 91' lang='lat' dir='ltr'><strong>est</strong></span> <span class='ocrx_word' id='word_1_543' title='bbox 2929 1028 3238 1097; x_wconf 86' lang='lat' dir='ltr'><strong>pretiosius,</strong></span> <span class='ocrx_word' id='word_1_544' title='bbox 3271 1046 3472 1102; x_wconf 89' lang='lat' dir='ltr'><strong>nempe</strong></span> <span class='ocrx_word' id='word_1_545' title='bbox 3500 1034 3549 1089; x_wconf 91' lang='lat' dir='ltr'><strong>in</strong></span> <span class='ocrx_word' id='word_1_546' title='bbox 3578 1044 3690 1092; x_wconf 81' lang='lat' dir='ltr'><strong>tem-</strong></span> 
     </span>
    </p>
   </div>
   <div class='ocr_carea' id='block_1_69' title="bbox 2135 1113 3693 1188">
    <p class='ocr_par' dir='ltr' id='par_1_69' title="bbox 2135 1113 3693 1188">
     <span class='ocr_line' id='line_1_69' title="bbox 2135 1113 3693 1188; baseline 0.013 -20"><span class='ocrx_word' id='word_1_547' title='bbox 2135 1113 2225 1186; x_wconf 84' lang='lat' dir='ltr'><strong>plo</strong></span> <span class='ocrx_word' id='word_1_548' title='bbox 2268 1115 2513 1185; x_wconf 83' lang='lat' dir='ltr'><strong>spiritali.</strong></span> <span class='ocrx_word' id='word_1_549' title='bbox 2571 1116 2649 1174; x_wconf 88' lang='lat' dir='ltr'><strong>Illi</strong></span> <span class='ocrx_word' id='word_1_550' title='bbox 2693 1119 2835 1173; x_wconf 87' lang='lat' dir='ltr'><strong>enim</strong></span> <span class='ocrx_word' id='word_1_551' title='bbox 2886 1127 2971 1176; x_wconf 84' lang='lat' dir='ltr'><strong>est</strong></span> <span class='ocrx_word' id='word_1_552' title='bbox 3015 1121 3247 1178; x_wconf 88' lang='lat' dir='ltr'><strong>inanima</strong></span> <span class='ocrx_word' id='word_1_553' title='bbox 3291 1128 3512 1182; x_wconf 82' lang='lat' dir='ltr'><strong>materia</strong></span> <span class='ocrx_word' id='word_1_554' title='bbox 3545 1130 3693 1188; x_wconf 86' lang='lat' dir='ltr'><strong>:intc</strong></span> 
     </span>
    </p>
   </div>
   <div class='ocr_carea' id='block_1_70' title="bbox 2135 1207 3691 1290">
    <p class='ocr_par' dir='ltr' id='par_1_70' title="bbox 2135 1207 3691 1290">
     <span class='ocr_line' id='line_1_70' title="bbox 2135 1207 3691 1290; baseline 0.012 -31"><span class='ocrx_word' id='word_1_555' title='bbox 2135 1216 2311 1260; x_wconf 88' lang='lat' dir='ltr'><strong>autem</strong></span> <span class='ocrx_word' id='word_1_556' title='bbox 2356 1207 2497 1265; x_wconf 75' lang='lat' dir='ltr'><strong>lleus</strong></span> <span class='ocrx_word' id='word_1_557' title='bbox 2528 1207 2751 1275; x_wconf 88' lang='lat' dir='ltr'><strong>habitat,</strong></span> <span class='ocrx_word' id='word_1_558' title='bbox 2782 1220 2836 1266; x_wconf 92' lang='lat' dir='ltr'><strong>et</strong></span> <span class='ocrx_word' id='word_1_559' title='bbox 2864 1227 2923 1267; x_wconf 89' lang='lat' dir='ltr'><strong>es</strong></span> <span class='ocrx_word' id='word_1_560' title='bbox 2951 1214 3248 1270; x_wconf 85' lang='lat' dir='ltr'><strong>membrum</strong></span> <span class='ocrx_word' id='word_1_561' title='bbox 3272 1227 3328 1271; x_wconf 89' lang='lat' dir='ltr'><strong>et</strong></span> <span class='ocrx_word' id='word_1_562' title='bbox 3355 1233 3546 1290; x_wconf 85' lang='lat' dir='ltr'><strong>corpus</strong></span> <span class='ocrx_word' id='word_1_563' title='bbox 3565 1221 3691 1281; x_wconf 84' lang='lat' dir='ltr'><strong>Chri-</strong></span> 
     </span>
    </p>
   </div>
   <div class='ocr_carea' id='block_1_71' title="bbox 2134 1298 3691 1381">
    <p class='ocr_par' dir='ltr' id='par_1_71' title="bbox 2134 1298 3691 1381">
     <span class='ocr_line' id='line_1_71' title="bbox 2134 1298 3691 1381; baseline 0.008 -28"><span class='ocrx_word' id='word_1_564' title='bbox 2134 1298 2222 1353; x_wconf 89' lang='lat' dir='ltr'><strong>sti.</strong></span> <span class='ocrx_word' id='word_1_565' title='bbox 2257 1300 2312 1353; x_wconf 82' lang='lat'><strong>‘5.</strong></span> <span class='ocrx_word' id='word_1_566' title='bbox 2351 1298 2505 1365; x_wconf 81' lang='lat' dir='ltr'><strong>Pone,</strong></span> <span class='ocrx_word' id='word_1_567' title='bbox 2547 1299 2779 1366; x_wconf 83' lang='lat' dir='ltr'><strong>Domine,</strong></span> <span class='ocrx_word' id='word_1_568' title='bbox 2811 1303 3092 1359; x_wconf 78' lang='lat' dir='ltr'><strong>custodiam</strong></span> <span class='ocrx_word' id='word_1_569' title='bbox 3119 1307 3197 1360; x_wconf 87' lang='lat' dir='ltr'><strong>ori</strong></span> <span class='ocrx_word' id='word_1_570' title='bbox 3222 1324 3358 1364; x_wconf 79' lang='lat' dir='ltr'><strong>ineo.</strong></span> <span class='ocrx_word' id='word_1_571' title='bbox 3385 1308 3515 1364; x_wconf 89' lang='lat' dir='ltr'><strong>Cum</strong></span> <span class='ocrx_word' id='word_1_572' title='bbox 3539 1328 3691 1381; x_wconf 80' lang='lat' dir='ltr'><strong>rogas-</strong></span> 
     </span>
    </p>
   </div>
   <div class='ocr_carea' id='block_1_72' title="bbox 2135 1390 3689 1466">
    <p class='ocr_par' dir='ltr' id='par_1_72' title="bbox 2135 1390 3689 1466">
     <span class='ocr_line' id='line_1_72' title="bbox 2135 1390 3689 1466; baseline 0.01 -21"><span class='ocrx_word' id='word_1_573' title='bbox 2135 1400 2219 1446; x_wconf 89' lang='lat' dir='ltr'><strong>set</strong></span> <span class='ocrx_word' id='word_1_574' title='bbox 2245 1390 2530 1447; x_wconf 87' lang='lat' dir='ltr'><strong>Dominum</strong></span> <span class='ocrx_word' id='word_1_575' title='bbox 2580 1403 2635 1448; x_wconf 93' lang='lat' dir='ltr'><strong>ut</strong></span> <span class='ocrx_word' id='word_1_576' title='bbox 2682 1394 2798 1463; x_wconf 85' lang='lat' dir='ltr'><strong>ejus</strong></span> <span class='ocrx_word' id='word_1_577' title='bbox 2850 1397 3128 1452; x_wconf 89' lang='lat' dir='ltr'><strong>audiretur</strong></span> <span class='ocrx_word' id='word_1_578' title='bbox 3173 1400 3370 1466; x_wconf 89' lang='lat' dir='ltr'><strong>oratio,</strong></span> <span class='ocrx_word' id='word_1_579' title='bbox 3411 1409 3467 1457; x_wconf 91' lang='lat' dir='ltr'><strong>et</strong></span> <span class='ocrx_word' id='word_1_580' title='bbox 3493 1412 3546 1457; x_wconf 90' lang='lat' dir='ltr'><strong>ut</strong></span> <span class='ocrx_word' id='word_1_581' title='bbox 3569 1404 3689 1459; x_wconf 79' lang='lat' dir='ltr'><strong>licrrt</strong></span> 
     </span>
    </p>
   </div>
   <div class='ocr_carea' id='block_1_73' title="bbox 2134 1485 3693 1565">
    <p class='ocr_par' dir='ltr' id='par_1_73' title="bbox 2134 1485 3693 1565">
     <span class='ocr_line' id='line_1_73' title="bbox 2134 1485 3693 1565; baseline 0.012 -29"><span class='ocrx_word' id='word_1_582' title='bbox 2134 1493 2373 1552; x_wconf 89' lang='lat' dir='ltr'><strong>accepta,</strong></span> <span class='ocrx_word' id='word_1_583' title='bbox 2402 1486 2521 1540; x_wconf 90' lang='lat' dir='ltr'><strong>vide</strong></span> <span class='ocrx_word' id='word_1_584' title='bbox 2548 1485 2816 1556; x_wconf 90' lang='lat' dir='ltr'><strong>quodnam</strong></span> <span class='ocrx_word' id='word_1_585' title='bbox 2846 1488 3083 1558; x_wconf 91' lang='lat' dir='ltr'><strong>primum</strong></span> <span class='ocrx_word' id='word_1_586' title='bbox 3107 1492 3265 1548; x_wconf 77' lang='lat' dir='ltr'><strong>aﬂ&#39;ert</strong></span> <span class='ocrx_word' id='word_1_587' title='bbox 3298 1497 3693 1565; x_wconf 68' lang='lat' dir='ltr'><strong>postulatunt,‘et</strong></span> 
     </span>
    </p>
   </div>
   <div class='ocr_carea' id='block_1_74' title="bbox 2136 1578 3691 1654">
    <p class='ocr_par' dir='ltr' id='par_1_74' title="bbox 2136 1578 3691 1654">
     <span class='ocr_line' id='line_1_74' title="bbox 2136 1578 3691 1654; baseline 0.013 -28"><span class='ocrx_word' id='word_1_588' title='bbox 2136 1589 2420 1645; x_wconf 89' lang='lat' dir='ltr'><strong>quamnam</strong></span> <span class='ocrx_word' id='word_1_589' title='bbox 2470 1578 2936 1648; x_wconf 69' lang='lat' dir='ltr'><strong>sumilieationem.</strong></span> <span class='ocrx_word' id='word_1_590' title='bbox 2969 1581 3083 1638; x_wconf 79' lang='lat' dir='ltr'><strong>Non</strong></span> <span class='ocrx_word' id='word_1_591' title='bbox 3113 1584 3249 1640; x_wconf 79' lang='lat' dir='ltr'><strong>dixit</strong></span> <span class='ocrx_word' id='word_1_592' title='bbox 3278 1587 3422 1642; x_wconf 83' lang='lat' dir='ltr'><strong>enim</strong></span> <span class='ocrx_word' id='word_1_593' title='bbox 3443 1629 3460 1654; x_wconf 95' lang='lat'><strong>,</strong></span> <span class='ocrx_word' id='word_1_594' title='bbox 3490 1589 3557 1644; x_wconf 83' lang='lat' dir='ltr'><strong>Da</strong></span> <span class='ocrx_word' id='word_1_595' title='bbox 3583 1592 3691 1647; x_wconf 84' lang='lat' dir='ltr'><strong>mihi</strong></span> 
     </span>
    </p>
   </div>
   <div class='ocr_carea' id='block_1_75' title="bbox 2135 1665 3691 1750">
    <p class='ocr_par' dir='ltr' id='par_1_75' title="bbox 2135 1665 3691 1750">
     <span class='ocr_line' id='line_1_75' title="bbox 2135 1665 3691 1750; baseline 0.013 -32"><span class='ocrx_word' id='word_1_596' title='bbox 2135 1665 2411 1735; x_wconf 82' lang='lat' dir='ltr'><strong>pecunias,</strong></span> <span class='ocrx_word' id='word_1_597' title='bbox 2441 1667 2509 1722; x_wconf 88' lang='lat' dir='ltr'><strong>da</strong></span> <span class='ocrx_word' id='word_1_598' title='bbox 2538 1669 2667 1723; x_wconf 90' lang='lat' dir='ltr'><strong>mihi</strong></span> <span class='ocrx_word' id='word_1_599' title='bbox 2698 1671 2950 1737; x_wconf 90' lang='lat' dir='ltr'><strong>honores,</strong></span> <span class='ocrx_word' id='word_1_600' title='bbox 2978 1674 3070 1743; x_wconf 89' lang='lat' dir='ltr'><strong>qui</strong></span> <span class='ocrx_word' id='word_1_601' title='bbox 3094 1685 3221 1731; x_wconf 85' lang='lat' dir='ltr'><strong>sunt</strong></span> <span class='ocrx_word' id='word_1_602' title='bbox 3258 1680 3401 1747; x_wconf 88' lang='lat' dir='ltr'><strong>apud</strong></span> <span class='ocrx_word' id='word_1_603' title='bbox 3442 1679 3691 1750; x_wconf 85' lang='lat' dir='ltr'><strong>homines,</strong></span> 
     </span>
    </p>
   </div>
   <div class='ocr_carea' id='block_1_76' title="bbox 2134 1754 3691 1836">
    <p class='ocr_par' dir='ltr' id='par_1_76' title="bbox 2134 1754 3691 1836">
     <span class='ocr_line' id='line_1_76' title="bbox 2134 1754 3691 1836; baseline 0.013 -27"><span class='ocrx_word' id='word_1_604' title='bbox 2134 1754 2202 1809; x_wconf 90' lang='lat' dir='ltr'><strong>da</strong></span> <span class='ocrx_word' id='word_1_605' title='bbox 2231 1756 2363 1811; x_wconf 90' lang='lat' dir='ltr'><strong>mihi</strong></span> <span class='ocrx_word' id='word_1_606' title='bbox 2384 1758 2659 1815; x_wconf 88' lang='lat' dir='ltr'><strong>victoriam</strong></span> <span class='ocrx_word' id='word_1_607' title='bbox 2684 1761 2938 1819; x_wconf 89' lang='lat' dir='ltr'><strong>adversus</strong></span> <span class='ocrx_word' id='word_1_608' title='bbox 2968 1765 3233 1836; x_wconf 90' lang='lat' dir='ltr'><strong>inimicos,</strong></span> <span class='ocrx_word' id='word_1_609' title='bbox 3250 1769 3320 1825; x_wconf 90' lang='lat' dir='ltr'><strong>da</strong></span> <span class='ocrx_word' id='word_1_610' title='bbox 3342 1771 3469 1827; x_wconf 90' lang='lat' dir='ltr'><strong>mihi</strong></span> <span class='ocrx_word' id='word_1_611' title='bbox 3492 1774 3691 1829; x_wconf 86' lang='lat' dir='ltr'><strong>liberos:</strong></span> 
     </span>
    </p>
   </div>
   <div class='ocr_carea' id='block_1_77' title="bbox 2136 1850 3691 1937">
    <p class='ocr_par' dir='ltr' id='par_1_77' title="bbox 2136 1850 3691 1937">
     <span class='ocr_line' id='line_1_77' title="bbox 2136 1850 3691 1937; baseline 0.014 -32"><span class='ocrx_word' id='word_1_612' title='bbox 2136 1850 2269 1906; x_wconf 90' lang='lat' dir='ltr'><strong>nihil</strong></span> <span class='ocrx_word' id='word_1_613' title='bbox 2316 1851 2526 1920; x_wconf 89' lang='lat' dir='ltr'><strong>horum,</strong></span> <span class='ocrx_word' id='word_1_614' title='bbox 2557 1854 2650 1909; x_wconf 91' lang='lat' dir='ltr'><strong>sed</strong></span> <span class='ocrx_word' id='word_1_615' title='bbox 2679 1856 2795 1913; x_wconf 66' lang='lat' dir='ltr'><strong>hrec</strong></span> <span class='ocrx_word' id='word_1_616' title='bbox 2819 1859 2997 1913; x_wconf 88' lang='lat' dir='ltr'><strong>omnia</strong></span> <span class='ocrx_word' id='word_1_617' title='bbox 3026 1862 3207 1918; x_wconf 83' lang='lat' dir='ltr'><strong>sineus</strong></span> <span class='ocrx_word' id='word_1_618' title='bbox 3247 1862 3399 1920; x_wconf 81' lang='grc' dir='ltr'><strong>Ιιιιιιιί</strong></span> <span class='ocrx_word' id='word_1_619' title='bbox 3440 1866 3691 1937; x_wconf 80' lang='lat' dir='ltr'><strong>jacere,ea</strong></span> 
     </span>
    </p>
   </div>
   <div class='ocr_carea' id='block_1_78' title="bbox 2137 1943 3690 2030">
    <p class='ocr_par' dir='ltr' id='par_1_78' title="bbox 2137 1943 3690 2030">
     <span class='ocr_line' id='line_1_78' title="bbox 2137 1943 3690 2030; baseline 0.012 -34"><span class='ocrx_word' id='word_1_620' title='bbox 2137 1943 2267 2014; x_wconf 89' lang='lat' dir='ltr'><strong>petit</strong></span> <span class='ocrx_word' id='word_1_621' title='bbox 2299 1960 2419 2015; x_wconf 69' lang='lat' dir='ltr'><strong>qum</strong></span> <span class='ocrx_word' id='word_1_622' title='bbox 2459 1960 2489 1999; x_wconf 88' lang='lat' dir='ltr'><strong>a</strong></span> <span class='ocrx_word' id='word_1_623' title='bbox 2546 1946 2654 2003; x_wconf 86' lang='lat' dir='ltr'><strong>Deo</strong></span> <span class='ocrx_word' id='word_1_624' title='bbox 2696 1949 2812 2005; x_wconf 87' lang='lat' dir='ltr'><strong>dari</strong></span> <span class='ocrx_word' id='word_1_625' title='bbox 2843 1950 3000 2022; x_wconf 84' lang='lat' dir='ltr'><strong>digna</strong></span> <span class='ocrx_word' id='word_1_626' title='bbox 3029 1964 3173 2009; x_wconf 90' lang='lat' dir='ltr'><strong>sunt.</strong></span> <span class='ocrx_word' id='word_1_627' title='bbox 3201 1955 3344 2030; x_wconf 84' lang='lat' dir='ltr'><strong>Quid</strong></span> <span class='ocrx_word' id='word_1_628' title='bbox 3390 1958 3690 2030; x_wconf 81' lang='lat' dir='ltr'><strong>igitur?non</strong></span> 
     </span>
    </p>
   </div>
   <div class='ocr_carea' id='block_1_79' title="bbox 2136 2036 3689 2122">
    <p class='ocr_par' dir='ltr' id='par_1_79' title="bbox 2136 2036 3689 2122">
     <span class='ocr_line' id='line_1_79' title="bbox 2136 2036 3689 2122; baseline 0.011 -33"><span class='ocrx_word' id='word_1_629' title='bbox 2136 2045 2368 2108; x_wconf 81' lang='lat' dir='ltr'><strong>Oportet,</strong></span> <span class='ocrx_word' id='word_1_630' title='bbox 2402 2036 2573 2109; x_wconf 90' lang='lat' dir='ltr'><strong>inquit</strong></span> <span class='ocrx_word' id='word_1_631' title='bbox 2596 2080 2617 2105; x_wconf 92' lang='lat'><strong>,_</strong></span> <span class='ocrx_word' id='word_1_632' title='bbox 2649 2049 2833 2109; x_wconf 88' lang='lat' dir='ltr'><strong>petere</strong></span> <span class='ocrx_word' id='word_1_633' title='bbox 2885 2045 3156 2103; x_wconf 81' lang='lat' dir='ltr'><strong>sensibilia</strong></span> <span class='ocrx_word' id='word_1_634' title='bbox 3181 2049 3205 2102; x_wconf 70' lang='grc' dir='ltr'><strong>ἰ)</strong></span> <span class='ocrx_word' id='word_1_635' title='bbox 3233 2050 3461 2119; x_wconf 79' lang='lat' dir='ltr'><strong>Oportet</strong></span> <span class='ocrx_word' id='word_1_636' title='bbox 3489 2052 3689 2122; x_wconf 79' lang='lat' dir='ltr'><strong>quidem,</strong></span> 
     </span>
    </p>
   </div>
   <div class='ocr_carea' id='block_1_80' title="bbox 2136 2127 3689 2203">
    <p class='ocr_par' dir='ltr' id='par_1_80' title="bbox 2136 2127 3689 2203">
     <span class='ocr_line' id='line_1_80' title="bbox 2136 2127 3689 2203; baseline 0.011 -21"><span class='ocrx_word' id='word_1_637' title='bbox 2136 2127 2233 2183; x_wconf 90' lang='lat' dir='ltr'><strong>sed</strong></span> <span class='ocrx_word' id='word_1_638' title='bbox 2258 2128 2555 2197; x_wconf 88' lang='lat' dir='ltr'><strong>moderate,</strong></span> <span class='ocrx_word' id='word_1_639' title='bbox 2587 2134 3040 2203; x_wconf 87' lang='lat' dir='ltr'><strong>quemadmodum</strong></span> <span class='ocrx_word' id='word_1_640' title='bbox 3081 2139 3251 2196; x_wconf 83' lang='lat' dir='ltr'><strong>Jacob</strong></span> <span class='ocrx_word' id='word_1_641' title='bbox 3277 2142 3507 2200; x_wconf 80' lang='lat' dir='ltr'><strong>dicens:</strong></span> <span class='ocrx_word' id='word_1_642' title='bbox 3540 2145 3595 2200; x_wconf 84' lang='lat' dir='ltr'><strong>Si</strong></span> <span class='ocrx_word' id='word_1_643' title='bbox 3617 2147 3689 2199; x_wconf 78' lang='lat' dir='ltr'><strong>dc-</strong></span> 
     </span>
    </p>
   </div>
   <div class='ocr_carea' id='block_1_81' title="bbox 2136 2221 3692 2300">
    <p class='ocr_par' dir='ltr' id='par_1_81' title="bbox 2136 2221 3692 2300">
     <span class='ocr_line' id='line_1_81' title="bbox 2136 2221 3692 2300; baseline 0.009 -26"><span class='ocrx_word' id='word_1_644' title='bbox 2136 2221 2266 2277; x_wconf 78' lang='lat' dir='ltr'><strong>derit</strong></span> <span class='ocrx_word' id='word_1_645' title='bbox 2298 2223 2421 2276; x_wconf 79' lang='lat' dir='ltr'><strong>mihi</strong></span> <span class='ocrx_word' id='word_1_646' title='bbox 2455 2222 2718 2281; x_wconf 80' lang='lat' dir='ltr'><strong>Dominus.</strong></span> <span class='ocrx_word' id='word_1_647' title='bbox 2736 2244 2917 2296; x_wconf 84' lang='lat' dir='ltr'><strong>panem</strong></span> <span class='ocrx_word' id='word_1_648' title='bbox 2941 2231 3011 2283; x_wconf 88' lang='lat' dir='ltr'><strong>ad</strong></span> <span class='ocrx_word' id='word_1_649' title='bbox 3040 2232 3365 2300; x_wconf 75' lang='lat' dir='ltr'><strong>vescendum,</strong></span> <span class='ocrx_word' id='word_1_650' title='bbox 3390 2245 3436 2288; x_wconf 87' lang='lat' dir='ltr'><strong>et</strong></span> <span class='ocrx_word' id='word_1_651' title='bbox 3464 2236 3692 2290; x_wconf 80' lang='lat' dir='ltr'><strong>oestenmd</strong></span> 
     </span>
    </p>
   </div>
   <div class='ocr_carea' id='block_1_82' title="bbox 2134 2312 3690 2391">
    <p class='ocr_par' dir='ltr' id='par_1_82' title="bbox 2134 2312 3690 2391">
     <span class='ocr_line' id='line_1_82' title="bbox 2134 2312 3690 2391; baseline 0.012 -26"><span class='ocrx_word' id='word_1_652' title='bbox 2134 2312 2445 2369; x_wconf 83' lang='lat' dir='ltr'><strong>induendum</strong></span> <span class='ocrx_word' id='word_1_653' title='bbox 2476 2316 2494 2387; x_wconf 93' lang='lat'><strong>(</strong></span> <span class='ocrx_word' id='word_1_654' title='bbox 2537 2314 2665 2372; x_wconf 77' lang='lat' dir='ltr'><strong>Gen.</strong></span> <span class='ocrx_word' id='word_1_655' title='bbox 2687 2317 2777 2374; x_wconf 71' lang='lat'><strong>28.</strong></span> <span class='ocrx_word' id='word_1_656' title='bbox 2806 2320 2941 2388; x_wconf 75' lang='lat'><strong>20);</strong></span> <span class='ocrx_word' id='word_1_657' title='bbox 2983 2324 3438 2391; x_wconf 83' lang='lat' dir='ltr'><strong>quemadmodum</strong></span> <span class='ocrx_word' id='word_1_658' title='bbox 3486 2327 3690 2383; x_wconf 74' lang='lat' dir='ltr'><strong>Christus</strong></span> 
     </span>
    </p>
   </div>
   <div class='ocr_carea' id='block_1_83' title="bbox 2131 2405 3687 2488">
    <p class='ocr_par' dir='ltr' id='par_1_83' title="bbox 2131 2405 3687 2488">
     <span class='ocr_line' id='line_1_83' title="bbox 2131 2405 3687 2488; baseline 0.008 -27"><span class='ocrx_word' id='word_1_659' title='bbox 2131 2405 2291 2476; x_wconf 74' lang='lat' dir='ltr'><strong>jussit</strong></span> <span class='ocrx_word' id='word_1_660' title='bbox 2319 2425 2473 2465; x_wconf 89' lang='lat' dir='ltr'><strong>orare</strong></span> <span class='ocrx_word' id='word_1_661' title='bbox 2518 2426 2645 2476; x_wconf 70' lang='lat' dir='ltr'><strong>nos,</strong></span> <span class='ocrx_word' id='word_1_662' title='bbox 2664 2412 2942 2469; x_wconf 87' lang='lat' dir='ltr'><strong>dicentes:</strong></span> <span class='ocrx_word' id='word_1_663' title='bbox 2979 2412 3174 2470; x_wconf 80' lang='lat' dir='ltr'><strong>Panem</strong></span> <span class='ocrx_word' id='word_1_664' title='bbox 3200 2428 3432 2472; x_wconf 86' lang='lat' dir='ltr'><strong>nostrum</strong></span> <span class='ocrx_word' id='word_1_665' title='bbox 3453 2419 3687 2488; x_wconf 68' lang='lat' dir='ltr'><strong>superstiti-</strong></span> 
     </span>
    </p>
   </div>
   <div class='ocr_carea' id='block_1_84' title="bbox 2135 2501 3686 2576">
    <p class='ocr_par' dir='ltr' id='par_1_84' title="bbox 2135 2501 3686 2576">
     <span class='ocr_line' id='line_1_84' title="bbox 2135 2501 3686 2576; baseline 0.01 -24"><span class='ocrx_word' id='word_1_666' title='bbox 2135 2501 2429 2559; x_wconf 79' lang='lat' dir='ltr'><strong>stantialcrn</strong></span> <span class='ocrx_word' id='word_1_667' title='bbox 2445 2501 2512 2557; x_wconf 85' lang='lat' dir='ltr'><strong>da</strong></span> <span class='ocrx_word' id='word_1_668' title='bbox 2538 2504 2679 2559; x_wconf 87' lang='lat' dir='ltr'><strong>nobis</strong></span> <span class='ocrx_word' id='word_1_669' title='bbox 2710 2505 2898 2574; x_wconf 78' lang='lat' dir='ltr'><strong>hodic(</strong></span> <span class='ocrx_word' id='word_1_670' title='bbox 2925 2505 3127 2567; x_wconf 78' lang='lat' dir='ltr'><strong>Matth.</strong></span> <span class='ocrx_word' id='word_1_671' title='bbox 3147 2507 3202 2563; x_wconf 88' lang='lat'><strong>6.</strong></span> <span class='ocrx_word' id='word_1_672' title='bbox 3226 2510 3318 2576; x_wconf 82' lang='lat' dir='ltr'><strong>ll)</strong></span> <span class='ocrx_word' id='word_1_673' title='bbox 3344 2527 3358 2564; x_wconf 85' lang='lat'><strong>:</strong></span> <span class='ocrx_word' id='word_1_674' title='bbox 3384 2521 3508 2566; x_wconf 80' lang='lat' dir='ltr'><strong>ante</strong></span> <span class='ocrx_word' id='word_1_675' title='bbox 3541 2510 3686 2567; x_wconf 72' lang='lat' dir='ltr'><strong>ouin&#39;u</strong></span> 
     </span>
    </p>
   </div>
   <div class='ocr_carea' id='block_1_85' title="bbox 2136 2596 3687 2674">
    <p class='ocr_par' dir='ltr' id='par_1_85' title="bbox 2136 2596 3687 2674">
     <span class='ocr_line' id='line_1_85' title="bbox 2136 2596 3687 2674; baseline 0.005 -27"><span class='ocrx_word' id='word_1_676' title='bbox 2136 2609 2284 2660; x_wconf 87' lang='lat' dir='ltr'><strong>vero,</strong></span> <span class='ocrx_word' id='word_1_677' title='bbox 2314 2596 2633 2665; x_wconf 88' lang='lat' dir='ltr'><strong>spiritualia.</strong></span> <span class='ocrx_word' id='word_1_678' title='bbox 2687 2598 2849 2667; x_wconf 83' lang='lat' dir='ltr'><strong>Quod</strong></span> <span class='ocrx_word' id='word_1_679' title='bbox 2892 2600 3006 2671; x_wconf 83' lang='lat' dir='ltr'><strong>ipse</strong></span> <span class='ocrx_word' id='word_1_680' title='bbox 3056 2617 3275 2674; x_wconf 87' lang='lat' dir='ltr'><strong>quoque</strong></span> <span class='ocrx_word' id='word_1_681' title='bbox 3323 2605 3456 2661; x_wconf 79' lang='lat' dir='ltr'><strong>facit.</strong></span> <span class='ocrx_word' id='word_1_682' title='bbox 3487 2604 3687 2660; x_wconf 77' lang='lat' dir='ltr'><strong>dicens:</strong></span> 
     </span>
    </p>
   </div>
   <div class='ocr_carea' id='block_1_86' title="bbox 2134 2684 3151 2756">
    <p class='ocr_par' dir='ltr' id='par_1_86' title="bbox 2134 2684 3151 2756">
     <span class='ocr_line' id='line_1_86' title="bbox 2134 2684 3151 2756; baseline 0.011 -16"><span class='ocrx_word' id='word_1_683' title='bbox 2134 2684 2301 2755; x_wconf 85' lang='lat' dir='ltr'><strong>Pone,</strong></span> <span class='ocrx_word' id='word_1_684' title='bbox 2333 2687 2570 2756; x_wconf 84' lang='lat' dir='ltr'><strong>Domine,</strong></span> <span class='ocrx_word' id='word_1_685' title='bbox 2601 2692 2879 2749; x_wconf 78' lang='lat' dir='ltr'><strong>custodiam</strong></span> <span class='ocrx_word' id='word_1_686' title='bbox 2916 2697 2995 2750; x_wconf 84' lang='lat' dir='ltr'><strong>ori</strong></span> <span class='ocrx_word' id='word_1_687' title='bbox 3023 2712 3151 2751; x_wconf 84' lang='lat' dir='ltr'><strong>meo.</strong></span> 
     </span>
    </p>
   </div>
   <div class='ocr_carea' id='block_1_87' title="bbox 2208 2801 3688 2886">
    <p class='ocr_par' dir='ltr' id='par_1_87' title="bbox 2208 2801 3688 2886">
     <span class='ocr_line' id='line_1_87' title="bbox 2208 2801 3688 2886; baseline 0.006 -29"><span class='ocrx_word' id='word_1_688' title='bbox 2208 2801 2421 2876; x_wconf 63' lang='lat' dir='ltr'><strong>Linguis</strong></span> <span class='ocrx_word' id='word_1_689' title='bbox 2441 2817 2486 2860; x_wconf 89' lang='lat' dir='ltr'><strong>et</strong></span> <span class='ocrx_word' id='word_1_690' title='bbox 2516 2808 2619 2863; x_wconf 89' lang='lat' dir='ltr'><strong>oris</strong></span> <span class='ocrx_word' id='word_1_691' title='bbox 2642 2808 2910 2875; x_wconf 82' lang='lat' dir='ltr'><strong>custodia;</strong></span> <span class='ocrx_word' id='word_1_692' title='bbox 2939 2813 3137 2868; x_wconf 79' lang='lat' dir='ltr'><strong>tacendi</strong></span> <span class='ocrx_word' id='word_1_693' title='bbox 3171 2823 3223 2868; x_wconf 84' lang='lat' dir='ltr'><strong>et</strong></span> <span class='ocrx_word' id='word_1_694' title='bbox 3274 2815 3506 2886; x_wconf 80' lang='lat' dir='ltr'><strong>loquendi</strong></span> <span class='ocrx_word' id='word_1_695' title='bbox 3533 2814 3688 2869; x_wconf 59' lang='lat' dir='ltr'><strong>sicinio</strong></span> 
     </span>
    </p>
   </div>
   <div class='ocr_carea' id='block_1_88' title="bbox 2137 2894 3686 2976">
    <p class='ocr_par' dir='ltr' id='par_1_88' title="bbox 2137 2894 3686 2976">
     <span class='ocr_line' id='line_1_88' title="bbox 2137 2894 3686 2976; baseline 0.005 -29"><span class='ocrx_word' id='word_1_696' title='bbox 2137 2894 2279 2949; x_wconf 86' lang='lat' dir='ltr'><strong>tudo.</strong></span> <span class='ocrx_word' id='word_1_697' title='bbox 2305 2925 2378 2936; x_wconf 91' lang='lat'><strong>-—</strong></span> <span class='ocrx_word' id='word_1_698' title='bbox 2402 2896 2589 2954; x_wconf 74' lang='lat' dir='ltr'><strong>Vidisti</strong></span> <span class='ocrx_word' id='word_1_699' title='bbox 2645 2900 3016 2969; x_wconf 85' lang='lat' dir='ltr'><strong>prudentiam?</strong></span> <span class='ocrx_word' id='word_1_700' title='bbox 3060 2903 3238 2959; x_wconf 87' lang='lat' dir='ltr'><strong>vidisti</strong></span> <span class='ocrx_word' id='word_1_701' title='bbox 3290 2906 3619 2976; x_wconf 86' lang='lat' dir='ltr'><strong>sapientiam,</strong></span> <span class='ocrx_word' id='word_1_702' title='bbox 3645 2912 3686 2957; x_wconf 88' lang='lat' dir='ltr'><strong>et</strong></span> 
     </span>
    </p>
   </div>
   <div class='ocr_carea' id='block_1_89' title="bbox 2135 2986 3687 3069">
    <p class='ocr_par' dir='ltr' id='par_1_89' title="bbox 2135 2986 3687 3069">
     <span class='ocr_line' id='line_1_89' title="bbox 2135 2986 3687 3069; baseline 0.006 -28"><span class='ocrx_word' id='word_1_703' title='bbox 2135 2986 2405 3043; x_wconf 91' lang='lat' dir='ltr'><strong>undenam</strong></span> <span class='ocrx_word' id='word_1_704' title='bbox 2435 2989 2849 3060; x_wconf 86' lang='lat' dir='ltr'><strong>postulationem</strong></span> <span class='ocrx_word' id='word_1_705' title='bbox 2875 2993 3130 3065; x_wconf 84' lang='lat' dir='ltr'><strong>incipiat?</strong></span> <span class='ocrx_word' id='word_1_706' title='bbox 3157 2997 3239 3052; x_wconf 86' lang='lat' dir='ltr'><strong>Ah</strong></span> <span class='ocrx_word' id='word_1_707' title='bbox 3272 3014 3340 3055; x_wconf 90' lang='lat' dir='ltr'><strong>eo</strong></span> <span class='ocrx_word' id='word_1_708' title='bbox 3373 2997 3507 3069; x_wconf 91' lang='lat' dir='ltr'><strong>quod</strong></span> <span class='ocrx_word' id='word_1_709' title='bbox 3536 3008 3687 3053; x_wconf 85' lang='lat' dir='ltr'><strong>esteo-</strong></span> 
     </span>
    </p>
   </div>
   <div class='ocr_carea' id='block_1_90' title="bbox 2135 3085 3685 3156">
    <p class='ocr_par' dir='ltr' id='par_1_90' title="bbox 2135 3085 3685 3156">
     <span class='ocr_line' id='line_1_90' title="bbox 2135 3085 3685 3156; baseline 0.003 -21"><span class='ocrx_word' id='word_1_710' title='bbox 2135 3096 2253 3135; x_wconf 92' lang='lat' dir='ltr'><strong>rum</strong></span> <span class='ocrx_word' id='word_1_711' title='bbox 2285 3096 2404 3147; x_wconf 63' lang='lat' dir='ltr'><strong>quae</strong></span> <span class='ocrx_word' id='word_1_712' title='bbox 2431 3090 2576 3138; x_wconf 90' lang='lat' dir='ltr'><strong>recte</strong></span> <span class='ocrx_word' id='word_1_713' title='bbox 2594 3092 2650 3139; x_wconf 93' lang='lat' dir='ltr'><strong>et</strong></span> <span class='ocrx_word' id='word_1_714' title='bbox 2674 3099 2737 3140; x_wconf 79' lang='lat' dir='ltr'><strong>es</strong></span> <span class='ocrx_word' id='word_1_715' title='bbox 2785 3085 2983 3143; x_wconf 86' lang='lat' dir='ltr'><strong>virtute</strong></span> <span class='ocrx_word' id='word_1_716' title='bbox 3027 3088 3193 3156; x_wconf 87' lang='lat' dir='ltr'><strong>ﬁunt,</strong></span> <span class='ocrx_word' id='word_1_717' title='bbox 3222 3091 3531 3153; x_wconf 78' lang='lat' dir='ltr'><strong>maximum,</strong></span> <span class='ocrx_word' id='word_1_718' title='bbox 3555 3097 3685 3144; x_wconf 86' lang='lat' dir='ltr'><strong>etest</strong></span> 
     </span>
    </p>
   </div>
   <div class='ocr_carea' id='block_1_91' title="bbox 2134 3174 3685 3254">
    <p class='ocr_par' dir='ltr' id='par_1_91' title="bbox 2134 3174 3685 3254">
     <span class='ocr_line' id='line_1_91' title="bbox 2134 3174 3685 3254; baseline 0.003 -27"><span class='ocrx_word' id='word_1_719' title='bbox 2134 3174 2373 3229; x_wconf 86' lang='lat' dir='ltr'><strong>omnium</strong></span> <span class='ocrx_word' id='word_1_720' title='bbox 2401 3175 2666 3232; x_wconf 85' lang='lat' dir='ltr'><strong>malorum</strong></span> <span class='ocrx_word' id='word_1_721' title='bbox 2691 3192 2871 3244; x_wconf 80' lang='lat' dir='ltr'><strong>causa,</strong></span> <span class='ocrx_word' id='word_1_722' title='bbox 2917 3179 2967 3234; x_wconf 88' lang='lat' dir='ltr'><strong>si</strong></span> <span class='ocrx_word' id='word_1_723' title='bbox 3009 3180 3350 3253; x_wconf 81' lang='lat' dir='ltr'><strong>negligatur:</strong></span> <span class='ocrx_word' id='word_1_724' title='bbox 3376 3181 3685 3254; x_wconf 79' lang='lat' dir='ltr'><strong>quemadmo-</strong></span> 
     </span>
    </p>
   </div>
   <div class='ocr_carea' id='block_1_92' title="bbox 2133 3264 3681 3344">
    <p class='ocr_par' dir='ltr' id='par_1_92' title="bbox 2133 3264 3681 3344">
     <span class='ocr_line' id='line_1_92' title="bbox 2133 3264 3681 3344; baseline 0.003 -25"><span class='ocrx_word' id='word_1_725' title='bbox 2133 3264 2261 3320; x_wconf 87' lang='lat' dir='ltr'><strong>dum</strong></span> <span class='ocrx_word' id='word_1_726' title='bbox 2301 3264 2589 3332; x_wconf 87' lang='lat' dir='ltr'><strong>bonorum,</strong></span> <span class='ocrx_word' id='word_1_727' title='bbox 2614 3269 2658 3324; x_wconf 84' lang='lat' dir='ltr'><strong>si</strong></span> <span class='ocrx_word' id='word_1_728' title='bbox 2703 3269 2760 3325; x_wconf 89' lang='lat' dir='ltr'><strong>in</strong></span> <span class='ocrx_word' id='word_1_729' title='bbox 2801 3284 2869 3326; x_wconf 90' lang='lat' dir='ltr'><strong>eo</strong></span> <span class='ocrx_word' id='word_1_730' title='bbox 2910 3286 3036 3326; x_wconf 90' lang='lat' dir='ltr'><strong>cura</strong></span> <span class='ocrx_word' id='word_1_731' title='bbox 3081 3287 3145 3327; x_wconf 83' lang='lat' dir='ltr'><strong>ac</strong></span> <span class='ocrx_word' id='word_1_732' title='bbox 3185 3274 3420 3329; x_wconf 85' lang='lat' dir='ltr'><strong>stmlium</strong></span> <span class='ocrx_word' id='word_1_733' title='bbox 3471 3282 3681 3344; x_wconf 88' lang='lat' dir='ltr'><strong>ponatur.</strong></span> 
     </span>
    </p>
   </div>
   <div class='ocr_carea' id='block_1_93' title="bbox 2134 3359 3680 3434">
    <p class='ocr_par' dir='ltr' id='par_1_93' title="bbox 2134 3359 3680 3434">
     <span class='ocr_line' id='line_1_93' title="bbox 2134 3359 3680 3434; baseline 0.001 -19"><span class='ocrx_word' id='word_1_734' title='bbox 2134 3359 2269 3415; x_wconf 77' lang='lat' dir='ltr'><strong>Mala</strong></span> <span class='ocrx_word' id='word_1_735' title='bbox 2315 3361 2462 3417; x_wconf 89' lang='lat' dir='ltr'><strong>enim</strong></span> <span class='ocrx_word' id='word_1_736' title='bbox 2516 3361 2797 3418; x_wconf 87' lang='lat' dir='ltr'><strong>inmunera</strong></span> <span class='ocrx_word' id='word_1_737' title='bbox 2834 3364 2973 3433; x_wconf 85' lang='lat' dir='ltr'><strong>parit</strong></span> <span class='ocrx_word' id='word_1_738' title='bbox 3012 3364 3206 3434; x_wconf 69' lang='lat' dir='ltr'><strong>lingua:</strong></span> <span class='ocrx_word' id='word_1_739' title='bbox 3238 3365 3463 3422; x_wconf 87' lang='lat' dir='ltr'><strong>facilitas</strong></span> <span class='ocrx_word' id='word_1_740' title='bbox 3489 3383 3501 3419; x_wconf 91' lang='lat'>:</span> <span class='ocrx_word' id='word_1_741' title='bbox 3526 3377 3680 3434; x_wconf 85' lang='lat' dir='ltr'><strong>quem-</strong></span> 
     </span>
    </p>
   </div>
   <div class='ocr_carea' id='block_1_94' title="bbox 2134 3450 3679 3524">
    <p class='ocr_par' dir='ltr' id='par_1_94' title="bbox 2134 3450 3679 3524">
     <span class='ocr_line' id='line_1_94' title="bbox 2134 3450 3679 3524; baseline -0.001 -19"><span class='ocrx_word' id='word_1_742' title='bbox 2134 3450 2424 3507; x_wconf 79' lang='lat' dir='ltr'><strong>admodum</strong></span> <span class='ocrx_word' id='word_1_743' title='bbox 2454 3467 2642 3508; x_wconf 82' lang='lat' dir='ltr'><strong>rursns</strong></span> <span class='ocrx_word' id='word_1_744' title='bbox 2687 3454 2826 3510; x_wconf 91' lang='lat' dir='ltr'><strong>bona</strong></span> <span class='ocrx_word' id='word_1_745' title='bbox 2848 3494 2865 3522; x_wconf 93' lang='lat'><strong>,</strong></span> <span class='ocrx_word' id='word_1_746' title='bbox 2909 3457 3088 3511; x_wconf 65' lang='lat' dir='ltr'><strong>cautio</strong></span> <span class='ocrx_word' id='word_1_747' title='bbox 3112 3467 3166 3512; x_wconf 88' lang='lat' dir='ltr'><strong>et</strong></span> <span class='ocrx_word' id='word_1_748' title='bbox 3196 3458 3474 3513; x_wconf 89' lang='lat' dir='ltr'><strong>securitas.</strong></span> <span class='ocrx_word' id='word_1_749' title='bbox 3514 3456 3679 3524; x_wconf 81' lang='lat' dir='ltr'><strong>Quent-</strong></span> 
     </span>
    </p>
   </div>
   <div class='ocr_carea' id='block_1_95' title="bbox 2133 3543 3679 3616">
    <p class='ocr_par' dir='ltr' id='par_1_95' title="bbox 2133 3543 3679 3616">
     <span class='ocr_line' id='line_1_95' title="bbox 2133 3543 3679 3616; baseline 0.001 -19"><span class='ocrx_word' id='word_1_750' title='bbox 2133 3543 2421 3600; x_wconf 88' lang='lat' dir='ltr'><strong>admodum</strong></span> <span class='ocrx_word' id='word_1_751' title='bbox 2450 3560 2584 3615; x_wconf 89' lang='lat' dir='ltr'><strong>ergo</strong></span> <span class='ocrx_word' id='word_1_752' title='bbox 2613 3545 2744 3601; x_wconf 89' lang='lat' dir='ltr'><strong>nihil</strong></span> <span class='ocrx_word' id='word_1_753' title='bbox 2787 3545 2940 3616; x_wconf 84' lang='lat' dir='ltr'><strong>juvat</strong></span> <span class='ocrx_word' id='word_1_754' title='bbox 2985 3546 3196 3612; x_wconf 83' lang='lat' dir='ltr'><strong>domus,</strong></span> <span class='ocrx_word' id='word_1_755' title='bbox 3249 3566 3355 3604; x_wconf 78' lang='lat' dir='ltr'><strong>non</strong></span> <span class='ocrx_word' id='word_1_756' title='bbox 3412 3547 3550 3611; x_wconf 85' lang='lat' dir='ltr'><strong>urbs,</strong></span> <span class='ocrx_word' id='word_1_757' title='bbox 3595 3558 3679 3599; x_wconf 87' lang='lat' dir='ltr'><strong>non</strong></span> 
     </span>
    </p>
   </div>
   <div class='ocr_carea' id='block_1_96' title="bbox 2135 3637 3680 3711">
    <p class='ocr_par' dir='ltr' id='par_1_96' title="bbox 2135 3637 3680 3711">
     <span class='ocr_line' id='line_1_96' title="bbox 2135 3637 3680 3711; baseline -0.003 -19"><span class='ocrx_word' id='word_1_758' title='bbox 2135 3637 2356 3702; x_wconf 75' lang='lat' dir='ltr'><strong>mmnia,</strong></span> <span class='ocrx_word' id='word_1_759' title='bbox 2381 3655 2486 3693; x_wconf 90' lang='lat' dir='ltr'><strong>non</strong></span> <span class='ocrx_word' id='word_1_760' title='bbox 2516 3649 2704 3708; x_wconf 63' lang='lat' dir='ltr'><strong>portaa,</strong></span> <span class='ocrx_word' id='word_1_761' title='bbox 2732 3655 2838 3694; x_wconf 92' lang='lat' dir='ltr'><strong>non</strong></span> <span class='ocrx_word' id='word_1_762' title='bbox 2865 3641 3023 3705; x_wconf 88' lang='lat' dir='ltr'><strong>ostia,</strong></span> <span class='ocrx_word' id='word_1_763' title='bbox 3058 3641 3160 3696; x_wconf 85' lang='lat' dir='ltr'><strong>nisi</strong></span> <span class='ocrx_word' id='word_1_764' title='bbox 3186 3643 3303 3697; x_wconf 71' lang='lat' dir='ltr'><strong>sint</strong></span> <span class='ocrx_word' id='word_1_765' title='bbox 3325 3641 3413 3711; x_wconf 80' lang='lat' dir='ltr'><strong>qui</strong></span> <span class='ocrx_word' id='word_1_766' title='bbox 3439 3657 3497 3695; x_wconf 83' lang='lat' dir='ltr'><strong>ea</strong></span> <span class='ocrx_word' id='word_1_767' title='bbox 3531 3645 3680 3693; x_wconf 85' lang='lat' dir='ltr'><strong>custo-</strong></span> 
     </span>
    </p>
   </div>
   <div class='ocr_carea' id='block_1_97' title="bbox 2133 3729 3677 3806">
    <p class='ocr_par' dir='ltr' id='par_1_97' title="bbox 2133 3729 3677 3806">
     <span class='ocr_line' id='line_1_97' title="bbox 2133 3729 3677 3806; baseline -0.003 -21"><span class='ocrx_word' id='word_1_768' title='bbox 2133 3729 2304 3796; x_wconf 82' lang='lat' dir='ltr'><strong>diant,</strong></span> <span class='ocrx_word' id='word_1_769' title='bbox 2335 3740 2391 3786; x_wconf 92' lang='lat' dir='ltr'><strong>et</strong></span> <span class='ocrx_word' id='word_1_770' title='bbox 2418 3732 2589 3787; x_wconf 89' lang='lat' dir='ltr'><strong>sciant</strong></span> <span class='ocrx_word' id='word_1_771' title='bbox 2611 3732 2827 3803; x_wconf 91' lang='lat' dir='ltr'><strong>quando</strong></span> <span class='ocrx_word' id='word_1_772' title='bbox 2848 3741 3064 3801; x_wconf 82' lang='lat' dir='ltr'><strong>Oportet</strong></span> <span class='ocrx_word' id='word_1_773' title='bbox 3110 3750 3171 3790; x_wconf 89' lang='lat' dir='ltr'><strong>ea</strong></span> <span class='ocrx_word' id='word_1_774' title='bbox 3203 3736 3415 3806; x_wconf 83' lang='lat' dir='ltr'><strong>quidem</strong></span> <span class='ocrx_word' id='word_1_775' title='bbox 3444 3730 3677 3792; x_wconf 82' lang='lat' dir='ltr'><strong>claudere,</strong></span> 
     </span>
    </p>
   </div>
   <div class='ocr_carea' id='block_1_98' title="bbox 2133 3809 3677 3893">
    <p class='ocr_par' dir='ltr' id='par_1_98' title="bbox 2133 3809 3677 3893">
     <span class='ocr_line' id='line_1_98' title="bbox 2133 3809 3677 3893; baseline 0.001 -19"><span class='ocrx_word' id='word_1_776' title='bbox 2133 3823 2347 3893; x_wconf 63' lang='lat' dir='ltr'><strong>quando</strong></span> <span class='ocrx_word' id='word_1_777' title='bbox 2376 3837 2503 3878; x_wconf 90' lang='lat' dir='ltr'><strong>vero</strong></span> <span class='ocrx_word' id='word_1_778' title='bbox 2533 3823 2744 3893; x_wconf 77' lang='lat' dir='ltr'><strong>aperire</strong></span> <span class='ocrx_word' id='word_1_779' title='bbox 2777 3840 2789 3876; x_wconf 92' lang='lat'>:</span> <span class='ocrx_word' id='word_1_780' title='bbox 2840 3823 2917 3878; x_wconf 80' lang='lat' dir='ltr'><strong>ita</strong></span> <span class='ocrx_word' id='word_1_781' title='bbox 2937 3825 3096 3879; x_wconf 89' lang='lat' dir='ltr'><strong>etiam</strong></span> <span class='ocrx_word' id='word_1_782' title='bbox 3137 3826 3247 3882; x_wconf 88' lang='lat' dir='ltr'><strong>oris</strong></span> <span class='ocrx_word' id='word_1_783' title='bbox 3276 3836 3329 3881; x_wconf 88' lang='lat' dir='ltr'><strong>et</strong></span> <span class='ocrx_word' id='word_1_784' title='bbox 3358 3826 3536 3893; x_wconf 78' lang='lat' dir='ltr'><strong>lingua:</strong></span> <span class='ocrx_word' id='word_1_785' title='bbox 3562 3809 3677 3874; x_wconf 76' lang='lat' dir='ltr'><strong>nulla</strong></span> 
     </span>
    </p>
   </div>
   <div class='ocr_carea' id='block_1_99' title="bbox 2132 3915 3676 3982">
    <p class='ocr_par' dir='ltr' id='par_1_99' title="bbox 2132 3915 3676 3982">
     <span class='ocr_line' id='line_1_99' title="bbox 2132 3915 3676 3982; baseline -0.006 -11"><span class='ocrx_word' id='word_1_786' title='bbox 2132 3924 2212 3971; x_wconf 88' lang='lat' dir='ltr'><strong>est</strong></span> <span class='ocrx_word' id='word_1_787' title='bbox 2242 3915 2465 3981; x_wconf 82' lang='lat' dir='ltr'><strong>utilitas,</strong></span> <span class='ocrx_word' id='word_1_788' title='bbox 2497 3915 2598 3970; x_wconf 71' lang='lat' dir='ltr'><strong>nisi</strong></span> <span class='ocrx_word' id='word_1_789' title='bbox 2642 3916 2714 3970; x_wconf 87' lang='lat' dir='ltr'><strong>sit</strong></span> <span class='ocrx_word' id='word_1_790' title='bbox 2756 3916 2918 3981; x_wconf 74' lang='lat' dir='ltr'><strong>ratio,</strong></span> <span class='ocrx_word' id='word_1_791' title='bbox 2960 3917 3043 3971; x_wconf 86' lang='lat' dir='ltr'><strong>eui</strong></span> <span class='ocrx_word' id='word_1_792' title='bbox 3081 3917 3334 3982; x_wconf 80' lang='lat' dir='ltr'><strong>scienter,</strong></span> <span class='ocrx_word' id='word_1_793' title='bbox 3374 3924 3597 3971; x_wconf 83' lang='lat' dir='ltr'><strong>accurate</strong></span> <span class='ocrx_word' id='word_1_794' title='bbox 3628 3922 3676 3963; x_wconf 78' lang='lat' dir='ltr'><strong>ac</strong></span> 
     </span>
    </p>
   </div>
   <div class='ocr_carea' id='block_1_100' title="bbox 2131 3994 3672 4080">
    <p class='ocr_par' dir='ltr' id='par_1_100' title="bbox 2131 3994 3672 4080">
     <span class='ocr_line' id='line_1_100' title="bbox 2131 3994 3672 4080; baseline -0.008 -16"><span class='ocrx_word' id='word_1_795' title='bbox 2131 4007 2523 4078; x_wconf 85' lang='lat' dir='ltr'><strong>circumspecte</strong></span> <span class='ocrx_word' id='word_1_796' title='bbox 2560 4024 2621 4063; x_wconf 89' lang='lat' dir='ltr'><strong>ea</strong></span> <span class='ocrx_word' id='word_1_797' title='bbox 2665 3994 2919 4066; x_wconf 83' lang='lat' dir='ltr'><strong>claudere</strong></span> <span class='ocrx_word' id='word_1_798' title='bbox 2946 4019 2999 4064; x_wconf 91' lang='lat' dir='ltr'><strong>et</strong></span> <span class='ocrx_word' id='word_1_799' title='bbox 3028 4010 3241 4079; x_wconf 84' lang='lat' dir='ltr'><strong>aperire</strong></span> <span class='ocrx_word' id='word_1_800' title='bbox 3271 4009 3573 4080; x_wconf 77' lang='lat' dir='ltr'><strong>permissuru-</strong></span> <span class='ocrx_word' id='word_1_801' title='bbox 3603 4002 3672 4066; x_wconf 79' lang='lat' dir='ltr'><strong>sit,</strong></span> 
     </span>
    </p>
   </div>
   <div class='ocr_carea' id='block_1_101' title="bbox 2130 4091 3671 4171">
    <p class='ocr_par' dir='ltr' id='par_1_101' title="bbox 2130 4091 3671 4171">
     <span class='ocr_line' id='line_1_101' title="bbox 2130 4091 3671 4171; baseline -0.006 -16"><span class='ocrx_word' id='word_1_802' title='bbox 2130 4107 2185 4155; x_wconf 89' lang='lat' dir='ltr'><strong>et</strong></span> <span class='ocrx_word' id='word_1_803' title='bbox 2213 4109 2349 4154; x_wconf 71' lang='lat' dir='ltr'><strong>sczat</strong></span> <span class='ocrx_word' id='word_1_804' title='bbox 2372 4115 2496 4170; x_wconf 65' lang='lat' dir='ltr'><strong>quae</strong></span> <span class='ocrx_word' id='word_1_805' title='bbox 2522 4100 2630 4154; x_wconf 87' lang='lat' dir='ltr'><strong>sint</strong></span> <span class='ocrx_word' id='word_1_806' title='bbox 2654 4099 2948 4165; x_wconf 71' lang='lat' dir='ltr'><strong>efferenda,</strong></span> <span class='ocrx_word' id='word_1_807' title='bbox 2975 4115 3096 4171; x_wconf 79' lang='lat' dir='ltr'><strong>qua:</strong></span> <span class='ocrx_word' id='word_1_808' title='bbox 3123 4115 3251 4156; x_wconf 87' lang='lat' dir='ltr'><strong>vero</strong></span> <span class='ocrx_word' id='word_1_809' title='bbox 3272 4097 3552 4156; x_wconf 86' lang='lat' dir='ltr'><strong>retinenda.</strong></span> <span class='ocrx_word' id='word_1_810' title='bbox 3578 4091 3671 4147; x_wconf 78' lang='lat' dir='ltr'><strong>Non</strong></span> 
     </span>
    </p>
   </div>
   <div class='ocr_carea' id='block_1_102' title="bbox 2133 4183 3672 4265">
    <p class='ocr_par' dir='ltr' id='par_1_102' title="bbox 2133 4183 3672 4265">
     <span class='ocr_line' id='line_1_102' title="bbox 2133 4183 3672 4265; baseline -0.008 -17"><span class='ocrx_word' id='word_1_811' title='bbox 2133 4201 2232 4259; x_wconf 90' lang='lat' dir='ltr'><strong>tot,</strong></span> <span class='ocrx_word' id='word_1_812' title='bbox 2260 4192 2450 4263; x_wconf 90' lang='lat' dir='ltr'><strong>inquit,</strong></span> <span class='ocrx_word' id='word_1_813' title='bbox 2478 4192 2680 4263; x_wconf 86' lang='lat' dir='ltr'><strong>gladio,</strong></span> <span class='ocrx_word' id='word_1_814' title='bbox 2710 4203 2840 4264; x_wconf 87' lang='lat' dir='ltr'><strong>quot</strong></span> <span class='ocrx_word' id='word_1_815' title='bbox 2869 4194 3044 4265; x_wconf 79' lang='lat' dir='ltr'><strong>lingua</strong></span> <span class='ocrx_word' id='word_1_816' title='bbox 3069 4194 3380 4250; x_wconf 84' lang='lat' dir='ltr'><strong>ceciderunt</strong></span> <span class='ocrx_word' id='word_1_817' title='bbox 3404 4188 3573 4265; x_wconf 80' lang='lat' dir='ltr'><strong>(Eccli.</strong></span> <span class='ocrx_word' id='word_1_818' title='bbox 3598 4183 3672 4239; x_wconf 75' lang='lat'><strong>28.</strong></span> 
     </span>
    </p>
   </div>
   <div class='ocr_carea' id='block_1_103' title="bbox 2127 4277 3672 4357">
    <p class='ocr_par' dir='ltr' id='par_1_103' title="bbox 2127 4277 3672 4357">
     <span class='ocr_line' id='line_1_103' title="bbox 2127 4277 3672 4357; baseline -0.009 -16"><span class='ocrx_word' id='word_1_819' title='bbox 2127 4286 2241 4355; x_wconf 64' lang='grc' dir='ltr'><strong>εἳ).</strong></span> <span class='ocrx_word' id='word_1_820' title='bbox 2275 4286 2341 4341; x_wconf 89' lang='lat' dir='ltr'><strong>Et</strong></span> <span class='ocrx_word' id='word_1_821' title='bbox 2367 4301 2553 4342; x_wconf 90' lang='lat' dir='ltr'><strong>rursus</strong></span> <span class='ocrx_word' id='word_1_822' title='bbox 2567 4285 2813 4341; x_wconf 86' lang='lat' dir='ltr'><strong>Christus</strong></span> <span class='ocrx_word' id='word_1_823' title='bbox 2845 4284 3006 4340; x_wconf 84' lang='lat' dir='ltr'><strong>:Non</strong></span> <span class='ocrx_word' id='word_1_824' title='bbox 3032 4303 3147 4357; x_wconf 67' lang='lat' dir='ltr'><strong>quis</strong></span> <span class='ocrx_word' id='word_1_825' title='bbox 3171 4277 3672 4356; x_wconf 53' lang='lat' dir='ltr'><strong>intrantperosmoilto</strong></span> 
     </span>
    </p>
   </div>
   <div class='ocr_carea' id='block_1_104' title="bbox 2128 4366 3665 4453">
    <p class='ocr_par' dir='ltr' id='par_1_104' title="bbox 2128 4366 3665 4453">
     <span class='ocr_line' id='line_1_104' title="bbox 2128 4366 3665 4453; baseline -0.011 -17"><span class='ocrx_word' id='word_1_826' title='bbox 2128 4381 2341 4453; x_wconf 74' lang='lat' dir='ltr'><strong>quinam</strong></span> <span class='ocrx_word' id='word_1_827' title='bbox 2389 4380 2633 4445; x_wconf 77' lang='lat' dir='ltr'><strong>homines,</strong></span> <span class='ocrx_word' id='word_1_828' title='bbox 2657 4379 2746 4435; x_wconf 84' lang='lat' dir='ltr'><strong>sed</strong></span> <span class='ocrx_word' id='word_1_829' title='bbox 2790 4366 2905 4448; x_wconf 63' lang='lat' dir='ltr'><strong>quae</strong></span> <span class='ocrx_word' id='word_1_830' title='bbox 2942 4395 3007 4434; x_wconf 78' lang='lat' dir='ltr'><strong>ea:</strong></span> <span class='ocrx_word' id='word_1_831' title='bbox 3032 4395 3119 4434; x_wconf 83' lang='lat' dir='ltr'><strong>ore</strong></span> <span class='ocrx_word' id='word_1_832' title='bbox 3146 4389 3327 4435; x_wconf 67' lang='lat' dir='ltr'><strong>exeam:</strong></span> <span class='ocrx_word' id='word_1_833' title='bbox 3353 4383 3370 4448; x_wconf 90' lang='lat'><strong>(</strong></span> <span class='ocrx_word' id='word_1_834' title='bbox 3402 4373 3567 4430; x_wconf 73' lang='lat' dir='ltr'><strong>.ilattlt.</strong></span> <span class='ocrx_word' id='word_1_835' title='bbox 3601 4368 3665 4422; x_wconf 74' lang='lat' dir='ltr'><strong>i5.</strong></span> 
     </span>
    </p>
   </div>
   <div class='ocr_carea' id='block_1_105' title="bbox 2130 4468 3669 4544">
    <p class='ocr_par' dir='ltr' id='par_1_105' title="bbox 2130 4468 3669 4544">
     <span class='ocr_line' id='line_1_105' title="bbox 2130 4468 3669 4544; baseline -0.012 -16"><span class='ocrx_word' id='word_1_836' title='bbox 2130 4474 2244 4544; x_wconf 80' lang='grc'><strong>11).</strong></span> <span class='ocrx_word' id='word_1_837' title='bbox 2269 4472 2338 4528; x_wconf 83' lang='lat' dir='ltr'><strong>Et.</strong></span> <span class='ocrx_word' id='word_1_838' title='bbox 2381 4487 2570 4527; x_wconf 84' lang='lat' dir='ltr'><strong>rursus</strong></span> <span class='ocrx_word' id='word_1_839' title='bbox 2621 4471 2759 4526; x_wconf 87' lang='lat' dir='ltr'><strong>alius</strong></span> <span class='ocrx_word' id='word_1_840' title='bbox 2787 4488 2801 4525; x_wconf 89' lang='lat'><strong>:</strong></span> <span class='ocrx_word' id='word_1_841' title='bbox 2833 4469 2941 4525; x_wconf 81' lang='lat' dir='ltr'><strong>Fac</strong></span> <span class='ocrx_word' id='word_1_842' title='bbox 2982 4471 3166 4525; x_wconf 83' lang='lat' dir='ltr'><strong>orituo</strong></span> <span class='ocrx_word' id='word_1_843' title='bbox 3191 4480 3386 4541; x_wconf 78' lang='lat' dir='ltr'><strong>portam</strong></span> <span class='ocrx_word' id='word_1_844' title='bbox 3431 4476 3475 4520; x_wconf 89' lang='lat' dir='ltr'><strong>et</strong></span> <span class='ocrx_word' id='word_1_845' title='bbox 3519 4468 3669 4517; x_wconf 70' lang='lat' dir='ltr'><strong>vectem</strong></span> 
     </span>
    </p>
   </div>
   <div class='ocr_carea' id='block_1_106' title="bbox 2128 4560 3668 4637">
    <p class='ocr_par' dir='ltr' id='par_1_106' title="bbox 2128 4560 3668 4637">
     <span class='ocr_line' id='line_1_106' title="bbox 2128 4560 3668 4637; baseline -0.012 -16"><span class='ocrx_word' id='word_1_846' title='bbox 2128 4566 2147 4637; x_wconf 89' lang='lat'><strong>(</strong></span> <span class='ocrx_word' id='word_1_847' title='bbox 2180 4565 2343 4620; x_wconf 81' lang='lat' dir='ltr'><strong>Ecrli.</strong></span> <span class='ocrx_word' id='word_1_848' title='bbox 2370 4565 2460 4621; x_wconf 72' lang='lat'><strong>28.</strong></span> <span class='ocrx_word' id='word_1_849' title='bbox 2485 4564 2554 4620; x_wconf 74' lang='lat'><strong>28</strong></span> <span class='ocrx_word' id='word_1_850' title='bbox 2580 4564 2620 4636; x_wconf 95' lang='lat'><strong>).</strong></span> <span class='ocrx_word' id='word_1_851' title='bbox 2648 4564 2747 4619; x_wconf 84' lang='lat' dir='ltr'><strong>llic</strong></span> <span class='ocrx_word' id='word_1_852' title='bbox 2767 4572 2944 4618; x_wconf 92' lang='lat' dir='ltr'><strong>autem</strong></span> <span class='ocrx_word' id='word_1_853' title='bbox 2991 4563 3242 4634; x_wconf 86' lang='lat' dir='ltr'><strong>quoniam</strong></span> <span class='ocrx_word' id='word_1_854' title='bbox 3284 4560 3424 4616; x_wconf 87' lang='lat' dir='ltr'><strong>novit</strong></span> <span class='ocrx_word' id='word_1_855' title='bbox 3447 4570 3546 4611; x_wconf 88' lang='lat' dir='ltr'><strong>rem</strong></span> <span class='ocrx_word' id='word_1_856' title='bbox 3571 4562 3668 4637; x_wconf 66' lang='lat' dir='ltr'><strong>esse</strong></span> 
     </span>
    </p>
   </div>
   <div class='ocr_carea' id='block_1_107' title="bbox 2128 4635 3664 4725">
    <p class='ocr_par' dir='ltr' id='par_1_107' title="bbox 2128 4635 3664 4725">
     <span class='ocr_line' id='line_1_107' title="bbox 2128 4635 3664 4725; baseline -0.005 -13"><span class='ocrx_word' id='word_1_857' title='bbox 2128 4635 2283 4713; x_wconf 79' lang='lat' dir='ltr'><strong>valde</strong></span> <span class='ocrx_word' id='word_1_858' title='bbox 2310 4657 2586 4713; x_wconf 80' lang='lat' dir='ltr'><strong>difﬁcilem</strong></span> <span class='ocrx_word' id='word_1_859' title='bbox 2608 4697 2623 4722; x_wconf 94' lang='lat'><strong>,</strong></span> <span class='ocrx_word' id='word_1_860' title='bbox 2655 4654 2805 4710; x_wconf 90' lang='lat' dir='ltr'><strong>addit</strong></span> <span class='ocrx_word' id='word_1_861' title='bbox 2837 4665 2891 4710; x_wconf 93' lang='lat' dir='ltr'><strong>et</strong></span> <span class='ocrx_word' id='word_1_862' title='bbox 2922 4670 3104 4725; x_wconf 87' lang='lat' dir='ltr'><strong>preces</strong></span> <span class='ocrx_word' id='word_1_863' title='bbox 3129 4697 3144 4720; x_wconf 91' lang='lat'><strong>,</strong></span> <span class='ocrx_word' id='word_1_864' title='bbox 3177 4663 3232 4709; x_wconf 90' lang='lat' dir='ltr'><strong>et</strong></span> <span class='ocrx_word' id='word_1_865' title='bbox 3260 4655 3418 4709; x_wconf 90' lang='lat' dir='ltr'><strong>Deum</strong></span> <span class='ocrx_word' id='word_1_866' title='bbox 3460 4650 3589 4701; x_wconf 67' lang='lat' dir='ltr'><strong>vocnl</strong></span> <span class='ocrx_word' id='word_1_867' title='bbox 3612 4635 3664 4691; x_wconf 58' lang='lat' dir='ltr'><strong>ad</strong></span> 
     </span>
    </p>
   </div>
   <div class='ocr_carea' id='block_1_108' title="bbox 2125 4735 3662 4829">
    <p class='ocr_par' dir='ltr' id='par_1_108' title="bbox 2125 4735 3662 4829">
     <span class='ocr_line' id='line_1_108' title="bbox 2125 4735 3662 4829; baseline -0.017 -24"><span class='ocrx_word' id='word_1_868' title='bbox 2125 4749 2406 4805; x_wconf 89' lang='lat' dir='ltr'><strong>ferendum</strong></span> <span class='ocrx_word' id='word_1_869' title='bbox 2432 4748 2708 4803; x_wconf 82' lang='lat' dir='ltr'><strong>auxilium.</strong></span> <span class='ocrx_word' id='word_1_870' title='bbox 2736 4746 2848 4801; x_wconf 86' lang='lat' dir='ltr'><strong>lmo</strong></span> <span class='ocrx_word' id='word_1_871' title='bbox 2880 4761 3007 4801; x_wconf 89' lang='lat' dir='ltr'><strong>vero</strong></span> <span class='ocrx_word' id='word_1_872' title='bbox 3038 4746 3124 4800; x_wconf 91' lang='lat' dir='ltr'><strong>ille</strong></span> <span class='ocrx_word' id='word_1_873' title='bbox 3142 4760 3351 4816; x_wconf 87' lang='lat' dir='ltr'><strong>quoque</strong></span> <span class='ocrx_word' id='word_1_874' title='bbox 3393 4741 3486 4795; x_wconf 89' lang='lat' dir='ltr'><strong>hoc</strong></span> <span class='ocrx_word' id='word_1_875' title='bbox 3520 4735 3662 4829; x_wconf 78' lang='lat' dir='ltr'><strong>ipsum</strong></span> 
     </span>
    </p>
   </div>
   <div class='ocr_carea' id='block_1_109' title="bbox 2126 4826 3663 4913">
    <p class='ocr_par' dir='ltr' id='par_1_109' title="bbox 2126 4826 3663 4913">
     <span class='ocr_line' id='line_1_109' title="bbox 2126 4826 3663 4913; baseline -0.013 -16"><span class='ocrx_word' id='word_1_876' title='bbox 2126 4841 2410 4913; x_wconf 86' lang='lat' dir='ltr'><strong>signiﬁcat,</strong></span> <span class='ocrx_word' id='word_1_877' title='bbox 2439 4850 2492 4896; x_wconf 93' lang='lat' dir='ltr'><strong>ut</strong></span> <span class='ocrx_word' id='word_1_878' title='bbox 2521 4839 2736 4912; x_wconf 89' lang='lat' dir='ltr'><strong>quando</strong></span> <span class='ocrx_word' id='word_1_879' title='bbox 2760 4838 2889 4894; x_wconf 90' lang='lat' dir='ltr'><strong>dicit</strong></span> <span class='ocrx_word' id='word_1_880' title='bbox 2921 4857 2933 4891; x_wconf 89' lang='lat'><strong>:</strong></span> <span class='ocrx_word' id='word_1_881' title='bbox 2961 4838 3085 4906; x_wconf 83' lang='lat' dir='ltr'><strong>Quis</strong></span> <span class='ocrx_word' id='word_1_882' title='bbox 3105 4837 3296 4893; x_wconf 81' lang='lat' dir='ltr'><strong>dederit</strong></span> <span class='ocrx_word' id='word_1_883' title='bbox 3315 4834 3450 4889; x_wconf 84' lang='lat' dir='ltr'><strong>labiis</strong></span> <span class='ocrx_word' id='word_1_884' title='bbox 3475 4826 3579 4882; x_wconf 80' lang='lat' dir='ltr'><strong>meis</strong></span> <span class='ocrx_word' id='word_1_885' title='bbox 3607 4826 3663 4873; x_wconf 73' lang='lat' dir='ltr'><strong>si-</strong></span> 
     </span>
    </p>
   </div>
   <div class='ocr_carea' id='block_1_110' title="bbox 2123 4920 3658 5006">
    <p class='ocr_par' dir='ltr' id='par_1_110' title="bbox 2123 4920 3658 5006">
     <span class='ocr_line' id='line_1_110' title="bbox 2123 4920 3658 5006; baseline -0.018 -16"><span class='ocrx_word' id='word_1_886' title='bbox 2123 4933 2398 5006; x_wconf 82' lang='lat' dir='ltr'><strong>gnaculum</strong></span> <span class='ocrx_word' id='word_1_887' title='bbox 2416 4931 2659 4986; x_wconf 85' lang='lat' dir='ltr'><strong>callidum</strong></span> <span class='ocrx_word' id='word_1_888' title='bbox 2682 4930 2865 5005; x_wconf 78' lang='lat' dir='ltr'><strong>(Eccli.</strong></span> <span class='ocrx_word' id='word_1_889' title='bbox 2906 4929 3000 4986; x_wconf 68' lang='lat'><strong>22.</strong></span> <span class='ocrx_word' id='word_1_890' title='bbox 3025 4930 3155 5001; x_wconf 78' lang='lat'><strong>55)?</strong></span> <span class='ocrx_word' id='word_1_891' title='bbox 3181 4928 3395 4999; x_wconf 86' lang='lat' dir='ltr'><strong>Oportet</strong></span> <span class='ocrx_word' id='word_1_892' title='bbox 3419 4920 3546 4975; x_wconf 77' lang='lat' dir='ltr'><strong>enin</strong></span> <span class='ocrx_word' id='word_1_893' title='bbox 3578 4928 3658 5006; x_wconf 54' lang='lat' dir='ltr'><strong>no:</strong></span> 
     </span>
    </p>
   </div>
   <div class='ocr_carea' id='block_1_111' title="bbox 2123 5006 3656 5096">
    <p class='ocr_par' dir='ltr' id='par_1_111' title="bbox 2123 5006 3656 5096">
     <span class='ocr_line' id='line_1_111' title="bbox 2123 5006 3656 5096; baseline -0.015 -16"><span class='ocrx_word' id='word_1_894' title='bbox 2123 5033 2234 5080; x_wconf 86' lang='lat' dir='ltr'><strong>stra</strong></span> <span class='ocrx_word' id='word_1_895' title='bbox 2277 5037 2491 5094; x_wconf 87' lang='lat' dir='ltr'><strong>quoque</strong></span> <span class='ocrx_word' id='word_1_896' title='bbox 2538 5024 2802 5085; x_wconf 80' lang='lat' dir='ltr'><strong>conferre,</strong></span> <span class='ocrx_word' id='word_1_897' title='bbox 2850 5030 2904 5074; x_wconf 90' lang='lat' dir='ltr'><strong>et</strong></span> <span class='ocrx_word' id='word_1_898' title='bbox 2952 5020 3071 5074; x_wconf 91' lang='lat' dir='ltr'><strong>ideo</strong></span> <span class='ocrx_word' id='word_1_899' title='bbox 3101 5021 3202 5075; x_wconf 87' lang='lat' dir='ltr'><strong>hoc</strong></span> <span class='ocrx_word' id='word_1_900' title='bbox 3250 5020 3409 5074; x_wconf 86' lang='lat' dir='ltr'><strong>instar</strong></span> <span class='ocrx_word' id='word_1_901' title='bbox 3449 5006 3656 5096; x_wconf 64' lang='lat' dir='ltr'><strong>[urat-cepit</strong></span> 
     </span>
    </p>
   </div>
   <div class='ocr_carea' id='block_1_112' title="bbox 2123 5092 3653 5192">
    <p class='ocr_par' dir='ltr' id='par_1_112' title="bbox 2123 5092 3653 5192">
     <span class='ocr_line' id='line_1_112' title="bbox 2123 5092 3653 5192; baseline -0.014 -20"><span class='ocrx_word' id='word_1_902' title='bbox 2123 5092 2320 5187; x_wconf 82' lang='lat' dir='ltr'><strong>posuit,</strong></span> <span class='ocrx_word' id='word_1_903' title='bbox 2351 5092 2538 5170; x_wconf 81' lang='lat' dir='ltr'><strong>dicens</strong></span> <span class='ocrx_word' id='word_1_904' title='bbox 2572 5135 2585 5170; x_wconf 90' lang='lat'><strong>:</strong></span> <span class='ocrx_word' id='word_1_905' title='bbox 2618 5112 2726 5167; x_wconf 83' lang='lat' dir='ltr'><strong>Fac</strong></span> <span class='ocrx_word' id='word_1_906' title='bbox 2751 5123 2949 5183; x_wconf 79' lang='lat' dir='ltr'><strong>portam</strong></span> <span class='ocrx_word' id='word_1_907' title='bbox 2971 5122 3017 5166; x_wconf 84' lang='lat' dir='ltr'><strong>ct</strong></span> <span class='ocrx_word' id='word_1_908' title='bbox 3046 5122 3247 5166; x_wconf 83' lang='lat' dir='ltr'><strong>vectem.</strong></span> <span class='ocrx_word' id='word_1_909' title='bbox 3293 5110 3379 5164; x_wconf 76' lang='lat' dir='ltr'><strong>Est</strong></span> <span class='ocrx_word' id='word_1_910' title='bbox 3417 5092 3653 5192; x_wconf 36' lang='lat' dir='ltr'><strong>etiarn-livi</strong></span> 
     </span>
    </p>
   </div>
   <div class='ocr_carea' id='block_1_113' title="bbox 2123 5183 3652 5271">
    <p class='ocr_par' dir='ltr' id='par_1_113' title="bbox 2123 5183 3652 5271">
     <span class='ocr_line' id='line_1_113' title="bbox 2123 5183 3652 5271; baseline -0.02 -10"><span class='ocrx_word' id='word_1_911' title='bbox 2123 5183 2480 5261; x_wconf 84' lang='lat' dir='ltr'><strong>invocandum</strong></span> <span class='ocrx_word' id='word_1_912' title='bbox 2529 5205 2806 5267; x_wconf 55' lang='lat' dir='ltr'><strong>auxilium,</strong></span> <span class='ocrx_word' id='word_1_913' title='bbox 2857 5212 2916 5256; x_wconf 92' lang='lat' dir='ltr'><strong>ut</strong></span> <span class='ocrx_word' id='word_1_914' title='bbox 2957 5211 3199 5257; x_wconf 89' lang='lat' dir='ltr'><strong>nostrum</strong></span> <span class='ocrx_word' id='word_1_915' title='bbox 3233 5211 3439 5271; x_wconf 79' lang='lat' dir='ltr'><strong>quoque</strong></span> <span class='ocrx_word' id='word_1_916' title='bbox 3459 5183 3652 5244; x_wconf 79' lang='lat' dir='ltr'><strong>studium</strong></span> 
     </span>
    </p>
   </div>
   <div class='ocr_carea' id='block_1_114' title="bbox 2122 5279 3649 5368">
    <p class='ocr_par' dir='ltr' id='par_1_114' title="bbox 2122 5279 3649 5368">
     <span class='ocr_line' id='line_1_114' title="bbox 2122 5279 3649 5368; baseline -0.027 4"><span class='ocrx_word' id='word_1_917' title='bbox 2122 5299 2173 5353; x_wconf 68' lang='lat' dir='ltr'><strong>i“</strong></span> <span class='ocrx_word' id='word_1_918' title='bbox 2191 5313 2326 5368; x_wconf 72' lang='grc' dir='ltr'><strong>οιιυε</strong></span> <span class='ocrx_word' id='word_1_919' title='bbox 2354 5305 2529 5353; x_wconf 63' lang='lat' dir='ltr'><strong>exeat.</strong></span> <span class='ocrx_word' id='word_1_920' title='bbox 2548 5293 2621 5351; x_wconf 90' lang='lat' dir='ltr'><strong>0s</strong></span> <span class='ocrx_word' id='word_1_921' title='bbox 2640 5309 2769 5365; x_wconf 83' lang='lat' dir='ltr'><strong>ergo</strong></span> <span class='ocrx_word' id='word_1_922' title='bbox 2789 5304 3028 5349; x_wconf 91' lang='lat' dir='ltr'><strong>nostrum</strong></span> <span class='ocrx_word' id='word_1_923' title='bbox 3046 5300 3299 5363; x_wconf 79' lang='lat' dir='ltr'><strong>perpetuo</strong></span> <span class='ocrx_word' id='word_1_924' title='bbox 3318 5279 3649 5368; x_wconf 45' lang='grc' dir='ltr'><strong>ουειαιῑτιιηυεί</strong></span> 
     </span>
    </p>
   </div>
   <div class='ocr_carea' id='block_1_115' title="bbox 2120 5363 3648 5457">
    <p class='ocr_par' dir='ltr' id='par_1_115' title="bbox 2120 5363 3648 5457">
     <span class='ocr_line' id='line_1_115' title="bbox 2120 5363 3648 5457; baseline -0.021 -11"><span class='ocrx_word' id='word_1_925' title='bbox 2120 5390 2170 5446; x_wconf 91' lang='lat' dir='ltr'><strong>ei</strong></span> <span class='ocrx_word' id='word_1_926' title='bbox 2203 5363 2466 5444; x_wconf 77' lang='lat' dir='ltr'><strong>rationem</strong></span> <span class='ocrx_word' id='word_1_927' title='bbox 2508 5363 2777 5457; x_wconf 73' lang='lat' dir='ltr'><strong>tamquam</strong></span> <span class='ocrx_word' id='word_1_928' title='bbox 2825 5388 3033 5441; x_wconf 84' lang='lat' dir='ltr'><strong>clavem</strong></span> <span class='ocrx_word' id='word_1_929' title='bbox 3079 5384 3423 5440; x_wconf 79' lang='lat' dir='ltr'><strong>adhibentes,</strong></span> <span class='ocrx_word' id='word_1_930' title='bbox 3472 5381 3561 5423; x_wconf 89' lang='lat' dir='ltr'><strong>non</strong></span> <span class='ocrx_word' id='word_1_931' title='bbox 3603 5363 3648 5409; x_wconf 75' lang='lat' dir='ltr'><strong>nl</strong></span> 
     </span>
    </p>
   </div>
   <div class='ocr_carea' id='block_1_116' title="bbox 2119 5461 3652 5553">
    <p class='ocr_par' dir='ltr' id='par_1_116' title="bbox 2119 5461 3652 5553">
     <span class='ocr_line' id='line_1_116' title="bbox 2119 5461 3652 5553; baseline -0.019 -14"><span class='ocrx_word' id='word_1_932' title='bbox 2119 5491 2379 5553; x_wconf 87' lang='lat' dir='ltr'><strong>perpetuo</strong></span> <span class='ocrx_word' id='word_1_933' title='bbox 2456 5479 2735 5535; x_wconf 88' lang='lat' dir='ltr'><strong>claudatur</strong></span> <span class='ocrx_word' id='word_1_934' title='bbox 2765 5519 2780 5544; x_wconf 97' lang='lat'><strong>,</strong></span> <span class='ocrx_word' id='word_1_935' title='bbox 2832 5477 2927 5532; x_wconf 88' lang='lat' dir='ltr'><strong>sed</strong></span> <span class='ocrx_word' id='word_1_936' title='bbox 2970 5486 3027 5532; x_wconf 92' lang='lat' dir='ltr'><strong>ut</strong></span> <span class='ocrx_word' id='word_1_937' title='bbox 3077 5468 3404 5532; x_wconf 85' lang='lat' dir='ltr'><strong>convenienti</strong></span> <span class='ocrx_word' id='word_1_938' title='bbox 3447 5461 3652 5553; x_wconf 40' lang='lat' dir='ltr'><strong>templ-&quot;0</strong></span> 
     </span>
    </p>
   </div>
   <div class='ocr_carea' id='block_1_117' title="bbox 2118 5543 3635 5651">
    <p class='ocr_par' dir='ltr' id='par_1_117' title="bbox 2118 5543 3635 5651">
     <span class='ocr_line' id='line_1_117' title="bbox 2118 5543 3635 5651; baseline -0.009 -19"><span class='ocrx_word' id='word_1_939' title='bbox 2118 5543 2403 5632; x_wconf 67' lang='lat' dir='ltr'><strong>reseretur.</strong></span> <span class='ocrx_word' id='word_1_940' title='bbox 2470 5573 2879 5642; x_wconf 77' lang='lat' dir='ltr'><strong>Nonnumquam</strong></span> <span class='ocrx_word' id='word_1_941' title='bbox 2955 5571 3098 5626; x_wconf 91' lang='lat' dir='ltr'><strong>enim</strong></span> <span class='ocrx_word' id='word_1_942' title='bbox 3164 5566 3420 5625; x_wconf 89' lang='lat' dir='ltr'><strong>silentium</strong></span> <span class='ocrx_word' id='word_1_943' title='bbox 3461 5543 3635 5651; x_wconf 40' lang='grc' dir='ltr'><strong>θείην</strong></span> 
     </span>
    </p>
   </div>
   <div class='ocr_carea' id='block_1_118' title="bbox 2117 5640 3637 5741">
    <p class='ocr_par' dir='ltr' id='par_1_118' title="bbox 2117 5640 3637 5741">
     <span class='ocr_line' id='line_1_118' title="bbox 2117 5640 3637 5741; baseline -0.026 -15"><span class='ocrx_word' id='word_1_944' title='bbox 2117 5670 2274 5741; x_wconf 85' lang='lat' dir='ltr'><strong>quela</strong></span> <span class='ocrx_word' id='word_1_945' title='bbox 2321 5669 2523 5736; x_wconf 90' lang='lat' dir='ltr'><strong>utilius,</strong></span> <span class='ocrx_word' id='word_1_946' title='bbox 2566 5640 3018 5738; x_wconf 85' lang='lat' dir='ltr'><strong>quemadmodum</strong></span> <span class='ocrx_word' id='word_1_947' title='bbox 3048 5663 3256 5734; x_wconf 86' lang='lat' dir='ltr'><strong>loquela</strong></span> <span class='ocrx_word' id='word_1_948' title='bbox 3295 5640 3637 5741; x_wconf 60' lang='lat' dir='ltr'><strong>quoquesileu:</strong></span> 
     </span>
    </p>
   </div>
   <div class='ocr_carea' id='block_1_119' title="bbox 2117 5735 3636 5831">
    <p class='ocr_par' dir='ltr' id='par_1_119' title="bbox 2117 5735 3636 5831">
     <span class='ocr_line' id='line_1_119' title="bbox 2117 5735 3636 5831; baseline -0.012 -11"><span class='ocrx_word' id='word_1_949' title='bbox 2117 5735 2209 5820; x_wconf 80' lang='lat' dir='ltr'><strong>tio.</strong></span> <span class='ocrx_word' id='word_1_950' title='bbox 2265 5763 2329 5819; x_wconf 85' lang='lat' dir='ltr'><strong>Et</strong></span> <span class='ocrx_word' id='word_1_951' title='bbox 2380 5763 2499 5820; x_wconf 89' lang='lat' dir='ltr'><strong>ideo</strong></span> <span class='ocrx_word' id='word_1_952' title='bbox 2555 5735 2765 5818; x_wconf 84' lang='lat' dir='ltr'><strong>dieebat</strong></span> <span class='ocrx_word' id='word_1_953' title='bbox 2824 5760 2915 5816; x_wconf 90' lang='lat' dir='ltr'><strong>ille</strong></span> <span class='ocrx_word' id='word_1_954' title='bbox 2970 5757 3384 5831; x_wconf 83' lang='lat' dir='ltr'><strong>sapientissimus</strong></span> <span class='ocrx_word' id='word_1_955' title='bbox 3421 5735 3636 5798; x_wconf 69' lang='grc' dir='ltr'><strong>ιῗειπ1¹⁶⁴⁸</strong></span> 
     </span>
    </p>
   </div>
  </div>
