3928 6418
224 360 307 414 ιδι
1323 344 1687 409 ΕΧΡΟΞΙΤΙΟ
1719 344 1761 400 II

1871 346 2157 412 SALMUM
2190 355 2346 412 CXL.

222 476 303 530 zeal
334 471 538 536 εὐῶδες,
570 469 690 524 τότε
724 469 779 523 δὲ
827 470 1062 543 μάλιστα
1106 469 1475 526 ἐπιδείκνυται
1535 469 1636 540 τὴν
1676 468 1768 522 εὐ·

217 558 383 619 ωδίαν,
420 557 540 611 ὅταν
580 551 818 632 ὁμιλήσῃ
855 553 934 626 τῷ
975 554 1128 627 πυρί·
1171 554 1316 609 οὕτω
1353 555 1419 629 δὴ
1459 554 1610 625 zeal
1635 553 1769 624 εὐχὴ

215 642 340 713 καλὴ
368 640 461 713 μὲν
482 638 575 692 zeal
594 637 717 692 καθ’
739 638 954 710 ἑαυτήν·
981 638 1216 692 καλλίων
1235 638 1292 692 δὲ
1312 639 1407 693 zeal
1429 637 1769 711 εὐωδεστέρα

213 726 421 798 γίνεται,
443 726 568 780 ὅταν
605 722 742 795 μετὰ
771 724 982 798 θερμῆς
1022 726 1118 781 καὶ
1155 725 1386 799 ζεούσης
1409 724 1560 799 [ιδί]
1587 725 1770 799 ψυχῆς

213 814 549 885 ἀναφέρηται,
602 812 729 867 ὅταν
763 812 1123 884 θυμιατήριον
1152 815 1185 885 ἡ
1217 812 1365 886 ψυχὴ
1394 814 1615 885 γένηται
1673 810 1769 866 zeal

213 900 314 974 πῦρ
344 898 549 971 ἀνάπτῃ
595 897 843 970 σφοδρόν.
896 898 1031 953 Οὐδὲ
1073 899 1184 973 γὰρ
1241 900 1305 955 τὸ
1357 899 1610 971 θυμίαμα
1667 899 1764 969 τῆς

210 985 428 1058 ἐσχάρας
456 982 528 1055 μὴ
547 982 991 1056 προαναφθείοης
1014 993 1042 1024 ι
1067 983 1368 1048 ἐπετίθετο,
1385 984 1418 1056 ἢ
1436 983 1543 1039 τῶν
1559 984 1766 1055 ἀνθρά-

209 1089 309 1127 κων
334 1070 404 1142 μὴ
430 1065 1030 1139 διακαιομένων.Τοῦτο
1054 1068 1150 1121 καὶ
1182 1068 1246 1122 σὺ
1274 1068 1368 1122 ἐπὶ
1394 1068 1496 1138 τῆς
1526 1068 1769 1134 διανοίας

206 1156 434 1226 ποίησονο
479 1153 744 1224 πρότερον
775 1150 982 1219 άναψον
1007 1150 1178 1222 αὐτὴν
1198 1154 1266 1223 τῇ
1320 1152 1623 1225 προθυμίᾳ,
1672 1152 1767 1206 zeal

203 1241 310 1296 τότε
336 1238 563 1294 ἐπιτίθει
580 1238 682 1309 τὴν
717 1236 901 1308 εὐχήν.
924 1234 1158 1307 Εῦχεται
1178 1237 1358 1292 τοίνυν
1372 1237 1471 1310 τὴν
1485 1239 1584 1309 μὲν
1599 1237 1768 1310 εὐχὴν

204 1324 352 1381 αὑτοῦ
380 1323 634 1395 γενέσθαι
656 1321 732 1387 ὡς
756 1321 1028 1393 θυμίαμα,
1047 1321 1148 1392 τὴν
1179 1321 1236 1376 δὲ
1257 1321 1492 1394 ἔπαρσιν
1521 1322 1632 1377 τῶν
1652 1341 1768 1395 χει-

204 1408 298 1481 ρῶν
314 1410 387 1474 ὡς
400 1408 588 1463 θυσίαν
604 1407 916 1480 ἐσπερινήν.
935 1406 1245 1479 Ἀμφότερα
1254 1406 1763 1481 γάρεύπρόσδεκτα.

202 1494 310 1558 Πῶς
331 1494 374 1548 δ’
401 1493 467 1548 ἃν
498 1493 710 1563 γένοιτο
736 1490 922 1558 τοῦτο;
954 1492 1019 1546 Εἰ
1056 1492 1344 1565 ἀμφότερα
1382 1494 1467 1566 εἴη
1520 1493 1763 1565 καθαρὰ,

199 1580 240 1631 εἰ
266 1577 544 1650 ἀμφότερα
569 1576 655 1647 είη
686 1575 912 1647 ἄμωμα,
939 1575 976 1659 ᾗ
1008 1593 1069 1630 τε
1102 1575 1318 1646 γλῶττα
1353 1576 1449 1630 zeal
1478 1576 1533 1631 αἰ
1562 1579 1763 1649 χεῖρες,

200 1663 246 1715 αἰ
283 1661 377 1733 μὲν
400 1658 716 1726 πλεονεξίας
746 1660 840 1715 zeal
856 1658 1111 1732 ἁρπαγῆς
1131 1659 1679 1735 ἐκκεκαθαρμέναι,ὴ
1708 1661 1766 1715 δὲ

197 1745 430 1816 πονηρῶν
464 1747 534 1817 ρη
543 1743 726 1815 μάτων
741 1743 1187 1817 ἠλευθερωμένη.
1217 1744 1428 1816 Ὠσπερ
1446 1743 1556 1816 γὰρ
1574 1744 1765 1815 θυμια-

195 1831 363 1903 τήριον
398 1829 553 1883 οὐδὲν
578 1827 723 1899 ἔχειν
757 1827 1070 1897 ἀκάθαρτον
1102 1827 1230 1902 χρὴ,
1272 1828 1387 1882 ἀλλ’
1438 1827 1472 1899 ἢ
1504 1827 1619 1902 πῦρ
1668 1828 1765 1883 καὶ

196 1914 443 1983 θυμίαμαο
468 1911 617 1966 οὕτω
640 1911 735 1965 zeal
765 1910 866 1982 τὴν
892 1911 1135 1980 γλῶτταν
1173 1912 1248 1985 μὴ
1278 1912 1577 1985 προφέρειν
1598 1930 1767 1984 κεκη-

192 1996 464 2066 λιδωμένον
493 1996 524 2036 δ
567 1997 739 2067 ῥῆμα,
771 1995 887 2050 ἀλλ’
920 1994 954 2067 ἢ
988 1995 1318 2068 ἁγιωσύνην,
1345 1997 1436 2051 zeal
1460 1996 1759 2068 εὐφημίανο

193 2079 320 2135 οῦτω
350 2080 561 2144 καὶτὰς
579 2082 768 2150 χεῖρας
789 2078 1152 2152 θυμιατήριον
1175 2078 1634 2150 γίνεσθαι.Ἕστω
1652 2078 1764 2134 τοί·

192 2182 273 2217 νυν
296 2163 656 2235 θυμιατήριόν
687 2180 779 2217 σου
824 2161 886 2216 τὺ
938 2163 1147 2235 στόμα,
1177 2164 1271 2219 καὶ
1319 2163 1512 2218 σκόπει
1555 2163 1633 2235 μὴ
1672 2163 1763 2218 κό-

193 2265 314 2318 πρου
344 2249 474 2302 αὐτὸ
506 2246 821 2321 ἐμπλήσῃς.
861 2246 1268 2303 Τοιοῦτοιοίτά
1290 2246 1494 2321 αἰσχρά
1528 2247 1762 2319 φθεγγόο

195 2349 326 2400 μενοι
357 2332 450 2387 καὶ
474 2330 772 2400 ἀκάθαρτα
818 2332 1062 2403 ῥήματα.
1108 2331 1219 2385 Καὶ
1250 2331 1396 2396 τίνος
1424 2332 1611 2387 ἕνεκεν
1660 2331 1762 2387 οὐκ

193 2411 593 2488 εἷπενἙωθινὴ,
622 2414 735 2470 ἀλλ’
765 2414 1130 2484 Ἐσπερινή;
1163 2415 1317 2487 Ἐμοὶ
1339 2416 1437 2486 μὲν
1451 2415 1761 2487 ἀδιαφόρως

192 2499 417 2571 εἰρῆσθαι
449 2501 553 2556 καί
575 2499 735 2554 τοῦτο
753 2500 920 2554 δοκεῖ.
958 2499 1071 2554 Kal
1092 2498 1201 2571 7&9
1224 2501 1274 2553 εἰ
1295 2492 1448 2553 εἶπεν
1465 2498 1717 2571 ἑωθινὴν,
1731 2501 1760 2554 ό

192 2584 455 2655 περίεργος
488 2583 782 2655 ἠρώτησεν
807 2582 895 2647 ἂν,
918 2582 1063 2648 τίνος
1088 2584 1273 2638 ἕνεκεν
1301 2583 1403 2638 ούκ
1432 2578 1582 2637 εἶπεν
1606 2584 1760 2636 ἐσπε-

191 2669 358 2739 ρινήνς
388 2670 448 2723 Εἰ
473 2670 539 2723 δέ
573 2686 657 2733 τις
673 2667 1186 2739 ἁπολυπραγμόνως
1210 2667 1451 2739 βούλοιτο
1473 2666 1693 2722 ἀκούειν
1711 2676 1757 2732 ’⁷,

187 2750 302 2823 ὃτιὴ
327 2754 419 2823 μὲν
435 2752 643 2823 ἑωθινὴ
670 2750 928 2822 ἀναμένει
951 2749 1049 2823 τὴν
1070 2752 1363 2823 ἐσπερινήν
1382 2768 1396 2783 ·
1429 2751 1464 2823 ἠ
1495 2750 1552 2805 δὲ
1595 2751 1760 2804 ἐσπε-

190 2835 296 2908 ρινὴ
322 2837 596 2908 γενομένη
635 2834 733 2907 τὴν
786 2834 1096 2907 ἱερουργίαν
1155 2834 1466 2907 ἐπλήρωσε,
1520 2834 1617 2889 zeal
1659 2835 1761 2889 οὐκ

187 2918 315 2973 ἔστιν
332 2918 665 2992 ἀτελεστέρα
685 2936 802 2982 πως
817 2918 899 2973 ἔτι
915 2921 1013 2991 τῆς
1026 2918 1243 2990 ἡμέρας
1259 2918 1446 2973 λοιπὸν
1461 2921 1495 2992 ἡ
1512 2919 1757 2991 λατρεία,

184 3003 303 3060 ἀλλά
324 3005 666 3078 ἀπηρτίσθη,
702 3005 799 3060 zeal
824 3004 978 3070 τέλος
990 3005 1206 3068 ἔλασεν,
1232 3006 1397 3060 Ἀλλὰ
1422 3007 1533 3078 γάρ
1552 3008 1607 3061 τί
1636 3007 1761 3078 βού-

184 3086 316 3143 Lmae
344 3091 438 3145 zeal
465 3089 587 3145 τῶν
616 3088 817 3161 χειρῶν
848 3090 882 3161 ἡ
915 3088 1135 3155 ἔκτασις
1157 3090 1216 3142 ἐν
1235 3091 1302 3162 τῇ
1336 3090 1502 3161 εὐχῇς
1538 3091 1759 3164 Ἐπειδὴ

185 3171 386 3238 πολλαῖς
414 3172 714 3247 πονηρίαις
736 3172 1110 3228 διακονοῦνται
1136 3166 1317 3239 αὗται,
1351 3168 1463 3228 οἷον
1499 3173 1760 3247 πληγαῖς,

185 3256 364 3325 φόνοις,
390 3260 699 3330 ἁρπαγαῖς,
718 3257 1075 3325 πλεονεξίαις,
1100 3258 1168 3312 δι’
1189 3256 1323 3312 αὐτὸ
1355 3259 1453 3329 μὲν
1479 3253 1574 3314 οῦν
1599 3259 1761 3315 τοῦτο

184 3340 495 3412 κελευόμεθα
526 3340 707 3406 αὑτὰς
737 3340 1061 3408 ἀνατείνειν,
1102 3341 1189 3397 ῖνα
1223 3343 1259 3415 ἡ
1306 3342 1404 3415 τῆς
1449 3344 1616 3415 εὐχῆς
1645 3344 1761 3400 δια-

184 3425 319 3479 κονία
340 3426 542 3499 δεσμὸς
578 3425 772 3487 αὐταῖς
799 3424 1026 3496 γένηται
1064 3425 1166 3497 τῆς
1197 3426 1417 3493 κακίας,
1457 3428 1553 3482 zeal
1586 3428 1763 3483 ἀπαλ-

181 3504 306 3581 λαγὴ
327 3510 424 3581 τῆς
468 3509 497 3550 ιι
557 3506 844 3580 πονηρίας,
908 3508 975 3562 ῖν⁹
1003 3508 1133 3564 ὅταν
1184 3508 1386 3582 μέλλῃς
1422 3511 1689 3583 ἁρπάζειν
1723 3511 1757 3584 ἢ

184 3592 509 3651 πλεονεκτεῖν
542 3594 579 3666 ἢ
623 3593 849 3648 τύπτειν
881 3593 1090 3665 ἕτερον,
1123 3594 1491 3665 ἀναμνησθεὶς
1523 3596 1606 3650 ὅτι
1630 3595 1762 3651 ταύ-

179 3694 266 3742 τας
286 3680 499 3748 μέλλεις
519 3679 651 3734 ἀντὶ
676 3677 994 3749 συνηγόρων
1028 3677 1166 3751 πρὸς
1198 3677 1289 3732 τὸν
1326 3678 1461 3733 Θεὸν
1493 3680 1758 3751 πέμπειν,

180 3762 261 3815 zeal
280 3762 365 3817 διὰ
385 3763 601 3819 τούτων
630 3762 728 3833 τὴν
753 3760 947 3816 θυσίαν
978 3761 1325 3833 ἀναπέμπειν
1359 3763 1380 3786 ⁶
1421 3761 1640 3832 ἐκείνην
1663 3761 1760 3835 τὴν

178 3848 569 3921 πνευματικὴν,
599 3845 674 3919 μὴ
727 3846 1097 3918 καταισχύνῃς
1141 3844 1345 3909 αὖτάςο
1391 3845 1483 3900 καὶ
1504 3846 1761 3918 and“?

180 3930 413 3998 σιάστους
433 3930 658 4005 ἐργάσῃ
685 3932 753 4003 τῇ
776 3929 1022 4003 διακονίᾳ
1049 3929 1148 4001 τῆς
1178 3929 1423 4001 πονηρᾶς
1471 3928 1758 4000 ἐργασίας.

178 4012 409 4089 Κάθαιρε
464 4014 655 4071 τοίνυν
703 4013 876 4079 αὐτὰς
932 4012 1295 4086 ἐλεημοσύνη,
1352 4011 1755 4085 φιλανθρωπίᾳ,

178 4101 467 4173 προστασίᾳ
499 4098 803 4171 δεομένων,
835 4098 931 4153 zeal
950 4098 1124 4162 οὕτως
1149 4097 1319 4162 αὐτὰς
1344 4097 1424 4161 εἰς
1442 4095 1608 4169 εὐχὴν
1633 4097 1753 4166 ἄγε.

177 4180 232 4237 Εἰ
253 4184 358 4259 γὰρ
393 4185 661 4248 ἀνίπτους
718 4180 890 4243 αὑτὰς
922 4185 941 4227 ί
966 4182 1068 4236 οὐκ
1116 4182 1437 4255 ἐπιτρέπεις
1488 4182 1568 4245 εἰς
1592 4180 1760 4253 εὐχὴν

178 4265 519 4340 ἐπαίρεσθαι,
558 4264 740 4336 πολλῷ
773 4264 974 4336 μᾶλλον
1000 4264 1393 4336 ἁμαρτήμασιν
1410 4262 1510 4317 οὐκ
1542 4262 1609 4319 ἂν
1642 4264 1761 4335 εῖης

174 4347 364 4416 δίκαιος
385 4351 571 4415 αὐτὰς
604 4349 861 4422 μιαίνειν.
884 4349 948 4402 Εἰ
971 4348 1032 4402 τὸ
1072 4347 1291 4402 ἔλαττον
1312 4346 1576 4411 δέδοικας,
1626 4346 1759 4401 πολ-

173 4430 244 4504 λῷ
272 4434 471 4504 μᾶλλον
500 4434 571 4490 τδ
603 4433 790 4506 μεῖζον
832 4430 1041 4503 φρῖξον.
1092 4431 1169 4485 Τὸ
1220 4431 1322 4502 μὲν
1358 4430 1468 4502 γὰρ
1514 4429 1759 4498 ἀνίπτοις

173 4519 318 4590 χερσί
343 4515 776 4591 προσεύχεσθαι,
801 4515 863 4569 οὐ
885 4513 1138 4569 τοσοῦτον
1165 4514 1383 4570 ἄτοπον·
1404 4513 1467 4567 τδ
1484 4514 1541 4568 δὲ
1559 4516 1761 4587 καταρ-

174 4600 511 4668 ρυπωθείσας
544 4608 572 4646 8
600 4592 774 4661 αὑτάς
810 4597 1025 4669 μυρίοις
1047 4597 1411 4671 ἁμαρτήμασι
1432 4597 1755 4668 προσάγειν,

173 4682 318 4739 τοῦτο
345 4685 557 4757 πολλὴν
578 4683 735 4756 φέρει
760 4683 860 4755 τὴν
887 4682 1079 4753 ὀργήν.

224 4767 284 4824 δ’.
299 4768 455 4843 [452]
469 4768 644 4823 Τοῦτο
657 4768 752 4822 zeal
765 4766 859 4821 ἐπὶ
880 4766 1148 4837 στόματος
1163 4766 1257 4820 zeal
1270 4763 1516 4837 γλώττης
1526 4763 1757 4835 λογιζώ-

174 4850 324 4921 μεθα,
352 4854 452 4908 zeal
491 4852 694 4906 ἄβατον
726 4848 861 4906 αὐτὸ
892 4851 958 4922 τῇ
984 4849 1221 4923 πονηρίᾳ
1250 4850 1563 4921 τηροῦντες,
1613 4847 1757 4902 οὓτω

226 5119 255 5185 ξ
292 5119 431 5171 Unus
463 5122 533 5184 μὴ
580 5122 890 5185 κεκαυμένης.
1084 5115 1339 5185 ἐπετίθετο,
1362 5112 1624 5185 ’ἀλλά-τῶν
1672 5109 1760 5185 ἀνῇ

584 5174 755 5247 μένωνέ
790 5174 873 5247 δίο
892 5181 995 5241 alii,
1020 5178 1124 5247 ubi_,
1148 5178 1190 5247 si
1233 5174 1476 5247 ρςοβιλλόε
1503 5174 1771 5247 legerem!“

168 5178 346 5290 mm
380 5178 752 5244 διακαιομένωνζ
790 5178 873 5233 Sic
892 5181 995 5241 alii,
1020 5178 1124 5237 ubi,
1148 5178 1190 5227 si
1233 5189 1322 5249 pgo
1354 5178 1476 5225 ἀλλά
1503 5178 1758 5247 legeretur

177 5300 191 5303 _
286 5245 339 5303 ἦ.
372 5246 521 5294 locus
541 5246 722 5295 melius
741 5243 971 5303 haberet,
996 5246 1051 5292 et
1092 5240 1313 5290 fortasszs
1332 5237 1439 5290 hac
1460 5236 1613 5286 leclzo
1630 5247 1758 5297 pra-

170 5300 363 5356 ferenda
390 5312 551 5357 esset.

227 5364 255 5405 δ
278 5355 662 5419 nimiam»,
708 5369 833 5424 εχειν
873 5366 1088 5424 κεκηλιδ.
1131 5362 1216 5413 Sic
1251 5360 1448 5424 qmdam
1482 5371 1597 5409 mss.
1627 5355 1759 5406 Infra

1049 5426 1567 5549 mﬁcquoan,
1583 5482 1729 5533 iidem

215 5505 255 5521 ,ν
267 5505 491 5548 trux“
504 5505 1037 5566 πολιηιραγμονιστερον
1057 5505 1273 5559 mae
1302 5505 1567 5556 Ρρυληυειη,
1584 5505 1729 5533 uuuuu
1748 5515 1762 5539 ν

170 5547 218 5600 Id
228 5553 1198 5651 (ῃιὲὲςὶξπιῖῃξηὲῃᾚεαὲροωωηυω
1220 5546 1391 5600 cluent.
1508 5640 1509 5643 Ἴ

233 5615 254 5651 τι
278 5615 433 5664 εθνιι.
455 5616 543 5663 καὶ
574 5615 793 5679 ἀπαγάγῃ
812 5619 913 5673 τῆς.

233 5686 256 5740 ς
287 5675 676 5740 ᾼΙὶίᾼάναφὲρειν.
724 5737 736 5740 Α
801 5736 825 5740 Δ

235 5734 253 5776 ί
279 5737 433 5787 Savil.
453 5734 665 5794 ἀνίπτοις
684 5736 865 5793 αὐταῖς.

230 5799 255 5838 ⁸
278 5798 427 5850 Savil.
460 5799 941 5866 καταῤῥυπανθείσαςο

3368 365 3475 423 ιὲἓ

1880 467 1981 539 τὴν
2002 473 2313 544 προσευχὴν
2326 473 2709 546 προσάγωμεν.
2724 477 2786 551 Εἰ
2800 475 2910 549 γάρ
2924 479 3160 551 χρυσοῦν
3178 496 3263 544 τις
3279 482 3474 547 σκεῦος

1880 552 2041 623 ἔχων,
2068 557 2168 610 ούκ
2196 557 2263 610 ἂν
2297 557 2474 611 ἕλοιτο
2499 559 2579 622 είς
2616 558 2812 631 ἄτιμον
2843 561 2993 633 αὐτῷ
3016 563 3327 634 χρήσασθαι
3353 565 3471 619 δια-

1879 638 2066 692 κονίαν
2089 639 2177 693 διὰ
2204 639 2265 693 τὸ
2291 639 2586 713 πολύτιμον
2634 644 2735 714 τῆς
2767 644 2921 716 ὕλης⁹
2950 645 3132 716 πολλῷ
3175 646 3375 717 μᾶλλον
3420 653 3471 701 οἱ

1880 720 2084 794 χρυσοῦ
2120 723 2214 777 zeal
2255 724 2596 799 μαργαρίτου
2634 726 2935 799 τιμιώτερα
2962 728 3205 800 στόματα
3231 729 3468 801 ἔχοντες,

1878 806 1979 887 οὐκ
2008 805 2075 863 ἄν
2103 808 2296 882 εἴημεν
2326 810 2524 865 δίκαιοι
2560 814 2680 876 ταῖς
2703 814 3081 885 ἀναισχύντοις
3102 814 3243 870 αύτά
3260 821 3470 889 καταρ-

1881 892 2163 963 ῥυπαίνειν
2209 895 2803 968 αἰοχρορῤημοσύναις,
2862 898 2958 952 καὶ
3003 897 3317 970 λοιδορίαις,
3370 900 3469 955 καὶ

1878 975 2122 1049 ὕϐρεσιν.
2150 979 2264 1033 οὐκ
2283 980 2342 1033 ἐν
2375 979 2563 1052 χαλκῷ
2590 982 2888 1053 προσάγεις
2913 981 3082 1053 βωμῷ
3111 983 3173 1038 τὺ
3198 983 3468 1057 θυμιατήε

1879 1087 2016 1142 ριον,
2038 1070 2158 1126 οὐδὲ
2189 1071 2247 1125 ἐν
2275 1073 2480 1145 χρυσῷ.
2499 1073 2616 1128 ἀλλ’
2658 1075 2715 1127 ὲν
2733 1072 2812 1145 τῷ
2837 1073 3029 1129 τούτου
3050 1075 3384 1146 τιμιωτέρῳ,
3409 1076 3469 1128 ἐν

1876 1153 1990 1226 ναῷ
2018 1156 2394 1227 πνευματικιῖκ
2451 1157 2676 1229 Ἐκείνῳ
2699 1156 2797 1229 μὲν
2827 1157 2856 1199 ll
2881 1156 2991 1228 7&9
3038 1157 3245 1229 ἄψυχος
3270 1160 3303 1232 ἡ
3339 1159 3463 1231 ῦλη·

1876 1238 1936 1291 ἐν
1960 1238 2042 1292 col
2062 1238 2119 1293 δὲ
2143 1240 2172 1294 ό
2196 1239 2329 1305 Θεδς
2346 1242 2565 1303 ἐνοικεῖ,
2596 1242 2694 1296 zeal
2717 1241 2878 1312 μέλος
2904 1236 2957 1294 εἴ
2977 1240 3073 1296 τοῦ
3101 1242 3341 1314 Χριστοῦ
3369 1246 3465 1299 καὶ

1877 1321 2057 1394 σῶμα.
2117 1322 2259 1389 Θοῦ,
2310 1325 2511 1394 Κύριε,
2569 1325 2860 1395 φυλακὴν
2905 1322 2986 1391 τῷ
3034 1325 3289 1394 στόματί
3320 1345 3464 1396 μου.

1876 1405 2277 1478 Παρακαλέσας
2304 1408 2395 1463 τὸν
2444 1408 2722 1480 Δεσπότην
2781 1408 3116 1479 ἀκουσθῆναι
3154 1409 3320 1464 αὐτοῦ
3364 1411 3466 1479 τὴν

1873 1489 2040 1563 εὐχὴν
2074 1490 2170 1545 καὶ
2201 1492 2215 1533 ί
2246 1491 2644 1564 εὑπρόσδεκτον
2674 1491 2951 1563 γενέσθαι,
2979 1493 3082 1565 ὅρα
3112 1493 3271 1547 ποίαν
3294 1511 3467 1567 προσ-

1874 1571 2000 1642 άγει
2029 1573 2251 1647 πρώτην
2283 1576 2523 1647 αἴτησιν,
2554 1576 2716 1631 ποίαν
2746 1575 3048 1648 ἰκετηρίαν.
3081 1576 3158 1631 Ού
3182 1577 3293 1649 γὰρ
3318 1573 3462 1643 εἷπε,

1873 1657 1974 1721 Δός
2003 1675 2095 1728 μοι
2115 1660 2397 1731 χρήματα,
2419 1659 2507 1717 δός
2537 1678 2627 1732 μοι
2651 1659 2818 1732 τιμάς
2842 1659 2994 1733 παρὰ
3013 1660 3343 1733 ἀνθρώποις,
3375 1663 3465 1727 δός

1875 1758 1968 1811 μοι
2001 1746 2274 1814 κρατῆσαι
2317 1743 2427 1798 τῶν
2477 1744 2709 1817 ἐχθρῶν,
2776 1743 2867 1807 δός
2902 1762 2993 1816 μοι
3049 1744 3256 1800 παιδίαο
3309 1746 3463 1801 οὐδὲν

1871 1823 2101 1893 τούτων,
2148 1826 2285 1880 ἀλλὰ
2332 1828 2513 1882 πάντα
2550 1828 2711 1896 ἀφεὶς
2752 1827 2845 1881 ἐπὶ
2881 1828 2982 1900 τῆς
3015 1828 3119 1899 γῆς
3179 1828 3459 1901 ἐρρῖφθαι,

1871 1910 2017 1963 αἰτεῖ
2045 1911 2198 1981 παρά
2220 1910 2316 1965 τοῦ
2342 1911 2479 1967 Θεοῦ
2511 1912 2685 1968 ταῦτα
2729 1910 2767 1966 ἃ
2801 1912 2953 1985 παρά
2990 1912 3086 1967 τοῦ
3117 1912 3253 1967 Θεοῦ
3290 1915 3462 1969 αἰτεῖν

1870 1993 2100 2049 δίκαιον.
2150 1996 2215 2049 Τί
2248 1991 2387 2062 οὖν;
2439 1998 2502 2052 οὐ
2552 1996 2651 2060 δεῖ,
2720 1998 2905 2067 φησὶν,
2961 1995 3197 2069 αἰσθητά
3246 1999 3459 2066 αἰτεῖν;

1870 2080 1962 2133 Δεῖ
1981 2078 2101 2151 μέν,
2131 2079 2269 2151 μετὰ
2302 2079 2502 2154 μέτρου
2537 2081 2594 2135 δέ
2626 2078 2672 2146 i,
2695 2080 2770 2146 ὡς
2790 2084 2819 2135 ὁ
2855 2079 3051 2135 Ἰακὼϐ
3075 2081 3268 2151 λέγων·
3319 2083 3463 2138 Ἐὰν

1868 2162 1954 2229 δῷ
1961 2181 2064 2233 μοι
2085 2165 2298 2231 Κύριος
2316 2164 2498 2233 ἄρτον
2521 2164 2755 2235 φαγεῖν,
2781 2163 2878 2218 καί
2903 2163 3135 2234 ἱμάτιον
3154 2164 3461 2233 περιϐαλέ-

1869 2249 2031 2302 σθαν
2060 2249 2137 2312 ώς
2168 2249 2198 2301 ό
2238 2248 2476 2320 Χριστὸς
2533 2248 2822 2303 ἐκέλευσεν
2871 2247 3125 2319 εῦχεσθαι
3176 2248 3455 2318 λέγονταςο

1875 2331 1988 2387 Τόν
2011 2333 2195 2401 ἄρτον
2211 2332 2381 2403 ἡμῶν
2406 2334 2515 2387 τὸν
2532 2332 2847 2387 ἐπιούσιον
2869 2332 2975 2399 δὸς
2992 2332 3139 2402 ἡμῖν
3166 2333 3456 2405 σήμερον·

1867 2414 1978 2487 πρὸ
2010 2415 2066 2470 δὲ
2094 2417 2313 2473 πάντων
2362 2416 2431 2471 τὰ
2460 2416 2825 2487 πνευματικά.
2868 2418 2934 2471 Ὃ
2967 2418 3062 2471 zeal
3098 2418 3264 2483 αὐτὸς
3315 2422 3462 2474 ποιεῖ

1867 2507 2075 2577 λέγων’
2118 2508 2258 2572 Θοῦ,
2286 2509 2485 2578 Κύριε,
2520 2507 2808 2578 φυλακὴν
2838 2507 2919 2574 τῷ
2947 2509 3202 2578 στόματί
3224 2527 3365 2579 μου.

1939 2587 2094 2657 Εἶδες
2119 2592 2374 2659 σύνεσιν;
2410 2588 2550 2657 εἷδες
2589 2592 2906 2663 φιλοσοφίαν
2939 2592 3006 2657 ιις
3045 2594 3210 2648 πόθεν
3232 2594 3459 2667 ἄρχεται

1866 2677 1965 2749 τῆς
1988 2678 2287 2746 αἰτήσεως;
2324 2677 2459 2731 ’Δπὺ
2503 2675 2597 2730 τοῦ
2655 2676 2914 2748 μεγίστου
2957 2675 3066 2729 τῶν
3101 2677 3460 2750 κατορθωμά-

1865 2780 1998 2827 των,
2034 2763 2130 2817 zeal
2165 2762 2194 2816 δ
2220 2761 2439 2816 πάντων
2481 2760 2655 2815 αἴτιόν
2680 2763 2796 2815 ἐστι
2840 2760 2950 2813 τῶν
2978 2759 3189 2824 κακῶν,
3221 2761 3458 2831 ἀμελού-

1869 2864 2030 2919 μενον
2050 2863 2065 2878 ο
2110 2845 2302 2918 ὥσπερ
2330 2845 2440 2899 τῶν
2473 2843 2717 2914 ἀγαθῶν,
2754 2842 3209 2914 σπουδαζόμενον.
3236 2843 3317 2898 Τὰ
3348 2844 3459 2917 γὰρ

1870 2930 2042 3003 μυρία
2068 2929 2215 2984 κακά
2234 2932 2335 3001 τῆς
2356 2927 2605 2997 γλώττης
2624 2930 2658 2999 ἡ
2687 2926 2907 2981 εὐκολία
2931 2925 3245 2997 ἐργάζεται,
3268 2926 3459 2999 ὥσπερ

1866 3007 1961 3068 οὖν
1999 3014 2068 3068 τά
2099 3013 2280 3082 ἀγαθὰ
2321 3014 2355 3084 ἡ
2392 3012 2683 3081 ἀσφάλεια.
2707 3010 2919 3080 Ὠσπερ
2966 3004 3058 3063 οῦν
3090 3008 3242 3063 οὐδὲν
3266 3009 3460 3080 δφελος

1865 3097 2064 3163 οἰκίας,
2101 3099 2163 3152 οὐ
2203 3096 2431 3161 πόλεως,
2466 3096 2527 3149 οὐ
2560 3094 2779 3165 τειχῶν,
2811 3093 2873 3146 οὐ
2914 3092 3120 3155 πυλῶν,
3155 3094 3216 3147 ού
3252 3092 3455 3165 θυρῶν,

1865 3181 1936 3236 ἂν
1965 3180 2039 3253 μὴ
2068 3173 2201 3235 ὦσιν
2228 3181 2277 3233 οἰ
2313 3180 2695 3249 φυλάττοντες,
2742 3176 2835 3230 zeal
2864 3175 3065 3239 εἰδότες
3094 3174 3225 3230 πότε
3252 3176 3349 3247 μὲν
3377 3177 3459 3230 δεῖ

1865 3265 2087 3330 κλείειν,
2105 3265 2237 3319 πότε
2262 3264 2319 3318 δέ
2345 3263 2583 3333 ἀνοίγειν
2602 3279 2615 3293 ·
2640 3260 2813 3325 οὕτως
2833 3259 2954 3313 οὐδὲ
2975 3257 3222 3330 γλώττης
3243 3259 3454 3329 δφελος,

1867 3350 1992 3405 οὐδὲ
2028 3349 2320 3421 στόματος,
2375 3347 2443 3402 ἂν
2476 3345 2552 3418 μὴ
2596 3343 2858 3416 λογισμὸς
2987 3342 3087 3415 τὴν
3124 3343 3332 3397 κλεῖσιν
3362 3345 3456 3398 καὶ

1866 3434 1967 3508 τὴν
1994 3433 2197 3499 ἄνοιξιν
2233 3430 2375 3503 μετὰ
2404 3428 2692 3503 ἀκριϐείας
2730 3429 2824 3481 zeal
2866 3426 3069 3497 πολλῆς
3096 3425 3194 3498 τῆς
3227 3425 3457 3495 ἐπιστή-

1870 3535 1979 3590 μης
2017 3514 2508 3587 ἐπιτετραμμένος,
2560 3513 2657 3568 zeal
2698 3509 2856 3575 εἰδὼς
2902 3508 3025 3564 τίνα
3065 3508 3165 3581 μὲν
3201 3510 3456 3580 ἐκφέρειν

1866 3600 1968 3666 δεῖ,
1996 3599 2122 3654 τίνα
2146 3598 2203 3653 δὲ
2237 3598 2388 3652 ἔνδον
2411 3597 2686 3668 κατέχειν.
2715 3594 2792 3648 Οὐ
2820 3590 3066 3647 τοσοῦτοι
3097 3591 3228 3663 γάρ,
3264 3594 3452 3665 φησὶν,

1866 3685 2063 3740 ἔπεσον
2086 3682 2198 3738 ἀπὸ
2239 3681 2538 3754 μαχαίρας,
2580 3679 2696 3733 ὅσοι
2720 3676 2830 3731 ἀπὸ
2867 3675 3135 3746 γλώττης.
3160 3676 3269 3729 Kal
3292 3675 3455 3732 πάλιν

1865 3770 1894 3823 ὁ
1930 3767 2168 3841 Χριστός
2189 3784 2202 3797 ·
2249 3767 2332 3820 Οὐ
2370 3765 2443 3819 τὰ
2474 3760 2866 3831 εἰσερχόμενα
2893 3762 2980 3826 εἰς
3012 3758 3080 3812 τὸ
3110 3760 3303 3828 στόμα
3340 3777 3458 3814 κοι-

1865 3852 1968 3909 νοῖ
1990 3851 2097 3906 τὸν
2129 3849 2466 3918 ἄνθρωπον,
2517 3845 2680 3901 ἀλλὰ
2728 3842 2801 3898 τὰ
2844 3842 3288 3912 ἐκπορευόμενα
3333 3844 3456 3899 ἀπὸ

1866 3937 1975 3993 τοῦ
2002 3937 2325 4005 στόματος.
2354 3931 2464 3985 Καὶ
2494 3930 2653 3984 πάλιν
2670 3929 2885 4005 ἕτεροςέῄ
2904 3927 3175 3995 Ποίησον
3195 3926 3277 3993 τῷ
3309 3930 3452 3983 στό.

1859 4022 2006 4092 pati
2036 4003 2154 4075 σοι)
2183 4019 2372 4087 θύραν
2394 4014 2495 4069 καί
2528 4014 2788 4084 μοχλόν.
2816 4003 2984 4077 Οὗτος
3014 4010 3071 4065 δὲ
3104 4011 3292 4084 ἐπειδὴ
3326 4013 3455 4083 σφό-

1866 4104 1969 4175 δρα
1997 4101 2256 4157 δύσκολον
2278 4099 2339 4154 δν
2366 4096 2476 4153 οἵδε
2519 4098 2579 4151 τὸ
2613 4097 2867 4168 πρᾶγμα,
2903 4093 3000 4149 zeal
3030 4094 3197 4166 εὐχάς
3226 4095 3453 4167 προστι-

1868 4189 2017 4260 θησι,
2044 4187 2140 4241 zeal
2164 4184 2256 4240 τδν
2284 4183 2418 4238 Θεὸν
2453 4183 2535 4246 εἰς
2566 4181 2666 4251 τὴν
2698 4179 3015 4252 συμμαχίαν
3043 4178 3245 4250 ταύτην
3277 4179 3451 4235 καλεῖ.

1866 4272 2085 4330 Μᾶλλον
2107 4271 2166 4326 δὲ
2198 4269 2295 4324 zeal
2335 4268 2543 4331 ἐκεῖνος
2569 4264 2632 4319 τὸ
2663 4264 2797 4319 αὐτὸ
2824 4263 2984 4318 τοῦτο
3016 4264 3337 4328 αἰνίττεται,
3376 4265 3455 4328 ὡς

1866 4358 1996 4413 ὃταν
2021 4354 2157 4427 λέγῃ
2171 4371 2185 4385 ·
2232 4352 2329 4419 Τίς
2352 4350 2532 4405 δώσει
2562 4349 2661 4404 ἐπὶ
2692 4347 2814 4403 τῶν
2840 4345 3089 4418 χειλέων
3108 4363 3230 4415 μου
3263 4362 3457 4415 σφρα-

1867 4441 2004 4513 γῖδα
2039 4437 2415 4507 πανοῦργον-ς
2455 4437 2548 4488 Δεῖ
2579 4433 2680 4505 μὲν
2723 4432 2832 4513 γάρ
2879 4430 2975 4485 zeal
3008 4430 3077 4513 τά
3117 4429 3249 4501 παρ’
3292 4430 3455 4513 ἡμῶν

1867 4512 2145 4597 εἰσφέρειν
2180 4518 2202 4560 ι
2222 4537 2236 4552 ·
2272 4520 2353 4573 διὸ
2386 4519 2450 4589 δὴ
2478 4518 2574 4572 καί⁵
2605 4517 2665 4570 ἐν
2691 4512 2842 4578 τάξει
2868 4512 3289 4597 προστάγματος
3322 4512 3455 4567 αὐτὸ

1865 4596 2078 4663 τέθεικε
2112 4604 2306 4675 λέγων’
2338 4604 2606 4670 Ποίησον
2633 4600 2824 4667 θύραν
2855 4596 2955 4651 καί
2983 4598 3241 4666 μοχλόν.
3272 4597 3362 4649 Δεῖ
3397 4597 3454 4651 δὲ

1866 4691 1964 4746 καὶ
1983 4690 2080 4759 τὴν
2116 4688 2267 4759 παρὰ
2302 4683 2397 4739 τοῦ
2433 4683 2569 4737 Θεοῦ
2621 4680 2941 4752 συμμαχίαν
2980 4678 3187 4742 καλεῖν,
3232 4679 3320 4732 ἵνα
3359 4681 3454 4733 καὶ

1867 4771 2180 4847 ὴήμετέρα
2227 4768 2431 4839 σπουδὴ
2466 4767 2544 4831 εἰς
2584 4763 2737 4838 [455]
2780 4764 2940 4847 ἔργον
2977 4762 3221 4847 γένηται.
3247 4762 3455 4847 Φυλάτ-

1866 4845 2048 4928 τωμεν
2075 4853 2256 4908 τοίνυν
2277 4852 2337 4905 τὸ
2370 4850 2544 4921 στόμα
2571 4847 2856 4920 διηνεκῶς,
2891 4845 3040 4900 κλεῖν
3061 4845 3215 4928 αὐτῷ
3251 4846 3345 4901 τὸν
3370 4847 3449 4900 λο.

1867 4924 2065 5011 γισμδν
2094 4934 2445 4999 ἐπιτιθέντες,
2479 4932 2579 5003 οὐχ
2627 4932 2715 4985 ῖνα
2751 4928 3017 5000 διηνεκῶς
3128 4928 3452 5000 κεκλεισμέ-

1866 5042 1977 5088 νον,
2001 5022 2116 5077 ἀλλ⁹
2142 5021 2230 5074 ῖνα
2253 5019 2396 5074 κατά
2421 5016 2612 5089 καιρὸν
2647 5013 2930 5086 ἀνοίγηται
2959 5011 3050 5067 τὸν
3083 5013 3448 5084 προσήκοντα.

1870 5109 2029 5162 Ἔστι
2063 5105 2172 5178 7&9
2193 5104 2283 5159 ὅτε
2311 5104 2344 5173 ἡ
2369 5101 2497 5172 σιγὴ
2521 5100 2718 5172 μᾶλλον
2744 5097 2993 5167 ὠφέλησε
3021 5096 3234 5160 λαλιᾶς,
3262 5094 3451 5167 ὥσπερ

1866 5191 1962 5247 zeal
1990 5189 2151 5245 λαλιά
2194 5186 2393 5261 μᾶλλον
2428 5185 2608 5256 σιγῆς.
2648 5182 2747 5236 Διά
2784 5180 2849 5252 δὴ
2882 5179 3039 5233 τοῦτο
3083 5178 3179 5232 zeal
3206 5180 3233 5232 ὁ
3278 5189 3450 5246 σοφωο

1866 5301 2028 5349 τατος
2052 5284 2259 5346 ἐκεῖνος
2281 5278 2432 5349 ἔλεγε
2449 5295 2463 5308 ο
2500 5275 2719 5344 Καιρὸς
2745 5270 2851 5326 τοῦ
2897 5267 3170 5341 σιγῆσαι,
3201 5267 3299 5324 καί
3325 5285 3453 5324 xeu-

1930 5534 1961 5576 h
1980 5535 2118 5585 Alius
2139 5531 2293 5588 ἐκείνη
2319 5529 2419 5592 μέν.
2444 5526 2552 5592 Μοξ
2579 5526 2661 5576 alii
2686 5524 2768 5573 zeal
2787 5523 2931 5587 σῶμα
2952 5526 3124 5585 τίμιον.
3146 5518 3269 5574 Θοῦ.

1909 5594 1952 5638 Ἰ
1987 5597 2128 5648 Alius
2148 5595 2234 5651 τὴν
2256 5587 2438 5649 δέησιν,
2463 5587 2559 5638 καί.

1936 5663 1953 5711 1
1996 5655 2146 5708 Savil.
2170 5650 2239 5704 δεῖ
2267 5653 2368 5715 μὲν,
2393 5651 2549 5714 μέτρῳ
2572 5650 2641 5699 δέ.

1933 5725 1960 5761 ι
1981 5719 2133 5779 Sam.
2156 5715 2342 5779 σοφίαν.

1941 5780 1966 5824 ι
1988 5780 2071 5832 Sic
2088 5769 2241 5830 Savill
2265 5773 2440 5827 Morel.
2458 5776 2629 5826 autem
2655 5769 2883 5836 ἐκφέρειν,
2906 5769 3068 5820 minus
3083 5773 3237 5820 recte.
