3928 6408
181 389 291 446 433$

180 503 384 557 [πεοιόὶ
408 542 426 568 ,
454 510 500 555 et
554 510 746 571 tetnptts
790 498 1027 564 loquendi
1073 497 1091 568 (
1123 496 1281 552 Et'cli.
1310 499 1364 553 '5.
1392 498 1423 553 7
1456 497 1497 562 ).
1523 496 1578 549 Si
1628 496 1770 551 enim

182 600 462 662 Oporteret
508 606 604 646 ora
659 597 914 661 perpetuo
960 598 1143 660 patere
1168 629 1185 654 ,
1238 604 1344 643 non
1399 587 1551 643 facta:
1595 595 1776 642 essent

186 697 356 756 portu:
387 701 401 736 :
431 683 476 738 si
531 692 708 739 autem
755 688 1011 752 perpetuo
1064 679 1243 735 clausa
1287 694 1426 744 esse,
1478 694 1584 733 non
1625 686 1771 732 esset

182 789 326 845 opus
353 773 616 829 custodia.
641 772 790 841 Quid
808 773 952 827 enint
969 772 1210 826 clausum
1234 778 1338 833 est,
1369 784 1465 824 cur
1504 768 1627 838 quis
1669 783 1768 823 cu-

186 863 476 920 swdierit?
521 862 627 919 Sed
675 872 955 934 propterea
985 874 1111 918 sunt
1156 870 1324 932 porta:
1350 870 1405 915 et
1432 860 1694 925 custodia,
1721 868 1778 914 ut

183 954 449 1018 faciamus
486 955 691 1026 singula
721 965 962 1024 tempore
1008 952 1363 1007 convenienti.
1412 950 1564 1005 Alius
1592 962 1775 1005 autem

187 1047 341 1113 dicit,
370 1045 565 1117 Jugunt
590 1055 638 1100 et
660 1055 898 1100 stateram
924 1050 1006 1117 fac
1038 1045 1224 1116 lingua:
1243 1053 1342 1098 tuae
1361 1042 1380 1115 (
1399 1042 1531 1096 Ibid.
1549 1042 1639 1096 28.
1657 1042 1774 1113 29),

191 1138 456 1208 majorem
474 1137 692 1207 exigens
712 1137 1059 1206 diligentiam,
1076 1144 1135 1189 ut
1155 1151 1261 1189 non
1279 1134 1450 1188 solum
1476 1134 1633 1188 verba
1659 1148 1777 1203 qua:

189 1237 406 1297 oportet
439 1227 742 1293 aderamus,
772 1227 864 1282 sed
885 1228 1044 1283 etiam
1070 1242 1190 1281 cum
1212 1241 1275 1281 ea
1306 1242 1408 1296 qua
1436 1239 1532 1295 par
1554 1232 1634 1278 est
1653 1238 1780 1278 cau-

192 1323 337 1374 tium:
369 1329 424 1374 et
464 1329 711 1374 accurata
740 1318 1169 1373 consideratione
1213 1318 1325 1387 ipsa
1359 1315 1523 1371 veluti
1571 1315 1776 1386 ponde-

192 1423 377 1469 rantes
402 1411 680 1480 diligenter
704 1411 1088 1479 expendamus.
1122 1408 1177 1463 Si
1220 1408 1362 1462 enim
1411 1407 1513 1461 hoc
1559 1406 1779 1459 iacimus

193 1505 247 1559 in
281 1518 413 1557 auro
440 1513 493 1556 et
521 1502 740 1557 materia
768 1516 886 1571 qua:
924 1501 1125 1566 interit,
1153 1501 1254 1554 hoc
1298 1499 1464 1553 multo
1493 1497 1663 1567 magis
1706 1495 1781 1550 l‘a-

192 1596 443 1651 ciendum
472 1603 554 1649 est
585 1595 636 1648 in
665 1593 863 1658 verbis,
896 1601 953 1647 ut
974 1636 985 1648 .
1003 1593 1134 1647 nihil
1155 1592 1316 1656 desit,
1345 1605 1443 1645 nec
1488 1590 1772 1645 redundet.

194 1688 457 1756 Quocirca
485 1685 615 1739 dicit
651 1686 811 1739 etiam
841 1684 1104 1754 quispiam
1137 1700 1150 1736 :
1188 1681 1402 1736 Verbum
1425 1698 1489 1735 ne
1517 1681 1782 1750 prohibue-

192 1781 268 1835 ris
310 1779 363 1831 in
404 1787 623 1846 tempore
667 1775 842 1830 salutis
871 1778 890 1847 (
915 1773 1052 1828 Ibid.
1074 1776 1129 1828 4.
1155 1774 1287 1841 28).
1342 1756 1528 1827 Vidisti
1574 1781 1782 1842 tempus

196 1867 401 1925 exitus?
442 1867 593 1920 Alius
631 1873 805 1919 autem
838 1865 1023 1919 dicens
1068 1874 1277 1933 tempus
1332 1862 1549 1926 silentii,
1580 1861 1779 1932 inquit:

196 1954 263 2010 Si
288 1968 361 2011 est
391 1958 478 2010 tibi
505 1973 687 2018 sermo,
715 1956 960 2027 responde
990 1971 1009 2009 :
1031 1955 1109 2013 sin
1137 1955 1322 2022 minus,
1349 1963 1454 2009 esto
1498 1970 1677 2007 manus
1697 1962 1784 2007 tua

190 2064 353 2116 super
382 2064 439 2100 os
468 2057 606 2101 tuum
636 2045 657 2119 (
681 2045 814 2100 Ibid.
848 2047 899 2100 5.
932 2046 1058 2117 14).
1101 2046 1167 2100 Et
1195 2061 1398 2109 rursus,
1425 2044 1524 2110 Qui
1561 2043 1785 2109 abundat

196 2143 249 2194 in
279 2156 507 2193 sermone
526 2180 543 2207 ,
584 2141 699 2193 odio
729 2139 988 2193 habebitur
1026 2137 1045 2211 (
1069 2137 1207 2192 Ibid.
1234 2138 1325 2193 20.
1354 2138 1449 2209 8).
1481 2138 1563 2203 Et,
1600 2136 1785 2191 Melior

195 2243 270 2287 est
294 2232 443 2286 homo
462 2232 547 2302 qui
562 2231 689 2285 celat
707 2231 973 2285 stultitiam
989 2246 1152 2295 suam,
1173 2245 1325 2300 quant
1345 2230 1492 2283 homo
1508 2229 1595 2298 qui
1612 2229 1785 2283 occul-

198 2333 272 2378 tat
288 2324 584 2395 sapientiam
603 2339 746 2377 suam
785 2322 963 2394 (Ibid.
995 2337 1042 2374 tt.
1076 2319 1201 2393 33).
1222 2321 1465 2375 Audivisti
1482 2320 1786 2375 sermonem?

199 2415 456 2470 Moriatur
472 2415 525 2468 in
544 2425 610 2468 te.
641 2413 868 2481 Con/ide,
896 2427 994 2466 non
1021 2419 1068 2467 te
1098 2421 1296 2480 rumpet
1325 2410 1509 2483 (Ibid.
1537 2410 1623 2466 19.
1652 2408 1782 2481 10).

200 2507 273 2562 Ει
304 2520 509 2573 rursus,
561 2507 605 2559 A
640 2506 769 2577 facie
801 2504 933 2558 verbi
959 2504 1204 2575 parturiet
1228 2503 1445 2567 stultus,
1493 2510 1549 2554 ut
1588 2518 1620 2554 a
1658 2502 1788 2572 facie

198 2598 417 2666 infantis
440 2592 859 2666 puerperanid.
877 2610 926 2648 tt.
960 2593 1073 2664 11).
1094 2591 1295 2647 Deinde
1322 2591 1482 2646 etiam
1513 2589 1580 2645 de
1605 2589 1784 2645 modo:

198 2687 451 2755 Loquere,
473 2684 858 2750 adolescentule,
879 2684 921 2737 si
950 2699 1077 2754 opus
1096 2683 1159 2736 sit
1186 2682 1295 2749 tibi,
1317 2682 1400 2736 vix
1421 2681 1533 2736 bis:
1562 2682 1605 2734 si
1631 2681 1787 2734 inter-

200 2787 415 2849 rogatus
444 2777 621 2846 fueris,
652 2777 702 2830 in
729 2777 921 2830 brevem
964 2793 1213 2830 summam
1239 2776 1414 2846 paucis
1441 2776 1598 2829 multa
1619 2776 1790 2845 redige

202 2868 370 2940 (Ibid.
394 2866 482 2922 52.
510 2867 597 2923 10.
632 2867 744 2940 11).
782 2867 968 2937 Magna
993 2866 1134 2922 enim
1167 2866 1627 2922 animadversione
1654 2879 1788 2935 opus

201 2972 318 3030 est,
352 2970 409 3018 ut
448 2961 639 3031 lingua:
688 2968 950 3030 potestate
976 2968 1129 3014 caute
1171 2967 1226 3015 et
1263 2973 1451 3014 secure
1495 2958 1679 3012 utaris.
1725 2958 1790 3011 Et

200 3053 325 3109 ideo
346 3067 530 3108 rursus
550 3051 682 3106 dixit
700 3068 712 3103 :
727 3049 824 3104 Est
847 3051 1185 3122 reprehensio,
1207 3060 1253 3103 et
1274 3059 1459 3103 nonest
1480 3048 1789 3118 tempestiva:

202 3156 249 3199 et
295 3154 364 3198 est
391 3156 557 3198 tacens
584 3142 785 3214 aliquis,
813 3144 900 3211 qui
938 3143 1184 3196 invenitur
1224 3141 1426 3210 sapiens
1454 3138 1473 3210 (
1505 3139 1643 3193 Ibid.
1701 3138 1786 3194 l9.

202 3235 298 3292 28.
324 3236 412 3291 ΩΟ.
444 3234 542 3308 5,).
586 3235 699 3290 Non
743 3237 914 3290 solum
953 3234 1093 3289 enim
1122 3242 1333 3303 oportet
1363 3240 1538 3287 tacere
1562 3240 1613 3287 et
1646 3231 1787 3298 loqui

205 3328 527 3397 opportune,
574 3326 666 3381 sed
712 3328 871 3380 etiam
913 3341 1033 3381 cum
1076 3339 1265 3394 magna
1312 3323 1499 3394 gratia.
1531 3323 1787 3390 Quocirca

202 3419 419 3474 dicebat
438 3419 633 3474 Paulus
652 3460 666 3485 ,
695 3418 875 3473 Sermo
904 3427 1060 3471 uester
1085 3416 1149 3470 sit
1185 3431 1380 3486 semper
1404 3415 1456 3467 in
1483 3415 1648 3485 gratia
1683 3414 1790 3469 sale

202 3512 462 3578 conditus,
500 3520 552 3564 ut
577 3511 750 3567 sciatis
771 3508 1019 3579 quomodo
1047 3516 1275 3577 oporteat
1303 3521 1389 3561 uos
1413 3505 1466 3559 in
1493 3521 1790 3575 unoquoque

206 3603 515 3671 respondere
543 3600 760 3669 (Coloss.
788 3602 842 3655 4.
861 3599 938 3669 6).

278 3694 505 3749 Maxime
535 3703 738 3764 propter
769 3691 1072 3760 sacriﬁcium
1098 3689 1324 3759 corporis
1363 3687 1570 3743 Domini
1616 3688 1792 3758 lingua

200 3797 383 3844 sancta
430 3801 536 3840 esse
579 3782 1006 3852 debet.——Cogita
1040 3781 1141 3836 hoc
1163 3795 1283 3836 esse
1313 3781 1607 3834 membrum
1634 3820 1649 3843 ,
1693 3794 1791 3848 per

201 3879 348 3952 quod
374 3895 495 3934 cum
522 3879 631 3933 Deo
658 3876 1030 3946 colloquimur,
1056 3889 1152 3944 per
1177 3871 1318 3943 quod
1340 3872 1523 3926 laudes
1546 3870 1788 3926 celebra.

206 3987 348 4028 mus.
377 3970 490 4026 Hoc
517 3978 601 4024 est
627 3968 927 4024 membrum
947 4008 963 4035 ,
989 3980 1087 4036 per
1112 3963 1255 4034 quod
1282 3960 1603 4018 horrendum
1632 3961 1790 4016 sacri-

206 4061 388 4117 ﬁcium
409 4060 745 4129 suscipimus.
766 4056 951 4113 Sciunt
972 4055 1154 4110 lideles
1180 4052 1321 4125 quod
1342 4053 1553 4108 dicitur.
1578 4052 1644 4108 Et
1669 4051 1789 4107 ideo

205 4161 421 4223 oportet
448 4152 498 4207 id
527 4167 647 4207 esse
675 4151 903 4206 liberum
932 4148 1000 4204 ab
1025 4146 1170 4202 omni
1210 4146 1571 4213 accusatione,
1617 4144 1789 4200 male-

204 4244 373 4310 dicto,
400 4242 563 4298 verbo
587 4242 844 4298 obscaeno
862 4280 879 4308 ,
910 4248 965 4294 et
1004 4237 1293 4294 calumnia.
1318 4237 1387 4291 Et
1411 4236 1456 4291 si
1484 4252 1584 4291 nos
1611 4236 1789 4307 aliqua

206 4335 403 4391 lasciva
429 4344 484 4391 et
508 4332 772 4404 impudica
801 4331 1052 4402 cogitatio
1071 4335 1275 4400 urgeat,
1308 4342 1372 4384 ea
1392 4328 1533 4383 intus
1566 4335 1652 4383 est
1672 4326 1788 4382 suf-

207 4426 455 4493 l‘ocanda,
494 4440 596 4481 nec
622 4421 1037 4495 permittendum
1067 4430 1123 4475 ut
1155 4420 1208 4474 in
1235 4420 1398 4475 verba
1423 4426 1580 4474 exeat
1606 4436 1619 4472 :
1648 4424 1704 4474 et
1742 4418 1789 4474 si

203 4527 521 4587 exasperato
532 4516 709 4570 animo
722 4513 909 4569 feraris
923 4512 988 4568 ad
1005 4509 1383 4580 erumpendum
1402 4511 1451 4564 in
1468 4509 1787 4577 simultates,

205 4611 298 4663 illa
328 4622 538 4679 quoque
569 4606 717 4660 radix
760 4611 844 4658 est
889 4601 1224 4668 exsiccanda,
1254 4600 1447 4654 ostium
1489 4608 1573 4655 est
1610 4607 1789 4654 custoc

204 4699 464 4755 diendum
495 4706 551 4752 ct
588 4703 835 4751 accurate
858 4691 1249 4750 observandum
1287 4690 1361 4761 (a)
1394 4706 1408 4742 :
1445 4703 1544 4744 nec
1572 4689 1790 4758 permit-

271 4809 347 4871 (a)
385 4814 431 4856 tu
454 4814 615 4856 Graeco
637 4820 651 4856 :
679 4814 754 4858 κᾶν
778 4816 990 4869 μαραμιεα
1009 4830 1064 4863 τις
1086 4810 1346 4854 sussemet.
1368 4827 1411 4853 σι
1431 4811 1701 4865 multa,
1728 4811 1791 4852 και

203 4886 344 4931 uim»
362 4880 604 4933 δαημινιιν
624 4881 690 4929 τὴν
710 4879 840 4933 θίξιν.
869 4879 930 4916 και
949 4877 1093 4933 ἀφελῆ
1129 4878 1197 4925 τὴν
1228 4876 1335 4926 θύραν
1492 4874 1704 4933 κάμωσι]
1722 4876 1789 4924 τήν

407 4922 491 4981 η’ἱᾶ
511 4922 861 4996 ιρηεθξςξὶιίενὶι
883 4922 1461 4996 _Geniianus'.ltervetus,
1485 4922 1569 4996 qui
1585 4922 1655 4973 sic
1669 4922 1791 4993 con-

204 4983 361 5055 iet-tit
384 5005 397 5041 :
423 4997 478 5041 Et
493 4990 538 5055 si
570 4983 771 5055 p'itsitlus
793 4994 837 5039 et
861 4986 1093 5039 demissus
1114 4987 1304 5037 animus
1323 4984 1463 5055 facit,
1474 4983 1534 5054 ut
1550 4983 1680 5055 loqui
1694 4998 1789 5055 nan

205 5053 413 5116 audeas,
436 5052 521 5103 sed
542 5045 676 5116 apud
710 5058 755 5101 te
771 5062 1058 5116 murmures,
1083 5061 1140 5098 ea
1162 5045 1346 5116 quoque
1367 5045 1522 5116 radio;
1539 5045 1616 5094 est
1627 5045 1788 5095 exsic-

204 5114 386 5165 cauda.
416 5120 532 5176 Tuta
552 5112 613 5165 sit
633 5119 789 5176 porta,
807 5117 854 5162 et
875 5112 1087 5176 perfecta
1107 5112 1339 5159 custodia.
1366 5114 1560 5176 tn‘voce
1587 5119 1786 5176 nempe,

205 5188 454 5239 paeanis,
478 5166 646 5239 lapsus'
661 5181 757 5233 est,
779 5166 903 5239 qua:
925 5166 1023 5239 fuit
1039 5177 1307 5233 perpetuus
1342 5166 1613 5239 multorum.
1639 5166 1789 5239 inter}
1816 5191 1821 5195 -

206 5228 405 5302 prelum
426 5228 670 5298 scopulus.
692 5228 769 5284 Est
807 5228 935 5283 enim
977 5228 1073 5291 hic,
1096 5228 1332 5342 μῶἃοψυιια,
1358 5243 1453 5279 non
1476 5228 1789 5300 pusillanimi-

206 5305 304 5342 tas.
328 5310 423 5342 non
438 5298 676 5342 demissus
694 5297 898 5342 animus.
918 5295 1045 5342 quod
1062 5294 1145 5342 qui
1180 5306 1279 5342 em.
1302 5292 1344 5340 si
1364 5292 1570 5340 nominis
1594 5297 1789 5342 etymon

204 5295 304 5356 ias,
328 5310 423 5347 non
438 5295 676 5347 demissus
694 5297 899 5356 animus,
918 5295 1045 5356 quod
1062 5295 1279 5356 quidem,
1302 5295 1344 5340 si
1364 5295 1789 5356 nominisetymon

203 5352 426 5421 Spectes,
452 5371 511 5407 ea
527 5370 653 5421 voce
674 5352 993 5421 signiﬁcatur;
1017 5352 1104 5404 sed
1136 5354 1225 5403 hoc
1259 5353 1370 5421 loco
1389 5357 1441 5400 et
1460 5352 1638 5421 passim
1650 5352 1789 5414 apud

206 5364 426 5421 Spectes,
452 5371 511 5407 ea
529 5370 653 5407 voce
674 5364 993 5419 stgniticatur;
1017 5364 1104 5404 seu
1136 5364 1225 5403 uoc
1259 5364 1362 5402 loco
1389 5364 1441 5400 et
1459 5364 1638 5460 passm
1660 5364 1789 5414 apud

206 5428 380 5481 Patres
413 5417 650 5481 signiﬁcat
682 5419 894 5481 animum
935 5422 1291 5481 exasperatum,
1333 5415 1465 5481 simu
1477 5419 1644 5471 tatem,
1690 5426 1790 5464 non

203 5480 410 5545 quidem
429 5474 638 5545 animum
659 5480 742 5545 qui
766 5478 896 5540 loqui
931 5489 1027 5545 non
1054 5474 1244 5545 audeat
1263 5482 1323 5545 _e_t_
1341 5474 1467 5545 apud
1489 5486 1787 5545 semurmu-

202 5534 308 5599 r'et,
326 5549 383 5591 ut
404 5544 552 5591 vertit
586 5534 871 5599 Gen'tianus;
896 5537 985 5600 sed
1006 5538 1100 5600 qui,
1110 5537 1172 5600 ad
1195 5534 1385 5600 publica
1404 5534 1617 5600 dissidia,
1646 5535 1788 5600 etsi-

205 5596 441 5652 multates
460 5602 689 5658 concitet,
714 5602 815 5655 imo,
832 5596 937 5661 ipsa
957 5596 1168 5661 dissidia,
1193 5596 1410 5661 divortia,
1435 5597 1587 5661 rixae,
1600 5596 1789 5661 publica

203 5665 336 5719 odia,
360 5676 596 5727 μιμιμαία,
642 5657 889 5727 vocantur.
931 5667 1059 5727 meo
1078 5658 1181 5727 vult
1203 5659 1399 5708 dissidia
1431 5664 1484 5706 et
1513 5657 1620 5727 odia
1642 5657 1788 5727 ghry-

468 5717 629 5788 statim
661 5725 800 5774 obrui
841 5728 895 5771 et
935 5721 1212 5788 exstingui,
1239 5733 1308 5788 ne
1327 5724 1601 5788 erumpant
1642 5717 1786 5768 foras.

203 5786 328 5836 \ide
357 5786 690 5836 unomasticon
723 5793 938 5836 nostrum
978 5784 1038 5835 ad
1072 5781 1227 5847 opera
1264 5781 1510 5834 Athanasii
1547 5781 1599 5829 in
1634 5792 1783 5843 voce,

202 5859 435 5913 Win.-

1318 380 1676 440 EXPOSITIO
1714 379 1777 435 IN
1816 381 2138 439 PSALMUM
2177 382 2334 442 CXL.

3357 398 3466 456 433

1884 498 2103 553 tendum
2131 509 2246 564 est,
2278 510 2335 555 ut
2381 502 2520 558 intus
2547 505 2684 562 mala
2709 504 2932 562 consiiia
2976 518 3290 578 pariantur.:
3322 520 3376 566 et
3416 513 3463 567 si

1884 590 2194 659 pariuntur,
2225 606 2286 645 ea
2315 603 2441 647 sunt
2465 594 2606 650 intus
2634 597 2941 653 sul'l'ocanda
2962 641 2979 666 ,
3011 607 3064 653 et
3085 609 3167 655 est
3194 601 3345 657 radis
3372 616 3464 658 eo-

1881 696 1995 736 rum
2023 683 2358 739 exsiccanda.

1979 792 2033 848 5.
2090 793 2239 850 lianc
2291 794 2473 852 habuit
2523 798 2624 855 Job
2673 802 2967 857 custodiam
2998 845 3014 869 ,
3057 812 3112 858 et
3168 802 3290 860 idco
3339 807 3463 860 nui-

1882 883 1989 938 lum
2039 886 2260 941 verbum
2319 889 2697 967 inconcinnum
2762 894 3019 962 protulit,
3067 894 3162 951 sed
3230 897 3463 950 maxima

1882 975 2093 1045 quidem
2125 992 2189 1032 ex
2232 989 2383 1049 parte
2435 982 2599 1036 tacuit
2630 1001 2643 1035 :
2672 985 2885 1054 quando
2928 995 3102 1040 autem
3147 1002 3267 1042 eum
3321 989 3465 1058 loqui

1881 1081 1999 1121 cum
2031 1083 2195 1124 uxore
2237 1071 2468 1139 Oportuit
2494 1113 2511 1140 ,
2568 1074 2816 1144 loquutus
2855 1085 2937 1130 est
2985 1077 3141 1131 Verba
3189 1079 3466 1147 sapientia:

1884 1156 2060 1226 plena.
2100 1158 2233 1213 Tum
2277 1160 2492 1217 demunt
2555 1164 2698 1218 enim
2737 1165 2909 1219 solum
2982 1166 3300 1236 loquendum
3348 1179 3465 1238 est,

1883 1249 2096 1320 quando
2123 1268 2240 1322 qua:
2265 1252 2534 1322 dicuntur,
2581 1256 2697 1325 plus
2724 1267 2945 1327 prosunt
2969 1273 3126 1328 quam
3174 1259 3465 1316 silentium.

1883 1340 2140 1408 Quocirca
2190 1343 2433 1401 Christus
2476 1361 2685 1417 quoque
2729 1348 2937 1403 dicebat
2991 1367 3004 1403 :
3061 1348 3222 1404 Omne
3268 1351 3469 1405 verbum

1884 1434 2119 1500 Otiosum,
2152 1435 2289 1505 quod
2330 1434 2519 1506 loquuti
2563 1439 2750 1509 fuerint
2780 1440 3026 1507 homines,
3058 1441 3247 1496 dabunt
3295 1459 3388 1514 pro
3414 1460 3470 1497 eo

1884 1526 2130 1578 rationem
2151 1524 2458 1592 (Matt/alit.
2483 1527 2595 1600 56).
2652 1530 2716 1583 Ει
2744 1530 2972 1597 Paulus,
3003 1528 3184 1585 Sermo
3214 1532 3471 1587 obscaenas

1886 1631 1950 1668 ea:
1996 1631 2081 1669 ore
2114 1626 2271 1669 vestro
2299 1634 2398 1671 non
2436 1620 2645 1686 prodeat
2689 1619 2902 1694 (Ephes.
2932 1622 2992 1676 4.
3035 1622 3148 1695 29).
3192 1623 3471 1691 Quomodo

1887 1714 2063 1760 autem
2095 1705 2253 1761 fuerit
2298 1718 2404 1763 tuta
2435 1708 2551 1764 lucc
2573 1709 2771 1780 janua,
2812 1720 2867 1767 et
2911 1722 3157 1767 accurata
3197 1715 3469 1782 custodia,

1886 1799 2008 1853 audi
2035 1800 2197 1855 alium
2228 1800 2491 1858 dicentem
2524 1821 2537 1858 :
2574 1803 2750 1859 Omnis
2787 1807 3012 1861 narratio
3041 1809 3230 1863 tua.sit
3268 1810 3321 1863 in
3367 1810 3472 1880 lege

1889 1888 2134 1943 Altissimi
2159 1889 2346 1961 (Eccli.
2374 1892 2428 1947 9.
2459 1894 2573 1964 25).
2612 1894 2666 1950 Si
2708 1896 2848 1950 enim
2875 1897 3124 1953 didiceris
3170 1900 3301 1956 nillil
3327 1901 3470 1969 loqui

1887 1993 2366 2049 supervacaneum,
2394 1983 2487 2038 sed
2517 1984 2813 2039 divinarum
2851 1986 3245 2057 Scriptura“an
3287 2005 3473 2043 narra-

1888 2069 2033 2125 tione
2059 2081 2287 2127 mentem
2319 2084 2372 2127 et
2400 2088 2462 2128 os
2492 2082 2637 2128 tuum
2667 2084 2923 2146 perpetuo
2949 2074 3191 2144 munias,
3219 2078 3321 2131 erit
3349 2092 3474 2131 cns-

1891 2162 2031 2216 todia
2070 2165 2258 2233 quovis
2301 2165 2583 2222 adamante
2626 2168 2807 2222 tutior.
2851 2168 2953 2223 Per
3005 2182 3068 2224 os
3095 2170 3237 2223 enim
3293 2169 3474 2223 nmine

1887 2262 2013 2309 sunt
2058 2256 2159 2310 via:
2204 2256 2469 2322 interitus,
2501 2267 2560 2312 ut
2588 2257 2799 2329 quando
2845 2259 2962 2328 quis
3003 2259 3256 2315 obsctnna
3308 2261 3469 2314 verba

1890 2343 2141 2416 loquitur,
2188 2347 2401 2417 quando
2447 2349 2626 2403 verbis
2667 2349 2977 2406 scurrilibus
3027 2351 3212 2418 utitur,
3261 2350 3471 2422 quando

1889 2451 2077 2492 vanam
2102 2454 2209 2508 pne
2234 2454 2293 2493 se
2319 2440 2413 2494 fert
2435 2441 2680 2511 gloriam,
2704 2441 2916 2512 quando
2935 2457 2995 2497 se
3017 2440 3293 2512 magniﬁce
3306 2441 3474 2510 jactat

1889 2536 1943 2582 et
1960 2527 2232 2596 gloriatur,
2256 2539 2313 2585 ut
2339 2529 2640 2588 Pharisaaus
2662 2573 2676 2597 ,
2707 2533 2797 2602 qui
2827 2534 3077 2603 quoniam
3104 2531 3185 2586 oni
3208 2548 3304 2586 suo
3332 2531 3474 2587 iores

1890 2632 1997 2673 non
2027 2619 2227 2674 abdidit
2250 2662 2266 2688 ,
2311 2623 2490 2691 paucis
2535 2623 2710 2678 verbis
2746 2638 3092 2694 quaecumque
3113 2632 3261 2679 erant
3295 2625 3472 2691 intus,

1891 2711 2053 2765 eﬂ‘usa
2079 2721 2203 2767 sunt
2230 2728 2243 2766 :
2277 2713 2475 2768 idcirco
2500 2715 2943 2786 quemadmodum
2969 2717 3159 2770 domus
3186 2717 3272 2770 cui
3318 2714 3474 2769 uallat

1891 2814 2073 2859 essent
2115 2806 2279 2872 l’orcs,
2310 2808 2429 2876 quin
2475 2808 2779 2862 thesaurum
2810 2809 2897 2879 qui
2927 2810 3127 2878 positus
3156 2819 3271 2863 erat
3310 2809 3473 2870 intus,

1891 2911 2210 2953 conservare
2240 2913 2346 2953 non
2386 2901 2589 2969 potuit,
2632 2910 2853 2969 repente
2899 2915 3103 2970 pauper
3151 2896 3324 2954 Iactus
3371 2907 3474 2953 est.

1890 2989 2179 3043 Considera
2205 2989 2331 3043 mihi
2365 3005 2575 3060 quoque
2604 2991 2765 3045 alium
2789 3032 2803 3053 ,
2833 2990 2924 3059 qui
2952 2998 3169 3061 propter
3197 2989 3475 3059 magnifica

1890 3094 1985 3134 sua
2013 3080 2173 3133 verba
2200 3080 2440 3134 similiter
2462 3082 2635 3150 periit.
2670 3081 2810 3135 Dixit
2846 3083 2987 3136 enim
3008 3120 3025 3148 ,
3052 3081 3260 3151 inquit,
3302 3080 3473 3150 Super

1891 3181 2029 3226 astra
2080 3171 2193 3226 cwli
2221 3188 2404 3242 ponant
2439 3173 2606 3227 sedem
2646 3190 2809 3228 nteant
2837 3172 2987 3246 (lsai.
3031 3174 3118 3229 M.
3150 3173 3263 3244 15).
3305 3172 3474 3229 Juda-i

1892 3272 2067 3319 autem
2094 3264 2213 3334 quia
2246 3264 2473 3334 proximi
2496 3265 2651 3319 malis
2677 3265 2943 3333 lmtantur,
2967 3280 3108 3321 nunc
3130 3265 3343 3336 quidem
3374 3280 3474 3318 au-

1893 3354 2043 3409 diunt
2074 3372 2086 3406 :
2121 3354 2250 3420 Quia
2276 3354 2479 3420 dixisti,
2509 3354 2683 3428 Euge,
2716 3361 2882 3428 factus
2908 3368 2981 3411 est
3025 3366 3080 3411 ut
3115 3357 3321 3426 reliqua:
3348 3374 3471 3427 guu-

1893 3458 1964 3502 tes
1985 3447 2150 3502 Israel
2170 3463 2188 3503 :
2219 3460 2359 3503 nunc
2384 3458 2559 3505 autem
2585 3452 2792 3519 probris
2811 3453 3163 3516 inccssuutur,
3193 3462 3471 3522 propterea

1892 3540 2033 3610 quod
2079 3551 2443 3607 murmurant,
2466 3550 2520 3595 et
2548 3542 2763 3608 dicunt,
2800 3545 2977 3597 Omnis
2998 3545 3083 3614 qui
3112 3545 3234 3616 facit
3262 3544 3470 3607 malum,

1892 3632 2075 3686 bonum
2111 3648 2283 3685 coram
2332 3632 2550 3687 Domino
2570 3674 2584 3695 ,
2611 3634 2720 3702 ipse
2746 3650 2939 3705 quoque
2973 3635 3024 3687 in
3057 3636 3125 3687 eis
3145 3635 3470 3702 complacuit.

1892 3722 1961 3777 Et
1989 3740 2078 3779 nos
2104 3724 2295 3778 alienos
2340 3725 2509 3779 beatos
2535 3724 2785 3792 ducintus,
2814 3736 2860 3778 et
2886 3726 3257 3793 rcwdt/icantur
3276 3729 3361 3793 qui
3390 3727 3474 3794 fct-

1891 3814 2030 3867 eiunt
2068 3815 2275 3869 scelera.
2337 3814 2456 3869 Non
2517 3832 2629 3869 ecce
2676 3816 2783 3871 lucc
2836 3817 3025 3885 scripta
3076 3826 3191 3871 sunt
3239 3816 3293 3870 in
3346 3815 3473 3869 libro

1893 3905 2149 3974 (Malaclt.
2197 3906 2368 3960 2.17.
2405 3917 2452 3960 et
2494 3907 2548 3960 5.
2592 3906 2718 3976 15)?
2766 3907 2868 3961 Alii
2909 3917 3125 3977 propter
3171 3922 3473 3961 murmura-

1893 3999 2127 4064 tionem,
2170 4004 2229 4052 ιιι
2278 3997 2404 4053 dicit
2446 3997 2670 4053 Paulus:
2728 3998 2906 4067 Neque
2956 4016 3321 4053 murmuremus
3347 4000 3474 4052 sicut

1892 4088 2125 4143 nonnulli
2167 4104 2341 4142 eorum
2366 4100 2745 4144 murmurarunt
2764 4132 2779 4157 ,
2810 4100 2855 4145 et
2878 4092 3129 4161 perierunt
3153 4090 3215 4144 ab
3241 4093 3474 4144 extermi-
3518 4084 3519 4087 “

1892 4189 2069 4235 natare
2098 4180 2186 4252 (1.
2230 4179 2350 4236 Cor.
2398 4182 2637 4252 10.10).
2679 4183 2746 4237 Ει
2780 4183 2993 4253 quando
3041 4185 3471 4239 murmurarunt!

1891 4269 2114 4337 Quando
2138 4269 2670 4328 dicebant:Eduxisti
2695 4286 2786 4327 nos
2819 4283 2874 4328 ut
2898 4274 3150 4329 occideres
3176 4276 3226 4328 in
3255 4275 3469 4340 deserta,

1892 4360 2035 4432 quasi
2058 4375 2160 4414 non
2183 4370 2345 4415 essent
2369 4370 2691 4416 monumenta
2708 4363 2761 4416 in
2787 4362 3016 4434 Egypto
3033 4363 3225 4436 (Exod.
3246 4364 3334 4418 14.
3361 4364 3467 4434 11).

1893 4452 1999 4508 Alii
2039 4461 2256 4524 propter
2281 4454 2971 4525 ludum,quemadmodum
3014 4455 3176 4520 dicit,
3230 4454 3466 4510 Comedu-

1892 4555 2011 4601 runt
2038 4557 2083 4600 et
2104 4547 2363 4612 biberunt,
2408 4556 2455 4601 et
2494 4556 2815 4601 surrexerunt
2854 4546 2923 4599 ad
2960 4546 3234 4601 ludendum
3280 4547 3466 4615 (Exod.

1894 4639 1983 4694 32.
2017 4637 2093 4707 0).
2143 4637 2242 4691 Alii
2276 4647 2493 4708 propter
2520 4636 2825 4692 maledicta.
2869 4635 3050 4692 Omnis
3076 4639 3207 4692 enim
3242 4638 3330 4708 qui
3354 4637 3479 4693 dicit

1894 4728 2046 4797 fratri
2074 4743 2165 4781 suo
2186 4768 2200 4792 ,
2228 4726 2395 4782 Fatue
2413 4768 2429 4793 ,
2460 4743 2576 4782 reus
2598 4728 2690 4782 erit
2708 4728 2906 4798 judicio
2928 4728 3138 4809 (Matth.
3169 4730 3223 4785 5.
3263 4727 3378 4800 2‘2).
3411 4729 3476 4783 Et

1895 4819 1981 4874 bis
2026 4819 2180 4889 longe
2229 4818 2412 4888 plures
2453 4827 2671 4889 propter
2715 4817 2817 4873 alia
2866 4819 3160 4890 perierunt,
3207 4834 3327 4876 cum
3364 4836 3471 4874 non

1892 4910 2267 4969 custodiissent
2290 4925 2383 4965 ora
2413 4924 2528 4966 sua.

1966 5009 2171 5065 Silentii
2193 5009 2521 5081 intempestivi
2543 5009 2772 5076 malum;
2794 5010 2988 5081 afﬂictis
3013 5007 3475 5063 concidendum.—

1893 5100 2042 5169 Quod
2074 5102 2119 5156 si
2142 5102 2221 5157 vis
2247 5102 2431 5158 videre
2472 5102 2757 5158 nonnullos
2781 5102 2940 5158 etiam
2979 5102 3154 5171 perire
3178 5116 3243 5155 ex
3285 5101 3476 5153 intem-

1894 5194 2102 5264 pestivo
2131 5193 2342 5250 silentio
2363 5236 2379 5261 ,
2409 5209 2509 5264 ego
2538 5195 2633 5249 tibi
2662 5192 2959 5249 ostendam.
2989 5191 3050 5246 Si
3075 5190 3214 5245 enim
3235 5229 3251 5254 ,
3280 5189 3469 5259 inquit,

1896 5284 2085 5356 populo
2111 5301 2211 5339 non
2231 5285 2540 5352 distinxeris,
2561 5285 2652 5338 ille
2675 5283 2877 5349 quidem
2920 5282 3159 5336 morietur
3185 5281 3240 5334 in
3268 5290 3471 5351 peccato

1892 5390 2006 5442 suo,
2025 5375 2320 5447 sanguinem
2339 5384 2506 5428 autem
2526 5375 2634 5445 ejus
2653 5391 2681 5428 e
2706 5389 2859 5426 manu
2878 5382 2966 5426 tua
2983 5371 3234 5443 requiram
3259 5370 3468 5441 (Ezech.
3496 5366 3502 5373 ’

1893 5466 1948 5521 3.
1968 5466 2086 5533 9.0).
2114 5466 2267 5519 Alius
2286 5505 2301 5530 ,
2332 5465 2474 5534 quod
2504 5464 2648 5518 nullo
2678 5463 2859 5518 habito
2888 5462 3197 5517 discrimine
3223 5461 3471 5533 loquatur

1893 5573 2014 5612 cum
2043 5556 2307 5625 aliquibus
2325 5597 2341 5621 ,
2363 5565 2418 5610 et
2443 5571 2561 5625 quae
2588 5555 2686 5610 sibi
2707 5554 2907 5609 credita
2927 5563 3052 5610 sunt
3078 5552 3318 5608 eﬂ'undit.
3352 5551 3469 5606 No-

1896 5648 1983 5703 lite
2002 5690 2016 5715 ,
2050 5648 2254 5717 inquit,
2278 5648 2401 5701 dare
2425 5657 2601 5700 sancta
2625 5644 2851 5712 canibus,
2877 5662 2969 5701 nec
3007 5647 3238 5717 projicite
3262 5662 3470 5717 marga-

1894 5750 2018 5795 rttas
2042 5750 2227 5794 uestras
2254 5748 2371 5793 ante
2401 5755 2582 5809 porcos
2613 5738 2825 5810 (Matth.
2872 5739 2925 5793 7.
2955 5739 3033 5808 6).
3068 5738 3215 5793 Alius
3257 5746 3472 5808 preptcr

1899 5832 2099 5901 risum,
2122 5840 2175 5888 et
2215 5831 2337 5889 ideo
2364 5832 2531 5889 dicit:
2570 5832 2658 5889 Vae
2682 5833 2819 5889 vobis
2855 5834 2941 5903 qui
2984 5831 3182 5898 ridetis,
3233 5829 3474 5901 quoniam
