3928 6462
452 374 559 434 635

453 488 639 559 flebilis
666 485 816 560 (Luc.
845 485 900 542 6.
920 484 1040 551 25).
1068 481 1256 537 Vidisti
1276 478 1546 553 quomodo
1568 494 1631 534 os
1658 478 1881 549 perdat?
1912 476 2047 532 Vide

454 580 619 636 etiam
666 588 850 636 contra
899 574 1170 649 quomodo
1196 589 1259 630 os
1282 582 1584 629 conservet.
1625 572 1813 627 Vidisti
1862 570 2051 626 Phari-

456 685 624 725 szeum
674 685 769 740 per
798 670 968 739 ipsum
1000 665 1355 738 pereuntem?
1396 665 1526 720 Vide
1567 664 1907 735 publicanum
1952 678 2050 734 per

459 761 633 828 ipsum
670 767 1068 815 conservatum.
1119 756 1310 811 Vidisﬁ
1339 755 1628 826 gloriosum
1677 769 1743 809 ac
1786 754 2049 824 magnilo-

458 867 621 922 quum
667 851 951 907 barbarum
978 864 1168 920 pinnas
1215 847 1475 903 dantem?
1507 845 1639 900 Vide
1677 844 1880 916 justum
1928 860 2049 900 mo-

461 942 647 999 derate
676 943 984 1014 loquentem
1005 951 1061 997 et
1080 940 1375 1004 dicentem,
1411 937 1520 1009 Ego
1541 953 1653 992 sum
1682 946 1818 991 terra
1855 947 1900 991 et
1923 936 2051 991 cinis

457 1035 609 1104 (Gen.
641 1035 729 1092 18.
783 1035 901 1106 27).
930 1032 1122 1088 Vidisti
1169 1046 1294 1087 eum
1323 1030 1411 1100 qui
1456 1029 1665 1084 laetatur
1701 1037 1758 1084 et
1798 1027 2048 1091 insultat,

458 1124 776 1196 reprehendi
801 1135 857 1180 et
896 1122 1104 1195 puniri?
1133 1120 1264 1175 Vide
1291 1135 1414 1175 eum
1454 1118 1547 1190 qui
1587 1118 1892 1183 miseretur,
1935 1130 2053 1171 ser-

455 1220 590 1274 vari.
619 1216 705 1273 Da
724 1217 868 1274 enim
892 1257 908 1283 ,
938 1214 1144 1286 inquit,
1164 1215 1366 1287 signum
1392 1228 1547 1283 super
1572 1211 1738 1266 vultus
1762 1226 1937 1265 eorum
1963 1209 2051 1280 qui

456 1311 631 1382 lugent
655 1318 703 1365 et
731 1325 952 1364 πται-οη
974 1308 1261 1379 αηῖσὶιιηιιιν
1298 1305 1527 1378 (Ezeclt.
1558 1303 1613 1360 9.
1664 1304 1743 1374 4).
1791 1302 2050 1372 Quocirca

458 1403 659 1459 Paulus
682 1418 896 1474 quoque
921 1401 1165 1468 dicebat,
1207 1398 1440 1454 Gaudere
1480 1415 1595 1453 cum
1623 1396 1974 1469 gaudentibus,
2005 1403 2053 1449 et

455 1497 580 1566 flere
598 1512 714 1549 cum
726 1494 959 1566 ﬂentibus
983 1493 1157 1568 (Rom.
1187 1491 1273 1548 12.
1305 1491 1418 1561 15).
1443 1488 1498 1546 Si
1525 1488 1680 1555 nihil,
1700 1488 1888 1558 inquit,
1907 1486 2051 1541 aliud

461 1596 613 1658 potes
633 1629 648 1655 ,
676 1601 782 1642 non
808 1602 995 1658 parum
1021 1585 1069 1639 ei
1099 1584 1189 1656 qui
1214 1582 1402 1638 dolore
1431 1579 1680 1645 allicitur,
1713 1578 1980 1645 conteres,
2004 1576 2052 1632 si

458 1694 562 1734 una
590 1694 712 1734 cum
740 1692 806 1734 eo
838 1677 955 1749 ejus
984 1678 1154 1732 vicem
1190 1675 1393 1731 doleas.
1416 1672 1608 1729 Vidisti
1641 1686 1764 1726 cum
1792 1670 1883 1741 qui
1909 1669 2050 1725 ride-

459 1772 553 1827 bat
572 1813 587 1838 ,
620 1770 766 1827 lletui
792 1785 915 1826 esse
945 1768 1235 1825 traditum?
1271 1767 1405 1823 Vide
1432 1781 1555 1822 eum
1585 1765 1675 1837 qui
1701 1763 1876 1834 luget,
1906 1777 2054 1818 asse-

458 1874 680 1935 quutum
709 1878 831 1920 esse
859 1863 1300 1919 consolationem.
1348 1858 1496 1916 Beati
1521 1858 1665 1916 enim
1710 1857 1799 1928 qui
1845 1856 2047 1928 lugent,

458 1956 664 2027 inquit,
693 1955 937 2027 quoniam
972 1954 1074 2026 ipsi
1111 1952 1506 2009 consolationem
1544 1950 1791 2021 accipient
1834 1947 2048 2019 (Matth.

457 2047 512 2104 5.
543 2046 621 2120 5).
650 2046 839 2103 Vidisti
865 2061 960 2102 eos
989 2047 1076 2117 qui
1119 2052 1486 2112 murmurant,
1515 2042 1764 2114 punitos?
1791 2039 1925 2096 Vide
1954 2054 2049 2096 eos

457 2140 547 2210 qui
573 2139 771 2210 gratias
795 2148 994 2212 agunt,
1039 2146 1300 2195 servatos.
1330 2135 1629 2191 Benedictus
1673 2150 1757 2202 es,
1810 2132 2049 2199 Domine,

459 2242 509 2285 et
535 2231 794 2287 laudabile
839 2249 1021 2287 nomen
1062 2240 1205 2286 tuum
1229 2272 1244 2296 ,
1298 2231 1536 2302 quoniam
1570 2230 1746 2299 justus
1773 2244 1828 2283 es
1853 2227 1908 2282 in
1935 2243 2050 2281 om-

457 2322 625 2392 nibus,
656 2339 770 2394 qua
812 2323 975 2394 fecisti
1022 2323 1165 2378 nobis
1208 2320 1369 2394 (Dan.
1398 2322 1451 2376 5.
1501 2319 1595 2374 26.
1636 2318 1753 2389 27).
1787 2317 1855 2372 Et
1892 2317 2053 2389 paulo

460 2424 612 2485 post,
645 2413 833 2471 Omnia
860 2431 1185 2487 quartumque
1207 2414 1453 2470 indumisti
1481 2412 1624 2469 nobis
1644 2453 1658 2476 ,
1687 2412 1742 2467 in
1769 2427 1884 2466 vero
1909 2411 2051 2479 iudi-

456 2506 536 2561 cio
564 2507 725 2578 fecisti
754 2505 915 2578 (Ibid.
939 2523 989 2560 υ.
1018 2506 1135 2576 28).
1166 2505 1244 2561 Illi
1274 2504 1523 2560 dicebant
1545 2546 1559 2569 ,
1591 2502 1771 2557 Omnis
1800 2503 1887 2574 qui
1929 2501 2053 2573 facit

458 2598 672 2666 malum,
713 2597 899 2653 bonum
945 2613 1117 2652 coram
1160 2595 1382 2651 Domino
1427 2594 1682 2667 (Malach.
1729 2594 1785 2648 2.
1826 2594 1915 2665 l7)
1952 2592 2050 2648 :hi

457 2697 645 2744 contra
664 2728 679 2752 ,
703 2686 930 2744 Mundus
958 2688 1135 2743 oculus
1164 2697 1308 2754 tuus,
1330 2695 1384 2741 ut
1411 2703 1511 2741 non
1532 2686 1701 2740 videat
1723 2686 1858 2741 mala
1883 2685 2049 2755 (llub.

461 2782 514 2837 1.
546 2778 658 2854 15).
701 2780 780 2836 Illi
810 2780 994 2837 beatos
1021 2781 1272 2837 dicebant
1305 2780 1543 2845 alienos,
1574 2779 1825 2850 quoniam
1860 2779 2051 2834 rea-di-

460 2874 688 2930 llcantur
731 2873 987 2931 facientes
1012 2872 1257 2930 scelera:
1285 2874 1371 2929 hic
1407 2888 1504 2929 eos
1542 2872 1738 2944 quibus
1780 2872 1922 2928 Deus
1953 2872 2052 2926 fert

458 2980 637 3035 opem.
663 2963 851 3020 Beatus
872 3005 886 3031 ,
932 2965 1132 3034 inquit,
1159 2963 1401 3036 populus,
1432 2965 1580 3035 cujus
1620 2962 1872 3018 Dominus
1913 2962 2053 3018 Deus

457 3060 567 3127 eius
597 3057 769 3131 (Psal.
803 3059 926 3114 N3.
955 3059 1068 3129 15).
1099 3057 1167 3113 Ει
1190 3074 1401 3125 rursus,
1451 3056 1578 3113 Noli
1605 3056 1836 3113 temulari
1865 3058 1917 3111 in
1944 3074 2053 3111 ma-

460 3150 772 3223 lignantibus
792 3167 811 3206 :
836 3169 992 3224 neque
1007 3152 1250 3208 zelaueris
1274 3152 1514 3224 facientes
1539 3151 1855 3222 iniquitatem
1876 3149 2048 3223 (Psal.
2084 3188 2093 3199 κ

457 3246 547 3301 36.
584 3246 661 3314 l).
695 3245 882 3300 Vidisti
910 3253 1126 3302 sanctos
1149 3244 1241 3316 qui
1265 3244 1403 3300 alios
1446 3243 1818 3309 adhortantur,
1844 3252 1899 3298 et
1950 3243 2051 3313 ipsi

462 3346 683 3392 manent
708 3337 1009 3393 immobiles
1037 3337 1091 3392 in
1122 3336 1542 3393 tentationibus?
1570 3338 1707 3392 Audi
1754 3337 1931 3408 itaque
1954 3336 2052 3392 Ja-

458 3427 563 3483 cob
603 3426 869 3483 dicentem
890 3468 906 3493 ,
931 3427 993 3483 Si
1017 3426 1210 3482 dederit
1231 3427 1356 3481 mihi
1377 3426 1624 3482 Dominus
1653 3444 1837 3497 panem
1856 3427 1925 3480 ad
1944 3444 2053 3482 oes-

457 3519 695 3587 cendum,
723 3528 771 3574 et
797 3529 982 3575 uestem
1020 3520 1091 3575 ad
1127 3520 1443 3574 induendum
1495 3518 1649 3591 (Gen.
1689 3519 1779 3575 28.
1821 3519 1937 3591 20).
1985 3521 2053 3576 Et

461 3611 749 3676 Abraham,
781 3608 902 3665 Non
927 3611 1176 3684 accipiam
1196 3628 1228 3665 a
1253 3620 1301 3667 te
1319 3628 1381 3666 ea:
1400 3611 1489 3681 filo
1512 3627 1669 3681 usque
1688 3611 1757 3665 ad
1781 3611 2053 3682 corrigiam

457 3700 785 3756 calceantenli
806 3699 958 3773 (Gen.
992 3703 1080 3757 14.
1108 3700 1224 3771 25).
1253 3702 1422 3757 Porro
1442 3701 1657 3772 quando
1676 3710 1918 3773 stuprum
1935 3710 2053 3757 erat

460 3788 612 3846 usuri
638 3790 1009 3860 inferendum,
1052 3800 1106 3847 et
1145 3792 1284 3847 fame
1314 3792 1674 3864 premebatur,
1717 3791 1847 3847 nihil
1889 3806 2053 3862 grave

458 3890 551 3937 aut
591 3883 881 3938 absurdum
917 3884 1171 3954 loquutus
1218 3894 1325 3939 est.
1374 3883 1442 3938 Et
1469 3884 1684 3955 quando
1712 3885 1847 3940 dixit
1875 3884 2050 3951 illius,

461 3970 638 4040 Pater,
661 3990 777 4028 ecce
804 3974 944 4045 ligna
964 3984 1012 4030 et
1035 3975 1222 4046 ignem,
1248 3974 1334 4029 ubi
1352 3975 1458 4029 ovis
1484 3974 1637 4047 (Gen.
1683 3974 1775 4030 22.
1810 3973 1901 4049 7)?
1930 3976 2052 4032 vide

460 4078 583 4118 cum
621 4073 816 4134 quanta
848 4064 1255 4121 mansuetudine
1281 4075 1336 4121 et
1360 4065 1621 4135 sapientia
1646 4057 1927 4137 respondet
1953 4109 1970 4135 ,
1996 4075 2055 4123 et

461 4157 627 4212 dicit:
674 4156 967 4212 Providebit
1007 4158 1232 4228 sibiipsi,
1268 4159 1469 4229 inquit,
1500 4176 1641 4214 ovem
1693 4159 1850 4227 Deus,
1898 4178 1929 4215 o
1976 4162 2054 4230 fili

462 4246 625 4317 (Ibid.
657 4265 706 4303 υ.
746 4247 847 4319 8):
889 4262 1042 4304 neca
1072 4259 1291 4316 natura,
1349 4264 1449 4306 nec
1502 4265 1534 4305 a
1588 4254 2054 4311 commiseratione

461 4353 755 4395 corivcrsus
805 4339 872 4395 ad
921 4340 1080 4396 verba
1127 4339 1256 4408 lilii,
1305 4357 1424 4412 qua:
1449 4341 1598 4398 solus
1637 4342 1738 4397 soli
1790 4341 2051 4411 iaciebat,

461 4430 676 4501 quando
703 4440 1124 4488 consentaneum
1154 4442 1269 4488 erat
1291 4449 1529 4489 amorem
1556 4434 1925 4491 vehementius
1960 4452 2055 4493 ac-

464 4524 623 4580 cendi
646 4525 684 4580 ‘.
711 4525 790 4581 Ne
817 4525 938 4597 quis
966 4527 1109 4582 enim
1148 4526 1292 4582 dicat
1316 4527 1605 4583 eumalios
1629 4529 1917 4585 reveritum
1947 4548 2053 4586 non

466 4617 704 4685 ﬂevisse,
734 4619 803 4674 ah
832 4619 935 4675 illis
962 4629 1202 4676 semotus
1245 4629 1301 4677 et
1328 4620 1476 4676 solus
1513 4620 1749 4677 ostendit
1791 4636 2055 4679 summam

464 4706 877 4779 philosophiam.

539 4797 594 4853 6.
636 4795 828 4853 Vidisti
854 4814 950 4854 eos
983 4802 1071 4871 qui
1101 4810 1320 4872 propter
1344 4803 1509 4858 risum
1534 4804 1773 4876 castigati
1811 4803 2058 4862 fuerunt?

469 4887 604 4944 Vide
625 4903 720 4946 eos
746 4890 837 4961 qui
860 4906 955 4962 per
980 4888 1137 4948 lletus
1167 4903 1221 4950 et
1240 4895 1443 4965 jejuuia
1467 4906 1768 4966 servantur,
1796 4898 2058 4956 Ninivitas

465 4988 646 5036 mente
685 4982 892 5051 agitans
929 4981 1081 5053 (Ion.
1122 4984 1200 5054 ὅ).
1234 4983 1421 5042 Vidisti
1449 5001 1543 5042 eos
1562 4988 1650 5058 qui
1694 4998 1912 5061 pr0pter
1946 5007 2059 5047 ma-

467 5072 659 5131 ledicta
685 5072 816 5129 dant
844 5075 1074 5144 pinnas?
1116 5074 1250 5131 Vide
1290 5091 1387 5131 eos
1413 5079 1503 5148 qui
1540 5089 1757 5149 propter
1798 5082 2058 5140 laudatio-

469 5182 592 5222 nem
622 5158 924 5224 mercedem
952 5168 1240 5241 accipiunt.
1262 5169 1363 5236 Qui
1385 5180 1434 5224 te
1455 5172 1719 5240 benedicit,
1739 5174 2060 5233 benedictus:

463 5268 513 5314 et
544 5260 631 5331 qui
659 5269 706 5315 te
730 5270 1038 5326 exsecratur,
1062 5262 1360 5317 maledictus
1399 5261 1590 5333 (Num.
1619 5262 1711 5319 24.
1734 5264 1810 5337 9).
1842 5266 2060 5323 Benedi-

464 5352 563 5406 cite
588 5352 656 5406 iis
693 5353 781 5422 qui
816 5368 903 5408 vos
931 5363 1299 5425 persequuntur
1335 5373 1355 5409 :
1410 5364 1550 5411 orate
1575 5372 1667 5425 pro
1715 5357 1778 5411 iis
1807 5358 1893 5426 qui
1921 5360 2058 5416 vobi.

469 5443 734 5511 insultant,
759 5453 817 5499 ut
842 5444 953 5500 sitis
989 5445 1179 5502 similes
1225 5440 1401 5502 Patris
1428 5447 1577 5502 uestri
1613 5448 1698 5518 qui
1721 5459 1796 5503 est
1841 5449 1893 5504 in
1922 5451 2067 5507 cwlts

535 5620 550 5650 ι
586 5618 785 5689 Quidam
808 5625 916 5670 uss.
940 5621 1010 5689 sic
1030 5621 1253 5673 habent:
1286 5621 1559 5689 Kideillum
1573 5626 2062 5689 eummansuetudiue

470 5685 517 5749 et
540 5684 777 5749 sapientia
799 5686 1194 5749 resposutentem;
1220 5690 1281 5749 et_
1297 5684 1421 5749 illud
1444 5698 1530 5749 per
1551 5694 1651 5738 tres
1673 5687 1778 5738 dies
1801 5701 1859 5738 ac
1879 5696 2059 5747 noctes,

470 5740 521 5790 in
549 5740 722 5808 quibus
746 5740 890 5808 __solui
926 5743 1015 5793 soli
1050 5742 1153 5808 filio
1177 5740 1472 5800 ἐ
1496 5747 1566 5800 ita
1596 5756 1648 5801 ut
1678 5750 1895 5804 maxime
1913 5740 2061 5804 etiam

384 5812 389 5817 '
469 5800 604 5852 utitor
631 5800 831 5853 t'ividior
852 5810 993 5855 esset.

1225 364 1282 422 S.
1319 363 1596 424 JOANNIS
1628 361 2102 424 CHRYSOSTOMI
2142 361 2460 419 ARCHIEP.
2500 362 3030 421 CONSTA‘NTINOP.
3591 372 3695 428 ,ὥς

2158 472 2371 545 (Matth.
2398 473 2453 530 5.
2473 474 2563 530 44.
2582 475 2874 546 45).Vides
2899 475 3042 546 quod
3073 491 3241 546 neque
3264 485 3501 547 oporteat
3520 485 3696 537 omnino
3801 470 3803 501 ³

2156 577 2278 618 esse
2316 565 2578 632 clausum,
2622 581 2795 637 neque
2838 575 3081 638 apertum
3121 566 3189 622 ad
3232 569 3431 635 omnia,
3469 570 3555 625 sed
3591 576 3697 630 scire

2157 655 2577 725 uniuscujusque
2600 657 2845 727 tempus?
2883 656 3011 714 Hec
3038 665 3214 714 autem
3244 675 3368 714 cum
3412 661 3562 716 sciret
3598 679 3695 733 pro.

2158 747 2337 815 pheta,
2385 746 2542 811 dixit,
2590 747 2758 815 Pone,
2805 748 3040 819 Domine,
3088 751 3370 805 custodiam
3412 752 3488 807 ori
3519 770 3631 820 meo,
3664 767 3700 810 et

2157 838 2343 892 ostium
2366 840 2762 896 circumstantiae
2780 842 2929 897 labiis
2950 842 3096 897 meis.
3116 841 3369 909 Quaenam
3390 855 3557 899 autem
3580 846 3700 903 fuerit

2156 934 2419 1002 custodia,
2447 937 2548 991 nisi
2577 938 2830 1008 cogitatio
2852 954 2973 1010 qum
2997 950 3150 1011 urget
3176 931 3500 1006 terribiliter,
3539 942 3698 998 habent
3770 919 3820 1022 Ι

2157 1042 2269 1097 pra:
2295 1029 2541 1085 manibus
2578 1031 2754 1102 ignem
2785 1048 2881 1089 eos
2910 1044 3174 1101 usturum,
3195 1035 3284 1106 qui
3310 1050 3407 1091 ore
3436 1046 3615 1093 temere
3638 1040 3697 1094 usi
3769 1029 3828 1106 I

2157 1118 2397 1175 fuerint?
2449 1121 2587 1177 Eum
2617 1123 2813 1181 adhibe
2833 1125 3122 1195 ianitorem
3150 1136 3208 1183 et
3248 1127 3525 1184 custodem
3568 1129 3701 1189 inten-
3770 1113 3777 1195 |

2160 1219 2361 1266 tantem
2388 1212 2564 1269 minas
2585 1216 2951 1285 conscientiae,
2980 1227 3036 1273 et
3061 1217 3199 1274 hanc
3223 1228 3433 1290 portam
3460 1237 3699 1292 numquam

2159 1302 2534 1375 intempestive
2578 1308 2801 1378 aperiet,
2829 1309 2924 1364 sed
2971 1311 3310 1382 tempestive,
3337 1320 3393 1367 et
3423 1322 3621 1383 propter
3640 1314 3701 1367 In.

2157 1409 2331 1461 crum,
2361 1403 2418 1451 et
2444 1395 2582 1452 bona
2633 1398 2932 1454 innumera.
2963 1401 3222 1467 Quocirca
3271 1401 3409 1458 dixit
3448 1404 3698 1474 quispiam:

2160 1487 2376 1559 Semper
2417 1506 2698 1546 memorare
2737 1494 3009 1548 nouissima
3047 1502 3157 1559 tua,
3187 1504 3235 1550 et
3262 1496 3318 1550 in
3363 1506 3590 1551 aeternum
3626 1514 3702 1550 non
3766 1485 3818 1559 I

2160 1579 2389 1649 peccabis
2415 1580 2609 1644 (Eccli.
2642 1583 2693 1637 7.
2721 1584 2834 1656 to).
2870 1584 3059 1641 Vidisti
3088 1586 3364 1657 quomodo
3411 1586 3495 1642 hic
3532 1603 3703 1660 quoque
3764 1569 3816 1660 ι

2160 1671 2299 1728 hanc
2348 1672 2562 1743 praefert
2583 1676 3008 1746 cogitationem?
3050 1678 3163 1750 Ego
3210 1694 3343 1735 vero
3395 1680 3552 1752 ipsam
3575 1677 3700 1735 etiam
3764 1671 3814 1754 Ι

2158 1763 2258 1819 ieci
2309 1766 2705 1835 terribiliorem,
2739 1785 2845 1824 non
2876 1770 3052 1826 solum
3103 1773 3155 1827 in
3206 1781 3404 1840 morte,
3450 1772 3536 1829 sed
3576 1775 3700 1829 etiam
3764 1763 3816 1852 Ι

2157 1863 2555 1950 postmortem,
2583 1873 2705 1950 cum
2734 1858 2842 1916 dixi
2873 1876 2995 1916 eum
3026 1860 3226 1918 habere
3267 1878 3380 1933 pra:
3409 1863 3641 1919 manibus.
3659 1862 3701 1920 Si
3766 1858 3816 1950 l

2158 1944 2263 2003 hoc
2284 1947 2353 2002 ita
2382 1948 2473 2014 sit,
2507 1949 2637 2003 nihil
2657 1930 2785 2005 mali
2818 1952 3056 2022 parietur
3084 1954 3137 2007 in
3157 1930 3363 2008 animo.

2233 2037 2398 2093 Otiosi
2435 2041 2575 2096 verbi
2595 2042 2857 2097 reddenda
2880 2045 3032 2098 ratio.
3054 2076 3128 2087 —
3154 2045 3292 2101 Cum
3324 2062 3392 2103 eo
3431 2047 3578 2102 alium
3603 2063 3703 2117 quo-
3764 2037 3814 2117 I

2158 2144 2263 2200 que
2303 2129 2352 2185 ei
2383 2147 2614 2202 appone,
2642 2134 2730 2204 qui
2755 2134 2936 2190 dicat:
2965 2136 3153 2193 Omnis
3178 2139 3333 2193 verbi
3365 2139 3514 2194 otiosi
3551 2139 3698 2195 naides
3762 2123 3812 2204 Ι

2160 2221 2419 2279 rationem
2457 2224 2507 2277 in
2532 2223 2622 2279 die
2665 2226 2848 2295 judicii
2897 2225 3109 2300 (uana.
3138 2229 3226 2283 η.
3261 2230 3376 2301 se).
3404 2231 3572 2301 Cogita
3594 2247 3700 2284 mor-
3760 2211 3808 2301 Ι

2160 2319 2268 2367 tem
2290 2328 2503 2385 quoque
2529 2330 2596 2371 ex
2628 2332 2695 2372 eo
2724 2318 3016 2389 ingressam
3055 2335 3196 2394 esse.
3238 2321 3359 2378 Nisi
3399 2324 3531 2380 enim
3555 2324 3699 2378 mulier
3758 2318 3802 2404 Ι

2160 2401 2374 2473 loquuta
2398 2415 2542 2460 esset
2566 2422 2689 2461 cum
2712 2418 2963 2479 serpente
2983 2425 3049 2465 eo
3076 2426 3184 2481 quo
3210 2412 3435 2483 loquuta
3461 2422 3538 2470 est
3558 2412 3695 2477 modo,
3758 2401 3802 2483 Ι

2160 2495 2261 2550 nisi
2287 2496 2447 2552 verba
2481 2498 2621 2553 illius
2649 2498 2954 2569 admisisset
2973 2543 2987 2568 ,
3015 2501 3276 2558 damnum
3306 2520 3414 2561 non
3439 2505 3695 2583 accepisset.

2158 2587 2276 2643 viro
2301 2602 2407 2643 non
2437 2587 2694 2658 dedisset,
2728 2591 2819 2647 ille
2868 2608 2973 2647 non
3013 2594 3367 2652 comedisset.
3410 2596 3532 2668 Hac
3565 2604 3694 2651 autem

2157 2677 2300 2744 dico,
2329 2694 2435 2735 non
2467 2680 2520 2736 in
2547 2696 2608 2737 os
2635 2691 2691 2738 et
2715 2683 2948 2754 linguam
2977 2685 3187 2756 culpam
3217 2687 3529 2746 conferens:
3566 2687 3693 2751 absit;
3754 2677 3796 2756 I

2159 2773 2254 2829 sed
2277 2774 2329 2828 in
2360 2775 2722 2845 importunum
2744 2791 2930 2834 eorum
2961 2794 3138 2844 usum,
3166 2781 3255 2851 qui
3300 2798 3366 2837 es
3410 2782 3608 2838 rationis
3627 2796 3694 2835 nec
3754 2771 3793 2851 ι

2157 2866 2409 2939 gligentia
2451 2868 2638 2925 oritur.
2680 2870 2776 2926 Est
2801 2873 2960 2929 etiam
3003 2874 3105 2929 alia
3135 2874 3219 2931 via
3249 2876 3510 2943 interitus,
3536 2892 3632 2947 qua:
3648 2889 3694 2929 ex
3752 2866 3788 2952 Ι

2158 2973 2255 3016 ore
2299 2961 2681 3032 proﬁciscitur,
2714 2964 2929 3035 quando
2976 2978 3100 3022 sunt
3152 2971 3331 3040 turpia
3378 2981 3433 3027 et
3478 2966 3695 3025 immunda
3750 2961 3794 3062 Ι)

2157 3054 2368 3122 oscula,
2401 3056 2615 3127 quando
2645 3057 2766 3114 ﬁcta
2790 3073 2854 3115 ac
2884 3059 3241 3118 fraudulenta.
3263 3064 3357 3119 Eis
3385 3078 3576 3135 quoque
3596 3075 3695 3132 pom

2159 3146 2477 3204 custodiam.
2510 3148 2638 3204 Tale
2681 3160 2796 3205 erat
2842 3151 2995 3208 Iuda:
3035 3154 3305 3222 osculum,
3332 3155 3453 3210 dolo
3492 3155 3690 3225 plenum:
3748 3135 3814 3236 lg

2157 3237 2252 3293 sed
2293 3253 2400 3294 non
2447 3241 2553 3296 tale
2604 3242 2750 3297 Pauli
2778 3244 3041 3312 osculum,
3072 3261 3178 3317 quo
3216 3247 3380 3318 jussit
3421 3223 3696 3302 sc—inviccm

2158 3330 2422 3399 osculari,
2446 3331 2664 3388 dicens:
2698 3333 2932 3391 Salutate
2955 3352 3044 3391 vos
3069 3337 3281 3392 invicem
3310 3339 3363 3393 in
3387 3338 3547 3393 osculo
3564 3343 3693 3390 sancto
3758 3330 3812 3399 [ιτῐὶ

2159 3419 2238 3490 (2.
2264 3420 2386 3476 Cor.
2431 3423 2521 3478 1⁸5.
2552 3423 2678 3495 l2):
2705 3425 3153 3496 quemadmodum
3194 3444 3299 3485 nec
3336 3429 3559 3485 osculum
3587 3423 3693 3497 quod
3759 3419 3805 3497 EI

2157 3511 2406 3581 Jouathiu
2434 3515 2635 3584 praebet
2662 3516 2848 3583 David,
2877 3518 2971 3574 sed
3006 3528 3252 3575 sanctum
3288 3532 3344 3578 et
3372 3523 3637 3583 honestum,
3656 3524 3693 3571 et
3758 3504 3829 3596 ,εἰ

2157 3604 2364 3660 sincera
2404 3606 2693 3664 dilectione
2739 3609 2954 3681 plenum
2995 3613 3075 3683 (ι.
3108 3612 3242 3685 Reg.
3286 3615 3375 3670 eo.
3418 3612 3693 3685 tt);cujus-
3760 3599 3829 3692 ῑττς

2158 3695 2304 3751 modi
2349 3697 2511 3752 etiam
2563 3698 2660 3754 luit
2689 3676 2874 3756 eorum
2906 3676 3080 3773 qui'in
3127 3676 3280 3760 Pauli
3309 3676 3500 3762 collum
3524 3676 3694 3760 'ccciile-

2158 3797 2304 3856 runt,
2348 3799 2404 3845 et
2440 3806 2563 3846 eum
2608 3794 2838 3864 amplexi
2873 3795 3275 3853 osculabantur.
3318 3799 3385 3854 Et
3426 3798 3538 3854 ideo
3571 3794 3691 3851 dicit:
3768 3788 3805 3864 ἵςῖ

2160 3877 2341 3947 Pone,
2395 3878 2641 3948 Domine,
2673 3886 2955 3940 custodiam
3004 3889 3082 3943 ori
3132 3905 3267 3957 meo,
3302 3900 3350 3945 et
3385 3892 3553 3944 ostium
3592 3886 3689 3959 (Act.

2156 3969 2248 4026 20.
2300 3971 2446 4045 37);
2489 3988 2593 4028 non
2638 3975 2880 4033 absolute
2918 3989 3098 4035 autem
3142 3978 3363 4047 Ostium,
3415 3980 3503 4036 sed
3541 3977 3690 4033 Ostium

2158 4064 2548 4121 circumstantia:
2582 4067 2807 4136 addidit,
2839 4080 2896 4126 ut
2927 4073 3233 4129 universum
3260 4075 3520 4131 contineat
3540 4082 3689 4128 etmn-

2159 4154 2292 4208 niat.
2322 4154 2439 4210 Jam
2481 4173 2611 4213 vero
2638 4170 2721 4215 est
2760 4162 2920 4216 etiam
2964 4163 3108 4219 aliud
3136 4179 3308 4236 genus
3336 4166 3478 4222 exitii
3515 4163 3690 4237 perlin-

2159 4258 2338 4314 gnam,
2362 4260 2558 4319 nempe
2586 4249 2787 4317 dicere,
2817 4252 2926 4306 Cur
2954 4252 3057 4308 hoc
3084 4229 3165 4309 ita
3201 4258 3332 4312 est?
3373 4256 3438 4313 ad
3474 4229 3583 4327 quid
3620 4253 3690 4306 hoc

2161 4334 2357 4392 laetum
2404 4340 2530 4394 est?
2578 4341 2835 4408 Quocirca
2879 4343 3073 4399 Paulus
3096 4361 3191 4402 eos
3232 4364 3474 4421 carpens,
3498 4346 3574 4417 qui
3610 4344 3689 4397 hac

2161 4426 2556 4485 inconsiderate
2610 4431 2940 4503 loquuntur:
2984 4434 3365 4503 Verumtamen,
3413 4457 3441 4494 ο
3479 4441 3621 4498 homo,
3654 4443 3689 4484 tu
3774 4426 3797 4503 [’

2159 4519 2272 4588 quis
2300 4536 2354 4574 es
2381 4521 2469 4590 qui
2490 4524 2797 4592 respondeas
2823 4524 2931 4580 Deo
2959 4527 3134 4598 (Rom.
3164 4529 3222 4586 9.
3249 4531 3383 4603 20)?
3409 4530 3512 4585 Non
3529 4533 3689 4597 Oportet

2160 4620 2338 4665 autem
2367 4626 2429 4666 os
2455 4613 2626 4668 solum
2651 4616 2944 4683 custodire,
2969 4618 3060 4673 sed
3094 4633 3326 4675 mentem
3344 4625 3493 4677 etiam
3516 4628 3686 4674 anteoS-
3768 4607 3822 4683 Ε

2161 4700 2419 4769 Quocirca
2446 4703 2657 4760 diccbat
2680 4706 2841 4761 etiam
2873 4709 3133 4778 quiSpiam
3161 4729 3174 4764 :
3212 4711 3337 4778 Quis
3373 4713 3503 4767 dabit
3526 4712 3569 4764 in
3588 4703 3687 4774 cogi-
3780 4700 3804 4784 ξ

2163 4794 2352 4849 latione
2375 4811 2488 4849 mea
2517 4797 2745 4869 ﬂagella,
2774 4809 2828 4852 ut
2876 4801 3177 4871 ignorannis
3222 4806 3345 4859 meis
3389 4821 3483 4860 non
3525 4803 3684 4872 parcant
3786 4785 3818 4872 ﬂ

2165 4882 2352 4955 (Ercli.
2384 4885 2474 4942 23.
2502 4886 2596 4957 2)?
2623 4886 2883 4954 Quocirca
2907 4890 3152 4949 Christus
3180 4910 3387 4964 quoque
3428 4896 3551 4948 intus
3587 4886 3686 4943 tollit
3786 4882 3809 4964 Ι

2165 4976 2310 5045 ipsas
2333 4978 2502 5032 malas
2529 4979 2900 5049 cogitationes.
2925 4982 3109 5040 dicens
3142 5003 3156 5041 :
3209 4986 3309 5053 Qui
3344 4986 3524 5056 aspeait
3551 4976 3683 5034 mulie-

2164 5083 2271 5121 rem
2295 5067 2365 5121 ad
2385 5071 2858 5141 concupiscendum,
2869 5075 2980 5145 jam
3009 5078 3283 5132 moechatus
3301 5089 3373 5132 est
3395 5093 3495 5131 eam
3521 5070 3681 5143 (Matth.

2165 5159 2219 5215 5.
2250 5159 2366 5231 28).
2405 5160 2564 5217 Vides
2592 5165 2863 5234 quomodo
2892 5181 2999 5221 non
3047 5169 3177 5223 sinit
3201 5185 3292 5227 eas
3344 5167 3592 5240 pullulare,
3614 5169 3680 5213 ne!

2166 5253 2375 5308 initium
2403 5270 2618 5313 sumere
2644 5258 3012 5327 cupiditatem,
3044 5278 3143 5317 nec
3182 5263 3353 5318 iram?
3390 5262 3482 5329 Qui
3502 5257 3683 5311 irasrilﬂt

2163 5347 2331 5411 enim,
2370 5348 2560 5418 inquit,
2588 5352 2739 5422 fratri
2762 5368 2877 5417 suo,
2905 5369 3023 5409 reus
3045 5357 3141 5410 erit
3169 5357 3400 5426 gebennte
3424 5353 3539 5426 ignis
3562 5342 3678 5419 (Ibid-

2164 5452 2213 5492 υ.
2231 5437 2345 5503 22).
2364 5438 2478 5494 Non
2503 5455 2687 5510 parum
2702 5458 2915 5514 quoque
2929 5446 3178 5502 conducit
3193 5448 3256 5501 ad
3272 5447 3592 5502 securitatem,
3605 5448 3678 5487 non

2165 5531 2391 5586 multum
2414 5533 2586 5602 loqui:
2613 5542 2669 5589 et
2689 5534 2808 5590 ideo
2831 5535 2978 5604 dicit,
2998 5536 3065 5592 In
3084 5538 3391 5610 multiloquio
3409 5551 3498 5590 non
3519 5524 3678 5597 effugi“

2167 5631 2424 5693 peccatum
2444 5638 2464 5676 :
2494 5640 2705 5694 parcens
2724 5636 2893 5681 autent
2918 5628 3084 5695 labiis,
3122 5631 3214 5684 erit
3249 5628 3509 5698 intelligens
3540 5618 3675 5689 (Ρνουσ

2173 5712 2261 5769 10.
2293 5713 2403 5786 19).
2435 5715 2491 5770 4.
2536 5715 2657 5771 Non
2684 5718 2905 5774 declines
2932 5738 3022 5776 cor
3060 5737 3226 5777 meum
3261 5722 3310 5777 in
3339 5718 3475 5775 verba
3497 5708 3672 5800 malunt.

2167 5807 2237 5862 ad
2262 5806 2578 5864 excusandas
2613 5813 2960 5869 excusationes
2987 5815 3037 5868 in
3071 5815 3303 5886 peccatis.
3345 5811 3493 5877 Alius,
3530 5796 3670 5858 Νιάί·

3808 388 3815 419 I

3802 470 3803 481 χ

3823 801 3828 842 ἕ

3819 853 3828 900 l

3775 1035 3778 1046 I
3825 1031 3828 1048 l

3817 1287 3827 1316 ρ.

3815 1317 3820 1374 ἓ

3815 1391 3820 1426 ξ

3815 1435 3820 1450 |

3809 1569 3816 1600 :

3809 1609 3814 1640 τ

3811 1775 3816 1788 l

3812 1889 3816 1924 ἱ

3811 1931 3815 1950 l

3811 1955 3814 1986 |

3806 2139 3812 2154 δ

3799 2373 3802 2414 ἕ

3797 2417 3802 2476 ἓ

3793 2587 3797 2602 1

3793 2665 3797 2676 .

3787 2799 3792 2814 τ

3784 2815 3790 2892 ἓ

3783 2899 3788 2920 l

3780 2935 3787 2976 Ι

3778 2987 3786 3030 l

3776 3035 3806 3084 Et.-

3771 3187 3814 3250 iii“

3780 3343 3812 3397 ξῗ

3780 3504 3787 3511 ’
3827 3504 3829 3519 l

3775 3757 3780 3792 :
3798 3788 3817 3837 'i

3781 4207 3794 4226 ε’
3804 4216 3809 4229 τ

3791 4434 3797 4441 ι

3815 4607 3822 4624 ι

3789 4733 3802 4742 1

3791 4757 3802 4764 ο

3801 4781 3818 4808 ’θ

3805 4813 3814 4820 υ

3802 4823 3808 4834 r

3803 4901 3809 4910 ο
