3928 6402
248 368 364 426 637

249 481 468 539 verteris
487 496 575 535 cor
598 494 763 533 meum
788 477 841 531 in
866 491 1117 532 sermones
1145 474 1303 528 malos
1322 473 1417 545 (7i),
1440 472 1508 525 ad
1532 469 1852 539 cogitandum

250 575 529 630 sceleratas
549 572 894 643 cogitationes.
913 567 1019 623 Cur
1047 577 1225 622 autem
1250 580 1376 619 usus
1403 573 1485 619 est
1513 563 1701 617 ordine
1725 576 1852 616 cou-

253 664 468 720 trario?
495 671 550 718 et
572 678 692 718 cum
719 662 785 716 de
806 675 899 715 ore
926 660 1073 730 prius
1095 664 1239 711 esset
1266 656 1531 724 loquutus,
1561 663 1686 706 tunc
1711 652 1854 704 venit

254 756 327 809 ad
361 755 501 810 cor?
548 751 662 807 Non
692 760 918 815 temere,
952 764 1051 804 nec
1076 748 1171 802 alis
1198 763 1255 801 re
1293 746 1393 799 huc
1420 744 1559 798 facit.
1591 741 1856 811 Quemad-

256 847 486 903 modum
517 847 660 900 enim
689 845 739 898 in
771 842 994 913 captivis
1017 841 1106 911 qui
1135 840 1317 893 volunt
1340 837 1610 905 aufugere,
1630 834 1717 904 qui
1740 833 1856 901 ejus

256 937 343 992 rei
370 952 553 992 curam
584 943 797 1006 gerunt,
833 935 1058 1003 primmn
1103 930 1205 985 hoc
1229 936 1415 999 agunt,
1447 935 1503 981 ut
1529 934 1709 995 portas
1734 939 1853 979 car-

254 1031 406 1086 ceris
439 1037 831 1099 praeoccupent,
860 1037 913 1081 et
951 1026 1017 1079 ad
1058 1025 1160 1079 huc
1197 1038 1386 1078 onmes
1427 1022 1656 1076 Studium
1703 1035 1856 1073 suum

256 1121 572 1187 conferunt,
600 1128 656 1173 et
679 1121 721 1174 si
757 1121 857 1173 hoc
879 1118 1072 1173 factum
1106 1115 1284 1178 fuerit,
1305 1114 1443 1184 quod
1473 1120 1638 1167 restat
1665 1111 1859 1181 poterit

261 1213 426 1268 facile
461 1222 607 1266 recte
643 1210 760 1281 geri
792 1226 806 1265 :
854 1210 923 1263 ita
965 1208 1127 1263 etiam
1176 1206 1259 1259 hic
1298 1218 1509 1274 quoque
1550 1202 1600 1256 id
1639 1201 1763 1256 facit
1806 1200 1857 1253 in

264 1304 374 1360 hoc
402 1305 543 1369 loco,
563 1312 617 1357 et
651 1316 744 1372 per
765 1317 829 1357 ea
858 1316 979 1371 qum
1010 1298 1218 1359 suadet,
1240 1297 1341 1351 huc
1369 1310 1531 1366 prope
1557 1294 1717 1348 dicit:
1745 1292 1862 1347 Sint

261 1396 462 1449 clausae
480 1393 683 1464 januze,
702 1403 757 1447 et
789 1392 941 1445 malae
969 1389 1318 1460 cogitationes
1343 1388 1449 1442 cito
1475 1384 1863 1455 expugnabuu-

263 1496 377 1541 tur.
405 1487 664 1553 Quocirca
697 1500 799 1540 non
840 1485 907 1538 ab
946 1484 1095 1537 initio
1121 1482 1335 1553 quidem
1366 1480 1646 1553 permittit,
1680 1488 1737 1533 ut
1764 1494 1860 1533 ex-

266 1578 536 1633 trinsecus
581 1576 948 1645 ingrediantur
980 1591 993 1627 :
1024 1581 1079 1629 et
1106 1574 1302 1627 malam
1325 1571 1579 1627 convellit
1604 1570 1860 1636 radicem,

262 1669 457 1724 dicens
487 1686 501 1721 :
529 1666 651 1721 Non
689 1666 906 1719 declines
935 1682 1021 1719 car
1048 1680 1213 1718 meum
1238 1664 1292 1716 in
1320 1663 1468 1716 verba
1493 1660 1719 1715 malitiw.
1742 1659 1860 1714 Non

262 1759 414 1829 quod
446 1759 584 1813 Deus
615 1756 845 1812 declinet
870 1773 882 1808 :
917 1755 1093 1819 absit;
1123 1754 1215 1809 sed
1245 1753 1386 1824 quod
1416 1754 1542 1807 dicit
1570 1753 1638 1806 ita
1670 1751 1863 1806 intelli-

262 1850 506 1922 gendum
550 1858 632 1903 est
656 1868 668 1902 :
700 1847 779 1903 Ne
807 1849 951 1902 sinas
978 1847 1268 1912 declinare,
1295 1860 1364 1900 ne
1403 1845 1547 1899 sinas
1575 1844 1766 1899 diverti
1810 1844 1861 1897 in

267 1944 446 1997 malas
473 1941 845 2012 cogitationes.

344 2036 445 2089 Cor
470 2044 517 2088 et
545 2034 740 2089 virtutis
782 2044 827 2088 et
873 2033 980 2086 vitii
1001 2036 1151 2103 fons;
1199 2033 1410 2086 liberum
1434 2030 1733 2095 arbitrium;
1774 2046 1866 2085 ca:-

263 2127 464 2181 cusatio
492 2128 543 2181 in
570 2127 785 2197 peccatis
803 2126 1017 2195 pessima
1033 2142 1051 2185 ;
1079 2125 1327 2195 confessio
1345 2124 1535 2193 peccati
1553 2123 1764 2176 solutio.
1796 2150 1860 2161 —

269 2220 426 2274 Illinc
455 2219 596 2273 enim
625 2226 705 2273 est
731 2217 845 2272 fons
871 2217 1077 2270 virtutis
1110 2225 1164 2270 et
1190 2216 1323 2277 vitii,
1352 2230 1381 2268 a
1425 2213 1586 2268 corde
1639 2228 1855 2283 nempe.

214 2299 228 2309 ’
264 2314 529 2379 Qurenam
552 2319 675 2365 sunt
695 2320 868 2365 autem
897 2310 1052 2363 verba
1096 2306 1489 2378 improbitatis?
1517 2305 1673 2359 Multa
1705 2315 1758 2360 et
1788 2305 1868 2359 di-

269 2402 601 2459 versa.Nam
633 2411 828 2473 etquae
873 2399 1092 2456 insidias
1120 2407 1350 2463 struunt,
1384 2415 1503 2468 quae
1543 2398 1707 2452 Deum
1760 2397 1869 2451 cri-

270 2496 549 2550 minantur
572 2536 588 2561 ,
615 2509 734 2565 quae
761 2494 1008 2547 virtutem
1038 2500 1378 2555 aversantur,
1411 2505 1529 2560 qua:
1560 2489 1740 2543 vitiant
1773 2502 1861 2542 se-

265 2596 507 2651 ctantur,
536 2602 654 2656 qua:
705 2584 773 2640 de
804 2585 980 2655 pravis
1004 2582 1339 2653 dogmatibus
1385 2590 1440 2636 et
1464 2580 1721 2635 scelerata
1764 2581 1869 2632 vita

270 2679 522 2733 lubenter
568 2676 856 2730 audiuntur
879 2716 895 2741 ,
925 2684 980 2730 et
1020 2687 1210 2730 caetera
1243 2672 1568 2742 hujusmodi,
1601 2679 1728 2725 sunt
1754 2686 1872 2725 ver-

270 2771 343 2824 ba
402 2767 787 2837 improbitatis,
836 2774 892 2821 et
931 2781 996 2821 ex
1055 2780 1243 2835 magna
1283 2763 1623 2833 improbitate
1680 2776 1871 2831 proce-

270 2862 410 2915 dunt
441 2877 453 2911 :
482 2858 926 2929 quemadmodum
972 2865 1150 2912 autem
1185 2864 1310 2910 sunt
1351 2854 1579 2925 cogitata
1627 2864 1681 2908 et
1709 2854 1870 2908 verba

271 2954 651 3024 improbitatis,
684 2954 753 3006 ita
780 2960 900 3005 sunt
933 2951 1093 3004 etiam
1122 2949 1279 3003 verba
1308 2948 1448 3001 vita}.
1482 2946 1549 3000 Et
1572 2946 1690 3000 ideo
1715 2945 1870 3001 Chri-

271 3058 364 3101 sto
401 3047 643 3101 dicebant
665 3044 934 3114 discipuli,
976 3041 1137 3098 Verba
1168 3042 1280 3095 vita:
1335 3049 1539 3093 (eterna:
1595 3038 1748 3092 habes
1775 3053 1794 3091 :
1822 3048 1870 3092 et

271 3139 346 3193 ad
372 3154 515 3209 quem
543 3138 720 3191 ibimus
743 3135 761 3203 (
787 3135 942 3188 Joan.
977 3134 1030 3188 6.
1063 3132 1168 3203 69)
1194 3133 1217 3185 ?
1248 3130 1505 3184 Dicuntur
1532 3138 1712 3182 autem
1747 3143 1870 3182 vcr—

276 3231 345 3285 ba
372 3230 511 3293 vitae,
554 3242 674 3296 qua:
692 3229 855 3280 vitam
904 3226 1140 3294 prccbent
1171 3221 1456 3275 :dicuntur
1498 3218 1657 3273 etiam
1712 3217 1873 3272 verba

275 3322 486 3383 salutis,
516 3336 635 3390 qua:
663 3318 886 3373 salutem
936 3316 1236 3386 acquirunt.
1282 3312 1537 3381 Quocirca
1584 3311 1711 3365 dicit
1753 3312 1874 3379 qni-

274 3414 403 3467 dam
425 3412 657 3480 sapiens,
695 3408 775 3462 Ne
800 3408 1065 3480 prohibeas
1092 3420 1369 3459 sermonem
1397 3404 1449 3456 in
1471 3411 1692 3471 tempore
1727 3401 1871 3455 salu-

275 3507 343 3559 tis
368 3505 385 3577 (
411 3504 570 3557 Eccti.
603 3505 655 3557 4.
687 3501 815 3572 28).
849 3500 1022 3554 Verba
1055 3496 1406 3568 improbitatis
1449 3511 1510 3550 ea
1541 3494 1700 3549 etiam
1751 3503 1876 3547 sunt

278 3614 405 3669 quae
428 3596 631 3651 faciunt
657 3595 896 3649 dicentes
924 3592 1216 3660 improbos.

354 3691 406 3742 7.
427 3685 885 3756 Quemadmodum
908 3684 1047 3738 enim
1071 3691 1154 3737 est
1169 3696 1261 3736 aer
1283 3680 1535 3749 pestilens
1553 3685 1607 3733 et
1622 3677 1709 3747 qui
1734 3691 1878 3730 mor-

279 3782 381 3836 bos
403 3788 663 3850 procreat,
700 3780 768 3831 ita
799 3777 957 3831 etiam
985 3773 1167 3827 verba.
1195 3772 1346 3839 Quod
1395 3779 1572 3825 autem
1620 3768 1744 3822 facit
1790 3768 1876 3821 ille

280 3873 518 3942 corpori,
553 3870 604 3925 id
657 3871 755 3923 ista
809 3867 1007 3920 faciunt
1045 3864 1257 3928 animae,
1295 3877 1413 3930 qua:
1469 3861 1580 3930 ipsa
1633 3858 1873 3927 suscipit.

280 3965 412 4018 Orat
440 3977 567 4032 ergo
589 3975 682 4030 per
702 3976 785 4024 ea,
817 3975 937 4028 qu.e
964 3957 1048 4010 hic
1066 3969 1277 4025 quoque
1307 3951 1596 4022 subjunxit,
1627 3950 1824 4005 etdicit
1856 3965 1871 4001 :

281 4055 364 4110 Ne
383 4054 527 4108 sinas
558 4063 609 4106 ut
639 4066 732 4105 cor
758 4065 932 4103 meum
961 4048 1122 4102 verba
1177 4043 1476 4113 huiusmodi
1526 4043 1773 4109 sucipiat,
1808 4055 1877 4094 ne

283 4147 561 4218 permittas
588 4155 645 4197 ut
665 4143 789 4196 illuc
817 4142 1117 4195 inclinetur.
1159 4138 1344 4192 Vidisti
1372 4135 1642 4207 quomodo
1690 4144 1876 4189 osten-

282 4240 365 4294 dit
393 4238 617 4292 liberum
648 4237 809 4288 animi
836 4234 1134 4298 arbitrium,
1158 4240 1211 4286 et
1233 4240 1473 4284 naturam
1493 4229 1543 4283 in
1565 4244 1624 4283 se
1653 4243 1757 4283 non
1785 4227 1879 4280 ha-

287 4332 416 4385 bere
439 4330 644 4393 vilium,
676 4327 769 4383 sed
798 4343 827 4381 a
858 4326 1101 4380 socordia
1125 4325 1426 4378 inclinatam
1484 4322 1533 4376 id
1567 4319 1880 4391 suscipere?

284 4422 369 4476 Ad
396 4426 708 4476 excusandus
747 4420 1088 4474 excusationes
1130 4419 1182 4471 in
1219 4416 1455 4486 peccatis.
1485 4414 1609 4470 “;ec
1662 4424 1744 4469 est
1793 4414 1875 4469 via

286 4516 554 4587 praecipua
604 4515 869 4578 interitus,
918 4511 1128 4582 quando
1180 4511 1263 4565 vel
1317 4511 1428 4579 ipsa
1473 4525 1592 4578 qua:
1644 4507 1881 4578 peccavit

285 4609 485 4673 anima,
505 4622 734 4663 excusso
756 4609 967 4671 timore,
989 4603 1255 4674 excogitat
1279 4601 1648 4656 excusationes
1669 4609 1719 4653 et
1744 4614 1881 4668 prae-

286 4710 464 4755 textus
489 4699 745 4769 quosdam
777 4697 841 4751 ad
886 4697 1145 4767 ignaviam
1206 4711 1220 4747 :
1268 4694 1351 4748 vel
1400 4691 1876 4761 quemadmodum,

286 4810 407 4848 cum
438 4794 701 4863 quiSpiam
745 4789 1064 4845 adulteravit
1090 4797 1143 4841 et
1168 4788 1354 4842 volens
1384 4786 1519 4839 alius
1567 4783 1682 4850 ejus
1729 4798 1877 4836 com-

288 4889 629 4958 punctioaem
660 4894 931 4947 excutere,
977 4881 1105 4936 dicit
1134 4898 1147 4933 :
1182 4878 1444 4948 Numquid
1484 4886 1537 4929 tu
1584 4891 1740 4930 causa
1768 4889 1826 4929 es
1853 4875 1876 4927 ?

285 4996 442 5036 causa
477 4988 561 5036 est
589 4978 868 5047 cupiditas.
900 4976 1091 5030 Malum
1116 4982 1196 5027 est
1220 4973 1432 5043 quidem
1483 4984 1706 5039 peccare
1734 4989 1746 5022 :
1778 4967 1879 5023 hoc

285 5083 465 5126 autem
506 5070 633 5125 facit
669 5070 900 5139 gravius,
952 5083 1145 5137 negare
1200 5072 1478 5133 postquam
1536 5060 1864 5131 peccaveris.

291 5163 416 5219 Il:rc
448 5171 572 5216 sunt
595 5177 744 5215 arma
775 5160 969 5214 diaboli
1003 5157 1296 5229 potissima.
1328 5154 1439 5208 lloc
1464 5152 1624 5208 etiam
1667 5152 1720 5206 in
1770 5150 1877 5221 pri-

289 5254 391 5308 mis
422 5254 619 5308 nostris
667 5251 973 5320 parentibus
999 5248 1195 5303 evenit.
1224 5248 1356 5300 Cum
1409 5245 1552 5299 enim
1608 5250 1882 5314 oporteret

291 5345 461 5402 Adam
488 5355 704 5415 peccata
725 5341 986 5404 conﬁteri,
1018 5341 1105 5395 ille
1135 5340 1186 5393 in
1219 5338 1381 5392 Evam
1411 5334 1618 5390 confert
1646 5333 1878 5403 culpam,

289 5446 345 5492 ct
374 5436 462 5490 illa
492 5449 676 5490 rursus
704 5435 755 5488 in
782 5432 1050 5488 diabolum
1083 5429 1252 5503 (Gen.
1286 5431 1319 5485 5
1430 5427 1563 5481 Cum
1610 5432 1883 5496 oporteret

287 5530 488 5593 dicere,
520 5527 886 5591 Peccavimus,
916 5524 1246 5593 iniquitatem
1274 5520 1498 5575 fecimus
1523 5536 1536 5572 :
1566 5518 1640 5571 illi
1662 5534 1766 5571 non
1794 5531 1878 5570 so-

288 5624 399 5679 lum
457 5637 562 5677 non
592 5621 930 5683 conititeutur,
965 5617 1059 5671 sed
1089 5616 1249 5671 etiam
1276 5611 1641 5667 defensionem
1672 5618 1880 5678 parant.

288 5714 423 5771 Cum
458 5712 602 5768 enim
645 5711 809 5767 sciret
827 5708 1069 5764 diabolus
1098 5706 1297 5778 peccati
1322 5701 1716 5759 confessionem
1761 5716 1882 5756 esse

351 5854 425 5916 (σι)
461 5860 567 5902 ttae
597 5847 936 5912 interpretatio
961 5848 1037 5895 est
1055 5845 1194 5908 juxta
1219 5839 1565 5906 Symmachum.

1369 353 1729 413 EXPOSlTlO
1768 351 1832 407 IN
1872 350 2194 409 I‘SALMUM
2236 353 2389 412 (IXL.

3457 358 3552 412 158

1968 472 2170 539 peccati
2219 472 2535 527 solutionem
2559 514 2573 539 ,
2597 472 2880 542 persuadet
2905 473 3100 528 animae
3123 515 3137 540 ,
3165 482 3221 528 ut
3249 474 3318 529 sit
3344 478 3556 548 egregio

1965 563 2263 632 impudens.
2306 565 2371 618 At
2405 574 2480 631 tu,
2508 580 2541 619 ο
2569 565 2781 634 dilecte,
2822 566 3036 637 quando
3072 568 3395 636 peccaveris,
3423 567 3510 622 dic
3539 585 3553 621 :

1973 654 2227 719 Peccavi;
2262 654 2391 708 nihil
2421 664 2503 709 cst
2550 655 2649 711 hac
2674 656 2931 712 defensio:
2957 672 2988 712 e
3028 657 3241 727 justius.
3285 657 3356 711 Ita
3392 658 3557 712 Deum

1962 746 2144 799 reddis
2174 746 2454 816 propitium
2491 764 2503 799 :
2534 748 2603 799 ita
2648 746 2808 801 etiam
2852 747 3001 815 facis,
3048 758 3106 802 ut
3144 749 3345 804 tardius
3390 750 3442 802 in
3493 763 3556 802 ca

1963 856 2151 896 rursus
2176 840 2396 896 incidas.
2425 839 2530 895 Sed
2561 840 2772 910 quando
2805 856 3011 910 qua-res
3037 841 3286 896 obtentus
3328 842 3418 912 qui
3451 856 3554 895 non

1968 943 2111 1000 sant,
2141 943 2195 989 et
2236 933 2465 987 animam
2508 933 2654 987 voles
2697 942 2839 986 metu
2888 933 3136 997 liberare,
3193 933 3387 989 reddes
3429 947 3549 988 eam

1972 1025 2349 1095 promptiorem
2383 1034 2439 1077 ut
2480 1038 2666 1078 rursus
2694 1022 2894 1078 eisdem
2926 1023 3245 1094 implicetur,
3281 1024 3554 1094 Deumque

1969 1121 2136 1190 magis
2173 1118 2426 1173 irritabis.
2458 1118 2594 1172 Nulli
2631 1118 2772 1172 enim
2805 1118 3069 1187 peecatori
3098 1117 3248 1172 deest
3275 1117 3558 1187 impudens

1968 1219 2277 1280 prartexlus.
2310 1210 2584 1264 Homicida
2615 1210 2822 1279 culpam
2853 1208 3062 1264 confert
3105 1208 3153 1262 in
3186 1209 3356 1275 iram,
3382 1218 3434 1263 et
3476 1208 3558 1260 fur

1971 1303 2023 1356 in
2055 1311 2444 1372 paupertatem,
2477 1309 2533 1357 et
2560 1300 2767 1356 adulter
2790 1301 2841 1354 in
2872 1300 3236 1370 cupiditatem,
3266 1308 3318 1353 et
3343 1299 3479 1353 alius
3505 1300 3555 1350 iu

1968 1395 2323 1465 principatum
2354 1392 2484 1447 :sed
2518 1392 2569 1447 hi
2590 1392 2802 1463 quidem
2824 1400 2949 1447 sunt
2976 1392 3134 1445 alieni
3175 1406 3205 1444 a
3234 1390 3439 1444 ratione
3464 1391 3564 1444 ub—

1969 1495 2166 1554 tentus,
2191 1501 2295 1540 non
2314 1484 2505 1539 rationi
2533 1494 2906 1539 consentaneae
2925 1483 3282 1537 defensians.
3306 1480 3391 1534 llla
3416 1481 3557 1535 enim

1971 1596 2074 1635 non
2105 1579 2301 1634 faciunt
2331 1588 2566 1648 peccata,
2595 1577 2689 1633 scd
2717 1578 2813 1647 ipsi
2850 1592 3034 1631 eorum
3057 1576 3145 1646 qui
3174 1582 3398 1645 peccant
3448 1573 3556 1625 ani-

1972 1674 2062 1726 mi.
2093 1673 2165 1726 lta
2185 1681 2361 1725 autem
2388 1685 2508 1726 esse
2534 1669 2808 1725 ostendam
2830 1684 2893 1723 ex
2928 1669 2993 1722 iis
3019 1683 3136 1737 quae
3166 1676 3287 1721 sunt
3319 1666 3559 1736 proxima

1972 1778 2025 1822 et
2056 1765 2158 1820 illis
2181 1763 2523 1819 cohmrentia.
2550 1761 2774 1828 Quando
2795 1761 2937 1816 enim
2967 1761 3175 1815 videtur
3198 1759 3359 1813 homo
3399 1759 3557 1819 alius,

1970 1861 2058 1930 qui
2091 1868 2144 1915 et
2170 1859 2330 1913 vitam
2362 1858 2468 1926 agit
2499 1856 2549 1910 in
2581 1863 2916 1925 paupertate,
2949 1862 3263 1922 leneturque
3291 1850 3555 1922 cupidita-

1974 1962 2046 2016 te,
2081 1961 2135 2007 et
2166 1950 2466 2006 necessitati
2506 1959 2710 2004 natura:
2741 1957 2823 2004 est
2850 1947 3132 2008 obnoxius,
3162 1960 3336 2015 neque
3382 1954 3559 1998 tamen

1973 2046 2024 2098 in
2059 2044 2141 2097 his
2167 2051 2370 2112 peccat,
2396 2057 2622 2112 quanam
2653 2041 2727 2094 illi
2758 2047 3009 2109 poterunt
3031 2038 3103 2091 uti
3125 2036 3436 2092 defensione
3454 2034 3477 2087 ?
3497 2034 3562 2087 Et

1972 2137 2092 2191 ideo
2116 2137 2333 2204 pulchre
2356 2136 2433 2189 sic
2449 2134 2581 2188 dixit
2608 2132 2821 2201 quidam
2867 2131 3078 2199 sapiens
3110 2150 3124 2184 :
3148 2127 3273 2195 Quis
3299 2125 3489 2180 dederit
3510 2126 3563 2177 in

1974 2240 2137 2283 mente
2179 2244 2289 2282 mea
2327 2227 2553 2298 ﬂagella.
2592 2234 2646 2278 ut
2691 2222 2989 2293 iguorantiis
3043 2222 3168 2275 meis
3202 2236 3302 2273 non
3352 2226 3564 2288 parcant

1976 2318 2179 2390 (Eccli.
2221 2319 2311 2374 25.
2344 2317 2461 2388 2)?
2514 2315 2645 2370 Vide
2691 2313 2854 2368 David
2907 2312 3104 2366 nullam
3157 2309 3560 2365 excusationem

1966 2409 2284 2465 alit-rentem
2312 2408 2526 2479 quando
2569 2406 2826 2477 peccavit,
2860 2403 2954 2459 sed
3002 2403 3267 2458 dicentem
3302 2418 3316 2454 :
3354 2398 3564 2453 Peccavi

1978 2504 2196 2559 Domino
2248 2502 2338 2574 (‘2.
2374 2500 2613 2573 ticali.
2648 2499 2780 2568 15).
2836 2497 2992 2566 Atqui
3050 2495 3312 2566 potuisset
3361 2492 3561 2550 dicere.

1973 2600 2082 2654 Cur
2126 2596 2424 2651 nudabatur
2464 2593 2688 2648 mulier?
2734 2607 2832 2647 cur
2886 2590 3159 2644 lavabatur
3208 2594 3331 2640 ante
3383 2582 3566 2639 oculos

1968 2690 2166 2745 meos?
2195 2688 2301 2744 Sed
2329 2688 2531 2743 sciebat
2565 2686 2660 2740 has
2685 2700 2804 2740 esse
2832 2682 3046 2738 frivolas
3076 2678 3466 2740 excusationes,
3514 2683 3566 2727 et

1977 2800 2096 2854 qua:
2118 2782 2250 2837 nihil
2280 2781 2533 2835 haberent
2560 2778 2780 2832 rationis
2809 2787 2897 2841 ;et
2922 2774 3041 2829 ideo
3070 2773 3207 2827 venit
3237 2771 3301 2824 ad
3325 2776 3565 2838 apertam

1976 2874 2363 2937 defensionem,
2386 2887 2506 2925 eum
2552 2870 2770 2930 diceret,
2805 2866 3036 2920 Peccavi.
3066 2865 3134 2919 At
3163 2863 3290 2918 Saﬁl
3320 2877 3424 2915 non
3471 2860 3564 2921 ita,

1977 2967 2069 3024 sed
2097 2982 2217 3023 eum
2246 2966 2313 3020 de
2335 2963 2666 3032 ventriloqua
2691 2976 2783 3016 seu
2833 2959 3151 3030 Pythonissa
3200 2951 3585 3023 reprehendes

1979 3068 2147 3125 retur,
2174 3056 2382 3111 dicebat
2417 3073 2430 3107 :
2463 3052 2725 3114 Coarctor,
2752 3061 2796 3105 et
2818 3050 3113 3117 alienigena:
3135 3054 3363 3117 pttgttmtl
3392 3051 3569 3096 contra

1980 3150 2096 3219 me(
2132 3150 2179 3202 1.
2208 3145 2335 3216 Reg.
2364 3144 2455 3199 23.
2488 3143 2612 3214 15).
2638 3142 2760 3197 Ideo
2786 3150 2960 3195 autem
2990 3153 3153 3209 grave
3192 3137 3340 3192 dedit
3366 3134 3570 3206 suppli-

1977 3242 2142 3297 cium.
2171 3239 2305 3295 Cum
2325 3238 2466 3292 enim
2496 3234 2768 3291 debuisset
2794 3233 2991 3293 dicere,
3018 3230 3258 3296 Peccavi,
3284 3237 3335 3283 et
3366 3244 3448 3284 me
3471 3230 3572 3283 ini-

1978 3351 2083 3407 que
2103 3333 2241 3406 gessi
2274 3348 2287 3383 :
2321 3332 2410 3387 ille
2429 3329 2643 3401 quidem
2668 3327 2769 3381 hoc
2798 3340 2902 3380 non
2930 3322 3079 3388 dixit,
3113 3322 3207 3376 sed
3235 3321 3413 3376 abibat
3433 3336 3460 3373 θ
3484 3337 3566 3374 ra-

1986 3429 2130 3481 tione
2169 3424 2371 3479 alienas
2400 3435 2647 3491 quaerens
2692 3416 3085 3472 excusationes.
3117 3411 3242 3467 Cum
3285 3410 3571 3465 hominibus

1980 3517 2301 3589 operantibus
2317 3514 2648 3587 iniquitatem.
2680 3510 2792 3564 Hoc
2837 3505 3108 3575 subiunxit
3136 3503 3425 3559 ostendens
3453 3517 3572 3557 esse

1982 3612 2194 3667 illorum
2222 3609 2473 3673 maxime,
2502 3606 2692 3660 alferre
2714 3601 3103 3664 excusationes,
3129 3606 3182 3653 et
3210 3612 3269 3653 se
3297 3596 3573 3666 impuden-

1984 3714 2064 3758 ter
2089 3715 2278 3773 gerere
2303 3718 2316 3753 :
2346 3711 2399 3754 et
2430 3698 2548 3752 ideo
2578 3693 2744 3749 David
2768 3692 2869 3746 hcc
2895 3690 3109 3745 assidue
3155 3689 3322 3743 instar
3360 3687 3572 3741 virtutis

1984 3795 2248 3869 proponit,
2280 3793 2459 3862 fugere
2482 3790 2614 3844 tales
2631 3797 2819 3850 cretus,
2853 3793 3010 3853 atque
3030 3782 3162 3836 adeo
3188 3791 3353 3836 totum
3378 3780 3572 3833 librum

1982 3890 2049 3944 ab
2073 3904 2138 3943 eo
2168 3886 2351 3955 incipit
2376 3902 2388 3937 :
2415 3883 2599 3935 Beatus
2624 3881 2718 3944 vir,
2745 3879 2828 3948 qui
2853 3894 2954 3930 non
2998 3875 3116 3928 abiit
3141 3874 3193 3927 in
3234 3872 3445 3926 consilio
3473 3872 3572 3923 im-

1985 3982 2271 4051 piorum,et
2298 3978 2348 4030 in
2370 3976 2449 4027 via
2480 3980 2797 4044 peccatorum
2828 3984 2928 4020 non
2966 3966 3120 4030 stetit,
3148 3973 3194 4018 et
3233 3964 3286 4016 in
3334 3961 3575 4015 cathedra

1984 4070 2376 4142 perniciosorum
2402 4082 2501 4119 non
2553 4063 2677 4117 sedit
2710 4061 2727 4132 (
2753 4060 2895 4114 Psal.
2924 4060 2975 4113 l.
3009 4059 3033 4112 1
3063 4057 3103 4128 ).
3135 4056 3420 4126 Propterea
3474 4069 3574 4107 au-

1986 4174 2089 4217 tem
2114 4162 2284 4231 ipsum
2314 4172 2525 4226 semper
2552 4154 2790 4209 invenies
2813 4152 2863 4205 in
2897 4150 3129 4221 peccatis
3158 4147 3363 4217 culpam
3405 4159 3573 4216 agno-

1984 4270 2134 4311 SCCl't‘
2143 4296 2155 4308 .

2058 4345 2389 4399 Peccatorum
2420 4338 2667 4413 confessio
2715 4335 2879 4391 Deum
2907 4334 3124 4389 maxime
3162 4330 3370 4401 placat;
3408 4328 3576 4383 convi-

1985 4440 2180 4493 viarum
2201 4446 2245 4490 et
2271 4435 2583 4489 theatrorum
2608 4429 2886 4500 pernicies;
2914 4425 3296 4497 reprehensores
3309 4421 3437 4492 justi
3475 4436 3578 4472 non

1985 4528 2271 4585 aversandi.
2304 4556 2376 4567 —
2403 4522 2624 4593 Quando
2663 4534 2793 4589 ergo
2822 4515 3120 4572 numeravit
3168 4511 3456 4582 populum,
3490 4510 3577 4562 di.

1987 4622 2139 4678 cehat
2160 4663 2173 4684 ,
2211 4618 2317 4690 Ego
2349 4615 2576 4688 peccavi,
2604 4622 2650 4666 et
2681 4626 2770 4682 ego
2802 4618 2974 4680 pastor
3017 4606 3149 4659 male
3177 4605 3273 4674 feci
3300 4601 3451 4675 (Reg.
3483 4599 3574 4654 21.

1992 4714 2057 4768 l7
2078 4712 2119 4780 ).
2144 4709 2259 4764 Non
2284 4709 2437 4773 dixit,
2469 4704 2606 4773 Quid
2637 4712 2746 4756 tum
2771 4744 2786 4768 ,
2818 4702 2862 4755 si
2886 4697 3198 4754 numeravi?
3223 4697 3316 4751 sed
3342 4695 3577 4764 st-ipsum

1986 4805 2339 4867 condemnat,
2372 4811 2428 4857 et
2474 4799 2594 4853 ideo
2639 4795 2846 4851 veniam
2893 4791 3213 4862 assequitur.
3262 4787 3400 4842 Nihil
3437 4785 3578 4840 enim

1990 4901 2155 4954 Deum
2184 4909 2334 4966 teque
2362 4892 2534 4948 reddit
2563 4889 2844 4961 propitium
2871 4930 2886 4954 ,
2915 4901 2978 4941 ac
3007 4894 3346 4956 peccatorum
3373 4879 3580 4936 confes.

1987 4994 2088 5047 sio.
2120 4991 2233 5046 lloc
2259 4998 2436 5044 autem
2469 4988 2591 5050 lict,
2636 4984 2679 5038 si
2732 4982 2996 5053 fugiantur
3025 4992 3207 5035 eorum
3252 4983 3421 5029 cretus
3445 5013 3459 5038 ,
3489 4974 3577 5041 qui

1989 5094 2186 5139 metum
2222 5089 2560 5152 peccatorum
2605 5076 2850 5140 solvunt,
2890 5080 2944 5127 et
2971 5070 3037 5125 ad
3062 5067 3358 5125 socordiam
3390 5063 3579 5132 impel-

1991 5178 2121 5233 lunt.
2159 5176 2223 5233 Ει
2265 5173 2385 5230 idco
2427 5170 2621 5226 Paulus
2653 5177 2703 5224 et
2748 5164 3006 5221 Jeremias
3043 5162 3110 5216 de
3132 5174 3199 5215 co
3227 5157 3389 5212 multa
3420 5155 3581 5209 verba

1996 5270 2225 5332 faciunt,
2259 5274 2313 5321 et
2336 5264 2525 5335 jubent
2555 5261 2763 5329 utrique
2793 5256 2973 5325 fugere
2998 5252 3258 5306 malorum
3288 5256 3343 5303 ct
3367 5261 3578 5308 eorum,

1995 5362 2084 5437 qui
2107 5366 2228 5415 sunt
2256 5357 2389 5410 adeo
2412 5351 2621 5424 ignavi,
2650 5344 3108 5404 consuetudinem.
3137 5341 3305 5396 Porro
3331 5337 3433 5393 Job
3459 5351 3584 5405 quo-

1991 5429 2094 5524 que
2136 5452 2241 5506 hoc
2267 5447 2434 5504 refert
2475 5447 2525 5498 in
2555 5454 2833 5497 numerum
2864 5436 3109 5501 virtutis,
3142 5432 3345 5494 dicens,
3386 5429 3448 5485 Si
3474 5444 3585 5480 am—

1992 5542 2159 5599 bulavi
2186 5555 2301 5594 cum
2337 5536 2622 5591 irrisoribus
2656 5531 2811 5605 (Job.
2843 5531 2934 5585 51.
2964 5528 3048 5599 5).
3081 5526 3178 5582 Hic
3195 5532 3372 5579 autem
3402 5531 3586 5576 osten-

1992 5637 2095 5698 dit,
2125 5649 2182 5687 se
2215 5648 2334 5687 cum
2365 5631 2431 5683 iis
2458 5643 2524 5682 ne
2553 5625 2755 5681 sedisse
2783 5621 2995 5695 quidem
3017 5661 3034 5687 ,
3075 5619 3259 5673 dicens
3280 5657 3296 5681 ,
3326 5613 3447 5669 Non
3477 5611 3585 5665 sedi

1992 5728 2043 5780 in
2070 5719 2280 5779 consilio
2309 5718 2585 5774 ludentium
2613 5714 2799 5788 (Psal.
2829 5714 2919 5768 25.
2952 5710 3048 5782 4).
3077 5708 3200 5764 Ideo
3231 5706 3422 5762 Paulus
3452 5718 3585 5772 quo.

1996 5836 2097 5891 que
2124 5834 2230 5874 non
2260 5815 2383 5871 sinit
2405 5812 2543 5868 vesci
2568 5827 2692 5867 cum
2715 5808 2999 5881 improbis,
3029 5806 3136 5862 imo
3160 5816 3256 5857 nec
3278 5799 3438 5859 ullam
3462 5812 3583 5849 cum
