3928 6422
429 378 531 432 459

423 497 501 552 eis
541 493 737 549 habere
776 491 1244 555 consuetudinem,
1297 490 1515 547 dicens:
1563 489 1623 545 Si
1673 490 1782 558 quis
1831 498 1997 541 autem

425 602 525 639 non
570 584 735 639 obedit
775 584 993 637 sermoni
1030 591 1197 636 nostra
1243 598 1330 652 per
1357 580 1653 652 epistolam,
1686 596 1801 635 eum
1851 589 2000 633 nota-

422 685 469 730 te
490 716 505 741 ,
530 684 578 729 et
616 691 715 728 non
760 673 1115 728 conoersemiui
1157 688 1272 725 cum
1297 689 1376 726 eo.
1412 670 1477 724 Et
1501 688 1599 725 non
1627 668 2001 724 communicabo

422 782 534 819 cum
572 766 738 820 electis
779 780 952 817 eorum
994 762 1084 834 (2.
1117 761 1294 817 Thess.
1344 763 1398 817 5.
1427 762 1554 831 M).
1589 762 1773 826 Alius,
1826 760 2004 830 Neque

422 874 525 911 una
555 855 809 910 comedam
835 854 1003 908 dulcia
1031 870 1201 908 eorum
1232 853 1333 924 (a).
1366 852 1546 917 Alius,
1584 851 1702 906 Non
1729 867 2004 922 congrega-

421 951 510 1003 bor
535 950 587 1001 in
609 947 800 1002 ddiciis
829 962 1021 1001 eorum.
1059 945 1156 1001 llic
1184 945 1314 999 dicit
1338 944 1465 998 illud
1502 943 1849 1013 apostolicum
1870 984 1885 1007 ,
1914 941 1999 997 fu-

420 1039 639 1106 giendas
658 1052 777 1093 esse
801 1037 1023 1093 delicias
1041 1036 1247 1089 illorum
1274 1043 1327 1089 et
1353 1035 1594 1088 convivia
1615 1075 1629 1099 ,
1654 1032 1743 1087 ubi
1771 1033 2001 1088 maxime

414 1128 609 1184 crescit
641 1133 912 1199 peccatum
937 1168 953 1189 ,
986 1126 1072 1181 ubi
1101 1126 1269 1194 major
1298 1133 1381 1180 est
1409 1124 1623 1179 libertas
1669 1132 1723 1178 et
1766 1123 1997 1179 licentia.

489 1220 541 1276 8.
569 1219 682 1275 Non
704 1227 787 1275 est
807 1225 984 1273 autem
1008 1219 1109 1273 hoc
1135 1233 1355 1287 parvum
1379 1217 1588 1287 signum
1628 1216 1865 1281 virtutis,
1895 1231 1999 1270 non

421 1327 581 1381 parva
625 1312 706 1365 via
733 1309 1107 1376 correctionis,
1136 1308 1393 1378 ejusmodi
1424 1306 1605 1377 fugere
1645 1307 1881 1361 convivia
1901 1346 1917 1372 ,
1946 1317 2001 1363 et

424 1405 555 1458 tales
584 1411 786 1468 catus,
821 1417 991 1471 neque
1017 1400 1250 1456 revereri
1279 1400 1562 1454 amicitiam
1584 1441 1598 1463 ,
1631 1413 1802 1469 neque
1829 1398 1999 1453 ventri

422 1497 715 1550 servientes
741 1494 909 1549 robur
934 1504 987 1548 et
1016 1494 1365 1547 constantiam
1391 1493 1551 1547 animi
1578 1492 1889 1548 dissolvere.
1922 1491 1996 1547 ita

426 1588 550 1641 dum
580 1586 730 1641 multi
756 1594 1125 1641 revererentur
1148 1584 1470 1650 amicitiam,
1496 1584 1548 1637 in
1591 1583 1863 1638 ebrietatis
1899 1582 2000 1637 llu-

425 1692 543 1734 rtus
571 1679 799 1736 devoluti
843 1687 995 1744 sunt,
1028 1678 1098 1732 ita
1141 1677 1276 1748 capti
1307 1685 1430 1731 sunt
1468 1691 1498 1729 a
1543 1675 1919 1742 fornicatione,
1947 1684 2003 1731 et

424 1773 596 1839 ignem
619 1770 909 1839 voluptatis
932 1768 1324 1832 accenderunt,
1348 1766 1474 1821 dum
1499 1767 1704 1836 sequuti
1727 1773 1851 1820 sunt
1873 1781 2000 1820 con-

423 1863 556 1917 vivia
578 1872 633 1918 et
663 1862 868 1917 theatra
897 1861 1140 1915 habentia
1163 1861 1386 1915 multum
1415 1860 1721 1930 iniquitatis.
1750 1859 1862 1913 Hoc
1889 1860 2000 1928 ipse
2026 1935 2035 1939 _

421 1968 631 2022 quoque
655 1952 885 2007 ostendit
910 1967 968 2006 se
990 1950 1177 2005 fecisse
1195 1992 1211 2016 ,
1238 1958 1296 2004 ut
1321 1964 1390 2006 ne
1408 1948 1668 2019 ejusmodi
1693 1964 1890 2004 nteusa:
1910 1964 1998 2004 es-

422 2053 503 2099 set
548 2044 830 2113 particeps.
860 2042 912 2099 5.
943 2041 1189 2111 Corripiet
1227 2057 1306 2095 me
1339 2043 1512 2113 justus
1537 2040 1590 2093 in
1618 2039 1959 2093 misericordia
1981 2080 1997 2104 ,

418 2147 464 2188 et
488 2135 759 2205 increpabit
788 2149 899 2188 me:
919 2134 1084 2188 oleum
1107 2147 1272 2186 autem
1299 2131 1572 2203 peccatoris
1597 2148 1699 2184 non
1727 2130 2000 2201 impinguet

420 2237 568 2297 caput
590 2243 772 2280 meum.
801 2226 950 2280 Alius
971 2266 986 2293 ,
1013 2224 1312 2279 Misereatur
1330 2223 1425 2276 mei
1440 2224 1613 2293 justus
1635 2221 1997 2288 misericordia,

419 2328 465 2371 et
494 2319 711 2387 increpet
743 2318 783 2371 ⁸.
813 2316 925 2371 Hoc
947 2330 1157 2386 quoque
1181 2329 1299 2369 eum
1336 2313 1510 2383 priore
1537 2326 1641 2367 non
1671 2321 1752 2367 est
1778 2327 1999 2381 parvum

419 2424 584 2477 genus
611 2408 821 2462 virtutis
838 2449 852 2472 ,
879 2421 983 2462 non
1012 2404 1193 2475 fugere
1221 2403 1660 2474 reprehensiones
1683 2411 1739 2458 et
1763 2403 2002 2472 increpa-

422 2500 595 2555 tioues
619 2515 737 2569 quae
768 2500 895 2553 tiunt
918 2513 946 2551 a
969 2497 1143 2568 justis.
1175 2495 1324 2564 Quod
1353 2506 1530 2550 autem
1561 2495 1721 2562 dicit,
1747 2506 1830 2550 est
1856 2496 1998 2564 ejus-

421 2590 561 2644 modi
590 2608 604 2645 :
638 2589 835 2644 Eorum
864 2588 1076 2659 quidem
1097 2629 1110 2651 ,
1143 2588 1231 2658 qui
1274 2587 1341 2641 ad
1366 2586 1588 2657 gratiam
1621 2586 1906 2655 loquuntur
1946 2587 1997 2639 in

421 2681 709 2748 damnum,
737 2690 905 2737 cretus
936 2695 1219 2749 numquam
1247 2679 1433 2735 fuerim
1457 2679 1721 2748 particeps
1745 2696 1760 2731 :
1789 2691 1882 2732 eos
1908 2692 2000 2731 au-

421 2783 525 2827 tem
569 2773 821 2843 elegerim
859 2772 948 2842 qui
992 2780 1117 2826 sunt
1143 2770 1523 2836 vehementes,
1567 2768 1656 2839 qui
1698 2768 1996 2837 corrigunt,

420 2864 508 2935 qui
539 2873 805 2936 peceatum
853 2863 1130 2933 aperiunt,
1180 2861 1271 2931 qui
1298 2860 1713 2931 reprehendunt.
1761 2858 1873 2914 Hoc
1918 2867 2002 2914 est

419 2959 560 3012 enim
608 2956 839 3011 maxime
887 2955 1266 3011 misericordiae
1312 2962 1367 3009 et
1412 2952 1745 3018 clementim,
1797 2950 1997 3007 mederi

420 3047 743 3103 vulneribus.
777 3045 956 3101 Oleum
980 3054 1147 3099 autem
1176 3044 1449 3115 peccatoris
1473 3060 1574 3098 non
1612 3043 1888 3115 impinguet
1910 3060 2001 3096 ca-

420 3148 509 3209 put
547 3155 733 3194 meum.
761 3137 948 3193 Vidisti
993 3137 1223 3192 animam
1265 3136 1461 3191 virtute
1503 3135 1849 3199 instructam,
1880 3148 2000 3203 qua:

419 3232 520 3284 t'ert
568 3230 813 3285 lubenter
858 3228 1121 3296 justorum
1173 3225 1649 3296 reprehensiones,
1696 3224 1764 3278 ab
1809 3224 2002 3293 iniquis

418 3329 594 3376 autem
612 3361 628 3386 ,
656 3321 738 3374 vel
768 3319 832 3372 ad
860 3318 1080 3389 gratiam
1109 3315 1274 3371 factas
1297 3315 1505 3386 rejicit?
1530 3314 1742 3381 Quare?
1773 3314 1903 3382 Quia
1927 3315 2001 3369 illi

419 3412 507 3466 vel
557 3412 871 3465 ntiserentes
917 3423 1060 3478 saepe
1106 3406 1320 3462 exitium
1367 3405 1693 3461 attulerunt:
1724 3403 1776 3458 hi
1824 3412 2003 3459 autem

421 3510 615 3557 acriter
640 3504 958 3557 insectantes
980 3510 1032 3556 et
1054 3501 1383 3569 increpantes
1408 3505 1785 3562 correxerunt;
1805 3505 1856 3550 et
1881 3511 2000 3551 cum

423 3595 610 3648 hormn
676 3591 1090 3662 reprehensione
1144 3590 1423 3658 conjuncta
1473 3598 1552 3641 est
1607 3587 1999 3653 misericordia,

420 3694 538 3732 cum
584 3678 790 3731 illorum
823 3674 1182 3730 misericordia
1224 3689 1387 3727 mors.
1419 3673 1480 3726 Et
1515 3672 1631 3726 ideo
1673 3671 1808 3725 dixit
1853 3672 2000 3741 quis-

424 3772 599 3840 piam:
642 3769 900 3823 Fidcliora
929 3768 1203 3822 amicorum
1242 3768 1484 3829 uulnera,
1527 3780 1677 3834 quam
1720 3764 2003 3816 uoluntaria

423 3864 594 3917 oscula
641 3862 959 3916 inimicorum
1004 3858 1192 3931 (Prov.
1236 3859 1326 3911 27.
1359 3857 1444 3926 6).
1492 3855 1778 3911 Considera
1825 3856 2001 3909 autem

423 3953 690 4022 quomodo
720 3954 803 4005 hic
827 3951 1088 4021 signiﬁcat
1116 3948 1245 4005 illud
1270 3947 1618 4018 apostolicum
1645 3964 1656 3999 :
1692 3944 1964 4015 Redargue
1984 3985 2000 4013 ,

423 4045 665 4113 increpa,
714 4042 976 4096 exltortare
1014 4040 1102 4109 (‘2.
1137 4039 1266 4094 Tim.
1309 4039 1362 4092 4.
1406 4037 1499 4107 2).
1543 4036 1686 4091 Talis
1735 4046 1818 4090 est
1861 4035 2002 4090 enim

424 4141 726 4188 sanctorum
748 4131 1111 4201 reprehensio.
1141 4129 1213 4183 Ita
1233 4128 1392 4183 etiam
1418 4126 1613 4181 iaciunt
1635 4126 1827 4181 medici
1852 4142 1865 4179 :
1900 4140 2003 4179 non

428 4227 598 4279 solum
639 4232 852 4286 secant,
886 4220 979 4275 sed
1008 4222 1167 4276 etiam
1197 4218 1432 4288 alligant.
1474 4217 1732 4284 Quocirca
1762 4216 2005 4270 Christus

427 4332 636 4388 quoque
655 4315 888 4371 efticiens
910 4325 963 4369 ut
981 4321 1129 4388 grata
1151 4321 1291 4367 esset
1310 4320 1363 4366 et
1381 4318 1595 4379 accepta
1624 4309 1969 4380 reprehensio
1989 4349 2002 4374 ,

429 4426 533 4465 non
555 4409 681 4464 sinit
708 4406 1175 4479 reprehensionem
1196 4404 1264 4459 ab
1287 4403 1437 4458 initio
1466 4402 1716 4472 publicari
1741 4443 1754 4466 ,
1786 4401 2002 4456 dicens:

441 4500 610 4565 Vade,
655 4497 1046 4569 etgrepreltende
1087 4496 1258 4564 ipsum
1300 4497 1430 4549 inter
1474 4502 1520 4549 te
1546 4503 1593 4547 et
1634 4494 1801 4562 ipsum
1843 4490 2007 4547 solum

433 4592 652 4663 (ιιιιιιιιι.
686 4592 772 4646 18.
804 4591 926 4660 15).
952 4589 1026 4643 lla
1054 4588 1214 4644 etiam
1246 4586 1470 4642 faciebat
1501 4585 1691 4639 Paulus
1718 4584 2006 4638 ostendens

428 4685 892 4754 reprehensionem
921 4696 1040 4737 cum
1082 4678 1442 4734 misericordia
1466 4719 1482 4743 ,
1512 4691 1650 4732 nunc
1675 4675 1888 4746 quidem
1929 4675 2010 4728 di-

427 4791 557 4832 cens
582 4794 594 4829 :
624 4774 669 4827 0
692 4773 927 4828 insensati
955 4770 1151 4826 Galata:
1178 4770 1202 4841 (
1218 4768 1388 4824 Galat.
1413 4770 1466 4824 5.
1495 4769 1556 4838 1)
1579 4783 1594 4833 ;
1626 4782 1766 4820 nunc
1790 4776 1964 4820 autem
1992 4783 2004 4818 :

433 4867 607 4921 Filioli
636 4866 750 4930 mei,
777 4882 900 4935 quos
924 4863 1104 4919 iterum
1130 4862 1353 4933 parturio
1393 4859 1593 4932 (Colat.
1618 4860 1673 4914 Δ.
1697 4859 1763 4915 l9
1782 4860 1820 4930 ).
1843 4859 2011 4929 Opor-

434 4969 508 5016 tet
536 4958 674 5015 enim
702 4972 822 5013 eum
842 4998 859 5024 ,
880 4955 967 5026 qui
994 4952 1370 5023 reprehendit,
1400 4951 1566 5005 multa
1592 4950 1893 5019 excogitare
1912 4991 1926 5015 ,
1954 4957 2013 5002 ut

431 5058 647 5119 accepta
675 5047 741 5102 sit
780 5057 832 5101 et
856 5054 1000 5118 grata
1041 5044 1158 5115 ejus
1207 5040 1593 5110 reprehensio:
1623 5047 1677 5095 et
1705 5053 1895 5109 magna
1923 5053 2011 5093 sa-

434 5144 628 5213 pientia
674 5155 810 5211 opus
839 5148 922 5194 est.
958 5137 1040 5200 ei,
1071 5136 1160 5207 qui
1188 5131 1489 5189 adhibuerit
1517 5133 1619 5186 tale
1649 5131 2011 5186 medicamen-

434 5243 541 5287 tum
567 5248 582 5285 :
609 5245 670 5285 ac
701 5228 901 5300 majore
925 5225 1137 5297 quidem
1176 5221 1432 5293 sapientia
1458 5234 1592 5290 Opus
1621 5229 1701 5275 est
1729 5219 1775 5274 ei
1805 5218 1895 5289 qui
1925 5233 2011 5273 rc-

499 5427 516 5458 ε
553 5431 664 5474 ινιεο
685 5421 834 5473 lectio
867 5428 945 5484 est
968 5420 1110 5484 juxta
1134 5414 1588 5484 interpretationem
1624 5411 1815 5484 Aquila;
1833 5447 1849 5472 ,
1879 5414 2016 5484 cujus

432 5473 623 5536 textum
654 5492 867 5534 Grthum
904 5473 986 5532 hic:
1013 5482 1230 5530 vitiatum
1252 5473 1403 5526 fuisse
1428 5473 1751 5537 suspicamur;
1777 5473 2017 5537 siquidem

437 5561 525 5603 pro
548 5559 689 5606 voce,
713 5555 912 5608 ωτξάτυ,
938 5555 1051 5608 quae.
1087 5553 1216 5608 nunc
1242 5547 1420 5608 graece
1456 5535 1653 5608 legitur,
1679 5535 2017 5608 et’respoudet

436 5598 542 5658 voci
565 5598 760 5667 utinm,
778 5598 1012 5670 'iucrépit,
1039 5602 1222 5670 legitur
1241 5602 1291 5670 iu
1309 5600 1453 5670 Regia
1465 5598 1669 5670 quadam
1691 5598 1887 5670 Catena,
1911 5620 2019 5670 ωτιτ·

438 5679 612 5727 λυέτω,
634 5659 771 5732 quasi
793 5659 941 5722 dieas',
964 5659 1136 5713 uiatico
1158 5659 1441 5732 metunditt,
1464 5659 1564 5719 vel,
1587 5659 1815 5709 extendat
1857 5670 1873 5706 :
1908 5668 2017 5719 (piae

438 5761 554 5799 vera
581 5723 962 5811 signiﬁcatio
984 5745 1118 5795 vocis
1150 5723 1353 5799 ῚΞὩδΠν.

502 5840 576 5900 (α)
609 5845 716 5886 nec
740 5836 1078 5896 interpretatio
1103 5840 1178 5882 est
1205 5834 1340 5895 juxta
1365 5832 1708 5896 Symmachum.

1136 374 1191 431 S.
1233 374 1507 431 JOANNIS
1545 369 2013 429 (illRYSOSTOlii
2057 372 2371 429 ARCIIIEP.
2410 373 2945 431 CONSTANTINOP.

3571 380 3661 437 M0

2110 487 2424 556 prehendit,
2471 506 2629 560 quam
2662 492 2711 547 ei
2755 492 2844 562 qui
2883 506 3074 561 corpus
3116 491 3326 547 scindit.
3370 492 3663 561 Quomodo?

2107 581 2366 648 Quoniam
2393 582 2501 637 illic
2530 582 2741 652 quidem
2763 584 2901 638 aliud
2932 584 3174 654 estquod
3203 583 3432 652 scindit,
3459 594 3511 640 et
3535 587 3663 642 aliud

2107 671 2246 739 quod
2267 671 2503 727 dolorem
2526 675 2778 743 suscipit;
2801 675 2885 729 hic
2908 685 3080 729 autem
3099 674 3279 730 eadem
3302 684 3385 730 est
3407 692 3522 745 qua:
3541 679 3664 731 scin-

2107 761 2248 816 ditur
2268 805 2281 828 ,
2309 772 2363 818 et
2388 779 2506 833 quae.
2532 765 2720 820 dolore
2739 764 2984 821 afficitur.
3016 766 3193 819 Oleum
3221 776 3386 819 autem
3413 768 3664 836 peccatoris

2107 868 2207 907 non
2233 854 2525 926 ,impiuguet
2568 865 2722 926 caput
2750 873 2934 910 meum.
2964 855 3098 925 Quid
3142 855 3243 911 hoc
3270 857 3391 911 est?
3440 857 3528 911 Ille
3549 897 3567 922 ,
3592 859 3664 911 in-

2106 945 2256 1012 quit,
2289 959 2393 998 non
2433 947 2622 1016 quxerit
2658 947 2937 1001 utilitatem
2981 946 3233 1001 auditoris
3253 988 3268 1012 ,
3300 947 3394 1001 sed
3423 962 3595 1012 suam,
3621 957 3668 1002 ut

2106 1031 2351 1087 videatur
2370 1034 2549 1088 suavis
2568 1076 2583 1101 ,
2603 1033 2897 1103 jucundus,
2922 1044 2973 1089 et
2993 1035 3194 1089 amicus
3219 1054 3231 1089 :
3255 1034 3343 1089 hic
3366 1045 3536 1089 autem
3557 1046 3669 1090 ante

2106 1137 2255 1178 suam
2280 1125 2501 1194 gratiam
2527 1126 2828 1180 considerat
2853 1126 2995 1181 illius
3018 1126 3317 1181 utilitatem.
3347 1125 3499 1182 Unde
3523 1130 3667 1181 etiam

2107 1213 2207 1270 bac
2236 1216 2441 1271 ratione
2469 1216 2609 1271 inter
2637 1231 2696 1271 se
2736 1217 2965 1271 maxime
3001 1215 3271 1271 differunt.
3297 1216 3356 1272 Si
3384 1225 3552 1271 autem
3592 1219 3666 1273 vel

2106 1309 2423 1363 miserantes
2461 1307 2740 1363 aversandi
2773 1307 3036 1378 improbi;
3069 1307 3280 1377 quando
3322 1316 3446 1363 sunt
3491 1308 3666 1362 admit-

2107 1400 2248 1456 tendi
2267 1401 2291 1455 ?
2310 1400 2624 1470 Numquam.
2652 1400 3007 1467 Quamobrem
3036 1400 3243 1455 etiamsi
3269 1401 3503 1469 pnebeat
3524 1416 3666 1469 pecn-

2106 1491 2250 1553 nias,
2290 1492 2497 1546 etiamsi
2526 1491 2743 1546 delicias
2768 1490 3036 1561 promittat
3064 1499 3118 1544 et
3156 1490 3391 1551 honores
3409 1532 3424 1558 ,
3450 1506 3566 1545 eum
3594 1506 3669 1545 re-

2105 1583 2241 1653 pelle
2268 1594 2322 1639 et
2362 1584 2480 1653 fuge
2504 1600 2518 1649 ;
2541 1582 2741 1655 justum
2781 1593 2956 1639 autem
2985 1584 3193 1638 etiamsi
3227 1592 3278 1639 te
3306 1584 3483 1638 verbis
3511 1584 3667 1638 ludiﬁ-

2104 1684 2254 1731 cetur
2272 1720 2287 1743 ,
2310 1677 2516 1732 etiamsi
2548 1687 2598 1732 te
2620 1677 2859 1747 increpet
2886 1688 2935 1733 et
2964 1679 3252 1732 insectatur
3269 1719 3282 1744 ,
3307 1693 3563 1748 sequere:
3591 1679 3669 1732 ilic

2104 1768 2245 1821 enim
2292 1776 2373 1821 est
2433 1766 2522 1837 qui
2576 1775 2629 1822 te
2687 1767 2875 1838 diligit.
2930 1768 3179 1835 Quoniam
3231 1768 3399 1821 adhuc
3444 1778 3488 1821 et
3527 1770 3669 1822 oratio

2104 1874 2214 1911 mea
2267 1859 2319 1912 in
2373 1858 2692 1927 beneplacitis
2747 1874 2936 1913 eorum.
2988 1858 3133 1912 Alius
3169 1900 3183 1922 ,
3237 1858 3418 1910 Adhuc
3457 1858 3582 1911 enim
3629 1868 3669 1910 et

2103 1953 2265 2006 oratio
2301 1968 2412 2006 mea
2457 1952 2591 2005 intra
2633 1952 2752 2005 ritia
2789 1952 3014 2020 ipsorum
3060 1950 3124 2022 (a
3146 1961 3185 2019 ).
3217 1950 3369 2004 Alius
3392 1991 3407 2016 ,
3442 1949 3668 2014 Quoniam

2103 2045 2267 2097 adhuc
2301 2053 2346 2097 et
2377 2043 2536 2096 oratio
2566 2058 2675 2096 mea
2703 2043 2757 2096 in
2784 2041 3181 2113 improbitatibus
3205 2042 3453 2110 ipsorum.

2178 2135 2410 2190 Orationi
2437 2136 2530 2189 soli
2558 2152 2658 2189 non
2684 2134 3057 2203 conﬁdendum,
3087 2134 3174 2186 sed
3199 2143 3248 2187 et
3277 2132 3663 2204 operandam.—

2109 2227 2233 2282 Haec
2261 2227 2473 2297 quidem
2500 2227 2669 2295 petiit.
2688 2227 2775 2281 illa
2806 2240 2936 2281 vero
2959 2225 3162 2295 praebet
3185 2240 3213 2278 a
3237 2227 3415 2294 seipso
3444 2243 3458 2278 :
3486 2234 3536 2279 et
3558 2224 3665 2278 hinc

2103 2320 2336 2375 ostendit
2376 2334 2480 2374 non
2510 2328 2758 2389 oportere
2787 2332 2882 2374 eos
2910 2317 3080 2373 solum
3111 2317 3384 2373 confidere
3424 2317 3663 2380 orationi,

2103 2412 2299 2467 inertes
2334 2424 2525 2479 nempe
2550 2419 2605 2464 et
2632 2409 2978 2475 dormientes,
3006 2407 3101 2463 sed
3129 2416 3382 2478 oportere
3406 2408 3554 2462 etiam
3581 2420 3663 2460 sua

2102 2500 2364 2557 conferre.
2391 2501 2528 2569 Quid
2577 2500 2664 2555 hic
2691 2509 2867 2555 autem
2895 2515 2961 2556 ex
2999 2514 3059 2554 se
3105 2498 3354 2569 praebet?
3382 2499 3490 2554 Non
3518 2512 3661 2564 oves,

2101 2593 2265 2649 boves
2288 2635 2303 2657 ,
2335 2602 2388 2647 et
2432 2594 2683 2663 pecunias
2704 2634 2718 2658 ,
2747 2591 2838 2646 sed
2888 2605 3095 2645 morum
3145 2590 3558 2645 moderationem
3580 2631 3593 2654 ,
3618 2597 3664 2642 et

2102 2684 2241 2755 quod
2277 2684 2575 2738 mirandum
2605 2683 2657 2736 in
2694 2682 2908 2737 modum
2946 2696 3129 2736 eorum
3174 2680 3344 2751 fugiat
3381 2680 3661 2750 improbita-

2106 2786 2235 2832 tem.
2264 2775 2378 2831 Non
2419 2776 2610 2839 solum,
2641 2774 2842 2844 inquit,
2871 2773 3080 2828 illorum
3119 2774 3466 2842 perniciosam
3494 2771 3660 2841 fugiam

2101 2870 2363 2940 gratiam,
2415 2883 2514 2923 nec
2565 2869 2754 2937 eligam
2803 2866 2997 2921 horum
3046 2865 3539 2935 reprehensionem,
3580 2860 3660 2917 sed

2102 2963 2261 3015 etiam
2289 2961 2440 3014 stabo
2460 2959 2714 3014 adversus
2735 2973 2918 3013 eorum
2946 2957 3262 3028 cupiditates
3279 2973 3299 3011 :
3316 2967 3509 3011 tantum
3531 2955 3662 3009 abest

2104 3064 2161 3109 ut
2189 3053 2379 3124 eligam
2406 3066 2590 3106 eorum
2624 3048 3063 3114 misericordiam,
3096 3056 3150 3101 ut
3176 3064 3366 3117 precer
3392 3058 3560 3101 contra
3582 3058 3661 3099 eo-

2103 3160 2220 3201 rum
2248 3142 2582 3213 cupiditates.
2611 3140 2722 3196 lloc
2748 3141 2889 3196 enim
2915 3139 3013 3194 sibi
3039 3138 3151 3193 vult
3178 3139 3333 3205 illud,
3363 3137 3427 3191 In
3454 3135 3657 3204 bcnepla-

2103 3236 2212 3288 citis
2258 3250 2447 3289 eorum.
2479 3232 2531 3287 6.
2569 3232 2805 3300 Absorpti
2831 3240 2949 3284 sunt
2978 3230 3131 3301 juxta
3162 3239 3355 3300 petram
3383 3228 3565 3299 judices
3585 3240 3656 3277 eo-

2104 3343 2237 3382 rum.
2281 3326 2464 3388 Alius,
2504 3322 2792 3378 Avelleutur
2828 3322 2881 3375 in
2922 3337 3074 3374 manu
3114 3329 3289 3391 ραι-(ε.
3318 3319 3542 3375 Ostendit
3586 3315 3657 3368 hic

2105 3433 2263 3488 quam
2289 3417 2358 3472 sit
2378 3425 2651 3484 peceatum
2674 3420 2973 3484 expugnata
3003 3412 3173 3476 facile,
3197 3423 3251 3467 et
3273 3428 3429 3483 quam
3452 3421 3657 3480 prteceps

2105 3509 2312 3564 vitium.
2344 3507 2446 3579 Ipsi
2471 3548 2486 3573 ,
2528 3506 2731 3577 inquit,
2765 3505 3066 3575 principes,
3099 3503 3189 3573 qui
3233 3505 3411 3558 omnia
3441 3502 3653 3556 devasta-

2106 3603 2230 3657 bant
2258 3641 2272 3666 ,
2301 3601 2595 3672 perierunt.
2641 3598 2756 3653 Non
2786 3597 2919 3652 dixit
2964 3605 3141 3652 autem
3167 3638 3181 3660 ,
3207 3595 3482 3651 Perierunt
3505 3635 3519 3654 ,
3547 3589 3654 3653 sed,

2105 3693 2344 3765 Absorpti
2369 3702 2507 3758 sunt,
2553 3690 2857 3761 signiﬁcans
2886 3703 2979 3744 eos
3007 3689 3076 3742 ita
3111 3689 3353 3758 periisse,
3390 3694 3443 3740 ut
3483 3684 3652 3738 nullum
3694 3718 3697 3723 ς

2106 3786 2175 3841 sit
2216 3785 2476 3855 reliquum
2504 3797 2691 3838 eorum
2736 3780 3016 3849 vestigium
3038 3820 3052 3844 ,
3076 3777 3214 3848 quod
3249 3776 3410 3831 etiam
3448 3773 3562 3828 dicit
3600 3769 3656 3822 de

2108 3876 2271 3948 impio
2297 3895 2309 3930 :
2332 3874 2565 3929 Transivi
2588 3915 2601 3937 ,
2630 3883 2675 3927 et
2715 3887 2827 3926 ecce
2861 3887 2960 3924 non
2990 3878 3092 3922 erat
3123 3885 3142 3922 :
3168 3865 3375 3939 qucesiui
3414 3866 3590 3935 ipsmn,
3615 3866 3655 3910 et

2107 3984 2207 4023 non
2248 3979 2319 4024 est
2360 3970 2588 4021 inventus
2634 3969 2774 4019 locus
2817 3965 2925 4034 ejus
2969 3961 3245 4033 (Psal.'56.
3276 3958 3387 4032 '56).
3426 3956 3546 4025 Quid
3587 3960 3655 4007 est

2108 4059 2310 4115 Juxta?
2358 4057 2549 4127 Prope.
2596 4054 2747 4122 Quod
2802 4064 2978 4107 autem
3026 4052 3191 4117 dicit,
3237 4060 3322 4105 est
3380 4043 3651 4118 ejusmodi:

2109 4150 2565 4221 Quemadmodum
2606 4157 2755 4217 petra
2783 4146 2958 4215 aliqua
2978 4185 2991 4208 ,
3022 4158 3137 4214 qua:
3182 4144 3233 4196 in
3273 4155 3419 4196 mare
3452 4136 3651 4208 projects

2110 4247 2200 4311 sit,
2230 4258 2336 4297 non
2365 4247 2621 4311 apparet:
2647 4239 2716 4292 ita
2748 4237 2907 4292 etiam
2938 4235 3193 4291 demersa:
3222 4235 3425 4288 illorum
3464 4225 3651 4283 felicita~

2111 4347 2189 4391 tes
2217 4334 2470 4401 deinceps
2498 4346 2604 4384 non
2631 4329 2861 4399 amplius
2889 4336 3167 4397 apparent,
3192 4342 3310 4380 cum
3344 4323 3557 4378 funditus
3582 4318 3649 4370 in-

2113 4424 2369 4482 terierint.
2400 4420 2498 4477 Vel
2537 4423 2639 4476 hoc
2675 4434 2802 4490 ergo
2837 4418 2966 4475 dicit
2989 4460 3006 4485 ,
3032 4417 3263 4473 deletum
3292 4430 3408 4471 esse
3452 4409 3652 4466 funditus

2111 4533 2296 4575 eorum
2322 4530 2513 4572 nomen
2535 4522 2589 4570 et
2611 4515 2852 4584 gloriam,
2873 4511 2956 4565 vel
2978 4510 3029 4566 id
3057 4508 3317 4581 signiﬁcat
3335 4520 3449 4563 esse
3473 4510 3650 4573 potens,

2112 4614 2389 4669 robustum
2413 4620 2466 4667 et
2493 4609 2746 4664 validum.
2772 4605 2904 4662 Illud
2928 4606 3069 4661 enim
3099 4603 3375 4675 signiﬁcat,
3403 4596 3652 4653 Aveltcutur

2113 4709 2166 4759 in
2197 4722 2349 4759 manu
2376 4714 2546 4774 petrae.
2586 4700 2807 4754 Audieut
2830 4699 2976 4753 verba
3002 4712 3130 4759 mea,
3161 4695 3393 4765 quoniam
3416 4687 3571 4745 suavia
3587 4685 3653 4754 {a-

2115 4807 2197 4850 cta
2240 4805 2378 4850 sunt.
2413 4795 2580 4857 Alius,
2608 4790 2859 4858 Quoniam
2889 4789 3081 4842 munita
3105 4797 3223 4841 sunt
3247 4782 3489 4840 satellitio.
3506 4777 3649 4834 Alius,

2120 4887 2367 4955 Quoniam
2392 4884 2618 4955 speciosa
2646 4885 2782 4952 facta
2822 4888 2940 4933 sunt
2978 4878 3074 4948 (ὁ).
3116 4876 3227 4931 Hoc
3251 4881 3362 4937 est,
3387 4870 3551 4926 Scient
3574 4874 3650 4955 per

2115 4953 2292 5034 rerum
2320 4953 2699 5046 experientiam
2738 4969 3124 5027 exhortationis
3161 4976 3216 5023 et
3246 4963 3442 5022 consilii
3469 4956 3560 5014 mei
3578 4953 3650 5022 ju-

2117 5069 2462 5126 euuditatem.
2486 5067 2553 5121 Et
2571 5063 2870 5137 quomodo?
2893 5061 3255 5132 Reprehensio
3270 5061 3513 5128 justorum
3534 5047 3649 5137 blth

2117 5160 2364 5235 producit
2393 5135 2641 5226 fructum,
2674 5164 2728 5212 et
2751 5170 2937 5211 eorum
2961 5152 3236 5223 disciplina
3266 5158 3491 5219 magnam
3523 5135 3650 5193 alien

2119 5256 2463 5324 voluptatem.

2191 5323 2253 5402 9.
2269 5345 2411 5399 Talis
2438 5350 2520 5397 est
2541 5341 2683 5397 enim
2708 5340 2875 5394 virtus
2902 5356 2916 5392 :
2945 5337 3101 5391 habet
3127 5333 3336 5405 quidem
3361 5323 3521 5384 brevis
3539 5327 3647 5372 tem-

2121 5440 2269 5511 poris
2312 5436 2545 5492 laborem
2569 5475 2585 5499 ,
2610 5438 2920 5502 perpetuam
2966 5438 3140 5483 autem
3181 5424 3431 5511 laetitiam.
3461 5415 3507 5469 7.
3528 5408 3647 5511 Sicut

2124 5500 2403 5585 crassitudo
2425 5535 2570 5579 terra:
2593 5500 2772 5593 erupta
2796 5529 2869 5575 est
2895 5535 3047 5590 super
3066 5528 3249 5572 terram
3275 5529 3293 5569 :
3317 5507 3536 5576 dissipata
3555 5500 3647 5551 πίω

2187 5640 2265 5712 (αλ
2292 5645 2402 5688 nec
2425 5636 2763 5701 interpretatio
2781 5643 2859 5685 est
2875 5634 3015 5697 juxta
3031 5628 3369 5696 Symmachum,
3384 5618 3519 5671 altera
3532 5612 3642 5675 itma

2126 5702 2367 5765 Aquilam-
2530 5761 2539 5765 _
2654 5760 2663 5765 .
2710 5763 2714 5765 Α
2880 5764 2883 5765 ,
2928 5757 2956 5765 Α.
3126 5754 3136 5764 .
3196 5752 3209 5765 .
3268 5748 3398 5765 Α---
3434 5745 3477 5765 ...
3510 5733 3547 5765 υς

2442 5761 2628 5809 variant
2652 5757 3087 5820 interpretationes
3125 5754 3175 5804 in
3196 5752 3285 5802 hoc
3305 5745 3481 5805 loco,ut
3510 5732 3643 5785 videas

2125 5824 2178 5875 in
2204 5822 2429 5885 Hemplis
2451 5826 2653 5871 nostras.-

3618 5898 3648 5927 ,ἰ
