3928 6412
260 325 355 381 659

260 440 385 511 μετά
404 435 668 499 τοιούτων,
702 432 875 504 λέγων
896 449 912 466 θ
944 433 1065 486 Οὐκ
1092 430 1343 486 ἐκάθισα
1369 430 1439 485 ἐν
1465 429 1759 498 συνεδρίῳ
1780 439 1804 468 ι

255 518 582 581 παιζόντωικ
634 518 733 573 Διά
775 534 858 571 τοι
901 515 1059 570 τοῦτο
1092 517 1184 569 καὶ⁵
1231 515 1443 579 Παῦλος
1486 515 1586 568 οὐκ
1618 513 1809 583 ἀφίησι

256 602 540 657 συνεσθίειν
568 602 678 664 τοῖς
711 602 966 671 πονηροῖς
989 639 1005 665 ,
1044 599 1165 653 οὐδέ
1194 598 1380 663 ἁπλῶς
1422 598 1806 667 συγγίνεσθαι,

253 689 416 756 λέγων
438 703 452 718 ·
478 688 545 741 Εἰ
566 684 630 739 δέ
653 702 744 752 τις
773 686 885 755 οὐχ
914 685 1203 739 ὑπακούει
1232 681 1489 753 τῷλόγῳ
1508 681 1679 753 ἡμῶν
1712 678 1810 735 διὰ

252 770 353 839 τῆς
373 768 715 836 ἐπιστολῆς,
740 767 954 822 τοῦτον
980 766 1373 837 σημειοῦσθε,
1418 765 1514 819 καί
1539 764 1626 835 μὴ
1667 778 1809 818 συν·

248 853 639 921 αναιιίγνυσθε
650 851 826 916 αὐτῷ.
843 850 951 905 Καὶ
976 852 1047 905 οὐ
1068 849 1155 921 μὴ
1177 848 1505 905 συνδυάσω
1523 847 1674 919 μετὰ
1693 846 1810 902 τῶν

248 935 539 991 ἐκλεκτῶν
583 933 798 1012 αὐτῶν.
832 934 1092 1004 Ἕτερος,
1131 933 1300 1001 Μηδὲ
1335 932 1703 1002 συμφάγοιμι
1737 930 1809 985 τὰ

247 1019 387 1089 ἡδέα
425 1016 638 1073 αὐτῶν.
680 1016 904 1081 Ἄλλος,
947 1017 1043 1085 Μὴ
1091 1016 1482 1072 συναυλισθῶ
1513 1016 1541 1056 b
1568 1015 1638 1070 ἐν
1678 1014 1808 1081 ταῖς

248 1103 630 1169 τερπνότησιν
648 1099 863 1155 αὐτῶν.
893 1101 966 1153 Τὸ
996 1098 1349 1154 ἀποστολικὸν
1376 1098 1609 1154 ἐνταῦθα
1637 1098 1804 1166 λέγει,

246 1186 319 1240 ὃτι
350 1186 440 1240 καὶ
463 1183 673 1255 τρυφὰς
696 1182 875 1238 αὐτῶν
901 1184 995 1237 καὶ
1020 1182 1295 1253 συμπόσια
1313 1184 1534 1250 φεύγειν
1559 1182 1656 1245 δεῖ,
1679 1181 1806 1236 ἔνθα

250 1268 470 1340 μάλιστα
518 1268 584 1321 τὰ
616 1267 714 1339 τῆς
758 1267 1034 1339 ἁμαρτίας
1068 1265 1329 1334 αὔξεται,
1371 1265 1500 1322 ἑνθα
1534 1266 1732 1320 πλείων
1772 1268 1804 1337 ἡ

247 1352 386 1406 ἄδεια
412 1350 638 1420 γίνεται.

305 1444 374 1507 η’.
408 1437 482 1491 Οὐ
522 1436 718 1508 μικρὸν
747 1436 802 1490 δὲ
832 1434 989 1489 τοῦτο
1024 1436 1227 1509 ἀρετῆς
1255 1437 1510 1507 σημεῖον,
1538 1434 1600 1488 οὐ
1635 1432 1806 1505 μικρά

241 1520 560 1595 διορθώσεως
597 1520 715 1585 ὁδὸς
738 1560 752 1585 ,
799 1520 858 1574 τὸ
901 1519 1121 1589 φεύγειν
1161 1519 1229 1573 τὰ
1267 1518 1492 1573 τοιαῦτα
1530 1519 1803 1588 συμπόσια

241 1607 326 1659 καὶ
350 1606 473 1669 τοὺς
502 1604 815 1671 συλλόγους,
848 1603 943 1656 κού¹
970 1605 1102 1675 μήτε
1132 1602 1312 1673 φιλίαν
1347 1602 1628 1664 αἰδεῖσθαι,
1666 1602 1802 1671 μήτε

240 1689 422 1760 γαστρὶ
450 1688 799 1751 δουλεύοντας
829 1687 921 1741 τὸν
944 1687 1096 1740 τόνον
1125 1686 1337 1740 ἐκλύειν
1361 1685 1459 1755 τῆς
1481 1684 1681 1755 ψυχῆς,
1711 1684 1804 1736 καὶ

239 1775 293 1829 τὸ
319 1774 415 1845 τῆς
454 1771 775 1842 φιλοσοφίας
812 1770 1027 1824 εὔτονον
1059 1768 1379 1842 παραλύειν.
1418 1767 1574 1821 Οὕτω
1620 1767 1802 1823 πολλοὶ

240 1856 407 1927 φιλίαν
424 1854 765 1917 αἰδεσθέντες
788 1856 868 1917 εἰς
897 1854 957 1907 τὸ
977 1854 1075 1925 τῆς
1104 1851 1757 1924 μέθης·κατεκυλίσθησαν
1776 1864 1798 1889 α

238 1940 531 2003 κλυδώνιον,
581 1936 756 2000 οὕτως
791 1936 896 1990 ὑπὸ
941 1936 1197 2008 πορνείας
1249 1936 1512 2000 ἐάλωσαν,
1562 1936 1657 1990 καὶ
1691 1933 1803 2006 πῦρ

238 2024 413 2095 ἡδονῆς
437 2021 675 2093 ἀνῆψαν,
712 2020 987 2091 συμπόσια
1012 2017 1299 2085 διώξαντες
1326 2020 1421 2073 καὶ
1440 2019 1645 2090 θέατρα
1674 2018 1803 2071 πολ-

237 2106 324 2179 λὴν
346 2107 534 2178 ἔχοντα
581 2103 950 2174 παρανομίαν.
999 2103 1171 2156 Τοῦτο
1208 2101 1300 2158 καί
1343 2102 1505 2166 αὐτὸς
1532 2101 1803 2156 δείκνυσιν

238 2192 411 2246 ἑαυτὸν
435 2189 815 2261 πεποιηκέναι,
842 2188 918 2250 ώς
946 2188 1081 2258 μηδέ
1101 2190 1385 2259 μετασχεῖν
1418 2187 1519 2258 τῆς
1546 2186 1803 2258 τοιαύτης

234 2275 515 2347 τραπέζης.
538 2273 859 2327 Παιδεύσει
885 2288 962 2340 με
986 2270 1216 2338 δίκαιος
1238 2272 1309 2325 ἐν
1325 2270 1501 2332 ἐλέει.
1523 2270 1621 2324 καί
1643 2268 1805 2339 ἐλέγ-

235 2360 313 2422 ξει
342 2375 445 2429 με’
483 2359 698 2413 ἔλαιον
730 2354 1185 2424 δὲ-ἀμαρτωλοῦ
1220 2353 1307 2423 μὴ
1350 2354 1655 2409 durarde
1690 2354 1805 2421 τὴν

236 2443 493 2511 κεφαλήν
522 2457 669 2510 μου.
710 2437 937 2503 ΙἈλλος,
984 2438 1416 2505 Κατελεησάτω
1438 2456 1515 2508 με
1573 2437 1802 2502 δίκαιος

233 2526 449 2591 ἐλέους,
499 2523 605 2578 καὶ
637 2521 954 2592 ἐλεγξάτω.
998 2521 1109 2575 Καὶ
1142 2520 1302 2575 τοῦτο
1344 2523 1405 2574 οὐ
1444 2520 1638 2592 μικρὸν
1670 2521 1802 2590 ἀρε-

234 2609 323 2679 τῆς
342 2603 475 2672 εἶδος
499 2605 644 2678 μετὰ
664 2605 757 2659 τοῦ
782 2604 1069 2676 προτέρου,
1098 2604 1160 2658 τὺ
1189 2606 1262 2676 μὴ
1285 2604 1505 2675 φεύγειν
1526 2605 1797 2675 ἐλέγχους,

237 2692 357 2762 μηδέ
388 2691 737 2761 ἐπιτιμήσεις
775 2688 874 2751 τὰς
897 2687 1048 2759 παρά
1086 2689 1194 2742 τῶν
1222 2689 1446 2743 δικαίων
1482 2689 1798 2761 γινομένας.

234 2776 353 2829 Ὀδὲ
388 2774 556 2842 λέγει,
597 2770 834 2827 τοιοῦτόν
872 2773 1009 2825 ἐστι·
1049 2771 1170 2827 Τῶν
1202 2773 1299 2842 μὲν
1326 2771 1461 2844 πρὸς
1492 2772 1652 2844 χάριν
1680 2772 1803 2826 διας

234 2856 526 2928 λεγομένων
579 2857 672 2909 ἐπὶ
699 2855 871 2926 βλάὁῃ
919 2854 1184 2925 μηδέποτε
1220 2853 1613 2927 μεταλάϐοιμι,
1644 2854 1799 2927 φησὶ,

232 2943 328 2994 τῶν
363 2941 674 3010 συλλόγων·
702 2940 827 3003 τούς
861 2939 915 2992 δέ
939 2939 1334 3009 ἐπιστύφοντας
1362 2940 1455 2992 καὶ
1483 2938 1803 3011 διορθουμέ-

233 3042 363 3090 νους,
393 3026 620 3087 τούτους
655 3024 898 3094 ἑλοίμην,
929 3026 1055 3086 τοὺς
1080 3024 1403 3093 ἐλέγχοντας
1423 3065 1435 3083 ,
1463 3025 1593 3084 τούς
1632 3024 1798 3091 ἐγκαο

230 3106 510 3173 λύπτοντας
533 3105 561 3146 ἀ
595 3110 662 3161 τὰ
692 3106 1224 3179 πεπλημμελημένα,
1247 3107 1372 3169 τοὺς
1410 3107 1799 3177 ἐπιτιμῶντας.

234 3191 385 3245 Τοῦτο
412 3193 520 3263 γὰρ
561 3191 796 3262 μάλιστα
832 3191 1012 3255 ἐλέους
1054 3192 1146 3244 καὶ
1180 3189 1608 3261 φιλανθρωπίας,
1639 3190 1699 3244 τὸ
1736 3191 1804 3245 τὰ

236 3275 504 3346 τραύματα
540 3273 813 3346 διορθοῦν.
844 3276 1095 3329 Ἕλαιον
1116 3273 1202 3339 δὲ,
1230 3273 1413 3343 φησὶν,
1450 3272 1802 3341 ἁμαρτωλοῦ

230 3358 304 3427 μὴ
325 3360 637 3414 λιπανὰτω
665 3358 780 3427 τὴν
804 3356 1079 3427 κεφαλήν
1101 3374 1242 3425 μου.
1281 3352 1433 3419 Εἶδες
1460 3356 1639 3427 ψυχὴν
1673 3374 1805 3426 συγ-

232 3461 446 3516 κεκροτη
457 3445 633 3516 μένην
668 3444 869 3514 ἀρετῇ;
905 3442 1025 3495 Τῶν
1057 3443 1155 3512 μὲν
1180 3441 1402 3495 δικαίων
1431 3441 1525 3495 καὶ
1558 3440 1655 3504 τὰς
1684 3442 1806 3494 ἐπι-

228 3531 464 3600 τιμήσεις
498 3527 625 3598 μεθ’
652 3526 849 3597 ἡδονῆς
890 3525 1064 3596 φέρει,
1096 3524 1204 3578 τῶν
1238 3524 1296 3577 δέ
1338 3525 1669 3596 παρανόμων
1710 3526 1804 3578 καὶ

229 3613 290 3665 τά
313 3612 443 3683 πρὸς
470 3613 636 3683 χάριν
652 3608 919 3681 λεγόμενα
942 3605 1307 3681 διακρούεται.
1336 3608 1402 3661 Τί
1426 3609 1658 3679 δήποτε;
1682 3608 1803 3662 Ὅτι

230 3698 419 3752 ἐκεῖνοι
456 3698 557 3768 μὲν
605 3694 882 3758 ἐλεοῦντες
924 3692 1183 3757 πολλάκις
1220 3692 1528 3746 ἀπώλεσαν*
1563 3687 1708 3746 οῦτοι
1748 3692 1803 3746 δὲ

229 3782 585 3853 ἐπιτιμῶντες
615 3779 710 3834 καὶ
740 3777 1127 3847 ἐπιστύφοντες
1159 3775 1307 3849 [440]
1331 3776 1674 3848 διώρθωσαν·
1711 3779 1805 3831 καὶ

228 3865 299 3935 τῷ
331 3868 426 3937 μὲν
459 3866 675 3935 ἐλέγχῳ
703 3861 910 3916 τούτων
944 3859 1393 3932 συγκεκλήρωται
1440 3860 1608 3925 ἔλεος,
1640 3859 1716 3930 τῷ
1748 3860 1804 3913 δὲ

229 3950 355 4021 ἐλέῳ
381 3951 610 4005 ἐκείνων
642 3947 888 4011 θάνατος.
924 3946 1015 3999 Διὸ
1046 3945 1140 3999 καί
1169 3962 1254 4007 τις
1286 3943 1516 4015 ἔφησεν·
1565 3943 1807 4007 Ἀξιοπι-

229 4035 471 4102 στότερα
506 4032 815 4101 τραύματα
861 4030 1077 4099 φίλων,
1109 4028 1148 4097 ἢ
1194 4028 1444 4082 ἑκούσια
1504 4025 1807 4096 φιλήματα

229 4115 467 4185 ἐχθρῶν.
494 4116 612 4170 Καὶ
636 4114 828 4167 σκόπει
854 4112 969 4176 πῶς
991 4110 1052 4164 τὸ
1075 4110 1429 4165 ἀποστολικὸν
1453 4109 1685 4163 ἐνταῦθα
1713 4110 1807 4179 δη-

231 4197 321 4263 λοῖ,
342 4197 743 4267 τδ,Ἕλεγξον,
761 4196 1133 4265 ἐπιτίμησον,
1156 4192 1601 4261 παρακάλεσον.
1620 4191 1803 4247 Τοιοῦ-

228 4298 312 4345 τος
340 4284 452 4354 γὰρ
482 4283 577 4335 καὶ
610 4282 639 4334 6
671 4279 889 4351 ἐλεγχος
917 4279 1027 4332 τῶν
1059 4278 1248 4347 ἁγίων.
1288 4274 1446 4330 Οὕτω
1492 4277 1586 4330 καὶ¹
1631 4277 1807 4347 ἰατροὶ

231 4367 490 4420 ποιοῦσιν·
521 4366 586 4419 οὐ
622 4363 878 4435 τέμνουσι
929 4363 1110 4433 μόνον,
1142 4360 1279 4415 ἀλλὰ
1307 4360 1401 4416 καὶ⁵
1427 4360 1802 4431 ἐπιδεσμοῦσι.

230 4450 322 4504 Διά
347 4449 507 4504 τοῦτο
549 4448 646 4503 καὶ
680 4449 710 4501 6
758 4446 991 4518 Χριστὸς
1015 4445 1418 4515 εὐπαράδεκτον
1452 4443 1620 4498 ποιῶν
1660 4445 1807 4513 γίνε·

230 4532 349 4586 σθαι
377 4533 467 4587 τὸν
488 4533 731 4602 ἔλεγχον,
763 4530 864 4583 οὐκ
890 4529 1081 4601 ἀφίησι
1102 4528 1164 4600 δη
1175 4527 1519 4598 μοσιεύεσθαι
1539 4530 1603 4581 ἐκ
1624 4544 1807 4596 προοι-

233 4616 364 4686 μίων
399 4618 501 4687 τὴν
543 4615 882 4685 ἐπιτίμησιν,
922 4611 1115 4681 λέγων’
1156 4612 1394 4680 Ὕπαγε,
1420 4611 1673 4680 ἔλεγξον
1696 4613 1805 4664 αὺ-

231 4698 333 4752 τὸν
369 4698 602 4770 μεταξὺ
635 4697 751 4753 σοῦ
777 4697 874 4751 καί
906 4696 1093 4750 αὐτοῦ
1114 4695 1326 4764 μόνου.
1364 4691 1519 4747 Οὐτω
1544 4693 1637 4746 καὶ⁸
1663 4694 1807 4747 Παῦ-

230 4779 315 4847 λος
341 4784 538 4847 ἐποίει,
592 4779 729 4852 μετά
757 4779 938 4843 ἐλέους
970 4779 1061 4832 τὸν
1103 4778 1321 4848 ἔλεγχον
1349 4775 1804 4847 ἐπιδεικνύμενος,

231 4867 322 4919 καὶ
365 4867 464 4921 νῦν
514 4865 612 4936 μὲν
649 4864 841 4933 λέγων·
875 4858 943 4916 Ὦ
1003 4862 1246 4929 ἀνόητοι
1284 4858 1568 4914 Γαλάται·
1606 4858 1699 4912 νῦν
1728 4860 1804 4924 δὲ,

237 4950 445 5003 Τεκνία
469 4966 612 5018 μου,
650 4948 759 5014 οὒς
789 4945 976 5000 πάλιν
1011 4944 1219 4998 ὠδίνω.
1255 4942 1434 4997 Πολλά
1474 4942 1580 5012 γὰρ
1606 4942 1687 4996 δεῖ
1716 4943 1808 4996 τὸν

232 5033 520 5104 ἐλέγχοντα
544 5034 799 5094 ἐπινοεῖν,
832 5030 979 5085 ὥστε
1006 5026 1408 5098 εὐπαράδεκτον
1436 5024 1688 5093 γενέσθαι
1718 5026 1806 5079 τὸν

235 5116 469 5188 ἐλεγχον,
505 5115 602 5169 καὶ
644 5114 843 5184 πολλῆς
891 5111 1051 5184 χρεία
1099 5110 1366 5172 συνέσεως
1396 5108 1481 5188 τῷ
1525 5108 1682 5162 τοῦτο
1711 5110 1802 5161 ἐπο

234 5187 415 5268 ἀγοντι
472 5199 536 5252 τὸ
585 5199 907 5269 φάρμακον
957 5194 1156 5266 μᾶλλον
1212 5193 1311 5263 μὲν
1360 5187 1473 5256 οῦν,
1508 5190 1749 5255 πλείονος
1781 5194 1808 5245 6

233 5282 465 5354 ἐλέγχων
509 5281 679 5336 δεῖται
713 5279 998 5343 συνέσεως,
1024 5276 1058 5348 ἢ
1089 5279 1119 5331 6
1165 5275 1323 5347 σῶμα
1367 5275 1598 5346 τέμνων.
1642 5273 1807 5338 Πῶςὶ

293 5473 497 5540 ﬁgam:
534 5472 930 5540 μετὰσυνεδρίού.
1088 5531 1102 5540 ⁵
1171 5532 1225 5540 ﬂ
1313 5535 1322 5540 Δ
1421 5530 1432 5540 .
1561 5530 1592 5540 Α.

302 5527 328 5565 δ
344 5536 461 5598 Haec
478 5527 823 5598 interpretatio'
852 5536 916 5596 μὴ
941 5531 1255 5598 συναυλισθῷ,
1277 5535 1395 5598 etc._,
1419 5530 1594 5598 incerti
1616 5534 1692 5580 est
1723 5542 1813 5579 au-

236 5598 397 5647 ctoris.
421 5596 473 5645 In
501 5594 739 5657 Hexhplis
762 5594 943 5644 nostris
968 5594 1151 5655 legitur
1163 5595 1226 5656 μὴ
1251 5594 1532 5642 συναλισθῶ.

302 5659 325 5688 ε
344 5657 470 5706 Tres
492 5670 606 5706 mss.
620 5657 1070 5713 κατεποντίσθησαν.

297 5718 594 5782 dtnterpres
616 5717 740 5782 legit
758 5718 1149 5782 ἐκκαλύπτοντας,
1176 5730 1289 5779 quae
1340 5716 1488 5766 lectio
1533 5726 1629 5764 non
1669 5727 1811 5779 Spel-

241 5781 399 5833 nenda
414 5786 467 5832 ct
484 5778 643 5845 magis
666 5778 727 5831 id
745 5792 942 5831 sensum
964 5778 1183 5841 quadrat.

1345 311 1711 372 EXPOSITIO
1749 308 1816 365 ῐΝ
1857 303 2188 366 PSALMUM
2227 307 2381 366 CXL.

3397 309 3509 364 δεῦε

1915 420 2037 474 Ὀτι
2067 420 2183 473 ἐκεῖ
2213 422 2311 493 μὲν
2339 420 2523 490 ἕτερον
2553 416 2613 472 τὸ
2636 418 2830 491 τέμνον
2861 430 2906 487 ⁸,
2941 418 3034 472 καὶ
3062 418 3249 490 ἕτερον
3276 417 3335 472 τὸ
3368 420 3501 474 ύπο⁶

1917 502 2077 572 μένον
2100 501 2202 572 τὴν
2231 500 2443 572 ὀδύνην·
2480 499 2715 555 ἐνταῦθα
2739 501 2797 555 δέ
2822 501 2962 573 αὕτη
2997 500 3093 554 καὶ
3126 502 3159 571 ἡ
3193 502 3497 573 τεμνομένη

1912 585 2007 637 καὶ
2039 585 2072 655 ἡ
2108 585 2350 654 φέρουσα
2394 583 2495 656 τὴν
2524 583 2811 656 ἀλγηδόνα.
2850 585 3104 639 Ἐλάιον
3132 582 3202 636 δὲ
3238 584 3502 653 ἀμαρτω-

1909 667 2025 721 λοῦ
2050 666 2137 737 μὴ
2168 666 2477 721 λιπανάτω
2496 666 2611 736 τὴν
2634 666 2911 739 κεφαλήν
2925 685 3067 738 μου.
3096 666 3161 719 Τί
3183 668 3297 720 ἐστι
3318 667 3497 735 τοῦτο;

1924 750 2182 816 Ἐκεῖνος,
2208 750 2393 819 φησὶν,
2421 750 2481 803 οὐ
2504 750 2565 803 τὸ
2588 753 2855 823 χρήσιμον
2885 750 3038 822 ζητεῖ
3068 749 3162 803 τοῦ
3187 750 3498 818 ἀκούοντος,

1909 835 2045 889 ἀλλά
2074 836 2137 889 τὸ
2169 834 2387 897 ἐαυτοῦ,
2425 835 2512 888 ἵνα
2541 836 2672 906 ἡδὺς
2700 836 2980 905 φαίνηται,
3035 835 3122 889 ἵνα
3169 835 3494 907 προσφιλής·

1910 915 2062 983 οὗτος
2087 920 2144 973 δέ
2171 920 2277 991 πρὸ
2301 920 2402 990 τῆς
2440 919 2634 973 ἑαυτοῦ
2664 920 2884 991 χάριτος
2921 919 2939 957 ί
2975 919 3035 973 τὸ
3057 918 3264 972 ἐκείνου
3291 920 3498 991 συμφέ-

1913 1020 2003 1073 ρον
2040 1005 2251 1056 σκοπεῖ.
2299 1003 2463 1055 Ὥστε
2509 1002 2755 1073 ἀλλήλων
2795 1003 2890 1056 καὶ
2936 1002 3110 1075 ταύτῃ
3151 1003 3386 1074 μάλιστα
3419 1004 3497 1057 δι-

1909 1087 2218 1155 εστήκασιν.
2254 1085 2316 1138 Εἰ
2346 1085 2404 1138 δέ
2428 1086 2711 1149 ἐλεοῦντας
2741 1086 3180 1159 ἀποστρέφεσθαι
3227 1086 3333 1158 χρὴ
3371 1087 3498 1150 τοὺς

1910 1168 2198 1239 πονηροὺς,
2238 1167 2368 1221 πότε
2418 1169 2618 1232 αὐτοὺς
2665 1169 2747 1222 δεῖ
2796 1170 3148 1240 προσίεσθαι;
3207 1170 3492 1224 Οὐδέποτε.

1912 1250 2074 1304 Ὥστε
2105 1249 2207 1305 κᾶν
2231 1250 2486 1321 χρήματα
2518 1251 2754 1325 παρέχῃ,
2785 1251 2888 1305 κᾶν
2920 1251 3130 1322 τρυφὴν
3161 1251 3498 1323 ἐπαγγέλλη-

1908 1350 1998 1386 ται
2036 1334 2131 1386 καὶ
2158 1333 2341 1402 τιμὰς,
2372 1332 2659 1404 διακρούου
2695 1334 2786 1387 καὶ
2818 1333 2984 1403 φεῦγε
3006 1352 3021 1366 ο
3059 1334 3151 1388 τὸν
3179 1334 3236 1387 δὲ
3268 1334 3493 1397 δίκαιον,

1909 1415 2011 1470 κᾶν
2048 1415 2277 1486 σκώπτῃ
2311 1416 2510 1484 λόγοις,
2558 1416 2660 1469 κᾶν
2696 1418 2947 1487 ἐπιτιμᾷ,
2976 1417 3139 1472 δίωκε
3176 1420 3203 1459 ε
3227 1435 3241 1448 σ
3293 1420 3497 1482 ἐκεῖνος

1908 1500 2016 1569 γάρ
2048 1501 2165 1552 ἐστι
2195 1501 2223 1552 6
2251 1498 2436 1568 φιλῶν.
2463 1499 2591 1551 Ὅτι
2618 1500 2706 1553 ἔτι
2746 1500 2844 1553 καί
2869 1501 2908 1568 ἡ
2948 1502 3259 1571 προσευχή
3288 1519 3408 1571 μου
3430 1503 3499 1555 ἐν

1908 1584 2037 1648 ταῖς
2072 1582 2371 1648 εὐδοκίαις
2389 1581 2967 1647 αὐτῶν.”Αλλος,Ἐτι
3000 1585 3111 1655 γὰρ
3133 1587 3229 1639 καί
3255 1586 3293 1652 ἡ
3320 1602 3497 1653 προσο

1906 1665 2057 1735 ευχή
2102 1682 2222 1735 μου
2255 1666 2427 1730 ἐντὸς
2463 1665 2582 1718 τῶν
2620 1665 2844 1720 κακιῶν
2882 1668 3101 1722 αὐτῶν.
3128 1668 3340 1732 Ἀλλος,
3368 1669 3497 1724 Ὅτι

1907 1746 1993 1800 ἔτι
2020 1747 2119 1803 καὶ
2145 1749 2183 1817 ἡ
2210 1746 2520 1816 προσευχὴ
2547 1765 2667 1818 μου
2697 1749 2766 1802 ἐν
2786 1749 2917 1816 ταῖς
2936 1752 3251 1819 πονηρίαις
3276 1750 3494 1806 αὐτῶν.

1977 1829 2059 1883 Τὰ
2102 1831 2201 1901 μὲν
2255 1831 2448 1900 ᾔτησε,
2496 1830 2564 1883 τὰ
2614 1830 2672 1884 δὲ
2724 1831 2853 1903 παρ’
2896 1832 3090 1885 ἑαυτοῦ
3154 1833 3491 1904 παρέχεται⁸

1906 1912 2153 1967 ἐντεῦθεν
2191 1912 2482 1979 δείκνυσιν,
2511 1914 2593 1967 ὃτι
2635 1914 2767 1986 εὐχῇ
2794 1915 2853 1967 οὐ
2898 1915 2979 1968 δεῖ
3008 1916 3231 1988 θαρρεῖν
3264 1918 3289 1956 ιι
3333 1918 3494 1988 μόνον

1904 1998 2100 2062 αὐτοὺς
2152 1997 2618 2062 ἀναπεπτωκότας
2666 2000 2760 2053 καὶ
2806 1998 3188 2065 καθεύδοντας,
3247 2001 3385 2055 ἀλλὰ
3425 2001 3493 2055 τὰ

1905 2082 2034 2151 παρ’
2095 2080 2302 2134 ἑαυτῶν
2351 2082 2646 2152 εἰσφέρειν.
2708 2082 2774 2134 Τί
2827 2078 2919 2136 οὐν
2970 2079 3125 2147 οὗτος
3190 2082 3250 2148 ἐξ
3297 2084 3491 2136 ἑαυτοῦ

1904 2165 2233 2236 παρέχεται;
2281 2166 2355 2219 Οὐ
2401 2166 2671 2238 πρόόατα,
2725 2167 2816 2221 καὶ
2876 2166 3022 2237 βόας,
3075 2167 3171 2220 καὶ
3212 2169 3490 2237 χρήματα,

1904 2248 2041 2301 ἀλλά
2087 2248 2300 2319 τρόπων
2347 2249 2682 2317 ἐπιείκειαν,
2746 2250 2841 2303 καὶ
2888 2250 2949 2303 τὸ
3016 2250 3135 2320 μεθ’
3185 2250 3493 2321 ὑπερϐολῆς

1903 2330 2339 2403 ἀποστρέφεσθαι
2368 2332 2548 2385 αὐτῶν
2571 2334 2668 2403 τὴν
2698 2333 2983 2404 πονηρίαν.
3015 2331 3096 2388 Οὐ
3125 2334 3307 2403 μόνον,
3335 2336 3489 2405 φησὶ,

1904 2415 2170 2484 φεύξομαι
2193 2414 2289 2486 τὴν
2321 2416 2543 2469 ἐκείνων
2569 2417 2727 2488 χάριν
2753 2417 2852 2488 τὴν
2875 2417 3168 2487 ἐπιϐλαϐἧ,
3191 2417 3311 2470 οὐδέ
3336 2420 3493 2489 αἱρή-

1905 2516 2068 2568 σομαι
2105 2499 2202 2570 τὴν
2242 2500 2447 2554 τούτων
2485 2502 2841 2574 ἐπιτίμησιν,
2896 2501 3033 2555 ἀλλά
3070 2502 3165 2555 καὶ
3206 2502 3347 2555 κατὰ
3385 2504 3491 2555 τῶν

1904 2583 2209 2654 ἐπιθυμιῶν
2242 2583 2421 2637 αὐτῶν
2453 2586 2755 2656 στήσομαι*
2783 2584 3033 2639 τοσοῦτον
3061 2584 3248 2656 ἀπέχω
3277 2585 3495 2639 ἑλέσθαι

1901 2667 1994 2722 τὸν
2028 2666 2251 2720 ἐκείνων
2284 2665 2453 2735 ἔλεον,
2490 2668 2573 2721 ὃτι
2607 2669 2703 2722 καὶ
2730 2666 2959 2739 εὔχομαι
2989 2667 3134 2722 κατὰ
3164 2669 3272 2722 τῶν
3303 2669 3493 2723 ἐπιθυ-

1907 2751 2046 2821 μιῶν
2076 2749 2277 2805 αὐτῶν.
2309 2749 2481 2804 Τοῦτο
2515 2750 2624 2824 γάρ
2658 2753 2807 2805 ἐστιν
2833 2792 2849 2818 ,
2895 2752 2991 2806 Ἐν
3026 2753 3156 2819 ταῖς
3191 2752 3492 2818 εύδοκίαις

1903 2832 2122 2889 αὐτῶν.
2173 2834 2608 2902 Κατεπόθησαν
2653 2834 2913 2904 ἐχόμενα
2949 2833 3172 2903 πέτρας
3204 2838 3258 2887 cl
3298 2835 3495 2902 κριταί

1902 2917 2121 2972 αὐτῶν.
2157 2918 2371 2981 Ἀλλος,
2416 2917 2873 2985 Ἐκτιλήσονται
2913 2916 2983 2971 ἐν
3020 2918 3168 2987 χειρί
3197 2918 3418 2985 πέτρας
3443 2920 3487 2971 ί.

1916 3001 2179 3055 Ἐνταῦθα
2210 3002 2451 3054 δείκνυσι
2484 3000 2545 3053 τὸ
2571 3004 2672 3072 τῆς
2718 3002 2992 3073 ἁμαρτίας
3021 3001 3362 3072 εὐχείρωτον,
3395 3003 3492 3057 καὶ

1903 3085 1962 3138 τὸ
1993 3086 2345 3155 ἀπόκρημνον
2387 3084 2486 3153 τῆς
2516 3084 2733 3147 κακίας.
2770 3085 2969 3149 Αὐτοὶ,
3011 3086 3209 3155 φησὶν,
3248 3086 3296 3137 οἱ
3331 3085 3490 3138 δυνά⁶

1906 3186 2047 3237 σται,
2072 3171 2120 3222 οἱ
2145 3171 2321 3222 πάντα
2344 3168 2499 3240 [441]
2524 3170 2748 3237 ἄγοντες
2771 3169 2864 3222 καὶ⁵
2887 3169 3165 3241 φέροντες,
3190 3168 3488 3224 ἀπώλοντο.

1904 3252 2013 3305 Καὶ
2032 3253 2131 3306 οὐκ
2146 3248 2321 3317 εἶπεν,
2340 3251 2661 3317 Ἀπώλοντο,
2678 3251 2835 3316 ἀλλὰ,
2851 3254 3301 3321 Κατεπόθησαν,
3315 3254 3491 3325 δηλῶν

1903 3337 1985 3390 ὅτι
2019 3336 2212 3402 οὕτως,
2265 3335 2341 3399 ώς
2382 3336 2516 3408 μηδέ
2555 3335 2700 3406 ἴχνος
2749 3337 2930 3392 αὐτῶν
2974 3337 3302 3407 φαίνεσθαι,
3339 3338 3367 3390 ὃ
3397 3339 3491 3391 καὶ

1905 3421 2035 3492 περὶ
2057 3420 2151 3473 τοῦ
2175 3419 2402 3484 ἀσεϐοῦς
2424 3420 2592 3488 λέγει,
2626 3421 2707 3473 ὅτι
2732 3420 3073 3491 Πιιρῆλθον,
3103 3423 3198 3475 καί
3226 3422 3355 3476 ίδοὺ
3376 3425 3490 3477 οὐκ

1904 3500 2015 3574 ἦν’
2051 3504 2148 3558 καί
2186 3504 2445 3573 ἐζήτησα
2483 3505 2689 3569 αὐτὸν,
2723 3506 2822 3559 καὶ
2856 3508 2969 3574 οὐχ
3006 3507 3217 3575 εὑρέθη
3247 3510 3281 3561 ό
3307 3508 3491 3575 τόπος

1905 3587 2114 3642 αὐτοῦ.
2157 3588 2222 3641 Τί
2265 3589 2433 3653 ἐστιν,
2482 3589 2802 3657 Ἐχόμενα;
2853 3588 3069 3658 Ἐγγύς.
3108 3591 3173 3643 "O
3223 3590 3279 3642 δὲ
3312 3590 3490 3658 λέγει,

1905 3670 2065 3723 τοῦτό
2097 3673 2265 3724 ἐστιν’
2302 3671 2511 3741 ’Ὥσπερ
2556 3673 2589 3741 ή
2625 3671 2799 3741 πέτρα
2832 3688 2915 3734 τις
2954 3671 3097 3725 κατὰ
3131 3671 3325 3725 πόντου
3363 3674 3491 3745 βλη-

1907 3754 2110 3809 θεῖσαί
2172 3757 2272 3808 οὐκ
2328 3755 2393 3808 ἂν
2440 3755 2676 3824 φανείη,
2721 3754 2865 3809 οὐτω
2912 3754 2976 3826 δὴ
3018 3758 3111 3809 καὶ
3156 3757 3212 3809 αί
3266 3757 3491 3812 ἐκείνω)

1908 3838 2195 3910 εὐημερίαι
2250 3838 2648 3908 καταδυόμεναι
2699 3837 2885 3891 λοιπὸν
2935 3840 3159 3908 ἀφανεῖς
3217 3839 3487 3907 γίνονται,

1906 3924 2166 3994 ὁλοσχερῆ
2187 3923 2282 3993 τὴν
2313 3921 2586 3975 ἀπώλειαν
2614 3921 3001 3992 ὑπομένουσαι.
3031 3923 3101 3974 Ἢ
3124 3921 3281 3975 τοῦτο
3308 3924 3501 3979 τοίνυν

1908 4008 2063 4078 φησὶ,
2094 4007 2152 4060 τὸ
2185 4003 2488 4076 ἀνώνυμον,
2521 4004 2582 4059 τὸ
2612 4006 2926 4077 πρόρριζον,
2959 4005 2991 4076 ἢ
3036 4005 3096 4058 τὸ
3128 4007 3364 4077 ἰσχυρὸν,
3395 4010 3490 4061 καὶ

1906 4088 2150 4153 δυνατὸν,
2174 4090 2268 4142 καὶ
2296 4088 2577 4160 κραταιόν.
2605 4088 2776 4141 Τοῦτο
2797 4088 2998 4161 γὰρτὸ,
3037 4089 3497 4159 Ἐκτιλήσονται-

1908 4174 1978 4227 ἐν
2006 4172 2155 4242 χειρί
2188 4171 2429 4242 πέτρας.
2466 4173 2844 4226 Ἆκούσονται
2871 4171 2942 4226 τὰ
2964 4171 3203 4243 ῥήματά
3224 4191 3365 4244 μου,
3399 4176 3498 4229 ὅτι

1909 4258 2283 4327 ἡδύν-θησαν.
2353 4258 2612 4329 Ἕτερος,
2661 4257 2792 4311 "Ou
2858 4257 3395 4328 ἐδορυφορήθησαν
3437 4259 3485 4315 ιε.

1912 4343 2124 4410 Ἀλλος,
2156 4342 2287 4396 Ὀτι
2321 4342 2929 4410 εὐπροσωπίσθησαν.
2966 4344 3243 4407 Τουτέστι,
3279 4342 3367 4396 διὰ
3392 4341 3498 4412 τῆς.

1908 4426 2102 4498 πείρας
2137 4426 2373 4480 εἴσονται
2396 4424 2506 4479 τῶν
2541 4426 2880 4495 πραγμάτων
2901 4426 2998 4496 τὴν
3015 4426 3205 4497 ἡδονὴν
3233 4426 3329 4497 τῆς
3351 4427 3490 4497 ἐμῆς

1910 4510 2282 4584 παραινέσεως
2332 4509 2428 4563 καὶ
2475 4509 2804 4580 συμϐουλῆς.
2842 4510 2952 4562 Καὶ
2984 4509 3132 4574 πῶς;
3173 4508 3234 4563 Ὀ
3269 4509 3488 4579 ἐλεγχος

1907 4597 2015 4649 τῶν
2038 4594 2261 4648 δικαίων
2292 4591 2481 4647 τοῦτον
2513 4591 2669 4662 φέρει
2696 4591 2787 4644 τὸν
2808 4591 3039 4663 καρπὸν,
3079 4592 3175 4646 καὶ
3214 4595 3247 4663 ή
3276 4592 3489 4645 παιδεία

1908 4678 2085 4731 αὐτῶν
2115 4675 2314 4748 πολλὴν
2346 4675 2459 4746 ἔχει
2488 4675 2587 4745 τὴν
2614 4675 2825 4746 ἡδονήν.

1981 4758 2310 4814 θ’.Τοιοῦτον
2344 4760 2453 4830 γὰρ
2480 4761 2512 4831 ἡ
2545 4760 2734 4829 ἀρετή·
2766 4757 3102 4829 πρόσκαιρον
3136 4759 3235 4831 μὲν
3259 4758 3372 4830 ἑχει
3397 4760 3499 4813 τὸν·

1909 4845 2091 4909 πόνον,
2121 4843 2345 4913 διηνεκῆ
2368 4842 2423 4896 δέ
2449 4841 2547 4913 τὴν
2572 4842 2930 4915 εὐφροσύνην.
2964 4844 3121 4899 Ὡσέί
3151 4843 3344 4914 πάχος
3376 4842 3491 4913 γῆς

1908 4927 2124 4998 ἐρράγη
2148 4928 2245 4982 ἐπὶ
2283 4925 2389 4995 τῆς
2417 4924 2553 4996 γῆς’
2587 4926 3021 4996 διεσκορπίσθη
3050 4929 3123 4983 τὰ
3146 4926 3298 4983 ὀστᾶ
3321 4926 3491 4996 ἡμῶν

1979 5099 2001 5161 ῗ
2026 5097 2163 5148 Unus
2183 5096 2238 5145 τὸ
2264 5097 2567 5161 τεμνόμενον.

1978 5158 1998 5224 Ῐ
2028 5160 2168 5224 Alius
2192 5159 2285 5223 πρὸ
2416 5157 2527 5223 παρ’
2550 5157 2722 5207 ἑαυτοῦ
2746 5160 2949 5224 χάριτος.

1977 5222 2000 5259 ε
2030 5222 2165 5271 Unus
2182 5222 2470 5270 καταδίωκε.

1974 5282 1998 5357 ξ
2027 5283 2163 5357 ρους
2183 5284 2455 5357 παρέχεταν
2481 5282 2590 5357 οὐδέ
2614 5280 2932 5357 γὰρὶεύχῇτδεῖ
2942 5281 3157 5357 θαρρεῖν.

1979 5344 1996 5454 ἶ
2028 5342 2484 5453 ΤιεὶεΑωεεὶ.Ι’πέτρας
2504 5346 2548 5391 οι
2567 5342 2721 5405 κριταί
2740 5342 2912 5390 αὐτῶν.
2941 5342 3058 5392 Ηιὲἁ
3080 5357 3224 5405 porro
3242 5342 3497 5407 interprev

1979 5420 2030 5454 ,ο
2054 5419 2110 5454 es
2200 5418 2264 5454 au
2306 5418 2366 5453 δε.

1913 5411 2030 5455 latio
2054 5411 2132 5454 est
2157 5411 2366 5455 Aquilae.

1980 5418 2030 5455 ,ιο
2054 5418 2132 5454 eSI.
2157 5418 2366 5465 Aquilae.

1980 5471 1994 5517 ί
2028 5467 2182 5517 Iidem
2221 5467 2371 5528 πέτρα
2405 5463 2853 5528 καταποντισθεῖσαν
2882 5463 3025 5513 Unus
3056 5465 3207 5515 habet
3248 5467 3409 5528 ὥσπερ
3448 5466 3493 5515 εί

1911 5530 2061 5592 πέτρα
2099 5543 2169 5582 τις
2206 5525 2331 5575 κατά
2353 5527 2526 5592 πόντου
2550 5525 2792 5589 βληθεῖσα,
2826 5529 2999 5575 eadem
3024 5529 3273 5579 sententia
3297 5548 3309 5577 :
3335 5527 3490 5579 Savil.

1912 5588 2060 5639 habet
2092 5588 2536 5637 καταποντισθεῖσα.

1980 5652 2005 5689 ι
2029 5649 2146 5698 Haec
2184 5646 2531 5710 interpretatiq
2569 5644 2778 5709 Aquila,
2824 5659 3041 5710 sequens
3080 5647 3353 5710 Symmachi
3377 5662 3487 5701 esse

1915 5712 2087 5777 ἴοι-[ιιι.
2115 5710 2268 5759 Paulo
2291 5708 2402 5777 pgst
2422 5708 2573 5761 Savil.
2608 5708 2686 5758 καὶ
2713 5712 2813 5768 πῶς
2834 5712 2859 5759 ὁ
2880 5708 3066 5776 ἐλεγχος
3103 5708 3217 5775 τῶν,
3239 5714 3345 5764 sine
3364 5724 3505 5777 pun~

1917 5781 1997 5823 clo
2021 5772 2372 5835 interrogandi.
