3928 6408
324 271 429 327 ιιι

324 403 450 441 ossa
500 394 670 440 nostra
721 401 863 440 secus
910 386 1178 455 infernum.
1236 380 1420 443 Alius,
1468 371 1903 443 Quemadmodum

328 477 559 542 agricola
582 477 784 546 quando
808 477 988 531 scindit
1012 484 1195 529 terram
1223 490 1240 528 :
1274 474 1346 524 ita
1373 469 1616 538 dissipata
1638 473 1756 520 sunt
1791 478 1903 516 ossa

326 577 504 623 nostra
526 567 579 623 in
589 584 674 624 ore
684 568 872 639 inferni
884 566 975 639 (a).
990 564 1158 630 Alius,
1171 559 1391 617 Perinde
1400 560 1514 613 acis
1522 560 1610 630 qui
1633 554 1903 625 confringit

323 678 392 716 ac
421 663 635 716 dissecat
660 670 859 727 terram,
882 660 1122 728 dissipata
1144 662 1256 710 sunt
1280 668 1393 707 ossa
1417 659 1585 704 nostra
1609 649 1660 701 in
1683 648 1899 718 inferno.

325 754 503 816 Alius,
531 752 596 808 Ut
622 751 707 822 qui
744 751 953 821 pulchre
985 749 1103 803 colit
1130 754 1175 801 et
1216 743 1342 812 {odit
1385 742 1436 795 in
1474 749 1625 804 terra,
1658 736 1902 805 dissipata

322 854 448 899 sunt
495 860 609 899 ossa
652 853 821 898 nostra
884 842 1041 911 juxta
1094 840 1382 911 infernum.
1442 832 1726 900 Postquam
1769 828 1902 883 dixit

322 935 492 990 verba
535 949 628 989 sua
672 934 866 988 habere
900 931 1183 1001 plurimum
1211 924 1495 994 voluptatis
1524 964 1540 988 ,
1567 922 1694 977 dicit
1741 921 1899 975 etiam

322 1034 542 1081 veteres
567 1023 915 1080 calamitates.
939 1020 1191 1089 Quamvis
1212 1059 1228 1084 ,
1259 1017 1456 1086 inquit,
1483 1024 1720 1070 extrema
1762 1011 1900 1081 passi

322 1130 533 1179 sumus,
559 1124 611 1169 et
659 1121 925 1182 tamquam
967 1109 1262 1180 proscissa,
1292 1114 1441 1161 arata
1481 1113 1534 1159 et
1569 1103 1703 1159 fossa
1736 1110 1898 1163 terra,

318 1204 555 1274 dispersi
579 1216 760 1258 sumus
787 1215 974 1256 omnes
999 1208 1053 1255 et
1078 1198 1350 1269 periimus,
1374 1204 1428 1250 et
1455 1194 1519 1249 ad
1547 1194 1688 1264 ipsas
1716 1191 1902 1246 mortis

326 1304 510 1366 portas
533 1294 839 1350 devenimus
871 1311 883 1346 :
920 1292 991 1347 ita
1019 1302 1190 1346 tamen
1220 1288 1393 1345 allecti
1424 1287 1701 1343 mallemus
1721 1299 1901 1353 repre-

327 1388 642 1444 hensionem
686 1395 740 1442 et
779 1386 1160 1441 correctionem
1186 1383 1470 1453 jnstornm,
1494 1395 1651 1450 quam
1690 1377 1901 1433 miseri-
1938 1388 1951 1400 '

320 1478 562 1534 cordiam
587 1487 946 1548 peccatorum.
969 1475 1197 1542 Etenim,
1215 1473 1582 1544 quodcumque
1607 1469 1857 1525 acciderit
1880 1510 1895 1535 ,

318 1588 353 1625 ει
382 1580 470 1625 tua
497 1586 590 1640 spe
618 1570 907 1641 pendemus
931 1611 945 1635 ,
977 1583 1149 1639 neque
1177 1567 1461 1637 quidquam
1488 1564 1638 1619 nobis
1664 1563 1894 1629 eveniet,

319 1662 467 1732 quod
497 1664 660 1730 possit
684 1661 934 1716 cohibere
960 1660 1241 1729 quominus
1264 1657 1330 1712 ad
1359 1666 1408 1713 te
1436 1656 1801 1725 reSpiciamus.

396 1752 561 1808 Sacra
584 1768 772 1806 ancora
796 1768 907 1821 spes
932 1752 984 1804 in
1011 1749 1197 1804 Deum.
1216 1778 1289 1789 —
1314 1748 1465 1804 Unde
1490 1747 1648 1802 etiam
1676 1746 1899 1817 subjun-

320 1845 401 1898 xit
419 1843 623 1907 dicens,
646 1842 697 1897 8.
731 1842 862 1909 Quia
887 1842 954 1895 ad
977 1850 1024 1895 te
1042 1882 1057 1908 ,
1088 1839 1299 1893 Domine
1318 1882 1332 1905 ,
1360 1838 1590 1904 Domine,
1621 1837 1757 1892 oculi
1781 1836 1895 1890 mei.

320 1934 390 1989 In
418 1945 465 1989 te
488 1935 702 2005 speravi,
730 1952 832 1989 non
855 1934 1057 2004 auferas
1082 1935 1303 1988 animam
1332 1949 1511 1986 meum.
1540 1931 1675 1997 Etsi,
1707 1930 1896 1999 inquit,

320 2027 738 2082 innumerabiles
767 2026 969 2081 irruant
990 2025 1334 2086 calamitates,
1364 2023 1486 2078 licet
1514 2022 1670 2086 bella,
1694 2020 1896 2091 prtulia,

318 2127 522 2173 mortes
545 2156 560 2180 ,
590 2126 642 2171 et
667 2126 832 2187 porta:
861 2115 1037 2181 inferi,
1068 2129 1099 2169 a
1127 2129 1277 2170 sacra
1324 2128 1516 2168 ancora
1561 2128 1665 2166 non
1694 2109 1899 2165 recedi-

316 2224 462 2276 mus,
494 2208 588 2265 sed
619 2209 822 2275 firmam
853 2207 927 2261 tui
957 2207 1134 2261 auxilii
1164 2221 1312 2277 spem
1342 2214 1602 2266 tenemus,
1631 2202 1897 2271 armisque

315 2309 374 2355 et
404 2302 517 2355 acie
552 2299 804 2364 dimissis,
834 2314 1107 2369 speramus
1133 2298 1244 2353 fore
1270 2306 1328 2352 ut
1358 2296 1499 2363 hinc,
1529 2311 1720 2366 nempe
1748 2311 1777 2350 a
1806 2306 1896 2350 tuo

312 2393 538 2458 auxilio,
570 2391 876 2447 liberemur.
909 2389 974 2445 In
1003 2400 1050 2444 te
1072 2390 1289 2461 speravi,
1317 2405 1417 2443 non
1442 2391 1647 2459 auferas
1673 2388 1897 2441 animam

316 2499 502 2536 nteant.
533 2482 715 2545 Alius,
743 2480 824 2535 Ne
848 2496 1051 2536 evacues
1090 2479 1186 2552 (b).
1221 2480 1330 2535 lloc
1369 2488 1485 2542 cst,
1530 2492 1598 2533 ne
1636 2478 1781 2532 sinas
1808 2492 1896 2532 me

313 2574 467 2629 abire
509 2588 567 2626 re
610 2570 822 2628 infecta.
846 2570 898 2626 9.
932 2570 1137 2626 Custodi
1162 2587 1240 2625 me
1267 2587 1300 2623 a
1337 2570 1513 2639 laqueo
1537 2585 1680 2640 quem
1705 2577 1895 2623 statue-

312 2672 439 2717 runt
455 2663 596 2730 milti,
613 2671 661 2717 et
676 2678 708 2716 a
723 2662 974 2717 scandatis
991 2661 1305 2731 operantium
1326 2660 1651 2730 iniquitatem.
1672 2658 1787 2713 Non
1807 2657 1895 2714 hic

310 2756 447 2811 dicit
472 2765 671 2810 tantum
708 2754 922 2809 insidias
944 2795 960 2821 ,
989 2752 1081 2809 sed
1106 2769 1223 2824 qua:
1249 2752 1387 2807 clam
1416 2752 1566 2817 fiunt,
1590 2760 1641 2806 et
1670 2751 1893 2806 occulta:

309 2855 463 2911 sunt,
492 2861 611 2918 quas
640 2854 765 2903 sunt
794 2845 1074 2901 obscrvatu
1104 2853 1158 2900 et
1184 2844 1396 2915 cognitu
1422 2842 1666 2897 difficiles
1687 2882 1703 2908 ,
1730 2852 1785 2897 ct
1826 2842 1892 2897 ad

310 2953 447 3010 quas
462 2937 731 2993 cavendas
745 2952 974 3007 superno
995 2936 1220 2991 maxime
1239 2935 1433 2991 auxilio
1453 2951 1585 3004 opus
1605 2934 1895 2990 est.Preca-

311 3030 459 3084 tione
479 3037 656 3085 autem
686 3027 805 3083 ideo
825 3027 1084 3083 conclusit
1107 3027 1422 3092 orationem,
1444 3041 1473 3080 a
1493 3039 1596 3096 qua
1616 3024 1889 3080 exordium

309 3132 612 3192 sumpserat
657 3121 710 3175 in
738 3135 800 3175 ea
827 3120 1076 3174 desinens
1103 3136 1120 3175 :
1147 3120 1259 3173 haec
1279 3118 1492 3189 quidem
1516 3133 1547 3171 a
1576 3132 1633 3171 se
1661 3115 1892 3171 conferri

314 3212 620 3277 ostendens,
647 3225 794 3281 spem
817 3211 868 3265 in
901 3211 1098 3275 Deum,
1137 3220 1393 3279 perpetuo
1430 3208 1495 3262 ad
1522 3208 1685 3262 Deum
1719 3207 1890 3276 respi-

314 3318 476 3368 cere,
504 3300 764 3356 malorum
801 3309 971 3355 ctetus
1013 3298 1224 3369 fugere,
1252 3298 1375 3353 odio
1402 3297 1599 3353 habere.
1624 3296 1891 3367 improbas

307 3408 498 3447 eorum
523 3390 835 3460 cupiditates
868 3404 936 3443 :a
964 3389 1071 3443 Deo
1109 3397 1285 3443 autem
1311 3402 1469 3458 opem
1506 3397 1560 3443 et
1596 3387 1888 3455 auxilium,

305 3493 363 3539 et
392 3484 462 3539 iis
486 3498 607 3553 qua:
637 3489 761 3538 sunt
788 3481 1013 3536 toleratu
1037 3480 1368 3546 difficillima,
1398 3479 1622 3536 reddere
1647 3481 1891 3551 superio-

306 3592 449 3631 rem.
475 3574 547 3629 Ita
575 3574 717 3629 enim
744 3574 910 3627 virtus
935 3572 1252 3639 contexitur,
1281 3571 1406 3628 dum
1432 3580 1486 3628 et
1511 3580 1750 3627 nostrum
1776 3581 1890 3627 stu-

305 3669 456 3723 dium
490 3666 796 3733 adhibetur,
819 3674 874 3721 et
901 3665 1039 3720 Deus
1066 3664 1218 3719 nobis
1247 3663 1553 3733 Opitulatur.
1584 3663 1668 3719 10.
1698 3663 1890 3718 Cadent

305 3763 358 3813 in
387 3759 627 3813 retiaculo
665 3760 772 3828 ejus
805 3765 1105 3826 peccatores.
1138 3755 1477 3826 Singulariter
1504 3771 1614 3808 sum
1652 3772 1766 3826 ego,
1798 3755 1891 3809 do.

306 3866 400 3905 nec
428 3859 698 3903 transeant.
741 3846 797 3903 In
845 3847 1119 3917 cuiusnam
1165 3845 1355 3901 cadent
1384 3845 1741 3901 retiaculum?
1771 3846 1885 3902 Dei.

309 3943 425 3998 lloc
451 3951 553 4006 est,
584 3941 884 4007 vincentur,
911 3940 1204 4010 capientur.
1232 3938 1502 3994 Justorum
1528 3941 1669 3995 enim
1696 3949 1798 4008 est,
1831 3949 1890 3995 ut

304 4036 669 4105 corrigantur,
698 4042 753 4088 et
772 4033 1051 4088 excitetur
1084 4048 1269 4088 eorum
1301 4032 1632 4102 philosophia
1661 4049 1674 4085 :
1700 4046 1887 4102 pecca-

305 4139 481 4184 torum
506 4136 682 4182 autcm
702 4166 717 4192 ,
746 4140 970 4197 quorum
1009 4126 1078 4181 sit
1108 4125 1324 4182 morbus
1353 4125 1755 4181 immedicabilis
1779 4167 1794 4192 ,
1828 4134 1886 4180 nt

305 4234 475 4289 usque
503 4219 569 4273 ad
597 4232 806 4287 poenam
836 4226 891 4272 ct
932 4218 1252 4287 supplicium
1297 4217 1654 4272 detineantur.
1688 4217 1883 4289 Singu-

303 4312 480 4367 lariter
501 4328 611 4364 sum
641 4327 752 4381 ego,
774 4309 932 4363 donec
960 4319 1228 4364 transeam.
1255 4308 1420 4374 Alius,
1445 4309 1614 4364 Simul
1633 4326 1723 4380 ego
1748 4326 1882 4375 sum,

303 4402 466 4456 donec
482 4410 753 4455 transeam.
772 4399 938 4464 Alius,
963 4397 992 4453 Ι
998 4417 1029 4453 η
1045 4400 1280 4467 idipsum.
1305 4399 1415 4454 lloc
1435 4408 1539 4471 est,
1556 4409 1882 4469 compactus,

303 4492 639 4560 conjunctus,
660 4507 765 4545 non
794 4490 1066 4561 dispersus
1095 4509 1107 4544 :
1136 4491 1219 4544 vcl
1247 4489 1535 4544 secundum
1563 4489 1882 4560 Septuagin-

303 4598 380 4651 ta,
402 4586 650 4641 liberatus
666 4600 696 4639 a
718 4584 890 4651 malis,
913 4599 1074 4655 purus
1098 4583 1165 4639 ab
1186 4584 1394 4640 illorum
1420 4584 1815 4653 congressione,
1830 4591 1884 4639 et

303 4688 574 4746 tamquam
610 4676 754 4732 solus
777 4675 1021 4729 habitans
1050 4692 1064 4728 :
1093 4674 1233 4745 quod
1255 4674 1466 4745 quidem
1484 4682 1567 4729 est
1594 4673 1881 4727 maximum

302 4780 475 4836 genus
500 4766 729 4821 virtutis.
773 4764 890 4821 Non
923 4779 1029 4819 uno
1057 4772 1232 4820 autem
1278 4773 1368 4818 ant
1415 4764 1622 4820 duobus
1650 4764 1882 4819 tribusve

302 4858 496 4914 diebus
524 4859 626 4915 hoc
652 4859 809 4925 facit,
843 4859 936 4914 sed
967 4874 1063 4930 per
1093 4868 1253 4914 totam
1286 4860 1470 4912 vitam.
1503 4857 1614 4915 Hoc
1656 4867 1739 4913 est
1765 4875 1883 4913 mu-

301 4963 419 5013 rus,
448 4950 546 5004 hoc
574 4949 1021 5020 pr0pugnaculum
1042 4990 1057 5016 ,
1087 4946 1188 5004 hoc
1216 4949 1422 5004 virtutis
1451 4949 1836 5005 incrementum
1861 4991 1877 5018 ,

301 5041 476 5097 malos
521 5040 735 5111 fugere,
763 5050 817 5096 et
858 5041 1135 5096 collectum
1165 5040 1304 5111 apud
1347 5056 1406 5095 se
1440 5043 1733 5097 consistere
1771 5051 1881 5100 toto

299 5135 428 5186 vita:
468 5141 721 5201 tempore,
772 5142 826 5188 ct
850 5133 916 5188 ab
944 5133 1008 5188 iis
1051 5134 1138 5204 qui
1179 5143 1555 5203 corrumpunt,
1581 5135 1880 5206 sejunctum

300 5223 565 5280 habitare.
596 5222 839 5303 Solitudo
888 5224 1029 5279 enim
1078 5238 1183 5279 non
1232 5223 1357 5279 facit
1395 5240 1516 5280 esse
1563 5226 1759 5292 solum,
1786 5226 1879 5281 sed

298 5329 456 5370 mens
499 5330 619 5385 qua:
659 5323 872 5369 tenetur
910 5330 1093 5371 amore
1138 5322 1192 5371 et
1235 5314 1411 5370 studio
1454 5315 1773 5384 sapientiae:
1806 5316 1879 5373 ita

296 5404 462 5461 etiam
501 5405 591 5476 qui
622 5404 861 5461 habitant
888 5405 940 5460 in
970 5405 1157 5462 mediis
1186 5405 1403 5461 urbibus
1422 5448 1437 5473 ,
1467 5404 1594 5461 foris
1617 5444 1633 5474 ,
1663 5415 1715 5461 ct
1742 5415 1881 5464 stre-

350 5556 421 5636 (η.)
448 5558 572 5636 Haec
589 5559 742 5636 lectio
762 5564 839 5636 est
856 5560 998 5636 juxta
1020 5559 1268 5636 Aquilam,
1309 5563 1524 5636 secunda
1552 5564 1696 5636 juxta
1728 5564 1872 5627 Sym-

283 5622 532 5696 machum,
562 5622 710 5696 tertia
732 5623 791 5672 ad
815 5622 1046 5696 quintam
1063 5622 1343 5696 ﬁditionem
1371 5622 1609 5696 pertinet.

350 5682 419 5749 (b)
453 5683 571 5734 Haec
597 5682 944 5747 interpretatio
979 5692 1053 5737 est
1082 5684 1225 5750 juxta
1253 5682 1500 5752 Aquilam.

1391 257 1748 319 EXPOSITIO
1785 256 1850 312 IN
1889 253 2206 313 PSALMIJM
2244 256 2424 314 CXLI.

3483 256 3590 314 ΜΞ

2009 370 2226 440 pitibus,
2253 383 2500 443 poterunt
2514 389 2633 431 esse
2654 373 2950 446 singulares
2971 372 3230 438 homines,
3250 373 3374 429 dum
3395 388 3583 429 corru-

2010 474 2127 535 ptos
2155 475 2325 521 cintus
2369 466 2600 537 fugiant,
2629 478 2683 523 et
2727 483 2787 523 se
2809 469 3073 537 justorum
3112 465 3350 522 comitiis
3391 465 3584 536 adjun-

2007 565 2152 626 gant.
2181 556 2305 613 ilice
2355 568 2440 613 est
2493 560 2574 614 via
2621 575 2827 615 secura.
2882 562 2983 627 Qui
3027 575 3155 631 ergo
3208 568 3289 614 est
3343 558 3409 614 ad
3450 558 3584 613 alios

2007 648 2349 718 corrigendos
2377 648 2599 705 idoneus
2622 692 2640 718 ,
2668 666 2790 706 cum
2829 652 2895 707 iis
2925 660 3165 706 versetur
3190 650 3286 721 qui
3323 658 3448 707 sunt
3490 664 3581 704 su-

2006 739 2240 810 scepturi
2282 740 2617 806 medicinam,
2649 750 2702 797 et
2726 757 2821 797 eos
2847 743 3033 798 reddat
3062 740 3353 797 meliores:
3383 740 3477 811 qui
3502 749 3583 798 est

2005 842 2186 889 autem
2228 833 2576 903 imbecillior,
2624 834 2787 905 fugiat
2822 835 3112 905 improbos,
3136 843 3196 889 ut
3236 833 3303 889 ab
3346 833 3452 889 illis
3486 832 3583 888 du-

2008 942 2189 981 mnum
2230 942 2337 982 non
2359 928 2599 996 accipiat.
2628 926 2699 982 Ita
2728 937 2782 983 et
2808 938 3122 999 pncscntem
3143 928 3305 983 vitam
3333 935 3445 982 tuto
3465 937 3586 997 aget

2005 1026 2060 1072 et
2103 1032 2291 1073 secure
2316 1060 2331 1084 ,
2360 1027 2416 1074 et
2456 1018 2594 1073 bona
2626 1018 2798 1075 futura
2824 1028 3179 1089 consequetur
3220 1037 3234 1072 :
3274 1033 3393 1089 qua:
3428 1017 3585 1073 detur

2006 1108 2160 1164 nobis
2184 1108 2431 1163 omnibus
2459 1109 2711 1181 consequi
2738 1151 2752 1175 ,
2781 1109 2944 1180 gratia
2973 1119 3027 1165 et
3059 1109 3335 1164 clementia
3375 1108 3585 1164 Domini

2006 1200 2174 1255 nostri
2201 1199 2328 1255 Jesu
2369 1199 2586 1266 Christi,
2618 1200 2702 1255 cui
2729 1200 2894 1270 gloria
2917 1211 2968 1256 et
2999 1199 3278 1269 imperium
3303 1240 3317 1268 ,
3346 1212 3490 1255 nunc
3533 1207 3589 1253 et

2004 1307 2237 1363 semper,
2265 1291 2396 1348 etin
2420 1294 2613 1348 saecula
2633 1293 2970 1347 saeculorum.
2995 1291 3186 1347 Amen.

2480 1403 2547 1460 IN
2584 1402 2907 1460 PSALMUM
2941 1402 3122 1461 CXLI.

2007 1517 2056 1571 l.
2110 1515 2240 1570 Voce
2285 1532 2393 1570 mea
2433 1515 2502 1568 ad
2541 1515 2813 1569 Dominum
2868 1514 3081 1569 clamaui
3105 1555 3121 1579 ,
3186 1529 3306 1568 voce
3354 1529 3463 1566 mea
3517 1514 3583 1565 ad

2390 1606 2662 1661 Dominum
2711 1607 3006 1676 deprecatus
3056 1622 3188 1661 sum.

2075 1747 2126 1800 l.
2169 1744 2327 1799 Vides
2351 1743 2616 1814 quomodo
2639 1743 2832 1813 ubique
2881 1742 2983 1798 hoc
3016 1741 3160 1810 facit,
3201 1750 3257 1797 et
3284 1741 3409 1798 hinc
3432 1741 3578 1796 ducit

2003 1838 2301 1904 exordium,
2344 1846 2398 1893 et
2446 1838 2526 1893 bis
2567 1837 2653 1892 hic
2689 1836 2820 1892 dicit
2867 1835 2995 1891 Voce
3020 1845 3072 1891 et
3106 1835 3278 1891 Voce?
3327 1836 3440 1891 Hoc
3486 1850 3581 1890 au-

2005 1939 2111 1984 tem
2153 1943 2259 1984 non
2306 1930 2401 1984 abs
2447 1944 2505 1984 re
2560 1928 2703 1994 facit,
2749 1928 2843 1983 sed
2892 1937 2949 1984 ut
2985 1943 3079 1997 per
3122 1927 3264 1982 illam
3305 1928 3581 1997 repetitio-

2002 2036 2122 2077 nem
2166 2021 2280 2076 haec
2318 2020 2425 2075 duo
2471 2035 2569 2075 nos
2612 2021 2818 2086 doceat,
2870 2028 2923 2076 et
2964 2034 3225 2075 summam
3272 2019 3432 2074 animi
3475 2020 3584 2074 ala-

2001 2114 2264 2179 critatem,
2288 2125 2341 2169 et
2366 2121 2619 2169 attentam
2650 2122 2879 2168 mentem
2913 2131 2926 2166 :
2952 2121 3207 2183 pra-terea
3232 2122 3407 2168 autem
3429 2120 3579 2169 snam

2000 2221 2121 2260 esse
2168 2220 2374 2260 vocem.
2417 2204 2530 2259 Non
2575 2204 2716 2260 enim
2759 2218 2945 2259 omnes
2995 2218 3127 2259 voce
3176 2203 3429 2271 clamant,
3485 2220 3583 2259 nec

2000 2296 2066 2350 ad
2123 2296 2324 2361 Deum,
2379 2311 2477 2351 nec
2514 2310 2646 2351 voce
2688 2296 2919 2366 propria.
2968 2293 3195 2366 Oportet
3244 2305 3419 2351 autem
3469 2297 3582 2351 haec

1999 2389 2175 2443 omnia
2223 2401 2563 2443 concurrere.
2611 2387 2712 2455 Qui
2754 2387 2949 2441 clamat
3000 2386 3254 2441 adversus
3298 2385 3576 2451 inimicos,

1999 2493 2104 2533 non
2140 2478 2249 2533 edit
2293 2493 2475 2534 vocem
2506 2477 2757 2541 hominis,
2804 2477 2896 2533 sed
2941 2477 3067 2532 ferae
3090 2486 3145 2532 et
3170 2476 3452 2547 serpentis.
3475 2476 3576 2543 Qui

1997 2578 2081 2626 cst
2131 2571 2422 2642 negligens,
2458 2580 2514 2626 et
2552 2586 2659 2625 non
2701 2569 2847 2625 audit
2892 2585 3009 2641 qua:
3056 2569 3203 2635 dicit,
3253 2584 3357 2624 non
3388 2568 3582 2624 clamat

1997 2662 2066 2717 ad
2112 2663 2298 2728 Deum,
2329 2660 2425 2717 sed
2457 2660 2809 2732 nequidquam
2843 2676 2906 2717 ac
2955 2672 3156 2717 temere
3185 2660 3437 2732 loquitur.
3478 2661 3577 2728 Qui

1996 2766 2233 2812 mentem
2295 2773 2402 2812 non
2446 2759 2677 2825 excitat,
2734 2757 2833 2813 etsi
2872 2758 3024 2813 valde
3074 2756 3432 2824 vociferetur,
3492 2755 3577 2811 hic

1997 2865 2182 2905 rursus
2232 2865 2335 2905 non
2381 2850 2594 2906 clamat.
2643 2851 2753 2906 Vox
2799 2852 2961 2917 enim,
3011 2858 3068 2905 ut
3104 2850 3213 2920 jam
3254 2865 3397 2920 saepe
3441 2849 3573 2917 dixi,

1994 2957 2101 2996 non
2140 2941 2399 3010 significa
2431 2942 2647 3011 spiritus
2676 2950 2877 3009 tonum,
2911 2941 3005 2996 scd
3032 2950 3258 2995 mentem
3288 2940 3571 2995 intonsam.

1995 3036 2064 3088 At
2101 3032 2187 3087 hic
2221 3049 2326 3087 non
2370 3034 2480 3099 sic;
2522 3034 2617 3089 Sed
2656 3032 2771 3089 haec
2801 3033 2896 3086 tria
2942 3032 3096 3086 simul
3130 3027 3342 3100 colligit,
3388 3040 3573 3087 osten-

1994 3125 2072 3179 dit
2105 3140 2163 3179 se
2200 3135 2253 3179 et
2286 3139 2420 3179 voce
2464 3124 2716 3187 clamare,
2748 3132 2801 3179 et
2844 3123 2911 3178 ad
2957 3123 3144 3189 Dcmn,
3196 3130 3251 3177 et
3288 3137 3419 3178 voce
3446 3138 3571 3192 pro-

1996 3216 2147 3283 prin,
2196 3224 2250 3270 et
2288 3213 2410 3269 ideo
2458 3214 2540 3268 bis
2586 3214 2733 3279 dicit,
2797 3212 2929 3268 Voce
2979 3230 3087 3267 mea
3142 3221 3195 3269 et
3252 3212 3383 3267 Voce
3436 3229 3568 3266 mea.

1993 3305 2046 3359 2.
2078 3303 2301 3371 E/fuudo
2330 3305 2381 3358 in
2410 3314 2673 3375 conspectu
2700 3309 2806 3376 ejus
2846 3305 3123 3359 orationem
3175 3320 3355 3369 meam,
3396 3313 3441 3359 et
3483 3304 3571 3357 tri-

1995 3398 2297 3451 bulationem
2334 3414 2497 3451 meam
2542 3406 2657 3452 ante
2684 3400 2847 3466 ipsum
2886 3398 3209 3453 auuuntiabo.
3241 3396 3428 3452 Vidisti
3457 3396 3570 3451 ani-

1993 3503 2138 3543 mum
2179 3488 2403 3543 liberum
2448 3488 2515 3543 ab
2553 3489 2799 3545 omnibus
2844 3505 2962 3560 qum
2983 3489 3049 3544 ad
3080 3489 3216 3544 hanc
3256 3489 3415 3543 vitam
3448 3504 3568 3558 pcr-

1996 3581 2206 3636 tinentl
2268 3581 2451 3651 Neque
2489 3583 2629 3638 enim
2666 3581 2900 3652 confugit
2929 3582 2995 3638 ad
3025 3581 3302 3651 homines,
3358 3597 3456 3637 ncc
3499 3580 3569 3635 ab

1993 3670 2071 3725 eis
2119 3668 2269 3739 petiit
2292 3670 2570 3736 auxilium,
2613 3671 2707 3727 sed
2755 3687 3038 3741 supernam
3087 3687 3265 3742 opem,
3315 3687 3433 3741 qua:
3472 3687 3567 3726 ex.

1994 3762 2223 3833 pugnari
2272 3778 2377 3818 non
2425 3772 2635 3834 potest,
2682 3764 2904 3834 rogavit.
2952 3763 3153 3819 Deinde
3199 3763 3463 3817 intonsum
3514 3771 3569 3816 et

1994 3853 2359 3911 vehementem
2389 3854 2549 3909 animi
2581 3854 2861 3920 fervorem,
2892 3868 3047 3924 quem
3079 3853 3221 3909 intus
3248 3845 3570 3904 habuitabs-

1992 3944 2265 4001 conditum
2295 3985 2311 4010 ,
2340 3944 2627 4002 ostendens
2653 3960 2745 4016 per
2792 3945 2929 4001 ltaiic
2953 3960 3137 4001 vocem
3157 3984 3174 4012 ,
3207 3942 3449 4012 E/Tundo,
3479 3943 3562 3998 in-

1990 4038 2123 4107 quit,
2150 4036 2360 4092 abundc
2384 4052 2445 4092 ac
2470 4037 2704 4108 copiose.

2062 4127 2356 4200 Aﬁlictionis
2399 4127 2663 4181 commoda
2703 4127 2823 4181 duo.
2854 4157 2923 4167 —
2948 4126 3083 4182 lIinc
3123 4128 3283 4183 etiam
3313 4125 3564 4182 discimus

1988 4220 2304 4277 afflictiones
2333 4236 2436 4276 non
2469 4235 2653 4291 parum
2678 4220 2922 4277 conferre
2943 4219 3008 4275 ad
3036 4219 3436 4293 philosophiam.
3468 4218 3563 4275 ilic

1988 4321 2070 4368 est
2111 4313 2256 4367 enim
2286 4311 2489 4367 fructus
2515 4311 2814 4366 afflictionis
2843 4330 2856 4367 :
2890 4326 3048 4367 nemo
3086 4326 3215 4382 ergo
3264 4312 3431 4382 ipsam
3480 4312 3561 4366 lu-

1986 4404 2115 4474 giat.
2166 4403 2278 4459 Duo
2323 4403 2464 4458 enim
2498 4401 2654 4459 habet
2675 4403 2788 4456 haec
2812 4402 3089 4457 commoda
3117 4419 3129 4456 :
3160 4418 3320 4457 unum
3350 4402 3561 4472 quidem

1986 4494 2125 4565 quod
2156 4494 2344 4549 reddat
2371 4493 2716 4549 studiosiores
2742 4502 2793 4547 ct
2817 4492 3126 4549 attentiores
3156 4510 3169 4546 :
3199 4493 3425 4548 alterum
3469 4510 3562 4548 au-

1987 4593 2118 4652 tem,
2149 4584 2290 4655 quod
2320 4599 2381 4639 ea
2412 4600 2621 4654 quoque
2646 4583 2788 4653 jusla
2816 4593 2896 4638 est
2924 4598 3112 4649 causa,
3164 4593 3221 4638 ut
3263 4584 3556 4639 audiamur.

1987 4676 2053 4730 Et
2078 4676 2198 4731 ideo
2229 4691 2333 4729 non
2374 4673 2526 4736 dixit,
2576 4673 2837 4730 Justitiam
2867 4689 3061 4740 meam,
3106 4689 3225 4742 nec,
3275 4675 3386 4731 Mea
3419 4684 3562 4733 recte

1988 4768 2145 4834 facta,
2195 4768 2311 4833 sed,
2366 4766 2534 4821 Meam
2581 4767 2915 4838 aﬂlictionem,
2966 4782 3158 4838 nempe
3198 4766 3337 4839 quod
3360 4783 3422 4823 ea
3456 4784 3560 4823 non

1987 4874 2208 4930 parvum
2233 4857 2417 4912 aITcrat
2443 4857 2518 4911 illi
2551 4857 2917 4928 patrocinium.
2935 4856 3193 4924 Quocirca
3221 4858 3349 4914 dicit
3375 4858 3558 4925 Isaias,

1985 4952 2337 5007 Adhortamini
2362 4951 2459 5023 (a),
2505 4951 2666 5021 inquit
2711 4949 2870 5019 Deus,
2920 4951 3165 5023 populum
3199 4968 3383 5021 meum,
3404 4968 3561 5007 sacer-

1985 5043 2155 5109 dotes;
2200 5042 2464 5114 loquimini
2516 5040 2584 5096 ad
2623 5058 2710 5097 cor
2730 5040 3045 5109 Jerusalem,
3085 5044 3319 5114 quoniam
3347 5046 3562 5113 suscepit

1984 5136 2046 5190 de
2072 5152 2225 5190 manu
2246 5134 2450 5191 Domini
2482 5134 2705 5205 duplicia
2742 5143 2944 5205 peccata
2971 5151 3063 5188 sua
3109 5132 3259 5207 (Isai.
3287 5133 3379 5189 40.
3404 5135 3455 5189 I.
3478 5135 3556 5204 2).

1985 5227 2049 5281 Et
2094 5226 2327 5281 Paulus:
2359 5224 2566 5280 Tradite
2600 5224 2730 5279 hunc
2776 5225 3026 5278 hominem
3054 5234 3266 5291 solante,
3320 5225 3390 5278 ad
3432 5226 3567 5280 inte-—

1984 5317 2137 5370 ritum
2176 5317 2363 5382 carnis,
2395 5325 2449 5371 ut
2473 5315 2678 5386 spiritus
2715 5316 2780 5369 sit
2808 5314 2977 5368 salvus
3027 5314 3106 5385 (1.
3137 5312 3257 5369 Cor.
3288 5315 3342 5372 5.
3370 5315 3452 5387 5).
3494 5316 3563 5373 Et

2043 5493 2116 5556 (a)
2149 5500 2200 5543 In
2214 5500 2392 5551 Graeco,
2415 5504 2667 5556 κιρᾳψιτι.
2693 5498 2820 5556 Hauc
2839 5504 3026 5556 _vocem
3044 5500 3265 5556 ,Graacam
3297 5497 3561 5549 Gentianos

1982 5552 2222 5605 Hei-vetus
2255 5556 2421 5615 vertit,
2466 5552 2804 5604 adhortamini.
2838 5553 3140 5605 Vertendum
3174 5569 3313 5615 sane,
3350 5560 3561 5608 consola-

1980 5614 2394 5678 mini,secundum
2413 5614 2670 5664 lectionem
2692 5616 2988 5675 ttebraicam,
3025 5621 3179 5673 ’γα-ιι.
3221 5614 3403 5667 Verum
3418 5621 3559 5684 chry-

1985 5694 2223 5739 sostozuus
2244 5687 2320 5736 hic
2334 5685 2614 5735 adhortandi
2628 5685 3029 5748 signiﬁcationem
3043 5691 3325 5751 respexisse
3345 5691 3557 5743 videtur.
