3928 6428
437 5624 445 5665 l

502 253 606 310 ωδ

502 368 567 421 ad
590 363 898 422 Corinthios
923 363 1185 431 scribens,
1237 363 1450 418 dicebat
1498 379 1512 415 :
1552 361 1836 434 Propterea
1865 362 2011 416 multi
2038 362 2093 419 in

502 460 639 513 vobis
670 458 865 527 inﬁrmi
888 466 1007 511 sunt
1038 465 1086 511 et
1130 454 1390 522 imbecilli,
1441 464 1489 508 et
1535 454 1793 509 dormiunt
1825 453 1991 508 multi.
2035 453 2098 508 Si

497 554 633 604 enim
661 566 753 603 nos
781 549 921 620 ipsos
962 547 1378 619 diiudicaremus,
1429 563 1531 601 non
1545 547 1917 618 judicaremur.
1942 544 2097 601 ludi-

503 644 604 696 cati
656 649 825 695 autem
856 657 887 693 a
913 639 1136 694 Domino
1165 640 1494 709 castigantur,
1534 655 1598 694 ne
1620 655 1737 692 cum
1759 639 1948 693 mundo
1971 654 2097 692 con-

500 737 793 790 demnemur
819 735 893 805 (l.
926 733 1046 790 Cor.
1079 734 1167 789 11.
1199 732 1307 789 50-
1330 732 1442 806 52).
1474 735 1643 789 Porro
1680 732 1835 787 diviti
1884 732 2097 789 dicebat.

498 827 767 884 Abraham
794 845 807 882 :
839 825 1092 897 Recepisti
1120 827 1251 881 bona
1288 836 1375 880 tua
1417 828 1469 880 in
1509 826 1607 880 vita
1637 836 1745 894 tua,
1779 836 1826 881 et
1864 824 2095 882 Lazarus

498 918 635 973 mala
662 935 758 972 sua
784 935 804 973 :
828 928 874 974 et
910 934 1046 973 nunc
1062 907 1177 972 'ltic
1203 918 1404 988 quidem
1445 917 1840 972 consolationem
1885 919 2090 988 accipit,

498 1022 552 1064 tu
580 1026 696 1066 vero
729 1012 971 1067 cruciaris
1022 1009 1171 1081 (Luc.
1205 1009 1289 1065 16.
1322 1010 1433 1081 25).
1475 1008 1591 1065 Jam
1617 1026 1743 1064 vero
1767 1009 1929 1065 David
1958 1025 2093 1080 quo-

497 1119 622 1175 que,
655 1120 778 1160 cum
825 1104 875 1160 ei
904 1103 1250 1159 malediceret
1269 1102 1469 1166 Semt-i,
1520 1101 1730 1156 dicebat
1758 1120 1771 1156 :
1804 1101 1932 1157 Sine
1976 1117 2091 1155 eunt

498 1197 624 1252 mihi
662 1196 994 1262 maledicere,
1034 1196 1274 1267 quoniam
1320 1193 1457 1248 Deus
1496 1193 1542 1249 ei
1593 1194 1888 1261 mandavit,
1917 1203 1973 1246 ut
2015 1194 2091 1245 vi-

496 1290 634 1346 deret
677 1307 840 1345 meam
882 1289 1216 1344 humilitatem
1261 1288 1335 1356 (2.
1369 1287 1498 1360 Reg.
1550 1287 1638 1344 16.
1674 1289 1761 1343 11.
1795 1289 1907 1359 12).
1944 1289 2010 1343 Ει
2036 1289 2088 1342 in

495 1382 786 1453 Seripturis
830 1382 1027 1453 ubique
1080 1383 1419 1448 invenimus,
1467 1395 1564 1436 eos
1615 1381 1703 1451 qui
1772 1380 2086 1435 afﬂictiones

495 1475 677 1530 ferunt
719 1483 874 1543 grato
909 1482 964 1528 et
1008 1473 1227 1545 patienti
1277 1473 1495 1540 animo,
1541 1488 1643 1526 non
1706 1472 1877 1528 solum
1925 1473 2088 1527 multa

501 1574 715 1635 peccata
745 1564 974 1633 diluere,
1004 1564 1100 1620 sed
1145 1565 1304 1619 etiam
1346 1580 1451 1619 non
1484 1578 1700 1633 parvam
1750 1563 1889 1632 apud
1920 1563 2088 1617 Deum

498 1656 767 1725 ﬁduciam,
800 1665 853 1711 et
878 1654 1128 1726 loquendi
1149 1655 1445 1710 libertatem
1473 1654 1736 1709 obtinere.
1781 1653 1835 1706 ι.
1863 1653 1930 1707 In
1957 1654 2087 1722 deﬁ-

495 1733 671 1802 ciendo
699 1761 762 1801 ex
786 1762 865 1801 me
894 1750 1128 1817 spiritum
1159 1761 1343 1810 meum,
1384 1756 1432 1798 et
1470 1754 1523 1798 tu
1563 1745 1839 1815 cognovisti
1885 1745 2090 1800 semitas

495 1857 650 1896 meas.
701 1840 926 1908 Quando
952 1840 1041 1911 qni
1070 1848 1195 1896 sunt
1245 1840 1298 1894 in
1342 1840 1531 1910 primis
1576 1840 1751 1909 pusilli
1797 1847 1851 1893 et
1892 1840 2085 1909 abjecti

494 1934 680 2001 animi,
722 1932 1026 1998 concidunt,
1059 1940 1114 1986 et
1140 1933 1292 1986 multi
1332 1933 1490 1987 etiam
1514 1932 1652 1986 mala
1673 1931 1832 1986 verba
1858 1932 2087 2001 loquun-

492 2036 577 2079 tur
620 2044 634 2080 :
682 2027 726 2081 is
778 2035 903 2081 tunc
960 2025 1189 2080 maxime
1226 2024 1647 2095 philosophatur,
1698 2034 1755 2078 ut
1794 2024 1882 2095 qui
1926 2023 2086 2078 studii

493 2116 797 2186 magistram
824 2115 1018 2171 habeat
1040 2115 1406 2171 afﬂictionem.

562 2210 856 2281 Aﬂlictionis
882 2208 1111 2277 elfectus.
1141 2239 1213 2250 —
1240 2210 1465 2278 Quando
1503 2224 1630 2281 ergo
1667 2209 1864 2265 videris
1897 2225 2087 2280 quem-

490 2301 630 2371 piam
673 2318 738 2356 ex
768 2299 1058 2356 afflictione
1086 2300 1484 2371 desperantem,
1512 2313 1600 2356 aut
1627 2301 1846 2356 verbum
1869 2300 2084 2371 aliquod

488 2393 743 2450 acerbum
774 2393 1181 2463 proloquentem
1226 2409 1239 2445 :
1289 2408 1356 2447 ne
1385 2392 1440 2446 in
1471 2407 1629 2447 causa
1660 2407 1783 2447 esse
1809 2392 2085 2447 existimes

488 2485 852 2550 allliclionem,
895 2484 990 2539 sed
1023 2484 1276 2555 pusillum
1306 2483 1423 2554 ejus
1443 2483 1534 2554 qui
1561 2484 1794 2554 loquitur
1821 2483 2080 2537 animum.

490 2576 809 2632 Atllictionis
834 2576 979 2632 enim
1004 2583 1193 2631 natura
1229 2575 1367 2630 solet
1405 2574 1625 2630 efﬁcere
1664 2574 1954 2643 contraria,
1997 2583 2083 2629 at-

491 2670 823 2738 tentionem,
869 2668 1033 2724 animi
1073 2667 1470 2733 contritionem,
1516 2669 1773 2723 intentam
1821 2677 2080 2735 mentem,

490 2763 701 2834 pietatis
740 2763 1181 2817 .incrementum.
1246 2762 1509 2829 Quocirca
1576 2761 1787 2817 dicebat
1835 2760 2079 2817 Paulus:

490 2857 700 2928 Aﬁlictio
744 2858 1039 2927 patientiam
1090 2867 1361 2926 aperatur,
1416 2854 1660 2927 patientia
1731 2854 2081 2925 probationem

489 2954 664 3024 (Rom.
707 2952 760 3007 5.
793 2950 873 3026 5).
927 2952 983 3007 Si
1032 2962 1209 3007 autem
1237 2949 1407 3006 Judaei
1439 2949 1621 3005 afﬂicti
1652 2948 2077 3016 murmurabant,

488 3061 593 3099 nun
639 3044 966 3111 aiﬂictionis,
1017 3044 1112 3100 sed
1158 3043 1368 3099 illorum
1414 3042 1663 3098 amentiae
1710 3051 1865 3097 erant
1918 3043 2077 3098 verba

488 3138 924 3193 murmurationis
973 3155 986 3192 :
1019 3134 1444 3208 quandoquidem
1476 3135 1643 3191 sancti
1672 3150 1792 3190 cum
1831 3133 2079 3206 afﬂigun-

487 3243 594 3295 tur,
647 3229 881 3285 evadunt
920 3229 1206 3296 clariores,
1254 3238 1307 3284 et
1355 3229 1629 3298 sapientia:
1679 3227 1857 3283 studio
1906 3229 2077 3299 magis

487 3322 674 3379 dediti.
720 3322 980 3390 Quocirca
1009 3322 1124 3392 ipse
1161 3335 1374 3391 quoque
1407 3320 1617 3375 dicebat
1647 3338 1661 3376 :
1687 3320 1888 3374 Bonum
1929 3321 2076 3389 mihi,

488 3415 723 3483 Domine,
762 3415 898 3487 quod
926 3415 1208 3470 Ituntiliasti
1234 3431 1331 3483 me,
1380 3424 1435 3468 ut
1459 3415 1654 3469 discam
1686 3417 2079 3487 justiﬁcationes

487 3518 598 3562 tuas
628 3506 797 3579 (Psal.
830 3508 952 3563 118.
985 3505 1096 3577 71).
1137 3506 1207 3561 Et
1236 3506 1431 3561 Paulus
1459 3525 1472 3561 :
1506 3506 1572 3560 Et
1598 3517 1805 3578 propter
1829 3508 2078 3578 ingentem

488 3600 887 3672 magnitudinem
914 3600 1296 3667 revelationum,
1337 3616 1402 3654 ne
1428 3600 1577 3655 nimis
1613 3601 1899 3667 extollerer,
1930 3600 2077 3657 datus

485 3702 559 3747 est
601 3693 725 3747 mihi
775 3692 1010 3748 stimulus
1050 3693 1220 3747 carnis
1254 3692 1463 3763 angelus
1499 3704 1712 3757 satanaz,
1758 3693 1845 3764 qui
1879 3709 1959 3748 me
1992 3710 2076 3747 co-

487 3784 725 3855 lup/tizet.
784 3782 890 3839 Pro
921 3801 979 3838 eo
1019 3792 1092 3839 ter
1122 3783 1398 3837 Dominum
1436 3785 1630 3854 rogavi,
1679 3793 1727 3839 et
1753 3786 1883 3839 dixit
1905 3787 2030 3840 mihi
2060 3802 2078 3840 :

488 3881 689 3951 Sufﬁcit
719 3879 807 3933 tibi
846 3879 1010 3951 gratia
1034 3895 1143 3932 mea
1177 3893 1195 3932 :
1224 3878 1380 3932 virtus
1408 3879 1540 3931 enim
1565 3895 1674 3932 mea
1702 3878 1755 3932 in
1784 3879 2077 3948 inﬁrmitate

488 3972 771 4042 perﬁcitur.
804 3968 872 4024 Et
910 3970 1023 4023 ideo
1048 3971 1171 4023 mihi
1203 3970 1376 4039 placeo
1404 3969 1458 4022 in
1485 3969 1856 4039 afﬂictionibus,
1898 3971 1952 4024 in
1989 3972 2074 4024 in-

486 4061 826 4133 ﬁrmitatibus,
875 4061 931 4114 in
981 4060 1462 4132 persequutionibus.
1511 4060 1729 4124 Quando
1755 4062 1887 4116 enim
1930 4062 2077 4132 inﬁr-

484 4170 614 4219 ntor,
656 4163 771 4209 tunc
802 4163 978 4222 potens
1006 4168 1116 4211 sum
1158 4152 1235 4223 (2.
1272 4150 1390 4206 Cor.
1427 4152 1511 4206 12.
1542 4152 1723 4223 ’7-10).
1767 4152 1928 4207 Vides
1952 4168 2074 4208 eum

485 4245 653 4321 magis
677 4242 899 4301 excitari
931 4243 982 4297 in
1010 4242 1315 4309 afﬂictione,
1371 4252 1423 4298 et
1450 4242 1516 4297 ad
1558 4244 1722 4297 Deum
1761 4243 2072 4314 confugere,

487 4350 541 4394 et
567 4339 616 4395 ei
644 4338 812 4393 multo
850 4336 1221 4393 vehementius
1265 4337 1541 4391 adhaerere
1572 4336 1622 4390 in
1653 4337 1769 4406 ipso
1810 4338 2075 4406 profundo

485 4432 749 4488 malorum
801 4430 945 4500 (hoc
972 4430 1116 4485 enim
1147 4429 1249 4484 sibi
1282 4429 1396 4483 vult
1425 4428 1572 4495 illud,
1596 4428 1666 4483 In
1694 4430 1975 4498 deﬁciendo
2012 4448 2077 4486 ea:

485 4543 565 4582 me
604 4526 839 4596 spiritum
881 4540 1045 4578 meum
1068 4522 1111 4595 ),
1156 4534 1211 4578 et
1252 4534 1374 4577 tunc
1399 4522 1788 4594 diligentiorem
1810 4531 1864 4578 et
1889 4523 2076 4578 melio-

482 4635 595 4676 rem
631 4616 816 4674 efﬁci?
863 4614 999 4671 illud
1044 4627 1246 4682 autem,
1309 4614 1378 4668 Et
1432 4625 1488 4668 tu
1541 4615 1816 4686 cognovisti
1872 4616 2076 4671 semitas

482 4728 640 4776 meas,
678 4710 815 4765 alius
859 4710 1122 4780 interpres
1163 4709 1243 4781 (a)
1278 4708 1426 4774 dixit,
1467 4708 1542 4762 Tu
1579 4710 1711 4764 enim
1753 4710 1868 4764 scis.
1902 4708 1972 4764 In
1995 4711 2076 4765 via

484 4804 618 4866 ltac,
678 4818 780 4873 qua
838 4802 1175 4867 ambulabant,
1224 4802 1596 4856 absconderant
1652 4804 1885 4872 laqueata
1927 4804 2071 4857 nti/ti.

481 4896 538 4950 5.
587 4893 981 4949 Considerabam
1020 4895 1086 4947 ad
1125 4897 1419 4959 dexteram,
1479 4904 1524 4948 et
1573 4895 1801 4949 videbam
1843 4912 1861 4950 :
1900 4906 2076 4950 etnon

483 4995 592 5040 erat
630 4986 717 5059 qui
745 4994 1059 5057 cognosceret
1097 5001 1195 5038 me.
1227 4985 1323 5040 llic
1369 4985 1603 5041 ostendit
1629 4988 1897 5058 ingentem
1928 4990 2075 5042 cala-

488 5080 750 5141 mitatem,
779 5086 834 5133 et
867 5077 1007 5134 mala
1053 5077 1393 5147 ampliﬁcata,
1449 5077 1789 5149 hostiumque
1835 5079 2070 5144 insidias,

483 5170 754 5241 quomodo
804 5173 948 5240 prius
982 5176 1344 5237 accesserunt,
1386 5169 1626 5223 volentes
1669 5184 1791 5223 eum
1840 5181 2076 5239 proster-

487 5281 656 5330 nere;
690 5272 746 5319 ct
769 5261 909 5334 quod
938 5272 1024 5317 est
1051 5261 1290 5317 omnium
1324 5260 1717 5331 gravissimum,
1773 5278 1876 5316 non
1917 5262 2077 5317 modo

486 5356 616 5411 nulli
663 5338 819 5409 erant
861 5354 991 5409 socii
1035 5361 1128 5409 aut
1168 5352 1461 5426 adjutores,
1504 5351 1600 5407 sed
1626 5368 1694 5408 ne
1715 5368 1833 5407 eum
1860 5353 2075 5425 quidem

484 5448 906 5519 agnoscebant‘.

557 5540 613 5595 3.
654 5538 975 5595 Calamitosis
1001 5539 1151 5611 pauci
1178 5538 1383 5593 adsunt.
1437 5567 1507 5577 —
1555 5537 1668 5595 Hoc
1711 5546 1797 5592 est
1848 5539 2075 5595 maxima

553 5677 569 5704 ¹
605 5682 752 5733 Unus,
779 5674 865 5722 sed
889 5686 981 5723 non
1003 5679 1125 5730 erat.
1150 5672 1321 5736 inquit.
1347 5673 1429 5734 qui
1453 5686 1526 5723 me
1549 5684 1842 5736 agnosceret.

553 5737 625 5797 (a)
660 5741 910 5794 unctores
933 5737 1009 5787 hic
1025 5743 1327 5786 memoratus
1349 5744 1425 5786 est
1448 5746 1632 5799 symma
1652 5738 1772 5791 ’hus.

1211 249 1268 306 S.
1310 248 1587 305 JO.\NNZS
1623 247 2101 305 CHRYSOSTOMI
2142 249 2455 309 ARCIIIEP.
2494 252 3033 314 CONSTANTINOP.

3657 270 3741 327 ill

2205 363 2461 430 solitudo,
2508 380 2719 422 summa
2763 366 3040 425 derelictio
3088 388 3103 425 :
3156 378 3237 429 est
3278 373 3429 429 enim
3474 389 3745 450 pauonum,

2205 455 2396 513 adesse
2439 457 2493 513 in
2537 459 2952 529 calamitatibus,
2997 471 3053 522 et
3094 478 3246 535 opem
3278 465 3439 531 ferre.
3463 478 3519 525 et
3550 475 3745 532 maxime

2203 547 2420 617 quando
2446 550 2780 608 calamitates
2822 553 3092 610 minantur
3126 557 3379 627 pericula.
3423 558 3524 615 Sed
3553 561 3643 617 hoc
3662 580 3747 621 non

2204 639 2367 694 modo
2396 655 2517 696 cum
2545 657 2652 698 non
2686 644 2845 711 laesit,
2892 645 2988 701 sed
3016 647 3179 703 etiam
3220 649 3371 705 valde
3410 649 3562 721 juvit,
3608 653 3671 709 ita
3705 669 3748 712 ut

2201 745 2324 786 eum
2373 732 2483 788 Deo
2526 733 2847 792 familiarem
2891 734 3100 795 fecerit.
3135 738 3199 795 Et
3236 749 3290 795 tu
3336 756 3485 811 ergo,
3514 757 3547 797 ο
3572 743 3749 816 dilecte,

2201 824 2416 894 quando
2453 826 2653 883 videris
2679 829 2816 884 mala
2841 845 3105 898 crescere,
3138 846 3206 888 ne
3242 834 3516 903 concidas,
3544 852 3634 893 nec
3653 840 3748 893 ani-

2200 930 2347 971 mum
2390 917 2629 989 alijicias,
2679 920 2775 976 sed
2818 922 2894 977 sis
2937 923 3158 994 gnavior
3193 934 3249 980 et
3276 926 3592 995 vigilantior.
3637 929 3752 986 Deus

2203 1011 2347 1064 enim
2380 1010 2501 1065 ideo
2528 1013 2790 1082 permittit
2821 1031 2883 1070 ea
2911 1016 3063 1082 oriri,
3094 1028 3151 1072 ut
3176 1027 3320 1073 tuam
3352 1021 3581 1076 excutiat
3600 1037 3748 1078 socor-

2201 1098 2367 1163 diam,
2403 1112 2459 1156 ut
2488 1112 2539 1159 te
2562 1104 2945 1161 dormitantem
2973 1107 3192 1163 excitet.
3232 1108 3388 1166 Tunc
3414 1112 3551 1166 enim
3576 1115 3749 1168 exscin-

2202 1190 2399 1247 duntur
2441 1196 2619 1250 omnia
2663 1212 3081 1267 supervacanea,
3132 1209 3259 1256 tunc
3314 1204 3493 1258 omnia
3544 1219 3652 1276 quas
3696 1210 3747 1261 ad

2204 1282 2341 1338 hanc
2383 1294 2620 1341 nostram
2669 1289 2830 1344 vitam
2880 1292 3148 1361 pertinent
3188 1294 3494 1363 exspirant,
3546 1306 3661 1353 tunc
3709 1299 3747 1351 in

2203 1375 2446 1431 oratione
2491 1378 2665 1434 evadit
2701 1381 2820 1451 quis
2856 1382 3185 1454 diligentior,
3228 1395 3358 1441 tunc
3397 1385 3466 1441 ad
3489 1386 3745 1460 eleemosy-

2198 1480 2320 1520 nam
2368 1479 2423 1522 et
2472 1470 2540 1522 ad
2590 1473 2792 1527 ventris
2846 1473 3248 1545 despicientiam
3300 1481 3362 1533 tit
3400 1479 3647 1545 alacrior,
3707 1494 3748 1537 et

2195 1564 2612 1635 unumquodque
2634 1567 2798 1621 animi
2828 1568 3009 1623 vitium
3040 1570 3194 1627 facile
3222 1582 3521 1641 superatur,
3549 1572 3743 1644 fugatum

2195 1653 2264 1709 ab
2308 1655 2619 1713 aﬂlictione.
2668 1659 2850 1731 Neque
2889 1662 3032 1717 enim
3063 1662 3132 1719 ab
3162 1663 3317 1719 initio
3345 1675 3405 1720 ut
3432 1680 3526 1720 nos
3553 1668 3742 1735 puniret,

2196 1745 2488 1816 iniplicavit
2525 1764 2623 1805 nus
2661 1751 2931 1808 laboribus
2979 1760 3037 1808 et
3091 1755 3525 1825 argritudinibus,
3570 1757 3740 1812 etiamsi

2194 1838 2266 1892 ita
2319 1842 2691 1908 pronuntiarit,
2754 1854 2811 1898 ut
2856 1844 3101 1915 supplicii
3150 1846 3271 1901 loco
3316 1846 3554 1915 haberet,
3577 1850 3660 1903 sed
3700 1861 3743 1902 ut

2193 1945 2293 1986 nos
2316 1934 2623 2003 castigaret,
2653 1945 2709 1992 et
2738 1937 2987 1992 meliores
3018 1938 3291 1994 redderet.
3335 1939 3391 1997 Si
3413 1942 3547 1996 enim
3575 1956 3679 1996 cum
3704 1953 3741 1995 et

2191 2023 2346 2079 dolor
2371 2026 2666 2096 immineat,
2695 2038 2751 2085 et
2791 2031 2895 2085 vita
2924 2031 2993 2085 sit
3017 2030 3307 2097 laboriosa,
3339 2033 3475 2087 adeo
3503 2033 3741 2089 invalescit

2192 2115 2375 2171 vitium
2408 2134 2422 2171 :
2453 2118 2498 2171 si
2542 2119 2675 2174 nihil
2723 2131 2866 2177 esset
2910 2121 3121 2188 horum,
3152 2139 3261 2193 quo
3290 2124 3500 2179 tandem
3522 2139 3618 2179 non
3642 2139 3741 2195 pro-

2189 2208 2480 2263 cessisset?
2510 2208 2579 2264 Et
2601 2211 2726 2281 quid
2771 2213 3004 2278 miraris,
3046 2213 3094 2268 si
3143 2213 3212 2268 ita
3241 2223 3329 2269 est
3356 2215 3410 2269 in
3438 2216 3624 2282 animo,
3646 2230 3740 2270 cum

2188 2297 2353 2353 etiam
2378 2300 2431 2354 in
2457 2304 2773 2371 corporibus
2798 2304 2868 2357 sit
2893 2303 3090 2359 bonum
3131 2304 3378 2374 amictio,
3400 2316 3455 2361 et
3478 2322 3623 2378 supra
3646 2323 3739 2361 mo-

2188 2388 2316 2444 dum
2346 2389 2553 2446 deliciis
2594 2394 2842 2463 perfundi
2870 2410 3086 2451 carnem
3116 2396 3188 2451 sit
3217 2398 3375 2453 valde
3403 2399 3644 2453 noxium?
3689 2399 3739 2453 Et

2187 2481 2387 2552 alioqui
2424 2483 2551 2538 dum
2597 2486 2831 2557 undique
2867 2499 3135 2557 ponuntur
3163 2489 3397 2557 insidias,
3442 2492 3493 2546 id
3531 2491 3741 2546 homines

2185 2574 2362 2629 reddit
2401 2586 2589 2633 cautos
2624 2587 2679 2634 et
2721 2581 3140 2652 cireumspectos
3170 2601 3186 2638 :
3212 2592 3274 2638 et
3310 2585 3354 2640 si
3379 2584 3735 2649 attenderimus,

2186 2666 2322 2721 nihil
2374 2667 2555 2724 damni
2618 2672 2928 2741 accipimus.
2997 2673 3068 2728 Et
3121 2674 3246 2730 ideo
3303 2676 3431 2732 dicit
3475 2677 3733 2749 quiSpiam,

2184 2756 2416 2830 Agnosce
2464 2761 2599 2831 quod
2654 2765 2841 2820 transis
2884 2765 2936 2819 in
2979 2766 3146 2821 medio
3193 2766 3506 2840 laqueorum,
3535 2782 3577 2823 et
3610 2785 3733 2837 supra

2184 2852 2444 2906 civitatum
2485 2842 2670 2925 pinnas
2716 2857 2947 2912 ambulas
3015 2856 3201 2930 (Eccli.
3234 2862 3295 2916 9.
3343 2862 3427 2916 13.
3454 2862 3505 2915 in
3529 2858 3729 2929 Graeco),

2184 2953 2240 2998 et
2287 2943 2405 3011 hic,
2478 2944 2545 2999 In
2611 2947 2713 3014 via,
2767 2963 2867 3016 qua
2904 2949 3253 3017 ambulabant,
3303 2952 3642 3006 absconderant
3672 2951 3731 3003 la-

2183 3051 2368 3105 queum
2411 3037 2555 3092 nti/ti.
2607 3037 2759 3106 Quod
2790 3039 2837 3094 si
2869 3040 2989 3110 quis
3012 3040 3126 3096 haec
3151 3042 3317 3096 etiam
3347 3043 3612 3112 sumpserit
3630 3057 3731 3094 ana-

2180 3130 2392 3201 gogice,
2445 3130 2651 3186 videbit
2691 3131 2793 3187 hoc
2842 3134 3015 3202 ipsum
3055 3135 3341 3190 facientem
3378 3135 3642 3201 diabolum,
3684 3140 3726 3186 et

2182 3237 2289 3277 non
2326 3226 2531 3299 procul,
2577 3224 2671 3280 sed
2712 3240 2879 3296 prope
2919 3226 3282 3282 occultantem
3326 3226 3550 3283 insidias.

2252 3312 2485 3380 Laqueos
2522 3315 2675 3369 etiam
2717 3317 2772 3369 in
2811 3317 3004 3371 virtutis
3051 3319 3291 3372 emcitio
3336 3318 3487 3372 tendit
3512 3315 3719 3370 diabolus.

2180 3406 2537 3476 —Quocirca
2586 3424 2779 3480 magna
2826 3410 2981 3465 nobis
3030 3410 3310 3481 vigilantia
3354 3426 3483 3481 opus
3514 3420 3603 3466 est.
3643 3408 3723 3462 0c-

2180 3499 2345 3554 cultat
2389 3499 2535 3555 enim
2580 3501 2848 3571 laqueum,
2898 3515 3092 3571 nempe
3127 3502 3181 3557 in
3211 3502 3540 3574 eleemosyna
3568 3513 3717 3554 vanam

2178 3590 2430 3662 gloriam,
2475 3594 2529 3647 in
2574 3593 2783 3663 jejunio
2822 3594 3204 3666 arrogantiam,
3250 3612 3357 3650 non
3400 3597 3451 3650 in
3490 3594 3615 3657 aliis,
3645 3589 3718 3643 sed

2181 3684 2237 3739 in
2267 3685 2396 3755 ipsis
2438 3685 2561 3753 viis,
2603 3685 2658 3741 in
2707 3687 2898 3756 quibus
2945 3687 3307 3755 ambulamus,
3336 3686 3472 3759 quod
3496 3694 3570 3740 est
3594 3684 3717 3750 longe

2179 3778 2577 3850 gravissimum.
2626 3778 2790 3835 Periit
2842 3784 2967 3853 fuga
3014 3798 3047 3835 a
3091 3798 3192 3835 me.
3252 3783 3381 3838 Vide
3406 3793 3572 3836 rursus
3593 3775 3715 3830 aliam

2180 3870 2441 3926 malorum
2494 3873 2878 3928 accessionem.
2933 3872 3180 3929 Ostendit
3235 3876 3378 3931 enim
3437 3887 3533 3928 non
3578 3868 3714 3924 solum

2178 3978 2299 4018 esse
2341 3963 2399 4022 in
2446 3964 2547 4018 viis
2602 3964 2842 4037 laqueos,
2899 3979 3002 4020 nec
3052 3965 3223 4020 ullum
3275 3966 3433 4019 fuisse
3470 3962 3550 4033 qui
3589 3971 3715 4029 opem

2178 4055 2345 4111 ferret
2392 4069 2448 4111 et
2503 4069 2858 4128 agnosceret;
2915 4060 3007 4114 sed
3043 4075 3141 4114 nec
3169 4060 3312 4131 quod
3342 4059 3579 4130 reliquum
3617 4051 3711 4123 qui-

2178 4147 2299 4203 dem
2330 4157 2413 4203 est
2452 4149 2521 4203 ad
2543 4148 2870 4218 evasionem,
2922 4162 2981 4205 ut
3018 4150 3142 4221 fuga
3178 4152 3337 4207 saluti
3364 4167 3469 4206 sua.-
3494 4146 3711 4207 consulat,

2179 4240 2232 4296 id
2276 4241 2377 4297 sibi
2410 4257 2530 4298 esse
2557 4254 2860 4314 proruptum
2888 4254 2941 4300 et
2969 4245 3296 4315 expeditum.
3347 4246 3420 4299 Ita
3463 4244 3512 4298 in
3559 4237 3712 4294 mediis

2178 4334 2334 4388 malis
2385 4334 2712 4405 interceptus
2763 4336 2955 4405 fuerat,
2988 4353 3088 4393 nec
3112 4337 3272 4409 eﬂ'ugi
3305 4342 3504 4410 poterat
3533 4328 3710 4385 calami-

2180 4434 2295 4479 tas:
2330 4435 2385 4479 et
2414 4434 2685 4481 tamenne
2712 4428 2790 4482 sic
2824 4428 3041 4499 quidem
3085 4429 3421 4500 desperabat.
3458 4424 3521 4479 Et
3544 4438 3628 4476 non
3655 4427 3711 4472 est

2178 4518 2263 4587 qui
2306 4518 2529 4589 requirat
2570 4519 2793 4572 animam
2841 4535 3004 4573 meam
3026 4539 3052 4574 .·
3092 4521 3192 4575 hoc
3227 4530 3328 4584 est,
3356 4520 3449 4588 Qui
3483 4511 3706 4573 defendat.

2172 4611 2268 4683 μυί
2310 4625 2466 4680 opem
2520 4611 2673 4665 ferat.
2710 4610 2848 4677 Quid
2890 4611 2977 4666 hic
3022 4612 3192 4683 ergo?
3240 4608 3494 4680 Numquid
3530 4618 3630 4660 cum
3668 4600 3707 4651 iu

2180 4713 2324 4758 tanta
2370 4713 2677 4758 versaretur
2725 4703 2922 4773 inopia,
2955 4712 3011 4759 et
3039 4712 3183 4759 tanta
3212 4708 3528 4775 premeretur
3560 4704 3704 4750 rerum

2140 4786 2509 4864 difficultate,
2561 4797 2863 4867 desperavit
2920 4797 3186 4853 salutem?
3230 4796 3584 4866 Nequaquam;
3630 4779 3703 4836 δαί

2178 4892 2244 4946 ad
2280 4892 2445 4947 Deum
2484 4892 2662 4946 statim
2691 4889 2947 4962 confugit,
2979 4898 3035 4946 et
3067 4890 3196 4946 dicit
3225 4907 3238 4943 :
3273 4889 3327 4944 6.
3350 4881 3557 4943 Claman
3580 4876 3637 4930 ad
3651 4883 3701 4933 te.

2180 4982 2417 5046 Domine,
2464 4981 2590 5047 dixi,
2637 4980 2719 5034 Tu
2756 4998 2807 5035 es
2842 4997 2956 5052 spes
2983 4997 3116 5049 mea,
3163 4980 3323 5051 portio
3367 4992 3468 5030 mea
3516 4972 3562 5024 in
3599 4975 3703 5018 terra

2181 5079 2469 5129 viventium.
2519 5073 2704 5128 Vidisti
2765 5075 3067 5129 cautionem
3113 5072 3276 5128 animi
3316 5079 3370 5126 et
3411 5057 3700 5136 vigilatum”-

2180 5168 2315 5222 Mala
2345 5182 2466 5222 eum
2507 5169 2727 5223 minime
2779 5167 3097 5235 obruerunt,
3143 5166 3239 5222 sed
3286 5161 3444 5233 magis
3470 5151 3700 5211 erexerunt

2180 5271 2236 5317 et
2287 5262 2589 5319 extulerunt
2636 5279 2649 5315 :
2701 5269 2757 5316 et
2796 5276 2915 5316 cum
2957 5261 3010 5316 in
3058 5274 3263 5315 summa
3307 5262 3443 5312 esset
3483 5243 3628 5314 inopi“
3661 5241 3699 5289 ⁸⁸

2181 5371 2358 5410 rerum
2382 5356 2618 5410 omnium
2649 5353 2980 5421 difficultate,
3009 5354 3223 5425 agnovit
3246 5361 3447 5406 manum
3474 5337 3693 5425 invicuun.

2181 5455 2236 5501 et
2275 5447 2415 5500 vires
2450 5447 2876 5515 omnipotentes,
2907 5454 2962 5501 et
2989 5447 3044 5501 in
3073 5445 3233 5500 rebus
3256 5434 3502 5509 impeditis
3527 5421 3695 5481 facilem

2180 5540 2439 5595 evadendi
2473 5542 2754 5594 rationem.
2787 5537 2931 5605 Dixi,
2967 5536 3047 5592 Tu
3070 5554 3121 5593 es
3145 5554 3256 5608 spes
3283 5548 3404 5587 mea.
3449 5515 3693 5608 lieprobattl

2182 5640 2324 5698 sunt,
2358 5632 2546 5701 inquit,
2595 5630 2823 5685 humana
2873 5631 3073 5695 omnia,
3125 5639 3180 5684 et
3215 5631 3476 5693 tcum-stas
3499 5604 3691 5711 adeoest

2186 5726 2331 5783 omni
2364 5727 2559 5782 auxilio
2583 5726 2846 5797 superior,
2874 5735 2927 5780 ut
2960 5724 3104 5780 nulla
3133 5731 3246 5779 ante
3266 5713 3415 5794 possit
3439 5705 3568 5764 vitari
3587 5705 3687 5749 natl'
