3928 6402
212 286 306 342 Μῗί

128 408 145 421 ’
211 394 348 463 tur-ﬁ
380 395 465 461 εὶς
508 393 753 463 ὄλεθρον
802 393 916 462 τῆς
956 392 1185 464 σαρκὸς
1205 434 1220 461 ,
1270 397 1374 452 ἵνα
1418 397 1485 452 τὸ
1534 398 1771 468 πνεῦμα

211 479 384 548 σωθῇ.
410 478 517 532 Kal
542 477 841 547 Κορινθίοις
870 479 1220 542 ἐπιστέλλων.
1251 480 1404 550 ἔλεγε
1425 500 1437 512 ο
1466 484 1570 538 Διὰ
1594 484 1773 538 τοῦτο

192 553 273 619 ’ἐν
297 562 433 631 ὑμῖν
467 560 679 615 πολλοὶ
716 562 1013 628 ἀσθενεῖς,
1053 563 1151 616 καὶ
1179 562 1493 632 ἇῤῥωστοι,
1524 566 1624 619 καὶ
1655 583 1775 619 κοι-

208 648 417 719 μῶνται
453 647 662 700 ἱκανοί.
701 649 773 700 El
808 648 919 716 γὰρ
948 647 1205 715 ἑαυτοὺς
1235 647 1624 719 διεκρίνομεν,
1661 652 1773 704 οὐκ

210 732 279 787 ἂν
311 730 669 799 ἐκρινόμεθα.
707 731 1056 799 Κρινόμενοι
1097 730 1167 785 δὲ
1210 730 1332 786 ὑπὸ
1364 733 1587 799 Κυρίου
1635 748 1770 785 παι-

208 816 505 884 δευόμεθα,
543 814 641 866 ἵνα
677 812 762 882 μὴ
790 814 915 869 σὺν
949 811 1029 879 τῷ
1061 816 1270 883 κόσμῳ
1306 815 1771 885 κατακριθῶμεν.

210 899 310 953 Kal
351 896 426 968 τῷ
474 896 710 968 πλουσίῳ
749 901 777 950 ὁ
812 897 1063 970 ’Λϐραάμ
1109 898 1293 967 ἔλεγε·
1345 899 1661 965 Ἀπέλαϐες
1703 900 1777 955 τὰ

208 981 385 1052 ἀγαθά
414 996 531 1035 σου
568 982 638 1035 ἐν
665 980 741 1050 τῇ
768 981 882 1051 ζωῇ
918 996 1056 1047 σου,
1085 982 1185 1036 καὶ
1212 980 1476 1051 Λάζαρος
1506 983 1580 1038 τὰ
1619 984 1778 1037 κακὰ

208 1064 401 1120 αὑτοῦ·
434 1066 530 1119 καί
565 1064 682 1119 νῦν
707 1064 826 1134 μὲν
873 1062 1052 1132 οὗτος
1097 1066 1559 1133 παρακαλεῖται,
1598 1066 1681 1119 σὺ
1709 1066 1779 1119 δὲ

210 1146 512 1204 ὀδυνᾶσαι.
538 1148 645 1202 Kal
664 1147 693 1199 ὁ
717 1148 880 1202 Δαυῖδ
908 1149 965 1202 δὲ
994 1151 1156 1219 ἡνίκα
1184 1149 1346 1203 αὐτὸν
1372 1150 1722 1220 κατηράσατο
1750 1162 1775 1190 ιι

210 1234 236 1285 ὁ
263 1232 466 1298 Σεμεεὶ,
494 1230 677 1299 ἔλεγεν
696 1249 709 1263 ·
731 1232 907 1299 Ἄφες
939 1231 1126 1285 αὐτὸν
1157 1231 1534 1300 καταρᾶσθαι
1558 1250 1655 1302 με,
1687 1232 1777 1286 ὅτι

211 1316 406 1383 Κύριος
435 1313 593 1380 αὐτῷ
623 1315 985 1379 ἐνετείλατο,
1014 1315 1173 1381 ὅπως
1197 1315 1276 1373 ἂν
1301 1315 1398 1384 ἴδῃ
1432 1315 1548 1385 τὴν
1577 1317 1778 1370 ταπεί-

208 1400 385 1453 νωσιν
405 1416 545 1467 μου.
574 1399 684 1452 Kal
717 1397 993 1468 πανταχοῦ
1039 1398 1147 1452 τῶν
1185 1398 1415 1470 Γραφῶν
1448 1400 1776 1471 εὑρήσομεν,

208 1482 281 1535 ὃτι
320 1485 366 1535 οί
397 1482 496 1545 τὰς
538 1481 748 1552 θλίψεις
796 1480 1132 1552 εὐχαρίστως
1186 1481 1472 1554 φέροντες,
1518 1483 1578 1536 οὐ
1618 1484 1778 1553 μόνον

209 1564 365 1621 πολλά
391 1564 500 1617 τῶν
532 1565 947 1635 ἁμαρτημάτων
994 1563 1334 1628 διαλύονται,
1377 1562 1516 1618 ἀλλά
1572 1567 1669 1618 καὶ
1711 1565 1772 1619 οὐ

210 1648 399 1719 μικρὰν
432 1647 685 1701 ἐντεῦθεν
732 1647 969 1703 κτῶνται
1007 1646 1144 1718 πρὸς
1184 1646 1277 1703 τὸν
1308 1648 1441 1702 Θεὸν
1490 1649 1587 1720 τὴν
1638 1651 1781 1723 παρ-

210 1732 407 1802 ρησίαν.
426 1732 523 1784 Ἐν
550 1730 633 1797 τῷ
661 1731 968 1785 ἐκλείπειν
997 1731 1067 1795 ἐξ
1099 1731 1246 1800 ἐμοῦ
1276 1730 1343 1784 τὸ
1371 1732 1608 1801 πνεῦμά
1635 1751 1776 1801 μου,

209 1816 295 1868 καὶ
336 1814 415 1869 σὺ
453 1816 645 1885 ἔγνως
690 1817 797 1881 τὰς
840 1816 1078 1882 τρίϐους
1109 1832 1249 1883 μου.
1298 1817 1425 1869 Ὅτε
1460 1817 1696 1886 μάλιστα
1728 1818 1776 1870 οἱ

212 1898 519 1968 μικρόψυχοι
566 1897 676 1951 τῶν
719 1897 1021 1969 ἀνθρώπων
1067 1898 1456 1965 ἀναπίπτουσι,
1502 1899 1688 1953 πολλοὶ
1722 1900 1780 1954 δὲ

209 1982 292 2033 καὶ
323 1980 582 2052 δύσφημα
611 1980 640 2020 Ῑι
681 1982 903 2052 ῥήματα
948 1980 1296 2051 φθέγγονται,
1328 1982 1450 2035 τότε
1482 1977 1632 2046 οὗτος
1677 1984 1780 2054 μά-

206 2063 349 2118 λιστα
392 2065 706 2135 φιλοσοφεῖ,
746 2063 1063 2119 διδάσκαλον
1094 2065 1234 2137 ἔχων
1277 2066 1374 2137 τῆς
1415 2066 1653 2137 σπουδῆς
1680 2066 1779 2139 τὴν

208 2146 388 2216 θλίψιν.

269 2230 429 2282 Ὅταν
470 2223 575 2283 οὖν
603 2228 720 2299 ἴδῃς
758 2226 883 2281 τινά
909 2227 1356 2297 ἀπογινώσκοντα
1384 2229 1494 2285 ἀπὸ
1524 2230 1777 2302 θλίψεως,

202 2313 231 2384 ἤ
266 2312 451 2385 πικρόν
480 2330 547 2366 τι
577 2313 729 2383 ῥῆμα
757 2311 1150 2383 φθεγγόμενον,
1185 2313 1260 2384 μὴ
1289 2313 1387 2386 τὴν
1420 2314 1599 2385 θλίψιν
1626 2315 1778 2388 [444]

200 2398 361 2451 αἰτίαν
406 2395 577 2467 ἡγοῦ,
610 2394 748 2449 ἀλλά
776 2395 875 2467 τὴν
930 2396 1299 2468 μικροψυχίαν
1330 2396 1426 2451 τοῦ
1461 2398 1637 2453 ταῦτα
1680 2400 1781 2453 λα-

198 2479 396 2543 λοῦντος
421 2491 469 2534 ε.
519 2480 633 2549 Τῆς
666 2478 774 2550 γὰρ
801 2478 1036 2548 θλίψεως
1062 2481 1096 2550 ἡ
1126 2479 1287 2548 φύσις
1313 2479 1385 2534 τά
1421 2483 1643 2535 ἐναντία
1682 2500 1781 2536 κα-

198 2562 550 2627 τασκευάζειν
597 2561 786 2626 εἴωθε,
824 2562 1118 2635 προσοχὴν,
1166 2563 1456 2635 συντριϐὴν
1503 2565 1776 2629 διανοίας,

199 2647 593 2718 συντεταμέψην
625 2645 877 2718 γνώμην,
908 2646 1193 2711 εὐλαϐείας
1235 2648 1508 2707 ἐπίτασιν.
1550 2650 1645 2703 Διὸ
1688 2652 1782 2705 καὶ¹

198 2732 223 2783 ὁ
248 2730 445 2794 Παῦλος
478 2730 709 2799 ἔλεγεν
753 2730 817 2784 Ἠ
863 2731 1070 2799 θλίψις
1118 2731 1441 2800 ὑπομονὴν
1490 2734 1780 2805 κατεργά-

199 2813 352 2879 ζεται,
384 2817 422 2885 ἡ
451 2814 536 2869 δὲ
570 2813 851 2883 ὑπομονὴ
890 2813 1165 2883 δοκιμήν.
1196 2813 1260 2869 Et
1293 2815 1351 2870 δὲ
1383 2816 1627 2872 Ἰουδαῖοι
1667 2818 1783 2874 θλι-

200 2896 394 2969 ϐόμενοι
421 2897 756 2967 ἐγόγγυζον,
796 2896 856 2950 οὐ
886 2896 988 2967 τῆς
1026 2896 1276 2966 θλίψεως,
1320 2898 1456 2955 ἀλλά
1487 2900 1585 2970 τῆς
1634 2901 1783 2954 ὲκεί-

198 2997 292 3035 νων
326 2981 522 3045 ἀνοίας
558 2975 627 3051 ἦν
669 2979 737 3033 τὰ
766 2978 859 3032 τοῦ
905 2980 1220 3050 γογγυσμοῦ
1266 2982 1517 3054 ῥήματα·
1559 2984 1685 3037 ἐπεὶ
1730 2985 1782 3037 οἱ

106 3096 114 3105 -
199 3062 328 3132 ἅγιοι
374 3063 726 3133 θλιϐόμενοι,
782 3061 1152 3134 λαμπρότεροι
1207 3064 1303 3116 καὶ
1355 3063 1782 3137 φιλοσοφώτεροι

200 3147 431 3216 ἐγίνοντο.
460 3146 570 3201 Διὸ
612 3146 707 3200 καὶ
734 3145 920 3214 ἔλεγεν
962 3146 1125 3210 αὐτὸς
1153 3141 1334 3211 οὗτος·
1382 3148 1620 3217 Ἀγαθόν
1654 3169 1780 3221 μοι,

204 3232 379 3300 Κύριε.
418 3232 529 3287 ὅτι
577 3228 987 3296 ὰαπείνωσὰς
1029 3247 1125 3299 με,
1173 3230 1335 3298 ὅπως
1385 3231 1463 3285 ἂν
1500 3232 1669 3302 μάθω
1710 3237 1784 3290 τὰ

200 3313 555 3386 δικαιώματά
594 3329 730 3369 σου.
768 3314 878 3367 Kal
898 3315 927 3366 ὁ
958 3313 1198 3376 Παῦλος·
1228 3314 1336 3368 Καὶ
1370 3313 1446 3384 τῇ
1476 3317 1781 3387 ὑπερϐολῇ

199 3400 305 3453 τῶν
336 3399 821 3473 ἀποκαλύψεων,
858 3397 958 3450 ἵνα
995 3397 1082 3467 μὴ
1130 3398 1553 3470 ὑπεραίρωμαι,
1603 3401 1781 3473 ἐδόθη

196 3496 281 3555 μοι
319 3484 580 3551 σκόλοψ
627 3480 703 3549 τῇ
752 3470 933 3550 σὰρκὶ
983 3480 1239 3551 ἄγγελος
1293 3482 1513 3549 Σατᾶν,
1562 3484 1664 3539 ἵνα
1707 3470 1781 3556 με

199 3565 493 3637 κολαφίζῃ·
548 3562 717 3633 ’Υπὲρ
743 3565 961 3618 τούτου
990 3564 1120 3631 τρίς
1145 3563 1255 3617 τὸν
1280 3566 1501 3634 Κύριον
1527 3568 1783 3637 παρεκά-

195 3652 365 3714 λεσα,
416 3647 529 3704 καὶ
564 3647 769 3717 εῖρηκέ
794 3662 922 3717 μοι’
963 3645 1151 3714 Ἀρκεῖ
1187 3660 1290 3700 σοι
1332 3648 1505 3717 χάρις
1537 3669 1679 3720 μου.
1724 3652 1787 3710 Ἠ

197 3732 297 3815 γὰρ
343 3734 614 3802 δύναμις
653 3747 774 3799 μου
826 3722 1243 3815 ἐνΑάσθενείᾳί
1274 3731 1637 3815 τελειοῦται*
1688 3733 1783 3789 διὸ

195 3812 408 3871 εὐδοκῶ
439 3818 523 3871 ὲν
556 3815 866 3883 θλίψεσιν,
894 3812 961 3866 ἐν
995 3812 1355 3880 ἀσθενείαις,
1392 3816 1462 3868 ἐν
1484 3814 1777 3887 διωγμοῖς.

200 3901 319 3956 Ὅτε
360 3902 472 3973 γὰρ
522 3897 793 3964 ἀσθενῶ,
833 3897 966 3951 τότε
1012 3896 1273 3963 δυνατός
1305 3900 1441 3967 ειμι.
1479 3899 1646 3972 Ὁρᾷς
1688 3905 1782 3958 καὶ

200 3981 374 4038 τοῦτον
416 3985 474 4038 ἐν
521 3984 592 4053 τῇ
620 3980 796 4050 θλίψει
836 3979 1033 4051 μᾶλλον
1061 3979 1479 4052 διεγειρόμενον,
1520 3985 1613 4038 καὶ
1647 3986 1783 4058 πρὸς

198 4067 284 4122 τὸν
326 4068 458 4121 Θεὸν
505 4062 957 4133 καταφεύγοντα,
1005 4064 1097 4117 καὶ
1134 4064 1395 4128 μειζόνως
1425 4067 1784 4139 ἀντεχόμενον

199 4150 352 4204 αὐτοῦ
396 4149 542 4221 μετά
587 4147 789 4215 σωλλῆς
831 4144 931 4215 τῆς
965 4145 1355 4218 σφοδρότητος,
1404 4149 1500 4201 καὶ
1544 4151 1603 4203 ἐν
1635 4152 1784 4223 αὐτῷ

197 4233 271 4305 τῷ
306 4234 549 4306 πυθμένι
587 4232 698 4286 τῶν
739 4232 924 4286 κακῶν
964 4230 1142 4303 (τοῦτο
1186 4231 1298 4302 γάρ
1348 4233 1520 4295 ἐστιν,
1565 4233 1661 4286 Ἑν
1703 4234 1785 4301 τῷ

197 4318 499 4372 ἐκλείπειν
524 4317 596 4383 ἐξ
624 4316 772 4385 ἐμοῦ
801 4316 866 4370 τὸ
902 4313 1143 4383 πνεῦμά
1180 4314 1350 4384 μου),
1396 4316 1492 4368 καὶ
1519 4316 1640 4371 τότε
1679 4321 1784 4390 μά-

198 4400 348 4457 λιστα
397 4401 821 4471 σπουδαιότερον
872 4398 1191 4468 γινόμενον;
1242 4397 1315 4450 Τὸ
1356 4396 1434 4464 δὲ,
1469 4399 1555 4457 Σὺ
1595 4402 1785 4473 ἔγνως

198 4486 299 4552 τὰς
328 4485 575 4554 τρίϐους
603 4502 750 4553 μου,
787 4482 975 4554 ἕτερος
1005 4480 1347 4552 ἑρμηνευτὴς
1376 4477 1519 4546 εἷπε,
1549 4484 1634 4538 Σὺ
1671 4487 1784 4555 γὰρ

198 4563 382 4635 οἶδας.
438 4568 538 4622 Ἐν
579 4566 699 4633 ὀδῷ
735 4566 945 4634 ταύτῃ,
991 4557 1032 4635 ᾗ
1068 4563 1465 4633 ἐπορευόμην,
1505 4565 1785 4637 ἔκρυψαν

197 4652 415 4721 παγίδα
438 4669 566 4723 μοι.
592 4649 935 4705 Κατενόουν
956 4649 1044 4713 είς
1076 4644 1150 4701 τὰ
1187 4644 1376 4713 δεξιὰ,
1417 4648 1518 4701 καὶ
1542 4649 1784 4704 ἐπέϐλε-

199 4749 343 4788 am"
372 4735 475 4790 καὶ
505 4736 618 4790 οὐκ
650 4730 731 4805 ἦν
754 4735 788 4787 ὁ
816 4728 1225 4800 ἐπιγινώσκων
1246 4746 1344 4800 με.
1392 4731 1655 4789 Ἐνταῦθα
1684 4735 1784 4807 τὴν

198 4817 445 4872 ἐπίτασιν
473 4817 576 4887 τῆς
606 4816 893 4886 συμφορᾶς
934 4815 1030 4867 καὶ
1072 4812 1141 4869 τὰ
1181 4812 1329 4866 δεινά
1370 4812 1643 4883 αὐξόμενα
1673 4815 1782 4871 δεί.

198 4916 372 4965 κνυσι,
404 4901 506 4955 καὶ
536 4899 645 4953 τῶν
684 4897 960 4969 πολεμίων
989 4896 1089 4961 τὰς
1119 4895 1435 4960 ἐπιϐουλὰς,
1475 4897 1591 4962 mh;
1624 4918 1785 4972 προσ-

196 4981 362 5055 ῄεσαν
411 4985 510 5038 καὶ
544 4982 825 5054 ἐγγυτέρω
872 4980 1133 5050 ἐγίνοντο,
1180 4979 1492 5050 βουλόμενοι
1547 4982 1784 5039 ὐποσκε-

197 5065 340 5121 λίσαι
357 5084 372 5098 ·
405 5068 506 5121 καὶ
533 5068 594 5120 τὸ
615 5067 680 5137 δὴ
710 5062 1108 5137 χαλεπώτερον,
1131 5063 1214 5116 ὅτι
1235 5063 1297 5116 οὐ
1331 5064 1490 5133 μόνον
1518 5066 1618 5120 οὐκ
1643 5064 1783 5139 ἦσαν

196 5151 345 5221 αὐτῷ
375 5169 525 5217 τινες
576 5149 822 5223 βοηθοὶῆ
869 5146 1171 5219 σύμμαχοι,
1214 5147 1328 5201 ἀλλ’
1355 5149 1475 5202 οὐδέ
1522 5152 1789 5222 ἐπεγίνω-

198 5249 325 5287 σκον
347 5232 399 5288 ἀ.

268 5315 333 5383 β’.
353 5315 532 5369 Τοῦτο
557 5317 590 5388 ἠ
632 5313 878 5379 ἐπίτασις
900 5310 1003 5384 τῆς
1034 5311 1292 5385 ἐρημίας.
1323 5315 1356 5385 ἡ
1390 5315 1662 5391 ὑπερθολὴ
1686 5321 1785 5392 τῆς

259 5428 294 5492 ‘_
309 5430 406 5478 Alii
431 5434 690 5492 κατηρᾶτο·
732 5440 845 5490 quas
879 5433 1047 5492 ιιᾳξοω
1093 5424 1172 5474 hic
1208 5427 1496 5492 referu_n_tu_r
1537 5433 1688 5484 verba
1720 5449 1782 5486 ex

198 5487 242 5538 ll
265 5489 392 5552 Reg.
419 5502 523 5549 xu,
545 5485 638 5539 iion
672 5485 842 5554 par'um
877 5485 1117 5538 ὤσει-ωλι
1138 5501 1165 5536 a
1190 5494 1329 5539 textu
1354 5489 1556 5542 Biblico.

261 5549 290 5590 δ
314 5549 412 5600 Alii
436 5552 664 5600 δυσγεοῆ.

263 5558 290 5590 ο
314 5558 412 5600 Alii
436 5558 664 5623 δυσχερῆ.

263 5615 286 5642 ι’
313 5612 453 5661 Unus
477 5628 738 5669 ποιουντος.

262 5674 289 5738 ς
319 5679 461 5738 υειιιε
483 5674 583 5722 ἀλλ’
606 5675 716 5738 οὐδὲ
736 5674 813 5732 ἦν,
835 5674 992 5738 φησὶν,
1012 5672 1037 5720 δ
1056 5671 1380 5734 ἐπιγινώσκων
1402 5690 1474 5738 με.
1501 5674 1609 5727 Mox
1634 5677 1784 5731 Savil.

206 5732 344 5787 τοῦτο
365 5732 578 5793 ἐπίτασις
598 5737 806 5801 ἐρημίας.

1297 284 1664 347 ΕΧΡο51Τ10
1699 288 1767 346 ΙΝ
1803 287 2136 347 PSALMUM
2172 288 2351 346 CXLl:

3361 288 3460 346 ιιι

1877 400 2311 471 ἀλλοτριώσεως·
2349 398 2544 468 ὀλίγων
2609 400 2720 472 γάρ
2775 400 2893 454 ἐστι
2937 397 2998 451 τὸ
3046 396 3105 451 ἐν
3154 406 3462 471 συμφοραῖς

1876 487 2131 556 παρεῖναι
2162 484 2256 537 καὶ
2285 482 2522 553 βοηθεῖν,
2550 483 2646 536 καὶ
2680 482 2920 553 μάλιστα
2948 482 3075 536 ὅταν
3100 483 3155 535 αἱ
3182 488 3462 555 συμφοραὶ

1876 566 2153 633 κινδύνους
2198 565 2513 620 ἀπειλῶσιν.
2556 565 2718 619 Ἀλλά
2761 564 2922 618 τούτο
2969 565 3033 618 οὐ
3084 565 3246 636 μόνον
3299 568 3461 621 αὐτὸν

1874 652 1974 704 οὐκ
2000 650 2251 719 ἔϐλαψεν,
2292 649 2426 702 ἀλλὰ
2465 648 2558 702 καὶ
2590 648 2851 719 μειζόνως
2892 647 3166 719 ὠφέλησε,
3201 649 3339 719 πρὸς
3369 654 3461 704 τὸν

1875 732 2008 787 Θεὸν
2041 732 2202 785 αὐτὸν
2226 731 2530 785 οἰκειῶσαν.
2557 731 2666 784 Καὶ
2695 731 2758 783 σὺ
2788 731 2986 796 τοίνυν,
3017 731 3294 801 ἀγαπητέ,
3333 734 3462 787 ὅταν

1879 815 1995 889 ἴδῃς
2027 815 2299 886 αὐξόμενα
2346 814 2414 868 τὰ
2462 813 2632 876 δεινὰ,
2669 813 2744 885 μὴ
2789 813 3097 886 ἀναπέσῃς,
3145 815 3287 869 ἀλλά
3322 819 3461 886 νῆφε

1881 899 2162 972 μειζόνως.
2207 897 2306 951 Διά
2342 897 2450 967 γὰρ
2492 896 2652 950 τοῦτο
2693 896 2918 966 ἀφίησιν
2962 900 2990 951 6
3027 899 3159 962 Θεὸς
3209 900 3461 971 αῖρεσθαι

1878 983 2040 1046 αὐτὰ,
2067 982 2155 1035 ἵνα
2192 998 2286 1034 σου
2318 980 2417 1051 τὴν
2469 980 2739 1051 ρᾳθυμίαν
2773 980 3089 1053 ἀποτινάξῃ,
3132 981 3218 1034 ἴνα
3257 998 3317 1035 σε
3357 983 3463 1051 ἀφ-

1880 1066 2078 1138 υπνίσῃ
2099 1064 2452 1120 καθεύδοντα.
2483 1063 2619 1117 Τότε
2641 1063 2748 1135 γὰρ
2768 1076 2791 1103 ο
2815 1065 2990 1118 πάντα
3019 1066 3086 1118 τὰ
3102 1066 3329 1137 περιττὰ
3359 1083 3460 1119 πε-

1880 1149 2218 1225 ρικόπτεται,
2249 1148 2373 1200 τότε
2407 1146 2587 1201 πάντα
2621 1149 2923 1218 ἐκφυσᾶται
2954 1147 3021 1201 τά
3052 1147 3307 1217 βιωτικὰ,
3338 1149 3462 1202 τότε

1877 1233 1937 1284 ἐν
1970 1234 2244 1302 προσευχῇ
2277 1230 2691 1301 σπουδαιότερος
2720 1229 2948 1299 γίνεται,
2991 1230 3129 1301 πρὸς
3162 1231 3462 1302 ἐλεημοσύ-

1877 1334 1976 1388 νην
2034 1314 2474 1387 προθυμότερος,
2528 1315 2664 1386 πρὸς
2708 1315 3008 1388 ὑπεροψίαν
3047 1316 3317 1384 γαστρὸς,
3367 1316 3462 1369 καὶ

1878 1399 2107 1452 ἕκαστον
2162 1398 2332 1461 πάθος
2394 1396 2866 1465 εὐκαταγώνιστον
2919 1396 3163 1466 γίνεται,
3211 1397 3315 1450 ὑπὸ
3365 1398 3463 1467 τῆς

1880 1482 2109 1552 θλίψεως
2154 1481 2609 1552 φυγαδευόμενον.
2649 1481 2802 1533 Ἐπεὶ
2844 1482 2939 1533 καὶ
2972 1481 3126 1551 παρά
3156 1481 3256 1553 τὴν
3285 1481 3464 1557 ἀρχὴν

1878 1567 1999 1636 οὐχὶ
2060 1566 2285 1620 κολάσαι
2351 1564 2694 1635 βουλόμενος,
2744 1563 2940 1627 λύπαις
3000 1567 3146 1635 ἡμᾶς
3208 1566 3463 1637 συνέδησε

1880 1652 1973 1703 καὶ
2012 1648 2221 1714 πόνοις,
2259 1648 2308 1700 εἰ
2342 1648 2434 1701 καὶ
2462 1649 2518 1699 ἐν
2549 1647 2702 1713 τάξει
2735 1647 3007 1711 κολάσεως
3047 1647 3145 1719 τὴν
3186 1648 3464 1718 ἀπόφασιν

1879 1731 2119 1786 τέθεικεν
2161 1729 2205 1798 ί,
2240 1730 2374 1784 ἀλλὰ
2417 1730 2747 1801 σωφρονίσαι
2793 1732 2887 1784 καὶ
2933 1730 3174 1802 βελτίους
3221 1732 3461 1803 ἐργάσα-

1882 1814 2023 1869 σθαι.
2062 1816 2125 1868 Et
2172 1813 2281 1886 γὰρ
2322 1814 2416 1868 καὶ
2449 1813 2626 1883 λύπης
2668 1813 3046 1885 ἐπικειμένης,
3078 1813 3173 1867 καὶ
3200 1815 3294 1867 τοῦ
3346 1814 3464 1885 βίου

1880 1899 2175 1969 ἐπιμόχθου
2225 1898 2409 1961 ὄντος,
2459 1898 2698 1967 τοσαύτη
2735 1899 2928 1967 κρατεῖ
2970 1898 3165 1951 κακίαο
3201 1899 3250 1950 εί
3299 1899 3464 1968 μηδὲν

1878 1981 2081 2035 τούτων
2106 1977 2196 2052 ἦν,
2224 1979 2326 2034 ποῦ
2354 1981 2453 2033 οὐκ
2478 1978 2627 2051 [445]
2650 1979 2714 2033 ἂν
2739 1979 2895 2050 ἐξέϐη
2927 1981 2995 2035 τά
3029 1981 3128 2050 τῆς
3162 1980 3461 2051 πονηρίαςς

1881 2065 1992 2120 Kal
2026 2065 2079 2118 τί
2126 2064 2425 2133 θαυμάζεις
2448 2104 2463 2129 ,
2507 2065 2556 2115 εἰ
2590 2063 2683 2115 ἐπὶ
2717 2063 2816 2131 τῆς
2854 2062 3055 2133 ψυχῆς,
3102 2063 3237 2115 ὅπου
3271 2079 3335 2131 γε
3370 2063 3463 2116 καὶ

1880 2151 1939 2203 ἐν
1984 2150 2097 2212 τοῖς
2131 2147 2377 2216 σώμασιν
2423 2146 2623 2214 ἀγαθὸν
2658 2147 2691 2217 ἠ
2730 2145 2939 2215 θλίψις;
2989 2145 3249 2216 Καὶογάρ
3282 2146 3343 2199 τὸ
3384 2148 3464 2208 είς

1880 2233 2056 2303 ἄκραν
2087 2230 2381 2284 εὐπάθειαν
2426 2228 2720 2297 ἐξάγεσθαι
2769 2228 2869 2288 τὴν
2917 2228 3095 2299 σάρκα
3131 2228 3460 2293 ἐπιϐλαϐές·

1880 2315 2055 2379 ἄλλως
2101 2331 2161 2367 τε
2192 2314 2284 2367 καὶ
2313 2314 2374 2367 τὸ
2402 2312 2730 2383 πολλαχόθεν
2770 2312 3062 2376 ἐπιϐουλὰς
3093 2311 3463 2381 συνίστασθαι,

1881 2400 2073 2471 νήφειν
2106 2399 2280 2451 ποιεῖ’
2321 2395 2427 2450 κᾶν
2460 2394 2839 2467 προσέχωμεν,
2888 2395 3042 2449 οὐδὲν
3094 2395 3463 2467 βλαπτόμεθα.

1881 2487 1973 2541 Διὸ
2000 2485 2092 2539 καί
2120 2483 2203 2548 τίς
2226 2500 2421 2555 φησιν·
2454 2483 2763 2552 Ἐπίγνωθι
2788 2483 2877 2536 ὄτι
2909 2483 2979 2536 ἐν
3003 2483 3173 2553 μέσῳ
3201 2484 3468 2554 παγίδων

1881 2569 2225 2634 διαϐαίνεις,
2260 2566 2361 2622 καί
2386 2565 2485 2620 ἐπὶ
2513 2565 2828 2631 ἐπάλξεων
2846 2568 3079 2620 πόλεων
3094 2566 3461 2635 περιπατεῖς·

1880 2653 1977 2706 καὶ
2012 2644 2164 2714 οὗτος
2186 2692 2201 2718 ,
2246 2650 2342 2703 Ἐν
2382 2649 2521 2717 όδῷ,
2556 2643 2596 2721 ᾖ
2627 2651 3019 2720 ἐπορευόμην,
3050 2651 3325 2719 ἔκρυψαν
3356 2666 3468 2707 πα-

1879 2736 2018 2808 γίδα
2040 2753 2163 2806 μοι.
2207 2734 2270 2787 El
2312 2733 2369 2787 δέ
2399 2751 2482 2797 τις
2515 2734 2610 2787 καὶ
2662 2733 2804 2787 κατά
2835 2733 3128 2806 ἀναγωγὴν
3160 2732 3333 2788 ταῦτα
3370 2736 3464 2786 ἐκ·

1881 2819 2057 2883 λάϐοι,
2084 2818 2274 2887 ὄψεται
2305 2817 2397 2870 τὸν
2425 2816 2668 2871 διάϐολον
2691 2816 2822 2871 αὐτὸ
2851 2816 3132 2881 ποιοῦντα,
3158 2817 3217 2869 οὐ
3249 2816 3466 2887 πόρρω-

1882 2905 1995 2969 θεν,
2019 2902 2155 2957 ἀλλά
2184 2900 2411 2972 πλησίον
2439 2899 2752 2971 κρύπτοντα
2780 2900 2875 2963 τὰς
2902 2899 3214 2963 ἐπιϐουλάς.

1953 2986 2043 3039 Διὸ
2072 2986 2165 3039 καὶ
2195 2983 2398 3054 πολλῆς
2426 2985 2555 3053 ἡμῖν
2582 2983 2664 3036 δεῖ
2688 2982 2790 3053 τῆς
2814 2983 3050 3053 νήψεως.
3082 2982 3332 3054 Κρύπτει
3358 2981 3466 3054 γὰρ

1882 3069 2104 3139 παγίδα,
2143 3070 2201 3122 ἐν
2239 3066 2579 3138 ἐλεημοσύνη
2622 3067 2719 3138 τὴν
2762 3066 3088 3131 κενοδοξίαν,
3132 3067 3191 3119 ἐν
3239 3067 3468 3137 νηστείᾳ

1880 3155 1981 3226 τὴν
2005 3151 2342 3217 ἀλαζονείαν,
2366 3152 2467 3204 οὐκ
2492 3152 2550 3203 ἐν
2580 3151 2807 3221 ἑτέροις,
2838 3150 2974 3203 ἀλλά
2996 3151 3053 3203 ἐν
3087 3150 3276 3214 αὐταῖς
3301 3153 3325 3191 ⁸
3346 3153 3466 3216 ταῖς

1881 3241 2048 3305 ὁδοῖς,
2091 3234 2180 3304 αἷς
2231 3237 2538 3309 βαδίζομεν,
2582 3238 2718 3309 ὅπερ
2765 3238 2881 3290 ἐστὶ
2918 3238 3013 3290 καὶ
3061 3236 3464 3309 χαλεπώτερον.

1894 3324 2180 3379 Ἆπώλετο
2210 3323 2372 3393 φυγὴ
2396 3321 2497 3377 ἀπ’
2517 3321 2683 3392 ἐμοῦ.
2714 3323 2857 3393 Ὅρα
2882 3321 3045 3376 πάλιν
3083 3323 3276 3392 ἑτέραν
3306 3339 3469 3392 προσο

1882 3409 2058 3481 θήκην
2084 3408 2193 3462 τῶν
2219 3405 2428 3460 δεινῶν.
2454 3406 2706 3459 Δείκνυσι
2734 3405 2843 3477 γὰρ
2872 3406 2933 3458 οὐ
2967 3406 3125 3475 μόνον
3154 3406 3237 3458 ὅτι
3265 3407 3322 3458 ἐν
3344 3408 3467 3470 ταῖς

1880 3497 2020 3561 ὁδοῖς
2056 3498 2111 3551 αί
2158 3494 2416 3564 παγίδες,
2464 3493 2572 3546 οὐδ’
2594 3494 2677 3546 ὅτι
2708 3492 2884 3557 οὐδεὶς
2914 3488 2982 3564 ἦν
3011 3495 3039 3547 ὁ
3071 3492 3302 3564 βοηθῶν,
3344 3494 3468 3547 οὐδὲ

1881 3584 1910 3637 ὁ
1947 3581 2359 3651 ἐπιγινώσκωνο
2391 3577 2504 3632 ἀλλ’
2540 3578 2622 3630 ὅτι
2650 3578 2772 3632 οὐδὲ
2812 3577 2874 3631 τὸ
2902 3577 3220 3648 λειπόμενον
3264 3578 3414 3649 αὐτῷ
3434 3579 3464 3618 δ

1882 3667 2021 3737 πρὸς
2046 3662 2385 3733 ἀπαλλαγὴν,
2431 3661 2492 3714 τὸ
2517 3663 2663 3732 φυγῇ
2692 3659 2792 3731 τὴν
2816 3661 3087 3732 σωτηρίαν
3114 3660 3464 3732 πορίσασθαι,

1886 3749 2068 3821 ῥᾴδιον
2100 3749 2195 3801 καὶ
2236 3744 2459 3798 εὔκολον
2498 3739 2586 3815 ἦν.
2616 3742 2802 3807 Οὕτως
2845 3745 2903 3797 ἐν
2936 3744 3122 3815 μέσοις
3160 3744 3466 3814 ἀπείληπτο

1880 3842 1994 3903 τοῖς
2027 3839 2238 3901 κακοῖς,
2271 3836 2366 3889 καὶ
2402 3835 2462 3888 ἐν
2500 3834 2727 3905 ἀφύκτῳ
2764 3836 3018 3905 συμφορᾷ
3044 3829 3134 3905 ἦν,
3170 3832 3284 3887 ἀλλ’
3313 3834 3462 3904 ὅμως

1884 3929 1979 3983 καὶ
2009 3927 2182 3991 οὕτως
2208 3927 2309 3980 οὐκ
2353 3925 2719 3994 ἀπεγίνωσκε.
2752 3923 2861 3981 Καὶ
2892 3926 3003 3978 οὐκ
3031 3924 3203 3979 ἐστιν
3229 3927 3263 3978 ό
3298 3922 3464 3992 ὲκζη.

1881 4015 2002 4071 τῶν
2033 4014 2148 4083 τὴν
2183 4011 2396 4084 ψυχήν
2435 4030 2578 4083 μου,
2608 4012 2908 4076 τουτέστιν,
2934 4013 2963 4064 ὁ
2993 4011 3236 4084 ἀμύνων,
3266 4014 3294 4065 ό
3335 4011 3464 4086 βοη-

1884 4104 2015 4159 θῶν.
2051 4102 2118 4157 Τί
2161 4097 2257 4156 οὖν
2305 4101 2499 4169 αὐτός;
2543 4095 2653 4171 ἆρα
2693 4100 2709 4140 ί
2754 4102 2811 4153 ἐν
2853 4100 3092 4171 τοσαύτῃ
3134 4102 3337 4173 ἀπορίᾳ
3370 4103 3464 4154 καὶ

1883 4189 2165 4265 ἀμηχανία
2191 4188 2267 4242 ὢν
2293 4189 2518 4257 ἀπέγνω
2544 4187 2643 4260 τὴν
2671 4187 2976 4260 σωτηρίαν;
3007 4187 3271 4261 Οὐδαμῶς
3287 4205 3301 4220 ⁸
3328 4188 3465 4244 ἀλλά

1884 4280 2020 4353 πρὸς
2053 4278 2144 4332 τὸν
2175 4277 2308 4331 Θεὸν
2337 4276 2672 4345 καταφεύγει
2708 4276 2929 4342 εὐθέως,
2967 4275 3063 4329 καὶ
3091 4275 3266 4344 λέγει·
3312 4277 3464 4331 Ἐκέςρ

1883 4367 2077 4439 κραξα
2119 4365 2269 4435 πρὸς
2300 4363 2395 4432 σὲ,
2440 4364 2638 4432 Κύριε,
2683 4358 2844 4429 εἶπα,
2884 4362 2968 4417 Σὺ
3011 4357 3068 4416 εἷ
3103 4362 3279 4430 ἐλπίς
3317 4380 3463 4432 μου,

1877 4455 2051 4529 μερίς
2088 4450 2246 4523 μουί
2286 4453 2357 4507 ὲν
2403 4449 2481 4521 γῆ
2518 4448 2767 4511 ζώντων·
2814 4449 2980 4520 Ὁρᾷς
3037 4449 3198 4520 νῆψιν
3247 4449 3463 4520 ψυχῆςς

1884 4545 2000 4599 Οὐκ
2031 4540 2325 4595 ἐϐάπτισεν
2372 4538 2536 4593 αὐτὸν
2567 4536 2635 4590 τὰ
2678 4536 2848 4601 δεινὰ,
2884 4535 3023 4589 ἀλλά
3067 4536 3267 4607 μᾶλλον
3300 4537 3463 4590 ἐπτέη

1886 4647 2052 4703 ρωσε,
2076 4628 2172 4683 καὶ
2193 4629 2252 4680 ἐν
2277 4626 2503 4694 ἀπόροις
2527 4623 2624 4691 ὢν,
2650 4623 2792 4693 ἔγνω
2817 4624 2915 4695 τὴν
2941 4622 3151 4695 ἄμαχον
3179 4626 3338 4696 χεῖρα
3368 4625 3464 4687 καὶ

1882 4717 1981 4789 τὴν
2022 4713 2273 4786 παναλκῆ
2310 4712 2561 4783 δύναμιν,
2609 4712 2705 4766 καὶ
2744 4711 2844 4784 τὴν
2875 4712 2933 4765 ἐν
2965 4712 3269 4782 ἀμηχάνοις
3305 4710 3468 4766 εὐκοιι

1884 4804 2025 4859 λίαν.
2056 4803 2231 4868 Εἷπα,
2261 4800 2343 4856 σὺ
2367 4795 2429 4855 εἷ
2449 4800 2628 4867 ἐλπίς
2645 4817 2789 4871 μου.
2830 4799 2912 4854 Ta
2940 4799 3281 4872 ἀνθρώπινα,
3304 4800 3462 4872 φησὶ,

1884 4893 2063 4948 πάντα
2088 4882 2431 4961 ἐλήλεγκται,
2472 4888 2620 4943 καὶὸ
2653 4886 2859 4959 χειμὼν
2897 4888 3099 4961 μείζων
3146 4888 3465 4959 συμμαχίας

1883 4980 2057 5045 οὕτως
2091 4979 2332 5052 ἁπάσης,
2357 4976 2434 5041 ὡς
2460 4975 2687 5046 οὐδεμιᾷ
2716 4976 2881 5049 τέχνῃ
2908 4969 3019 5030 οἷόν
3046 4993 3107 5030 τε
3137 4972 3275 5030 εῖναι
3308 4993 3465 5049 περι-

1884 5067 2136 5139 γενέσθαι
2167 5066 2267 5137 τοῆ
2304 5064 2581 5133 ναυαγίου.
2620 5063 2757 5117 Ἀλλ’
2784 5065 2933 5135 ὅμως
2962 5065 3013 5117 εί
3045 5065 3140 5118 καὶ
3172 5063 3322 5135 παρά
3363 5064 3483 5143 ἀνἾ

1886 5158 2126 5230 θρώποις
2159 5152 2336 5209 ταῦτα
2372 5152 2749 5220 ἀπέγνωσται.
2795 5152 2890 5206 καὶ
2922 5151 3122 5213 πάντες
3150 5146 3476 5220 ἀπηγορεύς’

1887 5262 2082 5315 σαμεν,
2124 5242 2262 5299 ἀλλά
2294 5242 2377 5295 σοὶ
2418 5240 2598 5295 πάντα
2639 5238 2829 5309 ρᾴδιω
2858 5237 2981 5293 ὅθεν
3014 5238 3109 5291 καὶ
3151 5237 3461 5303 ἐλπίζοντες

1953 5384 1977 5413 ο
2002 5372 2151 5421 Savil.
2175 5384 2271 5420 om.
2292 5369 2399 5478 ἔάρ.

1955 5434 1973 5471 ί
2005 5434 2131 5478 Tres
2155 5445 2271 5478 mss.
2317 5433 2399 5478 Em

1955 5433 2528 5501 Ῑῖιῖτθε.¹ηεει.έξήῖαῒεν·
2815 5489 2870 5501 ..
2959 5488 2973 5501 .
3035 5488 3058 5500 ..
3169 5488 3180 5499 .

1951 5497 1977 5536 ε
2005 5495 2176 5544 Morel.
2199 5489 2282 5541 καί
2312 5492 2361 5539 ἐν
2384 5489 2557 5552 ἑτέροις
2576 5489 2716 5549 ἀλλα,
2751 5490 2830 5539 καὶ
2851 5489 2898 5539 ἐν
2920 5489 3098 5551 αὐταῖς,
3117 5489 3280 5539 minus
3302 5492 3458 5545 recte.

1888 5557 1987 5607 Nos
2006 5556 2156 5606 Savil.
2183 5554 2449 5615 squimur.

1948 5617 1977 5657 1|
2005 5618 2139 5668 Unus
2158 5613 2322 5663 αὐτοῦ.

1955 5681 1971 5720 ί
1996 5680 2077 5728 Sic
2102 5677 2281 5733 Savtl.;
2304 5675 2397 5737 ἄρα
2415 5674 2618 5737 ἀίεεειὶιι
2643 5673 2812 5727 Morel.

1959 5741 1976 5796 ἱ
2003 5737 2294 5804 Savil.p.¢p€:
2318 5736 2479 5801 umd.

3462 5368 3472 5435 ἰ
