3928 6404
144 350 247 412 MSS

135 470 400 538 fragium;
433 471 490 522 et
515 474 690 522 tamen
727 461 931 520 etiamsi
962 462 1077 517 lure
1106 461 1282 517 omnia
1310 461 1593 530 desperata
1626 461 1733 514 sint

135 559 273 629 apud
320 557 589 624 homines,
638 570 928 624 onmesque
972 552 1167 608 defessi
1211 560 1264 606 et
1293 550 1450 608 malis
1488 552 1730 607 exhausti

132 650 321 714 simus,
357 648 449 703 tibi
481 656 656 701 tamen
683 646 860 700 omnia
895 652 1019 698 sunt
1045 642 1214 697 facilia
1243 658 1258 696 :
1290 639 1434 699 unde
1471 643 1632 699 etiam
1677 643 1730 696 in

132 752 184 798 t3
214 748 496 810 Sperantes
523 740 741 793 minime
767 735 1176 806 languescimus.
1209 731 1388 789 Portio
1434 749 1547 787 mea
1588 748 1639 786 es
1678 732 1733 787 in

133 842 268 886 terra
292 830 581 884 viventium.
632 828 742 882 lloc
765 837 864 890 est,
910 827 1041 881 Sors
1079 839 1221 891 mea,
1253 825 1532 879 thesaurus
1560 837 1730 890 meus,

135 921 335 977 divitiae
362 934 518 986 mete,
551 918 728 972 omnia
760 917 873 986 ipse
909 932 990 975 es.
1017 915 1082 972 In
1115 928 1249 971 terra
1273 915 1560 970 viventium.
1604 913 1734 969 Ter-

134 1026 247 1067 ram
274 1011 571 1065 viventium
598 1008 684 1063 hic
713 1019 870 1065 vocat
898 1010 1122 1080 patriam
1151 1021 1323 1062 suam.
1360 994 1733 1075 Captivitatem

133 1103 277 1157 enim
332 1100 708 1172 Babylonicum
747 1101 947 1156 inferos
991 1110 1045 1155 et
1096 1106 1325 1153 mortem
1372 1111 1516 1166 stupe
1557 1104 1732 1150 vocat.

137 1195 346 1254 Deinde
371 1194 496 1270 quia
534 1213 655 1252 eum
679 1197 731 1250 in
760 1196 932 1249 aliena
962 1201 1104 1248 esset
1130 1190 1371 1263 regione;
1417 1190 1605 1245 solitus
1629 1204 1735 1243 non

134 1292 497 1364 peragebatur
524 1291 719 1355 cultus,
751 1289 857 1344 illic
883 1297 1061 1342 autem
1089 1285 1267 1340 omnia
1296 1299 1445 1337 saera
1475 1290 1528 1336 et
1549 1297 1736 1337 omnes

135 1385 503 1454 implebantur
539 1381 861 1437 ceremonite
891 1396 904 1432 :
933 1388 1213 1449 propterea
1240 1376 1389 1439 dicit,
1426 1374 1601 1428 Portio
1628 1390 1740 1427 mea

132 1494 184 1534 es
212 1479 270 1532 in
299 1487 435 1531 terra
465 1475 750 1531 viventium.
782 1472 1006 1542 Semper
1045 1471 1149 1526 mei
1177 1485 1358 1525 curam
1390 1467 1623 1539 gessisti,
1657 1467 1739 1521 in-

130 1569 275 1638 quit,
327 1576 492 1623 etme
522 1566 614 1621 tibi
641 1565 957 1619 familiarem
982 1561 1149 1618 fecisti
1173 1560 1229 1616 in
1262 1570 1399 1615 terra
1422 1559 1737 1625 viventium,

129 1672 185 1717 ct
218 1675 417 1732 magna
444 1657 573 1714 mibi
601 1668 772 1712 tecum
802 1655 1106 1711 intercessit
1132 1651 1457 1724 conjunctio.

204 1751 441 1808 Peccata
483 1766 757 1822 numquam
788 1748 938 1820 digne
964 1747 1102 1802 Deus
1131 1747 1312 1819 punit;
1338 1744 1586 1815 confessio
1615 1759 1740 1816 θνα-

128 1845 330 1900 (iurum
355 1843 506 1896 actio.
533 1870 607 1882 —
630 1843 686 1896 7.
716 1838 933 1895 Intende
976 1838 1047 1892 ad
1085 1837 1488 1909 deprecationem
1538 1851 1739 1901 nteant,

126 1937 263 2003 quia
314 1932 611 1988 humiliatus
659 1947 772 1985 sum
813 1930 985 1984 nimis.
1008 1927 1170 1985 Vides
1197 1926 1465 1999 quomodo
1491 1925 1633 1996 quod
1663 1941 1744 1979 su.

126 2028 330 2101 pet-ius
355 2025 511 2092 dixit,
560 2025 663 2080 hoc
684 2024 845 2079 etiam
868 2023 1018 2093 ponit
1045 2021 1134 2077 hic
1163 2036 1265 2092 pro
1291 2020 1372 2075 sui
1403 2017 1740 2083 defensione,

131 2119 289 2191 quad
318 2117 633 2173 humiliatus
652 2115 742 2182 sit,
769 2114 1006 2185 inquam,
1038 2110 1180 2184 quod
1208 2118 1546 2182 peccatorum
1585 2123 1743 2179 supra

129 2212 368 2269 modum
420 2223 607 2281 poenas
650 2207 875 2262 dederit.
906 2206 1017 2261 lloc
1048 2214 1249 2268 autem,
1292 2201 1484 2268 Nimis,
1515 2216 1620 2255 non
1664 2208 1746 2254 est

129 2321 333 2362 eorum
372 2320 490 2372 qua:
531 2302 663 2355 facta
712 2307 836 2355 sunt
871 2294 1337 2368 reprehensionis,
1363 2293 1457 2349 sed
1500 2292 1617 2361 ejus
1656 2291 1745 2361 qui

132 2397 350 2469 [Rtlillll‘
377 2393 576 2448 doloris
610 2401 663 2446 et
693 2390 1037 2445 inﬁrmitatis.
1068 2387 1125 2442 Si
1157 2387 1321 2448 enim,
1352 2383 1479 2455 quid
1531 2393 1744 2453 peccata

145 2495 492 2545 mereantur.
525 2480 846 2553 respexeris,
880 2488 1086 2535 nonest
1108 2477 1269 2533 nimia
1302 2475 1600 2531 humiliatio
1624 2491 1638 2528 :
1666 2473 1746 2527 sin

133 2589 330 2634 autem
393 2574 510 2646 ejus
558 2573 648 2644 qui
698 2572 801 2627 fert
848 2570 1307 2633 imbecillitatem,
1367 2566 1530 2621 nimia
1569 2573 1652 2619 est
1695 2573 1750 2619 et

139 2686 313 2742 supra
369 2667 607 2724 modum.
649 2667 790 2721 Deus
834 2664 979 2720 enim
1025 2675 1315 2732 numquam
1347 2673 1532 2729 pceuas
1586 2656 1752 2712 sumit

138 2772 385 2836 quantas
414 2768 690 2815 merentur
739 2765 977 2828 peccata.
1008 2753 1161 2821 Quod
1192 2754 1236 2808 si
1266 2754 1332 2808 iis
1359 2752 1449 2823 qui
1480 2751 1753 2821 patiuntur

138 2855 367 2910 videtur
415 2868 537 2907 esse
590 2848 984 2913 intolerabilis,
1041 2846 1095 2900 id
1141 2860 1247 2900 non
1286 2857 1354 2898 ex
1406 2857 1591 2897 eorum
1630 2855 1751 2911 qua:

145 2950 289 3004 tinnt
319 2954 511 3001 natura
534 2941 908 3013 proficiscitur,
938 2938 1032 2994 sed
1062 2952 1131 2992 ex
1164 2934 1525 2990 imbecillitate
1563 2947 1750 2987 eorum

145 3041 242 3111 qni
274 3040 366 3093 illa
394 3036 678 3091 sustinent.
713 3032 892 3087 Libera
920 3047 998 3085 me
1025 3047 1056 3084 a
1087 3025 1491 3101 persequentibus
1517 3042 1612 3092 nte,
1634 3024 1754 3095 quia

80 3113 97 3126 ⁸
151 3129 437 3200 canfortati
450 3135 565 3183 sunt
591 3143 741 3196 super
759 3141 857 3178 me.
882 3124 1019 3178 Ecce
1034 3136 1223 3177 rursus
1246 3120 1347 3174 alia
1363 3132 1542 3182 causa,
1563 3130 1756 3185 nempe

153 3226 380 3293 injustte
407 3236 618 3286 eorum,
637 3218 722 3290 qui
752 3219 899 3273 illum
927 3219 1202 3272 incessunt
1231 3255 1246 3279 ,
1278 3210 1505 3276 insidiae,
1534 3216 1589 3265 et
1612 3208 1755 3280 quod

152 3319 277 3386 ipse
307 3315 378 3369 sit
404 3312 559 3367 valde
585 3309 903 3365 imbecillus.
930 3309 982 3362 8.
1009 3305 1154 3360 Educ
1188 3305 1252 3359 de
1283 3303 1511 3358 custodia
1534 3301 1757 3355 animant

150 3423 325 3462 meam
366 3449 383 3470 ,
421 3403 491 3457 ad
526 3402 866 3471 conﬁtendum
918 3398 1109 3453 nomini
1160 3406 1264 3451 tuo.
1314 3393 1568 3450 Confiteri
1602 3435 1618 3461 ,
1670 3392 1760 3447 hic

159 3499 389 3571 ponitur
430 3511 530 3568 pro
573 3510 638 3550 eo
676 3493 820 3564 quod
852 3502 934 3548 est
975 3491 1174 3563 gratias
1215 3487 1532 3560 agere.lloc
1558 3494 1641 3543 est
1666 3501 1763 3540 au-

156 3603 271 3646 tem
304 3632 318 3656 ,
348 3586 489 3658 quod
518 3586 682 3642 dicit:
715 3584 908 3640 Lilera
936 3599 1023 3638 tne
1047 3597 1077 3636 a
1098 3582 1273 3637 malis.
1321 3580 1429 3635 Per
1454 3577 1761 3634 custodiam

155 3681 332 3747 enim,
367 3694 461 3733 seu
504 3691 775 3733 carcerem
807 3717 822 3742 ,
854 3674 1119 3744 significat
1143 3686 1379 3726 summas
1407 3670 1759 3725 calamitates.

231 3775 293 3828 '5.
334 3771 418 3826 Ad
438 3770 780 3840 conﬁtendum
804 3768 994 3823 nomini
1017 3778 1123 3821 tuo.
1158 3765 1275 3852 βου
1301 3778 1515 3835 quoque
1541 3770 1625 3818 est
1651 3777 1758 3816 non

155 3879 390 3937 parvum
420 3905 436 3929 ,
466 3872 526 3917 ut
544 3862 635 3933 qui
655 3861 816 3916 rebus
841 3868 1059 3914 utuntur
1085 3856 1337 3914 secundis
1367 3896 1380 3920 ,
1413 3864 1759 3925 acceptorum

158 3955 550 4013 beneficiorum
576 3954 795 4007 minime
820 3952 1219 4007 obliviscantur.
1247 3948 1393 4003 Multi
1421 3947 1563 4003 enim
1589 3947 1765 4001 homi-

158 4063 267 4105 nes
306 4047 362 4101 in
408 4045 786 4101 afﬂictionibus
833 4043 1045 4114 quidem
1094 4051 1219 4096 sunt
1259 4038 1629 4111 diligentiores
1664 4055 1679 4106 ;
1711 4042 1764 4093 in

88 4162 103 4171 λ
164 4143 335 4199 rebus
359 4149 537 4196 autem
570 4138 843 4209 prosperis
867 4179 882 4204 ,
911 4136 1022 4192 otio
1048 4134 1387 4190 soeordiores
1420 4150 1434 4188 :
1465 4133 1553 4187 alii
1583 4148 1766 4188 rursus

164 4238 219 4292 in
251 4233 435 4304 quiete
457 4243 507 4287 et
535 4231 693 4286 rebus
714 4228 960 4284 secundis
988 4236 1107 4282 sunt
1136 4225 1487 4297 negligentes,
1515 4232 1569 4280 et
1600 4223 1655 4278 in
1684 4240 1770 4279 re-

166 4301 282 4384 bus—
300 4325 541 4381 adversis
568 4324 638 4379 de
665 4338 725 4378 se
746 4322 1053 4391 desperant,
1085 4329 1140 4374 et
1161 4318 1297 4373 ﬁunt
1320 4317 1640 4388 supiniores.
1662 4301 1778 4370 Sed

168 4420 263 4475 hic
302 4420 356 4472 in
405 4426 625 4486 utraque
670 4414 860 4469 horum
903 4420 1201 4481 temporum
1243 4407 1541 4463 dilferentia
1590 4416 1773 4461 manet

171 4526 396 4580 semper
440 4507 684 4565 eamdem
727 4505 1031 4561 cautionem
1074 4501 1375 4565 adhibens;
1410 4516 1582 4569 neque
1628 4499 1770 4553 enim

169 4603 419 4667 afflictio,
449 4610 508 4657 ut
533 4603 576 4655 is
601 4599 781 4654 animo
806 4596 1148 4661 concideret,
1178 4594 1358 4650 elfecit
1385 4636 1399 4660 ,
1429 4591 1522 4648 sed
1551 4591 1616 4646 ad
1644 4606 1770 4645 ora-

174 4700 382 4754 tionem
431 4696 607 4766 potius
651 4701 705 4748 et
749 4690 1189 4761 supplicationem
1231 4702 1353 4743 eum
1373 4685 1633 4741 adducit:
1678 4697 1777 4737 nec

173 4806 362 4848 rerum
391 4802 761 4858 prosperarum
786 4797 1070 4839 successus
1104 4790 1159 4836 et
1184 4780 1350 4835 otium
1376 4791 1499 4833 eum
1527 4776 1775 4846 supinum

175 4882 436 4949 reddidit,
465 4878 560 4934 sed
587 4888 711 4933 tunc
732 4877 891 4931 etiam
917 4882 1129 4943 paratus
1159 4884 1240 4928 est
1266 4871 1332 4926 ad
1361 4868 1650 4942 gratiarum
1682 4882 1775 4921 ae-

178 4979 410 5032 tioucm.
445 4972 527 5027 Me
554 4969 913 5040 exspectabant
933 4968 1065 5039 justi
1090 5007 1105 5032 ,
1153 4965 1310 5019 donec
1348 4962 1598 5018 retribuas
1634 4960 1779 5013 mihi.

180 5067 361 5127 Alius,
387 5062 711 5119 Coronubnnt
731 5058 861 5131 justi
885 5101 898 5125 ,
928 5057 1133 5129 quando
1156 5073 1234 5110 me
1262 5054 1503 5124 beneﬁcio
1527 5050 1778 5119 olfeceris.

178 5158 327 5227 Quid
357 5157 456 5211 hoc
492 5155 625 5210 est?
669 5154 779 5208 lIoc
818 5167 1028 5222 quoque
1051 5149 1209 5220 justis
1242 5145 1501 5218 proderit.
1537 5143 1612 5198 llli
1642 5142 1783 5198 enim

175 5249 515 5323 gaudebunt,
546 5246 725 5302 laetitia
757 5244 1058 5299 afficientur
1085 5283 1101 5310 ,
1133 5238 1475 5296 exsultabunt
1507 5278 1522 5302 ,
1551 5251 1670 5291 cum
1701 5250 1787 5290 me

186 5342 421 5398 viderint
451 5341 731 5397 liberatum
762 5354 791 5393 a
819 5338 991 5392 malis.
1025 5335 1184 5391 Tales
1226 5333 1369 5389 enim
1417 5341 1540 5387 sunt
1570 5336 1786 5385 sancto-

186 5450 313 5490 rum
342 5434 572 5487 animm:
605 5446 793 5485 eorum
822 5444 941 5484 cum
971 5427 1163 5497 quibus
1200 5426 1341 5480 male
1376 5423 1551 5493 agitur
1577 5462 1592 5485 ,
1622 5420 1788 5475 mise-

185 5533 403 5586 rentur;
429 5537 527 5577 nec
549 5522 614 5576 iis
635 5518 873 5575 invident
890 5518 1082 5588 quibus
1106 5532 1193 5571 res
1213 5514 1462 5571 secunda:
1489 5512 1788 5575 evenerint,

190 5615 293 5671 sed
322 5615 555 5686 gaudent
578 5622 633 5669 et
661 5614 905 5668 lzetantur
931 5653 946 5678 ,
999 5620 1053 5665 et
1100 5608 1165 5663 iis
1203 5608 1293 5678 qui
1325 5604 1585 5662 beneficio
1615 5601 1793 5657 all'ecti

194 5720 326 5764 sunt
351 5706 705 5776 gratulantur.
733 5703 884 5771 Quod
906 5703 1065 5759 etiam
1093 5700 1254 5770 jussit
1283 5696 1502 5761 Paulus,
1532 5692 1793 5759 Gaudere,

197 5800 607 5871 inquiensmum
627 5795 978 5869 gaudentibus,
1007 5802 1052 5849 et
1078 5793 1200 5864 [fere
1225 5806 1338 5846 cum
1366 5784 1792 5859 ﬂentibus(Rom.

1257 342 1618 403 EXPOSITIO
1660 343 1723 400 IN
1753 343 2073 403 PSALMUM
2109 344 2315 407 CXLII.

3307 363 3416 421 416

1845 460 1933 515 η.
1965 462 2075 530 15).
2102 462 2215 518 Non
2243 471 2324 520 est
2352 473 2529 519 autem
2555 462 2671 521 hate
2702 478 2860 536 parva
2889 465 3077 521 virtus.
3111 434 3258 521 Multi
3283 428 3448 520 enim!

1833 553 2139 623 jacentibus
2162 554 2448 610 lcetabundi
2471 556 2745 625 insultant,
2774 565 2829 612 et
2857 572 2915 612 se
2940 556 3266 628 erigentibus
3294 557 3431 612 invi-

1839 645 1968 700 dent
1987 687 2001 711 ,
2031 661 2096 701 ex
2123 645 2438 702 crudelitate
2462 655 2516 703 et
2541 662 2746 703 summa
2772 649 3158 705 inhumanitate
3181 659 3432 718 utrasque

1835 724 1938 792 has
1969 736 2395 807 perturbationes
2421 739 2583 793 animi
2617 740 2903 808 parientes.
2933 743 3000 794 At
3026 755 3132 795 non
3161 740 3237 794 sie
3261 739 3428 809 justi,

1840 827 1936 883 sed
1966 828 2034 883 ab
2061 830 2162 883 hoc
2186 838 2413 900 utroque
2438 831 2567 884 vitio
2594 830 2825 895 liberati,
2849 846 2969 885 eum
2996 831 3103 885 sint
3125 832 3433 886 misericor-

1841 919 1939 976 des
1968 930 2022 975 et
2057 921 2354 976 clementes
2383 964 2398 989 ,
2428 921 2525 976 has
2560 922 2785 977 virtutes
2826 924 3119 991 possident.
3165 923 3433 990 Quemado

1843 1012 2057 1067 modum
2091 1027 2219 1082 ergo
2245 1013 2347 1068 illis
2374 1028 2440 1068 ex
2466 1012 2783 1068 crudelitate
2808 1022 3028 1084 utraque
3055 1015 3328 1081 eveniunt,
3360 1015 3427 1069 ita

1843 1101 1926 1157 his
1949 1111 2164 1172 propter
2187 1103 2574 1158 humanitatem
2597 1112 2650 1158 et
2675 1104 3011 1160 clementiam
3038 1147 3052 1171 ,
3084 1105 3225 1176 quod
3250 1115 3304 1161 et
3332 1122 3430 1161 eo-
3487 1148 3494 1154 .

1844 1207 1961 1247 rum
2010 1192 2100 1262 qui
2152 1192 2333 1247 dolent
2361 1194 2879 1262 commisereantur,
2912 1195 3047 1251 etiis
3079 1211 3200 1252 cum
3243 1196 3432 1267 quibus

1842 1284 1979 1340 bene
2000 1287 2171 1354 agitur
2195 1287 2548 1342 collmtentur.
3160 1288 3169 1289 “

1916 1376 2212 1448 A/jlictionis
2237 1377 2508 1432 tolerantia
2541 1381 3002 1437 meritoria.—Cur
3031 1391 3210 1439 autem
3241 1382 3374 1440 dixit
3406 1427 3422 1449 ,

1845 1465 2024 1521 Donec
2070 1468 2321 1524 retribuas
2362 1470 2484 1524 mihi
2514 1471 2541 1524 ?
2568 1471 2721 1526 Alius
2765 1473 2978 1543 quidem
3011 1474 3139 1529 dicit
3169 1517 3185 1542 ,
3219 1476 3438 1540 Quando

1846 1559 1971 1613 mihi
1985 1558 2284 1630 benefeccris
2301 1561 2401 1633 (a).
2424 1562 2527 1617 Alii
2553 1579 2700 1630 vero,
2726 1565 2944 1630 Quando
2959 1567 3199 1621 relribues
3220 1578 3264 1622 et
3279 1585 3440 1622 remuo

1846 1650 2098 1706 neraberis
2126 1669 2222 1707 me.
2265 1653 2426 1724 Atqui
2451 1655 2698 1725 superius
2725 1656 2857 1711 dixit
2886 1656 3229 1714 afﬂictionem
3257 1668 3313 1714 et
3341 1660 3440 1714 hu-

1846 1742 2199 1800 miliationem
2232 1785 2248 1811 ,
2281 1761 2387 1801 non
2440 1747 2696 1817 praeclara
2737 1748 2970 1805 facinora
2995 1793 3011 1818 ,
3048 1766 3149 1808 nec
3186 1767 3253 1807 ex
3293 1763 3440 1808 recte

1848 1834 2000 1891 factis
2040 1836 2307 1892 fiduciam.
2355 1836 2521 1908 Cujus
2561 1850 2738 1894 autem
2784 1840 2862 1896 rei
2904 1842 3206 1897 mercedem
3259 1844 3440 1914 petit?

1848 1926 1954 1981 Pro
1979 1926 2170 1982 diebus
2200 1929 2601 1985 luuniliationis.
2631 1929 2747 1985 Non
2775 1938 2857 1987 est
2886 1933 3028 1987 enim
3051 1934 3304 2004 pusillum
3335 1935 3437 1991 hoc

1848 2027 1994 2074 recte
2025 2019 2240 2087 factum,
2266 2019 2407 2076 ferre
2432 2020 2773 2076 afﬂictioncm
2804 2038 2925 2077 cum
2951 2026 3240 2094 gratiarum
3268 2027 3437 2081 actio-

1850 2123 1938 2175 ne,
1964 2117 2018 2164 et
2039 2109 2157 2165 ideo
2186 2119 2341 2165 vocat
2362 2111 2788 2179 retributionem,
2812 2128 2929 2167 cam
2951 2154 2967 2181 ,
2999 2129 3117 2183 quae
3140 2113 3228 2168 illa
3257 2116 3440 2185 sequi-

1852 2206 1956 2264 tur,
1974 2199 2296 2255 mercedem.
2321 2200 2398 2256 Nc
2419 2216 2519 2256 nos
2540 2217 2667 2272 ergo
2683 2217 2941 2272 angantur
2964 2204 3017 2257 iu
3043 2204 3439 2274 afflictionibus,

1851 2292 1945 2347 sed
1975 2308 2192 2347 oremus
2223 2309 2291 2349 ne
2330 2295 2588 2350 intremus
2612 2296 2664 2350 in
2690 2298 3040 2353 tentationetn
3069 2315 3083 2351 :
3116 2314 3235 2368 qua:
3261 2308 3441 2356 autem

1851 2385 2131 2441 evenerint
2159 2387 2507 2457 excipiamus.
2543 2388 2615 2444 Ita
2643 2390 2786 2445 enim
2818 2401 2869 2445 ct
2896 2401 3108 2461 peceata
3139 2401 3318 2447 nostra
3349 2393 3443 2450 de-

1857 2479 2141 2548 ponimus:
2173 2489 2228 2535 et
2260 2481 2304 2535 si
2330 2497 2432 2549 qua
2463 2492 2547 2537 est
2576 2482 2627 2536 in
2660 2482 3064 2554 nobisjnstitia,
3104 2501 3223 2540 eam
3251 2487 3446 2542 clario-

1853 2569 2290 2625 rem'reddimus.
2324 2569 2378 2626 ιιι
2405 2581 2582 2627 autem
2607 2571 2709 2628 Job
2724 2574 2980 2641 ostendit,
3010 2576 3097 2644 qui
3128 2585 3254 2632 tunc
3277 2578 3448 2649 magis

1854 2662 2067 2718 claruit.
2098 2662 2213 2718 Hoc
2238 2662 2436 2719 bonum
2468 2674 2548 2720 est
2574 2665 2734 2720 etiam
2760 2667 2810 2719 in
2835 2666 3183 2737 corporibus:
3209 2669 3309 2724 hoc
3340 2685 3444 2725 non

1855 2755 2032 2811 solum
2056 2755 2211 2811 estin
2237 2756 2576 2824 hominibus,
2611 2757 2706 2813 sed
2741 2759 2901 2813 etiam
2933 2759 2984 2813 in
3014 2758 3185 2814 brutis
3212 2778 3225 2815 :
3260 2778 3364 2816 non
3391 2762 3445 2816 in

1859 2849 2030 2903 brutis
2060 2850 2233 2904 solum
2262 2892 2276 2916 ,
2308 2851 2401 2906 sed
2433 2852 2592 2905 etiam
2620 2851 2671 2906 in
2706 2851 2920 2921 plantis.
2951 2851 3019 2906 Et
3044 2852 3164 2908 ideo
3192 2869 3259 2907 ne
3284 2854 3335 2907 in
3366 2854 3449 2908 vi-

1861 2941 2000 2996 tibus
2037 2941 2252 3011 quidem
2287 2944 2599 3010 permittunt
2628 2942 2874 3013 agricolae
2901 2958 3083 2998 comas
3104 2943 3263 2998 nimis
3293 2944 3451 2999 luxu-

1859 3033 2019 3100 riare,
2051 3048 2150 3088 nec
2176 3033 2229 3087 in
2252 3033 2371 3087 aliis
2400 3032 2810 3097 arboribus,sed
2841 3049 2909 3089 nc
2938 3035 3157 3090 nimium
3186 3045 3450 3103 crescant,

1862 3124 1996 3180 falce
2032 3125 2348 3195 prohibent,
2377 3139 2566 3180 omnes
2591 3141 2774 3180 earnm
2813 3127 2954 3180 vires
2992 3127 3043 3180 in
3074 3126 3285 3182 radices
3320 3142 3450 3182 cou-

1860 3226 2156 3286 vertentes,
2186 3232 2255 3273 ne
2281 3233 2361 3273 ea:
2400 3217 2455 3272 in
2487 3217 2630 3272 foliis
2660 3229 2990 3288 consumpta!
3033 3217 3237 3273 fruetus
3265 3219 3454 3274 inanes

1860 3321 1917 3367 et
1953 3309 2171 3366 inutiles
2193 3310 2511 3381 producant.
2542 3309 2695 3379 Quod
2726 3311 2940 3382 quidem
2970 3311 3151 3367 evenit
3195 3311 3356 3366 etiam
3402 3313 3454 3366 in

1864 3404 2192 3459 hominibus.
2231 3402 2421 3459 Studio
2460 3402 2603 3457 enim
2644 3403 2697 3457 in
2741 3418 2802 3458 ea
2846 3418 2967 3474 quae
3012 3412 3139 3458 sunt
3187 3402 3456 3473 superﬂua

1864 3504 2215 3566 consumpto,
2239 3493 2559 3549 imbecillior
2596 3494 2654 3548 fit
2679 3495 2889 3549 aninms
2918 3494 2983 3548 ad
3017 3495 3292 3550 ferendum
3317 3495 3458 3551 fruc-

1866 3595 1979 3642 tum
2012 3589 2221 3658 pietatis
2250 3594 2514 3641 maturum
2543 3595 2597 3642 et
2627 3585 2939 3655 perfectura.
2967 3585 3081 3641 Hoc
3105 3588 3267 3642 etiam
3290 3586 3460 3642 videri

1868 3690 2041 3753 potest
2069 3679 2122 3733 in
2149 3680 2324 3748 aquis.
2353 3679 2484 3744 Quae
2505 3678 2647 3733 enim
2671 3678 2917 3731 consistit
2946 3684 3000 3731 et
3020 3692 3127 3731 non
3158 3685 3299 3730 meat
3329 3718 3343 3740 ,
3375 3685 3459 3731 est

1868 3770 2024 3827 noxia
2049 3789 2061 3825 :
2091 3769 2185 3825 sed
2217 3785 2335 3840 qua:
2362 3778 2608 3823 movetur
2627 3810 2641 3834 ,
2665 3767 2995 3833 exhauritur,
3033 3776 3087 3822 et
3108 3782 3203 3837 per
3231 3767 3385 3822 tubos
3407 3776 3464 3823 et

1868 3879 2020 3935 aqua:
2048 3862 2241 3919 ductus
2271 3861 2649 3916 transmittitur
2672 3901 2687 3925 ,
2718 3875 2824 3914 non
2854 3860 3027 3913 solum
3059 3868 3143 3915 est
3184 3858 3417 3913 salubris
3441 3900 3457 3922 ,

1870 3958 1965 4014 sed
1994 3966 2049 4013 et
2077 3957 2195 4012 visu
2224 3997 2240 4023 ,
2274 3966 2330 4011 et
2357 3962 2496 4009 tactu
2532 3996 2547 4019 ,
2581 3962 2634 4007 et
2663 3961 2787 4022 potu
2816 3961 2900 4006 est
2937 3950 3284 4021 jucundior'.
3305 3950 3463 4021 Saepe

1871 4053 2032 4109 etiam
2074 4050 2203 4105 vicit
2228 4057 2469 4104 naturam
2510 4046 2748 4100 afflictio.
2794 4044 2948 4113 Quod
2990 4045 3132 4098 enim
3179 4042 3459 4097 ﬂaccidum

1871 4152 1977 4214 est,
2001 4152 2055 4199 et
2084 4142 2335 4198 deorsum
2366 4141 2555 4205 fertur,
2585 4139 2629 4194 si
2661 4148 2952 4208 prematur,
2976 4151 3190 4191 sursum
3219 4136 3463 4205 erigitur.

1874 4235 2026 4306 Quod
2052 4235 2212 4289 etiam
2242 4231 2436 4287 accidit
2461 4231 2513 4285 in
2547 4230 2870 4285 hominibus.
2904 4228 3003 4297 Qui
3035 4228 3176 4282 enim
3210 4226 3364 4282 facile
3393 4227 3470 4281 fe-

1878 4337 2001 4384 runt
2031 4327 2349 4383 afﬂictiones
2376 4366 2389 4390 ,
2419 4325 2718 4380 redduntur
2739 4323 3065 4378 excelsiores
3083 4364 3098 4387 ,
3124 4321 3332 4376 etiamsi
3364 4322 3474 4375 sint

1877 4421 2033 4476 valde
2057 4419 2249 4489 abjeeti
2282 4460 2296 4483 ,
2347 4417 2544 4473 terreni
2575 4457 2592 4484 ,
2632 4425 2686 4471 et
2712 4414 2942 4469 humiles
2968 4431 2982 4469 :
3013 4420 3068 4468 et
3090 4428 3153 4467 ex
3186 4412 3251 4467 iis
3280 4426 3472 4481 mtgna

1880 4512 2163 4569 commoda
2207 4510 2501 4580 accipiunt.
2555 4508 2679 4562 llaec
2716 4521 2844 4576 ergo
2885 4520 3005 4560 cum
3043 4505 3272 4559 sciamus
3305 4546 3321 4571 ,
3352 4518 3474 4557 cum

1880 4605 2170 4675 gratiarum
2197 4603 2409 4658 actione
2433 4598 2665 4654 feramus
2697 4597 2833 4652 mala
2863 4640 2879 4664 ,
2914 4613 3033 4666 qua:
3063 4596 3116 4650 in
3144 4611 3243 4651 nos
3276 4595 3472 4650 immit-

1885 4705 2069 4750 tuntur
2097 4734 2111 4757 ,
2154 4702 2211 4747 ut
2231 4702 2284 4748 et
2318 4691 2408 4745 illa
2436 4688 2591 4744 nobis
2619 4688 2745 4743 liant
2774 4685 3035 4753 faciliora,
3060 4695 3114 4742 et
3139 4687 3275 4741 bona
3302 4684 3478 4741 futura

1884 4801 2279 4857 consequamur
2309 4800 2322 4836 :
2352 4798 2470 4853 qua:
2518 4781 2676 4836 detur
2717 4780 2870 4835 nobis
2897 4780 3145 4835 omnibus
3171 4778 3426 4849 consequi
3463 4820 3478 4845 ,

1886 4879 2056 4951 gratia
2105 4885 2160 4932 et
2208 4875 2493 4931 clementia
2537 4873 2745 4928 Domini
2777 4872 2943 4928 nostri
2974 4871 3100 4927 Jesu
3121 4871 3321 4926 Christi
3347 4912 3361 4936 ,
3394 4869 3481 4924 cui

1887 4973 2055 5043 gloria
2084 4979 2138 5025 et
2158 4969 2441 5039 imperium
2460 5009 2474 5031 ,
2507 4981 2649 5021 nunc
2665 4977 2969 5035 etsempcr,
2985 4972 3037 5020 et
3076 4964 3128 5018 in
3157 4963 3349 5017 satcula
3376 4978 3484 5015 sa:-

1890 5065 2155 5120 culorum.
2189 5064 2385 5116 Amen.

2353 5174 2419 5230 IN
2459 5171 2786 5230 PSALMUM
2823 5168 3025 5225 CXLII.

2181 5272 2233 5326 1.
2254 5269 2491 5335 Domine,
2516 5266 2701 5321 exaudi
2725 5264 3003 5319 orationem
3027 5277 3206 5316 meam.

1969 5366 2018 5421 l.
2063 5322 2162 5420 Est
2188 5322 2414 5433 “quidem
2458 5322 2727 5430 npoocux'h,’
2770 5367 2825 5412 et
2871 5342 3107 5426 precatio
3146 5368 3266 5425 qua:
3294 5352 3354 5409 tit
3398 5369 3488 5423 per

1962 5479 1977 5536 ε
2006 5472 2124 5534 Alii,
2149 5486 2275 5536 quos
2307 5468 2357 5520 in
2384 5473 2531 5536 textu
2561 5469 2767 5536 secutus
2793 5467 2871 5511 est
2899 5461 3090 5536 Savil?‘
3109 5458 3292 5536 habent
3318 5458 3481 5536 εωριρςξ

1900 5523 2028 5590 enim
2053 5523 2290 5585 consistit
2345 5536 2391 5582 et
2432 5527 2589 5579 otiosa
2629 5531 2717 5590 est,
2760 5523 3124 5590 corrumpitur;
3163 5532 3282 5588 qua:
3319 5523 3480 5590 autem

1904 5581 2284 5661 transportatur,
2309 5581 2565 5661 niteretur,
2602 5581 2971 5649 circumfertur,
2989 5581 3236 5633 satubribr
3258 5587 3331 5632 cst
3356 5581 3482 5640 risu,

1906 5668 1951 5714 et
1972 5651 2117 5713 tactu.
2151 5664 2195 5707 et
2214 5663 2328 5720 potu
2357 5651 2639 5720 jucundior.

1971 5707 2757 5783 (uirilitec'item:_interpretatio
2805 5716 2882 5762 est
2934 5711 3076 5773 juxta
3116 5707 3486 5772 Symmachum,

1909 5775 2065 5836 altera
2086 5782 2228 5845 juxta
2251 5775 2497 5842 Aquilam.
