3928 6412
523 303 628 367 447

520 415 684 471 verba
704 456 719 482 ,
751 423 809 472 et
840 422 923 470 est
950 413 1111 471 etiam
1140 412 1460 484 promissum
1488 423 1584 468 seu
1613 417 1811 465 votum.
1847 407 2111 476 Quocirca

525 507 715 563 suadet
752 506 912 562 etiam
952 504 1166 576 quidam
1198 505 1412 575 sapiens
1434 546 1450 571 ,
1479 502 1664 559 dicens
1685 545 1700 567 ,
1748 501 1832 556 Ne
1856 502 2113 557 iteraveris

524 598 726 652 uerbum
761 599 816 651 in
843 597 1069 652 oratione
1094 606 1180 650 tua
1204 593 1392 668 (Eceli.
1423 595 1476 650 7.
1502 594 1607 666 l5).
1637 594 1755 651 Non
1780 603 1954 649 autem
1984 593 2111 647 hor-

526 699 665 745 tatur
690 699 744 745 et
769 687 956 744 suadet
984 696 1170 745 utnon
1198 687 1385 744 eadem
1413 686 1495 742 bis
1515 687 1776 752 dicamus,
1799 702 1921 742 cum
1946 684 2109 742 Deum

526 796 773 852 rogamus
798 789 852 836 et
878 794 1195 851 precamur;
1222 780 1397 834 absit:
1421 779 1673 850 jubemur
1696 779 1837 833 enim
1863 792 2111 847 perseve—

523 888 643 928 rare
684 873 736 926 in
780 873 1145 936 orationibus;
1188 870 1282 926 sed
1313 886 1381 925 ne
1408 869 1719 927 differamus
1754 870 1967 941 quando
2005 870 2113 924 Deo

525 962 722 1032 aliquid
763 961 1025 1017 fuerimus
1055 961 1277 1033 polliciti
1303 1003 1317 1025 ,
1347 969 1403 1016 et
1428 959 1478 1014 id
1506 960 1712 1015 solvere
1745 974 2111 1029 properemus.

524 1053 591 1109 Et
620 1054 739 1108 ideo
767 1052 895 1108 dicit
918 1052 1042 1108 alibi
1074 1070 1088 1106 :
1119 1051 1204 1107 Ne
1227 1050 1438 1119 differas
1462 1051 1670 1106 reddere
1703 1060 1869 1103 votum
1901 1048 2109 1122 (Eccle.

528 1147 582 1203 5.
609 1147 687 1218 5).
718 1145 972 1200 Futurum
1002 1144 1143 1199 enim
1166 1153 1249 1199 est
1278 1144 1559 1198 incertum.
1592 1142 1684 1198 Vel
1707 1143 1848 1197 enim
1873 1142 2110 1209 morbus,

524 1236 609 1291 vel
637 1253 757 1307 qua:
785 1244 981 1308 praeter
1008 1234 1317 1305 opinionem
1349 1233 1596 1289 accidunt
1633 1235 1840 1304 negotia
1866 1275 1881 1300 ,
1928 1234 2113 1303 prohi-

530 1329 759 1384 buerint.
790 1328 939 1395 Quod
968 1328 1009 1381 si
1037 1328 1178 1382 enim
1204 1341 1349 1381 mors
1368 1325 1656 1379 adveniens
1677 1333 1727 1379 te
1750 1325 2111 1393 interrupcrit,

526 1438 629 1475 non
677 1421 887 1475 dabitur
933 1419 1026 1475 tibi
1072 1419 1244 1474 venia.
1287 1417 1591 1473 Orationem
1635 1427 1814 1473 autem
1858 1416 1947 1471 hic
1988 1416 2117 1472 dicit

526 1511 887 1580 precationem
915 1518 970 1565 et
991 1509 1462 1579 SUpplicationem;
1485 1516 1540 1562 et
1567 1506 1686 1561 ideo
1714 1506 1984 1576 subjunxit
2012 1508 2115 1562 hoc

525 1605 695 1673 ipsum
722 1603 1027 1673 significans
1043 1645 1056 1666 ,
1079 1599 1298 1655 Auribus
1318 1599 1518 1670 percipe
1540 1596 1926 1652 obsecrationem
1951 1613 2115 1651 meam

525 1698 578 1748 in
615 1696 817 1749 veritate
851 1703 958 1746 tua.
991 1692 1172 1757 Alius,
1201 1689 1267 1745 In
1297 1690 1400 1761 ﬁde
1423 1699 1531 1743 tua.
1562 1690 1743 1755 Alius,
1776 1687 1841 1743 In
1878 1689 2116 1759 ﬁrmitate

524 1800 611 1844 tua
644 1788 740 1862 (a).
786 1787 899 1842 lloc
924 1794 1008 1842 est
1031 1828 1047 1854 ,
1075 1786 1265 1841 Annue
1306 1784 1544 1855 petitioni
1570 1824 1585 1850 ,
1617 1792 1671 1838 et
1698 1782 1781 1837 fac
1808 1791 1865 1837 ut
1893 1796 1954 1838 ea
1979 1781 2113 1837 efre-

524 1890 666 1937 ctum
693 1886 1074 1948 consequatur,
1103 1886 1189 1930 tua
1220 1876 1441 1931 veritate
1466 1874 1789 1930 confirmans
1812 1891 1825 1926 :
1850 1882 1998 1929 utere
2026 1880 2115 1927 tua

529 1972 764 2045 potentia
807 1970 873 2025 ad
912 1985 974 2025 ea
1020 1967 1285 2040 implenda
1311 2008 1326 2036 ,
1358 1983 1479 2038 quae
1520 1976 1663 2038 peto.
1703 1966 1807 2022 Sed
1838 1964 2113 2021 videamus

524 2064 823 2137 cujusmodi
849 2064 917 2117 sit
941 2062 1244 2133 postulatio.
1275 2058 1429 2131 Apud
1456 2059 1720 2125 homines,
1754 2057 1965 2130 quando
1994 2057 2114 2128 quis

523 2162 677 2216 offert
705 2157 1142 2228 supplicationem
1164 2196 1179 2222 ,
1212 2154 1315 2209 hoc
1350 2153 1811 2222 considerant,qui
1848 2166 1965 2206 eam
1993 2164 2115 2206 sus—

522 2252 726 2323 cipiunt
754 2252 793 2314 ⁸,
825 2258 879 2304 et
907 2249 950 2303 si
973 2249 1115 2318 justa
1146 2248 1214 2302 sit
1240 2262 1304 2302 ac
1327 2247 1583 2317 legitima,
1611 2243 1849 2299 auditur.

592 2343 908 2399 Conscientia
943 2340 1107 2411 judea:
1148 2340 1394 2405 interior;
1431 2338 1682 2391 auxilium
1710 2336 1808 2391 Dei
1846 2337 1900 2391 in
1934 2336 2111 2409 quibus

520 2436 667 2489 rebus
695 2432 1037 2503 quaerendum.
1066 2460 1139 2473 —-
1162 2430 1268 2485 Sed
1307 2429 1446 2500 apud
1486 2427 1731 2483 homines
1772 2427 1984 2498 quidem
2012 2443 2111 2498 pro

525 2525 818 2580 honoribus
842 2565 857 2591 ,
884 2521 1227 2592 dignitatibus
1251 2561 1268 2588 ,
1299 2530 1354 2575 et
1393 2520 1633 2592 pecuniis
1659 2518 1717 2574 fit
1754 2520 2069 2590 supplicatio
2092 2561 2111 2588 ,

521 2631 665 2686 smpe
694 2614 853 2670 etiam
883 2623 936 2668 ut
961 2611 1305 2685 prohibeatur
1332 2611 1523 2682 injuria
1559 2629 1572 2667 :
1599 2610 1685 2665 alii
1712 2619 1890 2665 autem
1920 2626 1981 2666 ea
2014 2627 2110 2681 pe-

524 2717 639 2762 tunt
669 2722 788 2777 qure
814 2711 938 2760 sunt
967 2704 1186 2772 majora,
1223 2718 1378 2772 quam
1408 2711 1465 2757 ut
1493 2701 1609 2758 fieri
1638 2702 1842 2772 possint
1868 2716 1895 2755 a
1917 2701 2114 2773 judici-

525 2798 624 2852 bus
653 2814 666 2850 :
695 2811 792 2852 nos
816 2805 994 2850 autem
1022 2795 1385 2864 supplicamus
1411 2808 1507 2864 pro
1539 2798 1878 2864 peccatorum
1906 2793 2112 2848 condo-

523 2868 740 2946 natione
765 2931 778 2956 ,
807 2897 862 2945 et
890 2898 1013 2944 tunc
1035 2887 1277 2943 venimus
1298 2887 1363 2942 ad
1390 2885 1827 2957 supplicationem
1853 2928 1868 2954 ,
1897 2886 2111 2957 quando

525 2983 763 3037 internus
805 2981 969 3052 judex
1014 2996 1118 3034 non
1164 2978 1469 3046 remiserit,
1520 2978 1847 3033 conscientia
1895 2978 2110 3048 inquam

523 3086 706 3131 nostra
731 3116 746 3141 ,
775 3089 893 3145 quae
923 3088 1021 3127 nos
1049 3078 1200 3141 urget
1224 3085 1286 3125 ac
1315 3078 1491 3126 vexat.
1537 3068 1719 3140 Neque
1742 3070 1884 3125 enim
1912 3071 1965 3124 in
1994 3070 2111 3141 ejus

521 3176 786 3240 potestate
814 3167 973 3222 situm
1007 3172 1090 3220 est
1126 3163 1420 3219 remittere.
1455 3161 1523 3217 Et
1564 3160 2013 3232 quemadmodum
2043 3162 2110 3217 ad

524 3262 901 3346 Imperatorem
923 3270 1081 3311 nemo
1101 3270 1198 3325 pro
1219 3263 1368 3309 veste
1390 3249 1611 3308 discissa
1635 3293 1650 3318 ,
1680 3268 1781 3309 nec
1806 3268 1900 3323 pro
1923 3251 2110 3310 decem

523 3343 696 3407 oboli‘s
734 3349 931 3419 ereptis
969 3346 1130 3400 audet
1170 3344 1466 3399 accedere:
1497 3344 1569 3398 ita
1608 3343 1766 3399 etiam
1807 3352 1861 3398 tu
1889 3385 1905 3410 ,
1953 3352 2112 3416 atque

522 3444 658 3500 adeo
688 3443 844 3512 longe
881 3439 1107 3509 amplius
1132 3479 1146 3501 ,
1174 3451 1305 3492 cave
1342 3451 1411 3491 ne
1450 3436 1517 3491 ad
1560 3438 1723 3491 Deum
1755 3437 1977 3493 accedas
2015 3454 2112 3508 pro

522 3536 683 3594 rebus
714 3534 903 3589 vilibus
931 3540 985 3587 et
1014 3529 1163 3585 nihili
1202 3548 1215 3583 :
1248 3537 1304 3583 ut
1328 3527 1474 3583 verbi
1501 3530 1691 3598 gratia,
1718 3529 1764 3584 si
1792 3530 1911 3600 quis
1941 3530 1993 3584 in
2020 3546 2113 3601 pe-

522 3626 679 3683 cunia
712 3624 806 3679 tibi
833 3621 1027 3680 fecerit
1043 3620 1308 3691 injuriam,
1332 3627 1423 3673 aut
1445 3618 1488 3673 si
1510 3619 1627 3690 quis
1647 3617 1886 3675 affecerit
1910 3629 1962 3675 te
1983 3637 2114 3676 con-

523 3717 739 3775 tumelia
767 3734 780 3770 :
805 3715 899 3772 sed
920 3716 973 3771 in
997 3714 1061 3769 iis
1091 3713 1142 3768 in
1167 3713 1358 3783 quibus
1379 3711 1621 3767 diabolus
1644 3720 1694 3767 te
1715 3712 1904 3782 injuria
1925 3713 2108 3782 afficit,

523 3821 634 3867 tum
660 3822 892 3878 superno
918 3805 1151 3860 maxime
1174 3803 1372 3858 auxilio
1400 3817 1533 3872 Opus
1563 3810 1663 3856 est.
1714 3803 1782 3858 At
1809 3818 1912 3857 non
1942 3803 2109 3860 habes

521 3903 609 3971 qui
641 3903 713 3957 tui
738 3914 922 3956 curam
947 3904 1127 3969 gerat,
1158 3906 1214 3951 et
1245 3907 1385 3951 tuam
1416 3892 1855 3963 supplicationem
1882 3894 2111 3951 offerat?

520 3994 652 4049 Cum
680 3993 794 4047 Rex
823 3990 1098 4064 procedit,
1126 4002 1249 4043 eum
1278 3987 1548 4057 alloqucre
1568 4028 1582 4052 ,
1612 3995 1667 4041 et
1693 4000 1874 4057 qurere
1901 3995 2110 4059 tempus

522 4095 899 4161 opportunum.
933 4081 1157 4152 Quando
1185 4094 1313 4151 ergo
1349 4079 1589 4149 procedit
1615 4079 1763 4135 Rex?
1807 4080 2031 4151 Semper
2056 4092 2111 4137 et

528 4182 802 4247 perpetuo.
846 4171 1068 4240 Quando
1113 4177 1198 4225 est
1243 4177 1421 4224 autem
1466 4179 1673 4238 tempus
1714 4172 2110 4240 opportunum?

524 4264 746 4336 Quando
775 4273 831 4319 tu
862 4263 1121 4328 volueris,
1153 4260 1364 4332 quando
1387 4302 1403 4327 ,
1434 4268 1491 4314 ut
1514 4259 1708 4330 dignus
1736 4261 1811 4315 sis
1832 4301 1849 4328 ,
1882 4262 2111 4333 teipsum

525 4354 927 4433 praeparaveris.
957 4352 1284 4408 Jubebantur
1303 4349 1515 4421 quidem
1541 4348 1711 4404 Judaei
1739 4349 1791 4404 in
1816 4350 1957 4406 valle
1982 4352 2111 4408 sub-

523 4454 734 4517 sistere,
762 4464 884 4505 cum
908 4448 1021 4502 Deo
1041 4452 1383 4516 apparerent,
1410 4446 1465 4499 et
1487 4442 1637 4498 albas
1661 4452 1837 4498 vestes
1862 4443 2108 4512 induere,

525 4554 580 4602 ct
598 4559 719 4600 cum
743 4556 907 4598 uxore
932 4554 1046 4595 rem
1073 4553 1179 4594 non
1201 4536 1398 4592 habere
1420 4535 1616 4605 (Exod.
1643 4535 1727 4591 l9.
1755 4536 1841 4591 12.
1868 4536 1953 4591 ιι.
1980 4535 2067 4609 l5)
2092 4554 2107 4591 :

527 4647 583 4694 tu
610 4645 787 4690 autem
816 4633 1047 4688 animam
1077 4628 1306 4685 emunda
1334 4642 1432 4699 pro
1461 4626 1695 4683 vestibus
1714 4667 1729 4694 ,
1756 4634 1813 4682 et
1839 4641 1959 4682 cum
1992 4643 2111 4683 mo-

527 4729 803 4789 deratione
828 4767 844 4791 ,
874 4722 1282 4780 mansuetudine
1303 4761 1320 4788 ,
1350 4728 1405 4776 et
1431 4734 1638 4774 summa
1665 4720 1845 4788 quiete
1870 4719 2066 4775 accede
2093 4761 2110 4787 ,

527 4829 583 4875 et
618 4818 685 4873 ad
706 4818 906 4887 Regem
931 4813 1272 4886 proficiscere
1294 4853 1311 4880 ,
1340 4810 1385 4865 si
1413 4810 1494 4864 vis
1518 4824 1646 4865 vere
1671 4808 1811 4880 quod
1840 4809 1978 4879 petis
2007 4809 2112 4865 im-

529 4921 763 4985 petrare.
789 4907 903 4962 Non
933 4913 1051 4977 eget
1075 4903 1255 4959 multis
1278 4901 1574 4972 sumptibus
1601 4901 1955 4972 peregrinatio
1983 4917 1996 4954 :
2026 4915 2114 4956 ac-

529 5004 648 5072 cipe
666 5000 917 5055 virtutem
936 4994 1208 5050 viaticum.
1231 4992 1299 5048 Et
1314 4990 1526 5047 ubinam
1543 4992 1651 5061 agit
1671 4990 1758 5045 hic
1778 4991 1924 5046 Rex?
1940 4991 2116 5061 Prope

530 5109 625 5151 eos
648 5095 737 5164 qui
765 5089 929 5148 corde
954 5096 1077 5144 sunt
1102 5085 1353 5142 contrito.
1382 5083 1475 5138 llla
1502 5084 1585 5138 via
1612 5082 1914 5153 ingredere.
1943 5081 2114 5153 Prope

529 5195 602 5242 est
642 5183 893 5242 Dominus
938 5177 1169 5234 omnibus
1202 5177 1288 5248 qui
1331 5176 1498 5247 ipsum
1541 5174 1774 5228 invocant
1812 5174 1867 5227 in
1910 5174 2116 5233 veritate

531 5277 551 5341 ζ
579 5276 720 5332 Psal.
753 5274 876 5330 144.
907 5272 1038 5342 l8).
1066 5269 1177 5325 Illic
1201 5282 1323 5324 eum
1350 5265 1590 5321 invenies
1614 5306 1630 5330 ,
1669 5264 1779 5319 illic
1801 5264 2110 5335 alloqueris.

534 5368 635 5424 Est
664 5379 831 5437 prope
856 5377 951 5419 eos
972 5403 988 5431 ,
1016 5361 1107 5434 qui
1136 5373 1327 5431 panem
1359 5355 1613 5428 frangunt
1639 5355 1994 5412 esurientibus
2015 5396 2031 5424 ,
2059 5364 2117 5412 et

594 5518 612 5550 ι
649 5525 770 5566 Tres
786 5524 913 5575 uss,
935 5511 1258 5575 considerant,
1386 5508 1588 5575 offerunt
1610 5518 1627 5557 :
1651 5505 1698 5575 id
1722 5505 1851 5571 quod
1867 5505 2115 5575 diversum

529 5580 726 5629 omnino
759 5568 958 5627 sensum
998 5574 1165 5633 efﬁcit,
1200 5568 1514 5621 sed'alter'am
1549 5568 1831 5628 lectionem,
1856 5569 1941 5631 qui
1961 5582 2114 5619 susei-

533 5640 684 5701 pt'unt.
709 5642 934 5701 asserunt
957 5649 1017 5686 ea
1037 5639 1456 5701 quaeseqmmtur.

534 5692 548 5806 ἑ
597 5692 1201 5806 ({zirriofainterpretatio
1226 5692 1302 5746 est
1321 5697 1459 5759 juxta
1503 5692 1850 5758 Symmachum,
1876 5696 2112 5755 posterior

553 5772 613 5806 ux
640 5774 669 5806 ει
722 5772 807 5806 mn
855 5772 921 5806 in.

527 5760 669 5818 juxta
692 5760 921 5823 Aquilam.

3737 212 3750 253 Ι

1237 296 1296 354 S.
1333 293 1613 353 JOANNIS
1649 290 2124 351 CHRYSOSTOMI
2163 291 2481 352 ARCHIEP.
2521 293 3057 354 CONSTANTINOP.
3664 304 3739 361 ΗΒ

2221 420 2443 481 erogant
2476 410 2895 484 eleemosynam.
2938 411 2996 467 Si
3037 410 3139 468 bac
3182 410 3262 466 via
3292 412 3514 481 veneris,
3552 413 3743 475 invenies

2219 518 2339 558 eum
2372 513 2634 573 paratum,
2665 513 2986 561 annuentem
3019 514 3125 560 tua:
3155 504 3410 574 petitioni.
3438 503 3506 560 Te
3532 510 3655 562 enim
3675 514 3746 564 ad-

2220 594 2318 648 huc
2346 596 2577 665 loquente
2615 597 2821 665 dicam,
2861 595 2997 651 Ecce
3031 597 3214 651 adsum
3248 595 3414 669 (Isai.
3444 596 3528 654 58.
3555 598 3654 668 9):
3675 618 3749 658 nec

2218 701 2351 758 opus
2380 689 2486 745 crit
2521 688 2878 746 intercessore
2904 731 2919 757 ,
2959 689 3054 745 sed
3098 705 3193 761 per
3221 698 3271 746 te
3304 690 3471 760 ipsum
3495 692 3623 763 quod
3646 696 3749 764 petis

2217 780 2544 849 assequeris.
2582 778 2792 836 Exaudi
2833 798 2912 837 me
2939 781 2992 835 in
3034 790 3120 835 tua
3137 782 3359 852 justitia.
3389 782 3521 850 Quid
3562 782 3751 852 facis,o

2220 872 2419 925 homo?
2460 870 2599 927 Infra
2640 872 2882 929 dicturus
2906 888 2965 929 es
2987 913 3004 942 ,
3036 871 3118 928 Ne
3141 874 3295 928 intres
3320 874 3375 928 in
3408 875 3642 944 judicium
3665 894 3752 933 cum

2216 979 2359 1017 servo
2386 973 2492 1030 tuo,
2520 965 2639 1036 quia
2660 981 2761 1019 non
2780 964 3145 1036 justi/imbitur
3167 966 3221 1020 in
3244 976 3507 1037 conspectu
3531 976 3608 1022 tuo
3628 972 3755 1026 omnis

2218 1052 2457 1126 viveus(v.
2488 1053 2544 1124 2)
2576 1073 2589 1109 :
2617 1065 2673 1110 et
2697 1054 2783 1110 hic
2808 1071 2964 1127 rogas
2987 1064 3041 1111 ut
3063 1057 3201 1111 sicut
3221 1056 3425 1127 justum
3443 1066 3523 1114 est
3543 1060 3756 1114 exaudia-

2217 1144 2331 1199 ris?
2357 1144 2493 1210 Quid
2518 1153 2604 1200 est
2630 1161 2761 1217 ergo
2784 1148 2925 1218 quod
2955 1148 3185 1204 dicitur?

2288 1235 2501 1291 Iustitia
2529 1236 2625 1291 Dei
2648 1238 2945 1306 clementia;
2970 1239 3147 1294 diluvii
3177 1241 3373 1311 punitio
3399 1257 3543 1313 quam
3563 1242 3684 1297 leris.
3704 1273 3755 1283 —

2217 1324 2480 1381 Justitiam
2508 1327 2596 1382 hic
2616 1327 2745 1383 dicit
2768 1329 3129 1396 clementiam,
3161 1341 3215 1386 et
3234 1331 3287 1387 in
3313 1333 3495 1388 multis
3512 1332 3755 1404 Scriptura:

2218 1417 2350 1473 locis
2378 1418 2542 1474 videri
2575 1428 2751 1489 potest
2778 1421 2945 1492 accipi
2969 1422 3230 1492 justitiam
3261 1438 3359 1494 pro
3384 1424 3669 1493 clementia,
3695 1427 3756 1481 id-

2218 1523 2321 1577 que
2356 1508 2478 1579 jure
2508 1510 2745 1581 profecto
2781 1529 2796 1567 :
2827 1512 2966 1583 apud
3016 1514 3260 1570 homines
3286 1516 3432 1570 enim
3461 1516 3646 1586 justitia
3672 1518 3755 1587 pri-

2217 1608 2372 1654 vatur
2400 1600 2766 1658 misericordia
2792 1621 2805 1658 :
2831 1603 2971 1674 apud
3006 1604 3170 1660 Deum
3196 1615 3379 1660 autem
3407 1621 3509 1662 non
3536 1608 3666 1672 item,
3684 1607 3756 1663 sed

2214 1691 2438 1762 iustitia:
2461 1707 2671 1764 quoque
2694 1694 2927 1750 admixta
2950 1704 3034 1752 est
3062 1697 3449 1764 misericordia,
3472 1710 3520 1753 et
3548 1708 3695 1761 tanta,
3714 1709 3757 1751 ut

2220 1785 2331 1854 ipsa
2355 1784 2512 1839 etiam
2533 1785 2738 1856 justitia
2765 1796 2982 1842 vocetur
3001 1787 3302 1844 clementia.
3333 1787 3611 1845 Considera
3637 1792 3757 1859 igitur

2219 1887 2413 1955 quanta
2457 1882 2509 1932 in
2536 1878 2735 1934 diluvio
2773 1879 2936 1935 fuerit
2960 1880 3325 1937 misericordia
3352 1922 3367 1949 ,
3399 1892 3588 1954 quanta
3616 1897 3758 1935 l'lll'allS

2213 1968 2436 2039 justitia.
2460 1970 2569 2024 Etsi
2588 1971 2729 2025 enim
2756 1986 2941 2041 poenas
2961 1972 3225 2028 dederunt
3244 1974 3333 2043 qui
3355 1983 3477 2029 tunc
3494 1975 3755 2046 peccabant,

2219 2075 2324 2115 non
2359 2071 2534 2117 tamen
2564 2061 2826 2117 dederunt
2854 2079 2984 2134 quas
3013 2073 3341 2120 meruerant.
3387 2064 3465 2120 Ne
3500 2064 3616 2120 mibi
3649 2066 3757 2119 en‘m

2218 2152 2415 2208 molem
2443 2169 2700 2223 aquarum
2730 2157 3053 2225 respexeris,
3084 2172 3257 2227 neque
3281 2157 3490 2213 dierum
3517 2157 3757 2212 multitudi-

2217 2261 2339 2300 nem
2362 2285 2379 2311 ,
2411 2245 2604 2315 quibus
2632 2245 2730 2301 fuit
2770 2246 2951 2301 diluvii
3000 2246 3335 2318 naufragium
3361 2289 3377 2313 ,
3411 2262 3576 2317 neque
3613 2248 3756 2301 urbem

2216 2345 2374 2391 terra:
2415 2336 2504 2407 qui
2543 2345 2669 2391 tunc
2706 2346 2823 2392 erat
2859 2337 3104 2409 abyssus.
3156 2338 3297 2406 Quid
3338 2338 3441 2393 hoc
3472 2338 3602 2393 enim
3631 2337 3758 2391 refert

2215 2442 2399 2482 eorum
2428 2428 2516 2498 qui
2545 2429 2856 2499 perierunt?
2884 2428 3008 2484 llaec
3032 2430 3173 2485 enim
3202 2439 3428 2499 possunt
3450 2429 3646 2500 quidem
3668 2442 3758 2498 gra-

2215 2536 2335 2577 vem
2381 2522 2629 2577 timorem
2670 2523 2910 2578 incutere
2939 2540 2955 2578 :
2987 2523 3051 2577 iis
3080 2532 3260 2578 autem
3303 2524 3392 2594 qui
3420 2522 3602 2578 mortui
3629 2528 3755 2586 sunt,

2217 2615 2421 2670 nullum
2449 2616 2767 2686 supplicium
2795 2615 3042 2672 afferunt.
3075 2616 3359 2685 Quomodo
3385 2616 3520 2671 enim
3547 2615 3756 2686 puniren-

2217 2714 2305 2762 tur
2346 2707 2437 2778 qui
2475 2722 2593 2778 qum
2620 2707 2753 2763 fiunt
2778 2723 2884 2762 non
2917 2707 3192 2762 sentiunt?
3218 2723 3448 2778 quorum
3474 2706 3619 2763 etiam
3643 2701 3756 2759 brevi

2217 2798 2476 2869 temporis
2500 2807 2774 2853 momento
2802 2797 2898 2852 fuit
2926 2797 3191 2866 interitus,
3222 2798 3542 2868 brevemque
3566 2806 3613 2852 et
3637 2794 3756 2849 levis-

2216 2888 2407 2944 simam
2440 2899 2665 2945 mortem
2696 2890 2838 2960 passi
2869 2898 3029 2955 sunt,
3058 2897 3115 2944 et
3151 2889 3276 2960 igne
3307 2899 3362 2945 et
3386 2904 3511 2946 ense
3536 2896 3586 2945 et
3605 2888 3759 2956 laqueo

2216 2988 2272 3036 et
2310 2981 2590 3037 tormentis
2628 2979 2921 3036 faciliorem
2952 3022 2967 3049 ,
3005 2989 3058 3036 et
3099 2980 3254 3052 longe
3287 2981 3460 3037 minus
3486 2975 3754 3035 molestam?

2214 3071 2392 3140 Quare
2419 3070 2653 3141 speciem
2689 3072 2867 3142 potius
2910 3071 3192 3141 supplicii,
3225 3087 3387 3143 quam
3426 3068 3753 3142 experientiam

2218 3164 2484 3220 habebant
2520 3180 2639 3236 quae
2674 3163 2889 3220 fiebant.
2923 3164 3025 3230 Qui
3055 3163 3235 3234 itaque
3276 3172 3388 3219 toto
3417 3164 3531 3217 vita:
3559 3172 3752 3229 tempore

2216 3255 2283 3311 ad
2310 3265 2608 3313 extremam
2644 3271 2812 3327 usque
2851 3263 3182 3312 senectutem
3222 3256 3350 3311 talin
3391 3254 3752 3316 commiserant,

2217 3346 2536 3402 breviSSimo
2576 3348 2831 3418 temporis
2869 3358 3143 3403 momento
3181 3362 3373 3418 pmnas
3416 3347 3686 3408 dederunt,
3720 3341 3753 3395 si

2215 3439 2429 3511 quidem
2460 3448 2662 3495 natura:
2689 3438 2923 3495 debitum
2950 3438 3243 3494 vocandum
3281 3440 3352 3494 sit
3382 3437 3685 3508 supplicium.

2284 3533 2338 3587 2.
2407 3531 2639 3597 Vidisti,
2677 3539 2872 3601 quanta
2905 3532 2976 3586 sit
3011 3531 3341 3587 clementia?
3383 3529 3471 3586 Vis
3496 3529 3639 3584 etiam
3661 3538 3751 3579 eam

2214 3626 2428 3681 aliunde
2454 3624 2675 3680 videre?
2700 3640 2807 3680 non
2831 3625 2974 3680 enim
3000 3625 3179 3679 statim
3210 3623 3415 3689 intulit,
3444 3621 3532 3678 sed
3554 3629 3601 3676 et
3620 3614 3753 3673 semel

2215 3726 2270 3773 et
2309 3717 2391 3772 bis
2428 3724 2484 3772 et
2520 3730 2662 3787 saepe
2701 3731 2820 3771 eam
2856 3714 3121 3787 praedixit.
3168 3713 3276 3770 Per
3317 3729 3492 3770 arcam
3532 3712 3652 3767 enim
3681 3720 3752 3761 ens

2214 3810 2517 3881 alloquutus
2540 3818 2624 3866 est
2647 3826 2661 3863 :
2682 3809 2761 3864 illi
2790 3823 2918 3864 vero
2943 3822 3012 3863 ne
3038 3808 3117 3864 sic
3140 3806 3359 3877 quidem
3380 3810 3651 3868 cessarunt,
3673 3797 3751 3854 etsi

2215 3916 2321 3970 non
2351 3915 2486 3971 opus
2513 3909 2630 3956 erat
2691 3909 2750 3955 ut
2773 3900 2879 3955 ulla
2902 3898 3231 3954 denuntiatio
3261 3900 3414 3954 fieret
3449 3890 3747 3967 improbitati.

2215 3992 2321 4049 Sed
2347 4008 2520 4064 neque
2541 4008 2635 4049 eos
2656 4003 2846 4048 natura
2866 3990 3067 4058 docuit,
3091 3991 3183 4046 sed
3209 3999 3476 4061 tamquam
3503 3985 3646 4060 porci,
3667 3986 3750 4035 imo

2214 4101 2343 4142 vero
2366 4086 2639 4156 quibusvis
2662 4085 2840 4156 porcis
2887 4083 3252 4148 obsceniores,
3274 4098 3396 4139 cum
3423 4094 3475 4138 et
3494 4096 3549 4136 se
3571 4080 3686 4134 inter
3704 4089 3749 4128 se

2215 4185 2643 4247 corrumperent,
2665 4185 2721 4233 et
2745 4185 2950 4231 naturae
2970 4175 3116 4246 leges
3135 4174 3370 4230 funditus
3393 4168 3747 4231 convenissent.

2216 4284 2319 4326 nec
2363 4269 2457 4324 ulli
2487 4268 2722 4324 suasioni
2746 4307 2763 4336 ,
2797 4268 2960 4323 ullive
2985 4267 3210 4323 consilio
3238 4267 3564 4337 paruissent,
3592 4273 3679 4317 nec
3699 4271 3749 4312 ex

2211 4362 2340 4431 justi
2366 4362 2638 4417 vicinitate
2663 4359 2808 4416 aliud
2831 4359 3097 4415 commodi
3124 4360 3422 4429 cepissent,
3450 4355 3583 4412 brevi
3610 4350 3749 4405 solum

2216 4453 2474 4522 temporis
2515 4460 2791 4508 momento
2828 4465 3015 4522 pmnas
3056 4450 3359 4516 dederunt,
3405 4449 3481 4504 vel
3518 4445 3667 4517 potius
3699 4437 3750 4492 ab

2218 4544 2435 4599 interitu
2463 4542 2635 4614 erepti
2659 4585 2676 4611 ,
2705 4553 2760 4598 et
2787 4557 2818 4598 a
2844 4555 3001 4613 pcena
3027 4541 3234 4597 liberati
3261 4550 3403 4596 sunt.
3435 4539 3506 4593 Ea
3534 4534 3656 4591 enim
3691 4529 3749 4581 la-

2215 4650 2338 4691 cere
2361 4634 2529 4690 multo
2548 4643 2630 4689 est
2651 4635 2880 4704 gravius,
2903 4647 3061 4705 quam
3082 4632 3231 4687 brevi
3255 4630 3505 4700 temporis
3524 4627 3748 4680 momento

2217 4725 2483 4794 intercipi.
2515 4723 2749 4780 Hoccine
2771 4732 2856 4780 est
2879 4738 3027 4795 ergo,
3051 4723 3137 4779 die
3160 4722 3314 4789 mihi,
3336 4718 3657 4790 supplicium,
3676 4722 3749 4763 eos

2216 4818 2307 4891 qui
2336 4817 2478 4873 vitiis
2506 4827 2659 4874 erant
2684 4817 2959 4888 corrupti,
2987 4825 3041 4873 et
3062 4816 3321 4871 scelerate
3344 4830 3405 4869 ac
3432 4810 3615 4867 nefarie
3640 4806 3749 4858 inter

2218 4924 2277 4964 se
2305 4908 2784 4980 conjungebautur,
2814 4917 2869 4964 et
2895 4908 3030 4962 alter
3056 4907 3281 4961 alterum
3310 4903 3559 4959 dedecore
3584 4892 3746 4950 afficie-

2217 4997 2344 5054 bant
2363 5008 2415 5054 et
2438 4997 2825 5066 efficiebantur,
2848 4996 2917 5051 ab
2941 4993 3385 5069 ejusmodiesitio
3410 4985 3649 5048 liberare?
3672 4983 3748 5036 “2|-

2219 5106 2309 5157 ne,
2333 5088 2596 5145 medicum
2623 5087 2837 5160 quidem
2861 5089 2952 5158 qui
2975 5086 3214 5143 membra
3235 5085 3440 5156 putrida
3467 5085 3647 5136 resecat
3664 5084 3745 5125 non

2218 5181 2456 5236 dicemus
2498 5179 2684 5250 punire
2719 5192 2951 5249 corpus,
2987 5176 3083 5233 sed
3118 5186 3383 5245 tamquam
3424 5170 3675 5239 benignum
3692 5167 3747 5250 _et

2216 5245 2513 5325 humanum
2532 5245 2887 5321 admittemus
2913 5245 3045 5320 τι)θὶ
3064 5273 3240 5318 autem
3265 5259 3568 5329 sapientiam
3595 5259 3641 5305 et
3665 5245 3749 5299 cle-

2215 5361 2469 5418 mentiam
2499 5373 2606 5414 non
2636 5358 2807 5414 multo
2837 5358 3007 5428 magis
3036 5352 3434 5415 admirabimur,
3461 5345 3544 5417 qui
3568 5352 3676 5397 suos
3699 5346 3746 5386 εει

2216 5457 2425 5513 ratione
2471 5452 2786 5526 castigat’?
2838 5452 2979 5507 Eum
3024 5449 3236 5520 quidem
3289 5451 3534 5519 perpetuo
3574 5433 3747 5502 οροτίθί

2217 5548 2494 5614 admirari,
2525 5556 2582 5603 et
2608 5545 2776 5617 gloria
2824 5543 3196 5601 allicere:sed
3241 5541 3341 5596 hoc
3381 5534 3583 5592 nomine
3623 5533 3743 5579 mm"

2216 5656 2375 5711 quam
2396 5639 2724 5695 desistamus
2746 5637 2864 5706 ejus
2884 5647 3102 5707 stupere
3125 5627 3524 5704 providentiam,
3541 5631 3628 5674 nec
3647 5621 3742 5667 eum

2280 5754 2295 5791 ¹
2335 5752 2420 5806 Ha:
2445 5764 2609 5813 voces,
2632 5748 2714 5815 qui
2735 5763 2846 5804 suos
2870 5762 2928 5801 ea
2948 5746 3128 5802 ratione
3148 5744 3361 5806 cast'gat,
3386 5740 3549 5792 desunt
3564 5735 3604 5784 in
3625 5719 3737 5778 sunt
