3928 6408
149 5924 173 5966 x'

186 406 288 461 619

183 529 456 571 cessemus
481 528 543 568 ea
569 512 636 567 de
665 526 825 567 causa
853 508 1068 564 laudare
1094 551 1107 575 ,
1140 508 1279 578 quod
1323 508 1536 562 brevem
1567 507 1765 561 sectiov

186 622 307 659 nem
341 604 673 666 adhibuerit,
704 606 922 669 serpens
950 600 1142 655 malum
1172 598 1445 652 resciderit
1470 637 1485 660 ,
1516 604 1569 648 et
1594 593 1762 649 medi-

186 697 361 750 cinam
388 708 505 763 qua:
531 692 731 746 nullum
759 691 994 744 dolorem
1033 688 1244 743 afferret
1273 685 1582 740 admoverit.
1612 682 1689 737 Nc
1716 691 1770 738 te

186 802 321 858 ergo
349 786 451 841 hoc
478 784 778 847 conturbet,
807 783 945 853 quod
974 796 1161 836 omnes
1189 790 1406 848 repente
1430 788 1482 832 et
1506 793 1608 831 uno
1631 786 1768 832 tem-

187 896 318 951 pore
338 877 509 931 obruti
532 877 654 930 sint.
679 875 814 943 Quid
836 876 977 929 enim
1000 871 1164 927 refert
1183 888 1248 924 an
1272 871 1367 936 sic,
1387 885 1452 922 an
1478 867 1766 937 paulatim?

191 969 313 1037 quid
342 983 463 1022 eum
491 966 577 1035 qui
609 965 838 1019 excessit
858 965 1006 1032 juvat
1035 961 1173 1032 quod
1205 975 1299 1030 per
1322 974 1381 1014 se
1406 967 1457 1012 et
1484 959 1645 1021 solus,
1677 967 1767 1012 aut

191 1060 335 1113 lrcdit
375 1058 514 1127 quod
544 1071 665 1110 eum
705 1054 951 1108 omnibus
992 1049 1320 1107 excesserit?
1370 1048 1573 1102 Exaudi
1612 1064 1689 1100 me
1719 1048 1771 1101 in

193 1164 281 1204 tua
296 1149 516 1220 justitia,
541 1147 641 1201 hoc
660 1157 761 1211 est,
792 1146 841 1200 in
867 1143 1188 1213 benignitate
1214 1152 1266 1196 ct
1294 1138 1591 1194 clementia.
1621 1137 1770 1204 Quod

191 1243 335 1297 enim
364 1240 415 1295 id
442 1238 719 1309 signiﬁcet,
746 1235 1015 1305 suhjnnxit
1038 1251 1050 1287 :
1079 1233 1140 1287 Et
1163 1248 1261 1286 non
1282 1233 1435 1284 intres
1455 1231 1505 1283 in
1520 1228 1770 1298 judicium

192 1350 307 1387 cum
331 1348 470 1386 serra
495 1342 603 1384 tuo.
630 1330 742 1383 Iloc
761 1329 920 1383 etiam
948 1326 1075 1395 petit
1095 1324 1195 1379 Job
1218 1324 1302 1392 qui
1330 1330 1443 1376 crat
1475 1319 1563 1374 Vir
1578 1321 1771 1390 justus,

194 1435 243 1477 et
287 1439 438 1477 cerua:
458 1463 471 1486 ,
516 1431 563 1475 et
604 1420 855 1473 abstinens
883 1416 943 1470 ab
974 1417 1110 1470 omni
1136 1432 1191 1468 re
1230 1415 1366 1467 mala
1406 1412 1565 1483 (Job.
1599 1413 1646 1465 l.
1678 1411 1700 1464 1
1733 1413 1774 1481 ),

194 1518 381 1573 dicens
408 1534 422 1569 :
459 1514 663 1568 Utinam
692 1521 815 1566 esset
846 1511 929 1581 qui
958 1510 1257 1562 discerneret
1294 1516 1337 1559 et
1382 1513 1609 1575 argueret
1648 1503 1776 1555 inter

194 1620 460 1677 utrumque
484 1606 502 1678 (
526 1605 659 1659 Ibid.
691 1604 744 1660 9.
776 1603 910 1674 '55);
952 1616 1071 1656 cum
1105 1600 1242 1654 Deus
1280 1605 1455 1652 autem
1485 1596 1726 1665 apparuit
1754 1610 1772 1651 :

196 1699 408 1755 Manum
444 1712 700 1768 apponam
737 1694 812 1748 ori
852 1708 962 1745 meo
990 1689 1166 1765 (Ibid.
1200 1688 1287 1744 59.
1317 1688 1457 1756 54):
1489 1686 1612 1740 licet
1639 1686 1776 1739 Deus

197 1795 512 1859 provocaret
536 1796 586 1842 et
610 1785 809 1840 diceret
839 1800 853 1836 τ
887 1781 1030 1847 Non,
1059 1779 1146 1834 sed
1183 1779 1385 1848 acciage
1413 1786 1665 1846 tamquam
1702 1776 1776 1829 vir

200 1880 393 1935 lumbos
421 1888 531 1933 tuas
563 1875 722 1947 (Ibid.
744 1875 831 1930 40.
854 1874 936 1943 Ξ).
962 1873 1071 1926 lloc
1095 1872 1253 1924 etiam
1274 1867 1471 1923 Judmis
1492 1865 1779 1936 exprobrat

198 1970 408 2025 dicens:
425 1966 572 2033 Quod
592 1968 882 2020 invenerunt
898 1973 1061 2033 patres
1074 1961 1220 2016 vestri
1232 1960 1283 2013 in
1300 1975 1377 2012 me
1391 1958 1642 2021 delictum,
1658 1957 1777 2027 quia

196 2061 448 2133 principes
487 2058 633 2112 vestri
677 2058 729 2109 in
771 2072 848 2109 me
885 2072 937 2109 se
978 2053 1146 2122 inique
1172 2059 1427 2122 gesserunt
1458 2047 1663 2116 ρει-,2.
1685 2048 1777 2117 5)?

271 2151 608 2222 (.‘onfessionis
633 2157 954 2219 peccatorum
977 2146 1191 2214 fructus.
1210 2171 1279 2182 -—
1296 2140 1409 2195 Hoc
1430 2147 1607 2194 autem
1630 2137 1774 2205 facit,

196 2258 304 2298 non
334 2241 515 2295 volens
539 2239 833 2309 graviorem
863 2239 913 2291 in
943 2248 1036 2290 eos
1058 2232 1280 2288 reddere
1309 2229 1648 2295 sententiam,
1678 2228 1774 2283 sed

207 2335 391 2388 volens
418 2347 482 2387 eo
512 2330 774 2386 adducere
797 2371 811 2395 ,
842 2337 895 2382 ut
927 2342 1017 2381 sua
1048 2332 1259 2395 peccata
1286 2322 1581 2386 sentirent,
1610 2336 1778 2389 eaque

197 2425 614 2488 conﬁterentur,
641 2430 695 2477 et
723 2429 845 2474 tunc
873 2419 949 2472 eis
975 2417 1126 2471 daret
1152 2414 1357 2468 veniam
1376 2453 1390 2478 ,
1424 2420 1482 2465 ut
1509 2413 1585 2466 sic
1611 2410 1777 2465 bene-

199 2516 304 2593 ﬁcii
336 2522 552 2569 nossent
572 2509 1005 2582 magnitudinem.
1036 2508 1099 2561 Et
1118 2506 1237 2561 ideo
1259 2504 1387 2559 dicit
1412 2521 1425 2558 :
1454 2502 1545 2556 Dic
1567 2511 1620 2555 tu
1642 2504 1781 2571 prior

198 2592 486 2676 iniquitates
513 2614 622 2657 tuas
643 2645 658 2671 ,
689 2617 792 2655 non
826 2611 881 2654 ut
909 2597 1310 2659 condemneris,
1338 2594 1432 2650 sed
1456 2637 1469 2659 ,
1502 2592 1566 2649 Ut
1582 2593 1778 2663 justiﬁ-

199 2700 330 2753 ceris
362 2698 380 2767 (
407 2695 532 2750 Isai.
560 2696 645 2750 45.
678 2694 748 2748 26
771 2694 812 2761 ).
850 2693 921 2747 Ea
951 2692 1019 2746 de
1046 2705 1203 2745 causa
1232 2704 1329 2744 nec
1358 2689 1471 2757 ipse
1497 2703 1587 2742 eas
1612 2687 1777 2749 dicit,

200 2792 296 2845 sed
329 2791 474 2844 illum
499 2788 565 2842 ad
601 2802 692 2842 eas
721 2785 971 2842 dicendas
1008 2788 1300 2852 comparat.
1348 2779 1402 2835 Si
1449 2780 1588 2835 enim
1621 2779 1783 2835 vellet

201 2884 393 2955 punire
416 2882 588 2950 ,tipse
616 2894 737 2934 eum
775 2882 1079 2931 accusasset
1105 2891 1120 2927 :
1149 2888 1288 2927 nunc
1316 2882 1496 2925 autem
1527 2870 1777 2941 quoniam

203 2975 318 3029 vult
348 2971 584 3027 misereri
612 3011 626 3036 ,
659 2969 794 3025 cedit
827 2967 875 3023 ei
905 2966 991 3038 qui
1021 2964 1290 3035 peccavit,
1321 2970 1374 3017 ul
1419 2963 1531 3031 ipsc
1566 2962 1699 3030 grati
1730 2968 1784 3015 et

204 3067 460 3124 memoris
480 3064 640 3119 animi
666 3077 918 3118 coronam
940 3050 1181 3129 accipiat,
1207 3068 1260 3113 et
1281 3072 1372 3127 per
1392 3054 1780 3110 confessionem

206 3157 623 3215 misericordiam
645 3152 890 3209 attrahat.
919 3150 1052 3219 Quid
1083 3158 1257 3221 potest
1282 3164 1400 3203 cum
1430 3148 1527 3202 hac
1552 3147 1780 3202 conferri

213 3247 531 3303 clementia?
561 3244 720 3300 Nihil.
751 3245 864 3308 Dic,
888 3236 1074 3311 inquit,
1098 3249 1151 3295 et
1172 3239 1298 3292 nihil
1321 3252 1500 3308 qumro
1521 3236 1780 3306 amplius;

213 3341 488 3403 conlitcre,
512 3346 565 3393 et
585 3336 714 3391 mibi
734 3334 929 3388 sufﬁcit
949 3349 963 3397 ;
981 3332 1083 3394 dic,
1109 3340 1158 3385 et
1183 3344 1397 3400 prorsus
1413 3326 1671 3381 abstineo.
1706 3323 1786 3378 Nc

206 3431 365 3487 intres
387 3431 439 3483 in
454 3427 708 3499 judicium
734 3441 848 3479 cum
873 3438 1011 3478 servo
1034 3431 1139 3476 tuo.
1170 3419 1314 3474 Multi
1341 3428 1464 3472 sunt
1489 3418 1575 3486 qui
1606 3418 1655 3472 in
1684 3417 1785 3473 hoc

208 3539 272 3579 se
299 3530 442 3577 recte
465 3527 679 3591 gerunt,
704 3533 767 3573 ex
798 3530 863 3572 eo
889 3514 1029 3586 quod
1059 3513 1128 3568 sit
1152 3513 1289 3568 Dens
1309 3510 1655 3581 judicaturus.
1683 3509 1784 3576 Qui

206 3615 351 3670 enim
379 3613 464 3683 pio
488 3621 610 3667 sunt
636 3618 690 3665 et
714 3618 863 3680 grato
898 3607 1076 3661 animo
1096 3647 1112 3670 ,
1145 3605 1247 3659 hoc
1275 3612 1398 3657 ante
1427 3610 1623 3656 norunt
1651 3621 1664 3654 :
1696 3601 1784 3671 qui

207 3721 387 3767 secus,
415 3719 477 3758 ex
504 3718 568 3757 eo
598 3701 737 3771 quod
767 3697 1036 3769 prophetae
1061 3696 1242 3751 dicunt
1267 3693 1496 3758 assidue,
1524 3692 1786 3745 Iudicium

210 3796 429 3850 Domino
452 3793 519 3847 ad
538 3791 780 3863 populant
797 3805 963 3852 suum,
985 3795 1030 3841 et
1049 3802 1162 3840 cum
1185 3782 1353 3838 Israel
1373 3782 1576 3836 disseret
1600 3781 1675 3855 (Μ
1684 3781 1784 3838 icit.

208 3888 266 3943 6.
291 3884 366 3959 2)
398 3905 411 3940 :
439 3893 493 3940 cl
534 3898 715 3938 rursus
740 3923 757 3949 ,
784 3880 965 3933 Audite
988 3920 1004 3945 ,
1034 3876 1188 3931 valles
1212 3884 1257 3928 et
1286 3874 1617 3944 fundamenta
1645 3881 1789 3927 terra!

208 3979 265 4049 (Ι
274 3979 400 4048 bid.)
428 3996 439 4030 :
463 3985 537 4043 et,
562 3976 710 4040 Audi,
738 3974 936 4038 ccelum,
955 3980 1001 4025 et
1023 3966 1225 4044 auribus
1250 3966 1462 4035 percipe,
1486 3976 1619 4018 terra
1637 3964 1788 4035 (Isai.

208 4072 266 4125 1.
294 4071 315 4124 1
343 4069 382 4139 ).
416 4068 492 4122 Ex
522 4082 587 4122 eo
612 4080 737 4134 ergo
757 4064 896 4134 quod
927 4062 1040 4129 ipse
1066 4058 1282 4114 assidue
1305 4056 1510 4110 dicatur
1530 4053 1787 4123 judicare,

207 4164 373 4218 etiam
401 4161 485 4230 qni
516 4157 670 4229 paulo
697 4157 870 4210 minus
896 4168 1084 4209 sensus
1110 4150 1376 4206 habebant
1400 4162 1458 4202 se
1485 4148 1534 4201 in
1558 4162 1621 4202 eo
1646 4156 1791 4203 recte

206 4253 484 4325 gerebant.
520 4248 727 4305 Etenim
754 4246 999 4301 dicebant
1026 4241 1259 4298 nonnulli
1290 4237 1458 4295 Judmi
1490 4257 1503 4292 :
1534 4237 1703 4304 Quare
1717 4238 1792 4307 je-

197 4343 571 4419 junat'imus,et
591 4356 692 4394 non
718 4335 954 4406 aspexisti
981 4333 1127 4403 (Isai.
1154 4333 1240 4388 58.
1264 4329 1361 4401 5)?
1386 4338 1461 4393 et,
1484 4328 1793 4398 Quicumque

209 4435 338 4506 facit
367 4433 579 4497 malum,
612 4433 793 4484 bonum
819 4443 987 4481 coram
1018 4425 1230 4479 Domino
1255 4422 1275 4496 (
1297 4420 1522 4476 Malae/1.
1549 4421 1602 4475 2.
1640 4422 1703 4476 17
1726 4421 1744 4492 )
1767 4437 1782 4486 ;

209 4535 272 4583 et
292 4566 308 4592 ,
344 4524 692 4593 JEdiﬁcantur
718 4522 801 4591 qui
829 4520 1019 4590 faciunt
1044 4515 1234 4571 scelera
1255 4556 1271 4581 ,
1303 4525 1348 4569 et
1374 4513 1541 4568 beatos
1567 4513 1793 4567 ducimus

192 4618 409 4673 alienos
436 4614 610 4686 (Ibid.
644 4613 697 4666 5.
726 4612 792 4666 15
817 4610 871 4682 );
903 4619 954 4665 et
979 4650 995 4675 ,
1028 4608 1148 4662 Non
1191 4615 1262 4661 est
1303 4614 1439 4660 recta
1476 4606 1556 4658 via
1589 4603 1794 4659 Domini

215 4710 237 4781 (
269 4708 450 4763 Ezeclt.
478 4707 566 4762 55.
602 4705 726 4773 17).
758 4703 923 4758 Porro
948 4702 1133 4756 beatus
1158 4713 1368 4768 quoque
1392 4696 1492 4751 Job
1516 4703 1791 4766 postquam

209 4801 273 4854 in
306 4799 447 4853 illam
492 4795 834 4852 tentationem
873 4791 1095 4857 incidit,
1122 4804 1227 4844 non
1268 4802 1332 4842 eo
1361 4787 1538 4841 animo
1565 4827 1579 4851 ,
1612 4801 1709 4840 nec
1732 4799 1793 4840 ea

211 4890 369 4945 dixit
398 4904 513 4959 quae
542 4886 709 4942 Judaei
744 4904 757 4940 :
797 4883 970 4944 absit;
1015 4881 1149 4935 dixit
1187 4888 1359 4933 tamen
1390 4895 1402 4931 :
1436 4874 1639 4931 Utinam
1671 4885 1794 4928 esset

209 4983 532 5040 intercessor,
556 4986 603 5033 et
623 4977 706 5048 qui
733 4975 1026 5029 discerneret
1047 4980 1095 5025 et
1116 4979 1343 5040 argueret
1365 4968 1493 5021 inter
1510 4976 1790 5036 utrumque.

210 5073 421 5127 Avertat
446 5089 476 5124 a
497 5087 573 5123 me
594 5070 805 5137 virgam,
828 5076 875 5119 et
904 5069 1052 5118 timor
1070 5065 1176 5132 ejus
1199 5078 1260 5115 ne
1282 5078 1361 5114 me
1380 5060 1633 5114 conturbet
1652 5058 1790 5129 (Job.

211 5163 275 5219 9.
306 5163 391 5218 55.
418 5162 531 5234 54).
568 5152 634 5214 Et
661 5158 780 5212 ideo
808 5157 934 5211 dicit
957 5155 1004 5210 ei
1025 5196 1039 5218 ,
1070 5151 1400 5221 Interrogabo
1425 5166 1514 5220 ego
1540 5160 1605 5215 te,
1637 5159 1689 5201 tu
1714 5165 1797 5203 ue-

212 5270 282 5308 ro
306 5252 427 5305 mihi
455 5249 701 5320 responde
728 5246 867 5319 (Job.
895 5244 984 5300 42.
1016 5244 1091 5316 4).
1125 5241 1319 5297 Deinde
1345 5241 1588 5311 quoniam
1616 5239 1798 5293 obstu-

211 5343 461 5417 pefactus
489 5341 695 5404 fuerat,
727 5347 778 5392 et
808 5337 1048 5399 dixerat,
1088 5331 1192 5389 Cur
1227 5347 1316 5401 ego
1356 5330 1522 5382 adhuc
1556 5328 1791 5397 judicor,

212 5437 347 5488 dum
375 5433 617 5503 corrigor,
646 5438 692 5484 et
720 5444 878 5499 arguo
905 5425 1180 5479 Dominum
1209 5422 1348 5489 (Job.
1373 5420 1464 5475 40.
1486 5419 1583 5491 4)?
1603 5427 1655 5473 et
1678 5434 1800 5473 rur-

211 5539 336 5587 sus,
360 5522 629 5576 Auditione
653 5520 851 5589 quidem
870 5517 1006 5570 auris
1029 5526 1074 5569 te
1091 5515 1234 5585 prius
1254 5514 1422 5566 audivi
1440 5552 1453 5576 ,
1482 5526 1618 5564 nunc
1635 5518 1800 5563 autem

212 5615 372 5669 etiam
403 5611 536 5666 oculi
562 5611 656 5663 mei
682 5618 728 5663 te
758 5608 985 5662 viderunt
1020 5603 1173 5675 (Job.
1211 5603 1300 5657 62.
1333 5602 1386 5656 5.
1416 5598 1491 5671 6)
1524 5617 1537 5654 :
1568 5600 1801 5669 quocirca

214 5706 471 5774 meipsum
494 5700 750 5769 cilipendi,
772 5707 819 5752 et
845 5698 1139 5767 liquefactus
1166 5710 1273 5747 sum
1296 5709 1313 5756 ;
1336 5691 1611 5746 existimavi
1637 5699 1803 5742 autem

216 5810 470 5866 mapsum
508 5803 690 5848 terram
725 5801 771 5845 et
810 5790 1025 5846 cinerem
1052 5799 1071 5839 :
1092 5797 1279 5852 ponam
1317 5797 1519 5835 manum
1558 5795 1710 5847 super
1745 5795 1800 5832 os

1244 392 1599 450 EXPOSlTlO
1640 392 1699 446 ΙΝ
1740 389 2062 451 ΡΞᾹΙΛΙΠΜ
2104 394 2305 451 CXL".

3345 397 3452 452 450

1873 521 2037 559 metam
2062 506 2180 577 (Job
2227 508 2313 563 59.
2338 508 2428 579 51)
2458 527 2472 564 :
2498 509 2627 564 dixit
2654 510 2725 571 ci,
2759 508 3084 577 Nequaquam
3108 507 3147 569 ¹.
3178 508 3266 562 scd
3295 526 3453 562 accm-

1873 614 1935 667 ge
1973 607 2229 667 tamquam
2261 600 2333 652 rir
2373 600 2562 654 lumbos
2588 609 2697 653 tuos
2737 602 2753 670 (
2784 599 2882 654 Job
2932 599 3018 654 58.
3052 599 3108 653 5.
3136 609 3180 652 et
3209 599 3298 652 40.
3326 600 3361 652 2
3397 601 3450 668 ),

1875 688 2255 756 propemodum
2300 705 2413 757 ejus
2458 690 2616 744 verba
2659 692 2709 744 in
2758 691 3066 745 memoriam
3114 690 3357 760 redigens
3399 700 3453 745 et

1875 776 2057 831 dici-ns
2075 817 2090 841 ,
2119 778 2376 845 Quoniam
2406 794 2609 832 mecmn
2641 781 2848 834 voluisti
2870 781 3067 849 judicio
3095 781 3415 836 contendere
3433 822 3450 848 ,

1875 882 1999 922 ecce
2043 869 2229 922 adsum
2278 869 2687 938 disceptaturas.
2740 869 2927 923 Vidisti
2979 871 3066 924 Dei
3113 872 3450 926 clementiam

1877 958 2192 1013 ineffabilem
2214 999 2230 1024 ,
2259 960 2431 1013 vidisti
2461 961 2752 1014 bonitatem
2787 961 3078 1015 inﬁnitam?
3110 963 3171 1016 Et
3201 963 3320 1018 ideo
3345 973 3452 1017 ιιι-ε

1876 1065 2084 1120 quoque
2107 1051 2251 1119 pueri
2282 1050 2542 1115 dicebant,
2567 1051 2905 1117 Peccavimus,
2937 1053 3102 1121 inique
3128 1057 3335 1123 egimus,
3362 1071 3454 1107 nos

1876 1139 2062 1209 injuste
2088 1140 2328 1211 gessimus
2354 1139 2373 1206 (
2400 1139 2532 1193 Dan.
2562 1141 2613 1195 5.
2643 1141 2713 1194 29
2736 1139 2776 1209 ).
2822 1140 3081 1207 Quoniam
3123 1144 3260 1195 enim
3304 1143 3450 1196 multi

1878 1229 2118 1283 homines
2147 1244 2338 1284 sensus
2378 1229 2533 1299 plane
2561 1239 2805 1299 expertes
2843 1240 3055 1300 peccata
3084 1247 3174 1283 sua
3207 1232 3255 1283 in
3290 1233 3452 1286 Deum

1878 1318 2196 1386 conferunt,
2243 1318 2344 1373 hoc
2388 1329 2697 1388 procurante
2734 1326 2790 1373 ct
2832 1321 3163 1374 machinaute
3201 1321 3449 1385 diabolo,

1881 1409 2016 1463 hanc
2042 1410 2474 1464 consuetudinem
2503 1410 2642 1463 Deus
2664 1411 2898 1463 cvellcus
2921 1411 3189 1474 radicitus,
3214 1413 3457 1481 frequen-

1880 1512 1961 1559 ter
1991 1502 2116 1557 dicit
2145 1517 2203 1556 se
2232 1517 2351 1555 cum
2381 1502 2458 1556 eis
2483 1502 2682 1570 judicio
2706 1517 2769 1554 co
2811 1502 3047 1556 tendere.

1955 1597 2007 1649 5.
2039 1594 2167 1649 Tale
2202 1593 2325 1664 quid
2355 1595 2511 1647 etiam
2548 1595 2782 1663 peccavit
2821 1594 2864 1648 is
2897 1596 2983 1664 qui
3016 1595 3217 1663 primus
3246 1606 3456 1651 creatus

1881 1694 1963 1740 est
1989 1686 2178 1752 Adam,
2208 1693 2264 1738 et
2303 1684 2421 1738 ideo
2461 1683 2669 1738 dicebat
2694 1701 2706 1736 :
2744 1684 2947 1748 Mulier,
2976 1702 3123 1754 quam
3151 1686 3332 1739 dedisti
3355 1703 3458 1740 me-

1883 1794 2017 1843 cum,
2045 1793 2105 1830 ea
2133 1775 2254 1828 mihi
2277 1775 2433 1840 dedit,
2461 1785 2505 1827 et
2531 1774 2720 1828 comedi
2748 1773 2895 1845 (Cen.
2926 1774 3096 1846 5.12).
3126 1774 3292 1829 Juilazi
3321 1791 3456 1844 quo-

1883 1883 1984 1938 que
2006 1866 2169 1920 multa
2194 1865 2452 1931 ejusmodi
2477 1865 2781 1934 peccabant.
2816 1865 2947 1932 Quia
2976 1881 3076 1918 non
3106 1867 3461 1934 iusti/icabitur

1883 1959 1935 2012 in
1962 1968 2226 2029 conspectu
2253 1966 2335 2010 tuo
2365 1957 2523 2010 omnis
2552 1957 2736 2009 vivens.
2780 1956 2914 2024 Quid
2958 1956 3024 2010 de
3069 1971 3154 2011 me
3194 1957 3345 2021 dico,
3391 1957 3458 2012 de

1886 2053 1986 2105 hoc
2013 2059 2065 2104 ct
2093 2050 2159 2103 de
2192 2048 2316 2103 illo?
2346 2047 2531 2117 inquit.
2575 2047 2687 2101 Non
2734 2059 2815 2102 cst
2856 2048 3016 2101 homo
3051 2063 3209 2116 super
3237 2060 3451 2111 terram,

1885 2140 2008 2212 qui,
2040 2140 2083 2195 si
2112 2139 2178 2194 de
2201 2137 2480 2207 iisjudieio
2500 2137 2783 2192 contendat
2814 2153 2930 2205 qua!
2959 2137 3031 2190 illi
3060 2152 3088 2190 a
3118 2146 3167 2189 te
3196 2146 3455 2204 prmccplﬂ

1885 2240 2026 2296 sunt,
2055 2232 2219 2301 possit
2241 2230 2519 2300 justiﬁcari
2550 2246 2563 2282 :
2593 2229 2662 2283 ita
2689 2237 2770 2283 est
2800 2228 2938 2297 apud
2965 2237 3015 2282 te
3042 2228 3345 2295 plenissima
3374 2229 3454 2280 vi-

1886 2324 2073 2376 ctoria.
2106 2323 2157 2376 5.
2191 2320 2321 2387 Quia
2348 2329 2630 2389 persecutus
2667 2329 2736 2372 est
2774 2319 3005 2371 inimicus
3029 2319 3249 2371 animam
3276 2334 3457 2371 meam.

1887 2414 2065 2469 Potest
2091 2411 2301 2482 quidem
2333 2409 2436 2464 hoc
2466 2409 2683 2479 intelligi
2710 2409 2850 2462 etde
2877 2409 3057 2475 Szaitle,
3087 2408 3174 2478 qui
3201 2416 3315 2462 erat
3338 2417 3463 2461 tunc

1887 2504 2151 2571 inimicus,
2175 2514 2227 2558 et
2249 2516 2370 2558 eum
2393 2501 2824 2570 persequebatur.
2854 2498 3035 2553 Potest
3058 2499 3217 2552 etiam
3245 2498 3346 2552 dici
3371 2515 3462 2566 pcr

1888 2609 2157 2664 anagogcn
2206 2592 2452 2647 inimicus
2498 2590 2738 2669 diabolus
2773 2608 2786 2645 :
2819 2589 2908 2644 ille
2952 2593 3094 2644 enhn
3142 2605 3246 2643 non
3291 2598 3465 2643 cessat

1888 2702 1981 2742 eos
2009 2686 2096 2756 qui
2126 2685 2215 2739 Dei
2240 2691 2362 2737 sunt
2389 2683 2651 2752 persequi.
2677 2681 2952 2751 Quomodo
2975 2697 3099 2751 ergo
3120 2681 3463 2735 liberabimur

1888 2777 1956 2833 ab
2001 2776 2115 2846 ejus
2165 2773 2604 2846 persequutione?
2646 2772 2701 2827 Si
2749 2773 2922 2826 locum
2964 2760 3365 2838 invenerimus,
3412 2772 3463 2824 in

1889 2886 2046 2941 quem
2072 2884 2177 2923 non
2208 2869 2372 2937 possit
2401 2866 2623 2938 ingredi.
2659 2865 2726 2919 Et
2761 2865 3000 2932 quisnam
3035 2872 3116 2918 est
3152 2863 3237 2917 hic
3274 2864 3462 2917 locus?

1889 2963 2017 3031 Quis
2037 2963 2170 3016 alius
2186 2961 2284 3015 nisi
2307 2960 2529 3015 ca‘lum?
2550 2958 2821 3025 Quomodo
2850 2966 3026 3011 autem
3058 2972 3196 3010 nunc
3220 2965 3388 3026 potest
3408 2957 3460 3011 in

1890 3052 2074 3106 caelum
2089 3051 2299 3105 ascendi
2312 3050 2335 3102 ?
2350 3050 2483 3104 Audi
2500 3049 2713 3103 Paulum
2728 3048 2988 3101 dicentem
3003 3058 3057 3102 et
3072 3047 3459 3110 ostendentem.

1893 3159 1989 3199 nos
2008 3144 2165 3199 etiam
2187 3159 2345 3198 carne
2366 3141 2658 3209 implicatos
2679 3155 2831 3209 posse
2854 3140 2957 3194 illic
2971 3141 3170 3194 versari
3192 3159 3202 3192 :
3225 3140 3465 3206 Qutesur-

1890 3251 1998 3290 sum
2029 3244 2142 3287 sunt
2181 3236 2408 3303 cogitate,
2435 3230 2519 3284 ubi
2540 3229 2763 3286 Christus
2789 3239 2856 3284 est
2885 3231 2935 3283 in
2958 3230 3159 3283 dextera
3180 3230 3270 3283 Dei
3290 3231 3466 3285 sedens

1893 3324 2025 3396 (Col.
2053 3326 2103 3379 5.
2140 3321 2215 3393 1).
2244 3324 2308 3377 Ει
2330 3337 2511 3377 rursus
2540 3340 2555 3377 :
2587 3320 2773 3374 Nostra
2797 3331 2960 3374 autent
2986 3322 3291 3375 conversatio
3319 3331 3388 3375 est
3415 3324 3466 3374 in

1893 3417 2047 3472 cazlis.
2079 3414 2372 3470 Humiliavit
2402 3415 2453 3467 in
2478 3424 2608 3467 terra
2632 3414 2781 3466 vitam
2803 3430 2961 3466 meam
2990 3411 3243 3484 (Philipp.
3274 3415 3325 3468 5.
3346 3413 3461 3485 20).

1966 3507 2242 3562 IIumiIitas
2267 3506 2546 3575 multiplex.
2573 3534 2644 3545 —-
2665 3504 2825 3559 Multa
2853 3504 3113 3572 signiﬁcat
3145 3520 3335 3557 nomen
3367 3505 3435 3558 hu
3460 3536 3463 3539 ‹

1896 3600 2150 3655 militatis.
2202 3599 2297 3653 Est
2335 3599 2473 3652 enim
2503 3608 2555 3651 et
2580 3596 2786 3651 virtutis
2825 3594 3115 3660 humilitas,
3156 3602 3213 3647 ut
3253 3596 3464 3663 quando

1896 3696 2021 3751 dicit
2048 3712 2060 3747 :
2094 3694 2193 3748 Cor
2230 3694 2494 3747 contritum
2520 3698 2564 3743 et
2589 3689 2907 3742 Itumiliatum
2942 3685 3077 3739 Deus
3108 3703 3205 3739 non
3230 3687 3466 3755 despiciet

1897 3786 2067 3857 (Psal.
2101 3786 2189 3840 50.
2216 3784 2325 3853 19).
2356 3782 2448 3837 Est
2464 3790 2515 3836 et
2536 3778 2803 3834 humilitas
2833 3793 2947 3846 qu:c
2975 3775 3207 3846 procedit
3235 3790 3300 3828 ex
3328 3776 3466 3829 cala-

1896 3875 2204 3932 mitatibus:
2235 3883 2314 3929 est
2341 3881 2394 3926 et
2423 3887 2541 3940 qua:
2579 3866 2931 3938 proﬁciscitur
2971 3883 3034 3919 ex
3080 3866 3328 3933 peccatis.
3375 3865 3470 3920 llic

1897 3976 2073 4021 autem
2117 3979 2233 4020 eam
2270 3961 2549 4034 signiﬁcat,
2589 3975 2705 4029 qua:
2747 3958 2915 4012 oritur
2953 3973 3019 4009 ex
3062 3955 3466 4010 calamitatibus.
3530 3982 3542 3993 ς

1898 4059 2156 4126 Quocirca
2180 4055 2447 4125 subjungit
2471 4053 2573 4107 hoc
2594 4050 2878 4105 ostendens
2903 4066 2916 4102 :
2944 4047 3239 4101 Humiliavit
3264 4049 3314 4100 in
3340 4058 3471 4101 terra

1899 4155 2047 4208 vitam
2075 4168 2256 4205 meam.
2301 4150 2395 4204 Est
2441 4147 2598 4202 etiam
2643 4144 2928 4208 humilitas,
2973 4158 3089 4213 quae
3133 4142 3370 4210 procedit
3405 4154 3469 4193 ex

1900 4243 2166 4313 superbia,
2188 4249 2246 4295 ut
2274 4238 2484 4310 quando
2505 4238 2633 4293 dicit
2657 4255 2669 4291 :
2702 4236 2798 4304 Qui
2825 4251 2877 4289 se
2896 4235 3104 4299 exultat,
3131 4232 3474 4287 liumiliabitur

1902 4336 2049 4407 (Luc.
2084 4335 2169 4391 18.
2200 4332 2309 4403 li).
2344 4332 2441 4388 Est
2464 4332 2622 4386 etiam
2653 4330 2752 4383 alia
2780 4328 3079 4393 humilitas,
3105 4342 3223 4396 quzc
3258 4327 3469 4395 prolici-

1902 4430 2067 4485 scitur
2101 4426 2168 4480 ab
2211 4423 2494 4479 insatiabili
2523 4420 2831 4489 cupiditate.
2878 4417 3013 4486 Quid
3044 4426 3124 4471 est
3153 4415 3292 4469 enim
3323 4415 3470 4484 abje-

1903 4521 2037 4575 ctius
2061 4526 2112 4573 et
2138 4515 2388 4570 humilius
2408 4514 2491 4577 iis,
2516 4512 2601 4581 qui
2625 4512 2829 4578 seipsos
2859 4506 3122 4562 infodiunt
3149 4506 3201 4560 in
3227 4505 3436 4558 divitias
3454 4546 3469 4570 ,

1902 4611 2194 4681 potentiam
2221 4616 2274 4661 et
2298 4605 2550 4676 gloriam?
2581 4603 2615 4657 li
2646 4604 2784 4656 enim
2812 4607 2937 4654 sunt
2956 4599 3157 4653 duabus
3184 4596 3474 4651 rationibus

1904 4701 2166 4765 humiles,
2204 4706 2259 4753 et
2303 4696 2441 4766 quod
2489 4694 2630 4748 humi
2680 4702 2892 4762 serpant
2932 4700 2987 4745 et
3029 4690 3169 4760 quod
3194 4704 3254 4745 ca
3284 4705 3473 4757 magna

1904 4793 2239 4853 existiment,
2285 4785 2727 4857 quemadmodum
2778 4782 2923 4852 pueri
2986 4782 3114 4851 pilas
3144 4822 3167 4843 ..
3206 4781 3372 4845 talos,
3423 4789 3478 4835 et

1905 4882 2204 4955 lmjusmodi
2245 4879 2445 4935 ludicra
2483 4876 2657 4947 magni
2696 4876 2906 4930 faciunt.
2947 4875 3014 4927 At
3040 4872 3140 4927 hoc
3164 4889 3267 4926 non
3298 4882 3376 4926 cst
3403 4873 3477 4925 sic

1905 4992 2066 5049 gnum
2114 4973 2254 5045 quod
2296 4988 2358 5027 ea
2401 4986 2586 5040 magna
2631 4969 2772 5033 sint,
2819 4966 2913 5023 scd
2966 4964 3103 5033 quod
3151 4965 3238 5034 qui
3280 4979 3339 5018 ea
3386 4962 3482 5015 ad.

1907 5070 2202 5131 mirantur,
2252 5071 2482 5118 mentem
2537 5061 2763 5113 habeant
2816 5058 3170 5126 imperfectam
3208 5064 3260 5106 et
3300 5053 3476 5105 inuni-

1910 5162 2033 5216 lcm.
2082 5157 2186 5213 Sed
2235 5156 2337 5210 hoc
2389 5152 2601 5225 quidem
2648 5160 2729 5204 est
2769 5150 2938 5201 anatis
2983 5156 3037 5200 et
3080 5153 3280 5198 nalurm
3331 5143 3478 5197 delc-

1908 5263 2045 5316 ctns,
2088 5249 2213 5305 illud
2246 5261 2371 5301 vero
2412 5253 2493 5298 est
2527 5244 2676 5310 culpa
2716 5237 3022 5292 voluntatis.
3050 5234 3181 5288 Cum
3231 5233 3369 5286 enim
3414 5233 3482 5287 sit

1908 5343 2009 5407 vir,
2040 5356 2102 5394 ac
2129 5349 2349 5393 matura:
2377 5333 2577 5397 :ctatis,‘
2598 5344 2828 5393 mensas,
2851 5328 3050 5391 luxum,
3077 5335 3125 5379 et
3155 5324 3368 5378 delicias
3399 5338 3484 5376 res

1912 5440 2060 5503 putat
2089 5445 2207 5485 esse
2236 5441 2453 5495 magnas
2477 5442 2491 5478 :
2520 5438 2626 5492 quo
2655 5420 2779 5489 quid
2804 5434 2922 5473 csse
2946 5425 3120 5486 potest
3147 5415 3403 5481 abjcctins
3431 5422 3484 5467 rt

1915 5518 2202 5577 humilius?
2254 5516 2415 5586 Atqui
2466 5513 2617 5567 multi
2667 5524 2759 5565 eos
2803 5523 2924 5563 esse
2971 5505 3145 5575 magni
3193 5513 3247 5558 et
3289 5503 3482 5557 excelsi

1978 5709 1997 5739 ¹
2028 5705 2179 5761 illud,
2207 5703 2524 5764 Nequaquam
2555 5694 2715 5757 (Μή),
2758 5702 2859 5741 non
2898 5684 3084 5750 legitur
3115 5685 3165 5733 in
3216 5679 3346 5731 libro
3383 5676 3496 5739 Job,

1920 5781 2014 5819 nec
2036 5767 2246 5817 habetur
2278 5762 2330 5813 in
2354 5763 2583 5812 Hebreo.
