3928 6398
357 320 469 382 ιέὶὸ

352 449 538 496 autem
574 453 605 493 a
628 436 818 494 futuris
846 453 860 490 :
892 434 991 502 Qui
1016 447 1188 502 pcenas
1210 429 1402 484 dabunt
1427 469 1441 493 ,
1469 443 1710 484 wternum
1736 425 1946 482 exitium

351 549 390 585 α
401 532 532 602 {acie
551 530 774 596 Domini,
794 538 840 583 et
857 545 888 580 α
901 525 1062 599 gloria
1077 525 1273 579 virtutis
1289 525 1395 596 ejus
1421 523 1494 595 (α)
1513 523 1590 592 (2.
1605 521 1784 575 Thess.
1805 522 1827 575 1
1843 560 1856 573 .
1870 519 1946 588 9).

351 621 428 677 Et
458 637 642 676 rursus
683 639 697 676 :
729 619 962 673 Peruenit
1007 628 1174 670 autem
1215 616 1268 669 in
1307 632 1392 669 eos
1437 616 1516 668 ira
1549 614 1605 667 in
1655 613 1808 681 ﬁnem
1852 611 1946 683 (1-.

350 711 535 765 Thess.
553 711 608 765 2.
634 709 742 782 16).
762 710 882 763 Dies
899 709 1030 762 enim
1040 707 1311 773 indicabit,
1340 705 1476 776 quod
1489 705 1541 758 in
1561 705 1680 776 igne
1703 702 1952 758 reveletur

351 807 434 875 (1.
465 805 581 860 Cor.
627 805 680 860 3.
726 803 838 872 15).
869 803 936 856 Et
966 814 1148 854 rursus
1190 816 1204 852 :
1239 797 1516 867 Propterea
1548 799 1686 850 enim
1711 794 1842 848 venit
1870 794 1951 846 ira

354 898 454 952 Dei
478 898 531 951 in
561 897 694 965 ﬁlios
719 895 1068 950 inobedientia:
1096 892 1312 966 (Ephes.
1341 892 1392 946 5.
1428 891 1505 960 6).
1551 888 1656 945 Sed
1685 888 1800 944 haec
1828 888 1949 960 qui-

346 991 497 1054 dem,
530 989 743 1060 quando
772 996 983 1059 Oportet
1011 987 1280 1056 corrigere
1318 1005 1332 1039 :
1360 983 1576 1054 quando
1606 993 1785 1038 autem
1815 999 1946 1038 con-

343 1081 538 1147 solari,
567 1081 633 1134 ab
669 1081 909 1148 utrisque
936 1079 1248 1133 consolatur
1279 1093 1294 1130 :
1326 1091 1356 1129 a
1401 1075 1684 1144 praeteritis
1722 1074 1944 1144 quidem

341 1173 558 1235 dicens,
591 1170 893 1224 Benedictus
937 1168 1076 1222 Deus
1116 1176 1168 1221 et
1203 1166 1361 1220 Pater
1390 1164 1596 1218 Domini
1621 1165 1781 1218 nostri
1821 1164 1947 1218 Jesu

345 1263 543 1317 Christi
562 1305 575 1327 ,
608 1261 748 1315 Deus
773 1260 1255 1322 misericordiarum,
1285 1267 1332 1312 et
1358 1266 1500 1326 pater
1525 1257 1688 1310 omnis
1714 1255 1947 1309 consola—

341 1356 521 1419 tionis,
543 1355 629 1424 qui
655 1353 947 1407 consolatur
969 1367 1062 1404 nos
1089 1351 1142 1403 in
1173 1349 1308 1402 omni
1335 1348 1620 1418 aﬁlictione,
1650 1363 1739 1416 per
1762 1363 1944 1400 conso-

341 1444 586 1500 lationem
607 1461 757 1510 quam
771 1460 802 1496 a
825 1442 932 1497 Deo
947 1441 1300 1511 accipimus(2.
1321 1439 1440 1494 Cor.
1461 1440 1514 1494 1.
1532 1441 1584 1494 5.
1599 1439 1656 1508 4)
1675 1453 1731 1492 :a
1755 1436 1944 1492 futuris

339 1547 548 1602 autem,
576 1535 698 1590 Non
723 1545 840 1589 sunt
868 1534 1132 1604 condigna:
1157 1532 1412 1602 passiones
1436 1532 1590 1601 hujus
1615 1531 1853 1600 temporis
1876 1533 1946 1584 ad

318 1698 323 1702 ί
339 1635 573 1704 futuram
589 1630 802 1701 gloriam
820 1643 932 1700 qua:
952 1637 1022 1682 est
1047 1625 1313 1681 reuelanda
1329 1623 1380 1678 in
1399 1625 1539 1678 nobis
1561 1622 1734 1694 (Rom.
1755 1621 1942 1696 8.18).

336 1723 604 1790 Quocirca
619 1722 703 1776 hic
714 1735 924 1792 quoque
939 1717 1293 1781 dicit,Memor
1306 1716 1384 1785 fui
1394 1715 1588 1769 dierum
1600 1715 1938 1785 antiquorum,

337 1815 612 1869 meditatus
636 1831 747 1868 sum
769 1814 822 1867 in
854 1812 1084 1866 omnibus
1116 1809 1351 1880 operibus
1376 1808 1494 1862 tuis.
1523 1806 1638 1862 Non
1665 1808 1798 1862 dixit
1825 1817 1940 1863 tan-

339 1917 479 1973 tum,
503 1904 702 1959 Memor
723 1907 818 1973 fui,
842 1903 958 1968 sed,
984 1901 1263 1955 Meditatus
1279 1917 1392 1953 sum
1416 1915 1434 1953 :
1458 1899 1560 1954 hoc
1580 1908 1680 1965 est,
1697 1899 1938 1969 Magnam

335 2011 560 2068 Operam
587 2004 642 2052 et
668 1995 994 2067 diligentiam
1020 1992 1235 2047 adhibui
1278 1991 1330 2046 in
1374 1991 1439 2045 iis
1464 1990 1601 2060 apud
1640 2007 1726 2045 me
1763 1993 1940 2046 revol-

337 2090 534 2146 vendis
577 2104 697 2159 qua:
744 2086 976 2158 antiquis
1023 2091 1338 2140 evenerunt.
1397 2083 1475 2138 Ex
1535 2083 1935 2153 Scripturarum

335 2181 484 2237 enim
515 2179 818 2250 cegnitione
837 2178 988 2233 adest
1009 2175 1166 2231 nobis
1196 2190 1384 2244 magna
1415 2175 1713 2229 consolatio
1735 2184 1788 2229 et
1815 2174 1937 2244 phi-

335 2273 607 2344 lOSOpllia.
636 2274 704 2328 Et
731 2274 852 2328 ideo
879 2272 1021 2326 dixit
1046 2269 1242 2325 Paulus
1268 2286 1282 2323 :
1306 2267 1410 2322 Per
1436 2268 1734 2339 patientiam
1753 2278 1801 2323 et
1816 2285 1938 2324 con-

333 2365 638 2421 solutionem
682 2365 1065 2435 Scripturarum
1100 2378 1238 2433 spem
1259 2360 1496 2415 habemus
1520 2359 1698 2425 (Rom.
1739 2361 1827 2416 15.
1856 2362 1934 2432 4).

337 2456 413 2510 Ει
438 2471 623 2511 rursus
656 2473 669 2510 :
705 2454 881 2510 Omnis
903 2454 1175 2522 Scriptura
1200 2451 1438 2505 divinitus
1460 2451 1705 2520 inspirata
1728 2461 1801 2504 est
1837 2453 1938 2504 uti-

334 2549 404 2603 lis
446 2547 514 2602 ad
543 2549 848 2616 doctrinam,
871 2547 940 2601 ad
968 2544 1428 2616 reprehensionem,
1475 2541 1544 2595 ad
1568 2542 1933 2598 correctionem

333 2639 418 2710 (ιι.
447 2637 581 2693 Tim.
605 2640 660 2694 δ.
689 2639 802 2710 16).

412 2732 466 2786 5.
495 2730 631 2788 Hinc
655 2745 783 2801 ergo
821 2728 908 2784 hic
936 2728 1143 2798 accepit
1166 2725 1608 2794 consolationem,
1640 2739 1762 2780 cum
1791 2735 1935 2782 esset

331 2824 395 2878 in
417 2831 557 2878 tanta
583 2813 868 2878 afﬂictione
887 2831 942 2877 et
969 2820 1386 2891 perturbatione,
1415 2818 1556 2889 quod
1584 2827 1766 2874 vetera
1793 2818 1933 2888 apud

332 2928 398 2970 se
429 2914 744 2981 revolveret,
781 2922 837 2968 et
861 2928 980 2983 quae
996 2927 1024 2966 a
1044 2912 1154 2967 Deo
1179 2911 1326 2966 varie
1351 2918 1478 2964 sunt
1500 2919 1650 2980 gesta
1672 2917 1726 2964 et
1753 2909 1928 2965 admi-

333 3007 580 3072 nistrata,
627 3007 680 3062 in
714 3005 1028 3062 memoriam
1066 3014 1363 3060 revocaret.
1397 3003 1534 3057 Dicit
1568 3003 1743 3072 itaque
1769 3003 1929 3070 alius,

337 3101 406 3155 Et
437 3102 702 3156 meditatus
729 3118 840 3155 sunt
879 3117 1051 3156 omnes
1094 3100 1315 3154 actiones
1363 3109 1476 3154 tuas
1524 3098 1624 3168 (b).
1670 3097 1739 3152 In
1782 3100 1934 3170 factis

337 3211 581 3248 manuum
628 3204 829 3247 tuarum
879 3194 1178 3248 meditabar.
1239 3192 1391 3246 Alius
1417 3233 1430 3256 ,
1478 3191 1648 3261 Opera
1692 3209 1933 3247 manuum

336 3294 540 3337 tuarum
580 3282 880 3337 meditabar.
919 3282 1022 3337 Per
1046 3281 1149 3337 hoc
1175 3281 1508 3347 ostenditse,
1540 3280 1665 3336 dum
1708 3282 1820 3336 hmo
1850 3282 1933 3337 fa-

335 3383 509 3440 ceret,
522 3389 767 3445 magnam
785 3374 1024 3444 accipere
1039 3372 1482 3440 consolationem,
1505 3380 1561 3427 ct
1574 3373 1684 3427 Deo
1703 3373 1933 3430 evadere

332 3466 755 3521 tamiliariorem.
798 3466 868 3520 Et
924 3465 1045 3521 ideo
1072 3465 1176 3520 hoc
1213 3464 1502 3520 ostendens
1545 3465 1839 3534 subjnnxit,
1869 3467 1924 3522 6.

333 3556 582 3628 Expandi
624 3575 804 3612 manus
833 3575 972 3614 meas
1012 3561 1084 3610 ad
1109 3566 1174 3610 te.
1201 3555 1316 3611 Non
1355 3557 1506 3618 dixit,
1538 3557 1784 3626 Extendi,
1811 3559 1929 3626 sed,

333 3648 598 3718 Expandi,
624 3649 912 3704 ostendens
940 3661 1182 3717 magnam
1200 3645 1378 3700 cordis
1401 3646 1756 3711 all‘ectionem,
1780 3648 1923 3717 quod

333 3741 719 3812 propemodum
748 3757 781 3796 e
801 3755 1027 3812 corpore
1057 3747 1306 3809 properat
1331 3739 1568 3805 exsilire,
1593 3748 1647 3795 et
1667 3739 1732 3794 ad
1756 3740 1928 3810 ipsum

333 3848 630 3889 recurrere.
683 3835 724 3886 A
767 3834 1028 3887 memoria
1081 3831 1240 3901 igitur
1283 3847 1465 3886 rerum
1519 3832 1929 3898 praeclarissime

332 3932 605 3993 gestarum
636 3923 795 3977 veluti
819 3921 999 3977 divino
1025 3921 1253 3992 quodam
1291 3920 1472 3975 furore
1496 3921 1709 3976 amatus
1739 3963 1754 3989 ,
1801 3939 1925 3980 cum

331 4025 391 4072 et
410 4030 620 4071 omnem
648 4015 1030 4086 benignitatem
1059 3999 1413 4084 reputassem,
1444 4023 1498 4070 et
1519 4030 1583 4070 ex
1609 4017 1930 4072 calamitati-

332 4108 436 4164 bus
479 4105 768 4178 perfectam
809 4106 1166 4176 disciplinam,
1199 4115 1253 4160 et
1279 4122 1400 4177 quae
1435 4122 1467 4161 a
1499 4107 1654 4162 malis
1705 4110 1930 4179 ereptio-

332 4215 459 4256 nem
502 4209 724 4270 sequuta
763 4207 848 4255 est
886 4199 1210 4265 libertatem,
1257 4199 1323 4254 ad
1374 4207 1426 4254 te
1461 4214 1647 4255 rursus
1692 4202 1927 4272 confugi.

331 4292 521 4346 Anima
545 4307 657 4345 mea
680 4291 810 4345 sicut
839 4299 973 4344 terra
1011 4290 1121 4344 sine
1147 4307 1279 4353 aqua
1303 4289 1412 4345 tibi.
1445 4291 1615 4357 Alius,
1647 4291 1928 4364 Tamquam

331 4392 470 4438 terra
495 4383 668 4437 sitiens
693 4381 762 4435 ad
787 4390 834 4436 te
849 4397 1046 4452 semper
1064 4379 1136 4453 (c)
1157 4398 1170 4434 :
1188 4380 1289 4435 hoc
1317 4391 1398 4436 est
1417 4381 1582 4450 enim,
1607 4381 1926 4454 Diapsalma.

333 4475 394 4532 In
424 4476 603 4544 rebus,
631 4475 821 4546 inquit,
852 4475 1090 4530 adversis
1115 4483 1170 4531 et
1197 4475 1448 4530 secundis
1475 4483 1528 4530 et
1549 4476 1600 4530 in
1622 4476 1768 4530 omni
1789 4483 1928 4531 tem-

330 4584 526 4639 porum
553 4570 808 4624 varietate
829 4567 1036 4624 ostendi
1053 4585 1265 4639 semper
1289 4569 1492 4638 :equale
1514 4569 1768 4624 studium.
1792 4571 1931 4636 Quid

331 4670 422 4718 est
444 4670 642 4727 autem,
678 4661 824 4716 Sicut
853 4670 988 4714 terra
1025 4660 1134 4715 sine
1166 4677 1298 4731 aqua
1335 4661 1425 4714 tibi
1443 4661 1470 4713 ?
1509 4661 1658 4716 Sicut
1687 4671 1826 4716 terra
1854 4661 1930 4716 si-

331 4754 482 4808 tiens
521 4752 754 4823 pluviam
797 4751 1087 4817 desiderat,
1133 4751 1202 4806 ita
1247 4765 1347 4821 ego
1395 4766 1517 4806 esse
1575 4751 1668 4805 tibi
1716 4752 1931 4808 assidue

332 4843 688 4915 propinquus.
711 4842 824 4899 Hoc
847 4853 1022 4897 autem
1044 4841 1372 4897 desiderium
1401 4843 1569 4912 magis
1592 4844 1739 4898 auxit
1763 4843 1931 4900 moles

332 4935 712 5000 atﬂietionum,
735 4943 790 4990 et
819 4934 938 4990 ideo
963 4935 1102 4990 Deus
1129 4950 1221 4990 eas
1252 4934 1492 5003 permisit
1516 4949 1781 5002 crescere,
1814 4951 1931 4991 ma-

328 5041 496 5098 gnam
520 5042 670 5081 suam
696 5025 984 5080 ostendens
1011 5024 1419 5095 providentiam.
1452 5023 1567 5078 Non
1590 5026 1762 5079 solum
1789 5027 1931 5081 enim

331 5119 466 5175 fecit
512 5127 806 5186 creaturas,
849 5118 943 5174 sed
987 5117 1145 5174 etiam
1185 5117 1447 5172 factarum
1486 5133 1670 5172 curam
1697 5121 1851 5190 gerit,
1880 5127 1936 5175 et

405 5279 477 5342 (α)
500 5287 609 5330 tneo
632 5279 800 5342 verba,
826 5291 860 5327 a
876 5341 880 5342 ί
895 5275 1252 5342 faciepomini,
1277 5279 1324 5327 et
1356 5288 1388 5325 a
1407 5273 1569 5340 gloria
1599 5273 1788 5326 virtutis
1808 5274 1933 5337 ejus,

331 5339 607 5395 omittenda
631 5355 746 5391 esse
767 5339 909 5390 duxit.
929 5339 1148 5390 savilius.

405 5403 477 5465 (b)
513 5409 622 5454 Haec
642 5403 994 5465 interpretatio
1003 5409 1088 5465 est
1105 5402 1245 5465 juxta
1269 5399 1511 5465 Aquilam;
1535 5411 1754 5462 sequens
1771 5405 1938 5451 autem

335 5462 422 5528 est
438 5462 576 5526 juxta
601 5462 1174 5528 Symmacnum.Videin_
1197 5462 1445 5524 Hexaplis.
1551 5523 1562 5528 Δ
1719 5521 1762 5528 __
1937 5480 1939 5483 ί

406 5521 476 5590 (ἑ)
508 5521 1003 5590 ttrec'iuterpretatjo
1045 5530 1124 5574 est
1158 5525 1300 5587 juxta
1337 5521 1683 5588 Symmachum.
1719 5521 1938 5584 Vocem,

335 5567 486 5666 πεδί
509 5567 618 5653 ’ἑζῐῖ
635 5567 1017 5666 ίεῖέζιῖὶὲξιῖιῖξν
1030 5567 1940 5666 ,ἷπῐιᾷιῗρἷεζιθὲἷ’ἓῦῖὲὶἶξίίιίιέιῖξῇἶιὶζ

333 5660 545 5709 machus
566 5671 704 5716 vero,
718 5665 826 5709 Lxx
853 5663 906 5707 et.
927 5658 1214 5715 Theodotio,
1234 5666 1422 5720 autem
1435 5694 1448 5714 ,
1464 5669 1576 5719 (pne
1593 5669 1686 5705 vox
1701 5658 1942 5720 significat

337 5733 562 5782 pausam,
587 5728 671 5770 aut
691 5721 1015 5771 cessationem
1054 5717 1324 5783 quamdam
1335 5717 1542 5783 brevem
1565 5720 1694 5783 inter
1719 5717 1935 5778 psallen-

337 5779 479 5849 dum,
501 5795 560 5833 ac
583 5791 728 5836 recte
750 5784 1030 5846 exprimere
1054 5779 1250 5845 putatur
1285 5780 1570 5831 Hebr-uicani
1593 5779 1723 5829 illam
1743 5792 1938 5831 vocem;

1462 305 1825 370 EXPOSITI'O
1861 302 1927 366 IN
1967 306 2292 370 PSALIIUM
2330 308 2533 372 CXLII-

3552 319 3657 374 δεδι

2065 424 2363 490 hominum,
2407 438 2464 482 et
2509 427 2734 482 aliorum
2777 427 3039 482 omnium.
3091 428 3203 485 Hoc
3249 429 3426 500 itaque
3472 431 3651 486 sciens

2061 514 2276 583 Paulus,
2309 517 2518 572 diccbat
2547 537 2560 570 :
2589 518 2654 572 In
2675 521 2791 589 ipso
2818 521 2952 574 enim
2971 521 3202 585 vivimus,
3234 530 3278 576 et
3304 537 3582 587 movemur,
3603 535 3650 577 ct

2060 623 2233 660 sumus
2260 607 2394 678 (Act.
2422 609 2509 663 17.
2540 607 2654 680 28).
2689 611 2752 664 Et
2790 627 2973 666 rursus
3007 629 3020 664 :
3053 611 3118 666 In
3146 614 3255 681 ipso
3283 623 3514 668 constant
3541 630 3652 667 oni-

2059 698 2144 750 nia
2183 697 2401 770 (Coloss.
2437 701 2488 753 1.
2519 700 2630 771 17).
2677 702 2739 756 Et
2771 703 2936 757 David
2967 722 2978 756 :
3012 703 3197 757 Omnia
3226 714 3330 756 ate
3354 713 3650 774 exspectant

2057 797 2114 841 ut
2143 788 2231 843 des
2254 790 2357 844 illis
2396 790 2560 844 cibum
2589 793 2642 846 in
2672 801 2893 863 tempore
2918 804 3220 864 opportuno.
3252 795 3423 850 Dante
3453 806 3499 848 te
3521 795 3645 858 illis,

2057 884 2330 954 colligeut;
2375 888 2630 957 aperiente
2667 898 2715 942 te
2741 907 2965 954 manum,
2995 893 3165 944 omnia
3191 892 3534 962 implebantur
3559 891 3650 945 lto-

2055 977 2242 1040 nitate,‘
2258 988 2507 1033 avertente
2522 991 2688 1036 autem
2707 994 2753 1035 te
2763 983 2964 1053 facient,
2981 983 3310 1038 turbabuntur
3325 986 3498 1056 (Psal.
3526 986 3645 1041 105.

2053 1065 2125 1121 27
2148 1098 2172 1108 -
2189 1068 2303 1140 29).
2353 1071 2421 1125 Εῑ
2439 1087 2625 1126 rursus
2647 1091 2662 1129 ι
2700 1073 2800 1139 Qui
2825 1076 3024 1144 respicit
3043 1092 3192 1145 super
3220 1087 3426 1139 terram,
3457 1088 3500 1132 et
3524 1080 3647 1148 facit

2054 1173 2164 1211 eam
2193 1169 2402 1215 tremere
2447 1161 2621 1237 (Psal.
2663 1165 2784 1219 105.
2817 1165 2933 1233 52).
2968 1167 3037 1219 Et
3065 1165 3222 1221 Isaias
3255 1186 3268 1221 :
3303 1169 3401 1232 Qui
3429 1171 3646 1223 continet

2052 1265 2236 1320 gyrum
2257 1261 2404 1307 terra:
2430 1253 2580 1325 (lsui.
2611 1256 2700 1311 40.
2732 1257 2848 1328 22).
2877 1258 2946 1314 Ει
2972 1259 3039 1313 de
3068 1260 3282 1324 virtute,
3319 1261 3437 1314 Nisi
3470 1263 3646 1314 Domi-

2053 1357 2165 1406 nus,
2215 1337 2400 1413 inquit,
2431 1347 2755 1415 wdiﬁcaverit
2780 1351 2985 1403 domum
3012 1392 3027 1413 ,
3057 1353 3112 1404 in
3157 1369 3340 1406 vanum
3386 1357 3644 1408 laborare-

2051 1445 2171 1488 runt
2193 1437 2278 1506 qui
2307 1438 2564 1508 aediﬁcant
2591 1458 2699 1494 eam
2726 1441 2898 1513 (Psal.
2934 1443 3056 1498 126.
3093 1443 3167 1514 1).
3199 1445 3265 1499 Ει
3297 1461 3513 1499 rursus:
3544 1447 3644 1512 Qui

2050 1524 2280 1580 habitare
2309 1529 2434 1596 facit
2457 1531 2682 1584 sterilem
2709 1533 2762 1586 in
2797 1533 2948 1585 domo
2965 1544 3180 1588 matrem
3210 1535 3432 1603 ﬁliorum
3460 1537 3641 1589 [tutan-

2051 1625 2149 1669 tem
2173 1616 2347 1688 (Psal.
2377 1621 2501 1675 112.
2533 1621 2607 1691 9).
2656 1623 2724 1677 Ει
2760 1623 2882 1680 ideo
2913 1635 3108 1680 terram
3138 1629 3309 1696 quatit
3333 1637 3385 1681 et
3431 1638 3580 1681 tnont
3617 1648 3641 1679 ς

2049 1714 2272 1779 tangens
2299 1710 2427 1767 facit
2451 1723 2508 1768 ut
2535 1715 2810 1786 lumigent,
2839 1733 2995 1772 suum
3024 1720 3317 1774 ostendens
3347 1720 3639 1775 dominium

2049 1797 2222 1870 (Psal.
2251 1802 2373 1858 103.
2407 1802 2518 1876 52).
2537 1805 2715 1862 Solem
2740 1818 2915 1864 autem
2943 1809 3214 1876 obscurat,
3241 1813 3310 1865 ita
3331 1821 3386 1865 ut
3406 1814 3638 1876 deﬁciat,

2045 1905 2143 1960 per
2173 1891 2275 1947 hoc
2305 1910 2488 1950 rursus
2517 1897 2754 1953 indicans
2783 1914 2842 1954 se
2867 1915 2990 1955 esse
3037 1901 3293 1971 Opiﬁceut
3319 1904 3336 1972 (
3364 1903 3492 1958 lsai.
3524 1906 3636 1974 58).

2119 1983 2386 2042 Miraculis
2412 2005 2546 2042 nunc
2574 2007 2703 2060 opus
2730 2008 2830 2046 non
2857 1995 3224 2050 est.-Porro
3255 1997 3307 2050 in
3349 1999 3640 2068 Scripzutis

2043 2090 2258 2147 quoque
2290 2079 2436 2135 vides
2463 2082 2632 2136 solem
2660 2084 3107 2154 retrocedentem,
3150 2097 3204 2141 et
3232 2088 3408 2142 lunam
3451 2106 3640 2143 l‘ltl‘slts

2043 2181 2164 2222 cum
2188 2184 2254 2224 eo
2275 2178 2505 2227 stantem
2533 2172 2666 2243 (los.
2699 2176 2786 2230 10.
2817 2176 2929 2248 15),
2953 2185 3008 2232 ct
3035 2178 3199 2233 multa
3229 2181 3332 2234 alia
3359 2181 3636 2236 miracula.

2043 2259 2266 2328 Quando
2291 2265 2434 2320 enim
2482 2267 2599 2336 ejus
2637 2270 2870 2338 cognitio
2901 2271 3134 2328 nondum
3181 2282 3399 2328 extensa
3445 2275 3636 2342 fuerat,

2043 2349 2160 2407 hmo
2191 2355 2390 2411 ﬁebant
2423 2375 2436 2412 :
2470 2374 2610 2414 nunc
2636 2369 2814 2417 autem
2846 2377 2950 2417 non
2988 2373 3068 2424 est
3094 2366 3322 2434 amplius
3362 2380 3496 2438 Opus
3539 2368 3639 2422 hac

2041 2440 2305 2512 doctrina,
2341 2462 2462 2502 cum
2510 2464 2597 2505 res
2627 2451 2754 2521 ipsae
2777 2453 3010 2508 clament
3049 2463 3103 2508 et
3141 2455 3426 2511 ostendant
3467 2458 3638 2512 Domi-

2041 2549 2191 2589 num.
2219 2535 2410 2592 Vidisti
2441 2540 2494 2593 in
2520 2539 2751 2613 Egypto
2780 2545 3049 2613 tenebras,
3074 2555 3128 2602 ct
3148 2549 3498 2604 mutationem
3530 2555 3638 2606 clca

2041 2630 2384 2684 mentorum?
2420 2630 2476 2687 Si
2503 2633 2594 2704 qui
2630 2645 2808 2692 autem
2854 2637 3036 2692 dicant
3077 2637 3343 2695 delectum
3394 2644 3640 2701 evenisse

2040 2722 2374 2789 naturaliter,
2409 2741 2515 2780 non
2557 2736 2735 2784 autem
2784 2729 2878 2785 Dei
2916 2730 3091 2800 jussu,
3144 2731 3323 2786 dicant
3367 2737 3637 2803 quomodo

2040 2813 2212 2870 factus
2241 2818 2310 2872 sit
2338 2834 2404 2874 eo
2431 2828 2672 2892 tempore
2702 2840 2807 2893 quo
2836 2825 2981 2881 cruci
3007 2834 3093 2880 est
3119 2824 3330 2880 aitixus.
3353 2826 3470 2882 Non
3491 2829 3634 2882 enim

2042 2915 2282 2978 tempore
2325 2918 2450 2966 tunc
2495 2914 2822 2980 praestituto,
2870 2915 2963 2970 sed
3005 2917 3218 2987 quando
3257 2917 3476 2971 minime
3518 2931 3636 2974 erat

2038 3011 2480 3069 consentaneum,
2521 3021 2620 3061 nec
2643 3009 2823 3062 cursui
2866 3009 3091 3063 naturali
3130 3013 3476 3078 conveniens,
3509 3022 3632 3067 tunc

2039 3092 2251 3158 accidit,
2280 3109 2402 3148 cum
2433 3105 2578 3151 esset
2602 3099 2806 3154 scilicet
2833 3100 3228 3170 quartadecima
3259 3103 3405 3172 luna,
3435 3115 3488 3159 et
3515 3104 3630 3176 pie-

2040 3185 2297 3240 niluuium
2331 3187 2543 3258 (Matth.
2589 3191 2680 3244 57.
2725 3193 2838 3261 45).
2887 3193 3134 3250 Defectus
3179 3207 3356 3252 autem
3403 3214 3508 3252 non
3553 3201 3632 3254 sic

2040 3276 2192 3332 ﬁunt.
2227 3279 2335 3334 Illis
2373 3290 2551 3337 autem
2591 3299 2697 3338 non
2741 3287 2974 3356 suppetit
3013 3288 3154 3343 unde
3197 3287 3301 3344 hoc
3343 3292 3628 3360 explicent.

1997 3416 2003 3422 .
2039 3371 2215 3439 Quare
2243 3373 2581 3430 manifestum
2612 3385 2695 3432 est
2739 3379 2877 3433 sicut
2909 3379 3034 3446 alia,
3081 3381 3150 3436 ita
3194 3385 3352 3437 etiam
3395 3384 3631 3440 deiectus

2039 3479 2226 3521 omnes
2248 3468 2399 3536 jussu
2437 3467 2677 3538 Opiﬁcis
2708 3469 2847 3526 ﬁcri.
2901 3472 2953 3526 7.
3013 3471 3262 3527 Velociter
3297 3477 3486 3530 exaudi
3531 3494 3629 3540 me,

2039 3556 2294 3624 Domine;
2323 3560 2506 3632 defecit
2533 3563 2745 3630 spiritus
2775 3579 2937 3618 meus.
2960 3565 3098 3632 Quid
3129 3566 3304 3620 dicis?
3333 3584 3488 3638 urges
3517 3586 3633 3624 ute-

2037 3650 2215 3706 dicum
2244 3653 2311 3708 ad
2339 3654 2704 3709 curationem?
2747 3655 3091 3728 Nequaquam
3127 3679 3139 3713 :
3171 3660 3262 3714 sed
3309 3660 3396 3715 hic
3423 3678 3633 3733 quoque

2039 3757 2154 3797 mos
2181 3751 2235 3798 et
2261 3745 2558 3799 animarum
2586 3762 2705 3816 qua:
2733 3746 3057 3817 afﬂiguntur,
3088 3750 3537 3819 quemadmodum
3578 3767 3631 3808 ct

2038 3833 2314 3888 hominum
2359 3836 2736 3904 laborantium,
2785 3853 3064 3894 accersere
3113 3841 3380 3909 medicos,
3421 3846 3633 3900 etiamsi

2037 3934 2250 3996 tempus
2278 3942 2384 3981 non
2412 3929 2663 3998 postulet,
2692 3940 2746 3984 et
2776 3929 3146 3985 liberationem
3176 3933 3426 3988 celeriter
3452 3938 3631 4005 provi-

2037 4017 2184 4074 dere.
2213 4018 2472 4085 Quocirca
2499 4021 2613 4090 ipse
2643 4036 2855 4092 quoque
2881 4023 3169 4091 adjiciens,
3199 4024 3405 4080 diccbat
3429 4068 3443 4091 ,
3475 4025 3632 4098 Defe-

2037 4115 2104 4167 cit
2133 4114 2341 4183 spiritus
2381 4131 2538 4168 meus.
2593 4115 2751 4184 Atqui
2804 4115 2944 4170 Deus
2985 4116 3074 4185 qui
3123 4125 3298 4184 potest
3336 4119 3568 4173 excitare
3603 4135 3633 4173 a

2037 4206 2282 4270 mortuis,
2319 4207 2490 4260 multo
2515 4207 2683 4278 magis
2708 4219 2834 4262 ante
2864 4217 3114 4263 mortem.
3143 4209 3250 4265 Sed
3278 4211 3633 4279 quemadmo-

2037 4298 2164 4353 dum
2210 4298 2341 4365 dixi,
2393 4299 2517 4354 hinc
2562 4299 2980 4368 deprehenditur
3023 4310 3230 4356 naturae
3271 4302 3632 4357 imbecillitas.

2037 4393 2254 4448 Sciebat
2283 4394 2424 4446 enim
2453 4393 2630 4447 omnia
2661 4394 2710 4448 ei
2740 4408 2859 4447 esse
2888 4393 3081 4456 facilia,
3110 4393 3204 4446 sed
3233 4391 3372 4448 ferre
3403 4409 3508 4447 non
3541 4410 3634 4463 po-

2039 4493 2142 4540 test
2180 4485 2319 4539 mala
2350 4501 2470 4554 qua:
2512 4484 2832 4538 inferuntur.
2864 4483 2949 4538 Ne
2985 4494 3182 4538 avertas
3209 4484 3390 4553 [aciem
3425 4496 3562 4539 tuam
3605 4506 3635 4539 η

2041 4593 2138 4642 me,
2171 4587 2218 4629 et
2248 4576 2429 4629 similis
2468 4592 2552 4630 ero
2579 4575 2989 4628 descendentibus
3015 4575 3070 4628 in
3095 4575 3285 4630 lacum.
3332 4576 3507 4643 Alius,
3555 4577 3639 4632 Ne

2039 4670 2360 4724 absconderis
2407 4668 2590 4738 faciem
2633 4678 2770 4721 tuam
2813 4684 2845 4720 α
2887 4684 2968 4721 me
3007 4667 3108 4740 (a).
3150 4668 3217 4724 Et
3261 4669 3525 4724 undenam
3570 4673 3644 4725 sit

2040 4765 2286 4820 aversio?
2330 4763 2449 4834 Ipse
2480 4764 2620 4818 Deus
2667 4763 2796 4817 dicit
2840 4779 2936 4832 per
2977 4763 3188 4830 Isaiam,
3228 4764 3410 4819 Annon
3457 4775 3640 4836 potens

2039 4867 2112 4912 est
2149 4873 2330 4910 manus
2372 4857 2532 4910 mea?
2576 4855 2681 4912 Sed
2719 4867 2920 4927 peccata
2957 4867 3121 4913 vestra
3147 4859 3376 4913 diuidunt
3403 4860 3534 4914 inter
3565 4877 3643 4911 me

2039 4961 2087 5010 et
2137 4969 2222 5006 vos
2275 4951 2452 5022 (lsai.
2496 4949 2588 5006 59.
2628 4952 2681 5006 1.
2710 4951 2833 5022 2)?
2885 4950 3108 5018 Quando
3162 4967 3291 5022 ergo
3334 4952 3458 5005 mali
3492 4935 3639 5020 °quid

2041 5045 2359 5111 fecerimus,
2401 5045 2660 5101 avertitur
2704 5061 2719 5098 :
2765 5042 2994 5098 Mundus
3061 5051 3132 5097 est
3195 5043 3371 5106 cnim,
3428 5041 3638 5111 inquit,

2042 5140 2222 5196 oculus
2267 5151 2417 5202 tuus,
2453 5149 2508 5194 ut
2545 5155 2644 5193 non
2685 5137 2852 5189 videat
2882 5139 3048 5195 mala;
3099 5145 3143 5186 et
3187 5133 3436 5202 respicere
3487 5148 3641 5199 super

2044 5235 2239 5291 labores
2265 5250 2366 5290 non
2417 5229 2652 5307 poteris(
2681 5229 2880 5284 Habac.
2914 5229 2961 5283 I.
2992 5228 3060 5282 15
3087 5225 3128 5298 ).
3168 5225 3237 5279 Et
3281 5223 3401 5278 ideo
3427 5239 3641 5278 aversa~

2048 5338 2134 5382 tur
2164 5329 2323 5380 etiam
2356 5332 2688 5395 arrogantes.
2731 5322 2867 5376 Dicit
2902 5320 3081 5388 itaque
3110 5334 3124 5371 :
3159 5317 3329 5386 Super
3354 5331 3499 5386 quem
3552 5331 3637 5366 re-

2044 5420 2276 5491 spiciam,
2302 5419 2400 5474 nisi
2426 5433 2576 5490 super
2605 5422 2920 5469 mansuetum
2949 5420 2996 5466 et
3021 5409 3261 5479 quietum,
3283 5417 3328 5461 et
3354 5415 3641 5461 trementem

2110 5577 2187 5640 (a)
2217 5583 2329 5625 Haec
2371 5570 2729 5640 interpretatio
2761 5569 2900 5640 cujus
2931 5567 3038 5640 sit,
3086 5577 3185 5640 non
3223 5561 3641 5640 dicitu_r.__Verurn

2047 5629 2220 5703 Aq'ui'la
2241 5672 2257 5698 ,
2302 5629 2635 5701 symmac'hus,
2685 5636 2738 5682 et
2780 5629 3046 5680 Theodotio
3083 5629 3319 5703 verbum,
3365 5631 3476 5703 jm
3501 5667 3513 5687 ,
3556 5636 3644 5703 per

2046 5695 2211 5776 ιρῡῖιτιιν
2243 5695 2300 5760 et
2331 5695 2603 5776 ξιαιᾳῡκγιιν,
2637 5703 2956 5776 abscondere.
2976 5695 3490 5776 .exprimere_solcnt,
3517 5695 3644 5745 unde

2049 5761 2330 5840 adiciatur
2353 5761 2476 5822 hanc
2492 5761 2948 5832 interpretation-tm
2976 5761 3170 5815 illorum
3202 5773 3332 5813 esse.
