3928 6420
393 327 496 384 455

393 442 544 497 verba
570 453 681 492 mea
709 435 864 509 (luti.
894 434 982 490 66.
1011 433 1111 502 2)?
1142 432 1530 501 Persequamur
1555 445 1683 500 ergo
1715 429 1849 482 hanc
1879 428 1985 482 vir-

393 543 581 597 tutem,
621 537 677 586 ut
716 531 832 600 ejus
875 527 1061 582 faciem
1099 523 1460 587 attrahamns;
1503 537 1571 576 ne
1601 523 1655 575 in
1681 521 1795 574 vitii
1827 522 1982 575 hara-

392 629 573 682 thrum
609 622 924 684 incidamus,
953 618 1133 674 densis
1158 615 1541 685 occupantibus
1569 613 1822 668 tenebris.
1860 613 1988 666 Pos-

391 728 522 774 sunt
545 718 706 773 etiam
737 714 825 784 qui
854 711 1166 768 ceciderunt
1193 710 1386 764 iterum
1417 705 1730 762 ascendere.
1763 703 1987 774 Oportet

389 827 522 883 ergo
549 825 644 864 eos
668 809 756 879 qui
782 805 997 873 cadunt,
1028 819 1131 858 non
1163 816 1380 856 manere
1405 799 1549 854 humi
1580 800 1834 867 iacentes.

419 917 426 921 '
469 903 674 958 Peccati
699 909 880 954 natura
904 899 1069 954 lacus.
1118 894 1276 950 Deum
1299 909 1495 963 seraper
1522 891 1703 944 intueri
1730 890 1982 955 debemus,

393 1007 440 1052 et
475 996 537 1049 ab
564 1010 625 1048 eo
660 989 1173 1066 pendere.-Lacus
1200 995 1400 1051 autem,
1437 984 1488 1038 in
1519 995 1625 1052 quo
1663 990 1790 1035 sunt
1831 996 1988 1035 saevae

392 1089 599 1155 bestiae,
628 1095 682 1141 et
707 1085 795 1155 qui
823 1092 905 1138 est
933 1082 1122 1152 plenus
1151 1076 1406 1142 tenebris,
1435 1083 1517 1130 est
1545 1085 1730 1128 natura
1763 1073 1987 1142 peccati.

389 1180 786 1250 Scripturarum
813 1189 942 1245 ergo
970 1172 1223 1228 rudentes
1248 1169 1614 1232 demittamus,
1656 1173 1711 1219 et
1739 1164 1988 1217 volunta-

392 1281 499 1326 tem
525 1270 808 1339 alligemus
834 1282 850 1322 :
877 1276 932 1321 et
964 1264 1008 1318 si
1038 1261 1414 1325 ceciderimus,
1446 1258 1702 1313 velociter
1731 1269 1985 1323 resurge-

390 1379 531 1418 mus.
559 1358 840 1430 Quomodo
863 1365 1041 1412 autem
1069 1354 1381 1424 incipiemus
1403 1351 1504 1405 iter
1525 1347 1771 1419 ingredi?
1790 1347 1842 1401 Si
1867 1361 1989 1400 cum

393 1454 768 1518 ceciderimus,
799 1466 908 1505 non
935 1458 1364 1514 contemnamus,
1388 1460 1487 1500 nec
1503 1443 1871 1513 desperemus,
1895 1441 1989 1495 sed

396 1547 514 1602 ιιωο
542 1544 850 1615 prophetica
899 1540 1136 1596 carmina
1175 1538 1329 1593 nobis
1369 1549 1623 1590 canamus
1665 1551 1680 1588 :
1725 1532 1991 1603 Numquid

394 1639 583 1693 cadens
612 1654 712 1692 non
751 1635 965 1705 resurgit
996 1632 1129 1702 (Jer.
1180 1631 1233 1686 8.
1277 1629 1374 1698 4)⁴2
1412 1629 1474 1682 Et
1514 1641 1718 1691 rursus,
1752 1625 1921 1678 Hodie
1949 1626 1993 1678 si

395 1750 565 1790 vocent
595 1732 706 1798 eius
734 1727 1018 1790 audieritis,
1053 1743 1113 1779 ne
1137 1723 1390 1778 obduretis
1418 1726 1575 1774 corda
1600 1728 1763 1773 vestra
1783 1719 1911 1772 sicut
1938 1717 1990 1770 in

395 1826 775 1883 exacerbatione
811 1821 984 1895 (Psal.
1026 1818 1117 1874 91.
1163 1817 1216 1871 8.
1263 1815 1352 1886 9);
1382 1823 1436 1868 et
1465 1813 1548 1868 his
1585 1809 1993 1882 cegitatiouibus

397 1921 606 1974 vinctos
633 1930 731 1971 nos
776 1912 1124 1968 attrahamus.
1167 1909 1222 1964 8.
1274 1907 1517 1962 Auditum
1561 1907 1642 1977 fac
1687 1903 1809 1957 mihi
1847 1916 1994 1954 mane

397 2007 797 2065 misericordiam
827 2013 986 2072 luant,
1017 2002 1255 2073 quoniam
1279 2000 1334 2054 in
1363 2008 1411 2052 te
1437 1996 1657 2068 speravi.
1685 1995 1858 2060 Alius,
1887 1989 1995 2046 Au-

399 2104 559 2157 ditum
589 2101 672 2170 [ac
699 2097 824 2151 mihi
847 2112 910 2152 ea:
937 2094 1186 2149 matutino
1211 2089 1612 2146 misericordiam
1637 2097 1774 2141 tuam
1808 2084 1906 2157 (a),
1941 2082 1993 2138 id

395 2205 499 2262 est,
527 2194 794 2250 celeriter.

470 2288 530 2344 6.
571 2283 761 2339 Vidisti
787 2281 1040 2336 afﬂictam
1072 2287 1124 2332 et
1171 2275 1533 2347 perturbatam
1575 2270 1848 2326 animam?
1872 2268 1998 2323 Vult

398 2379 542 2435 enim
583 2375 754 2431 audiri
793 2382 917 2426 ante
969 2368 1376 2439 experientiam,
1423 2375 1481 2420 ut
1525 2379 1625 2434 spe
1666 2363 1900 2432 erigatur
1942 2370 1998 2415 et

402 2470 822 2541 exspectatione.
867 2464 980 2518 Hoc
1011 2469 1097 2517 est
1133 2469 1313 2514 autem
1351 2460 1493 2528 quod
1532 2457 1662 2511 dicit
1708 2474 1722 2510 :
1769 2455 1873 2509 Fac
1911 2467 1998 2508 me

401 2577 644 2634 surgere,
671 2569 732 2615 ut
763 2557 1030 2628 pollicitus
1067 2571 1148 2622 es,
1189 2555 1386 2622 justam
1435 2550 1630 2606 deinde
1675 2547 1997 2618 impetrandi

402 2669 618 2711 causam
647 2651 848 2720 adjicit.
895 2647 1030 2713 Quia
1071 2647 1126 2700 in
1170 2655 1218 2699 te
1255 2644 1471 2715 speravi.
1508 2642 1650 2696 Dens
1693 2640 1836 2696 enim
1867 2639 1997 2694 nihil

405 2759 514 2803 tam
544 2744 787 2815 requirit,
821 2757 978 2812 quam
1018 2750 1076 2794 ut
1104 2753 1225 2794 eum
1257 2751 1470 2807 semper
1500 2735 1820 2797 intueamur,
1849 2743 1904 2787 et
1932 2732 2000 2786 ab

406 2855 473 2898 eo
499 2850 756 2912 perpetuo
783 2834 1132 2906 pendeamus.
1166 2830 1358 2885 Notam
1389 2833 1472 2900 fac
1499 2827 1626 2882 mihi
1652 2827 1785 2880 viam
1821 2826 1873 2878 in
1900 2840 2000 2895 qua

407 2930 660 2987 ambulent
689 2945 708 2984 :
733 2929 852 2998 quia
875 2925 943 2979 ad
965 2934 1011 2977 te
1032 2922 1186 2977 levavi
1211 2921 1434 2975 animam
1459 2935 1643 2972 meam.
1667 2917 1802 2985 Quid
1827 2915 2000 2971 dicis?

406 3038 530 3078 cum
557 3029 611 3077 ct
639 3030 826 3073 natura
859 3015 1053 3070 habeat
1088 3013 1257 3082 legem
1297 3011 1365 3066 ab
1395 3010 1546 3064 initio
1571 3023 1600 3062 a
1638 3008 1748 3062 Deo
1779 3005 2000 3077 imposi-

410 3127 541 3182 tam,
568 3121 624 3168 et
664 3110 909 3166 Mosaicae
937 3107 1082 3174 leges
1120 3119 1238 3159 eam
1267 3112 1547 3167 renovent,
1584 3099 1714 3171 quid
1761 3099 1853 3154 tibi
1897 3098 2000 3164 vis,

383 3216 598 3260 'rursus
623 3203 808 3256 dicens
837 3217 849 3252 :
884 3197 1076 3252 Notam
1106 3200 1187 3270 (ac
1213 3194 1358 3260 mihi,
1389 3193 1624 3256 Domine,
1667 3193 1799 3246 viam
1824 3191 1876 3243 in
1904 3206 2002 3260 qua

409 3291 702 3348 ambulem?
744 3289 839 3344 Vel
881 3287 986 3341 hoc
1013 3300 1142 3356 ergo
1171 3285 1275 3339 dici
1304 3292 1481 3353 potest
1511 3301 1526 3337 :
1569 3283 1830 3350 Quoniam
1871 3295 2002 3335 cou-

410 3383 636 3441 scientia
665 3395 783 3434 mea
813 3379 1004 3432 obruta
1033 3386 1115 3430 est
1135 3391 1164 3429 a
1193 3375 1340 3435 vitio,
1368 3389 1498 3442 rogo
1523 3382 1578 3426 ιιι
1606 3387 1669 3427 ea
1697 3381 2001 3426 renovetur.

414 3477 511 3532 Vel
533 3475 620 3530 hic
649 3473 787 3526 viam
819 3469 948 3524 dicit
985 3468 1148 3522 multa
1193 3481 1376 3519 eorum
1421 3480 1540 3534 qua:
1587 3465 1899 3534 ignorantur
1937 3461 2005 3515 ab

415 3565 738 3627 horninibus,
778 3558 1226 3632 quemadmodum
1271 3557 1466 3612 Paulus
1500 3569 1712 3626 quoque
1749 3553 2002 3620 ostendit,

414 3660 600 3715 dicens
647 3674 663 3711 :
712 3653 846 3719 Quid
897 3652 1031 3706 enim
1081 3665 1279 3703 oremus
1322 3648 1449 3701 sicut
1499 3655 1710 3715 oportet,
1761 3645 2007 3698 nescimus

415 3751 596 3819 (Rom.
626 3747 680 3803 8.
707 3744 825 3815 26).
855 3744 912 3799 Si
937 3752 1114 3798 autem
1145 3741 1340 3798 Paulus
1370 3740 1472 3796 hoc
1497 3741 1706 3810 ignorat
1740 3748 1861 3808 post
1891 3748 2008 3792 tan-

415 3853 526 3899 tam
550 3839 908 3911 cognitionem
929 3879 945 3902 ,
975 3834 1100 3905 quid
1132 3833 1346 3889 miraris
1373 3833 1416 3887 si
1444 3832 1531 3887 hic
1555 3847 1765 3902 quoque
1797 3831 1896 3885 hoc
1923 3830 2010 3884 di-

415 3934 539 3990 cat?
568 3931 702 3988 Vide
739 3939 921 3985 autem
962 3942 1086 3982 eum
1115 3925 1245 3981 nihil
1274 3925 1468 3980 sensile
1497 3923 1586 3979 hic
1622 3937 1882 3992 qutercre,
1913 3921 2009 3976 sed

416 4027 560 4081 viam
580 4037 700 4093 quae
728 4021 797 4076 ad
830 4021 996 4074 Deum
1027 4017 1258 4081 deducit,
1289 4027 1344 4072 et
1373 4017 1542 4085 ipsum
1571 4032 1635 4070 ex
1659 4029 1718 4070 se
1749 4014 2010 4084 principia

416 4116 666 4175 conferre
709 4112 825 4183 (ιιι
862 4111 978 4166 Non
1022 4110 1156 4164 dixit
1195 4109 1337 4163 enim
1375 4109 1646 4174 absolute,
1700 4107 1888 4162 Natant
1929 4111 2012 4178 [ac

420 4207 566 4274 inihi,
599 4205 836 4270 Datame,
865 4204 997 4256 viam
1020 4217 1133 4271 qua
1156 4201 1223 4253 ad
1251 4209 1299 4254 te
1326 4199 1463 4252 ducit
1492 4213 1514 4254 .°
1541 4198 1648 4255 Sed
1682 4198 1848 4267 quid?
1879 4199 2012 4264 Quia

421 4300 492 4353 ad
519 4311 566 4354 te
589 4296 747 4353 levavi
776 4294 999 4349 animum
1024 4307 1186 4345 meam
1216 4306 1238 4345 :
1263 4289 1367 4345 hoc
1395 4299 1495 4357 est,
1525 4290 1567 4343 Α
1609 4297 1662 4344 te
1692 4290 1919 4358 pendeo,
1960 4299 2012 4346 te

421 4394 657 4456 intueor,
689 4397 742 4444 te
769 4401 933 4442 unum
973 4383 1223 4454 respicio.
1254 4381 1320 4437 lis
1355 4382 1498 4436 enim
1550 4381 1688 4435 Deus
1722 4381 2009 4434 maximam

423 4485 505 4540 sui
530 4483 731 4555 praebet
757 4480 1020 4535 notitiam.
1062 4476 1419 4544 Quamobrem
1449 4475 1661 4530 dicebat
1701 4475 1767 4528 de
1791 4475 2010 4539 ludatis,

424 4583 642 4644 rogatus
666 4587 764 4627 cur
792 4571 870 4627 cis
892 4570 1198 4639 loqueretur
1229 4567 1279 4621 in
1313 4566 1577 4636 parabolis
1607 4582 1619 4619 :
1657 4563 1889 4619 Videntes
1914 4581 2016 4619 non

427 4666 616 4730 vident,
646 4675 691 4718 et
721 4664 982 4718 audientes
1008 4680 1108 4716 non
1134 4661 1348 4715 audiunt
1372 4659 1587 4731 (Matth.
1619 4660 1707 4714 15.
1736 4660 1844 4730 15).
1879 4658 2014 4714 Illud

426 4767 628 4822 autem,
655 4753 859 4821 Levavi,
891 4754 1172 4823 Signiﬁcat,
1205 4752 1285 4806 Ad
1324 4761 1376 4806 te
1420 4751 1627 4805 traduxi
1676 4760 1730 4806 et
1769 4751 2017 4806 transtuli

426 4849 658 4904 animam
689 4859 882 4900 meam.
909 4844 964 4901 9.
994 4843 1150 4911 Eripe
1173 4860 1252 4897 nte
1274 4847 1337 4896 de
1359 4843 1575 4896 inimicis
1604 4843 1744 4906 meis,
1782 4842 2011 4906 Domine,

425 4941 494 4994 ad
521 4930 570 4994 ie
596 4937 821 5012 confugi.
870 4936 1003 4990 Vide
1043 4935 1240 5004 ubique
1279 4934 1456 4990 allerri
1501 4952 1688 4990 causas
1719 4937 1786 4989 ab
1823 4951 1890 4990 eo
1927 4935 2014 5004 qui

428 5039 600 5102 rogat.
633 5027 715 5083 Ne
737 5039 955 5095 avertas,
987 5028 1175 5098 inquit,
1204 5027 1386 5095 faciem
1407 5036 1545 5080 tuam
1572 5043 1605 5079 a
1634 5044 1712 5080 me
1739 5043 1758 5082 :
1781 5029 2020 5096 quoniam

426 5123 482 5177 in
505 5132 553 5177 te
576 5121 794 5190 speravi.
813 5117 1004 5174 Natant
1029 5121 1110 5191 [ac
1136 5117 1260 5172 nti/ti
1285 5117 1416 5170 viam
1452 5126 1611 5183 tuam,
1631 5119 1865 5187 quoniam
1885 5120 1950 5171 ad
1974 5129 2020 5171 te

429 5214 590 5268 levavi
615 5214 840 5266 animant
866 5226 1049 5265 nteant.
1082 5209 1237 5281 Eripe
1274 5225 1351 5284 me
1377 5208 1438 5263 de
1468 5210 1686 5264 inimicis
1713 5209 1857 5276 meis,
1888 5226 2019 5276 quo-

427 5305 568 5361 niam
607 5305 677 5359 ad
716 5315 762 5358 te
803 5304 1030 5375 confugi.
1076 5301 1165 5358 10.
1206 5301 1344 5355 Doce
1389 5318 1467 5356 me
1509 5305 1678 5373 facere
1716 5302 2020 5354 voluntatem

490 5439 566 5502 (a)
598 5446 710 5489 Hec
730 5438 1074 5502 interpretatio
1087 5437 1326 5502 cujussit,
1352 5447 1449 5484 non
1486 5436 1794 5502 exprimitur,
1818 5436 1907 5485 sed
1930 5449 2018 5502 po-_

431 5499 682 5580 test’esse
705 5499 998 5580 Symmachi,
1025 5499 1275 5580 quialibi,
1312 5504 1452 5580 1P1,
1494 5499 1670 5557 Vertit,
1705 5509 1856 5561 essm,
1891 5499 2020 5562 quod

431 5576 527 5626 est,
554 5576 685 5620 ortus
709 5571 827 5628 diei,
851 5571 958 5618 sive
980 5571 1285 5619 matutinum.

497 5632 571 5689 (b)
600 5635 702 5679 Jam
726 5630 931 5679 vidimus
949 5629 1110 5679 locum
1134 5631 1216 5678 ubi
1244 5629 1526 5691 principium
1550 5629 1693 5678 home
1717 5629 1919 5678 actionis
1939 5631 2015 5677 ho-

438 5691 550 5757 mini
567 5692 846 5757 adscribere
864 5691 1052 5757 videtur
1070 5692 1429 5757 Chrysostomus
1453 5705 1464 5739 :
1494 5704 1663 5740 vertun
1687 5698 1728 5740 ε.
1747 5691 1914 5742 doctor
1931 5692 2015 5740 ho-

438 5753 618 5798 minem
637 5753 862 5811 supponit
879 5753 980 5811 jam
1002 5753 1170 5814 gratim
1196 5759 1321 5800 dono
1356 5761 1671 5813 praeventum.

1179 321 1232 376 S.
1273 319 1548 376 JOANNIS
1583 313 2054 371 CIIliYSUSTOMI
2097 317 2410 372 ARCIIIEP.
2454 319 2974 376 CONSTANTINOP.
3550 323 3630 379 45:3

2093 442 2252 495 tuam,
2284 433 2400 502 quia
2435 432 2565 486 Deus
2593 451 2731 487 meus
2757 451 2807 489 es
2838 446 2911 487 tu.
2939 434 3052 488 Non
3081 432 3211 488 dixit
3239 435 3487 503 absolute,
3520 436 3641 489 Dote

2093 539 2178 578 me
2201 525 2520 580 voluntatem
2546 536 2710 592 tuam,
2739 527 2855 590 sed,
2889 525 3022 580 Doce
3041 544 3117 580 me
3141 531 3308 598 facere
3333 530 3634 588 voluntatem;

2093 615 2195 668 hoc
2235 624 2336 680 est,
2375 617 2452 670 Ad
2495 617 2604 686 ipsa
2639 616 2770 672 facta
2803 634 2888 673 me
2913 619 3106 673 deduc.
3135 620 3369 688 Superos
3397 622 3527 674 enim
3555 636 3640 688 ope

2092 719 2147 762 et
2185 709 2384 766 caelesti
2416 710 2656 766 doctrina
2693 727 2827 781 Opus
2863 721 2965 779 est,
3011 723 3069 767 ut
3106 714 3408 768 incedamus
3436 714 3510 766 via
3544 729 3642 783 quae

2093 801 2239 856 ducit
2283 802 2349 856 ad
2391 803 2638 858 virtutem
2687 822 2699 857 :
2743 820 2846 858 non
2897 805 3050 860 nobis
3092 807 3142 860 itt
3186 806 3294 859 otio
3340 805 3644 874 degentibus,

2093 894 2185 948 sed
2215 909 2334 964 qua:
2374 904 2496 949 sunt
2543 906 2722 951 nostra
2761 897 3177 952 conferentibus.
3213 899 3342 964 Quia
3375 898 3501 951 Deus
3531 916 3649 954 meus

2093 1002 2144 1040 es
2173 995 2244 1039 tu.
2285 986 2443 1041 Vides
2471 989 2775 1056 spirituales
2798 990 2913 1060 ejus
2955 991 3275 1062 petitiones?
3303 990 3415 1044 Non
3441 991 3570 1044 enim
3594 991 3651 1045 de

2095 1079 2354 1146 pecuniis,
2386 1087 2640 1148 potentia,
2671 1092 2726 1135 et
2752 1083 2938 1151 gloria,
2973 1083 3067 1137 sed
3100 1093 3154 1137 ut
3182 1083 3273 1138 Dei
3302 1082 3457 1138 faciat
3483 1085 3648 1136 volun-

2097 1179 2280 1232 tatem,
2328 1171 2379 1224 in
2427 1171 2544 1240 ejus
2594 1173 2851 1242 petitione
2894 1176 3068 1243 agitur
3111 1193 3124 1228 :
3174 1176 3315 1244 quod
3352 1175 3552 1243 quidem
3587 1186 3656 1229 est

2094 1263 2330 1317 omnium
2363 1265 2620 1319 bonorum
2650 1265 2947 1332 thesaurus,
2989 1277 3042 1322 et
3081 1283 3211 1336 opes
3249 1285 3368 1336 quze
3397 1284 3654 1337 numquam

2093 1353 2368 1420 deticiuut,
2412 1356 2836 1426 principiumque
2863 1367 2917 1412 et
2947 1359 3092 1413 radix
3139 1359 3426 1423 felicitatis,
3465 1367 3518 1414 et
3560 1377 3658 1412 nte-

2097 1446 2264 1510 ditttn,
2295 1457 2346 1501 et
2376 1447 2518 1502 ﬁnis.
2553 1448 2782 1517 Spiritus
2819 1459 2934 1503 tuus
2964 1449 3123 1504 bonus
3151 1451 3358 1504 deducet
3382 1468 3460 1505 nte
3493 1453 3541 1503 in
3574 1462 3660 1504 ter-

2095 1554 2206 1590 ram
2223 1548 2432 1592 rectam.
2465 1539 2627 1594 Vides
2649 1540 2920 1610 quomodo
2946 1541 3195 1606 dicimus,
3223 1543 3491 1612 quomodo
3518 1543 3661 1595 doce-

2096 1645 2216 1683 mur
2241 1631 2378 1682 viam
2414 1631 2692 1700 perlicere,
2746 1648 2940 1701 nempe
2969 1649 3066 1703 per
3115 1633 3370 1703 Spiritum
3411 1637 3663 1688 sanctum?

2098 1720 2166 1775 Et
2199 1719 2322 1775 ideo
2350 1721 2566 1776 dicebat
2613 1722 2808 1778 Paulus
2834 1741 2848 1777 :
2878 1723 3041 1779 Nobis
3069 1736 3235 1778 autem
3280 1723 3422 1778 Deus
3455 1727 3664 1778 reuelauit

2096 1828 2186 1882 per
2211 1811 2462 1880 Spiritum
2513 1830 2659 1866 suum
2691 1815 2785 1884 (1.
2841 1813 2960 1869 Cor.
3007 1815 3062 1869 2.
3111 1815 3244 1887 10).
3288 1815 3358 1870 In
3397 1827 3571 1869 terram
3600 1832 3666 1868 re-

2096 1911 2248 1954 ctam.
2299 1902 2356 1957 Si
2401 1903 2687 1958 dictionem
2741 1906 2955 1975 quidem
3005 1916 3249 1974 spectes,
3294 1907 3424 1960 dicit
3469 1908 3666 1976 patriam

2096 2009 2246 2048 suam
2277 2011 2291 2048 :
2319 1994 2363 2048 si
2382 1994 2674 2064 accipiatur
2695 2005 2869 2051 autem
2896 1999 3203 2066 anagogice,
3238 1999 3375 2051 viam
3406 2015 3519 2066 qua:
3542 1997 3670 2050 ducit

2097 2083 2164 2138 ad
2191 2086 2461 2140 virtutem.
2489 2086 2640 2140 Alius
2663 2096 2840 2140 autem
2865 2087 3010 2149 dicit,
3035 2088 3137 2140 Per
3158 2098 3342 2141 terram
3361 2088 3560 2157 planam
3583 2088 3667 2157 (η).

2097 2176 2240 2231 Nihil
2267 2187 2351 2232 est
2378 2179 2520 2232 enim
2567 2180 2764 2234 virtute
2817 2180 3002 2234 laevius
3029 2195 3092 2233 ac
3120 2181 3353 2248 planius,
3397 2197 3512 2251 qua)
3539 2192 3614 2234 est
3645 2197 3670 2232 a

2099 2270 2252 2322 turba
2292 2279 2348 2324 et
2384 2270 2612 2324 tumultu
2649 2269 2836 2326 libera.
2869 2272 2958 2326 11.
2993 2270 3210 2341 Propter
3238 2290 3421 2326 nomen
3448 2283 3578 2324 tuum
3604 2273 3670 2326 vf-

2099 2359 2324 2428 vi/icabis
2351 2377 2447 2427 nte,
2472 2361 2707 2416 Domine.
2740 2362 2900 2419 Vides
2929 2379 3049 2419 eum
3081 2380 3266 2418 rursus
3293 2364 3364 2419 ad
3395 2366 3674 2420 Dcutncon-

2101 2451 2303 2521 lugere,
2335 2468 2442 2507 non
2471 2463 2651 2509 autem
2697 2455 2748 2508 in
2778 2455 2883 2508 vita
2913 2470 3005 2510 sua
3038 2457 3304 2518 collocare
3339 2458 3613 2510 liducimu?

2172 2542 2418 2613 Equitas
2445 2554 2491 2599 et
2527 2545 2734 2616 justitia
2776 2563 2868 2616 pro
2912 2547 3176 2601 clementia
3219 2561 3266 2600 et
3331 2547 3671 2600 misericordia.

2105 2635 2282 2690 Oratio
2307 2637 2417 2692 sine
2449 2652 2601 2709 apere
2634 2638 2850 2694 inutilis.
2887 2669 2958 2678 —
2997 2637 3065 2692 In
3101 2640 3340 2711 a‘quitate
3367 2649 3451 2692 tua
3474 2639 3633 2693 educes
3653 2654 3677 2690 e

2102 2728 2427 2783 tribulatione
2451 2731 2675 2783 animam
2701 2747 2882 2786 meam.
2926 2731 3099 2795 Alius,
3129 2731 3194 2786 In
3222 2733 3562 2787 misericordia
3582 2743 3673 2784 tua.

2103 2819 2266 2874 Vides
2293 2821 2564 2890 quomodo
2590 2829 2772 2877 verum
2817 2821 2908 2886 sit,
2955 2829 3096 2893 quod
3141 2826 3393 2894 superius
3436 2825 3670 2880 dicebam.

2104 2926 2226 2965 cum
2249 2911 2506 2980 justitiam
2547 2927 2691 2982 saepe
2735 2915 3354 2972 vocare-clementiam?
3400 2917 3589 2970 Edam
3626 2917 3676 2967 de

2105 3002 2432 3058 tribulatione
2460 3005 2687 3059 animant
2717 3023 2900 3060 meant.
2939 3005 3094 3060 Orate
3119 3008 3284 3068 enim.
3321 3009 3510 3078 inquit,
3534 3024 3591 3060 ne
3611 3009 3678 3058 iu-

2105 3095 2244 3149 tretis
2270 3095 2326 3148 in
2354 3097 2675 3150 tentutionem
2699 3095 2890 3165 (Marc.
2923 3099 3009 3152 14.
3044 3099 3159 3168 58).
3204 3099 3294 3154 12.
3327 3100 3395 3154 Et
3422 3102 3472 3154 in
3500 3099 3673 3152 miseri-

2105 3187 2281 3241 cordia
2317 3196 2408 3240 tua
2447 3186 2708 3259 disperdes
2747 3205 2919 3242 onmes
2963 3190 3194 3244 inimicos
3230 3207 3390 3245 meos.
3429 3191 3538 3244 Non
3566 3206 3676 3257 qm:-

2109 3278 2249 3332 niam
2279 3292 2381 3348 ego
2409 3293 2526 3333 sum
2551 3279 2765 3348 dignus,
2798 3279 2992 3348 inquit,
3023 3281 3118 3335 sed
3155 3293 3382 3352 propter
3423 3292 3559 3337 tuam
3583 3279 3677 3333 cle-

2109 3369 2360 3423 mentiam
2391 3369 2556 3424 libera
2589 3385 2675 3424 me
2704 3371 2773 3425 ab
2803 3371 2867 3425 iis
2916 3373 3004 3441 qui
3036 3371 3090 3425 in
3122 3389 3206 3426 me
3246 3374 3446 3428 bellum
3489 3379 3674 3440 gerunt.

2109 3462 2274 3518 libera
2303 3477 2389 3518 me
2415 3463 2482 3518 ab
2507 3463 2574 3518 iis
2598 3464 2686 3532 qui
2718 3464 2846 3518 mihi
2874 3465 3190 3520 insidiantur
3210 3509 3222 3530 ,
3275 3467 3368 3522 dat
3395 3477 3450 3522 ut
3475 3467 3538 3521 ab
3565 3465 3679 3519 allii-

2111 3557 2290 3610 ctione
2317 3555 2647 3624 aliquantum
2672 3557 2954 3625 respirem.
2972 3556 3042 3611 Et
3061 3560 3242 3630 perdes
3263 3576 3436 3616 omnes
3451 3561 3530 3631 qui
3545 3559 3680 3614 tritis-

2111 3647 2218 3702 lant
2240 3647 2467 3701 animam
2490 3663 2672 3713 meant,
2697 3649 2939 3720 quoniam
2954 3667 3046 3720 ego
3067 3667 3239 3706 servus
3265 3662 3384 3708 tuus
3411 3670 3538 3708 sunt.
3567 3651 3678 3706 Vide

2112 3740 2200 3794 hic
2233 3755 2419 3795 rursus
2459 3739 2721 3810 adjectam
2769 3757 3006 3797 causam.
3037 3744 3220 3814 Neque
3249 3747 3396 3800 enim
3425 3760 3679 3816 possumus

2112 3833 2356 3888 absolute
2395 3843 2576 3888 nostra
2621 3835 2884 3904 postulata
2913 3838 3195 3907 consequi,
3223 3839 3322 3893 sed
3367 3847 3567 3908 Oportet
3599 3851 3681 3891 nos

2114 3926 2187 3981 ita
2210 3942 2530 3997 prmpararc,
2560 3937 2617 3983 ut
2641 3930 2808 3983 simus
2831 3929 2975 4000 digni
2996 3931 3083 4000 qui
3112 3932 3380 4000 postulata
3407 3947 3681 4000 consequao

2116 4032 2257 4085 mur,
2285 4029 2338 4072 et
2367 4035 2488 4088 quae
2528 4030 2708 4076 nostra
2747 4031 2872 4076 sunt
2913 4020 3182 4086 conferre,
3212 4032 3271 4077 et
3315 4025 3390 4078 ita
3430 4022 3679 4078 accedere.

2125 4109 2240 4164 Non
2271 4110 2466 4165 sufﬁcit
2489 4111 2636 4167 enim
2664 4112 2779 4167 sola
2809 4124 2999 4167 natura
3041 4114 3300 4169 orationis
3342 4133 3356 4168 :
3391 4131 3509 4168 nam
3535 4113 3681 4168 .ludmi

2115 4216 2328 4271 quoque
2353 4201 2596 4267 orabant,
2615 4213 2670 4258 et
2697 4204 3008 4260 audiebant?
3035 4205 3097 4260 Si
3112 4207 3559 4275 multiplicaveritis
3585 4220 3684 4273 prt-

2116 4307 2218 4357 cos,
2251 4309 2350 4346 non
2380 4295 2652 4346 exaudiam
2681 4309 2766 4350 vos
2797 4295 2948 4366 (Isai.
2982 4296 3034 4351 1.
3068 4297 3182 4368 15).
3222 4295 3293 4352 Ει
3337 4299 3461 4368 quid
3500 4297 3686 4351 miraris

2117 4383 2162 4440 si
2187 4383 2356 4438 Judaei
2387 4399 2493 4438 non
2523 4384 2964 4450 exaudiebantur,
2991 4400 3112 4440 cum
3138 4387 3298 4442 etiam
3323 4387 3574 4442 Jeremias
3599 4397 3685 4457 pro

2118 4475 2198 4530 eis
2227 4491 2388 4532 orans
2415 4477 2858 4547 reprehendatur,
2884 4488 2942 4533 et
2973 4480 3140 4534 semel
3167 4495 3232 4534 ac
3261 4481 3343 4535 bis
3370 4481 3546 4535 audiat
3571 4496 3585 4532 :
3617 4475 3685 4529 Ne

2119 4583 2211 4621 ora
2243 4585 2334 4638 pro
2361 4569 2457 4622 Itoc
2483 4571 2694 4640 papula,
2724 4571 2961 4637 quoniam
2993 4587 3093 4624 non
3119 4571 3392 4624 exaudiant
3411 4583 3468 4631 {te
3493 4568 3616 4640 (λεν.
3639 4567 3680 4618 7.

2123 4659 2254 4729 l6)?
2299 4660 2365 4714 Et
2411 4661 2534 4729 quid
2580 4660 2792 4715 miraris
2835 4661 2881 4715 si
2924 4659 3187 4716 Jeretnias
3234 4678 3342 4716 non
3394 4656 3686 4717 exauditur?

2121 4749 2338 4805 Etiamsi
2371 4748 2506 4816 Noe,
2535 4752 2724 4820 inquit,
2753 4753 2947 4807 etiamsi
2974 4751 3094 4817 Job,
3122 4753 3318 4806 etiamsi
3348 4751 3530 4805 Daniel
3554 4760 3686 4803 stete-

2120 4844 2246 4903 rint,
2271 4842 2405 4910 ﬁlios
2448 4851 2494 4896 et
2521 4843 2658 4911 ﬁlias
2683 4859 2800 4896 suas
2842 4859 2942 4896 non
2984 4843 3201 4910 eripient
3232 4841 3447 4911 (Ezech.
3493 4842 3570 4895 ll.
3612 4839 3684 4890 ll.

2117 4935 2237 5005 16).
2271 4934 2394 4988 llaec
2421 4950 2548 5004 ergo
2576 4950 2697 4988 cum
2726 4936 2978 4998 sciamus,
3008 4950 3112 4989 non
3140 4935 3312 4990 solum
3353 4947 3577 4994 oremus,
3606 4925 3688 4980 scil

2123 5033 2245 5071 cum
2279 5019 2522 5087 precibus
2550 5034 2761 5088 quoque
2788 5034 2886 5074 nos
2917 5021 2986 5073 ita
3017 5035 3412 5088 comparemus,
3453 5026 3509 5070 ut
3543 5016 3686 5068 simus

2125 5110 2268 5180 digni
2296 5111 2385 5180 qui
2414 5111 2762 5181 accipiamus,
2795 5122 2854 5165 ut
2879 5121 2934 5166 et
2963 5114 3245 5182 praesentia
3287 5120 3343 5166 et
3372 5111 3539 5164 futura
3567 5108 3686 5159 bona

2125 5217 2516 5272 consequamur
2564 5221 2576 5258 :
2623 5218 2744 5270 quas
2787 5203 2942 5258 detur
2967 5204 3121 5258 nobis
3162 5205 3410 5258 omnibus
3436 5194 3687 5266 consequi.

2124 5295 2293 5365 gratia
2323 5302 2377 5348 et
2420 5295 2703 5350 clementia
2747 5295 2957 5349 Domini
2986 5296 3152 5350 nostri
3195 5295 3320 5350 Jesu
3368 5291 3576 5351 Christi,
3619 5282 3692 5336 cui

2126 5388 2293 5457 gloria
2318 5395 2372 5441 et
2397 5387 2702 5458 imperium,
2735 5387 2790 5442 in
2817 5388 3013 5443 saecula
3043 5390 3381 5444 saeculorum.
3411 5389 3592 5442 Amen.

2193 5691 2266 5748 (a)
2301 5699 2411 5741 tunc
2450 5692 2799 5756 interpretatio»
2836 5699 2913 5741 est
2960 5689 3170 5756 Aquihe;
3211 5697 3401 5754 quidam
3441 5676 3685 5747 Symmacho

2134 5753 2263 5803 illam
2289 5755 2526 5812 tribuunt,
2551 5753 2638 5802 sed
2663 5754 2849 5815 Aquila:
2870 5759 2963 5803 est.
