3928 6426
334 425 440 482 εδδ

327 538 500 593 αὐτοῦ
521 538 579 592 τὸ
601 538 909 608 πρόσωπον,
933 538 1019 593 ἵνα
1039 536 1116 608 μὴ
1136 538 1532 610 καταπέσωμεν
1551 538 1628 601 εἰς
1648 535 1714 589 τά
1736 534 1907 606 βάρα-

329 626 438 697 θρα
457 627 554 697 τῆς
574 624 793 689 κακίας,
815 623 1008 679 πολλοῦ
1028 624 1121 680 τοῦ
1152 625 1376 689 σκότους
1412 622 1914 694 κατέχοντος.Ἐστι

326 715 421 768 καὶ
448 713 710 777 πεσόντας
730 713 991 768 ἀνελθεῖν.
1025 715 1116 766 Δεῖ
1133 713 1310 767 τοίνυν
1330 713 1455 774 τοὺς
1473 712 1914 774 καταπίπτοντας

332 802 411 871 μὴ
435 802 614 870 μένειν
635 800 786 853 κάτω
807 801 1109 871 κειμένους.

403 889 620 951 Λάκκος
651 889 708 942 δέ
744 889 858 942 ἐστι
894 889 1105 960 χαλεπὰ
1124 888 1287 960 θηρία
1306 889 1445 960 ἔχων
1465 888 1558 943 καὶ
1580 886 1803 949 σκότους
1821 885 1914 952 γέ-

328 994 469 1045 μων,
491 976 591 1046 τῆς
631 976 902 1047 ἁμαρτίας
943 978 975 1047 ἡ
1017 976 1200 1045 φύσις.
1223 979 1431 1031 Οὐκοῦν
1460 975 1785 1046 χαλάσωμεν
1805 973 1912 1027 τῶν

325 1067 369 1116 Γ
377 1064 561 1136 ραφῶν
582 1064 651 1118 τὰ
670 1065 899 1135 σχοινία,
922 1065 1015 1118 καὶ
1032 1066 1132 1135 τὴν
1151 1065 1470 1136 προαίρεσιν
1491 1062 1762 1134 ἐπιδῶμεν
1780 1078 1794 1092 ⁸
1817 1061 1913 1114 καὶ

321 1153 538 1222 ταχέως
570 1154 1005 1224 άναστησόμεθα,
1033 1153 1135 1207 κᾶν
1156 1155 1574 1224 καταπέσωμεν.
1615 1153 1740 1215 Πῶς
1778 1151 1821 1204 δ’
1844 1151 1912 1204 ἂν

321 1239 538 1307 γένοιτο
559 1240 697 1311 ἀρχὴ
728 1240 882 1306 όδοῦ;
910 1242 1007 1293 Ἂν
1039 1242 1442 1304 καταπεσόντες
1467 1240 1539 1313 μὴ
1569 1240 1914 1311 καταφρονή-

325 1347 532 1399 σωμεν,
577 1331 707 1401 μηδὲ
739 1331 1080 1400 ἀπογνῶμεν.
1125 1332 1239 1385 ἀλλ’
1278 1332 1567 1403 ἐπᾴδωμεν
1606 1332 1820 1393 ἑαυτοῖς
1841 1330 1910 1383 τὰ

323 1417 641 1487 προφητικὰ
688 1419 889 1472 ταῦτα’
928 1418 1025 1485 Μὴ
1061 1422 1094 1472 ὀ
1122 1420 1356 1473 πίπτων
1396 1422 1506 1473 οὐκ
1555 1418 1913 1481 ἀνίσταται;

323 1506 439 1557 Καὶ
461 1505 621 1558 πάλιν
642 1524 653 1536 ’
687 1506 958 1575 Σήμερον
974 1506 1085 1561 ἐὰν
1121 1506 1232 1575 τῆς
1270 1506 1477 1576 φωνῆς
1500 1505 1685 1559 αὑτοῦ
1728 1504 1909 1559 ἀκού-

319 1607 498 1657 σητε,
525 1590 609 1662 μὴ
635 1596 1019 1662 σκληρύνητε
1051 1594 1158 1662 τὰς
1181 1594 1429 1663 καρδίας
1456 1590 1623 1662 ὑμῶν
1643 1593 1721 1656 ὠς
1743 1593 1813 1645 ἐν
1831 1591 1911 1657 τῷ

317 1679 798 1749 παραπικρασμῷ
815 1699 827 1710 ·
860 1681 955 1734 καὶ
980 1681 1190 1745 τούτοις
1207 1685 1318 1745 τοῖς
1340 1681 1619 1752 λογισμοῖς
1649 1680 1910 1751 δήσαντες

317 1768 553 1828 ἑαυτοὺς
597 1767 1339 1838 ἀνελκύσωμεν.Ἇκουστὸ-ν
1392 1768 1653 1835 ποίησόν
1693 1785 1796 1837 μοι
1844 1765 1910 1818 τὸ

316 1853 478 1919 πρωῒ
524 1851 591 1906 τὸ
635 1852 808 1919 ἔλεός
847 1869 985 1918 σου,
1022 1854 1111 1908 ὅτι
1139 1853 1237 1907 ἐπὶ
1267 1853 1367 1907 σοὶ
1396 1852 1907 1923 ἤλπισα.Ἔτερος,

330 1940 661 1994 Ἀκουστόν
695 1940 958 2009 ποίησόν
988 1958 1093 2010 μοι
1127 1941 1197 2006 ἐξ
1228 1940 1441 2009 ὄρθρου
1466 1940 1532 1994 τό
1561 1939 1736 2006 ἔλεός
1768 1954 1906 2005 σου,

322 2026 599 2090 τουτέστι,
629 2027 856 2097 ταχέως.

398 2122 471 2180 ς’.
496 2104 646 2178 Εἶδες
675 2114 999 2186 θλιϐομένην
1021 2115 1198 2187 ψυχὴν
1219 2117 1312 2171 καὶ
1330 2115 1732 2188 θορυϐουμένην
1753 2132 1767 2180 ;
1798 2113 1911 2187 Πρὸ

317 2207 470 2277 γὰρι
496 2206 594 2275 τῆς
620 2206 812 2277 πείρας
832 2206 1061 2261 ἀκοῦσαι
1088 2206 1356 2276 βούλεται,
1390 2206 1529 2259 ὥστε
1551 2209 1672 2271 ταῖς
1696 2205 1909 2259 ἐλπίσιν

314 2292 630 2362 ὀρθωθῆναι
650 2293 745 2347 καὶ
767 2296 834 2363 τῇ
860 2293 1173 2364 προσδοκίᾳ.
1189 2296 1253 2348 Ὃ
1272 2294 1329 2347 δὲ
1347 2294 1518 2362 λέγει,
1550 2293 1707 2347 τοῦτό
1734 2295 1906 2347 ἐστιν*

330 2381 664 2451 ’Δνάστησόν
688 2398 753 2450 με
786 2380 896 2435 άπὸ
913 2382 1014 2451 τῆς
1034 2381 1390 2449 ἐπαγγελίας.
1430 2378 1564 2435 Εἶτα
1590 2382 1685 2436 καὶ
1709 2380 1808 2451 τὴν
1831 2381 1910 2434 διο

316 2467 640 2535 καιολογίαν
677 2468 772 2522 τοῦ
809 2472 991 2540 τυχεῖν
1034 2469 1378 2540 προστίθησι,
1426 2469 1628 2537 λέγων·
1656 2468 1780 2522 Ὅτι
1810 2468 1909 2523 ἐπὶ

312 2554 425 2609 σοὶ
451 2556 705 2623 ἤλπισα.
732 2556 896 2611 Οὐδὲν
916 2555 1025 2627 γὰρ
1042 2559 1072 2610 ό
1093 2556 1225 2619 Θεὸς
1245 2555 1418 2620 οὕτως
1447 2556 1718 2626 ἐπιζητεῖ,
1746 2555 1822 2619 ὼς
1850 2556 1912 2610 τὸ

312 2642 584 2711 διηνεκῶς
609 2643 745 2714 πρὸς
767 2644 929 2696 αὐτὸν
949 2643 1264 2714 κεχηνέναι.
1281 2643 1597 2711 Γνώρισόν
1611 2662 1735 2712 μοι,
1760 2642 1908 2715 [457]

314 2731 517 2799 Κύριε,
545 2729 709 2795 ὀδόν,
747 2730 817 2783 ἐν
851 2725 892 2802 ᾖ
928 2732 1299 2800 πορεύσομαι
1322 2747 1337 2761 ·
1384 2731 1475 2785 ὅτι
1516 2731 1667 2800 πρὸς
1695 2732 1771 2785 σὲ
1796 2728 1912 2801 ἦρα

312 2818 436 2883 τὴν
462 2818 678 2886 ψυχήν
704 2835 844 2887 μου.
879 2818 942 2870 Τί
975 2818 1181 2887 λέγεις;
1205 2818 1421 2889 καὶτῆς
1446 2819 1655 2885 φύσεως
1684 2818 1912 2891 ἐχούσης

310 2905 411 2957 τὸν
453 2906 615 2974 νόμον
639 2904 730 2959 τὸν
752 2905 809 2970 ἐξ
834 2906 1007 2977 ἀρχῆς
1043 2905 1147 2958 ὑπὸ
1183 2906 1278 2960 τοῦ
1321 2906 1457 2959 Θεοῦ
1488 2907 1793 2973 ἐντεθέντα,
1816 2910 1910 2961 καὶ

312 2991 429 3047 τῶν
459 2993 800 3063 γραμμάτων
833 2994 994 3048 αὑτὸν
1027 2993 1393 3048 άνανεούντων
1431 2995 1541 3046 τῶν
1576 2992 1906 3061 Μωσαῖκῶν,

314 3081 440 3143 πῶς
487 3081 656 3147 ἀξιοῖς
694 3081 869 3150 λέγων
918 3081 1113 3147 πάλιν,
1172 3081 1487 3150 Γνώρισόν
1528 3099 1655 3149 μοι,
1712 3082 1909 3150 Κύριε,

314 3169 486 3233 ὁδὸν,
517 3170 588 3221 ἐν
622 3168 660 3236 ᾖ
687 3170 1088 3239 πορεύσομαι;
1111 3169 1184 3222 ’Ἠ
1203 3165 1298 3222 οὖν
1330 3168 1487 3221 τοῦτό
1521 3169 1669 3222 ἐστιν
1704 3170 1907 3223 εἰπεῖν·

330 3257 487 3309 Ἐπεὶ
506 3257 609 3310 ὑπὸ
625 3258 725 3327 τῆς
740 3257 936 3321 κακίας
957 3256 1275 3328 κατεχώσθη
1301 3274 1401 3329 μου
1417 3256 1477 3310 τὸ
1500 3255 1753 3325 συνειδὸς,
1776 3257 1912 3323 ἀξιῶ

320 3346 456 3397 αὐτὸ
504 3344 987 3415 ἀνανεωθῆναι.Ἢ
1027 3345 1145 3399 ὁδὸν
1192 3344 1426 3399 ἐνταῦθα
1475 3345 1543 3398 τὰ
1587 3345 1757 3400 πολλά
1800 3344 1911 3400 τῶν

316 3432 703 3504 ἀγνοουμένων
729 3431 1035 3504 ἀνθρώποις
1057 3432 1227 3502 λέγει,
1250 3433 1437 3505 ὥσπερ
1460 3434 1554 3489 καί
1573 3433 1786 3498 Παῦλος
1806 3433 1913 3487 δεί⁴

317 3535 501 3581 κνυσι,
525 3517 699 3586 λέγων
717 3534 731 3548 ⁸
770 3519 839 3573 Τὸ
866 3519 978 3591 γὰρ
1004 3520 1063 3574 τί
1090 3520 1557 3590 προσευξώμεθα
1592 3520 1770 3577 καθ’ὃ
1800 3520 1909 3586 δεῖ,

316 3610 438 3661 οὐκ
480 3605 746 3675 οἴδαμεν.
792 3607 857 3659 El
888 3606 943 3659 δὲ
985 3607 1197 3671 Παῦλος
1231 3608 1416 3676 ἀγνοεῖ
1460 3608 1596 3678 μετά
1642 3608 1913 3681 τοσαύτην

319 3693 549 3763 γνῶσιν,
573 3694 627 3746 τί
660 3692 960 3764 θαυμάζεις
982 3696 1030 3747 εί
1055 3689 1208 3758 οὗτος
1224 3694 1253 3734 δ
1281 3693 1456 3749 ταῦτα
1477 3695 1655 3765 λέγει;
1692 3696 1831 3766 Ὅρα
1855 3697 1913 3750 δὲ

320 3784 488 3838 αὐτὸν
510 3783 662 3836 οὐδὲν
683 3784 939 3849 αἰσθητὸν
959 3783 1192 3838 ἐνταῦθα
1215 3785 1504 3855 ζητοῦντα,
1522 3784 1659 3840 ἀλλὰ
1677 3786 1775 3858 τὴν
1796 3786 1913 3840 ὁδὸν

319 3874 425 3944 τὴν
445 3872 585 3942 πρὸς
619 3871 752 3925 Θεὸν
783 3871 1076 3942 φέρουσαν,
1112 3874 1208 3929 καὶ
1232 3873 1444 3942 οἴκοθεν
1474 3874 1787 3945 παρέχοντα
1813 3874 1915 3938 τὰς

320 3959 521 4030 ἀρχάς.
559 3961 634 4012 Οὐ
663 3959 773 4030 γὰρ
802 3960 988 4023 ἁπλῶς
1029 3957 1149 4013 εἷπε
1169 3977 1183 3989 ⁸
1219 3960 1530 4029 Γνώρισόν
1553 3980 1678 4031 μοι,
1713 3961 1909 4030 Κύριε,

323 4048 443 4115 τὴν
470 4046 615 4100 ὁδὸν
648 4047 765 4115 τὴν
795 4046 941 4116 πρὸς
976 4048 1053 4102 σὲ
1083 4047 1415 4117 φέρουσαν,
1438 4048 1578 4103 ἀλλὰ
1604 4049 1688 4114 τίς
1727 4050 1913 4109 Ἐπει-

322 4136 404 4201 δὴ
439 4136 590 4202 πρὸς
615 4135 691 4187 σὲ
718 4130 830 4204 ἦρα
858 4134 974 4202 τὴν
1009 4135 1222 4205 ψυχήν
1277 4152 1425 4205 μουο
1470 4138 1737 4203 τουτέστι,
1771 4138 1916 4210 Πρὸς

326 4226 388 4276 σὲ
431 4224 652 4293 κέχηνα,
695 4223 832 4294 πρὸς
871 4223 932 4276 σὲ
983 4223 1184 4293 βλέπω.
1222 4223 1445 4288 Τούτοις
1479 4224 1588 4297 γὰρ
1616 4226 1857 4296 μάλιστα
1888 4228 1916 4280 ὁ

323 4313 462 4375 Θεὸς
489 4312 761 4384 γνωρίζει.
785 4313 876 4366 Διὸ
902 4314 1034 4385 περὶ
1048 4314 1317 4369 Ἰουδαίων
1336 4315 1542 4385 ἔλεγεν,
1564 4316 1917 4388 ἐρωτώμενος

323 4403 418 4457 διὰ
460 4402 513 4455 τί
552 4403 608 4455 ἐν
641 4402 972 4475 παραϐολαῖς
999 4403 1151 4456 λαλεῖ
1183 4403 1366 4468 αὐτοῖς
1383 4423 1397 4437 ο
1441 4405 1562 4458 Ὅτι
1580 4404 1919 4470 βλέποντες

325 4494 402 4545 οὐ
431 4489 756 4553 βλέπουσι,
793 4490 893 4543 καί
916 4491 1240 4557 ἀκούοντες
1257 4494 1370 4546 οὐκ
1392 4493 1704 4547 ἀκούουσι.
1736 4492 1811 4547 Τὸ
1835 4493 1916 4560 δὲ,

325 4574 505 4645 Ἦρα,
540 4580 886 4648 Μετέστησα,
922 4578 996 4650 ἢ(
1025 4579 1305 4650 μετέθηκα
1329 4579 1467 4650 πρὸς
1494 4581 1555 4632 σέ
1578 4578 1720 4653 [τὴν]
1741 4581 1919 4653 ψυχήν

331 4665 438 4739 μού
474 4669 641 4723 ἐστιν.
671 4666 918 4731 Ἐξελοῦ
950 4684 1026 4736 με
1064 4666 1133 4721 ἐκ
1155 4666 1276 4721 τῶν
1292 4667 1521 4737 ἐχθρῶν
1540 4685 1682 4735 μου,
1718 4670 1918 4736 Κύριε,

326 4754 483 4823 πρὸς
515 4757 590 4808 σὲ
623 4755 979 4824 κατέφυγον.
998 4755 1139 4827 Ὅρα
1180 4754 1454 4825 πανταχοῦ
1483 4753 1581 4816 τὰς
1612 4753 1791 4815 αἰτίας
1827 4755 1921 4808 καὶ

326 4841 486 4911 παρὰ
512 4842 605 4895 τοῦ
625 4841 877 4912 δεομένου
896 4841 1364 4914 προσφερομένας.
1388 4839 1484 4911 Μὴ
1504 4841 1917 4911 ἀποστρέψῃς,

330 4930 500 5002 φησι,
534 4929 599 4984 τό
627 4930 951 4998 πρόσωπόν
982 4944 1098 4983 σου
1130 4929 1232 4984 ἀπ’
1253 4928 1422 5000 ἐμοῦ,
1449 4928 1539 4982 ὅτι
1559 4926 1793 4997 ἤλπισα
1821 4929 1921 4984 ἐπὶ

327 5019 432 5075 σέ.
464 5018 776 5087 Γνώρισόν
806 5036 908 5089 μοι
933 5018 1101 5083 ὁδὸν,
1124 5017 1217 5072 ὅτι
1241 5016 1393 5085 πρὸς
1419 5017 1497 5072 σὲ
1524 5012 1640 5089 ἦρα
1667 5016 1783 5086 τὴν
1809 5021 1922 5087 ψυο

328 5108 460 5179 χήν
479 5125 619 5177 μου.
641 5107 889 5173 Ἐξελοῦ
907 5124 985 5176 με
1010 5105 1080 5160 ἐκ
1102 5108 1225 5161 τών
1243 5104 1474 5173 ἐχθρῶν
1497 5123 1637 5175 μου,
1658 5105 1744 5160 ὅτι
1770 5106 1920 5176 πρὸς

324 5198 411 5255 σὲ
440 5196 798 5266 κατέφυγον.
836 5193 1094 5259 Δίδαξόν
1122 5211 1202 5264 με
1236 5192 1344 5248 τοῦ
1371 5192 1565 5247 ποιεῖν
1593 5195 1657 5249 τὸ
1691 5193 1945 5266 θέλημά

325 5302 473 5348 σου,
505 5284 594 5338 ὅτι
617 5283 699 5338 σὺ
720 5278 778 5337 εἷ
800 5285 833 5337 ό
862 5284 1008 5347 Θεός
1027 5299 1168 5352 μου.
1202 5282 1316 5336 Οὐκ
1338 5278 1480 5346 εἷπε,
1508 5280 1725 5348 Δίδαξόν
1762 5300 1830 5353 με
1859 5284 1920 5337 τὸ

323 5372 546 5444 θέλημά
587 5390 702 5439 σου,
744 5370 952 5438 ἁπλῶς,
995 5369 1153 5437 ἀλλὰ,
1199 5369 1312 5425 Τοῦ
1362 5369 1556 5425 ποιεῖν
1597 5370 1662 5424 τὸ
1691 5370 1918 5441 θέλημά

398 5543 599 5626 ἷὲεξῖῐῑι
624 5546 854 5626 ειη-γάρ·

398 5609 427 5647 b
455 5607 585 5675 εδδ-ξι
634 5610 674 5658 εἰ
716 5607 869 5675 οὗτος,
894 5609 1085 5675 omissis
1105 5611 1335 5675 caeteris;
1368 5616 1517 5674 atque
1544 5609 1614 5662 ita
1638 5612 1764 5675 legit
1786 5611 1917 5662 Gen-

327 5670 500 5734 tianugg
523 5669 1008 5734 Hervelus.Utlfaque
1029 5671 1180 5721 lectio
1201 5673 1422 5734 quadrat.

403 5733 428 5761 ο
461 5730 743 5789 Μετέστησα
774 5734 804 5789 ἧ
849 5730 1163 5782 desideratur
1200 5730 1253 5783 ἰὴ
1283 5735 1404 5784 edit.
1438 5735 1609 5784 Morel.
1646 5735 1745 5786 Sed
1771 5736 1920 5785 habe-

327 5799 427 5903 1.ιὲιὲ
442 5793 644 5917 ’ἓςέἑίε
681 5795 1063 5855 exemplaribus.
1108 5796 1262 5847 Paulo
1306 5802 1417 5860 post
1454 5796 1607 5847 Savil.
1631 5798 1711 5847 ὅτε
1727 5799 1843 5861 πρὸς
1866 5801 1920 5847 σὲ

331 5875 365 5905 κ
432 5871 454 5902 ε
601 5891 613 5903 .

331 5871 427 5905 κατ
432 5871 544 5905 εφνγ
546 5871 613 5903 ον.

1376 418 1739 477 EXPOSITIO
1778 417 1842 473 IN
1884 414 2212 474 PSALMUM
2253 422 2452 479 CXL".

3490 428 3595 481 456

2019 549 2169 588 o'ov'
2198 537 2496 601 τουτέστιν,
2525 540 2618 604 Εἰς
2657 541 2726 596 τὰ
2772 541 2911 614 ἔργα
2956 544 3094 599 αὗτά
3134 542 3453 614 ἐμϐίϐασον.
3482 541 3594 611 Τῆς

2014 618 2122 690 γὰρ
2155 622 2363 676 ἄνωθεν
2402 626 2575 695 ῥοπῆς
2598 629 2778 698 χρεία,
2800 630 2896 684 καὶ
2921 630 3129 684 ἐκεῖθεν
3145 630 3172 672 ἀ
3205 631 3304 700 τῆς
3332 628 3591 700 διδασκα-

2013 707 2152 774 λίας,
2174 708 2314 761 ὥστε
2335 691 2566 780 βαδίζει-ν
2590 691 2687 785 τῆν
2709 691 2803 767 ei».
2820 715 2918 786 τὴν
2940 716 3140 787 ἀρετὴν
3161 691 3430 789 φέρᾈυέςαν
3451 714 3588 768 ὁδόν*

2014 794 2113 864 οὐχ
2141 795 2299 866 ἡμῶν
2328 796 2660 867 ἀργούντων,
2682 801 2816 855 ἀλλά
2833 804 2927 857 καὶ
2959 803 3114 876 ἡμῶν
3141 807 3211 859 τέι
3235 807 3364 877 παρ’
3383 802 3592 859 ἑαυτῶν

2012 885 2518 956 εἰσφερόντων.⁶’οτι
2549 887 2630 942 σὺ
2664 885 2723 943 εἴ
2745 893 2777 944 ὀ
2800 892 2943 958 Θεός
2973 911 3111 963 μου.
3129 895 3292 965 Ὁρᾷς
3320 892 3419 959 τὰς
3437 891 3592 962 αἰτή-

2016 989 2129 1036 σεις
2177 972 2343 1026 αὐτοῦ
2388 977 2806 1046 πνευματικάς;
2850 979 2925 1031 Οὐ
2963 980 3071 1051 γὰρ
3121 981 3248 1054 περὶ
3291 978 3591 1052 χρημάτων

2012 1060 2107 1114 καὶ
2130 1061 2468 1127 δυναστείας,
2512 1064 2607 1117 καὶ
2649 1064 2826 1136 δόξης,
2853 1065 2968 1119 ἀλλ’
2998 1068 3137 1139 ὑπὲρ
3170 1068 3262 1124 τοῦ
3293 1068 3354 1121 τὸ
3378 1066 3592 1137 θέλημα

2012 1146 2104 1203 τοῦ
2132 1149 2267 1202 Θεοῦ
2301 1153 2492 1216 ποιεῖν,
2517 1153 2783 1223 προσάγει
2805 1153 2903 1225 τὴν
2920 1154 3133 1226 αῖτησιν
3152 1172 3166 1185 ⁸
3194 1156 3330 1226 ὅπερ
3353 1154 3470 1207 ἐστὶ
3494 1152 3592 1224 θη-

2014 1237 2210 1308 σαυρὸς
2230 1237 2335 1290 τῶν
2358 1238 2576 1307 ἀγαθῶν
2597 1241 2871 1307 ἁπάντων,
2903 1241 2998 1297 καὶ
3030 1240 3254 1306 πλοῦτος
3276 1240 3589 1311 ἀνελλιπὴς,

2011 1325 2102 1377 καὶ
2124 1324 2423 1396 εὐημερίας
2450 1326 2612 1398 ἀρχὴ,
2643 1329 2737 1381 καὶ
2758 1328 2904 1399 ῥίζα,
2940 1328 3033 1382 καὶ
3061 1329 3202 1400 μέσα
3221 1340 3266 1393 θ,
3289 1328 3384 1382 καὶ
3416 1328 3590 1392 τέλος.

2018 1411 2086 1464 Τύ
2118 1411 2360 1482 Πνεῦμά
2390 1429 2505 1467 σου
2534 1414 2599 1468 τὸ
2624 1415 2850 1483 ἀγαθὸν
2881 1415 3171 1486 ὁδηγήσει
3192 1432 3269 1484 με
3297 1415 3367 1469 ἐν
3392 1414 3470 1484 γῆ
3494 1417 3591 1469 εὑ-

2012 1501 2160 1567 θείᾳ.
2180 1502 2340 1573 Ὁρᾷς
2361 1501 2476 1567 πῶς
2500 1503 2863 1574 μανθάνομεν,
2887 1504 3002 1568 πῶς
3026 1502 3390 1574 διδασκόμεθα
3409 1501 3592 1556 ἀνύειν

2010 1587 2108 1660 τὴν
2135 1590 2252 1643 ὁδὸν
2272 1589 2360 1643 διὰ
2379 1591 2472 1644 τοῦ
2498 1591 2811 1663 Πνεύματος
2837 1591 2929 1647 τοῦ
2958 1592 3144 1660 ἁγίου;
3169 1591 3257 1645 Διὸ
3284 1592 3380 1645 καὶ
3401 1593 3429 1650 ό
3446 1588 3593 1644 Παῦ-

2010 1677 2101 1740 λος
2135 1677 2347 1746 ἕλεγεν·
2389 1678 2551 1746 Ἡμῖν
2578 1678 2647 1733 δὲ
2689 1683 2721 1733 ό
2772 1679 2917 1746 Θεὸς
2960 1679 3321 1748 ἀπεκάλυψε
3360 1678 3459 1732 διὰ
3485 1677 3593 1732 τοῦ

2010 1765 2357 1834 Πνεύματος
2403 1766 2610 1821 αὐτοῦ.
2647 1766 2749 1821 Ἐν
2790 1766 2869 1837 γῇ
2910 1767 3127 1834 εὐθείᾳ.
3169 1765 3328 1820 Κατά
3368 1766 3464 1836 μὲν
3492 1763 3601 1835 τὴν

2013 1852 2191 1923 ῥῆσιν,
2222 1851 2322 1924 τὴν
2354 1853 2589 1924 πατρίδα
2607 1853 2774 1909 αὐτοῦ
2809 1872 2940 1925 φησι
2961 1871 2977 1889 ·
3006 1854 3150 1909 κατά
3190 1854 3248 1908 δέ
3277 1853 3597 1924 ἀναγωγὴν..

2008 1938 2107 2009 τὴν
2140 1940 2233 1992 ἐπὶ
2267 1938 2364 2010 τὴν
2396 1940 2599 2012 ἀρετὴν
2626 1941 2896 2013 φέρουσαν
2934 1941 3277 2004 όδόν.¹Ἀλλος
3313 1943 3372 1995 δέ
3415 1958 3550 2012 φησι
3573 1957 3586 1970 ο

2008 2026 2112 2081 Διὰ
2142 2025 2256 2095 γῆς
2277 2025 2528 2096 ὁμαλῆς.
2564 2029 2732 2082 Οὐδὲν
2753 2028 2861 2100 γὰρ
2879 2028 3146 2100 λειότερον
3176 2028 3396 2100 ἀρετῆς,
3426 2027 3592 2100 θορύο

2010 2115 2121 2168 ϐων
2145 2114 2571 2187 ἀπηλλαγμένης
2602 2116 2695 2169 καὶ
2724 2116 2991 2187 ταραχῆς.
3019 2116 3273 2170 Ἕνεκεν
3308 2115 3416 2168 τοῦ
3460 2115 3595 2169 ὀνό-

2003 2203 2194 2272 ματός
2244 2217 2395 2269 σου,
2445 2204 2650 2272 Κύριε,
2702 2201 2901 2273 ζήσεις
2941 2220 3037 2273 με.
3090 2203 3253 2275 Ὁρᾷς
3294 2203 3455 2257 πάλιν
3499 2200 3600 2258 ἐπὶ

2009 2294 2101 2347 τὸν
2153 2292 2285 2346 Θεὸν
2334 2291 2355 2331 ί
2399 2291 2839 2363 καταφεύγοντα,
2881 2292 2942 2346 οὒ
2985 2291 3265 2366 παρρησίᾳ
3301 2292 3417 2364 βίου
3463 2291 3597 2362 θαρι-

2012 2378 2207 2451 ροῦντα
2227 2395 2243 2445 ;

2084 2466 2234 2540 [458]
2267 2468 2370 2521 Ἐν
2413 2466 2488 2536 τῇ
2532 2466 2888 2539 δικαιοσύνῃ
2942 2484 3059 2523 σου
3097 2466 3333 2534 ἐξάξεις
3365 2466 3432 2521 ἐκ
3466 2466 3596 2522 θλι-

2009 2559 2171 2624 ψεως
2208 2555 2322 2625 τὴν
2358 2555 2570 2627 ψυχήν
2588 2556 2932 2627 μου.⁹Αλλος
2952 2557 3116 2629 φησίν
3135 2573 3149 2588 ·
3194 2557 3290 2610 Ἐν
3315 2553 3390 2624 τῇ
3420 2554 3594 2620 ἐλεη-

2006 2646 2247 2715 μοσύνῃ
2264 2647 2433 2699 σουε.
2453 2644 2614 2717 Ὁρᾷς
2633 2644 2751 2708 πῶς
2762 2645 2978 2716 ἀληθὲς,
2999 2646 3136 2717 ὅπερ
3152 2643 3458 2716 ἔμπροσθεν
3482 2642 3595 2696 ἐλε-

2011 2750 2127 2802 γον,
2144 2733 2225 2786 ὄτι
2241 2730 2509 2802 πολλαχοῦ
2525 2732 2623 2803 τὴν
2637 2732 2983 2805 δικαιοσύνην
2999 2732 3161 2786 αὐτοῦ
3186 2731 3605 2802 φιλανθρωπίαν

2013 2820 2198 2886 καλεῖς
2237 2819 2497 2885 Ἐ’ξάξεις
2527 2821 2597 2874 ἐκ
2623 2820 2886 2888 θλίψεως
2918 2821 3033 2888 τὴν
3056 2819 3269 2889 ψυχήν
3295 2836 3437 2889 μου.
3474 2817 3593 2889 Εὕ-

2011 2912 2195 2978 χεσθε
2235 2907 2366 2979 γὰρ,
2413 2909 2566 2980 φησὶ,
2614 2908 2701 2977 μὴ
2753 2908 3054 2964 εἰσελθεῖν
3100 2911 3187 2976 εις
3240 2908 3591 2977 πειρασμόν.

2011 2996 2122 3050 Καὶ
2147 2995 2218 3048 ἐν
2247 2994 2325 3060 τῷ
2347 2995 2504 3049 ἐλέει
2529 3009 2646 3048 σου
2676 2996 3131 3063 ἑξολοθρεύσεις
3170 2995 3314 3062 τοὺς
3343 2993 3595 3061 ἐχθρούς

2005 3099 2149 3151 μου.
2187 3082 2299 3135 Οὐκ
2318 3080 2525 3152 ἐπειδὴ.
2543 3083 2726 3151 φησὶν,
2752 3081 2863 3151 ἐγὼ
2888 3082 3059 3148 ἄξιος,
3088 3082 3226 3137 ἀλλὰ
3245 3080 3336 3136 διὰ
3368 3080 3462 3153 τὴν
3495 3081 3595 3151 σὴν

2012 3169 2422 3241 φιλανθρωπίαν
2465 3170 2771 3237 ἀπάλλαξόν
2819 3188 2885 3242 με
2934 3169 3044 3223 τῶν
3085 3169 3463 3241 πολεμούντων
3505 3186 3593 3238 με,

2010 3256 2374 3328 ὲλευθέρωσον
2429 3255 2536 3311 τῶν
2586 3256 3079 3322 ἐπιϐουλευόντων,
3123 3258 3210 3321 δὸς
3262 3256 3596 3312 ἀναπνεῦσαι

2016 3345 2211 3417 μικρὸν
2236 3345 2344 3398 ἀπὸ
2363 3344 2461 3415 τῆς
2484 3343 2734 3414 θλίψεως.
2770 3345 2880 3399 Καὶ
2908 3345 3158 3412 ἀπολεῖς
3185 3345 3416 3411 πάντας
3454 3344 3597 3409 τοὺς

2013 3434 2330 3499 θλίϐοντιις
2368 3431 2485 3499 τὴν
2515 3432 2729 3502 ψυχήν
2753 3451 2871 3503 μου
2897 3475 2912 3497 ,
2950 3433 3041 3487 ὅτι
3070 3432 3186 3502 ἐγὼ
3226 3433 3447 3500 δοῦλός
3480 3448 3598 3486 σου

2010 3520 2302 3593 εὶμί.”ορα
2335 3520 2498 3575 πάλιν
2530 3521 2630 3593 τὴν
2661 3521 2842 3575 αἰτίαν
2875 3523 3155 3594 κειμένην.
3187 3523 3263 3576 Οὐ
3303 3522 3413 3592 γὰρ
3451 3520 3598 3573 ἐστιν

2012 3609 2203 3673 ἁπλῶς
2241 3609 2622 3680 ἐπιτυγχάνειν
2647 3608 2757 3662 τῶν
2794 3611 3088 3681 αἰτήσεων,
3138 3608 3276 3663 ἀλλά
3321 3607 3596 3679 πανταχοῦ
3694 3672 3706 3682 ι
3736 3602 3745 3611 ’

2014 3698 2451 3769 παρασκευάζειν
2506 3698 2731 3760 ἑαυτοὺς
2780 3697 2965 3760 ἀξίους
3003 3697 3108 3767 χρὴ
3152 3695 3248 3750 τοῦ
3300 3696 3598 3766 λαμϐάνειν

2013 3785 2159 3858 ἅπερ
2204 3784 2485 3856 αἰτοῦμεν,
2526 3785 2620 3838 καὶ
2674 3783 2744 3837 τὰ
2784 3787 2915 3856 παρ’
2942 3784 3149 3838 ἐαυτῶν
3201 3785 3594 3855 συνεισφέρειν,

2015 3875 2111 3927 καὶ¹
2139 3872 2281 3926 οὕτω
2307 3873 2608 3943 προσιέναι.
2639 3872 2714 3924 Οὐ
2740 3870 2850 3943 γὰρ
2876 3873 3037 3941 ἀρκεῖ
3061 3872 3220 3944 μόνον
3244 3873 3342 3943 τῆς
3363 3874 3528 3943 εὐχῆς
3560 3875 3596 3942 ἡ

2016 3962 2179 4032 φύσις
2202 3976 2216 3991 ⁸
2250 3961 2375 4013 ἐπεὶ
2400 3960 2495 4014 καὶ
2523 3961 2765 4015 Ἰουδαῖοι
2799 3959 3049 4032 ηὔχοντο,
3081 3961 3176 4014 καὶ
3204 3962 3401 4032 ἤκουον
3424 3977 3438 3991 ο
3470 3960 3599 4015 Κᾶν

2016 4050 2360 4117 πληθύνητε
2393 4044 2507 4117 τὴν
2533 4047 2769 4116 δέησιν,
2804 4052 2915 4104 οὐκ
2949 4051 3380 4119 είσακούσομαι
3410 4050 3601 4119 ὑμῶν.

2016 4137 2126 4190 Καὶ
2147 4135 2199 4188 τί
2227 4134 2545 4205 θαυμάζεις,
2572 4137 2621 4188 εἰ
2653 4137 2702 4189 οἱ
2744 4137 2986 4191 Ἰουδαῖοι
3014 4138 3114 4191 οὐκ
3148 4138 3426 4207 ἠκούοντο,
3464 4137 3598 4191 ὅπου

2015 4241 2081 4294 γε
2104 4224 2199 4279 καὶ
2229 4222 2495 4295 Ἱερεμίας
2526 4224 2667 4294 ὑπὲρ
2704 4224 2883 4277 αὐτῶν
2913 4223 3247 4296 παρακαλῶν
3282 4225 3607 4294 ἐπετιμᾶτο,

2018 4312 2111 4366 καὶ
2136 4309 2283 4375 ἅπαξ
2306 4313 2399 4366 καὶ
2422 4312 2503 4375 δὶς
2526 4311 2715 4365 ἀκούει
2731 4328 2745 4341 ·
2767 4311 2864 4380 Μὴ
2899 4314 3242 4382 προσεύχου
3274 4312 3465 4382 ὑπὲριι
3491 4311 3600 4366 τοῦ

2016 4399 2172 4455 λαοῦ
2201 4400 2439 4464 τούτου,
2475 4400 2565 4453 ὅτι
2606 4401 2719 4453 οὐκ
2758 4400 3192 4468 εὶσακούσομαί
3224 4414 3381 4461 σου;
3408 4399 3517 4452 Καὶ
3546 4398 3600 4451 τί

2020 4486 2320 4557 θαυμάζεις
2342 4488 2389 4540 εἰ
2424 4487 2695 4557 Ἱερεμίας
2721 4486 2823 4538 οὐκ
2852 4485 3271 4556 εἰσακούσηται;
3304 4484 3433 4538 Κᾶν
3447 4484 3598 4552 Νῶε,

2020 4576 2173 4646 φησὶ,
2201 4573 2319 4629 κᾶν
2360 4573 2500 4639 Ἰὼϐ,
2528 4574 2645 4628 κᾶν
2672 4562 2899 4641 Δᾱνιὴλ
2928 4572 3178 4637 στῶσιν,
3208 4573 3378 4639 υἱοὺς
3401 4573 3601 4628 αὐτῶν

2019 4663 2119 4718 καὶ
2149 4661 2474 4732 θυγατέρας
2508 4663 2582 4716 οὐ
2606 4662 2693 4730 μὴ
2718 4660 3060 4731 ἐξέλωνται.
3095 4659 3282 4715 Ταῦτα
3312 4661 3491 4716 τοίνυν
3523 4664 3602 4716 εί-

2018 4748 2190 4813 δότες,
2228 4749 2303 4819 μὴ
2351 4735 2508 4820 μόνον
2554 4747 2861 4819 εὐχώμεθα,
2907 4748 3044 4802 ἀλλὰ
3094 4749 3236 4819 μετά
3276 4749 3384 4804 τῶν
3423 4749 3602 4821 εὐχῶν

2018 4836 2203 4903 ἀξίους
2228 4836 2460 4901 ἑαυτοὺς
2490 4834 2994 4908 παρασκευάζωμεν
3022 4835 3116 4891 τοῦ
3146 4836 3349 4904 λαϐεῖν,
3382 4839 3467 4893 ἵνα
3504 4839 3602 4894 καὶ

2019 4924 2127 4977 τῶν
2165 4925 2445 4997 παρόντων
2474 4923 2704 4978 καὶτῶν
2741 4923 3040 4995 μελλόντων
3078 4924 3424 4998 ἐπιτύχωμεν
3463 4927 3603 4994 ἀγα·

2022 5010 2129 5065 θῶν
2150 5028 2165 5043 ο
2211 5005 2287 5065 ὧν
2319 5012 2530 5080 γένοιτο
2556 5012 2764 5076 πάντας
2790 5013 2939 5084 ἡμᾶς
2970 5013 3242 5082 ἐπιτυχεῖν
3282 5014 3465 5085 χάριτι
3507 5012 3601 5065 καὶ

2021 5101 2401 5174 φιλανθρωπία
2430 5100 2527 5156 τοῦ
2560 5102 2767 5173 Κυρίου
2793 5102 2951 5174 ἡμῶν
2987 5099 3161 5173 Ἰησοῦ
3188 5101 3426 5173 Χριστοῦ
3449 5142 3461 5166 ,
3489 5094 3536 5168 ᾧ
3562 5104 3597 5172 ή

2019 5190 2147 5257 δόξα
2190 5191 2286 5244 καὶ
2329 5190 2390 5244 τὸ
2436 5190 2655 5263 κράτος,
2688 5192 2770 5254 είς
2815 5191 2941 5255 τοὺς
2986 5189 3187 5253 αἰῶνας
3220 5188 3331 5245 τῶν
3366 5186 3616 5248 αἰώνων.-

2032 5279 2228 5352 Ἀμήν.

2082 5488 2108 5528 d
2135 5488 2216 5538 Sic
2235 5488 2385 5539 Savil.
2418 5487 2472 5536 In
2497 5485 2674 5537 Morel.
2697 5485 2869 5535 ἐκεῖθεν
2889 5485 3052 5535 deest.

2082 5564 2107 5590 ο
2133 5550 2282 5601 Savil.
2306 5550 2388 5597 καὶ
2411 5550 2552 5612 μέση,
2567 5549 2830 5610 legendum
2850 5554 3019 5597 autem
3041 5548 3316 5609 suspicatur
3336 5547 3418 5597 καὶ
3436 5547 3603 5603 vim

2023 5611 2142 5661 Mor.
2174 5613 2255 5660 καὶ
2277 5612 2416 5661 μέσα.
2440 5610 2587 5659 bene.

2070 5626 2142 5660 Ol'.
2174 5629 2236 5660 κα

2092 5673 2111 5712 ί
2142 5670 2293 5733 Savil}
2319 5674 2394 5720 ἐπὶ
2415 5672 2496 5719 τὸν
2517 5670 2707 5733 Κύριον.

2084 5737 2111 5775 8
2138 5735 2251 5782 Haec
2272 5731 2618 5795 interpretatio
2641 5737 2718 5781 est
2746 5731 3046 5795 Symmachi.

2085 5796 2112 5835 h
2147 5796 2297 5844 Savil.
2323 5793 2448 5857 περί.
2483 5793 2608 5843 Infra
2628 5793 2777 5857 Savil.
2817 5798 2955 5857 putat
2978 5793 3241 5857 legendum
3264 5795 3351 5844 οὐκ
3378 5796 3601 5845 εἰσακουο

2024 5860 2264 5916 σθήσεται,
2295 5855 2400 5919 ipsé.
2430 5869 2546 5908 vero
2569 5857 2689 5918 legit
2712 5855 2795 5904 οὐκ
2819 5855 3171 5905 εἰσακούσεται.

2277 5610 2420 5673 μέσα,
2440 5610 2587 5673 bene:
