3928 6450
255 457 375 515 ιω.

732 566 797 622 ιΝ
838 562 1157 621 PSALML’M
1188 558 1413 617 CXLIII.

263 708 321 763 1.
364 705 669 762 Benedictus
698 703 945 758 Dominus
996 698 1130 753 Deus
1173 713 1330 759 meus,
1375 694 1462 762 qui
1506 690 1653 746 docet
1679 703 1858 741 manus

464 814 603 852 nicas
628 797 694 851 ad
721 796 976 868 prazlium,
1005 792 1187 864 digitos
1212 804 1346 844 meos
1366 785 1434 840 ad
1459 784 1663 839 bellum.

348 939 399 990 1.
441 933 580 1002 Quid
609 932 779 988 dicis?
808 933 1018 987 Deusne
1052 930 1209 986 ducet
1256 928 1478 991 bellare,
1525 938 1779 994 pugnare,
1808 929 1865 976 et

264 1031 391 1086 acie
433 1026 762 1098 conﬂigere?
813 1026 1037 1079 Maxime
1080 1023 1296 1094 quidem
1345 1039 1358 1074 :
1413 1036 1517 1074 non
1570 1016 1867 1087 peccaverit

166 1120 221 1177 ἓν
269 1120 565 1189 quispiam,
593 1118 682 1188 qui
706 1118 982 1172 victoriam
1015 1131 1133 1184 (μιςυ
1178 1114 1262 1168 his
1290 1119 1528 1181 paratur,
1568 1109 1616 1163 ei
1657 1105 1870 1162 adscri-

274 1212 466 1281 pscrit.
516 1210 630 1264 lloc
672 1208 811 1263 enim
862 1207 962 1261 sibi
1004 1206 1115 1260 vult
1162 1202 1326 1271 illud,
1369 1201 1468 1267 Qui
1510 1201 1651 1254 docet
1689 1213 1870 1253 manus

273 1308 437 1357 naias.
471 1300 582 1355 lloc
628 1308 732 1365 est,
764 1299 863 1365 Qui
895 1298 1020 1352 facit
1048 1290 1101 1350 ut
1148 1295 1359 1352 vincam
1407 1293 1610 1356 hostes,
1658 1299 1716 1344 ut
1764 1300 1873 1343 tro-

278 1409 451 1461 puum
481 1389 706 1462 erigant.
738 1391 962 1458 Quando
996 1389 1141 1446 enim
1184 1386 1469 1457 prosuavit
1512 1383 1750 1450 Goliath,
1783 1382 1874 1437 ille

274 1484 381 1537 fuit
404 1497 564 1539 causa
590 1481 849 1547 victoriae,
883 1490 939 1535 et
976 1478 1189 1550 quando
1217 1478 1380 1532 multa
1407 1475 1545 1530 bella
1575 1483 1721 1529 recte
1748 1488 1872 1542 ges-

275 1588 377 1640 sit,
401 1584 457 1629 et
481 1585 677 1644 tropica
704 1573 893 1637 erexit,
923 1581 976 1626 et
1000 1571 1207 1640 aliquot
1242 1570 1403 1624 urbes
1434 1567 1665 1621 hostium
1695 1565 1745 1620 vi
1788 1580 1878 1619 ce-

276 1667 382 1734 pit,
412 1665 456 1720 is
484 1664 580 1718 fuit
605 1664 656 1717 in
683 1679 841 1718 causa
870 1672 929 1717 ut
959 1663 1221 1716 vinceret.
1249 1660 1315 1714 Et
1358 1658 1477 1714 ideo
1506 1673 1705 1713 canens
1733 1655 1879 1711 dice-

278 1757 379 1811 bat
406 1773 422 1811 :
450 1755 696 1809 Dominus
728 1756 872 1824 [ortis
899 1762 945 1807 et
971 1763 1167 1821 potens,
1198 1749 1448 1804 Dominus
1475 1758 1649 1819 potens
1679 1747 1732 1800 in
1752 1761 1882 1818 prat-

274 1850 354 1903 lio
386 1848 554 1922 (Psal.
593 1848 681 1904 82.
723 1847 802 1916 5).
842 1846 1005 1902 Mosis
1033 1859 1247 1917 quoque
1292 1852 1534 1914 tempore
1561 1841 1725 1899 multa
1755 1839 1883 1895 fecit

278 1942 333 2010 ι’]
343 1940 579 1995 usmodi.

360 2033 619 2087 Auxilium
644 2032 866 2085 divinum
884 2029 1027 2084 nobis
1053 2029 1385 2084 necessarium
1410 2027 1479 2081 ad
1505 2024 1690 2081 bellum
1711 2032 1885 2079 contra

278 2129 569 2181 dwmonas.
603 2124 805 2179 Bellum
831 2123 1020 2177 diaboli
1041 2122 1279 2177 adversus
1304 2122 1550 2174 homines.
1588 2119 1884 2174 Misericor-

282 2220 428 2273 diam
448 2216 541 2270 Dei
560 2225 616 2270 ut
632 2232 1019 2285 consequamur.
1035 2214 1276 2270 Subditos
1292 2224 1342 2266 ut
1359 2214 1410 2268 in
1427 2213 1587 2283 ofﬁcio
1606 2212 1884 2279 contineas,

290 2309 393 2361 Dei
419 2308 612 2361 auxilio
639 2324 766 2376 opus
792 2316 884 2361 est.
918 2336 993 2347 —
1020 2305 1214 2361 Verum
1253 2304 1394 2359 aliud
1437 2319 1652 2374 quoque
1687 2303 1886 2358 bellum

283 2409 376 2454 est
406 2398 506 2452 huc
537 2400 775 2469 gravius,
829 2397 917 2452 ubi
962 2397 1118 2452 nobis
1160 2396 1392 2452 maxime
1434 2410 1666 2465 superno
1691 2393 1890 2449 auxilio

282 2506 430 2559 opus
454 2500 555 2556 est,
584 2490 723 2561 quod
748 2490 952 2561 geritur
984 2499 1175 2545 contra
1215 2497 1507 2559 potestates
1533 2487 1887 2544 adversaries.

286 2582 448 2652 Quod
488 2594 663 2637 autem
709 2597 806 2636 nos
849 2590 1033 2637 contra
1079 2596 1172 2635 eas
1218 2580 1413 2634 bellum
1454 2595 1723 2650 geramus,
1765 2579 1891 2633 audi

291 2676 524 2731 Paulum
541 2676 807 2731 dicentem
828 2692 841 2727 :
866 2674 989 2729 Non
1015 2684 1086 2729 est
1110 2673 1253 2729 nobis
1276 2675 1412 2728 lucta
1431 2675 1669 2728 adversus
1689 2689 1894 2728 carnem

286 2780 341 2824 et
375 2769 695 2838 sanguinem,
722 2769 812 2824 sed
838 2769 1078 2823 adversus
1105 2768 1442 2839 principatus,
1470 2767 1709 2822 adversus
1748 2777 1894 2834 pote-

290 2874 474 2927 states,
492 2863 730 2918 adversus
747 2862 922 2916 mundi
943 2862 1196 2933 principes
1216 2861 1535 2915 tenebrarum
1551 2859 1723 2916 muli
1739 2863 1895 2928 hujus

293 2954 517 3027 (Ep/tes.
543 2955 595 3010 6.
626 2955 714 3026 12)
740 2971 753 3006 :
786 2964 838 3009 et
863 2970 929 3009 eo
953 2954 1188 3025 gravius,
1217 2953 1358 3025 quod
1388 2968 1453 3008 ex
1482 2952 1583 3007 alia
1615 2962 1802 3008 natura
1824 2953 1897 3009 sit

292 3063 487 3101 carum
517 3048 806 3110 exercitus,
838 3055 892 3101 et
917 3062 1035 3115 quae
1068 3045 1168 3101 sub
1205 3052 1480 3115 aspectum
1511 3059 1618 3099 non
1648 3043 1810 3111 cadit,
1841 3052 1898 3100 et

295 3138 446 3207 quod
468 3154 574 3192 non
596 3138 662 3192 de
684 3136 845 3192 rebus
870 3137 1077 3208 exiguis
1105 3136 1298 3207 agitur,
1331 3135 1426 3191 sed
1450 3136 1520 3191 de
1544 3136 1717 3192 salute
1749 3143 1807 3191 et
1830 3135 1899 3192 de

303 3230 562 3299 pernicie.
585 3229 699 3284 Non
724 3238 947 3300 possunt
972 3228 1060 3283 hic
1082 3227 1247 3283 videri
1276 3228 1520 3283 homines
1540 3228 1629 3298 qui
1654 3228 1901 3283 occidun-

307 3332 417 3387 tur,
453 3338 559 3376 non
592 3329 768 3391 potest
790 3319 1051 3391 praesciri,
1081 3333 1179 3375 nec
1206 3326 1433 3389 tempus,
1465 3333 1563 3373 nec
1589 3318 1895 3389 difﬁcultas,

304 3428 413 3469 nec
439 3414 605 3480 locus,
634 3428 735 3468 nec
757 3411 957 3483 aliquid
1002 3411 1145 3467 aliud
1175 3410 1460 3482 ejusmodi.
1490 3409 1624 3466 Nam
1651 3411 1817 3479 domi,
1846 3417 1900 3469 In

304 3506 447 3571 foro,
481 3506 746 3573 ludentes,
797 3505 851 3559 in
893 3505 1003 3560 otio
1032 3520 1131 3560 nos
1172 3504 1431 3560 invadunt
1461 3504 1544 3560 hac
1573 3505 1899 3577 phalanges:

303 3614 477 3670 quare
496 3608 706 3668 oportet
731 3614 829 3654 nos
853 3613 974 3654 esse
993 3606 1249 3668 perpetuo
1265 3597 1520 3653 munitos.
1537 3598 1743 3654 Bellum
1759 3598 1902 3655 enim

305 3694 421 3747 hoc
446 3692 619 3747 nullas
642 3692 789 3747 novit
814 3691 1089 3747 inducias:
1115 3707 1221 3746 non
1254 3690 1412 3746 habet
1442 3691 1666 3763 legatos,
1693 3707 1794 3747 nec
1823 3693 1905 3747 l'e-

305 3784 499 3851 ciales,
532 3800 630 3840 nec
657 3782 854 3855 aliquid
882 3781 1176 3854 ejusmodi;
1205 3782 1404 3838 bellum
1429 3784 1572 3838 enim
1597 3793 1681 3839 est
1712 3783 1908 3854 impla-

305 3877 508 3944 cabile,
540 3888 595 3933 et
624 3876 746 3933 ideo
769 3885 981 3948 oportet
1007 3892 1068 3932 se
1093 3877 1326 3931 maxime
1347 3876 1582 3947 undique
1600 3877 1832 3944 munire,
1855 3885 1911 3934 et

308 3969 655 4023 convenienti
705 3967 959 4021 alimento
1000 3966 1235 4021 validum
1285 3965 1609 4036 ﬁrmumque
1658 3966 1906 4023 reddere.

312 4058 493 4128 llujus
521 4066 698 4113 autem
726 4058 851 4114 belli
877 4065 1229 4124 commeatus,
1265 4067 1320 4112 et
1347 4056 1541 4112 horum
1568 4059 1798 4113 militum
1823 4075 1915 4115 ar-

313 4166 409 4204 ma
439 4159 561 4204 sunt
587 4149 889 4204 divinarum
917 4148 1311 4217 Scripturarum
1343 4148 1567 4203 auditio.
1597 4151 1671 4205 Ea
1693 4150 1784 4221 qui
1805 4167 1913 4206 non

314 4240 533 4307 fruitur,
566 4240 705 4296 fame
736 4242 892 4311 perit.
924 4239 1071 4294 Dabo
1091 4240 1233 4295 enim
1258 4241 1351 4307 eis,
1380 4239 1572 4310 inquit,
1604 4257 1703 4296 non
1729 4247 1917 4313 famem

315 4333 493 4405 panis,
516 4348 605 4386 nec
629 4333 763 4385 sitim
785 4347 952 4401 aqua,
974 4331 1063 4386 s'ed
1085 4331 1270 4400 famem
1291 4332 1532 4386 audiendi
1552 4333 1683 4387 verbi
1709 4333 1919 4388 Domini

318 4424 505 4495 (Amos
550 4424 604 4479 8.
639 4424 748 4493 H).
781 4422 878 4477 llic
904 4422 1082 4494 igitur,
1110 4423 1248 4477 sicut
1270 4431 1325 4478 et
1345 4423 1397 4477 in
1426 4423 1581 4480 bellis
1607 4425 1915 4492 sensilibus,

317 4529 561 4583 superno
584 4514 784 4568 auxilio
807 4528 941 4583 opus
964 4521 1066 4568 est.
1112 4512 1235 4567 Non
1271 4524 1498 4569 servatur
1526 4516 1694 4583 enim,
1725 4516 1916 4587 inquit,

320 4622 420 4661 rex
440 4622 529 4675 per
556 4606 767 4658 multam
798 4605 1091 4674 potentiam,
1137 4613 1183 4658 et
1220 4605 1364 4677 gigas
1406 4621 1508 4659 non
1548 4608 1825 4662 seruabitur
1865 4609 1920 4663 in

321 4698 652 4755 multitudine
679 4698 857 4752 virium
876 4714 1101 4752 suarum.
1132 4696 1323 4753 Fallax
1345 4714 1499 4767 equus
1523 4699 1592 4752 ad
1616 4701 1850 4763 salutem,
1870 4705 1923 4755 in

322 4791 653 4846 multitudine
697 4790 877 4844 virium
921 4805 1132 4843 suarum
1174 4806 1278 4845 non
1322 4790 1600 4844 servabitur
1628 4790 1801 4863 (Psal.
1829 4793 1922 4849 52.

324 4884 423 4941 16.
460 4882 571 4956 17).
604 4882 752 4938 Multi
779 4883 959 4953 itaque
985 4881 1167 4938 hostes
1191 4882 1269 4937 sic
1296 4897 1442 4953 saepe
1465 4881 1718 4939 fuderunt
1748 4899 1813 4939 ac
1839 4884 1925 4940 fu-

321 4984 546 5048 garunt,
575 4989 695 5029 cum
724 4973 870 5043 prius
902 4987 1087 5043 preces
1113 4975 1531 5042 praecessisset“,
1558 4981 1613 5029 et
1633 4990 1712 5030 ea:
1730 4975 1925 5032 adver-

326 5068 596 5125 sariorutn
628 5067 918 5138 phalanges
942 5066 1284 5137 repulissent.
1311 5066 1369 5122 2.
1412 5065 1766 5124 Misericordia
1792 5086 1923 5138 mea,

324 5173 379 5218 et
413 5161 666 5232 refugium
707 5176 894 5228 meum,
934 5168 1193 5230 susceptor
1232 5175 1372 5214 meus
1412 5168 1460 5214 et
1504 5160 1740 5216 liberator
1765 5178 1925 5218 meus.

330 5254 503 5311 Vides
529 5269 651 5309 eum
678 5269 862 5308 rursus
884 5267 1072 5324 rogare
1098 5260 1157 5308 ut
1174 5260 1419 5309 servetur
1443 5268 1474 5309 a
1492 5253 1795 5311 clementia.
1818 5255 1929 5313 Imo

329 5361 469 5403 vero
499 5344 585 5401 hic
610 5346 769 5401 etiam
799 5343 997 5415 aliquid
1036 5343 1178 5400 aliud
1204 5344 1488 5415 signiﬁcat.
1530 5346 1634 5401 Per
1659 5346 1762 5403 hoc
1785 5349 1927 5403 enim

329 5440 389 5498 id
420 5438 653 5493 ostendit
672 5447 727 5495 et
750 5437 911 5492 dicit:
939 5436 1019 5493 Ne
1046 5452 1221 5493 essem
1243 5437 1457 5509 quidem
1486 5438 1598 5509 ipsa
1623 5439 1816 5511 dignus
1833 5441 1931 5496 mi-

329 5529 652 5594 sericordia,
681 5529 780 5583 nisi
809 5528 923 5598 ipse
950 5528 1246 5584 annuisset.
1278 5526 1396 5599 Ipse
1424 5540 1505 5586 est
1534 5546 1685 5602 ergo,
1733 5531 1924 5604 inquit,

333 5621 693 5680 Misericordia
724 5633 872 5676 mea:
899 5635 1017 5675 eam
1047 5621 1189 5675 enim
1218 5636 1283 5676 ex
1313 5620 1463 5677 factis
1502 5623 1638 5677 meis
1679 5639 1784 5679 non
1812 5640 1931 5680 sum

329 5722 724 5784 consequutus.
752 5711 884 5767 Nam
908 5712 1007 5768 etsi
1036 5722 1119 5768 est
1146 5711 1533 5778 misericordia,
1559 5730 1663 5770 non
1684 5716 1933 5772 omnibus

333 5817 519 5863 tamen
541 5804 997 5861 indiscriminatim
1014 5802 1239 5859 accidit:
1262 5803 1537 5861 Miserebor
1552 5806 1717 5875 enim,
1741 5808 1930 5880 inquit,

331 5897 489 5970 cuius
509 5899 739 5956 misertus
759 5901 922 5971 fuero,
958 5905 1002 5953 ct
1034 5895 1327 5965 miserebor,
1344 5914 1491 5969 quem
1512 5899 1654 5972 fuero
1672 5901 1935 5958 miseratus

1367 438 1725 502 EXI‘OSITIO
1763 437 1826 492 IN
1866 432 2188 493 PSALMUM
2225 431 2454 489 CXLIII.

3450 430 3557 485 £33

1971 547 2148 619 (Rom.
2173 547 2228 603 9.
2252 548 2361 618 15).
2388 540 2609 617 Oportet
2632 562 2782 618 ergo,
2803 547 2848 604 si
2869 548 3288 604 misericordiam
3312 547 3572 603 volumus

1971 639 2250 710 consequi,
2297 637 2413 710 ejus
2456 639 2752 694 clementiae
2779 639 3116 696 occasionem
3147 656 3214 695 ex
3244 641 3399 696 nobis
3432 641 3562 714 ipsis

1969 730 2232 803 proferre.
2258 729 2355 786 llic
2381 740 2554 785 autem
2594 731 2724 787 dicit
2751 747 2810 787 se
2840 733 2942 788 hoc
2966 733 3161 805 ipsum,
3188 733 3334 805 quod
3362 735 3432 790 sit
3455 735 3559 789 mi-

1969 823 2319 879 sericordiam
2360 832 2746 893 consequutus,
2790 823 2839 879 ei
2868 834 3145 896 acceptum
3174 825 3336 882 ferre.
3367 825 3563 883 Vidisti

1968 916 2255 971 contritum
2299 915 2576 969 animum?
2603 915 2778 970 vidisti
2820 926 3024 987 gratam
3055 927 3312 986 mentem,
3339 929 3393 976 et
3424 936 3564 992 quo-

1978 1008 2138 1063 modo
2181 1007 2409 1077 benigno
2457 1008 2564 1063 Deo
2604 1007 2911 1062 universum
2952 1009 3240 1065 adscribit?
3286 1010 3567 1083 Susceptor

1972 1115 2135 1165 meus,
2164 1107 2210 1153 et
2234 1097 2474 1152 liberator
2501 1115 2662 1161 meus,
2687 1108 2940 1170 protector
2963 1116 3123 1166 meus;
3152 1110 3198 1156 et
3227 1102 3281 1157 in
3303 1103 3421 1174 ipso
3447 1120 3569 1174 spc-

1972 1193 2101 1245 ravi.
2130 1191 2290 1261 Spem
2322 1189 2375 1244 in
2408 1190 2580 1260 ipsum
2609 1191 2824 1247 assidue
2847 1202 3047 1259 versat,
3072 1192 3271 1249 docens
3301 1209 3488 1251 omnes
3509 1205 3573 1251 ut

1976 1281 2142 1337 nullis
2168 1281 2321 1337 malis
2349 1282 2663 1349 obruantur,
2714 1282 2810 1337 sed
2856 1283 2945 1338 vel
2988 1283 3041 1338 in
3089 1283 3280 1341 mediis
3314 1286 3572 1342 arumnis

1977 1391 2098 1430 eum
2127 1389 2340 1444 semper
2366 1377 2689 1439 intueantur,
2707 1374 2776 1430 ab
2790 1390 2855 1431 eo
2879 1375 3167 1445 pendeant,
3197 1391 3297 1434 nec
3321 1394 3571 1451 umquam

1978 1466 2288 1536 desperent,
2335 1466 2586 1522 animove
2614 1466 2921 1522 concidant.
2951 1467 3071 1538 Ipse
3099 1478 3183 1524 est
3211 1470 3354 1525 enim
3384 1485 3573 1527 susce-

1983 1567 2103 1629 ptor
2134 1566 2187 1613 ct
2212 1558 2469 1613 liberator
2488 1573 2660 1613 meus.
2684 1557 2839 1615 Unde
2865 1568 2920 1615 et
2946 1559 2994 1615 si
3029 1576 3136 1614 non
3164 1560 3218 1616 in
3246 1561 3376 1632 ipsis
3402 1564 3575 1618 malo-

1983 1665 2098 1704 rum
2129 1650 2402 1720 principiis
2428 1650 2684 1719 suscipiat
2709 1659 2762 1706 et
2786 1651 2998 1719 liberet,
3032 1652 3175 1708 bono
3214 1664 3428 1724 oportet
3454 1670 3578 1713 esse

1982 1740 2182 1797 animo.
2207 1741 2262 1797 Si
2281 1742 2422 1796 enim
2448 1741 2564 1811 ipse
2584 1751 2667 1798 est
2689 1751 2970 1815 susceptor
2988 1759 3051 1799 ac
3069 1743 3340 1813 defensor,
3356 1745 3580 1804 omnino

1985 1832 2234 1887 liberabit
2257 1849 2287 1888 a
2317 1833 2490 1888 malis.
2508 1832 2660 1888 Tunc
2675 1835 2818 1889 enim
2838 1836 3069 1892 maxime
3095 1852 3221 1909 spes
3235 1847 3338 1907 est,
3365 1840 3583 1911 quando

1986 1925 2052 1979 iis
2080 1939 2199 1991 quae
2228 1923 2475 1979 videntur
2501 1940 2598 1979 nos
2626 1924 3001 1995 dejicientibus
3044 1927 3096 1983 in
3122 1928 3579 2001 desperationem,

1985 2030 2049 2070 ea
2076 2015 2239 2070 eilicit
2260 2025 2319 2069 ut
2338 2015 2407 2071 de
2442 2014 2620 2071 futuro
2648 2016 2786 2072 bene
2823 2031 3125 2087 speremus.
3166 2019 3268 2088 Qui
3290 2020 3459 2077 subdit
3486 2040 3586 2093 po-

1989 2107 2168 2179 pulum
2197 2124 2363 2161 meum
2391 2108 2485 2163 sub
2509 2124 2607 2164 mc.
2637 2108 2729 2165 Sic
2756 2118 2899 2166 recte
2919 2110 3074 2167 dixit.
3101 2111 3235 2168 Nam
3264 2114 3353 2170 hic
3370 2130 3586 2187 quoque

1991 2216 2225 2272 superno
2247 2203 2446 2257 auxilio
2476 2218 2611 2273 opus
2641 2212 2746 2270 est,
2774 2205 2944 2277 utqui
2970 2205 3162 2263 ditioni
3189 2209 3413 2279 subjecti
3436 2220 3583 2277 sunt,

1992 2295 2355 2364 acquiescant,
2386 2304 2442 2351 et
2467 2310 2569 2351 nec
2591 2296 2907 2352 seditionem
2923 2299 3145 2370 agitent,
3164 2315 3264 2357 nec
3287 2301 3585 2374 insurgant.

1993 2386 2114 2442 Non
2145 2389 2317 2442 solum
2347 2404 2475 2459 ergo
2500 2388 2552 2443 in
2577 2389 2923 2463 subjugandis
2944 2393 3195 2460 inimicis,
3223 2395 3319 2451 sed
3345 2397 3504 2452 etiam
3534 2399 3588 2455 in

1994 2478 2301 2535 domesticis
2317 2482 2431 2538 suis
2445 2482 2789 2553 subjiciendis
2814 2501 3049 2556 superno
3067 2488 3220 2544 nobis
3237 2488 3439 2546 auxilio
3455 2507 3592 2562 opus

1996 2583 2097 2629 est.
2129 2572 2262 2628 Nam
2291 2574 2395 2631 hoc
2414 2591 2629 2647 quoque
2664 2593 2915 2650 magnum
2942 2588 3046 2648 est,
3075 2596 3203 2637 suos
3223 2583 3361 2639 bene
3380 2600 3589 2655 regere,

1996 2679 2098 2720 nec
2140 2666 2318 2722 minus
2350 2676 2433 2722 est
2457 2684 2617 2739 quam
2649 2669 2893 2727 inimicos
2935 2673 3167 2729 vincere.
3202 2674 3349 2731 Multi
3378 2678 3593 2748 quidem

1997 2765 2144 2813 certe
2169 2772 2539 2828 saepenumero
2565 2770 2763 2832 tropica
2792 2761 2845 2817 in
2867 2762 3021 2820 bellis
3047 2776 3354 2832 erexerunt,
3383 2769 3435 2824 in
3465 2785 3596 2840 pace

1998 2858 2177 2905 autem
2203 2851 2327 2905 caesi
2357 2860 2504 2916 sunt,
2536 2868 2658 2908 eum
2685 2869 2873 2910 eorum
2902 2857 3098 2927 quibus
3125 2871 3393 2929 prmerant
3421 2861 3592 2919 habe-

2001 2956 2099 2996 nas
2142 2958 2249 2998 non
2293 2954 2440 2999 recte
2483 2953 2705 3015 possent
2745 2947 3033 3004 moderari.
3064 2949 3180 3006 Non
3210 2967 3340 3023 ergo
3363 2953 3417 3008 in
3448 2956 3599 3027 regni

2002 3044 2266 3106 potestate
2295 3036 2456 3091 situm
2484 3046 2589 3105 est,
2618 3048 2676 3093 ut
2702 3049 2877 3095 castra
2904 3042 3278 3112 subjiciuntur,
3308 3046 3404 3103 sed
3427 3047 3478 3102 in
3503 3048 3598 3105 Dei

2000 3125 2217 3181 auxilio.
2240 3125 2699 3193 Quemadmodum
2725 3138 2904 3186 autem
2929 3130 2997 3188 ab
3024 3148 3089 3189 eo
3110 3134 3408 3204 procedunt
3434 3137 3602 3194 victo-

2002 3218 2096 3275 riae
2119 3218 2188 3275 de
2217 3218 2481 3288 hostibus,
2514 3221 2585 3276 ita
2610 3220 2772 3277 etiam
2798 3237 3018 3279 suorum
3049 3224 3371 3283 obedientia.
3400 3229 3454 3285 5.
3486 3229 3601 3286 Do-

2004 3311 2157 3381 mine,
2173 3312 2297 3385 quid
2321 3322 2392 3368 est
2417 3312 2591 3379 homo,
2619 3315 2743 3386 quia
2767 3316 3034 3372 innotuisti
3052 3319 3097 3373 ei
3111 3320 3138 3374 .9
3165 3329 3253 3374 aut
3276 3321 3415 3391 ﬁlius
3438 3321 3603 3379 homi-

2005 3407 2111 3472 nis,
2139 3407 2260 3478 quia
2282 3418 2490 3477 reputas
2518 3410 2674 3465 eum?
2695 3410 2870 3478 Alius,
2901 3412 3040 3482 Quid
3067 3415 3238 3482 homo,
3264 3426 3312 3472 et
3334 3434 3604 3489 cognosces

2005 3499 2210 3571 ipsum?
2252 3500 2424 3567 Alius,
2476 3500 2628 3570 Quod
2669 3506 2903 3575 agnoscis
2940 3506 3148 3576 ipsum?
3196 3508 3446 3580 Magnum
3477 3527 3607 3584 ergo

2008 3590 2311 3662 quempiam
2342 3606 2463 3648 esse
2488 3602 2720 3663 oportet,
2753 3595 2841 3665 qui
2866 3605 2949 3651 est
2979 3597 3146 3653 Deum
3174 3601 3503 3671 cogniturus,
3522 3603 3607 3659 vel

2011 3681 2187 3750 potius
2207 3682 2297 3752 qui
2326 3691 2410 3737 est
2436 3682 2505 3738 ab
2528 3683 2646 3754 ipso
2671 3688 3106 3756 cognoscendus;
3136 3705 3242 3745 non
3265 3690 3408 3748 hunc
3424 3703 3608 3752 autem

2011 3774 2206 3840 solum,
2235 3775 2329 3830 sed
2350 3776 2513 3832 etiam
2536 3777 2686 3833 illum
2707 3780 2793 3835 cui
2823 3780 2964 3836 Deus
2991 3783 3216 3839 voluerit
3245 3784 3607 3845 innotescere.

2012 3863 2083 3919 Et
2112 3865 2234 3921 ideo
2260 3864 2462 3937 optime
2486 3867 2738 3925 dixerunt
2773 3870 3121 3944 Septuaginta
3149 3875 3300 3942 illud,
3332 3876 3611 3937 Iunotuisti

2014 3958 2469 4017 ei:ostendcntes
2495 3977 2593 4018 nos
2635 3977 2742 4020 non
2791 3980 2914 4020 eum
2960 3967 3253 4039 invenisse,
3299 3971 3391 4028 sed
3435 3973 3611 4045 ipsum

2018 4053 2172 4107 nobis
2198 4052 2361 4109 fuisse
2385 4052 2680 4111 inventum.
2713 4056 2989 4129 Siquidem
3020 4077 3126 4116 non
3153 4062 3325 4119 dixit:
3348 4064 3484 4133 Quid
3527 4076 3615 4124 est

2017 4145 2197 4212 homo,
2232 4148 2319 4217 qui
2353 4156 2406 4203 te
2430 4149 2712 4220 cognovit?
2741 4150 2858 4219 sed,
2891 4151 3030 4219 Quid
3068 4164 3141 4211 est
3167 4157 3339 4227 homo,
3363 4159 3501 4230 quod
3522 4177 3615 4218 co-

2019 4238 2189 4309 gnitus
2207 4256 2260 4294 es
2278 4239 2341 4294 ab
2360 4241 2471 4311 ipso
2484 4242 2511 4296 2
3253 4306 3256 4313 λ
3451 4237 3456 4243 ’
3551 4292 3561 4307 ,

2091 4334 2147 4387 2.
2189 4332 2257 4387 Et
2280 4333 2399 4390 ideo
2426 4335 2622 4391 Paulus
2652 4335 2755 4393 hoc
2776 4352 2978 4410 susque
3006 4338 3182 4416 deque
3194 4343 3619 4408 assidueversat

2021 4424 2227 4491 dicens,
2258 4425 2406 4480 Tunc
2435 4436 2603 4483 autent
2624 4445 2901 4500 agnoscam
2926 4432 3057 4486 sicut
3084 4442 3131 4488 et
3157 4437 3361 4506 agnitus
3385 4454 3521 4494 sum.
3538 4440 3618 4511 (l.

2023 4515 2142 4572 Cor.
2163 4518 2249 4573 -l‘5.
2284 4517 2393 4587 I2).
2417 4518 2588 4574 Porro
2630 4520 2746 4589 ipse
2795 4537 3008 4592 quoque
3053 4522 3319 4591 Christus,
3364 4526 3507 4583 Non.
3532 4545 3620 4586 nos

2023 4624 2105 4661 me
2125 4608 2362 4680 elegistis,
2391 4609 2479 4664 sed
2500 4627 2588 4681 ego
2610 4611 2737 4681 elegi
2751 4628 2839 4667 vos
2865 4613 3044 4686 (Joan.
3078 4616 3169 4673 15.
3202 4615 3314 4691 16).
3341 4619 3460 4676 Jam
3488 4637 3622 4679 vero

2025 4698 2150 4753 alibi
2176 4714 2387 4770 quoque
2415 4700 2633 4768 Paulus,
2658 4701 2720 4757 Si
2740 4704 2853 4772 quis
2880 4714 3048 4761 autem
3072 4707 3236 4781 diligit
3251 4708 3440 4780 Deum,
3467 4714 3624 4775 isco-

2026 4791 2195 4862 gnitus
2213 4799 2288 4845 est
2308 4790 2370 4845 ab
2396 4808 2454 4846 eo
2484 4793 2560 4864 (1.
2584 4793 2702 4848 Cor.
2725 4794 2779 4852 8.
2807 4795 2884 4869 5).
2907 4797 2976 4853 Et
3004 4799 3127 4856 ideo
3150 4803 3365 4862 assidue
3384 4807 3624 4880 seipsum

2028 4897 2226 4955 susque
2253 4883 2428 4956 deque
2461 4885 2591 4942 dicit
2616 4899 2885 4958 vocatum,
2929 4894 3220 4952 ostendens
3258 4912 3318 4954 se
3347 4915 3460 4956 non
3484 4901 3628 4958 ultro

2029 4975 2342 5043 accessisse,
2371 4978 2465 5034 sed
2498 4978 2645 5050 prius
2687 4992 2935 5038 vocatum
2980 4984 3166 5044 fuisse.
3197 4987 3270 5045 lta
3308 4991 3470 5049 etiam
3496 4994 3630 5051 dicit

2030 5068 2180 5135 alibi,
2209 5066 2499 5142 Persequor
2516 5081 2706 5141 autem,
2728 5075 2776 5128 si
2793 5075 2943 5130 etiam
2957 5079 3398 5151 comprehendam,
3419 5094 3627 5156 prapter

2030 5160 2168 5231 quod
2190 5170 2235 5216 ct
2259 5164 2649 5235 comprehensus
2667 5182 2779 5221 sum
2814 5166 3075 5242 (Philipp.
3103 5171 3158 5227 5.
3186 5173 3298 5245 12).
3327 5173 3447 5232 Non
3471 5176 3625 5243 dixit,

2032 5255 2448 5326 Comprehendi,
2477 5256 2595 5323 sed,
2621 5255 3026 5328 Comprehensus
3051 5279 3184 5318 sum.
3223 5264 3504 5333 Quomodo
3526 5284 3630 5325 au-

2035 5356 2143 5403 tem
2170 5348 2297 5404 dicit
2321 5347 2428 5414 hic,
2455 5348 2592 5415 Quid
2615 5358 2690 5404 est
2714 5350 2905 5406 homo?
2927 5354 3086 5425 Atqui
3114 5355 3252 5412 alius
3265 5355 3410 5425 dicit,
3434 5358 3632 5431 Magna

2034 5459 2113 5497 res
2138 5442 2311 5509 homo,
2334 5450 2382 5496 et
2413 5442 2634 5512 pretiosa
2668 5459 2750 5499 res
2786 5444 2865 5500 uir
2896 5446 3179 5504 misericors
3219 5448 3404 5515 (Prov.
3431 5451 3522 5510 20.
3538 5453 3631 5523 ‘6).

2037 5533 2108 5588 Et
2153 5533 2313 5599 alius,
2343 5532 2424 5587 Ad
2449 5533 2720 5605 imaginem
2748 5534 2848 5590 Dei
2885 5538 3009 5609 fecit
3045 5540 3215 5613 ipsum
3243 5541 3393 5617 (Gen.
3424 5546 3479 5601 1.
3507 5545 3631 5619 27).

2035 5624 2268 5681 Sortitus
2292 5633 2377 5680 est
2405 5625 2547 5680 enim
2572 5627 2735 5682 totius
2760 5640 3019 5685 creatura:
3042 5631 3411 5703 praefecturam
3439 5637 3632 5710 (Eccli.

2039 5717 2126 5772 17.
2152 5717 2228 5788 1).
2263 5715 2402 5772 Sunt
2424 5726 2602 5774 autem
2620 5720 2882 5784 nonnulli.
2901 5723 3094 5793 quibus
3119 5740 3187 5782 ne
3209 5728 3400 5797 dignus
3417 5731 3635 5802 quidem

2036 5817 2153 5865 erat
2182 5808 2414 5866 mundus
2440 5808 2624 5883 (Hebr.
2648 5812 2734 5867 11.
2758 5812 2872 5885 58).
2911 5814 3019 5870 Sed
3064 5816 3153 5875 illa
3180 5819 3396 5890 quidem
3422 5821 3490 5877 de
3516 5823 3629 5877 vir-

2042 5912 2172 5975 tute,
2205 5914 2260 5963 et
2285 5904 2500 5978 quando
2547 5905 2762 5978 quidam
2806 5904 3056 5969 homines
3100 5928 3218 5969 cam
3264 5913 3637 5971 ostenderint:
