3928 6408
1174 396 1531 469 EXPOSITIO
1569 394 1635 450 IN
1673 390 1994 450 PSALMUM
2030 387 2251 446 CXLIII.

88 462 173 523 itii

91 574 364 639 crassiores
417 561 685 620 auditores
731 554 927 603 terreat

92 616 132 639 LI
142 616 291 634 ..σπιν-
307 616 362 626 ν-
419 616 443 620 -ν
458 616 480 618 η
495 616 501 617 ,

92 670 325 743 loquitur.
366 657 496 715 Nam
527 642 877 708 contrectatio
906 635 1006 690 etsi
1053 640 1304 699 magnum
1353 616 1478 690 quid
1526 627 1648 668 esse

840 735 873 743 ’⁸
916 731 927 742 ⁸
989 728 1023 743 “’
1066 726 1227 743 ίνί-ιλ
1261 714 1483 743 ε-ΡΛ-ἶιια
1530 708 1646 743 Non

92 708 281 820 iiiis-tur
299 800 315 822 ,
345 751 510 809 multo
543 751 690 800 certe
727 744 811 793 est
840 731 931 788 Dei
973 726 1232 796 dignitate
1261 714 1504 772 inferius.
1530 708 1648 763 Non

91 858 216 914 enim
246 861 379 919 opus
421 841 577 897 habet
605 836 744 890 Deus
787 817 1210 883 contrectatione
1239 811 1304 866 ad
1333 809 1383 864 id
1413 803 1651 862 efﬁcien-

1326 911 1340 919 .
1417 897 1622 919 “um

249 897 374 919 ,τη

91 951 224 1009 dum,
244 950 302 998 ut
327 945 533 993 montes
559 926 835 996 fumigent,
867 919 976 973 imo
1004 925 1133 967 vero
1161 923 1228 963 ne
1250 911 1381 960 nutu
1410 897 1646 971 quidem,

1086 1005 1113 1009 ”“
1483 1007 1492 1009 ς
1518 1007 1530 1009 -
1572 988 1615 1009 ,12

92 988 224 1009 .......,
248 988 301 998 ..-
490 988 499 989 ,
691 988 717 996 ν

92 1042 171 1097 sed
195 1033 415 1094 consilio
445 1035 642 1082 tantum
675 1030 731 1073 et
756 1015 1047 1070 voluntate.
1084 1005 1369 1071 Postquam
1410 1007 1539 1062 ergo
1566 988 1650 1042 di-

92 1135 158 1191 xit
180 1132 242 1185 de
266 1126 471 1182 vilitate
496 1113 748 1175 hominis,
789 1106 920 1164 dicit
947 1102 1108 1159 etiam
1140 1097 1208 1152 de
1237 1093 1330 1148 Dei
1360 1085 1599 1161 potentia
1630 1122 1649 1149 ,

90 1223 247 1300 quoad
273 1221 387 1289 ejus
417 1220 588 1285 potest
614 1206 727 1261 ﬁeri
750 1203 818 1255 ab
844 1197 1064 1254 homine
1093 1209 1109 1246 :
1143 1204 1266 1246 natn
1294 1186 1411 1239 haec
1436 1188 1652 1250 quoque

94 1281 232 1387 longe
257 1281 446 1367 absunt
473 1305 540 1360 ab
575 1302 661 1356 illa
692 1296 992 1365 majestate.
1028 1287 1083 1340 6.
1136 1281 1369 1350 Fulgura
1412 1285 1653 1328 corusca-

95 1372 278 1472 tion'em,
322 1413 367 1458 et
401 1394 667 1469 dissipabis
687 1406 771 1444 eos
805 1404 824 1443 :
866 1384 1033 1439 emitte
1059 1377 1269 1449 sagittas
1295 1380 1427 1433 tuas,
1458 1372 1504 1419 et
1532 1378 1655 1417 con-

325 1454 435 1550 eos.
470 1454 666 1560 Fdlgur
693 1485 780 1538 hic
806 1488 860 1535 et
885 1476 1105 1545 sagittas
1132 1484 1237 1524 non
1262 1463 1392 1521 dicit
1418 1461 1521 1514 hoc
1544 1454 1651 1510 ful-

96 1611 196 1666 gur,
225 1603 318 1645 nec
342 1587 439 1641 has
458 1582 678 1652 sagittas
698 1616 714 1642 ,
775 1570 869 1628 sed
901 1569 972 1623 ita
998 1570 1157 1619 vocat
1179 1554 1460 1629 supplicia,
1495 1565 1563 1606 ex
1591 1546 1656 1602 iis

99 1647 199 1759 qua;
223 1684 326 1754 jam
355 1688 482 1736 nota
522 1647 671 1735 sunt,
698 1663 1030 1739 persuadens
1056 1658 1105 1714 ei
1133 1655 1222 1726 qui
1253 1647 1571 1707 contemnit.
1601 1648 1658 1696 et

99 1789 165 1834 est
185 1779 320 1846 piger
344 1788 407 1827 ac
432 1766 728 1838 negligens,
756 1769 818 1814 ut
848 1761 1081 1818 tremat,
1113 1751 1443 1803 revereatur,
1489 1749 1656 1803 seque

102 1833 314 1926 incl-inet.
345 1866 400 1921 Si
432 1833 779 1926 enim—fulgur
816 1848 942 1907 ferri
971 1863 1073 1900 non
1107 1845 1324 1912 potest,
1374 1833 1501 1888 licet
1548 1842 1657 1883 non

102 1966 314 2020 mittatur
333 1957 397 2010 ad
425 1950 768 2023 supplicium,
799 1944 843 1998 si
875 1955 1025 1995 suam
1051 1930 1305 2007 puniendi
1336 1930 1656 1997 potestatem

104 2053 304 2108 voluerit
323 2022 563 2110 movere,
593 2042 712 2112 quis
737 2052 856 2092 eam
883 2025 1205 2088 sustinebit?
1234 2022 1328 2077 Dei
1355 2026 1534 2073 autem
1569 2028 1658 2066 sa-

102 2152 223 2221 gitta:
241 2155 359 2204 sunt
380 2152 582 2215 pestes,
610 2138 798 2197 fames,
827 2130 1054 2200 fulgura,
1088 2131 1143 2179 et
1177 2113 1489 2186 multiplicia
1533 2122 1661 2176 sup-

104 2246 349 2315 pliciorum
397 2250 618 2308 genera.
655 2231 706 2285 7.
742 2227 927 2281 Emitte
974 2232 1183 2274 manum
1223 2223 1360 2267 tuam
1405 2206 1468 2260 de
1514 2202 1660 2257 alto:

103 2298 217 2409 iripe
240 2352 326 2399 me,
349 2298 583 2389 etvlibera
606 2343 685 2380 me
710 2323 773 2377 de
799 2319 943 2390 aquis
967 2313 1162 2376 multis,
1186 2318 1233 2363 et
1259 2308 1323 2361 de
1338 2318 1492 2356 manu
1520 2298 1660 2368 ﬁlio-

101 2447 194 2483 rum
221 2430 517 2484 alienorum.
549 2421 663 2477 Non
690 2417 862 2472 solum
906 2409 1048 2468 enim
1078 2409 1146 2463 ad
1176 2398 1497 2474 puniendum
1519 2437 1535 2463 ,
1566 2390 1662 2447 sed

100 2525 232 2580 etiam
256 2522 317 2577 ad
344 2513 778 2577 conservandum
809 2516 989 2579 parata
1021 2511 1104 2558 est
1136 2499 1227 2554 Dei
1264 2493 1521 2566 potentia.
1554 2487 1661 2541 Ma-

103 2632 205 2671 num
230 2596 1182 2674 autemhicvocatOpcm,auxilium:
1215 2598 1269 2645 et
1298 2588 1417 2643 ideo
1447 2600 1551 2638 non
1582 2581 1663 2635 di-

104 2710 183 2777 xit,
198 2707 441 2773 Extende,
470 2703 568 2760 sed
585 2700 795 2763 Emitte,
816 2694 917 2750 hoc
929 2690 1261 2762 signiﬁcans:
1280 2680 1424 2759 quod
1440 2680 1483 2735 si
1501 2677 1662 2733 etiam

105 2773 263 2857 alicubi
285 2800 424 2864 dicit,
472 2793 738 2858 Extende,
770 2789 911 2843 idem
942 2797 1130 2839 rursus
1164 2777 1449 2849 signiﬁcat.
1486 2773 1664 2840 Aquas

107 2902 252 2947 autem
276 2891 600 2945 insolentem
623 2881 855 2938 hostium
893 2874 1267 2944 irruptionem,
1296 2875 1351 2922 et
1366 2863 1664 2925 confusam,

108 3000 204 3054 quae
226 2997 403 3053 magno
428 2982 643 3048 impetu
668 2973 855 3027 fertur.
885 2965 1037 3036 Quod
1086 2962 1229 3018 enim
1273 2959 1341 3014 de
1378 2954 1529 3025 aquis
1560 2966 1667 3006 non

110 3047 336 3148 loquatur:
384 3047 636 3130 ostendit
682 3065 734 3120 id
781 3060 924 3134 quod
953 3055 1294 3127 subiungitur
1321 3067 1335 3104 :
1364 3047 1443 3103 De
1468 3060 1623 3099 manu
1649 3083 1666 3108 ,

111 3172 272 3241 inquit,
299 3170 530 3237 ﬁliorum
557 3162 861 3217 alienarum.
907 3152 1129 3208 Alienas
1158 3154 1340 3200 autem
1374 3141 1511 3195 ﬁlios
1540 3134 1671 3191 mihi

111 3265 290 3320 videtur
314 3262 395 3318 hic
418 3258 617 3314 dicere
644 3267 760 3315 eos,
791 3247 883 3319 qui
926 3259 957 3299 a
986 3243 1214 3299 veritate
1262 3242 1388 3293 sunt
1430 3228 1669 3287 alienati.

112 3354 545 3425 Quemadmodum
567 3347 710 3403 enim
735 3342 919 3399 ﬁdeles
940 3332 1336 3394 necessitudine
1356 3326 1673 3396 coniunctos

113 3450 443 3506 existimamus
486 3452 543 3500 et
571 3442 786 3503 fratres,
821 3436 893 3491 ita
935 3432 1096 3489 etiam
1126 3426 1349 3488 alienos,
1383 3418 1626 3476 infideles
1656 3433 1671 3471 :

114 3551 158 3598 ct
176 3541 264 3598 hac
291 3540 532 3595 maxime
570 3534 781 3589 ratione
807 3529 1040 3583 alienum
1070 3538 1100 3577 a
1132 3514 1530 3575 necessitudine
1549 3525 1681 3566 con-

115 3632 268 3704 iuncto
289 3628 676 3688 discernimus.
704 3621 754 3678 Is
782 3619 927 3677 enim
957 3614 1088 3673 mihi
1136 3620 1221 3669 est
1267 3607 1598 3681 propinquus
1625 3608 1681 3658 et

120 3724 495 3781 necessitudine
545 3719 886 3788 coniunctus,
941 3712 1033 3782 qui
1083 3707 1329 3762 eumdem
1381 3703 1480 3756 Sibi
1518 3711 1680 3769 quem

119 3832 201 3888 rgo
220 3830 409 3887 patrem
437 3811 744 3876 adscribit,
789 3817 844 3863 et
882 3816 966 3860 est
1013 3799 1256 3873 ejusdem
1285 3808 1485 3849 mensa:
1518 3791 1681 3861 parii-

120 3924 244 3980 ceps,
266 3912 438 3980 potius
466 3920 636 3978 quinm
666 3903 712 3957 is
732 3900 820 3970 qui
847 3907 933 3954 est
959 3895 1090 3949 mihi
1121 3905 1321 3963 genere
1358 3886 1634 3956 proximus
1665 3897 1682 3937 :

58 4004 59 4073 ξ
127 4012 196 4056 est
218 4004 348 4058 enim
381 4005 496 4056 haec
519 3996 820 4069 perfectior
847 3992 927 4047 lex
953 3985 1311 4058 cognationis,
1331 3976 1685 4050 quemadmo-

128 4093 234 4148 dum
258 4097 410 4151 etiam
437 4107 563 4164 qua}
588 4106 655 4144 ex
689 4083 975 4142 contrariis
1004 4082 1061 4136 ﬁt
1091 4076 1370 4139 alienatio,
1398 4080 1483 4126 est
1533 4084 1615 4137 api
1637 4083 1689 4121 r—

129 4189 218 4240 tior
239 4198 285 4241 et
310 4184 611 4243 evidentior
634 4195 698 4234 ea
739 4195 859 4249 qua:
881 4176 953 4230 sit
972 4190 1039 4230 ex
1061 4184 1281 4243 genere.
1311 4165 1389 4221 Ne
1415 4164 1517 4217 hoc
1559 4171 1690 4228 ergo

129 4281 425 4350 respexeris,
448 4276 595 4350 quod
625 4274 726 4328 sub
752 4270 944 4326 eodem
974 4267 1109 4322 casio
1137 4275 1324 4318 sumus
1349 4300 1365 4324 ,
1412 4266 1470 4309 et
1514 4254 1568 4307 in
1601 4266 1691 4305 eo-

132 4372 238 4427 dem
264 4375 390 4428 orbe
435 4380 704 4426 terrarum
736 4362 1076 4417 habitamus:
1106 4354 1262 4408 aliam
1287 4348 1429 4405 enim
1452 4358 1696 4401 commu-

133 4467 325 4521 nionem
354 4478 561 4537 qumro,
591 4475 712 4528 quae
759 4454 922 4509 cados
962 4457 1200 4520 superat.
1246 4444 1358 4500 Illic
1400 4449 1581 4495 nostra
1617 4443 1700 4490 est

135 4526 449 4614 conversaiio
474 4526 678 4611 etvvita
715 4565 729 4603 :
770 4546 887 4601 Vita
915 4542 1060 4599 enim
1105 4545 1299 4598 nostra,
1352 4531 1542 4601 inquit,
1586 4526 1703 4580 abs-

135 4652 317 4705 condita
347 4660 415 4705 est
443 4664 561 4703 cum
590 4643 792 4697 Christo
817 4639 871 4692 in
895 4636 1004 4690 Deo
1032 4631 1271 4705 (Coloss.
1302 4627 1357 4680 5.
1387 4625 1467 4694 3).
1517 4619 1704 4688 Neque

137 4746 263 4799 enim
292 4754 490 4800 terram
522 4737 845 4795 habitamus,
873 4728 969 4785 sed
993 4718 1469 4792 commigravimus
1517 4714 1570 4766 in
1610 4724 1704 4763 su-

137 4852 341 4905 pernam
379 4830 747 4902 metropolim.
772 4826 945 4882 Aliam
975 4835 1158 4876 veram
1188 4818 1362 4872 lucem
1394 4811 1655 4865 habemus
1689 4844 1704 4869 ,

140 4931 284 4986 aliam
317 4898 577 5000 patriam,
597 4936 653 4981 et
679 4924 824 4978 cives
847 4919 982 4973 alios
1015 4924 1070 4970 et
1092 4919 1373 4983 cognatos.
1401 4905 1470 4961 Et
1494 4898 1712 4957 ideodi-

142 5026 277 5080 cebat
303 5025 503 5082 Paulus
527 5039 541 5075 :
577 5019 628 5075 Ν
635 5036 701 5072 an
727 5017 845 5070 estis
871 5013 1043 5083 utique
1062 5007 1285 5075 hospites
1310 5010 1357 5056 et
1380 4999 1605 5057 aduente,
1625 4991 1713 5047 sed

143 5117 260 5173 cives
285 5128 572 5173 sanctorum
616 5113 633 5182 (
660 5109 849 5182 Ephes.
876 5107 934 5161 2.
964 5102 1077 5176 l9).
1108 5094 1389 5167 Quomodo
1426 5105 1555 5160 ergo
1585 5087 1717 5141 dixit

145 5207 378 5265 Christus
404 5205 799 5266 Samaritanum
846 5213 967 5255 esse
1015 5193 1352 5266 proximum,
1401 5182 1504 5241 etsi
1551 5178 1720 5234 multo

149 5303 415 5358 interi-allo
436 5308 740 5371 separatum
769 5295 789 5364 (
810 5294 934 5348 Luc.
964 5290 1049 5346 10.
1077 5287 1166 5344 56.
1191 5282 1283 5355 57)
1301 5284 1324 5337 ?
1367 5281 1436 5335 At
1463 5291 1568 5331 non
1596 5281 1679 5327 est
1703 5310 1718 5335 ,

149 5386 188 5447 si
215 5405 485 5466 spectetur
513 5401 718 5448 natura:
744 5363 900 5441 ratio.
924 5379 1150 5452 Quando
1172 5390 1302 5445 ergo
1330 5368 1600 5428 beneficio
1617 5363 1724 5418 atii-

152 5488 270 5543 cer'e
311 5483 626 5557 oportuerit.
675 5480 747 5536 sit
789 5477 965 5533 omnis
1004 5473 1170 5528 homo
1210 5465 1304 5522 tibi
1350 5460 1724 5534 propinquus;

961 540 1065 596 :de
1110 534 1193 589 his
1233 531 1466 583 humano
1496 532 1645 573 more

157 5547 363 5647 quando
384 5585 558 5632 autem
584 5574 653 5630 de
695 5571 925 5628 veritate
953 5573 1175 5636 agetur,
1221 5571 1454 5631 agnosce
1492 5550 1614 5623 quis
1660 5547 1732 5602 sit

166 5644 506 5740 propinquus,
532 5676 582 5722 et
602 5665 724 5738 quis
750 5663 977 5717 alienus.
1009 5656 1183 5711 Etiam
1209 5653 1254 5708 si
1284 5649 1482 5704 habeas
1508 5644 1728 5699 fratrem

165 5761 344 5815 eodem
371 5738 543 5831 patre
571 5767 627 5814 et.
668 5755 855 5811 cadent
884 5758 1056 5807 matre
1085 5755 1290 5809 natum,
1317 5750 1370 5797 et
1410 5738 1464 5794 in
1502 5738 1617 5807 lege
1645 5747 1736 5787 ve-

171 5849 337 5913 ritatis
353 5829 529 5910 tecum
553 5868 656 5908 non
681 5839 1177 5906 communicaverit,
1195 5837 1264 5894 sit
1281 5833 1375 5890 tibi
1398 5829 1567 5903 magis
1578 5840 1736 5900 quam

3247 381 3356 438 462

1761 506 1935 578 quivis
1964 504 2162 578 Scytha
2191 504 2450 560 barbarus
2474 520 2489 560 :
2516 502 2629 559 sive
2652 509 2831 556 autem
2865 500 2935 553 sit
2959 497 3180 569 Scytha,
3234 496 3352 552 sive

1757 598 2094 659 Sauromata,
2123 596 2370 664 dogmata
2391 600 2566 647 autem
2593 593 2748 662 plene
2766 599 2821 646 et
2845 589 3080 659 perfecte
3107 586 3345 649 sciverit,

1757 698 1812 746 et
1828 689 2055 759 idipsum
2078 685 2219 755 quod
2262 695 2317 739 tu
2341 683 2652 748 crediderit,
2667 696 2733 737 eo
2755 681 2847 752 qui
2868 681 3058 737 eodem
3084 688 3238 733 utero
3262 687 3347 730 est

1757 781 1954 845 editus,
1997 782 2068 833 sit
2110 777 2204 832 tibi
2233 775 2598 846 propinquior,
2627 789 2796 844 eaque
2821 774 3028 828 ratione
3054 771 3345 827 barbarum

1757 888 1787 927 ο
1810 889 1917 928 non
1948 872 2174 926 barbaro
2198 871 2584 932 discernamus,
2613 882 2719 920 non
2757 882 2824 921 ex
2865 866 3066 935 lingua,
3123 878 3231 919 nec
3270 878 3344 918 ex

1759 983 1990 1039 genere;
2016 965 2111 1021 sed
2150 980 2217 1018 ex
2248 962 2444 1026 anima,
2489 968 2544 1015 et
2587 975 2653 1015 cx
2697 959 2892 1013 mentis
2940 957 3228 1012 sententia.
3271 955 3344 1009 Ita

1761 1061 1907 1115 enim
1934 1058 2165 1113 maxime
2210 1055 2373 1109 homo
2400 1062 2513 1119 est,
2555 1051 2769 1122 quando
2812 1049 2968 1120 plene
3017 1058 3071 1103 et
3114 1047 3348 1117 perfecte

1763 1162 1908 1209 tenet
1936 1153 2184 1221 dogmata
2205 1190 2223 1216 ,
2252 1157 2311 1203 ct
2333 1148 2495 1201 vitam
2524 1146 2671 1216 agit,
2693 1159 2814 1215 quae
2843 1142 3122 1213 sapientiae
3166 1139 3344 1195 studio

1761 1245 2063 1300 conveniat.

1833 1338 1888 1392 4.
1934 1335 2041 1391 Sed
2063 1333 2339 1389 videamus
2358 1330 2611 1400 deinceps
2635 1326 2905 1400 quomodo
2934 1327 3035 1382 bos
3059 1326 3349 1394 descripsit

1762 1428 1968 1483 alienos
1991 1428 2272 1495 prOpheta,
2303 1423 2489 1478 dicens
2519 1442 2533 1477 :
2568 1419 2728 1490 Eripe
2750 1436 2830 1473 me
2857 1418 2921 1472 de
2944 1435 3097 1471 manu
3125 1418 3351 1487 ﬁliorum

1764 1522 2064 1583 alienorum,
2096 1518 2151 1573 8.
2177 1532 2389 1584 quorum
2403 1531 2459 1568 os
2479 1513 2742 1585 loquutum
2762 1521 2832 1565 est
2852 1512 3142 1573 vanitatem,
3164 1519 3212 1563 et
3228 1509 3353 1563 deat-

1765 1623 1873 1667 tera
1900 1626 2073 1665 eorum
2111 1608 2316 1662 dextera
2356 1604 2657 1675 iniquitatis.
2700 1602 2895 1658 Vidisti
2922 1615 3181 1671 quosnam
3208 1599 3352 1653 dicat

1764 1704 2006 1760 alienos?
2036 1703 2143 1757 Eos
2172 1701 2261 1772 qui
2293 1700 2476 1753 vivunt
2506 1698 2557 1751 in
2588 1696 2795 1752 scelere
2817 1736 2832 1760 ,
2886 1710 2980 1751 eos
3022 1694 3113 1764 qui
3166 1682 3352 1747 amant

1766 1799 2125 1867 iniquitatem,
2149 1810 2244 1850 eos
2287 1792 2376 1864 qui
2404 1790 2565 1846 stulta
2586 1791 2602 1822 ⁸
2632 1789 2942 1859 loquuntur,
2975 1800 3071 1841 eos
3096 1786 3184 1856 qui
3218 1784 3350 1840 nihil

1766 1891 1955 1946 dicunt
1980 1888 2132 1943 utile.
2164 1887 2413 1955 Agnosce
2430 1898 2559 1953 ergo
2585 1881 2817 1946 alienos,
2845 1879 2913 1933 ab
2936 1893 3049 1942 ore,
3084 1893 3112 1930 a
3146 1876 3303 1932 factis
3333 1893 3348 1929 :

1767 1985 1908 2040 sicut
1950 1982 2194 2038 Christus
2239 1992 2449 2048 quoque
2477 1974 2647 2030 dicit:
2690 1974 2734 2027 Α
2765 1970 3009 2044 fructibus
3038 1985 3212 2025 eorum
3254 1983 3344 2021 co-

1766 2077 2014 2149 gnoscetis
2040 2089 2124 2128 eos
2163 2070 2393 2143 (Matth.
2426 2070 2478 2122 7.
2536 2066 2603 2122 I6
2634 2067 2673 2137 ).
2704 2064 2854 2120 Sicut
2873 2062 3016 2117 enim
3062 2062 3113 2147 in
3159 2060 3351 2114 castris

1768 2171 1934 2225 multa
1963 2140 2328 2234 dantur-signa
2351 2172 2407 2217 et
2428 2161 2669 2233 symbola
2695 2201 2709 2225 ,
2765 2166 2822 2212 ut
2867 2157 2910 2212 si
2949 2140 3162 2226 quando
3192 2162 3353 2206 noctu

1770 2260 2004 2334 prmliari
2029 2259 2334 2327 contigerit.
2368 2255 2451 2310 vel
2473 2251 2716 2308 sublatus
2746 2249 2938 2319 pulvis,
2963 2256 3022 2301 ut
3046 2260 3150 2300 nox
3171 2243 3355 2297 videa-

1772 2368 1877 2420 tur,
1911 2351 2170 2416 eﬁ‘ecerit,
2197 2350 2281 2404 vei
2311 2348 2488 2418 aliqua
2518 2346 2625 2400 alia
2662 2342 2909 2398 confusio
2935 2348 2990 2395 et
3020 2336 3353 2408 perturbatio

1770 2446 2034 2509 evenerit,
2064 2459 2133 2498 ne
2158 2442 2362 2497 socium
2390 2451 2546 2494 suum
2572 2435 2793 2506 aspiciat
2816 2441 3086 2501 tamquam
3119 2427 3351 2491 hostem,

1771 2555 1873 2595 nec
1897 2540 2109 2592 hostem
2136 2546 2405 2605 tamquam
2436 2529 2641 2585 socium
2666 2545 2680 2581 :
2712 2527 2877 2582 etiam
2901 2525 3051 2594 signa
3076 2520 3168 2576 dat
3202 2518 3357 2574 nobis

1774 2631 1862 2687 hic
1885 2628 2168 2703 propheta,
2190 2641 2286 2697 per
2310 2639 2430 2694 quia
2458 2620 2659 2691 poteris
2673 2618 2982 2674 discernere
2998 2612 3356 2683 propinquum

1773 2733 1828 2780 et
1870 2723 2131 2786 alienum,
2178 2732 2373 2787 nempe
2396 2731 2459 2771 ex
2487 2715 2552 2770 iis
2581 2728 2699 2783 quas
2727 2710 2983 2781 loquitur,
3033 2722 3099 2761 ex
3132 2705 3195 2759 iis
3239 2717 3361 2773 quae

1775 2818 1936 2883 facit,
1990 2815 2175 2871 dicens
2201 2829 2214 2866 :
2250 2810 2478 2878 Quorum
2508 2824 2565 2861 os
2604 2807 2868 2876 (aquatum
2893 2810 2964 2856 est
2991 2798 3282 2859 vanitatem,
3312 2801 3361 2847 et

1775 2914 1981 2967 dextera
2002 2924 2174 2963 eorum
2199 2907 2406 2960 dextera
2434 2900 2731 2973 iniquitatis.
2763 2896 2915 2951 Nune
2957 2893 3099 2948 enim
3127 2899 3208 2945 est
3243 2887 3362 2942 bel-

1778 3005 1906 3066 lum,
1929 3010 1992 3054 et
2017 3013 2212 3070 pugna,
2235 3005 2290 3051 et
2318 2994 2559 3064 pra-lium
2577 2999 2893 3045 nocturnum
2912 2980 3360 3041 crudelissimum,

1777 3092 2111 3151 daemonibus
2140 3085 2456 3143 ferientibus
2476 3125 2490 3149 ,
2527 3079 2807 3137 desideriis
2846 3071 3218 3131 insidiantibus
3242 3111 3258 3137 ,
3305 3080 3362 3123 et

1777 3182 2273 3246 ratiocinationibus
2301 3174 2722 3247 insurgentibus.
2755 3169 2890 3225 Sunt
2911 3165 3073 3221 etiam
3103 3162 3183 3219 eis
3204 3203 3221 3226 ,
3262 3159 3355 3230 qui

1780 3290 1907 3339 sunt
1930 3276 2199 3351 mysteriis
2225 3271 2436 3333 initiati,
2482 3282 2575 3321 sua
2602 3265 2752 3335 signa
2794 3269 2849 3316 et
2876 3255 3118 3331 symbola
3162 3269 3177 3307 :
3222 3260 3277 3306 et
3318 3248 3369 3304 si

1782 3346 2087 3433 dubitantes
2112 3369 2251 3425 scire
2275 3365 2539 3425 volumus,
2586 3374 2654 3413 an
2693 3356 2811 3426 quis
2853 3352 2924 3408 sit
2960 3346 3250 3421 profanus,
3299 3355 3369 3396 an

1786 3468 2057 3543 mysteriis
2083 3464 2341 3524 initiatus,
2369 3472 2433 3514 ea
2457 3462 2706 3525 rogantes
2720 3448 3012 3503 discamus.

1858 3557 2120 3616 Proximis
2161 3555 2347 3609 nostris
2395 3544 2588 3602 auxilio
2617 3558 2724 3599 esse
2751 3538 3004 3593 debemus.
3053 3532 3189 3586 Deus
3214 3542 3304 3583 cur
3339 3540 3373 3579 α

1788 3656 1931 3711 nobis
1957 3649 2156 3708 laudari
2200 3644 2343 3700 velit.
2389 3638 2616 3695 Membra
2644 3642 2818 3689 nostra
2861 3637 2916 3683 ut
2960 3624 3055 3680 Dei
3083 3621 3259 3677 laudes
3283 3634 3373 3670 ca-

1790 3755 1932 3802 nant.
1962 3742 2268 3795 —-Dea:tcra
2289 3749 2460 3791 eorum
2500 3736 2704 3783 dextera
2735 3718 3031 3793 iniquitatis.
3067 3712 3200 3780 Quid
3220 3709 3377 3780 igitur

1791 3838 1963 3910 possit
1993 3835 2095 3888 hoc
2129 3844 2250 3886 esse
2300 3823 2515 3897 gravius
2538 3861 2551 3883 ,
2583 3813 2794 3888 quando
2820 3824 2938 3881 quae
2967 3807 3088 3862 data
3117 3812 3199 3856 est
3227 3798 3379 3853 nobis

1795 3889 1956 3910 rv-m
2302 3889 2329 3897 -

1794 3932 1863 3987 ad
1887 3928 2161 3992 auxilium,
2187 3936 2305 3978 eam
2333 3917 2397 3971 ad
2430 3912 2648 3969 insidias
2674 3902 3033 3963 convertimus
3050 3897 3074 3951 ἲ
3094 3895 3220 3950 Ideo
3236 3889 3379 3946 enim

1798 4023 2054 4081 habemus
2073 4018 2344 4076 dexteras,
2386 4017 2445 4062 ut
2466 4015 2520 4061 et
2550 3996 2834 4067 nobisipsis
2858 4002 2913 4049 et
2939 3990 3057 4044 aliis
3082 3982 3270 4054 injuria
3298 3978 3357 4033 af
3360 4008 3381 4020 -

1800 4120 1952 4176 fectis
1970 4128 2124 4182 opem
2154 4107 2408 4167 feramus,
2440 4107 2499 4153 ut
2518 4095 2721 4151 scelera
2743 4090 2809 4144 de
2837 4083 3013 4140 medio
3040 4079 3308 4136 tollamus,
3326 4079 3387 4125 ut

1803 4213 1868 4268 iis
1896 4208 2087 4279 quibus
2108 4205 2189 4255 vis
2215 4208 2268 4252 et
2294 4196 2546 4250 damnum
2575 4186 2815 4242 affertur,
2840 4176 3008 4230 simus
3026 4176 3213 4241 portus
3233 4172 3288 4219 et
3304 4176 3387 4216 re-

2520 4278 2523 4279 ⁷
2687 4273 2698 4279 ⁸
2765 4269 2778 4279 “
2816 4268 2832 4279 “
2858 4267 2892 4279 Ἀ
3068 4262 3079 4279 ⁹
3111 4258 3192 4279 ιε-
3224 4253 3384 4279 --.ι-ξι.

1794 4306 1817 4363 f
1818 4253 2023 4374 ugiilm.
2039 4287 2327 4363 Quomodo
2337 4297 2467 4353 ergo
2483 4278 2564 4336 eis
2576 4273 2737 4329 venia
2747 4262 3083 4335 dabitur,qui
3111 4258 3196 4314 his
3222 4253 3387 4310 armis

1804 4346 2023 4374 ’νυ-ν’·-υ
2048 4346 2151 4363 νιν-τ
2402 4346 2430 4353 ν

1804 4407 2026 4457 utuntur
2047 4405 2155 4447 non
2185 4388 2248 4441 at
2283 4383 2509 4435 aliorum
2532 4372 2781 4431 salutem,
2803 4361 2896 4419 sed
2926 4358 2993 4413 ad
3025 4367 3175 4411 suam
3206 4346 3388 4419 perni-

1805 4488 1985 4550 ciem?
2010 4485 2065 4539 9.
2094 4481 2250 4539 Deus,
2277 4473 2529 4528 canticum
2556 4476 2744 4519 novum
2768 4451 2980 4510 cantabo
3007 4446 3115 4501 tibi.
3135 4443 3392 4509 Quianam

1808 4590 1893 4639 est
1920 4588 2104 4634 rursus
2133 4571 2247 4625 haec
2267 4552 2688 4629 consequentia?
2713 4547 2935 4604 Maxima
2956 4550 3167 4609 quoque
3188 4532 3275 4585 hic
3289 4536 3393 4583 est.

1811 4672 2072 4744 Quoniam
2099 4664 2242 4721 enim
2270 4656 2424 4718 dixit,
2458 4650 2643 4705 Emitte
2680 4655 2883 4696 manum
2909 4646 3047 4689 tuam
3068 4672 3084 4698 ,
3131 4635 3205 4690 et,
3239 4622 3401 4692 Eripe

2582 4739 2603 4744 ’“
2965 4739 3053 4744 —-—-
3084 4720 3126 4744 ΑΕ
3148 4718 3397 4744 Δηιιικιιηι

1813 4718 1915 4833 me,
1942 4775 1992 4819 et
2021 4760 2267 4827 disperge
2287 4751 2453 4819 ipsos,
2474 4739 2751 4814 proﬁtetur
2771 4747 2829 4787 se
2849 4739 3060 4801 quoque
3079 4720 3128 4776 ei
3145 4718 3399 4773 daturum

2827 4823 2876 4833 --
3046 4808 3268 4833 -ᾼμ-ηυιι
3315 4818 3399 4833 ..ημ

1818 4808 1915 4833 "Ws
1943 4808 1992 4819 ν’
2025 4808 2121 4827 *⁷-1
2152 4808 2162 4811 -
2205 4808 2233 4823 υ
2311 4808 2322 4819 .
2440 4808 2489 4814 .-

1818 4855 2118 4917 mercedem
2140 4844 2339 4908 auxilii,
2368 4855 2434 4895 ex
2463 4849 2565 4907 qua
2596 4828 2726 4886 nihil
2751 4823 2965 4897 quidem
3004 4808 3270 4872 commodi
3315 4818 3406 4859 ac.

1820 4953 1975 5025 cipiat
2003 4947 2086 5005 cui
2115 4944 2305 5000 datur;
2336 4932 2431 4990 sed
2457 4944 2577 5000 qua:
2619 4923 2668 4979 ei
2712 4919 2801 4992 qui
2833 4917 2977 4972 illam
3006 4907 3183 4969 oﬁ‘ert,
3203 4897 3401 5025 9p'IIuri-

1823 4992 1969 5104 mlum
1999 5040 2152 5096 aﬁ‘crt
2173 5024 2540 5090 emolumenti.
2559 5019 2811 5087 Quaenam
2833 5018 3008 5063 autem
3023 5016 3085 5057 ea
3107 4994 3227 5053 est?
3245 4992 3405 5053 Deus,

1824 5144 2074 5202 canticum
2102 5146 2282 5188 novum
2299 5121 2511 5181 cantabo
2537 5110 2711 5169 tibi.Si
2737 5115 2912 5160 autem
2936 5099 3038 5153 hoc
3060 5100 3143 5148 est
3165 5097 3409 5202 parvum;

2807 5195 2828 5202 ‘
2869 5194 2900 5202 ··
3011 5196 3021 5202 -
3090 5184 3116 5202 γε
3170 5177 3306 5202 .I-.s:.
3356 5174 3370 5202 :

1827 5172 2074 5202 “Utuntur.
2103 5172 2282 5188 ηυνκι..
2299 5172 2465 5181 νηημ.-
2488 5172 2495 5173 ,

1827 5236 2081 5293 collatum
2112 5238 2232 5281 cum
2274 5209 2638 5287 magnitudine
2664 5194 2927 5257 beneﬁcii,
2975 5184 3119 5255 atqui
3163 5177 3313 5234 dedit
3356 5172 3413 5275 id

1831 5262 2081 5293 UUllauuu
2112 5262 2232 5281 ιιιιυ
2275 5262 2357 5273 η...
2400 5262 2510 5268 -.μή
2534 5262 2542 5263 ,

1831 5326 1974 5401 quod
2006 5317 2207 5377 habuit.
2254 5262 2397 5383 Nan:
2437 5319 2532 5358 nos
2578 5305 2789 5368 quoque
2818 5302 2847 5339 a
2875 5274 3217 5401 pauperibus?
3245 5277 3300 5401 et:
3323 5262 3416 5336 qui

2493 5394 2525 5401 “
2587 5389 2598 5401 ‘
2694 5383 2940 5401 ---⁸--··ν-··ε·
2994 5380 3151 5401 mm-m
3200 5375 3264 5401 nn
3305 5370 3414 5401 ρηι,

1835 5359 1969 5476 :ihil
1997 5409 2293 5484 possident,
2313 5376 2443 5457 nihil
2460 5359 2610 5447 aliud
2622 5359 2964 5453 requirimus,
2993 5380 3152 5439 quam
3179 5359 3415 5484 lagdem,

2547 5483 2551 5484 ν
2907 5480 2936 5484 η
3131 5470 3224 5484 MM
3268 5460 3415 5484 “mm

1837 5451 1969 5476 ΙΙΙΙΙΙι
2071 5451 2274 5466 εισι-ιν..-
2316 5451 2384 5457 ---ν
2704 5451 2714 5453 ν

1837 5523 1892 5569 et
1920 5451 2126 5580 graliiim
2153 5451 2412 5553 animum.
2452 5483 2557 5541 Sed
2601 5490 2696 5533 nos
2729 5467 3085 5544 quidem,.ut
3128 5451 3421 5580 evadam:

2811 5577 2827 5580 -
2854 5560 2868 5580 ι
2905 5570 3029 5580 nu...
3068 5549 3254 5580 Ιηιιιιαι
3321 5556 3346 5580 α

1841 5537 1892 5569 et
1957 5537 2126 5562 ratu...
2153 5537 2411 5553 ...ιη-...πη
2455 5537 2519 5541 ἡ-
2749 5537 2764 5544 _

1841 5537 2139 5661 cliti-iores:
2175 5592 2315 5645 I‘eus
2351 5590 2553 5644 autem,
2591 5584 2698 5628 non
2728 5560 2870 5637 quod
2899 5570 3034 5628 opus
3068 5549 3283 5611 habeat,
3321 5537 3422 5597 sed

1908 5755 1926 5789 ι
1960 5748 2082 5802 edit.
2117 5738 2303 5797 δίωτοι,
2342 5727 2561 5788 inutilia;
2594 5720 2700 5777 sed.
2732 5713 2894 5774 stulta,
2931 5705 3109 5760 melius
3143 5693 3346 5764 quadrat
3362 5693 3428 5744 si

1845 5818 2050 5875 seriem.
