3928 6398
597 374 700 430 (σῦῦ

597 501 651 545 ut
682 504 777 543 eos
804 487 890 558 qui
919 492 1136 549 canunt,
1170 481 1365 537 efficiat
1394 479 1668 543 clariores,
1696 486 1749 535 et
1771 493 1832 533 ea
1849 477 2057 533 ratione
2081 489 2176 532 eos

601 595 793 635 rursus
816 577 1074 633 beneficio
1100 574 1314 628 alliciat.
1348 570 1416 625 In
1446 571 1688 641 psalterio
1705 569 2020 623 decachordo
2049 567 2181 637 psal-

598 672 700 725 lam
722 671 844 732 tibi;
880 668 981 722 hoc
1008 676 1109 731 est,
1136 667 1299 735 Agam
1328 663 1419 717 tibi
1445 662 1664 732 gratias.
1694 660 1798 715 Sed
1819 670 1943 714 tunc
1963 659 2179 728 quidem

598 769 750 816 erant
780 762 1129 813 instrumenta
1157 772 1252 826 per
1277 771 1395 826 quae
1419 755 1625 809 cantica
1656 752 1972 807 emittebant
1997 769 2011 805 :
2040 766 2182 805 nunc

596 866 771 908 autem
802 869 899 923 pro
928 850 1292 906 instrumentis
1320 862 1601 918 possumus
1618 846 1689 900 uti
1717 859 1959 913 corpore.
1987 843 2182 898 Possu-

596 961 713 1002 tnus
742 946 884 1001 enim
912 960 1009 1015 per
1033 943 1217 997 oculos
1239 955 1457 1006 cauere,
1504 954 1610 993 non
1657 953 1751 1007 per
1788 937 2018 1007 linguam
2069 946 2184 989 tan-

595 1047 746 1103 tum;
778 1052 874 1108 per
910 1048 1134 1097 manus,
1181 1048 1278 1103 per
1311 1030 1494 1101 pedes,
1521 1039 1576 1084 et
1609 1044 1705 1097 per
1751 1041 1927 1082 aures.
1959 1026 2183 1094 Quando

595 1132 736 1186 enim
768 1126 1179 1197 unumquodque
1205 1139 1390 1180 eorum
1419 1136 1484 1177 ea
1514 1119 1641 1175 facit
1665 1134 1785 1189 quae
1811 1119 1919 1173 Deo
1956 1117 2183 1188 gloriam

594 1231 650 1278 et
677 1222 936 1276 honorem
958 1218 1205 1283 afferunt,
1231 1232 1422 1286 nempe
1443 1214 1656 1284 quando
1675 1213 1859 1267 oculus
1880 1227 1984 1267 non
2008 1213 2184 1281 impu-

596 1314 716 1370 dice
743 1313 1055 1383 reSpexerit,
1083 1309 1297 1382 quando
1327 1323 1518 1363 manus
1548 1322 1653 1361 non
1684 1305 1752 1360 ad
1796 1306 2056 1376 rapinam,
2088 1303 2185 1359 sed

599 1408 665 1461 ad
697 1407 1091 1477 clecmosynam
1123 1418 1185 1458 se
1211 1400 1570 1468 extenderint,
1619 1396 1833 1469 quando
1858 1396 1924 1451 ad
1954 1397 2185 1466 psalmos

597 1511 653 1557 et
705 1502 992 1557 conciones
1035 1496 1301 1569 spiritales
1358 1492 1724 1564 suscipiendas
1785 1505 1942 1546 aures
1988 1497 2187 1559 paratae

600 1595 812 1658 fuerint,
832 1590 1041 1662 quando
1059 1588 1223 1659 pedes
1239 1587 1304 1642 ad
1317 1586 1594 1641 ecclesiam
1609 1583 1957 1648 cucurrerint,
1974 1581 2187 1651 quando

598 1699 692 1739 eor
720 1698 824 1737 non
854 1682 1008 1737 dolus
1034 1681 1215 1747 struit,
1259 1679 1354 1734 sed
1396 1677 1618 1732 caritate
1661 1676 1877 1745 plenum
1904 1682 2006 1737 est,
2053 1672 2189 1727 fiunt

600 1774 838 1829 membra
866 1773 1106 1842 corporis
1133 1770 1444 1843 psalterium
1465 1776 1520 1823 et
1545 1767 1772 1833 cithara,
1795 1773 1851 1821 et
1873 1773 2073 1820 canunt
2088 1780 2186 1820 no-

601 1879 722 1918 vum
750 1867 1038 1929 canticum,
1063 1878 1169 1917 non
1190 1861 1363 1916 verbis
1388 1861 1538 1924 solis,
1558 1858 1652 1913 sed
1672 1858 1833 1913 etiam
1860 1856 2182 1926 rebusipsis.

603 1957 689 2012 lt).
727 1958 827 2023 Qui
873 1956 962 2009 dat
1006 1955 1223 2008 salutem
1261 1952 1482 2024 regibus.
1514 1950 1696 2020 Neque
1721 1948 1863 2004 enim
1891 1956 2086 2013 castra,
2136 1956 2190 2003 et

601 2047 885 2101 Itlttlliltltit)
907 2047 1157 2112 militum,
1181 2059 1282 2099 nec
1307 2043 1587 2108 satellites,
1614 2040 1971 2110 custodesque
2000 2053 2191 2108 corpo-

599 2141 673 2195 ris
692 2138 766 2211 (a)
791 2179 804 2203 ,
838 2137 934 2193 sed
977 2137 1070 2193 Dei
1113 2136 1366 2191 auxilium
1396 2148 1615 2190 servare
1640 2132 1798 2188 solet.
1845 2130 1949 2198 Qui
1990 2130 2191 2184 redimit

600 2231 771 2287 David
795 2247 994 2285 servum
1016 2245 1184 2285 suum.
1221 2228 1275 2282 In
1311 2225 1585 2283 communi
1601 2225 1871 2294 loquutus,
1895 2222 2007 2291 jam
2035 2221 2103 2277 de
2131 2234 2191 2276 se

596 2326 852 2396 loquitur,
884 2339 984 2380 nec
1010 2323 1161 2389 dicit,
1188 2321 1292 2390 Qui
1336 2318 1601 2375 redemit:
1629 2316 1759 2383 sed,
1813 2315 1917 2383 Qui
1958 2315 2187 2383 redimit,

597 2416 890 2471 ostendens
918 2423 1230 2485 perpetuam
1259 2411 1376 2482 ejus
1402 2407 1811 2481 providentiam.

674 2510 726 2563 5.
754 2506 956 2562 Deinde
982 2520 1168 2560 rursus
1191 2503 1325 2575 petit
1351 2517 1415 2558 ea
1441 2516 1563 2572 quae
1592 2500 1739 2570 prius
1777 2499 2022 2567 petierat,
2050 2497 2190 2553 assi-

599 2602 705 2654 due
730 2611 922 2667 rogans
951 2605 1004 2652 et
1029 2596 1341 2666 supplicans
1363 2602 1421 2648 ut
1441 2593 1698 2648 liberetur
1721 2592 1789 2647 ab
1809 2588 2069 2660 improbis
2097 2589 2194 2644 ho-

600 2690 853 2757 minibus,
874 2688 953 2744 sic
980 2688 1165 2743 dicens
1187 2703 1201 2741 :
1223 2686 1308 2741 Η.
1326 2684 1400 2740 De
1422 2683 1595 2755 gladio
1620 2683 1846 2753 maligno
1871 2683 2012 2753 eripe
2028 2697 2127 2746 me,
2146 2690 2193 2735 et

600 2797 718 2835 erue
743 2797 823 2834 me
848 2780 912 2834 de
931 2795 1084 2832 manu
1108 2778 1333 2848 filiorum
1357 2775 1659 2842 alienorum,
1688 2789 1906 2845 quarunt
1930 2790 1987 2828 os
2009 2773 2190 2842 loquu-

600 2882 706 2927 tum
746 2882 819 2927 est
841 2872 1130 2936 vanitatem,
1158 2878 1205 2923 et
1229 2867 1437 2923 dextera
1461 2882 1635 2920 eorum
1658 2865 1865 2919 dextera
1889 2863 2189 2933 iniquitatis.

672 2966 930 3035 Prospera
973 2979 1087 3034 qua:
1121 2960 1400 3016 habeantur
1422 2959 1476 3014 in
1500 2959 1597 3013 hoc
1618 2955 2020 3011 mundo.—i2.
2054 2955 2195 3021 Quo-

598 3075 711 3114 rum
727 3059 824 3127 filii
861 3060 989 3112 sicut
1025 3056 1233 3112 novellae
1252 3054 1589 3123 plantationes
1606 3052 1660 3105 in
1682 3053 1935 3120 iuventute
1949 3066 2064 3104 sua.
2091 3049 2194 3105 De-

600 3152 788 3207 scribit
807 3151 893 3205 hic
910 3149 1289 3220 prosperitates
1309 3144 1605 3201 mundanas
1620 3151 1674 3200 et
1691 3143 1903 3198 divitias
1928 3161 1943 3198 :
1971 3149 2027 3198 et
2046 3143 2195 3213 ponit

601 3244 653 3300 id
682 3243 824 3314 quod
853 3253 933 3298 est
962 3242 1213 3312 primum,
1246 3238 1445 3293 habere
1470 3236 1610 3291 filios
1644 3234 1916 3299 florentes,
1947 3243 2003 3291 et
2035 3234 2191 3303 juve-

600 3335 780 3390 niliter
802 3333 1151 3396 exsultantes,
1174 3344 1374 3399 eosque
1403 3328 1679 3397 utriusque
1697 3341 1883 3382 sexus.
1908 3324 2196 3396 Subiunxit

601 3443 769 3498 ergo:
806 3425 958 3480 Filia:
998 3441 1173 3480 eorum
1198 3423 1506 3493 composites,
1538 3422 1927 3475 circumornala:
1950 3428 2007 3473 ut
2045 3418 2193 3473 simi-

603 3518 763 3573 litudo
793 3516 985 3587 templi.
1014 3516 1113 3571 llic
1137 3530 1242 3570 una
1269 3528 1391 3570 cum
1429 3513 1709 3583 iuventute
1750 3511 1974 3566 multum
2011 3511 2193 3567 luxum

603 3610 855 3677 ostendit,
885 3609 1042 3664 vittas
1064 3623 1245 3664 earum
1267 3605 1630 3676 mundumque
1656 3605 1975 3661 muliebrem
2002 3604 2197 3661 descri-

602 3705 699 3769 bit,
746 3719 866 3774 qum
914 3702 1131 3771 quidem
1181 3702 1425 3756 oriuntur
1471 3714 1538 3754 ex
1577 3712 1764 3769 magna
1818 3698 2192 3769 prOSperitate.

603 3795 807 3851 Deinde
833 3793 974 3865 quod
1014 3793 1221 3848 videtur
1253 3806 1376 3847 esse
1410 3788 1725 3856 secundum,
1754 3788 1984 3845 fortasse
2014 3798 2193 3844 autem

604 3904 744 3943 nunc
769 3895 853 3943 est
898 3886 1146 3956 primum,
1194 3884 1404 3940 divitias
1444 3897 1633 3938 rursus
1669 3881 1925 3937 describit
1963 3880 2147 3937 dicens
2177 3898 2191 3935 :

605 3982 694 4036 45.
722 3978 1085 4047 Promptuaria
1109 3992 1283 4030 eorum
1311 3976 1481 4046 plena,
1527 3974 1803 4029 eructanlia
1831 3989 1895 4027 ea:
1918 3973 2016 4026 hoc
2051 3972 2107 4026 in
2130 3972 2197 4026 il-

605 4072 713 4125 lud.
749 4069 885 4136 Quid
930 4078 1031 4134 est,
1078 4068 1378 4122 Eructantia
1414 4082 1478 4121 ea:
1500 4066 1596 4120 ltoc
1642 4067 1696 4119 in
1740 4065 1914 4121 illud?
1961 4067 2194 4135 Angusta

604 4160 988 4232 promptuaria,
1013 4159 1203 4229 inquit,
1228 4172 1335 4213 non
1355 4167 1576 4228 possunt
1594 4171 1785 4226 capere
1808 4156 2042 4212 divitias.
2069 4153 2198 4208 Oves

607 4272 782 4310 eorum
811 4259 1002 4323 (classe,
1030 4252 1340 4306 abundantes
1375 4252 1432 4305 in
1462 4248 1737 4321 egressibus
1768 4249 1893 4304 suis.
1922 4249 2009 4303 Μ.
2035 4246 2197 4301 Boves

603 4364 781 4402 eorum
809 4361 1013 4400 crassis.
1043 4344 1168 4400 Haec
1197 4359 1408 4415 quoque
1435 4359 1538 4398 non
1570 4342 1848 4397 videbatur
1888 4356 2047 4411 parva
2075 4339 2197 4395 feli-

605 4441 760 4494 citas.
794 4437 950 4509 Apud
989 4439 1236 4508 antiquos
1267 4437 1412 4492 enim
1456 4437 1509 4490 in
1552 4433 1636 4489 bis
1661 4435 1777 4489 sitm
1801 4442 1954 4488 erant
1976 4432 2193 4497 divitite,

608 4533 660 4586 in
691 4530 970 4596 armentis,
1008 4529 1256 4600 gregibus
1295 4536 1349 4583 et
1389 4526 1705 4592 seminibus,
1752 4525 2058 4597 priusquam
2112 4524 2197 4578 in-

607 4629 765 4676 venta
782 4630 926 4677 esset
941 4619 1196 4675 hodierna
1218 4619 1407 4674 inertia
1432 4625 1489 4673 et
1514 4617 1783 4672 mollities.
1811 4615 1935 4670 Non
1957 4624 2032 4670 est
2050 4614 2198 4669 ruina

610 4712 860 4778 maceria,
890 4726 1048 4782 neque
1076 4711 1337 4766 transitus.
1385 4710 1497 4766 Hoc
1538 4717 1643 4775 est,
1686 4708 1744 4763 ln
1786 4707 1930 4779 agris
1960 4705 2199 4762 colendis

605 4816 801 4873 magna
842 4801 1125 4858 adhibetur
1169 4815 1319 4868 cura,
1367 4798 1641 4871 diligentia
1684 4807 1742 4855 et
1784 4798 2042 4864 studium,
2072 4812 2196 4852 cum

610 4894 815 4949 fructus
840 4892 1129 4955 luxurient,
1158 4905 1314 4962 sepes
1340 4900 1505 4953 stent,
1533 4892 1688 4947 vinea
1717 4890 1953 4962 undique
1991 4889 2198 4945 consita

607 4988 679 5042 sit
712 4995 767 5041 et
790 4984 1014 5040 munita.
1057 4981 1237 5055 Neque
1260 4984 1455 5038 clamor
1477 4984 1532 5037 in
1570 4984 1754 5054 plateis
1790 4999 1984 5038 eorum.
2024 4982 2195 5047 Alius,

608 5081 679 5136 In
727 5080 871 5134 atriis
908 5093 1102 5133 eorum.
1144 5076 1303 5133 Aliud
1332 5090 1501 5148 genus
1543 5075 1931 5147 prosperitatis,
1970 5074 2066 5129 sed
2092 5088 2197 5128 non

609 5191 733 5230 cum
760 5173 1178 5245 quibuscumque
1217 5170 1415 5226 divitiis
1453 5170 1770 5240 acquisitum
1810 5185 1823 5222 :
1853 5182 2045 5236 nempe
2072 5182 2195 5236 pax,

606 5266 985 5339 tranquillitas,
1012 5274 1065 5320 et
1093 5265 1382 5329 securitas;
1415 5262 1593 5316 nullus
1633 5260 1721 5333 qui
1765 5267 1915 5330 paret
1959 5259 2194 5322 insidias,

610 5360 791 5415 nullus
818 5359 907 5429 qui
935 5357 1134 5412 bellum
1156 5365 1325 5425 gerat,
1355 5354 1449 5411 sed
1480 5368 1580 5409 nec
1614 5353 1870 5408 tumultus
1905 5350 2066 5416 ullus,
2099 5366 2199 5406 nec

610 5451 964 5522 perturbatio.
1006 5450 1096 5505 £5.
1140 5446 1355 5505 Beatum
1395 5448 1632 5502 dixerunt
1680 5444 1944 5517 populum,
1983 5444 2063 5497 cui
2091 5444 2198 5498 Ilch

610 5554 749 5600 sunt.
779 5541 971 5598 Beatus
999 5543 1238 5614 populus,
1260 5541 1406 5610 cuius
1428 5539 1678 5595 Dominus
1694 5538 1833 5594 Deus
1851 5538 1979 5611 ejus.
2006 5534 2199 5591 Vidisti

673 5642 755 5708 ρει)
783 5642 866 5691 Gt'.
894 5644 1330 5708 emtsaroqtilausc.
1358 5643 1442 5695 Sic
1459 5644 1508 5708 iu
1530 5643 1935 5708 inscriptionibus
1961 5653 2197 5708 vocantur

618 5703 808 5769 milites
849 5703 907 5752 ad
954 5703 1323 5769 imperatorum,
1358 5706 1635 5769 praesidium
1683 5703 1957 5769 :deputati,
1985 5706 2198 5769 Neronis

624 5761 833 5833 Cwsart's
854 5761 1059 5833 corpore
1080 5774 1255 5833 custos.
1299 5761 1493 5833 Claudii
1510 5765 1729 5833 _t,'a:._sa_ris
1753 5761 1957 5833 Augusti
1977 5767 2198 5833 corporis

621 5824 1273 5892 custos.__tlgr’ente_adbuc
1324 5831 1464 5879 home
1510 5828 1790 5880 Latinitatis
1830 5824 2030 5881 sarculo.
2064 5824 2197 5881 Vide

621 5886 864 5945 Autiquit.
891 5886 1031 5937 Tom.
1068 5890 1115 5949 5,
1143 5904 1191 5952 p.
1221 5889 1293 5938 16.

1337 364 1394 421 s.
1435 361 1712 420 JOANNlS
1746 356 2222 416 cunvsosrout
2262 358 2579 418 ARClllEP.
2621 334 3154 421 consummes.
3702 379 3770 435 tu,

2288 476 2385 530 viri
2432 479 2717 535 virtutem?
2763 481 3047 552 Postquam
3094 498 3281 540 omnes
3309 485 3509 543 divitias
3533 489 3776 555 adduxit.ct

2285 582 2376 621 eas
2403 570 2581 626 verbis
2625 583 2976 643 persequutus
3015 585 3119 641 est,
3163 585 3218 632 et
3262 577 3448 636 deinde
3486 583 3610 652 vulgi
3642 583 3695 641 de
3724 589 3778 642 eis

2284 663 2602 717 sententiam
2627 665 2821 732 attulit,
2851 682 2917 721 ex
2947 666 3029 723 bis
3057 668 3189 723 nihil
3213 670 3261 723 ei
3288 669 3495 726 humani
3514 675 3687 740 accidit,
3711 694 3780 733 nec

2284 766 2378 805 eos
2415 769 2533 808 esse
2561 755 2747 812 beatos
2774 758 3044 814 existimat
3085 761 3173 829 qui
3204 760 3316 816 lucc
3343 763 3613 833 possident,
3635 768 3706 821 sed
3724 769 3782 825 bis

2285 846 2534 901 omnibus
2586 852 2993 919 praetermissis,
3043 852 3111 907 ad
3153 869 3337 909 verum
3377 854 3652 912 thesaurum
3681 874 3783 913 suam

2286 938 2525 992 extendit
2550 938 2953 996 beatitudinem.
3003 943 3127 1009 Alii,
3179 945 3362 1016 inquit,
3393 961 3483 1001 eos
3506 948 3585 1017 qui
3610 948 3783 1003 lia-cln-

2286 1027 2447 1094 bent,
2477 1031 2661 1087 beatos
2689 1048 2807 1089 esse
2833 1033 3083 1090 dixerunt
3117 1055 3130 1090 :
3172 1053 3271 1108 ego
3305 1047 3475 1093 autem
3503 1039 3687 1095 beatum
3708 1043 3785 1096 exi.

2286 1122 2446 1177 stimo
2461 1124 2734 1193 populum,
2763 1126 2921 1196 Cujus
2942 1136 3015 1181 est
3038 1126 3287 1183 Dominus
3306 1129 3439 1185 Deus
3458 1131 3558 1201 ejus
3579 1147 3596 1184 :
3622 1133 3703 1187 hoc
3718 1149 3785 1187 uno

2287 1213 2575 1268 ostendens
2593 1229 2806 1270 omnem
2833 1216 3157 1285 felicitatem,
3185 1234 3371 1276 omnes
3389 1220 3627 1277 bonorum
3645 1225 3786 1295 copias,

2287 1318 2476 1358 omnes
2512 1320 2661 1374 opes.
2711 1307 2804 1362 Illa
2828 1309 2971 1364 enim
3010 1310 3376 1378 praeterfluunt
3422 1321 3475 1367 et
3525 1320 3786 1382 praetereunt,

2289 1392 2405 1449 lucc
2425 1411 2553 1449 vero
2583 1396 2854 1452 beatitudo
2885 1410 3065 1454 manet
3090 1411 3362 1472 perpetuo,
3393 1418 3509 1459 cum
3538 1420 3623 1474 pro
3640 1406 3789 1470 ovibus,

2288 1485 2430 1551 ﬁliis,
2461 1487 2652 1557 bobus,
2672 1490 2986 1560 sepimento,
3017 1501 3070 1548 et
3094 1493 3269 1559 vinea,
3294 1494 3389 1550 Dei
3408 1494 3653 1550 beatitudo
3672 1494 3788 1550 futura

2289 1578 2359 1631 sit
2397 1578 2613 1644 divitia,
2645 1582 2924 1647 securitas,
2969 1596 3021 1637 et
3053 1600 3242 1639 murus
3270 1586 3680 1657 inexpugnabilis.
3702 1588 3789 1642 Cum

2290 1681 2352 1721 ea
2382 1683 2510 1739 ergo
2536 1669 2729 1725 auditis
2751 1711 2768 1738 ,
2813 1673 2958 1728 nullo
2986 1689 3171 1730 eorum
3199 1677 3589 1746 perturbemini,
3627 1678 3701 1733 sed
3720 1693 3793 1730 um-

2291 1764 2417 1820 bras
2445 1777 2941 1837 praetercurrentes,
2985 1770 3264 1826 veritatem
3295 1771 3669 1842 apprehendite.
3691 1771 3793 1827 Prius

2291 1859 2434 1914 enim
2460 1859 2594 1915 dixit
2642 1860 2910 1917 hominem
2960 1864 3188 1920 similem
3226 1879 3348 1921 esse
3392 1867 3613 1932 vanitati,
3651 1875 3693 1922 et
3721 1867 3793 1920 dies

2291 1954 2407 2023 ejus
2434 1962 2700 2026 tamquam
2727 1956 2972 2013 umbram
2998 1957 3295 2028 praeterire.
3324 1959 3381 2014 Si
3416 1958 3600 2015 videris
3623 1974 3721 2029 ergo
3734 1958 3792 2012 alio

2291 2060 2427 2116 quos
2455 2046 2538 2102 his
2562 2049 2812 2103 omnibus
2841 2047 3145 2116 afﬂuentes,
3173 2051 3226 2106 in
3265 2052 3473 2108 scelere
3497 2051 3638 2107 vitam
3658 2065 3791 2121 agere:

2291 2138 2503 2192 etiamsi
2528 2138 2807 2194 universus
2834 2147 3096 2196 terrarum
3134 2142 3281 2198 orbis
3322 2158 3418 2200 eos
3458 2143 3626 2200 beatos
3644 2141 3793 2212 judicel.

2296 2236 2351 2282 tu
2378 2243 2471 2284 eos
2495 2245 2615 2286 esse
2637 2230 2875 2288 infelices
2903 2241 2958 2288 et
2999 2234 3227 2290 miseros
3251 2235 3492 2291 existima
3521 2252 3534 2288 :
3569 2251 3649 2290 eos
3678 2242 3794 2287 autem

2292 2318 2381 2388 qui
2410 2335 2468 2375 se
2507 2320 2619 2377 Deo
2656 2321 2989 2389 dedicarunt,
3028 2324 3208 2381 felices
3242 2336 3297 2381 et
3341 2326 3522 2383 beatos
3539 2336 3711 2396 reputa.
3730 2324 3796 2379 Nos

2296 2425 2428 2465 vero
2452 2425 2640 2467 omnes
2681 2427 2776 2485 eas
2813 2428 3026 2485 semper
3071 2414 3287 2472 divitias
3313 2432 3619 2488 quaeramus,
3648 2425 3693 2471 et
3712 2416 3797 2467 hanc

2295 2502 2716 2560 beatitudinem:
2745 2515 2804 2561 ut
2830 2514 2886 2563 et
2910 2508 3196 2577 praesentia
3226 2508 3368 2565 bona
3411 2519 3463 2565 et
3505 2507 3655 2564 futura
3673 2520 3798 2562 mnsa-

2294 2610 2543 2665 quamur,
2589 2599 2761 2668 gratia
2808 2607 2863 2654 et
2906 2600 3272 2656 misericordia
3319 2602 3527 2657 Domini
3559 2598 3798 2656 nostrilcsu

2293 2687 2515 2757 Christi,
2544 2689 2630 2744 cui
2657 2690 2826 2760 gloria
2846 2698 2900 2746 et
2925 2691 3227 2761 imperium,
3250 2693 3307 2748 in
3329 2694 3517 2750 saecula
3541 2691 3797 2749 sucularum.

2297 2782 2489 2839 Amen.

2748 2898 2816 2955 IN
2847 2898 3171 2957 PSALMUM
3197 2899 3428 2957 CXLIV.

2297 3009 2324 3064 1
2338 3049 2353 3064 .
2380 3008 2631 3064 Exaltabo
2652 3016 2719 3077 te,
2737 3007 2877 3065 Deus
2903 3026 3061 3077 meus,
3089 3009 3203 3065 Rea:
3220 3027 3396 3067 meus:
3418 3020 3465 3066 et
3489 3010 3730 3067 benedicant
3743 3021 3798 3057 no-

2463 3100 2592 3154 mini
2618 3108 2706 3155 tuo
2724 3100 2779 3154 in
2802 3100 3067 3168 naculum,
3098 3110 3145 3156 et
3168 3102 3222 3156 in
3243 3102 3489 3157 swculum
3513 3100 3682 3157 saeculi.

2371 3214 2424 3269 Ι.
2454 3213 2671 3270 Carnem
2707 3223 2754 3269 et
2778 3215 3075 3287 sanguinem
3114 3214 3310 3270 Christi
3342 3216 3550 3271 edimus.
3592 3208 3801 3268 Benedictio

2298 3322 2389 3379 per
2406 3322 2489 3360 res
2507 3307 2665 3378 ipsas.
2697 3305 2867 3361 Homo
2892 3323 2984 3361 cur
3008 3307 3196 3376 factus.
3224 3305 3332 3362 Dei
3354 3308 3409 3363 in
3433 3323 3520 3362 nos
3538 3304 3802 3372 beneﬁcia-

2297 3397 2399 3452 llic
2424 3397 2667 3453 Psalmus
2698 3398 2982 3466 diligenter
3017 3397 3380 3456 attendendus
3404 3407 3503 3456 est.
3532 3397 3619 3452 Hic
3638 3394 3744 3451 enim
3764 3389 3802 3443 iis

2298 3497 2508 3546 constat
2535 3490 2733 3558 verbis,
2757 3506 2875 3562 quae
2898 3491 2987 3562 qui
3015 3499 3143 3547 sunt
3169 3492 3443 3563 mysteriis
3462 3490 3638 3548 nostris
3658 3482 3801 3543 initiati.

2297 3581 2510 3636 assidue
2538 3581 2818 3637 succinuut
2856 3582 3094 3639 dicentes
3125 3600 3140 3638 :
3176 3582 3332 3638 Oculi
3356 3584 3568 3639 omnium
3590 3583 3637 3635 in
3674 3588 3802 3643 tetat-

2298 3680 2435 3739 rant,
2463 3680 2510 3726 et
2536 3681 2591 3726 tu
2626 3673 2721 3727 das
2745 3673 2912 3727 cibum
2948 3689 3122 3728 eorum
3148 3674 3202 3727 in
3228 3682 3454 3745 tempore
3480 3679 3722 3743 opportuno
3752 3663 3802 3731 (⁸)

2300 3763 2371 3836 (v.
2407 3761 2519 3834 l5).
2543 3764 2645 3832 Qui
2670 3765 2812 3819 enim
2838 3765 2976 3820 tilias
3004 3762 3174 3819 factus
3203 3773 3310 3832 est,
3340 3773 3400 3821 et
3422 3776 3595 3820 mensa
3617 3752 3803 3830 spirituali

2300 3856 2514 3923 fruitur,
2535 3857 2693 3928 digne
2716 3867 2918 3926 patrem
2946 3856 3116 3927 gloria
3136 3854 3398 3911 al‘fecerit.
3415 3855 3575 3911 Filius
3599 3844 3800 3911 enim.aiL

2301 3951 2554 4022 gloriﬁcat
2598 3958 2791 4021 patrem
2814 3989 2830 4015 ,
2883 3958 2931 4004 et
2980 3965 3151 4004 servus
3203 3948 3470 4004 dominum
3508 3961 3639 4003 suum
3679 3935 3803 3996 tundit

2302 4041 2558 4110 (Malaclt.
2589 4041 2641 4096 1.
2671 4038 2749 4111 6).
2779 4039 2971 4094 Factus
3011 4054 3074 4096 es
3109 4038 3272 4108 filius,
3309 4050 3367 4096 et
3407 4052 3582 4095 mensa
3617 4024 3802 4106 spirituali

2302 4131 2518 4197 frueris,
2548 4131 2838 4187 comedens
2860 4146 3076 4187 carnem
3112 4138 3167 4187 et
3203 4133 3515 4203 sanguinem
3555 4128 3671 4198 ejus,
3693 4121 3803 4192 quite

2300 4223 2647 4294 regeneravit
2669 4241 2686 4278 :
2711 4222 2853 4280 refer
2874 4224 3049 4294 itaque
3070 4224 3295 4296 gratiam
3319 4239 3418 4295 pro
3438 4230 3577 4279 tanto
3598 4211 3802 4275 beneﬁcio.

2302 4325 2358 4374 et
2384 4332 2505 4372 eum
2531 4316 2622 4386 qui
2660 4315 2777 4371 haec
2802 4316 3051 4385 praebuit,
3077 4315 3245 4385 gloria
3266 4325 3323 4372 et
3346 4316 3545 4371 honore
3570 4310 3713 4371 attice,
3729 4315 3804 4357 ver-

2302 4407 2476 4478 baque
2514 4407 2694 4474 legens
2713 4421 2975 4476 compone
3002 4415 3234 4462 mentem
3276 4407 3344 4462 ad
3373 4422 3435 4462 ea
3462 4419 3574 4476 qua:
3592 4402 3802 4456 dicuntur:

2302 4508 2357 4555 et
2406 4513 2528 4555 cum
2571 4499 2725 4567 dicis,
2773 4497 3023 4553 Exaltabo
3066 4507 3131 4563 te,
3189 4497 3330 4554 Deus
3380 4514 3540 4565 meus,
3581 4495 3802 4550 Rectam.

2302 4592 2524 4649 ostende
2554 4607 2799 4662 magnam
2831 4590 3244 4648 familiaritatem
3272 4601 3326 4647 et
3350 4588 3751 4662 conjunctionem.
3772 4583 3807 4629 ιιι

2302 4686 2371 4743 de
2397 4697 2449 4742 te
2477 4687 2635 4743 etiam
2679 4687 2821 4742 dicat
2860 4686 3022 4753 Deus,
3065 4686 3204 4741 sicut
3230 4684 3378 4742 etde
3403 4681 3670 4742 Abraham,
3693 4673 3807 4728 Isaac.

2303 4787 2353 4835 et
2393 4778 2580 4845 Jacob,
2634 4776 2747 4850 Ego
2786 4794 2899 4832 sum
2937 4777 3076 4833 Deus
3116 4776 3397 4844 Abraham,
3447 4774 3580 4830 Deus
3621 4767 3753 4826 Isaac,
3782 4764 3808 4807 τι

2306 4872 2445 4927 Deus
2486 4871 2647 4926 Iacob
2674 4869 2868 4942 (Exod.
2911 4870 2968 4926 '5.
2998 4869 3078 4938 6).
3110 4867 3169 4924 Si
3197 4868 3345 4925 dicas
3373 4867 3532 4930 enim,
3561 4861 3681 4917 Deus
3695 4861 3807 4908 νείκει

2303 4976 2350 5021 et
2375 4968 2489 5022 Rea:
2514 4982 2671 5031 meus,
2702 4980 2803 5021 nec
2838 4978 2971 5019 voce
3003 4963 3150 5018 dicas
3179 4969 3406 5026 tantum,
3444 4956 3535 5015 sed
3563 4954 3681 5010 hanc
3698 4944 3807 5001 etiam

2301 5057 2555 5114 ostendas
2594 5056 2902 5122 caritatem,
2951 5054 3066 5125 ipse
3108 5068 3316 5124 quoque
3363 5051 3477 5106 hzec
3512 5047 3574 5103 de
3616 5053 3660 5098 te
3692 5036 3807 5125 dica-

2304 5150 2504 5206 Scrvus
2537 5162 2690 5204 meus
2726 5156 2783 5203 et
2808 5124 3038 5201 famulus
3069 5158 3218 5200 meus
3244 5160 3260 5196 :
3287 5141 3428 5213 quod
3452 5139 3599 5196 etiam
3623 5131 3680 5187 de
3709 5124 3807 5221 Μοξθ

2305 5241 2500 5297 dictum
2528 5248 2631 5296 est.
2668 5238 2733 5293 Et
2758 5237 3045 5293 bcnedicam
3064 5235 3259 5291 nomini
3286 5244 3374 5288 tuo
3402 5234 3454 5287 in
3473 5225 3703 5285 siccatum,
3725 5225 3758 5270 el
3773 5225 3808 5263 ιι

2303 5330 2546 5387 suculam
2572 5331 2765 5387 seaculi.
2794 5329 2982 5385 Vidisti
3002 5328 3268 5399 quomodo
3295 5322 3524 5381 ostendit
3544 5319 3650 5373 vita:
3674 5311 3807 5364 futura?

2306 5423 2563 5495 prooemia
2594 5422 2618 5476 ?
2662 5420 3094 5478 Benedictionent
3143 5427 3321 5473 autem
3360 5415 3448 5473 hic
3481 5405 3701 5467 ostendit,
3734 5405 3805 5495 not!

2306 5493 2425 5586 qua:
2456 5515 2517 5570 lit
2543 5530 2637 5584 per
2663 5513 2844 5579 verba,
2877 5511 2973 5569 sed
3007 5526 3127 5581 quae
3180 5525 3274 5580 per
3310 5524 3396 5563 res
3441 5506 3587 5575 ipsas.
3626 5495 3689 5549 lla
3718 5493 3805 5550 εηξυ

2368 5630 2449 5699 (ιι)⁹
2488 5629 2599 5697 Gr._
2625 5624 2973 5699 Motpdizlouat.
3027 5620 3151 5699 Hinc
3177 5618 3434 5699 ‘dtsciJmus
3456 5615 3592 5699 Elge

2310 5671 2449 5760 οειῑίε
2470 5671 2685 5740 οἷιὲὶιὶηὶἰέ
2700 5671 2773 5760 ζῑη
2810 5689 2880 5760 τε,
2896 5671 3109 5757 sperant.
3144 5690 3189 5734 et
3213 5688 3261 5730 ιιι
3298 5678 3387 5730 das
3423 5671 3786 5760 autem

2858 5725 3019 5823 fuisse
3033 5725 3341 5823 responsum,
3361 5725 3798 5823 quod;

2545 5786 3057 5923 :eEIaiiiiwprtseuiitc
3082 5825 3094 5870 ;
3121 5786 3229 5871 rqua
3255 5808 3316 5856 de
3331 5786 3399 5853 ’τὲ
3434 5810 3569 5863 supra
3600 5792 3642 5841 in
3667 5786 3763 5836 H001

2307 5890 2331 5925 a
2429 5888 2478 5924 sa
2506 5889 2568 5924 m.
2667 5909 2679 5924 .

2307 5888 2365 5926 au
2393 5888 2568 5925 t'satm.
2606 5888 2679 5924 ιι.
