3928 6408
101 302 218 360 465

97 417 382 472 exaltatur
429 411 588 478 Deus,
639 410 708 466 ita
749 405 1095 464 benedicitur.
1146 406 1219 460 lla
1256 409 1414 460 etiam
1456 406 1704 476 juhemnr

99 509 294 562 dicere
323 505 374 558 in
411 503 714 572 precatione
757 517 770 554 :
819 499 1175 566 Sanctiﬁcetm-
1202 514 1380 550 nomen
1411 507 1572 563 tuum,
1607 496 1707 550 hoc

103 607 215 663 est,
249 595 599 668 glorificetur.
630 593 684 647 2.
725 592 825 646 Per
852 591 1076 662 singulos
1115 586 1222 644 dies
1266 591 1549 643 benedicam
1595 591 1701 654 tibi,

100 702 154 746 et
182 689 410 746 laudabo
438 705 617 744 nomen
644 697 785 740 tuum
813 687 866 740 in
904 686 1167 751 steculum,
1195 693 1241 737 et
1271 685 1322 737 in
1345 685 1583 738 steculum
1611 699 1707 736 sa:-

104 785 236 839 ruli.
264 783 435 848 Alius,
469 780 532 834 In
558 779 800 836 saxulum
823 788 1083 848 perpetuo.
1110 777 1220 831 Hoc
1244 787 1326 832 est
1355 777 1406 830 in
1431 776 1612 845 primis
1635 775 1706 845 pii

106 874 307 940 animi,
334 888 361 925 a
394 871 551 926 rebus
577 886 692 941 qum
721 869 786 923 ad
815 869 1012 924 victum
1042 867 1310 937 pertinent
1338 867 1615 920 liberatum
1647 881 1706 920 se

108 966 335 1038 hymnis
358 963 624 1018 dedicare.
653 962 830 1030 Turpe
851 961 992 1013 enitn
1022 959 1196 1019 fuerit,
1230 967 1287 1011 ut
1330 957 1488 1010 homo
1507 958 1594 1027 qui
1626 965 1709 1010 est

106 1071 340 1126 compos
383 1054 623 1118 rationis,
652 1059 708 1106 et
733 1050 980 1105 omnibus
1009 1066 1127 1120 qua:
1170 1049 1414 1103 videntur
1451 1058 1709 1118 prazstan-

107 1154 240 1213 tior,
269 1151 341 1203 sit
366 1158 606 1202 creatura
637 1147 688 1200 in
718 1145 808 1199 Dei
835 1145 1078 1199 laudibus
1105 1142 1321 1196 inferior
1354 1161 1367 1197 :
1398 1157 1502 1196 non
1534 1143 1705 1196 solum

108 1251 297 1296 autem
328 1251 498 1308 turpe,
524 1252 702 1292 verum
724 1235 882 1291 etiam
905 1235 1208 1289 absurdum.
1236 1233 1512 1301 Quomodo
1531 1242 1706 1286 autem

111 1349 225 1386 non
274 1330 586 1396 absurdum,
635 1328 894 1398 siquidem
951 1328 1064 1397 ipsa
1099 1325 1333 1396 quotidie
1380 1334 1538 1396 atque
1577 1326 1710 1379 adeo

109 1423 347 1493 singulis
399 1421 544 1474 horis
581 1419 776 1474 emittit
818 1418 1038 1471 Domino
1073 1412 1548 1486 glorifi'cationem?
1589 1413 1710 1469 Cwli

111 1515 286 1578 enim,
323 1512 510 1582 inquit,
543 1518 779 1563 enarrant
803 1509 1019 1579 gloriam
1059 1507 1173 1571 Dei,
1207 1516 1250 1560 et
1280 1524 1433 1577 opera
1472 1523 1711 1560 manuum

113 1607 230 1674 ejus
255 1602 526 1656 annuntiat
555 1601 947 1670 ﬁrmamentum.
980 1597 1103 1651 Dies
1141 1599 1238 1650 diei
1269 1607 1460 1650 eructat
1486 1597 1708 1663 verbum,

115 1708 166 1751 et
217 1713 324 1749 no.1:
378 1694 511 1748 nocti
563 1694 753 1747 indicat
791 1693 1048 1745 scientiam
1077 1691 1246 1762 (Psal.
1280 1691 1365 1746 18.
1406 1690 1460 1743 2.
1493 1687 1568 1760 5).
1600 1690 1710 1754 Sol,

117 1789 267 1848 luna,
313 1787 488 1838 varius
521 1792 784 1845 astrorum
825 1785 1040 1845 chorus,
1070 1791 1124 1835 ct
1164 1781 1546 1850 pulcherrimus
1583 1780 1714 1832 ordo

117 1889 440 1932 ceterorum
468 1876 703 1929 omnium
734 1890 887 1928 suum
918 1873 1169 1944 prazdicat
1198 1874 1473 1942 Opifieem.
1505 1874 1602 1940 Qui
1633 1883 1716 1926 est

119 1986 252 2040 ergo
283 1968 368 2022 his
396 1967 642 2022 omnibus
670 1967 1004 2036 praestantior
1048 1967 1090 2019 si
1122 1965 1222 2019 hoc
1263 1981 1365 2018 non
1403 1966 1577 2026 faciat,
1619 1965 1712 2018 sed

121 2064 289 2115 etiam
346 2060 508 2112 vitam
567 2067 687 2128 agat
737 2073 856 2127 qua:
909 2057 1215 2112 Creatorem
1275 2071 1428 2111 suum
1477 2056 1714 2110 maledici

125 2161 406 2223 procuret,
434 2151 700 2220 quomodo
720 2150 818 2204 erit
839 2151 885 2204 is
905 2151 1093 2219 dignus
1115 2150 1215 2203 ulla
1247 2152 1416 2212 venia,
1446 2158 1535 2204 aut
1559 2166 1715 2217 quam

127 2247 328 2315 poterit
364 2243 552 2298 afferre
579 2244 658 2297 sui
690 2243 1076 2310 defensionem,
1122 2257 1243 2296 enm
1271 2241 1360 2312 qui
1398 2243 1516 2296 ideo
1552 2244 1718 2296 factus

125 2348 232 2399 est,
265 2347 321 2389 ut
350 2336 454 2389 Deo
485 2336 707 2404 placeat,
748 2343 804 2390 ct
831 2351 1050 2405 regnum
1083 2333 1314 2388 futurum
1342 2344 1715 2404 consequatur,

127 2430 248 2497 ejus
271 2427 489 2497 quidem
520 2427 720 2480 nullam
752 2427 912 2480 ducat
938 2427 1217 2492 rationem,
1248 2427 1340 2480 sed
1370 2426 1595 2494 negotiis
1621 2440 1722 2478 5:1:-

129 2520 399 2575 cularibus
426 2519 672 2586 curisque
703 2518 982 2572 mundanis
1021 2533 1078 2572 se
1109 2517 1377 2586 implicet?
1403 2519 1471 2571 At
1507 2517 1593 2572 hic
1615 2533 1719 2571 non

130 2611 272 2673 talis,
313 2608 406 2662 sed
450 2623 542 2677 per
569 2617 730 2661 totam
770 2607 926 2661 vitam
958 2607 1214 2662 offerebat
1244 2607 1351 2662 Deo
1381 2608 1584 2674 laudes,
1617 2623 1721 2662 non

131 2702 306 2756 solum
333 2700 530 2764 verbis,
559 2701 652 2754 sed
696 2699 854 2753 rebus
896 2699 1043 2768 ipsis,
1078 2700 1185 2752 Deo
1206 2699 1346 2754 enim
1375 2701 1534 2754 multa
1563 2701 1728 2756 debe-

134 2809 276 2856 mus,
300 2792 441 2862 qnod
472 2800 524 2844 et
549 2807 669 2845 cum
700 2807 802 2846 non
826 2807 1066 2847 ess-mus
1107 2790 1318 2856 fecerit,
1347 2802 1399 2847 et
1426 2793 1566 2862 quod
1595 2794 1726 2847 tales

136 2883 421 2944 creaverit,
453 2891 507 2937 et
531 2883 696 2938 factos
727 2893 872 2952 regat
901 2894 954 2937 et
973 2885 1263 2948 contineat,
1294 2893 1348 2938 et
1384 2883 1524 2950 quod
1556 2885 1729 2952 quoti-

139 2977 224 3030 die
247 2986 353 3028 tam
380 2974 624 3043 privatim
645 2989 800 3043 quam
829 2976 1182 3029 communiter
1203 2974 1499 3044 provideat,
1529 2975 1726 3028 nostri-

139 3081 245 3136 que
273 3081 451 3119 curam
489 3073 656 3133 gerat,
700 3065 855 3134 idque
882 3065 1018 3119 clam
1055 3077 1108 3119 et
1145 3074 1354 3133 aperte,
1395 3065 1652 3134 nobisque
1676 3073 1732 3120 et

142 3156 434 3213 scientibus
465 3163 519 3210 et
552 3145 931 3210 nescientibus.
961 3155 1096 3221 Quid
1118 3156 1258 3210 enim
1288 3168 1422 3222 Opus
1449 3164 1530 3209 est
1549 3155 1731 3210 dicere

146 3264 268 3317 qua:
308 3247 402 3301 sub
446 3255 721 3316 aspectum
759 3247 978 3311 cadunt,
1011 3261 1126 3316 qua:
1167 3256 1389 3316 propter
1429 3260 1526 3300 nos
1576 3245 1731 3299 fecit?

147 3338 520 3403 ministerium,
549 3337 688 3408 quod
711 3337 820 3407 ipsa
851 3338 1108 3406 prmbent,
1131 3338 1372 3407 corporis
1392 3338 1734 3392 constitutio-

145 3449 292 3495 nem,
326 3431 518 3485 animte
569 3430 920 3497 nobilitatem,
972 3430 1332 3500 quotidianam
1363 3430 1479 3498 ejus
1517 3445 1736 3486 oecono-

147 3528 309 3583 miam
347 3534 401 3579 et
424 3524 960 3589 administrationem,
993 3539 1090 3594 per
1125 3523 1402 3588 miracula,
1437 3539 1530 3592 per
1569 3525 1732 3593 leges,

147 3636 247 3690 per
274 3617 564 3688 supplicia,
605 3618 804 3672 variam
841 3627 895 3671 et
933 3633 1052 3687 qua:
1093 3615 1472 3686 comprehendi
1505 3631 1610 3670 non
1642 3632 1737 3684 po-

152 3721 257 3766 test
299 3711 416 3778 ejus
457 3709 864 3778 providentiam,
897 3707 1156 3761 bonorum
1188 3707 1423 3760 omnium
1452 3721 1735 3773 summam,

151 3804 293 3872 quod
326 3819 392 3857 ne
421 3801 557 3856 Filio
581 3801 793 3872 quidem
821 3815 920 3855 suo
961 3801 1196 3870 pepercit
1237 3809 1451 3870 propter
1474 3817 1589 3865 nos,
1621 3817 1740 3870 qua:

154 3895 259 3954 iam
285 3892 406 3945 data
433 3899 554 3946 sunt
585 3907 678 3961 per
721 3890 1061 3960 baptismum,
1097 3906 1191 3958 per
1233 3901 1585 3954 sacramenta,
1621 3906 1741 3960 qua:

153 3985 328 4040 danda
358 3993 483 4038 sunt
508 3985 641 4040 bona
674 3984 760 4038 illa
788 3983 1093 4048 inell'abilia,
1121 3997 1363 4051 regnum,
1393 3984 1742 4038 resurrectio-

153 4095 302 4146 nem,
335 4078 683 4134 hereditatem
723 4077 930 4147 plenam
961 4076 1103 4130 omni
1146 4074 1504 4130 beatitudine?
1544 4075 1598 4130 Si
1626 4076 1744 4146 quis

156 4174 300 4228 enim
352 4188 514 4226 unum
562 4170 811 4242 quodque
852 4185 1036 4224 eorum
1087 4177 1402 4234 enumeret,
1453 4169 1649 4225 incidet
1691 4171 1742 4224 in

159 4264 430 4320 ineffabile
457 4264 674 4334 pelagus
714 4262 1092 4318 beneficiorum
1113 4301 1129 4327 ,
1163 4271 1218 4314 et
1246 4261 1444 4316 videbit
1481 4271 1611 4331 quot
1645 4276 1744 4315 no-

143 4355 395 4413 minibus
419 4357 489 4410 sit
518 4355 746 4425 benigno
775 4355 881 4409 Deo
902 4353 1164 4408 obnoxius
1191 4369 1204 4405 :
1237 4368 1340 4406 non
1368 4355 1539 4408 solum
1567 4362 1747 4408 autem

161 4457 382 4518 prepter
406 4447 538 4512 lucc,
564 4447 658 4503 sed
688 4447 850 4502 etiam
885 4455 1102 4514 prepter
1141 4445 1473 4514 maiestatem
1497 4446 1615 4514 ejus
1637 4446 1750 4514 glo-

165 4539 279 4602 the,
308 4549 522 4608 prepter
565 4537 914 4592 substantiam
943 4537 1010 4589 ab
1055 4536 1200 4590 omni
1242 4537 1456 4592 interitu
1497 4537 1746 4591 alienam.

165 4629 296 4683 Nam
329 4630 486 4683 etiam
520 4637 736 4699 propter
759 4643 878 4683 eam
904 4627 1128 4682 debetur
1165 4628 1212 4681 ei
1247 4642 1278 4682 a
1308 4628 1460 4681 nobis
1498 4629 1664 4696 gloria
1699 4635 1754 4682 et

167 4722 483 4786 benedictio,
515 4732 567 4775 et
592 4732 842 4791 perpetua
870 4722 1155 4790 gratiarum
1179 4719 1337 4786 aetio,
1369 4719 1541 4773 cultus
1569 4729 1622 4773 et
1648 4719 1753 4772 mi-

169 4815 443 4869 nisterium
486 4814 779 4868 assiduum.
812 4813 922 4867 lloc
966 4813 1139 4881 ipsum
1165 4827 1294 4882 ergo
1332 4812 1591 4882 prOpheta
1621 4825 1752 4880 quo-

167 4920 272 4973 que
296 4905 596 4975 signiﬁcans
622 4904 830 4960 dicebat
861 4922 872 4957 :
907 4905 958 4959 5.
1007 4902 1228 4972 Magnus
1261 4902 1524 4966 Dominus,
1569 4913 1614 4956 et
1645 4903 1757 4956 lau-

168 4996 356 5051 dabilis
383 4995 530 5048 nimis
554 5011 573 5049 :
600 5004 646 5048 et
677 4994 1036 5064 magnitudinis
1073 4994 1183 5063 ejus
1209 5009 1308 5046 non
1351 5001 1422 5046 est
1446 4993 1582 5059 linis.
1610 4991 1755 5061 Quo-

169 5088 315 5142 niam
346 5087 484 5141 enim
517 5086 668 5150 dixit,
701 5085 1003 5138 Benedicam
1033 5095 1079 5136 et
1106 5083 1345 5146 laudabo,
1379 5084 1610 5137 ostendit
1633 5100 1754 5138 eum

170 5197 278 5235 non
308 5194 466 5248 egere
497 5179 711 5233 nostris.
738 5176 982 5230 laudibus
1009 5191 1109 5230 nec
1147 5173 1624 5240 benedictionibus,
1660 5190 1758 5229 nec

169 5277 289 5339 ejus
325 5273 506 5342 gloriae
549 5270 747 5340 aliquid
788 5269 1042 5324 accedere
1081 5284 1112 5324 a
1155 5267 1400 5322 laudibus
1443 5283 1627 5322 eorum
1669 5269 1759 5338 qui

174 5365 494 5420 ministrant.
519 5363 645 5432 Ejus
665 5362 806 5417 enim
829 5360 1121 5415 substantia
1140 5367 1222 5415 est
1245 5359 1310 5414 ab
1327 5359 1542 5413 interitu
1563 5360 1758 5426 aliena,

170 5467 227 5513 et
256 5467 376 5527 eget
404 5457 550 5510 nullo
578 5456 702 5510 alio.
732 5455 832 5522 Qui
858 5465 1034 5510 autem
1063 5455 1231 5523 ipsum
1252 5453 1486 5515 laudant,
1516 5453 1616 5522 ipsi
1639 5469 1764 5507 cva-

170 5553 307 5604 dunt
331 5549 605 5604 clariores.
644 5548 760 5602 Non
801 5547 974 5602 solum
1019 5556 1196 5602 autem
1244 5556 1462 5616 prepter
1504 5548 1624 5613 hoc,
1668 5547 1764 5602 sed

170 5654 334 5698 etiam
381 5648 600 5712 propter
631 5639 980 5694 excellentem
1021 5639 1136 5707 ejus
1164 5637 1386 5708 gloriam
1414 5637 1636 5692 debetur
1662 5638 1708 5691 ei
1735 5653 1765 5693 a

171 5733 329 5789 nobis
355 5720 612 5800 laudaiio,
638 5738 692 5786 et
721 5730 843 5786 ideo
882 5729 983 5786 ho’c
1016 5731 1320 5802 significans
1357 5728 1509 5796 dixit,
1547 5727 1764 5798 Magnus

1217 291 1574 349 EXPOSITIO
1615 293 1679 350 IN
1720 294 2042 354 PSALMUM
2082 298 2310 357 CXLIV.

3290 309 3395 364 466

1812 407 2079 475 Dominus,
2099 422 2144 465 et
2173 412 2441 469 laudabilis
2457 417 2643 481 nimis;
2669 417 2770 474 hoc
2790 427 2888 485 est,
2913 419 3112 476 nullius
3133 421 3396 492 indigens.

1811 501 1944 564 Quid
1968 511 2068 566 est,
2108 502 2443 561 Laudabilis?
2487 509 2682 579 Dignus
2716 512 2806 580 qui
2840 512 3104 579 laudibus,
3141 515 3399 568 encomtis

1811 602 1864 647 et
1889 591 2101 663 hymnis
2127 595 2443 652 celebretur.
2468 599 2580 654 Non
2608 610 2693 656 est
2720 611 2896 658 autem
2933 605 3104 658 solum
3137 602 3397 658 Laudabi-

1811 685 1894 751 lis,
1925 685 2039 752 sed,
2073 684 2234 741 Valde
2261 687 2530 744 laudabilis
2550 706 2570 745 :
2595 701 2650 746 et
2693 693 2812 748 ideo
2857 694 2959 749 hoc
3001 694 3194 764 adjecit
3233 714 3246 750 :
3276 711 3401 750 cum

1811 785 1990 831 autem
2017 793 2173 847 quam
2204 779 2272 834 sit
2295 779 2595 847 laudabilis,
2640 785 2817 839 verbis
2865 801 2972 840 non
3011 797 3191 856 posset
3217 790 3400 856 expri-

1812 882 1980 933 mere,
2031 869 2325 939 subjunxit,
2366 871 2434 924 Et
2472 875 2833 944 magnitudinis
2871 877 2979 943 ejus
3007 894 3106 930 non
3135 887 3208 930 est
3238 879 3356 944 ﬁnis
3381 892 3404 931 .'

1811 959 1951 1028 quod
1982 959 2194 1030 quidam
2221 962 2355 1030 alius
2419 966 2692 1034 interpres
2741 965 2898 1031 dixit,
2964 964 3215 1022 Intentio.
3247 968 3401 1036 Quod

1812 1065 1988 1109 autem
2017 1056 2165 1122 dicit,
2197 1064 2279 1110 est
2304 1057 2563 1126 ejusmodi
2601 1077 2616 1111 :
2645 1058 2905 1126 Quoniam
2948 1075 3197 1130 magnum
3238 1062 3404 1114 babes

1816 1147 2118 1214 Dominum,
2147 1147 2221 1202 sis
2248 1163 2462 1218 quoque
2502 1158 2554 1203 tu
2585 1150 2845 1212 excelsus,
2873 1159 2929 1204 et
2965 1159 3017 1204 te
3042 1151 3230 1219 expedi
3258 1167 3286 1204 a
3320 1167 3402 1203 re-

1815 1238 1913 1292 bus
1942 1255 2058 1308 qua:
2084 1239 2150 1292 ad
2181 1238 2318 1293 hanc
2356 1239 2518 1294 vitam
2547 1243 2832 1310 pertinent.
2866 1242 3030 1297 Sume
3069 1243 3284 1311 spiritus
3312 1243 3402 1312 qui

1814 1339 2070 1399 superent
2097 1332 2436 1400 praesentium
2476 1349 2656 1387 rerum
2703 1333 3078 1399 humilitatem,
3112 1350 3217 1387 non
3247 1342 3304 1386 ut
3332 1334 3406 1386 sis

1815 1424 1956 1477 elato
1985 1423 2163 1476 animo
2185 1432 2238 1478 et
2267 1423 2522 1490 insolens,
2552 1425 2644 1479 sed
2669 1441 2859 1495 magno
2879 1435 2934 1481 et
2959 1427 3172 1481 excelso
3203 1428 3401 1480 animo.

1815 1515 1975 1570 Aliud
2018 1517 2157 1570 enim
2206 1517 2527 1586 arrogantia,
2584 1527 2639 1571 et
2689 1519 2833 1572 aliud
2875 1519 3183 1589 magnitudo
3220 1520 3404 1572 animi.

1817 1608 1912 1662 Est
1931 1608 2070 1662 enim
2097 1623 2374 1677 arrogans,
2419 1610 2506 1679 qui
2539 1619 2755 1678 propter
2795 1625 2881 1664 res
2922 1627 3109 1680 parvas
3134 1626 3192 1664 se
3218 1611 3404 1680 jactat,

1817 1709 1869 1752 et
1894 1714 2180 1754 conservos
2207 1700 2464 1770 deSpicit;
2493 1701 2600 1754 alto
2619 1709 2794 1755 autent
2822 1711 2904 1756 est
2922 1704 3120 1768 animo,
3147 1704 3232 1772 qui
3260 1718 3410 1757 men-

1820 1802 1871 1846 te
1901 1801 1982 1845 est
2025 1791 2259 1858 humilis,
2296 1801 2349 1847 et
2397 1793 2674 1861 praesentis
2715 1793 2835 1846 vita:
2866 1809 3088 1864 pompas
3131 1795 3259 1848 nihil
3290 1809 3408 1848 esse

1820 1885 2108 1938 existimat.

1890 1975 1944 2029 2.
1995 1976 2180 2030 Contra
2216 1976 2596 2030 Anomozos.—
2625 1976 2719 2032 Ubi
2752 1992 2892 2030 nunc
2934 1987 3054 2032 sunt
3101 1979 3186 2047 qui
3229 1978 3411 2031 dicunt

1821 2084 1880 2123 se
1910 2070 2074 2123 Deum
2099 2069 2168 2120 ita
2191 2083 2368 2130 nosse,
2401 2068 2536 2121 sicut
2564 2077 2618 2120 et
2660 2069 2771 2136 ipse
2808 2069 3040 2136 seipsum
3073 2067 3261 2121 novit?
3298 2071 3408 2120 Au-

1821 2160 1969 2212 diant
1996 2160 2308 2227 prophetam
2354 2159 2641 2223 dicentem,
2674 2158 3040 2228 Magnitudinis
3080 2159 3187 2227 ejus
3215 2175 3310 2210 non
3340 2167 3410 2210 est

1823 2250 1960 2318 finis,
1993 2259 2045 2304 et
2067 2250 2384 2303 erubescant
2409 2249 2476 2303 de
2507 2251 2710 2302 insania
2738 2245 2944 2321 sua(a).

1899 2341 2069 2412 Opera
2093 2340 2187 2394 Dei
2217 2343 2324 2411 ejus
2373 2341 2732 2410 providentiam
2762 2341 3046 2394 laudantia.
3069 2370 3140 2380 —
3167 2340 3222 2394 4.
3253 2338 3412 2392 Gene-

1825 2435 1954 2486 ratio
1975 2443 2019 2486 et
2039 2433 2294 2502 generatio
2335 2431 2559 2484 laudabit
2589 2448 2742 2499 opera
2764 2439 2870 2483 tua.
2899 2429 3050 2496 Quod
3081 2429 3254 2483 facere
3281 2444 3412 2481 con-

1827 2526 2030 2584 Suevit,
2067 2523 2116 2576 id
2164 2537 2374 2593 quoque
2402 2521 2546 2576 facit.
2578 2520 2802 2589 Quando
2848 2525 2990 2574 enim
3040 2519 3273 2574 laudavit
3300 2521 3416 2588 ejus

1829 2615 2248 2685 magnitudinem
2280 2624 2333 2669 et
2369 2615 2614 2685 gloriam,
2644 2615 2788 2668 venit
2825 2615 2986 2668 etiam
3035 2613 3100 2666 ad
3127 2614 3244 2682 ejus
3271 2613 3415 2666 cele-

1831 2707 2030 2761 branda
2059 2722 2240 2777 opera.
2274 2705 2386 2760 lluc
2417 2706 2588 2774 ipsum
2621 2706 2706 2759 hic
2738 2719 2948 2774 quoque
2977 2704 3130 2769 facit,
3161 2715 3212 2758 et
3241 2705 3370 2758 dicit
3401 2721 3414 2756 :

1833 2796 2100 2852 Ceneratio
2131 2807 2176 2850 et
2223 2799 2478 2868 generatio
2527 2796 2754 2850 laudabit
2792 2812 2945 2864 opera
2991 2805 3098 2859 tua,
3131 2795 3419 2848 ostendens

1834 2888 2249 2958 magnitudinem
2277 2888 2392 2956 ejus
2420 2904 2483 2941 ex
2513 2889 2782 2956 operibus.
2801 2887 2912 2940 Hoc
2931 2894 3032 2947 est,
3056 2885 3170 2940 Non
3199 2901 3307 2938 uno
3333 2901 3420 2939 So-

1835 2980 1942 3033 buu
1978 2992 2215 3048 tempore
2245 2979 2379 3032 facta
2411 2986 2535 3032 sunt
2577 2985 2634 3033 et
2681 2979 3093 3047 prmterierunt,
3139 2991 3311 3045 neque
3365 2975 3418 3028 in

1835 3072 2045 3126 dnobus
2073 3081 2164 3124 aut
2192 3072 2362 3125 tribus
2387 3071 2562 3137 annis,
2594 3073 2688 3125 sed
2723 3086 2816 3139 per
2843 3071 3150 3123 universum
3186 3083 3422 3138 pt'a'sens

1838 3165 2088 3219 smeulum
2120 3163 2514 3228 extenduntur,
2565 3163 2721 3217 itaut
2769 3177 3101 3233 unaquarque
3147 3163 3422 3231 generatio

1839 3255 1954 3324 ejus
1983 3270 2147 3326 opera
2174 3254 2585 3324 contempletur.
2617 3253 2730 3308 Hoc
2769 3262 2851 3308 est
2880 3254 3046 3319 enim,
3077 3251 3346 3307 Genet-otio
3377 3263 3427 3304 et

1839 3348 2090 3418 generatio
2114 3362 2132 3400 :
2152 3357 2203 3401 et
2231 3362 2350 3416 quae
2379 3354 2478 3408 est,
2513 3345 2701 3415 inquit,
2731 3353 2782 3399 et
2808 3359 2925 3414 quae
2955 3346 3210 3414 sequitur,
3231 3353 3284 3397 et
3309 3361 3426 3414 qua:

1840 3447 1961 3509 post
2007 3439 2151 3492 illam
2209 3437 2384 3493 futura
2414 3447 2517 3504 est,
2550 3447 2604 3492 et
2644 3453 2764 3508 qua:
2803 3453 2989 3491 rursus
3035 3447 3153 3506 post
3183 3451 3324 3501 eam,
3374 3447 3428 3490 et

1841 3546 2171 3600 unaquaeque
2198 3546 2380 3584 earum
2427 3546 2543 3600 quae
2575 3539 2870 3599 sequuntur
2899 3547 2914 3585 2
2948 3544 3131 3584 1³111⁸5118
3162 3538 3430 3592 (ΣΓΟΞΙῐΙΙΓέὶ,

1842 3640 1960 3694 quae
1991 3625 2090 3678 hoc
2117 3625 2260 3678 omni
2291 3635 2531 3693 tempore
2559 3624 2804 3677 similiter
2844 3623 3146 3676 extenditur
3170 3663 3185 3687 ,
3237 3637 3432 3688 nempe

1843 3716 2051 3779 Caelum,
2080 3726 2238 3778 terra,
2267 3731 2434 3780 mare,
2456 3729 2566 3780 aer,
2587 3715 2752 3779 lacus,
2785 3711 2980 3778 fontes,
3000 3713 3164 3772 fluvii,
3200 3717 3432 3774 semina,

1843 3811 2058 3881 plantze,
2088 3808 2287 3872 herbae,
2311 3817 2365 3862 et
2392 3823 2509 3878 quae
2533 3821 2598 3862 ex
2626 3806 2689 3860 iis
2716 3806 2994 3874 capiuntur
3021 3804 3298 3867 beneficia,
3343 3821 3433 3858 na.

1849 3912 1980 3958 tum
2005 3918 2194 3957 cursus
2215 3903 2302 3970 qui
2335 3916 2622 3970 numquam
2661 3899 3085 3969 interrumpitur,
3117 3899 3336 3960 imbres,
3382 3907 3436 3952 et

1851 4005 2148 4063 temporum
2181 3993 2574 4050 vicissitudines
2595 4004 2742 4049 certo
2770 3993 2957 4047 ordine
2995 3992 3209 4048 assidue
3251 4007 3437 4060 prore-

1848 4085 2060 4152 dentes,
2081 4101 2206 4151 nox,
2232 4085 2366 4142 dies.
2392 4085 2495 4150 sol,
2531 4084 2673 4148 luna,
2693 4093 2856 4143 astra,
2879 4085 2977 4136 alia
3007 4083 3203 4145 onmia,
3237 4093 3288 4137 et
3317 4098 3436 4150 quzr.

1852 4186 2045 4246 prteter
2077 4176 2192 4229 haec
2216 4175 2453 4245 quotidie
2481 4175 2612 4229 fiunt
2641 4183 2695 4229 et
2716 4174 2960 4245 privatim
3000 4183 3055 4228 et
3084 4174 3438 4227 connnttnilur

1852 4267 1918 4320 ad
1947 4265 2317 4335 corrigendum
2348 4274 2399 4320 et
2445 4265 2702 4319 beneﬁcio
2753 4263 3091 4317 afficiendum
3132 4264 3438 4316 universum

1855 4372 2023 4425 genus
2049 4354 2322 4409 hominum
2341 4397 2356 4422 ,
2388 4370 2506 4424 quae
2534 4355 2748 4410 assidue
2774 4355 2972 4408 Judaeis
2999 4354 3314 4407 eveniebant
3344 4354 3442 4405 ιιιί-

1855 4447 2030 4501 racnla
2053 4489 2067 4511 ,
2101 4448 2282 4516 signa,
2330 4445 2658 4514 providentia
2718 4446 2769 4498 in
2800 4447 3004 4514 frugum
3062 4443 3404 4513 proventibus
3424 4485 3441 4508 ,

1857 4537 2190 4607 providentia
2225 4537 2275 4589 in
2305 4536 2525 4589 victoria
2577 4535 2832 4589 adversus
2878 4534 3078 4598 hostes,
3113 4533 3442 4602 providentia

1856 4643 1975 4698 quae
2005 4636 2089 4681 est
2134 4629 2183 4681 in
2211 4627 2328 4680 aliis
2371 4627 2638 4692 omnibus,
2663 4627 2836 4694 qualia
2870 4625 3080 4680 fuerunt
3120 4627 3172 4678 in
3213 4625 3446 4678 adventu

1858 4720 2078 4781 Christi,
2106 4718 2279 4787 qualia
2305 4727 2542 4786 tempore
2561 4717 2923 4786 apostolorum
2945 4758 2959 4779 ,
2995 4717 3170 4785 qualia
3203 4726 3446 4786 tempore

1861 4810 2352 4879 persequutionum,
2384 4823 2502 4876 quae
2529 4807 2741 4876 quidem
2775 4808 2989 4861 fuerunt
3016 4807 3246 4875 antiquis
3279 4807 3435 4874 longe

1864 4903 2010 4969 plura
2036 4911 2090 4954 et
2115 4901 2336 4969 majora,
2363 4899 2534 4968 qualia
2564 4899 2720 4952 etiam
2751 4907 2929 4954 nostra
2954 4899 3054 4954 hac
3081 4899 3445 4968 generationv.

1861 4994 2074 5048 Nullum
2119 5001 2200 5047 est
2242 4993 2383 5047 enim
2423 5000 2630 5061 tempus
2655 5032 2670 5057 ,
2702 4992 2840 5059 quod
2892 4992 3052 5044 etiam
3103 4999 3297 5058 pra-trr
3337 4991 3451 5043 lnrc

1863 5087 2161 5139 communia
2193 5100 2296 5137 non
2329 5085 2462 5137 ferat
2487 5085 2694 5152 signum
2724 5084 2840 5151 ejus
2861 5083 3228 5152 providentia'.
3271 5081 3334 5132 lt‘t
3358 5098 3449 5148 po-

1865 5180 2070 5233 tentiam
2101 5189 2238 5230 tuam
2269 5178 2659 5230 annuntiabunl.
2697 5176 2759 5228 Et
2795 5191 2890 5245 per
2935 5174 3212 5234 benefit-ia,
3246 5173 3450 5240 inquit,

1865 5282 1918 5326 et
1950 5287 2044 5340 per
2073 5271 2348 5340 supplicia.
2381 5269 2496 5323 Non
2526 5276 2703 5323 cessat
2731 5268 2872 5321 enim
2910 5267 3052 5319 omni
3078 5265 3283 5319 ratione
3316 5263 3454 5318 Deus

1867 5365 2010 5418 omni
2041 5373 2280 5432 tempore
2315 5369 2511 5416 nostra:
2533 5369 2736 5413 natura:
2758 5358 3079 5428 prospicere.
3106 5357 3158 5410 5.
3203 5354 3454 5426 Magniﬁ-

1937 5486 2010 5549 (a)
2047 5486 2145 5549 Gr._
2167 5483 2554 5549 αζσχυνέᾳθωσαν
2589 5480 2666 5527 ἐπὶ
2799 5475 2954 5539 οἰκείᾳ
2986 5475 3154 5549 μανίᾳ..
3190 5473 3342 5549 ῌειξἰ
3363 5473 3450 5549 gitti

1870 5567 1917 5601 τ.
1942 5538 2010 5596 δί.
2041 5564 2075 5608 μ
2097 5582 2110 5604 ,
2135 5538 2337 5608 balteus
2356 5545 2454 5591 duo
2475 5555 2613 5599 mss,
2651 5547 2836 5608 recte;
2859 5538 2967 5584 nam
3002 5538 3276 5608 insectatur
3318 5538 3454 5608 uno:

1872 5598 2052 5666 mteos,
2081 5598 2168 5668 qui
2213 5603 2445 5652 dicebant
2496 5615 2551 5650 se
2603 5598 2754 5668 nosse
2803 5600 2994 5668 Deum,
3036 5603 3092 5645 ut
3149 5598 3282 5662 Deus
3321 5598 3456 5668 novit.

1873 5654 2112 5731 seipsiim'.
2148 5669 2580 5731 Quatuorautem
2622 5663 2727 5710 haec
2767 5658 2917 5708 vetba
2964 5659 3175 5723 deerant
3225 5654 3274 5704 in
3327 5658 3452 5724 lubt.

1880 5723 2049 5782 Morel.
2069 5735 2121 5777 et
2146 5723 2194 5777 in
2218 5725 2328 5777 Savi
2357 5726 2478 5774 .S‘ed
2501 5723 2580 5774 hic
2601 5731 2703 5786 post
2716 5735 2880 5771 remus
2893 5734 2952 5770 ea
2980 5731 3111 5769 nota.
3143 5733 3191 5766 tu
3212 5723 3453 5778 margine.
