3928 6416
518 336 623 391 4ίῖ

523 454 734 506 centiam
762 448 938 520 gloriae
985 444 1268 501 sanctitatis
1295 453 1395 499 tua:
1420 445 1718 516 loquentur,
1763 452 1808 497 et
1854 441 2107 496 mirabilia

524 556 612 599 tua
640 541 936 596 narrabant.
969 541 1118 596 Alius
1149 537 1249 612 (a),
1282 535 1727 591 Pulchritudinem
1779 534 1947 590 laudis
1986 543 2106 599 tuae,

523 643 567 688 et
595 632 743 687 verba
773 632 1077 685 mirabilium
1100 642 1298 684 tuorum
1330 629 1626 682 narrabant.
1658 626 1948 697 Postquam
1972 625 2108 679 dixit

524 725 815 796 potentiam
834 765 847 785 ,
886 722 1119 799 ostendit
1148 723 1307 776 etiam
1335 735 1453 775 eam
1484 719 1777 788 potentiam
1804 731 1924 772 esse
1973 715 2110 770 insi-

520 830 678 885 gnem
703 822 757 869 et
778 814 1051 868 eximiam.
1077 812 1259 881 Neque
1284 811 1427 865 enim
1451 810 1785 878 simpliciter,
1820 824 1993 878 neque
2024 822 2111 862 res

523 907 769 976 vulgares
819 904 982 970 fecit,
1028 902 1125 958 sed
1154 902 1332 959 omnia
1376 908 1483 956 tam
1532 901 1863 957 admirabilia
1908 910 1963 955 ct
2001 908 2110 955 tam

524 996 854 1053 incredibilia
907 1003 1162 1066 perpetuo
1189 993 1336 1062 fecit,
1368 993 1491 1063 plus
1519 1008 1678 1064 quam
1709 1006 1902 1062 capere
1928 999 2112 1062 posset

520 1093 747 1144 humana
782 1096 968 1142 natura
996 1101 1247 1156 operans,
1272 1094 1331 1140 ut
1350 1100 1469 1155 qum
1508 1084 1663 1150 ﬁunt,
1687 1084 1796 1139 sint
1824 1084 1981 1154 plena
2005 1083 2109 1137 mi-

518 1180 702 1236 raculo
728 1187 779 1234 et
810 1179 995 1249 gloria.
1021 1177 1311 1233 Considera
1342 1191 1470 1247 ergo
1486 1192 1604 1247 qua:
1632 1175 1684 1230 in
1707 1172 1961 1247 Egypto,
1989 1189 2111 1245 quae

517 1270 572 1325 in
615 1270 896 1326 Palaestina
927 1269 1062 1323 facta
1112 1279 1236 1324 sunt
1272 1278 1511 1338 tempore
1538 1266 1765 1322 Abraha:
1789 1309 1804 1331 ,
1835 1266 2014 1331 Isaac,
2056 1274 2112 1321 et

517 1364 714 1435 Joseph
742 1382 756 1418 :
785 1379 970 1418 rursus
998 1378 1118 1433 qua:
1146 1364 1197 1416 in
1220 1362 1455 1432 Egypto
1483 1370 1726 1431 tempore
1764 1358 1927 1414 Mosis
1947 1402 1960 1418 .
1990 1373 2110 1429 qua:

519 1457 572 1511 in
621 1454 927 1522 solitudine,
975 1469 1092 1525 qua:
1133 1461 1253 1524 post
1294 1453 1594 1523 ingressum
1630 1469 1643 1504 :
1675 1451 1853 1507 denuo
1899 1465 2019 1522 qua:
2055 1450 2110 1505 in

517 1548 847 1617 captivitate,
871 1561 989 1617 qua:
1011 1547 1109 1602 sub
1122 1545 1632 1611 Nabuchodonosor,
1654 1559 1772 1614 qua:
1800 1545 1852 1598 in
1871 1544 2107 1610 fornace,

516 1656 636 1709 qua:
664 1642 715 1695 in
748 1639 1014 1707 leonibus,
1045 1654 1163 1710 qua:
1195 1639 1248 1693 in
1289 1637 1497 1703 reditu,
1545 1652 1664 1708 qua:
1707 1636 1759 1690 in
1808 1636 2103 1705 prophetis.

517 1731 642 1787 ﬂare
667 1732 809 1787 enim
837 1732 1013 1786 omnia
1036 1730 1398 1800 praedicabant
1423 1729 1540 1796 ejus
1567 1727 1657 1798 qui
1691 1727 2105 1795 fecitvirtutem,

516 1824 760 1894 gloriam,
787 1823 1141 1893 majestatem,
1164 1820 1441 1877 affercntia
1473 1834 1724 1891 magnum
1752 1829 2025 1889 stuporem
2054 1828 2110 1874 et

516 1915 945 1971 admirationem.

591 2007 841 2081 Pestifera
863 2024 923 2061 ac
948 2008 1101 2061 noxia
1120 2007 1271 2061 etiam
1296 2002 1394 2059 Dei
1421 2013 1539 2059 sunt
1579 2000 1923 2074 providentia.
1954 2033 2026 2043 —
2050 2002 2102 2057 ϐ.

519 2100 587 2156 Ει
615 2101 848 2155 uirtutem
870 2097 1167 2153 terribilium
1196 2108 1399 2151 tuorum
1427 2096 1614 2158 dicent,
1633 2105 1679 2150 et
1707 2092 2108 2166 magnitudinem

514 2205 650 2249 tuam
674 2195 970 2248 narrabant.
1000 2192 1107 2247 Per
1136 2191 1250 2246 hmo
1274 2190 1508 2246 ostendit
1531 2203 1650 2245 esse
1681 2188 1971 2257 perfectam
1991 2186 2108 2257 ejus

513 2285 806 2357 potentiam
828 2283 894 2338 ad
916 2281 1373 2345 benefaciendum,
1396 2280 1462 2335 ad
1484 2278 1831 2349 puniendum,
1859 2276 2107 2334 etomnia

513 2391 634 2448 qua:
665 2384 974 2430 enumerata
995 2382 1121 2429 sunt
1149 2383 1432 2443 utrumque
1455 2371 1761 2441 complecti.
1786 2369 1901 2425 Hoc
1928 2378 2106 2424 autem

515 2476 697 2539 potest
723 2466 893 2522 videri
922 2481 1029 2521 non
1056 2465 1231 2520 solum
1259 2465 1311 2520 in
1343 2465 1409 2519 iis
1457 2480 1578 2535 quas
1607 2473 1734 2518 tunc
1786 2471 2104 2529 evenerunt,

515 2559 611 2615 sed
638 2559 800 2614 etiam
835 2558 889 2612 in
928 2557 1211 2623 creaturis,
1241 2565 1296 2611 et
1338 2556 1622 2626 utriusque
1666 2553 1910 2611 beneﬁcii
1940 2555 2106 2609 multa

514 2667 638 2708 esse
665 2652 1042 2717 instrumenta,
1086 2657 1271 2719 utpote
1296 2663 1475 2704 rerum
1524 2645 1739 2718 quidem
1766 2646 2104 2714 terribilium,

516 2743 743 2816 fulgura,
774 2742 1003 2797 tonitrua
1028 2741 1070 2810 ί,
1106 2740 1344 2806 fulmina,
1381 2739 1563 2810 igneos
1594 2738 1853 2806 turbines,
1878 2747 2104 2808 pestem,

517 2837 685 2902 nives,
712 2835 1047 2907 grandinem,
1071 2834 1388 2905 rubiginem,
1410 2833 1552 2904 gelu,
1584 2832 1851 2899 incendia,
1882 2832 2107 2887 inunda-

516 2931 725 2995 tiones;
756 2929 808 2984 in
839 2927 1140 2997 reptilibus,
1165 2914 1449 2990 dracbnes,
1486 2926 1750 2995 scorpios,
1782 2933 2103 2995 serpentes;

520 3024 574 3077 in
600 3020 925 3089 volucribus,
949 3020 1238 3085 locustam;
1268 3028 1322 3074 et
1344 3018 1397 3073 in
1426 3018 1491 3073 iis
1516 3034 1637 3090 quas
1676 3028 1801 3074 sunt
1821 3018 2028 3089 objecta
2051 3027 2107 3075 et

516 3113 660 3179 vilia,
692 3116 1067 3191 cynomyiam,
1095 3125 1349 3166 erueam:
1396 3126 1516 3181 quae
1565 3111 1678 3181 ipsa
1712 3125 1926 3182 quoque
1982 3120 2107 3167 sunt

517 3203 869 3275 providentia:
904 3219 919 3256 :
949 3211 1138 3272 etquae
1167 3200 1411 3257 homines
1429 3210 1765 3268 convertant,
1798 3217 1828 3256 a
1860 3202 2104 3257 socordia

516 3295 766 3360 liberent,
809 3308 838 3347 a
877 3292 1146 3366 profundo
1184 3306 1376 3346 somno
1415 3292 1667 3360 excitent,
1717 3307 1747 3347 a
1773 3303 1995 3349 veterno
2037 3292 2104 3349 ad

515 3386 839 3457 vigilantiam
869 3386 1170 3440 traducant.
1203 3385 1318 3440 Non
1340 3385 1513 3440 solum
1540 3393 1718 3442 autem
1750 3387 1803 3442 in
1837 3386 1919 3441 his
1944 3428 1959 3453 ,
2007 3386 2103 3442 sed

514 3479 674 3534 etiam
723 3479 777 3533 in
810 3478 1095 3533 contrariis
1124 3486 1209 3532 est
1248 3477 1417 3532 virtus
1446 3477 1561 3548 ejus
1590 3477 1846 3548 perfecta.
1892 3479 1957 3533 Et
1986 3479 2105 3534 ideo

513 3587 636 3628 cum
668 3586 766 3626 nos
794 3570 910 3626 haec
938 3569 1102 3625 vellet
1128 3567 1343 3633 docere,
1370 3579 1647 3641 postquam
1670 3568 1826 3633 dixit,
1854 3568 2104 3624 Virtutem

513 3664 810 3719 terribilium
839 3675 1039 3718 tuorum
1070 3663 1256 3728 dicent,
1280 3672 1326 3718 et
1356 3663 1784 3735 magniﬁcentiam
1811 3672 1950 3717 tuam
1978 3680 2103 3716 nar-

512 3758 715 3825 rabant,
742 3758 1016 3829 subjunxit
1039 3775 1052 3811 :
1081 3758 1133 3812 7.
1161 3755 1463 3811 Memoriam
1486 3756 1815 3811 abundantia
1840 3756 2104 3811 suavitatis

512 3861 614 3905 tua:
655 3851 967 3904 eructabunt.
1014 3850 1185 3917 Alius,
1218 3847 1469 3904 Bonitatis
1512 3858 1630 3904 tuae.
1682 3848 1750 3904 Et
1788 3850 1993 3922 justitia
2018 3860 2106 3905 tua

511 3940 831 3996 exsultabant
855 3939 950 4013 (θ).
980 3940 1132 4007 Quod
1160 3941 1296 3996 alius
1336 3940 1470 3996 dixit
1497 3940 1782 4011 interpres,
1807 3941 1875 3995 Et
1902 3943 2102 3997 miseri-

512 4031 712 4085 cordias
734 4041 846 4085 tuas
886 4031 1166 4086 laudabunt
1193 4030 1283 4105 (ε).
1308 4030 1418 4089 Nos
1445 4043 1625 4088 autem
1652 4034 2101 4104 quemadmodum

514 4120 769 4175 terribilia
799 4121 1250 4187 enumeravimus,
1286 4121 1356 4177 ita
1387 4123 1546 4178 etiam
1578 4139 1799 4180 necesse
1836 4136 1920 4182 est
1957 4126 2104 4183 dica-

512 4225 629 4266 mus
657 4226 844 4266 eorum
874 4212 1181 4278 contraria;
1218 4228 1414 4283 nempe
1443 4214 1497 4268 in
1527 4215 1592 4270 iis
1619 4232 1739 4286 qua:
1759 4217 2030 4286 videntur,
2049 4226 2104 4274 et

511 4322 634 4378 quae
659 4306 800 4362 circa
827 4321 923 4384 nos
945 4316 1091 4374 sunt,
1116 4320 1323 4363 annuas
1350 4316 1649 4378 temporum
1679 4310 2098 4378 vicissitudines,

511 4399 650 4467 dies,
682 4398 887 4463 hortos,
922 4409 1096 4469 prata,
1144 4398 1306 4456 ﬂores
1335 4400 1532 4465 varios,
1564 4416 1757 4472 aquam
1788 4403 1999 4458 dulcem
2047 4412 2105 4459 et

511 4489 800 4559 potabilem
825 4530 841 4556 ,
874 4488 1155 4546 commoda
1186 4505 1304 4560 qua:
1347 4491 1629 4560 capiuntur
1669 4506 1737 4547 ex
1800 4492 2099 4562 imbribus,

511 4591 670 4637 terrae
696 4591 898 4652 partus,
921 4582 1097 4637 varios
1120 4580 1346 4649 fructus,
1377 4582 1616 4638 diversas
1641 4583 1883 4654 arbores,
1910 4600 2102 4642 suaves

510 4686 724 4742 ventos,
755 4676 987 4731 solarem
1010 4675 1240 4737 radium.
1273 4675 1516 4732 lunarem
1538 4676 1862 4748 lampadem,
1892 4678 2100 4733 varium

510 4775 778 4821 astrorum
807 4766 1031 4822 chorum
1054 4808 1071 4836 ,
1100 4768 1334 4838 quietam
1377 4776 1432 4822 et
1476 4766 1817 4838 tranquillam
1848 4777 2096 4823 noctem:

509 4867 566 4915 et
593 4859 646 4913 in
673 4857 864 4924 brutis,
895 4873 1044 4927 oves,
1075 4859 1260 4926 boves,
1289 4868 1345 4915 et
1367 4874 1588 4929 capras;
1621 4868 1676 4914 et
1700 4861 1754 4914 in
1775 4860 2096 4930 agrestibus,

508 4967 730 5024 capreas
748 4993 765 5020 ,
791 4966 998 5020 cervos,
1025 4952 1257 5022 lepores,
1274 4952 1441 5007 etalia
1465 4953 1690 5022 plurima
1709 4968 1725 5019 ;
1743 4962 1794 5009 et
1809 4954 1858 5007 in
1881 4953 2101 5008 volucri-

511 5046 630 5113 bus,
656 5059 782 5102 aves
802 5043 1008 5100 Iudicas
1021 5044 1075 5110 ';
1102 5045 1157 5098 iu
1186 5028 1315 5114 ipsis
1335 5044 1586 5113 operibus
1608 5042 1774 5098 videri
1796 5053 1971 5114 potest
1991 5059 2099 5098 non

572 5219 588 5248 ι
624 5215 697 5264 sic
714 5211 877 5272 Savil.;
901 5223 1015 5270 vox,
1058 5207 1287 5272 tonitrua,
1323 5206 1499 5272 deerat
1511 5206 1573 5272 in
1611 5205 1777 5255 Morel.
1804 5203 1945 5272 raulo
1967 5210 2093 5272 post,

507 5291 622 5335 vox,
635 5268 1076 5335 rubiginem,dee3t
1098 5273 1149 5321 in
1169 5268 1307 5321 savii.
1324 5282 1339 5332 ;
1364 5270 1454 5320 sed
1471 5268 1603 5317 illam
1617 5279 1791 5319 vocem
1804 5268 1967 5329 adjicit
1989 5269 2096 5329 ipse

506 5333 653 5402 paulo
676 5333 943 5399 inﬁ'apost,
969 5333 1215 5385 locustam.
1299 5392 1352 5404 ,Δ
1424 5403 1427 5404 ν
1553 5400 1564 5404 Α
1684 5392 1699 5404 .
1775 5392 1786 5404 .
1934 5390 1945 5404 ρ

570 5388 597 5431 ί
624 5409 674 5450 In
695 5388 877 5456 Craaéo,
904 5388 988 5455 at,
1011 5406 1151 5460 tenta;
1176 5406 1259 5453 τοὺς
1288 5392 1473 5460 ἰνδαοὺς.
1502 5400 1666 5455 nemo;
1684 5392 1873 5456 legisse
1900 5388 2096 5440 videtur

504 5465 767 5515 Continuus
788 5456 1047 5518 Hervetus,
1067 5459 1148 5521 qui
1174 5456 1342 5513 vertit,
1367 5463 1720 5521 aves_canoras.

569 5526 643 5587 (a)
679 5525 793 5582 Quis
813 5524 878 5587 sit
912 5522 991 5571 bic
1012 5514 1277 5581 interpres,
1302 5529 1367 5567 ne
1389 5515 1669 5578 conjectura
1700 5514 1901 5578 quidem
1927 5525 2096 5576 possu-

506 5598 1033 5708 |n'isb)ast:?§iltliierpres
1055 5643 1167 5752 quis
1181 5643 1245 5692 sit
1268 5641 1537 5703 ignoratur.
1565 5643 1676 5689 Haec
1700 5644 1882 5698 autem,
1910 5636 2092 5688 bonita-

506 5707 567 5752 tis
585 5715 698 5752 tum.
715 5708 892 5752 desunt
908 5709 955 5752 in
975 5713 1078 5752 83V!
1103 5741 1115 5752 .

505 5707 567 5757 tis
585 5707 698 5772 tum,
715 5708 892 5772 desunt
908 5709 955 5754 in
975 5707 1115 5772 Savil.
1275 5770 1285 5772 μ
1485 5762 1497 5772 _
1522 5763 1531 5772 _

573 5770 644 5831 (ε)
680 5762 788 5816 inec
813 5768 1151 5831 interpretatio
1176 5772 1251 5815 est
1270 5762 1552 5827 Symmachi.

1323 327 1382 380 S.
1426 329 1703 385 JOANNIS
1736 324 2205 382 CHRYSOSTUMI
2235 324 2552 383 ARCIIIEP.
2593 329 3126 392 CONSTANTINOP.
3490 339 3502 353 '
3668 355 3742 407 ,εκ

2218 438 2389 494 solum
2413 442 2658 512 puniens,
2684 447 2776 501 sed
2814 446 2971 519 longe
3000 451 3160 506 etiam
3192 453 3411 522 amplius
3435 454 3662 515 beneﬁcio
3683 464 3746 517 al-

2220 530 2406 624 ﬁciens
2425 550 2581 605 quam
2609 540 2853 608 puniens.
2880 541 2946 597 Et
2976 541 3065 596 illa
3095 542 3306 613 quidem
3351 548 3554 604 terroris
3578 556 3743 624 gratia;

2215 623 2329 678 etsi
2347 640 2407 679 ea
2434 626 2717 697 aliquando
2745 647 2930 689 revera
2962 634 3320 705 intentaverit,
3365 639 3415 694 id
3437 637 3552 695 facit
3572 623 3743 714 propter

2217 731 2317 811 eos
2346 720 2446 811 Aqui
2496 721 2632 778 adeo
2665 727 2859 795 stupidi
2881 737 3023 796 sunt,
3050 739 3108 786 ut
3130 741 3273 789 metu
3312 750 3414 791 non
3440 742 3745 811 corrigantur.

2218 806 2385 903 ln_his
2407 820 2583 867 autem
2606 823 2662 870 et
2685 817 2964 875 muniﬁcus
2986 829 3039 876 et
3057 821 3384 891 splendidus,
3412 806 3595 898 hisque
3606 834 3747 903 reipsa

2217 898 2378 955 afﬁcit
2406 918 2511 957 non
2542 907 2715 960 solum
2738 907 2946 979 dignos,
2972 910 3067 966 sed
3095 913 3252 968 etiam
3278 915 3532 988 indignos.

2286 1013 2342 1068 3.
2401 1013 2622 1072 Varians
2667 1033 2797 1090 ergo
2850 1031 3087 1079 nostram
3138 1026 3361 1083 saliuem
3381 1068 3400 1095 ,
3449 1032 3597 1087 modo
3637 1034 3745 1104 haec,

2216 1106 2380 1161 modo
2406 1107 2519 1176 illa,
2575 1109 2722 1176 facit,
2754 1121 2811 1168 et
2838 1112 2955 1170 haec
2982 1118 3179 1186 saepius
3204 1134 3361 1189 quam
3392 1121 3498 1189 illa,
3540 1127 3747 1193 quouinu

2218 1197 2336 1255 haec
2363 1200 2475 1254 sola
2505 1201 2795 1259 desiderat.
2818 1205 3107 1274 Propterea
3134 1210 3276 1265 enim
3298 1212 3582 1283 gehennam
3610 1196 3750 1273 mins?

2221 1297 2305 1345 tus
2326 1300 2428 1357 est,
2462 1306 2569 1347 non
2611 1303 2670 1348 ut
2695 1309 2815 1350 eam
2854 1296 3140 1369 indigeret,
3178 1302 3272 1357 sed
3300 1316 3367 1358 ne
3393 1302 3663 1374 indigeret;
3708 1316 3751 1363 et

2218 1384 2363 1439 illam
2411 1386 2627 1456 quidem
2661 1393 2874 1458 paravit
2907 1391 3119 1447 diabolo
3150 1411 3164 1447 :
3195 1393 3279 1449 Ite
3312 1397 3471 1463 enim,
3511 1400 3675 1469 inquit,
3709 1403 3750 1454 in

2216 1475 2401 1547 ignem,
2446 1479 2536 1548 qui
2561 1489 2773 1549 paratus
2812 1492 2886 1536 est
2922 1483 3124 1538 diabolo
3166 1484 3378 1553 (Matth.
3407 1484 3494 1543 25.
3519 1490 3615 1559 ii)
3648 1507 3749 1546 :re-

2214 1582 2377 1636 gnum
2402 1578 2580 1624 autem
2610 1570 2934 1640 hominibus,
2968 1575 3260 1631 ostendens
3279 1592 3338 1632 se
3365 1579 3502 1635 nolle
3523 1579 3749 1637 hominem

2214 1657 2486 1713 intrudere
2515 1660 2567 1714 in
2587 1661 2908 1731 gehennam.
2927 1664 2981 1721 8.
3008 1663 3306 1724 Misericors
3329 1679 3375 1723 et
3399 1671 3641 1725 miserator
3662 1672 3749 1726 Do-

2215 1750 2400 1815 ntinus,
2434 1752 2630 1822 patiens
2649 1764 2696 1808 et
2725 1757 2940 1811 multum
2988 1758 3294 1815 misericors.
3405 1761 3579 1819 Suavis
3599 1763 3746 1818 Domi-

2214 1859 2311 1898 nus
2334 1846 2608 1911 uniuersis,
2638 1856 2685 1901 et
2712 1850 3057 1905 miserationes
3104 1854 3215 1923 ejus
3248 1871 3401 1922 super
3441 1858 3601 1910 omnia
3621 1874 3745 1927 opera

2213 1939 2344 2007 ejus.
2378 1938 2543 1994 Vides
2573 1941 2890 2011 preplietam
2934 1944 3208 1999 immorari
3249 1946 3303 2000 in
3350 1946 3432 2002 his
3460 1949 3746 2015 melioribus,

2212 2039 2268 2086 et
2290 2032 2564 2100 prolixiori
2590 2034 2667 2088 uti
2694 2035 2959 2091 oratione.
2986 2035 3147 2092 Novit
3172 2040 3318 2094 enim
3365 2041 3453 2096 Dei
3478 2056 3597 2111 opes
3620 2043 3664 2097 in
3686 2042 3748 2097 his

2212 2124 2447 2180 maxime
2470 2126 2789 2182 consistere.
2828 2126 3014 2199 Neque
3038 2131 3181 2186 enim
3207 2130 3447 2189 licuisset
3468 2136 3746 2200 conservari,

2215 2217 2317 2272 nisi
2344 2232 2537 2289 magna
2569 2218 2758 2276 fuisset
2781 2220 2898 2290 ejus
2925 2221 3214 2280 clementia
3240 2242 3256 2280 :
3283 2241 3388 2282 non
3419 2226 3636 2284 licuisset
3657 2244 3748 2281 ma-

2214 2324 2365 2376 nere,
2407 2311 2510 2367 nisi
2538 2312 2656 2382 ejus
2686 2329 2933 2385 magnam
2979 2330 3223 2372 essemus
3249 2322 3452 2390 experti
3482 2320 3746 2377 bonitatem.

2212 2400 2284 2458 Et
2309 2402 2431 2460 ideo
2456 2404 2667 2460 dicebat
2696 2422 2711 2460 :
2740 2403 2855 2479 Ego
2883 2424 2996 2463 sum
3020 2410 3108 2481 qui
3124 2411 3270 2467 deleo
3285 2414 3562 2484 iniquitates
3581 2425 3694 2480 tuas,
3710 2426 3745 2470 et

2213 2495 2266 2550 in
2291 2496 2390 2552 tuis
2435 2500 2655 2567 peccatis
2680 2510 2730 2554 te
2750 2500 2974 2570 defendi.
3006 2502 3285 2561 Μίδα-αισι·
3308 2517 3356 2562 et
3383 2508 3643 2563 misericors
3661 2507 3749 2563 Do-

2213 2590 2382 2646 minus
2410 2585 2579 2659 (Isai.
2625 2593 2716 2650 45.
2747 2593 2865 2667 25).
2895 2595 3029 2652 Vide
3054 2599 3330 2668 quomodo
3357 2602 3578 2658 ostendit
3600 2600 3749 2656 ineffa-

2212 2683 2375 2741 bilem
2417 2685 2534 2756 ejus
2575 2687 2938 2744 clementiam.
2967 2689 3085 2746 Non
3130 2692 3309 2749 solum
3351 2694 3489 2751 enim
3516 2696 3752 2750 miseretur

2210 2791 2398 2832 eorum
2425 2777 2516 2848 qui
2541 2788 2785 2849 peccant,
2818 2782 2914 2837 sed
2938 2783 3097 2839 etiam
3123 2785 3273 2841 aliud
3293 2787 3517 2843 ostendit
3539 2802 3631 2841 non
3657 2800 3747 2855 par

2213 2885 2337 2924 vum
2360 2886 2532 2941 genus
2573 2873 2894 2942 clementiae,
2941 2889 3135 2946 nempe
3176 2876 3452 2934 lenitatem
3493 2890 3544 2933 et
3583 2877 3752 2947 patim-

2212 2964 2364 3032 tiam,
2411 2975 2470 3020 ut
2495 2967 2709 3022 veniant
2737 2968 2807 3024 ad
2849 2969 3243 3039 paenitentiam,
3277 2981 3332 3028 et
3375 2988 3492 3028 cum
3529 2972 3630 3042 ejus
3668 2972 3752 3024 cle-

2210 3058 2410 3112 mentia
2436 3073 2466 3112 a
2494 3074 2593 3115 suo
2621 3075 2834 3131 quoque
2862 3074 3252 3119 conserventur
3300 3065 3472 3120 studio
3495 3072 3547 3119 et
3570 3065 3754 3133 diligen-

2212 3156 2304 3221 tia,
2336 3162 2479 3210 etex
2507 3156 2618 3211 suis
2645 3154 2798 3210 factis
2828 3154 3074 3211 ﬁduciam
3106 3156 3362 3213 habeant.
3385 3158 3494 3214 Non
3515 3168 3590 3212 est
3608 3164 3747 3210 autem

2211 3248 2382 3302 solum
2436 3247 2727 3304 Misericors
2751 3291 2768 3316 ,
2819 3248 2913 3304 sed
2951 3250 3109 3305 etiam
3134 3290 3151 3316 ,
3198 3250 3425 3306 Multum
3479 3251 3748 3311 misericors,

2211 3341 2503 3397 ostendens
2531 3350 2732 3397 tantam
2761 3341 3186 3397 misericordiam
3215 3359 3325 3399 non
3368 3358 3518 3414 posse
3542 3355 3748 3398 nicusum

2209 3432 2626 3503 comprehendi,
2665 3431 2758 3488 sed
2795 3448 2897 3488 nec
2922 3435 3037 3490 ullo
3078 3435 3335 3505 explicari
3385 3449 3634 3492 sermone.
3668 3432 3749 3488 Sed

2211 3534 2390 3580 tamen
2415 3538 2512 3595 per
2531 3538 2593 3578 ea
2609 3538 2730 3594 qua:
2752 3522 3004 3595 deinceps
3030 3538 3456 3597 consequuntur.
3478 3525 3634 3598 quoad
3661 3523 3750 3592 ejus

2214 3615 2328 3671 ﬁeri
2361 3614 2554 3685 potuit,
2599 3614 2856 3682 ostendit,
2884 3630 3005 3672 eum
3041 3617 3326 3688 subiunxit
3366 3638 3379 3675 :
3411 3619 3583 3676 Suavis
3606 3614 3753 3669 Domi-

2209 3724 2304 3764 nus
2317 3708 2581 3776 universis,
2600 3718 2648 3763 et
2665 3701 3006 3764 miserationes
3024 3709 3133 3779 ejus
3146 3726 3305 3781 super
3315 3711 3482 3765 omnia
3501 3725 3636 3777 apem
3645 3708 3746 3777 ejus.

2283 3800 2495 3859 Bonitas
2537 3803 2636 3858 Dei
2672 3804 2725 3859 in
2769 3819 2958 3859 omnes.
2999 3801 3128 3860 Cain
3160 3804 3359 3876 punitio
3398 3820 3461 3859 ea:
3497 3800 3751 3872 benignitate

2210 3895 2326 3951 Dei.
2359 3896 2546 3952 Mortis
2570 3913 2728 3969 genus
2757 3897 3062 3953 leuissimum
3086 3913 3177 3967 per
3194 3896 3402 3968 aquam.
3452 3894 3599 3949 Muta:
3629 3906 3695 3944 res
3710 3896 3750 3939 ut

2210 3988 2378 4044 Deum
2401 3989 2715 4045 benedicant.
2746 4019 2819 4030 —
2841 3988 2981 4056 Quid
3015 3997 3119 4054 est,
3146 3987 3406 4044 Uniuersis
3426 3987 3451 4041 ?
3473 3987 3627 4042 Etiam
3652 3995 3751 4052 pec-

2207 4084 2502 4152 catoribus,
2534 4085 2725 4155 inquit,
2749 4092 2804 4139 et
2829 4084 2894 4139 iis
2928 4084 3018 4154 qui
3045 4083 3233 4139 vivunt
3259 4084 3533 4141 scelerate.
3560 4078 3663 4134 Non
3683 4089 3751 4128 so-

2208 4177 2318 4233 lum
2340 4178 2484 4232 enim
2507 4176 2655 4246 justi,
2687 4182 2742 4230 et
2761 4175 2797 4229 ii
2827 4176 2917 4246 qui
2938 4190 2998 4232 se
3017 4184 3165 4232 recte
3197 4186 3255 4232 et
3278 4191 3345 4232 ex
3371 4176 3560 4231 virtute
3577 4172 3747 4242 gerunt.

2208 4276 2301 4323 aut
2322 4268 2412 4338 qui
2433 4267 2701 4321 ducuntur
2739 4267 3051 4337 pmnitentia
3077 4282 3093 4332 ;
3121 4265 3216 4322 sed
3258 4266 3417 4322 etiam
3446 4276 3651 4324 omnes,
3681 4268 3753 4326 per

2206 4372 2273 4412 ea
2319 4371 2440 4427 quas
2467 4358 2745 4427 patiuntur
2768 4397 2784 4423 ,
2817 4357 2936 4427 ejus
2961 4355 3385 4412 misericordiam
3416 4353 3681 4426 praedicant
3710 4351 3753 4398 et

2208 4449 2522 4505 bonitatem.
2549 4448 2617 4503 Et
2654 4444 2709 4505 si
2728 4447 2847 4519 quis
2881 4462 2970 4504 me
2994 4455 3169 4518 roget,
3199 4446 3426 4502 Cuinam
3450 4443 3544 4499 fuit
3578 4436 3751 4497 bonus?

2205 4543 2382 4599 dicam
2411 4561 2427 4597 :
2458 4540 2573 4598 Non
2617 4541 2751 4597 Abel
2779 4540 2921 4607 soli,
2947 4539 3042 4596 sed
3084 4540 3267 4595 etiam
3289 4538 3458 4594 Caino
3494 4555 3507 4591 :
3538 4548 3632 4589 non
3671 4525 3751 4582 soli

2206 4639 2321 4695 Noe
2344 4646 2399 4694 et
2427 4637 2543 4708 ejus
2565 4635 2750 4692 liberis
2772 4676 2788 4701 ,
2817 4634 2913 4691 sed
2941 4634 3007 4688 iis
3034 4633 3195 4688 etiam
3243 4644 3382 4702 quos
3417 4628 3653 4685 diluvium
3673 4620 3750 4675 ob-

2206 4730 2333 4786 ruit.
2356 4728 2718 4798 Quaecumque
2747 4726 2892 4782 enim
2928 4724 3076 4789 facit,
3110 4723 3407 4794 procedunt
3427 4736 3457 4775 a
3483 4715 3750 4773 misericor-

2104 4847 2109 4851 -
2206 4820 2295 4876 dia
2320 4829 2377 4876 et
2403 4817 2706 4880 clementia.
2736 4816 2807 4871 Et
2844 4824 2904 4871 ut
2931 4814 3111 4881 scias',
3137 4812 3410 4884 quomodo
3433 4811 3501 4865 sit
3522 4808 3573 4862 in
3594 4812 3751 4857 omnes

2206 4912 2379 4968 bonus
2399 4919 2455 4967 et
2481 4911 2740 4975 clemens,
2766 4904 2894 4963 illud
2922 4907 3045 4960 hine
3073 4904 3378 4960 considera.
3407 4900 3618 4967 Quanta:
3642 4890 3741 4950 fuit.

2205 5016 2409 5075 qilaiso,
2458 5000 2822 5072 benignitatis,
2867 4998 3016 5053 illum
3063 4995 3413 5059 fratricidam,
3459 4989 3543 5060 qui
3578 4981 3749 5040 eadem

2207 5096 2469 5168 ejusmodi
2499 5096 2722 5160 fecerat,
2758 5093 2847 5163 qui
2878 5091 3153 5147 dexteram
3196 5103 3349 5144 suam
3386 5077 3749 5172 nudaverat-del

2206 5166 2298 5261 qui
2344 5187 2436 5243 Dei
2480 5187 2627 5256 leges
2676 5184 3120 5248 conculcaverat,
3151 5178 3242 5235 tali
3269 5176 3482 5233 tradere
3504 5166 3747 5261 supplicio.

2206 5255 2348 5354 quod
2373 5255 2668 5335 admonitio
2709 5277 2779 5332 sit
2804 5276 2982 5346 potius
3007 5288 3164 5343 quam
3189 5284 3366 5343 pinna,
3397 5275 3452 5321 ut
3474 5274 3527 5320 et
3550 5274 3635 5331 per
3653 5255 3748 5357 If"—

2205 5346 2501 5446 gitudinem
2533 5370 2789 5440 temporis
2819 5369 2966 5424 illum
2989 5366 3231 5436 expiaret
3257 5378 3288 5417 a
3320 5367 3548 5431 peccato.
3569 5346 3744 5446 titan"?

2206 5432 2427 5523 doceret
2475 5474 2531 5519 et
2573 5432 2859 5532 castigaret
2901 5474 2997 5529 per
3048 5472 3111 5512 ea
3158 5450 3277 5526 quae
3319 5454 3410 5507 ille
3452 5432 3747 5540 patiebat'url

2204 5560 2429 5628 Quanta:
2448 5564 2585 5622 erat,
2607 5567 2809 5625 quaeso,
2840 5549 3185 5620 benignitatis
3200 5587 3217 5612 ,
3246 5561 3341 5601 eos
3365 5541 3452 5614 qui
3472 5535 3748 5628 gravissimo

2205 5626 2260 5709 et
2279 5648 2556 5706 incurabili
2587 5645 2776 5701 morbo
2803 5641 3114 5698 laborabant
3130 5647 3369 5709 tempore
3392 5627 3584 5689 diluvii,
3603 5630 3651 5676 et
3667 5626 3747 5671 nec

2210 5744 2388 5813 minis,
2416 5755 2517 5798 nec
2542 5736 2860 5805 rationibus,
2900 5748 3002 5792 nec
3025 5732 3134 5791 ullo
3160 5729 3263 5787 alio
3290 5721 3512 5785 correcti
3539 5717 3736 5774 ﬁxerant.
