3928 6428
490 410 619 467 4‘39

502 523 714 587 Δνιειικίσις
744 536 792 587 ο,
842 524 935 578 καὶ
983 523 1059 595 τῷ
1109 526 1276 597 κοινῷ
1333 528 1487 597 χρέει
1545 530 1645 599 τῆς
1704 529 1922 599 φύσεως
1979 528 2099 581 ἀντὶ

515 609 807 680 φαρμάκου
863 609 1189 680 χρήσασθαι,
1244 613 1338 664 καὶ
1387 612 1479 665 τὸν
1536 613 1866 682 κουφότατον
1919 615 2098 675 αὐτοῖς

515 696 817 761 ἐπαγαγεῖν
847 693 1082 747 θάνατον
1108 694 1199 747 τὸν
1227 694 1313 748 διὰ
1342 695 1450 748 τῶν
1480 696 1691 751 ὑδάτων
1715 715 1729 764 ;
1759 699 1832 751 Τὸ
1850 697 1927 760 δὲ,
1946 699 2100 767 Σύμ-

514 792 724 837 πασιν,
757 776 857 831 οὐκ
897 777 990 830 ἐπὶ
1032 776 1221 830 τούτου
1256 778 1415 848 μόνον
1446 778 1593 834 ἔστιν
1626 781 1788 844 ίδείν,
1820 780 1958 835 ἀλλὰ
2006 783 2100 834 καὶ
2136 814 2139 817 -

513 859 606 912 ἐπὶ
632 858 738 912 τῶν
777 860 1068 930 ὁρωμένων
1093 861 1369 926 ἁπάντων,
1396 861 1490 915 ἐπὶ
1527 863 1635 916 τῶν
1663 863 1839 927 ζώων,
1876 864 1969 918 ἐπὶ
1992 865 2099 917 τῶν

512 943 752 1011 ἀλόγων·
782 943 885 998 κᾶν
918 946 997 1007 είς
1021 944 1216 1008 αὐτοὺς
1244 945 1271 984 b
1299 945 1356 999 δὲ
1378 946 1443 1000 ἄν
1470 964 1553 1010 τις
1580 948 1754 1019 ἀναϐῇ
1781 950 1907 1013 τοὺς
1934 949 2100 1017 ἀγγέ-

514 1028 658 1090 λους,
694 1028 822 1092 τοὺς
865 1027 1259 1099 ἀρχαγγέλους,
1315 1029 1518 1102 πολλὴν
1572 1031 1764 1100 ὄψεται
1812 1032 1910 1102 τὴν
1962 1049 2097 1104 χρη-

517 1112 748 1182 στότητα
777 1154 793 1175 ,
852 1111 1082 1174 πολλοὺς
1130 1114 1257 1175 τοὺς
1312 1113 1659 1184 οἱκτιρμούςο
1709 1115 1940 1169 ἕκαστον
1990 1115 2101 1185 γάρ

514 1196 675 1266 ἔργον
702 1194 903 1265 πολλῆς
926 1194 1189 1248 ἀπολαύει
1218 1195 1408 1264 φιλανθ
1419 1196 1647 1268 ρωπίας.
1688 1199 1869 1270 Ὅπερ
1912 1199 1976 1269 δὴ
2007 1201 2101 1253 καὶ

515 1279 677 1343 αὐτὸς
723 1277 980 1342 συνιδὼν,
1017 1278 1300 1349 ἐπήγαγεν
1325 1297 1337 1311 ο
1400 1279 2100 1352 Ἑξομολοτιησάσθωσάν

514 1378 638 1426 σοι,
661 1363 857 1431 Κύριε.
888 1361 1085 1415 πάντα
1114 1363 1185 1417 τὰ
1213 1364 1356 1431 ἔργα
1384 1378 1522 1428 σου,
1565 1363 1664 1418 καί
1699 1368 1753 1420 οί
1785 1365 1945 1419 ὅσιοί
1980 1381 2098 1420 σου

514 1443 1031 1516 εὐλογησάτωσάν
1043 1460 1137 1498 σε·
1152 1446 1448 1509 τουτέστιν,
1469 1447 1613 1517 Εὐχα
1622 1448 1974 1519 ριστείτωσάν
1992 1465 2096 1511 σοι,

513 1527 988 1600 ἀναπεμπέτωσάν
1010 1545 1091 1581 σοι
1120 1527 1342 1599 ὕμνους,
1382 1529 1436 1582 οἵ
1459 1547 1517 1583 τε
1545 1529 1687 1601 λόγῳ
1721 1531 2095 1601 τετιμημένοι,

513 1614 584 1668 τά
622 1632 682 1667 τε
723 1614 907 1685 φωνὴν
935 1614 1035 1667 οὐκ
1067 1614 1274 1685 ἔχοντα.
1309 1615 1416 1667 Καὶ
1446 1614 1555 1687 γὰρ
1591 1617 1687 1669 καὶ
1720 1616 1828 1668 τῶν
1868 1615 2098 1686 ἀφώνων

514 1700 745 1753 ἔκαστον
763 1696 906 1752 οὕτω
932 1698 1175 1767 γέγονεν,
1204 1696 1343 1751 ὥστε
1366 1699 1612 1767 εὐλογίαν
1638 1700 1983 1771 ἀναπέμπειν
2010 1699 2099 1753 διά

513 1782 616 1851 τῆς
643 1780 853 1844 οἰκείας
891 1779 1125 1849 φύσεως,
1157 1781 1258 1835 κᾶν
1292 1782 1483 1850 ἄφωνα
1511 1777 1568 1856 ᾖ,
1601 1781 1688 1836 διά
1715 1782 1820 1836 τῶν
1846 1782 2097 1853 ὁρώντων

517 1866 611 1921 καὶ
639 1865 1019 1920 ἀπολαυόντων
1051 1864 1374 1936 ἀνθρώπων.
1408 1867 1516 1920 Καὶ
1536 1868 1718 1921 ἐκεῖνα
1747 1867 1844 1938 μὲν
1889 1867 1977 1921 διὰ
1999 1867 2098 1937 τῆς

516 1949 705 2013 οὐσίας
728 1949 826 2018 τῆς
849 1947 1047 2015 αὐτῶν,
1072 1948 1348 2019 ἄνθρωποι
1367 1949 1424 2002 δέ
1446 1951 1542 2004 καὶ
1562 1950 1654 2004 διὰ
1679 1949 1778 2020 τῆς
1798 1949 2095 2021 διαγωγῆς,

497 2034 611 2088 νκαὶ
626 2029 680 2105 [4
690 2032 779 2104 72]
792 2032 880 2086 διὰ
894 2032 995 2103 τῆς
1014 2032 1287 2102 πράξεως.
1301 2033 1393 2086 Διὸ
1404 2032 1666 2087 καὶτοῦτο
1676 2032 1835 2104 δῆλον
1851 2036 1997 2087 ποιεῖ
2011 2033 2097 2087 διὰ

511 2117 613 2186 τῆς
634 2115 930 2186 ἐπαγωγῆς
944 2115 1062 2181 τοῦ,
1084 2118 1147 2169 Οἱ
1159 2115 1321 2170 ὅσιοί
1332 2131 1449 2171 σου
1465 2115 1982 2186 εὐλοτησάτωσάν
2000 2133 2094 2171 σε.

522 2200 734 2264 Ὀσίους
764 2199 821 2253 δὲ
851 2197 1086 2253 ἐνταῦθα
1128 2199 1257 2263 τοὺς
1303 2198 1489 2268 ἁγίους
1528 2199 1684 2254 καλεῖ
1725 2198 1852 2263 τοὺς
1892 2198 1959 2253 τὰ
2001 2198 2095 2253 τοῦ

491 2282 648 2337 θεοῦ
681 2282 1080 2354 προστάγματα
1100 2282 1463 2355 πληροῦντας,
1491 2283 1619 2348 τοὺς
1656 2283 1888 2348 ἀϐάτους
1914 2285 2095 2355 ἀμαρ-

496 2368 723 2438 -τήμασι
776 2366 874 2419 καὶ
936 2365 1192 2436 πονηρίᾳ.
1237 2366 1435 2430 Δόξαν
1471 2366 1583 2435 τῆς
1636 2367 1951 2433 βασιλείας
1980 2386 2097 2422 σου

490 2451 743 2520 ἐροῦσι.
781 2451 825 2502 Τ
832 2449 846 2501 ί
873 2449 1010 2514 ἐστι,
1025 2448 1218 2514 Δόξαν
1233 2450 1476 2519 ἐροῦσι;
1510 2451 1583 2504 Τὸ
1614 2451 1878 2515 ἀνενδεές,
1900 2451 1962 2505 τὸ
1979 2452 2098 2520 φιλ-

514 2535 822 2607 ἀνθρωπον,
849 2533 1037 2603 φησὶν,
1062 2532 1121 2585 τὸ
1140 2532 1512 2604 κηδεμονικὸν,
1533 2533 1593 2586 τὸ
1620 2533 1695 2606 μὴ
1724 2534 1974 2606 δεόμενον
1990 2534 2096 2587 τῶν

512 2617 930 2690 ἀρχομένων,τδ
963 2616 1232 2687 τοσαύτην
1257 2628 1279 2656 ο
1314 2618 1442 2689 περὶ
1460 2618 1659 2683 αὐτοὺς
1691 2619 2096 2681 ἐπιδείκνυσθαι

513 2704 793 2774 πρόνοιαν,
834 2700 895 2755 τὸ
943 2701 1238 2773 ἀπρόσιτον
1265 2702 1359 2755 τοῦ
1393 2703 1597 2771 φωτὸς,
1627 2704 1688 2756 τὸ
1719 2704 1957 2776 ἄρρητον
1996 2705 2096 2773 τῆς

512 2787 720 2851 οὐσίας.
750 2787 812 2839 τὸ
840 2787 1242 2857 ἀκατάληπτον.
1279 2787 1386 2841 Καὶ
1421 2786 1537 2855 τὴν
1574 2787 1941 2842 δυναστείαν
1976 2803 2093 2842 σου

510 2870 880 2939 λιιλήσουσι·
905 2871 1200 2933 τουτέστιν,
1230 2871 1341 2943 Τὴν
1366 2869 1595 2941 δύναμιν
1622 2870 1721 2942 τὴν
1748 2871 1979 2942 ἄμαχον,
1996 2872 2095 2941 τὴν

511 2954 809 3025 ἀχείρωτον
834 2954 1063 3026 ,ᾄσονται
1092 2953 1117 2993 ι]
1148 2969 1162 2983 ·
1204 2954 1304 3007 οὐκ
1332 2953 1517 3025 ἐπειδὴ
1574 2971 1656 3007 σοι
1700 2955 1857 3025 χρεία
1889 2955 2094 3009 τούτων

506 3031 619 3093 ’τῶν
654 3037 838 3109 ὕμνων
873 3040 968 3093 καὶ
1006 3038 1113 3093 τῶν
1161 3038 1471 3109 εὐφημιῶν,
1514 3038 1651 3093 ἀλλὰ
1681 3039 1748 3092 δι’
1803 3039 2000 3104 αὐτούς
2033 3058 2091 3094 τε

510 3124 637 3185 τούς
669 3121 948 3190 λέγοντας,
999 3123 1094 3176 καὶ
1138 3121 1277 3176 ὥστε
1321 3121 1417 3175 καὶ
1461 3122 1682 3193 ἐτέρους
1725 3122 1950 3187 διδάξαι,
2000 3125 2093 3178 καὶ

506 3206 738 3273 ποιῆσαι
765 3206 862 3277 τῆς
891 3205 1168 3277 εὐφημίας
1203 3205 1512 3269 κοινωνούς.
1546 3205 1635 3259 Διὸ
1662 3206 1908 3277 ἐπήγαγε
1931 3223 1944 3236 ·
1984 3207 2092 3261 Τοῦ

512 3289 804 3357 γνωρίσαι
856 3287 980 3353 τοῖς
1026 3288 1173 3355 ὐἱοῖς
1224 3287 1344 3341 τῶν
1387 3287 1713 3355 ἀνθρώπιον
1762 3288 1878 3355 τὴν
1911 3289 2093 3343 δυνα-

498 3372 725 3423 -στειάν
755 3386 894 3434 σου,
923 3368 1021 3423 καὶ
1059 3369 1175 3437 τὴν
1212 3370 1403 3433 δόξαν
1434 3369 1544 3438 τῆς
1584 3373 2093 3439 μεγαλοπρεπείας

513 3446 633 3521 τῆς
643 3454 969 3520 βασιλείας
988 3469 1124 3509 σου.
1149 3455 1403 3509 Δείκνυσι
1435 3455 1522 3510 διά
1545 3455 1772 3520 τούτων,
1809 3457 1890 3510 ὅτι
1922 3456 2008 3510 διὰ
2032 3458 2092 3510 τὸ

504 3537 707 3609 μαθεῖν
737 3539 958 3608 ἐτέρους
993 3538 1091 3611 τὴν
1130 3538 1448 3594 δυναστείαν
1484 3541 1651 3596 αὐτοῦ
1690 3541 1790 3605 τὰς
1816 3543 2092 3613 εὐφημίας

513 3621 813 3691 προσίεται.
869 3621 1043 3692 Πολλὴ
1083 3622 1264 3676 τοίνυν
1308 3623 1619 3695 ήδύναμις,
1668 3626 1838 3697 πολλὴ
1878 3629 1910 3698 ὴ
1944 3627 2089 3694 δόξα,

512 3705 681 3776 πολλὴ
702 3708 735 3776 ἡ
766 3705 1091 3777 εὐπρέπεια,
1108 3706 1282 3778 πολλὴ
1306 3709 1401 3762 καὶ
1418 3708 1643 3779 ἀφατος,
1657 3711 1720 3764 οὐ
1736 3711 1897 3782 μόνον
1916 3712 2090 3766 πάντα

512 3789 915 3862 ὑπερϐαίνουσα
960 3787 1139 3858 λόγον,
1180 3789 1315 3844 ἀλλὰ
1353 3792 1447 3845 καὶ
1476 3793 1654 3848 πάντα
1697 3793 1904 3849 νικῶσα
1941 3795 2087 3850 νοῦν.

524 3874 664 3928 Ἀλλ’
701 3875 734 3944 ἡ
776 3872 1071 3944 πολλὴ’καὶ
1107 3874 1313 3942 ἄφατος
1335 3873 1480 3947 αὐτη
1520 3878 1709 3950 χρείαν
1738 3878 1852 3949 ἔχει
1879 3880 1988 3933 τῶν
2013 3880 2093 3933 δι-

509 3956 820 4012 δασκόντων
849 3956 1019 4027 αὐτὴν
1048 3956 1136 4011 διὰ
1156 3957 1252 4030 τὴν
1277 3959 1461 4013 ἄνοιαν
1487 3971 1512 4000 ο
1533 3961 1643 4015 τῶν
1673 3962 1904 4018 πολλῶν.
1939 3963 2092 4016 Ἐπεὶ

511 4042 606 4095 καὶ
635 4041 787 4111 ἣλιος
821 4039 1118 4110 φανότατόν
1164 4041 1312 4095 ἐστιν
1345 4041 1562 4114 ἄστρον,
1598 4046 1695 4098 καὶ
1740 4046 1890 4116 ὅμως
1935 4047 1985 4099 οί
2024 4046 2093 4099 τά

509 4125 736 4195 ὄμματα
764 4123 1048 4188 νοσοῦντες
1073 4124 1171 4195 οὐχ
1190 4125 1388 4195 ὁρῶσιν
1408 4127 1573 4180 αὐτοῦ
1594 4128 1655 4181 τὺ
1678 4129 1794 4197 φῶς
1819 4146 1832 4158 ·
1860 4130 2004 4184 οὕτω
2022 4131 2090 4203 δὴ

510 4210 605 4262 καὶ
638 4207 787 4277 ἡτοῦ
823 4206 960 4260 Θεοῦ
999 4206 1229 4278 πρόνοια
1255 4208 1411 4278 ἡλίου
1458 4210 1556 4279 μὲν
1583 4213 1786 4276 παντός
1815 4216 1930 4267 ἐστι
1964 4232 2092 4284 φαι-

508 4289 758 4361 δροτέρα,
797 4289 912 4343 ἀλλ’
950 4290 999 4342 οί
1038 4292 1154 4352 τοῖς
1191 4288 1472 4360 λογισμοῖς
1501 4292 1946 4365 διεστραμμένοι,
1997 4297 2091 4350 καὶ

512 4373 833 4444 βεϐυσμένοι
872 4372 893 4411 τ
930 4373 1030 4436 τὰς
1072 4373 1263 4439 ἀκοὰς,
1306 4373 1510 4444 πολλῆς
1535 4374 1743 4429 δέονται
1769 4377 1865 4448 τῆς
1892 4380 2090 4452 ἐπιμε-

508 4457 676 4520 λείας,
702 4455 844 4510 ὥστε
880 4457 1161 4527 ἀνοιγῆναι
1190 4455 1369 4510 αὐτῶν
1400 4456 1498 4528 τὴν
1523 4457 1781 4514 διάνοιαν.

577 4540 641 4595 δ’.
673 4541 766 4592 Δεῖ
789 4539 971 4593 τοίνυν
1013 4539 1255 4611 συνεχῶς
1296 4539 1480 4605 αὐτοῖς
1513 4541 1727 4613 ἐνηχεῖν
1758 4543 1852 4598 καὶ
1889 4544 2089 4599 ἐνιέναι

507 4625 607 4693 τὴν
630 4624 756 4693 περὶ
781 4622 984 4677 τούτων
1011 4622 1380 4678 διδασκαλίαν.
1406 4620 1539 4678 Εἶτα
1570 4625 1754 4698 ἐπειδὴ
1779 4622 1901 4680 εἷπε
1929 4627 2088 4695 δόξαν

509 4704 790 4773 βασιλείας
824 4706 917 4759 καὶ
958 4706 1469 4777 μεγαλοπρέπειαν,
1500 4709 1596 4762 καὶ
1643 4709 1718 4781 μὴ
1745 4709 2087 4782 διασαφήσας

511 4787 853 4859 παρέδραμε,
892 4788 1052 4843 πάλιν
1094 4789 1492 4860 ἀναλαμϐάνει,
1537 4792 1632 4846 καὶ
1659 4792 1807 4861 λέγει
1848 4795 1988 4847 κατά
2027 4795 2089 4846 τὸ

507 4869 786 4941 ἐγχωροῦν
822 4869 989 4940 αὐτῷ,
1024 4871 1077 4924 τί
1105 4872 1252 4926 ἐστιν
1281 4873 1315 4944 ἡ
1344 4873 1490 4939 δόξα,
1521 4874 1817 4944 ἐπαγαγών
1837 4892 1851 4905 ⁸
1890 4875 2087 4942 Ἥβα-

506 4952 711 5008 σιλεία
739 4968 876 5017 σου,
898 4955 1191 5019 βασιλεία
1218 4955 1460 5012 πάντων
1477 4956 1598 5013 τῶν
1614 4960 1864 5015 αίώνων.
1884 4962 1957 5015 Οὐ
1981 4961 2088 5015 τῶν

507 5033 794 5106 παρόντων
841 5034 1028 5105 μόνον,
1059 5037 1243 5105 φησὶν,
1287 5037 1425 5091 ἀλλά
1468 5038 1564 5092 καὶ
1599 5037 1709 5091 τῶν
1741 5040 2051 5112 ἐρχομένων
2072 5059 2085 5072 ·

508 5116 867 5188 ἁτελεύτητος
913 5118 1025 5189 γὰρ
1063 5120 1158 5173 καὶ
1201 5119 1447 5192 ἄπειρος,
1483 5120 1579 5175 καὶ
1628 5121 1764 5193 μόνη
1812 5123 1874 5175 τὸ
1919 5124 2088 5177 ἀΐδιον

506 5200 725 5271 ἔχουσα.
756 5201 868 5255 Καί
901 5205 940 5272 ἡ
972 5202 1295 5260 δεσποτεία
1322 5220 1439 5258 σου
1469 5204 1538 5257 ἐν
1566 5203 1737 5272 πάσῃ
1781 5205 1958 5274 γενεᾷ
1987 5210 2086 5263 καί

505 5284 702 5354 πενεᾷ.
723 5285 866 5357 Ὅρα
888 5287 1057 5358 αὐτῆς
1079 5289 1172 5342 καὶ
1201 5288 1449 5342 ἐντεῦθεν
1474 5288 1534 5341 τὸ
1550 5288 1925 5361 ἀτελεύτητον.
1947 5294 2089 5346 Παν-

551 5439 595 5515 ’⁸
617 5438 766 5489 Savil.
791 5447 967 5500 στῆσαι
985 5442 1046 5490 τὰ
1066 5447 1151 5500 τῆς
1168 5443 1352 5500 κακίας.
1366 5442 1494 5493 Infra
1517 5445 1667 5494 iidem
1695 5444 1783 5493 οὐκ
1808 5445 1883 5494 ἐπὶ
1909 5446 2089 5495 τούτων

504 5515 767 5613 μοῖῗξξινει.
788 5562 870 5625 καὶ
894 5564 960 5620 εἰς
984 5565 1177 5625 αὐτούς,
1196 5566 1362 5616 minus
1383 5572 1538 5619 recte.

565 5626 589 5688 ξ
618 5624 767 5688 Sam.
795 5624 1072 5688 ἀρχομένων
1093 5624 1346 5688 τοσαύτην.

563 5681 592 5722 d
612 5686 764 5734 Savil.
787 5681 1089 5736 εἴσονται.Αῐ
1116 5681 1530 5740 Μόνοίίᾶσονται.

568 5755 595 5783 θ
616 5744 791 5818 More].
826 5747 906 5818 διὰ
944 5750 1031 5818 τὴν
1058 5750 1237 5799 ἄνοιαν.
1264 5739 1415 5802 Ξανὶι,
1448 5739 1539 5803 νδιά
1574 5754 1662 5813 τήν
1686 5754 1897 5818 ἄγνοιαν,
1918 5759 2087 5805 nolala

422 5818 427 5825 ν
502 5800 556 5848 In
572 5818 728 5877 ἔπαγε.
753 5808 969 5877 lectjone
991 5800 1170 5877 ἄνοιαν.

571 5861 591 5902 τ
617 5861 758 5919 Διῖυς
779 5869 860 5916 καὶ
886 5872 1145 5932 μεμυκότες
1160 5874 1244 5930 τὰς
1266 5875 1430 5933 ἀκοάς.

1231 411 1290 465 S.
1334 409 1620 467 JOANNIS
1658 408 2149 467 CHRYSOSTOMI
2195 409 2511 468 ARCIIIEP.
2551 407 3105 469 CONSTANTINOP.
3637 414 3722 469 ιιῑο

2204 528 2371 599 ταχοῦ
2409 529 2509 600 τῆς
2545 529 2894 601 οἰκουμένης,
2920 524 3195 596 πανταχοῦ
3232 525 3337 579 τῶν
3367 523 3580 590 αἰώνων.
3609 546 3721 583 παν-

2201 613 2370 684 ταχοῦ
2390 613 2496 667 τῶν
2519 613 2725 684 χρόνων
2745 612 3051 666 ἐκτέταται.
3077 608 3300 675 Πιστὸς
3312 609 3513 676 Κύριος
3529 610 3723 667 ἐνπᾶσι

2202 696 2326 761 τοῖς
2345 697 2550 767 λόγοις
2578 694 2786 761 αὑτοῦ,
2827 694 2926 748 καί
2969 694 3138 758 ὅσιος
3171 693 3242 745 ἐν
3264 689 3408 747 πᾶσι
3431 692 3546 758 τοῖς
3567 693 3725 763 ἕρπυις

2201 781 2388 834 αὐτοῦ
2409 799 2422 811 ·
2454 780 2626 834 εἰπὼν
2659 780 2756 851 τῆς
2795 778 3073 849 βασιλείας
3099 777 3161 829 τὸ
3191 776 3551 846 ἀτελεύτητον,
3572 777 3626 829 τὸ
3653 777 3725 847 βε-

2203 862 2392 933 ϐηκὸς,
2422 863 2482 917 τὸ
2513 862 2733 931 πάγιον,
2768 863 2829 915 τὸ
2860 861 3135 930 ἀκίνητον,
3170 858 3431 927 λέγεικαὶ
3460 857 3560 911 τῶν
3585 858 3729 928 λόγων

2202 947 2369 1000 αὐτοῦ
2401 948 2464 1000 τδ
2496 947 2740 1019 στερρόν.
2773 946 2847 1000 Τὸ
2875 945 3006 1018 γὰρ,
3029 944 3274 1009 Πιστὸς,
3293 942 3445 997 τοῦτό
3479 944 3630 1008 ἐστιν,
3658 945 3729 1012 βία

2202 1030 2356 1094 ϐαιος
2395 1033 2442 1095 ⁸,
2476 1031 2702 1101 ἀληθής.
2741 1031 2809 1083 Εἰ
2836 1029 2893 1082 δέ
2932 1027 3140 1091 πιστὸς,
3173 1029 3385 1090 πάντως
3414 1024 3557 1079 ἐσται
3579 1026 3639 1079 τὰ
3670 1030 3730 1080 εί-

2207 1115 2419 1186 ρημένα
2457 1115 2590 1185 παρ’
2645 1113 2833 1169 αὐτοῦ.
2875 1111 3090 1182 Ὥσπερ
3132 1110 3189 1162 δέ
3238 1111 3271 1180 ἡ
3315 1108 3550 1177 βασιλεία
3594 1109 3730 1165 αὐτοῦ

2201 1198 2560 1261 ἀδιάπτωτος,
2597 1197 2693 1251 καὶ
2721 1195 2894 1267 πέρας
2922 1195 3024 1248 οὐκ
3062 1194 3287 1264 ἔχουσα⁸
3320 1191 3457 1245 οὓτω
3485 1192 3572 1245 καὶ
3595 1194 3639 1247 οἱ
3658 1193 3732 1246 λό-

2201 1297 2288 1349 γοι
2319 1280 2483 1336 αὐτοῦ
2510 1279 2751 1351 στερροὶ,
2794 1278 3109 1349 βεϐηκότες.
3141 1278 3279 1330 Οὔτε
3316 1273 3407 1330 οὖν
3440 1276 3608 1346 ἐκείνη
3625 1277 3731 1330 ποτὲ

2200 1364 2572 1427 διακόπτεται,
2610 1361 2735 1416 οὕτε
2758 1357 2904 1417 οὗτοι
2939 1360 3339 1414 διαπίπτουσιν.
3375 1360 3437 1412 El
3471 1359 3526 1413 δέ
3550 1359 3605 1412 οὐ
3636 1359 3732 1413 δια-

2202 1446 2482 1508 πίπτουσι,
2511 1448 2593 1500 δεῖ
2612 1447 2829 1509 πάντως
2847 1444 3210 1513 ἀκολουθῆσαι
3233 1443 3303 1496 τά
3330 1443 3482 1515 ἔργα.
3507 1444 3563 1496 El
3579 1443 3629 1498 δέ
3650 1442 3732 1496 πού

2199 1546 2253 1582 τι
2282 1531 2373 1584 καὶ
2397 1526 2540 1594 εἶπε,
2573 1530 2667 1582 καὶ
2698 1528 2760 1583 οὐ
2793 1527 2946 1601 [4751
2981 1528 3191 1596 γέγονε,
3224 1529 3314 1580 καὶ
3336 1527 3493 1581 τοῦτο
3508 1526 3599 1596 τῆς
3621 1526 3732 1597 ἀλη-

2201 1612 2350 1679 θείας
2366 1613 2530 1667 αὐτοῦ
2561 1612 2834 1677 ἀπόδειξις
2850 1629 2862 1642 ·
2891 1612 3082 1681 Πέρας
3107 1611 3216 1683 γὰρ
3233 1611 3484 1680 λαλήσω
3508 1610 3597 1665 ἐπὶ
3616 1611 3734 1677 ἔθνη

2200 1696 2295 1750 καὶ
2317 1698 2670 1763 βασιλείαν,
2698 1695 2807 1751 τοῦ
2831 1693 3282 1750 κατασκάπτειν
3312 1694 3410 1748 καί
3441 1690 3731 1761 ἐκριζοῦνιιο

2200 1779 2299 1833 καὶ
2324 1780 2434 1834 ἐὰν
2458 1779 2923 1849 μετανοήσωσιν
2956 1778 3056 1832 ἐπὶ
3087 1776 3162 1846 τῇ
3200 1777 3400 1845 κακίᾳ,
3425 1774 3735 1846 μετανοήσω

2200 1864 2362 1935 κάγὼ
2395 1864 2489 1934 ἐφ’
2516 1860 2602 1931 οἷς
2645 1863 2927 1931 ἐλάλησα
2968 1861 3220 1929 ποιῆσαι
3262 1860 3485 1927 αὐτοῖς.
3527 1860 3625 1914 Καὶ
3663 1860 3735 1912 ἐπὶ

2198 1947 2306 2001 τῶν
2323 1947 2544 2018 ἀγαθῶν
2565 1947 2769 2019 ὁμοίως
2783 1964 2797 1978 υ
2831 1947 3074 2016 Χρηστὰ
3095 1944 3464 2016 διαλέξομαι,
3491 1944 3629 2016 φησὶ,
3644 1941 3735 1996 κᾶν

2193 2031 2643 2100 μεταϐάλωνται
2662 2073 2676 2098 ,
2722 2030 2886 2106 κάγίο
2929 2028 3246 2101 μεταϐαλῶ
3289 2031 3367 2085 τὰ
3409 2029 3539 2099 περὶ
3575 2026 3738 2083 αὐτῶν

2198 2118 2498 2188 εἰρημένα.
2534 2118 2642 2171 Καὶ
2682 2117 2851 2184 ὅσιος
2879 2118 2948 2171 ὲν
2985 2116 3136 2172 πᾶσι
3171 2115 3302 2183 τοῖς
3340 2116 3529 2185 ἔργοις
3563 2112 3733 2169 αὐτοῦ.

2199 2203 2264 2256 Τί
2295 2204 2463 2265 ἐστιν,
2496 2203 2737 2268 Ὅσιος;
2781 2200 3076 2271 Ἀληπτος,
3116 2198 3295 2270 ὀρθὸς,
3338 2199 3586 2270 καθαρὸς,
3616 2197 3738 2267 ἀμω·

2203 2304 2321 2357 μος,
2351 2285 2608 2357 οὐδεμίαν
2632 2286 2812 2339 οὐδενὶ
2839 2283 3095 2355 παρέχων
3129 2284 3324 2355 λαϐήν.
3356 2281 3738 2355 ν’Υποστηρίζει

2199 2372 2415 2438 Κύριος
2440 2369 2674 2435 πάντας
2698 2368 2842 2434 τοὺς
2879 2367 3387 2433 καταπίπτοντας,
3418 2366 3512 2421 καί
3539 2363 3741 2432 ἀνορθοῐ

2198 2455 2434 2520 πάντας
2453 2453 2600 2518 τοὺς
2624 2450 3159 2522 κατερραηγμένους.
3193 2449 3382 2504 Εἰπὼν
3402 2451 3526 2521 περὶ
3550 2450 3639 2518 τῆς
3660 2447 3738 2517 βα·

2200 2538 2426 2601 σιλείας,
2454 2537 2537 2590 ὅτι
2563 2537 2887 2608 ἀπέραντος,
2914 2536 3046 2607 περὶ
3075 2534 3182 2588 τῶν
3204 2534 3405 2604 λόγων,
3436 2536 3515 2589 ὅτι
3536 2533 3738 2602 ἀληθεῖς.

2199 2621 2332 2693 περὶ
2371 2620 2478 2673 τῶν
2524 2619 2797 2690 πράξεων,
2840 2620 2923 2673 ὅτι
2969 2618 3223 2688 ἄληπτοι,
3272 2620 3403 2690 περὶ
3452 2618 3548 2687 τῆς
3590 2615 3737 2685 δόξης,

2198 2701 2329 2774 περὶ
2346 2704 2447 2773 τῆς
2470 2702 2967 2774 μεγαλοπρεπείας,
2999 2701 3148 2771 λέγει
3178 2702 3345 2756 πάλιν
3372 2702 3499 2775 περὶ
3526 2702 3617 2772 τῆς
3639 2698 3738 2769 φιλ-

2196 2786 2540 2858 ανθρωπίας·
2574 2785 2603 2838 δ
2628 2787 2722 2839 καὶ
2756 2785 2888 2840 αὐτὸ
2930 2784 3162 2856 μεγίστη
3200 2786 3332 2853 δόξα
3380 2787 3476 2856 τῆς
3504 2782 3741 2855 βασιλείας

2197 2867 2386 2931 αὐτοῦ,
2432 2869 2493 2923 τὸ
2539 2869 2615 2941 μὴ
2663 2868 2821 2939 μόνον
2856 2869 3172 2940 διακρατεῖν
3202 2872 3335 2934 τοὺς
3361 2868 3606 2933 ἐστῶτας,
3629 2864 3739 2920 ἀλλὰ

2196 2954 2292 3008 καὶ
2325 2952 2618 3024 μέλλοντας
2641 2953 3005 3006 καταπίπτειν
3042 2953 3116 3024 μὴ
3140 2953 3238 3024 ἐᾷν
3264 2952 3424 3007 τοῦτο
3448 2952 3642 3016 παθεῖν,
3666 2950 3742 3003 καὶ

2198 3036 2484 3108 κειμένους
2535 3037 2785 3107 ἀνιστᾷν,
2816 3037 2913 3089 καὶ
2942 3037 3002 3090 τὸ
3031 3037 3096 3108 δὴ
3143 3037 3481 3108 θαυμαστὸν.
3520 3038 3596 3089 ὅτι
3629 3033 3740 3086 πάν-

2192 3139 2293 3186 τας
2327 3122 2373 3185 ἱ,
2405 3121 2466 3174 οὐ
2506 3120 2598 3174 τὸν
2624 3120 2772 3174 δεῖνα
2805 3120 2986 3192 μόνον,
3019 3120 3155 3175 ἀλλά
3184 3122 3416 3187 πάντας,
3449 3120 3548 3175 κᾶν
3572 3117 3739 3178 δοῦλοι,

2195 3204 2299 3260 κᾶν
2322 3203 2557 3276 πένητες
2586 3197 2709 3267 ὦσι,
2739 3205 2845 3257 κᾶν
2872 3204 3097 3275 ἄσημοι,
3125 3203 3229 3257 κᾶν
3263 3204 3325 3270 ἐξ
3352 3205 3593 3274 ἀσήμων.
3619 3200 3738 3254 Πάν-

2193 3306 2302 3342 των
2341 3289 2451 3360 γάρ
2488 3290 2605 3342 ἐστι
2642 3289 2939 3357 Δεσπότης,
2971 3290 3067 3341 καὶ
3114 3288 3238 3343 οὐδὲ
3286 3288 3566 3360 κειμένους
3593 3301 3742 3355 mpu-

2192 3372 2397 3445 τρέχει,
2431 3373 2554 3427 οὐδέ
2595 3372 2988 3443 σαλευομένους
3026 3373 3298 3445 ὑπερορᾷ.
3336 3372 3504 3427 Τοῦτο
3540 3370 3625 3425 καὶ
3668 3368 3741 3420 ἐπὶ

2193 3458 2293 3529 τῆς
2334 3456 2522 3527 κοινῆς
2566 3455 2782 3524 φύσεως
2816 3456 3040 3527 ἐποίησε
3061 3473 3075 3486 ·
3113 3456 3275 3511 τοῦτο
3304 3459 3401 3512 καὶ
3426 3458 3509 3527 ἐφ’
3545 3454 3740 3510 ἑκάστου

2194 3541 2507 3611 ἐργάζεται.
2547 3540 2608 3593 Εἰ
2636 3539 2692 3592 δέ
2726 3557 2870 3603 τινες
2889 3539 2998 3593 τῶν
3027 3540 3301 3610 κειμένων
3322 3541 3424 3595 οὐκ
3445 3540 3740 3597 ἀνίστανται,

2195 3626 2257 3677 οὐ
2299 3623 2430 3694 παρ’Ι
2456 3622 2621 3676 αὐτὸν
2643 3622 2734 3677 τὸν
2765 3621 3088 3694 βουλόμενον
3119 3624 3454 3694 ἀνορθῶσαι,
3484 3622 3609 3677 ἀλλά
3635 3618 3761 3687 mp"

2193 3706 2436 3772 ἐκείνους
2462 3707 2589 3770 τοὺς
2624 3706 2700 3778 μὴ
2730 3706 2985 3770 θέλοντας
3008 3707 3335 3777 ἀναστῆναι.
3383 3707 3533 3761 Ἐπεὶ
3556 3705 3640 3760 καὶ
3668 3703 3742 3756 τὸν

2206 3789 2406 3844 Ἰούδαν
2433 3791 2668 3844 πεσόντα
2698 3789 2971 3862 ἠϐουλήθη
2994 3791 3324 3863 ἀναστῆσαι,
3343 3792 3439 3847 καὶ
3461 3792 3590 3863 πρὸς
3612 3786 3742 3843 τοῦτο

2194 3874 2374 3929 πάντα
2390 3874 2708 3948 είνργάσατο,
2734 3875 2850 3928 ἀλλ’
2876 3877 3086 3939 ἐκεῖνος
3107 3876 3208 3929 οὐκ
3231 3876 3489 3948 ἠθέλησε.
3514 3875 3610 3930 Τδν
3636 3871 3742 3943 γοῦν

2193 3957 2359 4012 Δαυῖδ
2389 3958 2627 4013 πεσόντα
2651 3955 2977 4029 ἀνώρθωσε·
3014 3958 3111 4012 καὶ
3144 3960 3372 4032 ἰσχυρὸν
3399 3959 3626 4031 ἐποίησε.
3659 3956 3741 4009 Τὸν

2194 4041 2400 4113 Πέτρον
2446 4040 2707 4112 μέλλοντα
2734 4041 3102 4108 καταπίπτειν
3138 4044 3433 4115 ἀνέστησε.
3465 4043 3570 4098 Καὶ
3604 4042 3739 4097 ἄκουε

2192 4124 2345 4190 πῶς’
2388 4126 2609 4194 Σίμων.
2652 4127 2867 4196 Σίμων,
2920 4126 3107 4196 φησὶν,
3141 4127 3275 4181 ίδοὺ
3314 4132 3349 4183 ὁ
3388 4124 3645 4192 Σατανᾶς
3665 4122 3742 4185 ἐξ·

2191 4207 2383 4275 ᾑτησε
2406 4208 2679 4263 σινιάσαι
2698 4208 2874 4279 ὑμᾶς,
2897 4210 2977 4275 ὠς
2993 4208 3286 4269 τὸνσῖτον
3304 4229 3320 4242 ·
3338 4211 3498 4280 κάμὰ»
3520 4206 3743 4273 ἐδεήθην

2192 4290 2324 4357 περὶ
2349 4289 2486 4353 σοῦ,
2509 4290 2610 4345 ἵνα
2636 4290 2723 4360 μὴ
2749 4291 2971 4361 ἐκλίπῃ
2995 4294 3034 4361 ἡ
3065 4293 3275 4359 πίστις
3293 4308 3434 4348 σου.
3464 4289 3591 4347 Εἶτα
3619 4290 3742 4357 λέγει

2192 4373 2287 4425 καὶ
2314 4371 2500 4444 ἕτερον
2525 4371 2847 4445 εὐεργεσίας
2870 4370 3009 4438 εἶδος
3034 4393 3048 4406 ’
3082 4376 3304 4446 ποικίλη
3335 4375 3445 4446 γὰρ
3469 4371 3626 4429 αὐτοῦ
3668 4370 3742 4423 καὶ

2194 4456 2509 4529 παντοδαπὴ
2549 4458 2581 4528 ἠ
2617 4458 2936 4529 κηδεμονία.
2976 4463 3040 4514 Ol
3079 4460 3382 4531 ὀφθαλμοί
3418 4459 3649 4515 πάντων
3672 4456 3742 4517 εἷς

2191 4537 2267 4592 σὲ
2301 4538 2634 4605 ἐλπίζουσι,
2661 4541 2757 4595 καί
2791 4541 2873 4596 σὺ
2903 4541 3082 4608 δίδως
3105 4542 3222 4611 τὴν
3239 4543 3473 4613 τροφὴν
3490 4537 3674 4596 αὐτῶν
3685 4538 3742 4589 ἐν

2190 4622 2482 4691 εὐκαιρίᾳ.
2510 4618 2667 4687 Εἶδες
2696 4623 2812 4689 πῶς
2835 4625 3054 4691 ἔδειξεν,
3078 4626 3160 4679 ὅτι
3181 4627 3457 4694 Χρηστὸς
3478 4624 3595 4690 τοῖς
3611 4622 3740 4689 σύμ.-

2191 4717 2364 4768 πασι,
2407 4704 2506 4759 καί
2551 4709 2606 4759 οἱ
2642 4707 2928 4776 οίκτιρμοί
2968 4708 3156 4762 αὐτοῦ
3183 4708 3284 4762 ἐπὶ
3312 4707 3508 4762 πάντα
3535 4708 3603 4761 τὰ
3622 4705 3741 4772 ἔργα

2189 4787 2408 4854 αὐτοῦς
2430 4790 2606 4861 Ὅπερ
2627 4791 2684 4842 ἐν
2714 4792 2828 4859 τοῖς
2844 4790 3198 4859 Εὐαγγελίοις
3212 4791 3452 4863 εἴρηται,
3478 4791 3599 4845 Ὀτι
3619 4788 3740 4841 ἀνα-

2191 4870 2391 4925 τέλλει
2425 4872 2534 4926 τὸν
2579 4872 2760 4940 ἣλιον
2800 4873 2989 4927 αὑτοῦ
3022 4873 3121 4926 ἐπὶ
3157 4875 3467 4943 πονηροὺς
3496 4872 3591 4927 καί
3622 4872 3742 4939 ἀπι-

2192 4954 2356 5021 θοὺς,
2406 4954 2505 5009 καί
2528 4955 2739 5025 ,βρέχει
2767 4956 2864 5010 ἐπί
2900 4956 3172 5022 δικαίους
3195 4958 3296 5011 καί
3328 4957 3590 5022 ἀδίκους,
3611 4953 3740 5007 τοῦτ]

2190 5039 2284 5090 καὶ
2322 5038 2556 5092 ἐνταῦθα
2583 5033 2737 5103 οὗτος
2763 5038 2984 5110 ᾐνίξατο
3018 5039 3097 5110 τῷ
3123 5042 3321 5092 εἰπεῖν·
3362 5042 3471 5095 Καὶ
3495 5041 3572 5093 σὺ
3590 5036 3744 5095 δίδως

2191 5120 2307 5187 τὴν
2325 5121 2555 5191 τροφὴν
2574 5118 2858 5175 αὐτῶνὲν
2878 5123 3169 5190 εὐκαιρίᾳ.
3197 5122 3273 5175 Οὐ
3301 5123 3410 5194 γὰρ
3425 5122 3566 5175 ὑετοὶ
3584 5120 3670 5173 καὶ
3681 5115 3741 5186 γῆ

2193 5204 2286 5256 καὶ
2318 5204 2448 5275 ἀὴρ,
2485 5204 2623 5258 ἀλλὰ
2658 5203 2719 5258 τὸ
2743 5204 3026 5276 ἐπίταγμα
3056 5204 3219 5259 αὐτοῦ
3249 5208 3381 5270 τοὺς
3409 5205 3644 5276 καρποὺς
3668 5215 3741 5252 τε·

2190 5287 2247 5339 λε
2256 5290 2473 5358 σφορεῖν
2511 5286 2718 5341 εἴωθεν.

2265 5370 2339 5424 Τὸ
2372 5370 2450 5437 δὲ,
2505 5372 2607 5424 Ἐν
2637 5374 2907 5441 εὐκαιρία
2936 5372 2982 5441 i,
3031 5372 3188 5427 τοῦτο
3221 5371 3395 5442 δηλοῖ,
3438 5371 3518 5426 ὅτι
3555 5367 3741 5440 καιροῖς

2225 5514 2281 5623 “8
2298 5513 2666 5625 ﬁgﬁzlzcrdeesl
2691 5516 2741 5564 in
2763 5514 2936 5565 Morel.
2963 5515 3062 5565 Sed
3087 5517 3340 5576 interpres
3368 5512 3511 5578 legit,
3535 5516 3586 5563 et
3601 5513 3646 5561 in
3664 5509 3739 5559 Sa-

2193 5583 2277 5625 v11.
2306 5583 2535 5625 habetur.

2253 5636 2282 5701 ξι
2306 5637 2462 5701 Locus
2483 5638 2533 5701 1ο
2557 5637 2773 5701 Jeremia
2798 5640 2869 5701 sig
2893 5637 3040 5688 habet
3057 5653 3081 5701 γε
3104 5636 3326 5701 ἐπὶλέθνη,
3348 5638 3378 5694 ἢ
3401 5638 3474 5686 ἐπὶ
3501 5630 3738 5701 βασιλείαν,

2187 5697 2275 5746 τοῦ
2296 5699 2454 5761 ἐξᾶραι
2477 5698 2663 5755 αὐτοὺς,
2686 5700 2766 5747 καὶ
2788 5697 2874 5747 τοῦ
2888 5700 3153 5761 ἀπολλύειν.
3167 5697 3439 5759 Sequenlia
3449 5697 3564 5749 vél'o
3580 5702 3740 5746 secum

2190 5760 2624 5823 dum_§emenliam
2654 5767 2838 5823 tangam
2863 5761 3013 5812 aﬂ‘erl‘
3030 5760 3415 5823 Chrysoslomus.

2258 5821 2272 5861 ί
2308 5819 2483 5870 Morel.
2509 5823 2581 5869 ὃτι
2605 5822 2663 5879 δὴ
2687 5821 2881 5878 πάντας.

2261 5883 2275 5935 i
2307 5882 2456 5933 Savil.
2482 5882 2538 5931 τὸ
2556 5884 2604 5932 ἐν
2631 5882 2858 5948 εὐκαιρίᾳ.
