4100 6506
489 356 592 415 697

491 484 611 525 rum
637 466 964 540 oblivionem
994 465 1184 538 abieci.
1213 466 1464 540 Quisquis
1491 470 1635 527 enim
1664 485 1724 528 se
1748 470 1860 529 Deo
1890 486 2081 529 conse-

491 550 629 604 crat,
654 539 886 595 animam
918 554 1069 610 suam
1094 540 1146 593 in
1174 539 1417 596 manibus
1443 540 1560 610 ejus
1582 544 1750 610 ponit,
1785 554 1842 600 ut
1868 545 1922 598 in
1964 544 2076 599 alio

494 610 710 665 l‘salmo
734 609 863 664 dicit
889 626 903 664 :
940 609 1192 681 Quoniam
1218 618 1272 662 tu
1300 626 1352 665 es
1378 609 1629 681 protector
1650 631 1811 680 meus,
1838 613 2077 679 Domine,

490 681 546 754 in
578 690 891 754 manustuas
917 679 1275 754 commendabo
1289 679 1885 754 spiritummeum(l’sal.
1903 684 1992 741 50.
2021 686 2079 741 5.

492 751 568 824 6).
600 752 654 807 Si
683 752 802 826 qttis
827 761 1005 826 autem
1044 765 1104 806 se
1133 751 1333 826 dividat
1363 752 1418 826 in
1460 751 1777 826 voluptates,
1812 765 1875 812 et
1890 770 2081 826 corpo-

492 821 617 897 reos
671 821 891 897 allectus
919 822 1047 897 ,_is_
1084 822 1231 897 nullo
1256 822 1447 897 ‘modo
1502 821 1735 897 animam
1763 821 1926 882 suam
1983 821 2081 897 po-

491 893 573 968 nit
602 894 653 947 in
687 893 932 968 manibus
958 892 1071 946 Dei.
1099 892 1169 968 Si_
1184 894 1325 968 enim
1355 896 1819 968 temporendivina:
1849 892 2079 968 liturgite

489 964 548 1017 in
592 964 879 1018 sznculares
925 977 1081 1018 curas
1122 964 1482 1028 abducantur,
1519 966 1662 1023 etiis
1709 964 2082 1025 incumbamus

490 1036 579 1110 illa
608 1034 760 1100 hora,
790 1034 1078 1110 laudesque
1098 1034 1191 1089 Dei
1213 1036 1596 1110 relinquamus,
1619 1053 1725 1094 non
1741 1040 2078 1110 reposuimus

492 1106 701 1161 animas
746 1114 956 1182 nostras
1003 1106 1055 1159 in
1085 1106 1334 1182 manibus
1374 1107 1525 1182 ejus.‘
1542 1108 1598 1182 Si
1648 1106 1939 1165 matutinos
1982 1110 2080 1182 hy-

494 1192 657 1231 mnos
672 1176 1139 1251 praetermittamus
1161 1176 1492 1251 dormientes
1512 1177 1564 1234 in
1584 1180 1740 1250 lecto,
1760 1196 1822 1237 ac
1841 1176 2080 1251 tempore

489 1249 914 1318 vespertinarum
964 1247 1177 1318 laudum
1251 1249 1484 1316 crapulae
1511 1260 1567 1305 et
1613 1247 1857 1307 ebrietati
1913 1247 2077 1308 dediti

490 1317 657 1389 simus
683 1331 748 1389 ac
775 1317 916 1389 velut
936 1317 1113 1389 afﬁxi,
1142 1333 1247 1372 non
1274 1319 1610 1389 reposuimus
1634 1323 1841 1378 animas
1867 1332 2078 1378 nostras

494 1387 821 1460 inmanibus
868 1388 981 1445 Dei.
1023 1387 1079 1443 Si
1119 1389 1170 1460 in
1205 1387 1446 1458 tempore
1473 1391 1665 1448 divinlB
1717 1393 1980 1460 lectionis,
2025 1405 2080 1451 et

491 1459 725 1514 maxime
775 1458 828 1513 iu
885 1468 1085 1531 sancta:
1139 1459 1430 1516 Dominica:
1473 1461 1697 1531 diebus,
1750 1458 2079 1521 dimittamus

490 1530 795 1606 ecclesiam,
823 1539 879 1606 et
901 1530 1293 1606 circumeamus
1312 1530 1585 1604 symbolas
1607 1530 1798 1590 dantes
1824 1550 1887 1591 ac
1913 1551 2075 1606 nego-

495 1601 711 1665 tiantes,
729 1609 799 1675 _et
824 1601 876 1656 in
903 1599 1038 1669 vicis
1062 1599 1368 1675 pluteisque
1380 1618 1676 1675 versemur,
1704 1620 1809 1659 non
1837 1599 2079 1675 reposui.

494 1685 615 1725 mus
656 1671 863 1725 animas
892 1678 1104 1726 nostras
1135 1672 1185 1725 in
1208 1671 1456 1727 manibus
1485 1674 1599 1729 Dei.
1636 1676 1691 1732 Si
1718 1671 1992 1732 adstantes
2022 1677 2075 1732 in

490 1739 669 1796 divina
714 1740 924 1814 titurgia
961 1741 1302 1814 dimittamus
1343 1745 1641 1802 oralionem
1675 1755 1729 1802 et
1772 1746 1978 1814 Iaudes,
2023 1755 2080 1807 et

489 1821 676 1867 mutuo
706 1811 773 1867 de
814 1811 1157 1887 maculat-ibus
1197 1813 1358 1868 rebus
1400 1824 1453 1870 et
1494 1814 1638 1871 euris
1686 1811 2075 1887 colloquamur,

492 1897 596 1936 non
679 1882 1013 1951 reposuimus
1072 1882 1279 1940 animas
1322 1893 1544 1942 nostras
1572 1887 1630 1942 in
1661 1882 1916 1945 manibus
1959 1882 2075 1944 Dei;

489 1952 613 2025 110.
644 1951 935 2025 Ροδιιεγυηι
956 1963 1244 2025 peccatores
1270 1956 1502 2025 laqueum
1522 1958 1666 2025 mihi,
1687 1968 1735 2013 et
1763 1959 1828 2013 de
1853 1960 2076 2014 manda-

489 2023 555 2077 tis
579 2024 678 2077 tuis
718 2040 821 2097 non
861 2023 1056 2097 erravh
1074 2024 1267 2080 Multas
1296 2023 1574 2097 variasque
1602 2023 1848 2085 homines
1875 2030 2078 2087 damno-

488 2109 692 2164 nesque
717 2093 771 2168 in
797 2109 884 2149 me
902 2094 1121 2168 insidias
1144 2106 1357 2168 Struunt
1384 2115 1398 2151 :
1427 2093 1527 2168 ego
1548 2114 1676 2154 vero
1702 2100 2076 2157 mandatorum

491 2172 704 2219 tuorum
736 2166 836 2219 iter
867 2164 993 2219 nulli
1026 2166 1312 2220 obnoxium
1343 2164 1516 2225 errori
1559 2169 1812 2228 incedere
1838 2172 2072 2228 decrevi.

491 2235 718 2312 Etenim‘
749 2244 806 2290 et
832 2234 1108 2312 dtemones
1134 2245 1190 2290 et
1218 2238 1742 2312 cogitationessaape
1784 2241 2077 2312 illaqueant

486 2305 719 2383 eos,_qui
750 2307 1042 2383 secundum
1074 2305 1243 2383 Deum
1275 2305 1478 2376 vivunt,
1505 2305 1805 2383 deindeque
1844 2305 2075 2383 improbi

488 2376 732 2431 homines
765 2393 779 2430 :
807 2386 861 2429 at
890 2376 963 2430 illi
992 2377 1289 2446 gloriantur
1308 2393 1367 2435 se
1397 2395 1503 2435 non
1526 2376 1867 2440 aberraturos
1890 2376 2010 2440 esse
2036 2400 2068 2439 a

487 2447 750 2502 mandatis
788 2447 899 2520 Dei.
932 2447 1110 2516 Ipsum
1151 2448 1294 2503 enim
1343 2450 1592 2507 Davidem
1620 2452 1771 2520 Salii,
1800 2469 1923 2508 cum
1955 2456 2075 2510 illa-

487 2525 729 2587 quearet,
758 2525 813 2587 et
842 2519 1143 2573 interhcere
1172 2529 1421 2587 tentaret,
1451 2536 1515 2576 ex
1544 2519 1811 2579 mandatis
1840 2526 1931 2578 Dei
1963 2541 2069 2581 non

485 2586 695 2643 avertit.
746 2586 1019 2657 Siquidem
1070 2589 1233 2644 David
1279 2586 1413 2648 cum,
1455 2592 1667 2649 Saﬁlem
1698 2595 1865 2650 semel
1895 2604 1949 2650 et
1996 2598 2077 2652 bis

485 2661 803 2734 reperisset,_
824 2674 930 2734 non
956 2659 1190 2715 reddidit
1214 2662 1312 2729 ipsi
1347 2663 1543 2718 malum
1578 2681 1674 2734 pro
1705 2667 1866 2720 malo.
1902 2667 2076 2725 Ulim-

484 2745 587 2802 que
626 2729 860 2809 .Ioscpho
901 2730 1145 2809 laqueum
1179 2734 1400 2790 tetendit
1430 2729 1685 2809 Egyptia
1711 2777 1726 2802 ,
1756 2752 1943 2792 verum
1968 2738 2078 2809 ille

486 2801 591 2853 non
616 2801 851 2866 erravit,
877 2803 1288 2875 castitatemque
1334 2801 1588 2859 servavit;
1616 2801 1850 2875 ldipsum
1881 2817 1936 2863 ct
1961 2807 2072 2864 Su—

483 2884 648 2950 sanna
679 2881 945 2950 pasxaest
972 2887 1005 2929 a
1034 2874 1354 2950 senioribus.
1399 2876 1536 2950 l-ll._
1560 2874 1855 2950 Hereditate
1890 2881 2072 2950 acqui-

485 2943 582 3024 siui
603 2943 891 3024 testimonia
931 2953 1022 2997 tua
1069 2943 1122 2998 in
1146 2954 1408 3014 retentum,
1452 2948 1571 3017 quia
1608 2949 1878 3004 exsultatio
1908 2943 2079 3011 cordis

485 3021 581 3067 mei
601 3021 734 3066 sunt.

645 3082 1114 3168 Exsultatit‘sancti
1144 3093 1200 3168 et
1224 3085 1298 3168 pii
1316 3086 1435 3152 viri,
1462 3098 1519 3144 et
1539 3088 1773 3168 gaudent
1796 3089 1862 3168 de
1883 3091 2070 3168 obser-

484 3154 699 3210 vatione
726 3153 1099 3209 mandatorum
1142 3153 1259 3224 Dei,
1308 3172 1373 3212 ac
1415 3153 1789 3216 cum'Patrem
1843 3160 2076 3219 habeant

487 3223 677 3289 Deum,
709 3224 824 3294 ejus
852 3224 1276 3281 testimoniorum
1301 3226 1526 3284 heredes
1555 3228 1676 3286 facti
1706 3239 1847 3293 sunt,
1874 3247 1938 3287 ac
1956 3233 2074 3288 vel-

487 3305 543 3350 ut
598 3306 869 3365 paternam
911 3295 1260 3352 hereditatem
1293 3299 1378 3353 illa
1419 3301 1653 3356 retinent
1690 3303 2022 3357 exsultantes
2058 3321 2072 3358 :

486 3367 659 3443 dulcis
690 3380 918 3435 namque
947 3374 1332 3443 estpareutum
1356 3367 1644 3443 hereditas.
1681 3370 1912 3443 Ideoque
1938 3373 2074 3429 Pro-

487 3437 645 3511 pheta
688 3450 915 3512 precans
953 3436 1082 3512 dicit
1128 3455 1144 3492 :
1194 3438 1555 3512 Hereditatem
1602 3436 1983 3512 sempiternam
2022 3452 2077 3499 et

488 3507 653 3564 tutam
677 3518 762 3564 tua
790 3507 1091 3563 testimonia
1117 3522 1237 3565 esse
1256 3509 1503 3577 credens,
1522 3528 1588 3568 ex
1613 3507 1805 3568 horum
1818 3515 2075 3571 memoria

486 3581 706 3655 exsntto
742 3587 797 3655 et
824 3580 994 3655 laetor.
1028 3579 1152 3635 112.
1184 3578 1439 3655 inclinavi
1466 3600 1555 3638 cor
1581 3600 1746 3638 meum
1772 3586 1840 3639 ad
1868 3586 2065 3655 facien-

489 3653 583 3706 das
624 3649 1158 3724 iustiﬁcationesituas
1183 3652 1237 3706 in
1271 3662 1517 3724 ceternum
1554 3665 1760 3724 propter
1784 3649 2074 3711 retributio-

489 3738 624 3777 nem.
656 3722 894 3777 'l‘rutinte
919 3722 1095 3779 simile
1118 3731 1203 3778 est
1236 3723 1431 3778 anima:
1460 3722 1742 3781 consilium
1776 3744 1789 3780 :
1816 3727 2071 3781 trutinam

492 3803 635 3867 tenet
671 3807 844 3867 mens,
872 3807 991 3862 quae
1016 3792 1167 3867 ducis
1202 3794 1437 3867 fungitur
1464 3794 1667 3851 ofﬁcio.
1697 3796 1754 3852 Si
1786 3798 1947 3867 igitur
1974 3798 2074 3867 piis

488 3862 898 3933 cogitationibus
921 3876 982 3918 se
1019 3862 1366 3933 applicuerit,
1395 3881 1617 3929 necesse
1650 3876 1735 3922 est
1759 3862 1830 3924 ad
1851 3862 2075 3924 meliora

491 3932 671 4009 lances
700 3932 993 4009 declinare.
1033 3932 1148 4009 Hoc
1171 3950 1230 3990 se
1255 3934 1445 4009 iecisse
1465 3936 1556 4009 _ait
1580 3938 1860 4009 pr0pheta.
1890 3938 2076 4009 Neque

489 4005 663 4077 modo
689 4002 961 4077 Inclinavi,
988 4005 1149 4077 modo
1176 4020 1316 4077 non;_
1334 4006 1429 4077 sed
1455 4005 1522 4061 In
1542 4002 1807 4074 saxulum,
1840 4009 1942 4066 hoc
1968 4002 2070 4077 est,

488 4076 751 4137 Omnibus
770 4074 961 4146 diebus
977 4075 1097 4130 vitae
1118 4091 1274 4131 meae.
1301 4074 1356 4131 In
1386 4076 1470 4132 his
1495 4080 1638 4134 etiim
1664 4080 1898 4146 exsulto,
1928 4074 2076 4136 inve-

490 4148 646 4202 niens
685 4145 1112 4211 retributionem,
1144 4146 1273 4213 Quae
1309 4147 1489 4204 oculus
1512 4167 1615 4204 non
1643 4151 1782 4214 vidit,
1814 4145 1907 4205 nec
1933 4153 2075 4208 auris

487 4217 701 4291 audivit,
729 4233 818 4271 nec
841 4218 895 4271 in
920 4233 1007 4270 cor
1022 4218 1240 4291 hominis
1259 4219 1594 4291 ascenderunt
1622 4222 1696 4291 (I.
1726 4220 1845 4277 Cor.
1867 4222 1923 4277 2.
1957 4221 2016 4291 9)
2052 4240 2065 4275 :

491 4289 607 4343 haec
643 4291 841 4359 quippe
889 4297 1013 4361 sunt
1042 4290 1342 4361 retributio.
1392 4289 1538 4345 Bona
1588 4289 1734 4349 enim
1776 4307 1876 4361 pro
1918 4289 2075 4349 bonis

490 4357 674 4419 creata
703 4366 852 4433 sunt.
902 4359 1030 4433 [lat
1056 4357 1268 4433 lniquos
1304 4361 1423 4433 odio
1467 4361 1647 4433 habui,
1694 4357 1855 4432 legem
1906 4373 2075 4420 autem

490 4441 632 4505 tuam
676 4429 852 4505 dilexi2
877 4427 1268 4505 __C_ogitatidues
1310 4431 1456 4505 enim
1502 4431 1570 4489 ad
1610 4427 1950 4505 peccandum
1995 4434 2077 4505 in-

489 4503 750 4581 stigantes
804 4500 1064 4583 abjiciens
1108 4540 1125 4564 ,
1184 4509 1327 4583 tuam
1377 4503 1565 4583 .legem
1596 4500 1860 4583 _'prae_t_uli.
1928 4504 2078 4560 Talis

487 4576 687 4642 quippe
749 4580 832 4643 est
881 4579 1222 4643 sanctorunr
1254 4572 1523 4643 gloriatio.
1592 4572 1652 4643 in
1702 4574 1811 4630 alio
1862 4589 2074 4643 quoque

486 4639 703 4704 Psaltno
725 4641 856 4703 dicit
884 4659 897 4696 :
928 4639 1115 4695 Nonne
1137 4641 1223 4711 qui
1243 4639 1456 4697 oderunt
1481 4654 1547 4708 te,
1579 4642 1812 4708 Domine,
1839 4639 2068 4711 oderam,

488 4726 535 4771 et
568 4732 722 4784 super
759 4713 990 4770 inimicos
1033 4722 1145 4766 tuos
1173 4713 1481 4768 tabescebam
1501 4712 1786 4784 {Perfecto
1809 4715 1925 4770 odio
1950 4715 2071 4784 ode-

486 4803 599 4865 ram
620 4782 757 4865 illos,
786 4784 1192 4865 etinimicifacti
1213 4794 1332 4865 sunt
1349 4785 1471 4838 mihi
1492 4782 1663 4865 (Ptol;
1686 4785 1808 4865 1Ξ›8ε
1835 4784 1926 4841 21.
1954 4782 2071 4865 22).

486 4858 948 4926 Quemadmodum
978 4852 1081 4928 qui
1098 4852 1279 4928 diligit
1296 4852 1639 4928 luoeondit
1668 4855 1920 4912 tenebras
1947 4870 1963 4909 :
1989 4852 2075 4928 sic

485 4924 576 4999 qui
603 4928 775 4998 diligit
802 4929 975 4999 legem
996 4924 1146 4999 'Dei,
1179 4924 1386 4999 iniquas
1414 4926 1764 4999 cogitationes
1802 4935 1856 4999 et
1888 4925 2071 4999 tactio-

487 4997 586 5057 lies
604 4997 718 5054 odit
740 5016 755 5065 ;
786 5009 841 5054 et
862 4997 1073 5056 aversio
1097 4997 1266 5069 abhis
1290 5006 1374 5069 est
1398 4997 1615 5053 dilectio
1653 4997 2068 5069 promissionum

485 5071 640 5150 legis.
685 5071 785 5141 Qui
816 5071 975 5141 igitur
1016 5071 1089 5125 ita
1126 5084 1186 5125 se
1214 5068 1393 5150 habet,
1424 5068 1725 5150 exclamat:
1755 5069 1880 5124 114.
1910 5068 2076 5150 Adju-

485 5140 566 5197 tor
590 5149 636 5196 et
657 5140 917 5210 susceptor
954 5158 1095 5197 meus
1131 5156 1183 5194 es
1207 5152 1262 5196 tu
1291 5157 1311 5196 :
1339 5141 1393 5196 iu
1411 5140 1561 5193 verba
1586 5149 1675 5194 tua
1699 5140 2070 5210 supersperavi.

484 5212 601 5271 Non
654 5213 771 5268 sine
815 5212 1011 5268 auxilio
1063 5222 1153 5268 tuo
1207 5212 1323 5268 haec
1368 5210 1587 5282 perfeci,
1635 5211 1728 5266 sed
1782 5219 1871 5282 tua
1912 5210 2074 5282 fultus

484 5287 676 5354 gratia,
706 5293 899 5352 tuaque
924 5298 1019 5353 spe
1064 5279 1412 5340 sustentatus.
1454 5281 1572 5338 Non
1615 5283 1823 5354 speravi
1852 5281 1904 5335 in
1932 5279 2074 5354 divi-

491 5352 592 5425 tias
624 5395 638 5418 ,
667 5370 774 5409 non
801 5355 853 5408 in
903 5355 1158 5425 honorem
1207 5364 1267 5425 et
1303 5354 1524 5425 gloriam
1561 5353 1884 5425 mundanam
1918 5360 1974 5408 et
2015 5352 2072 5407 in

484 5423 760 5479 hominum
811 5424 1106 5480 subsidium
1133 5465 1149 5491 ,
1178 5424 1275 5479 sed
1312 5423 1374 5479 in
1406 5424 1566 5478 verba
1592 5433 1704 5482 tua.
1734 5423 2075 5492 Quapropter

482 5495 744 5566 quispiam
773 5496 1094 5565 sapientium
1120 5495 1332 5551 dicebat
1364 5513 1377 5549 :
1408 5493 1691 5566 Hominum
1727 5494 2074 5566 ouantiumne

484 5563 619 5619 mihi
633 5563 853 5620 dederis.
886 5566 1009 5621 115.
1039 5566 1300 5621 Declinate
1317 5581 1350 5619 a
1370 5582 1450 5619 me
1478 5564 1715 5635 maligni,
1736 5574 1783 5620 et
1806 5563 2075 5620 scrutabor

485 5637 728 5691 mandata
753 5635 851 5690 Dei
872 5637 987 5690 mei.
1019 5636 1245 5692 Omnem
1270 5636 1576 5691 daemonum
1600 5645 1657 5690 et
1691 5635 1952 5690 malarum
1978 5648 2074 5690 co-

481 5706 793 5788 gitationum
821 5707 1076 5788 impetum
1103 5706 1373 5788 declinare
1395 5706 1652 5777 praecipit,
1669 5715 1739 5788 _ut
1767 5706 1889 5788 quis
1911 5720 2067 5786 man-

481 5779 604 5831 data
634 5777 730 5847 Dei
756 5779 807 5832 in
833 5776 1012 5846 seipse
1028 5776 1294 5833 custodiat
1319 5791 1483 5847 opere
1497 5787 1552 5832 et
1572 5779 1755 5834 verbo.
1792 5777 1905 5832 lloc
1922 5777 2066 5831 enim

482 5857 565 5905 est
587 5845 737 5919 illud,
772 5845 1074 5907 Scrutabor.
1110 5848 1235 5905 llaec
1259 5845 1426 5918 enim,
1471 5848 1672 5920 inquit,
1705 5849 1947 5907 dicebam
1972 5850 2065 5905 ab-

1794 359 1862 418 IN
1902 353 2225 418 PSALMUM
2263 355 2491 414 CXVIII.

3676 363 3803 424 698‘

2186 470 2365 549 surdis
2390 470 2800 549 cogitationibus
2822 480 2924 549 ,__c_t
2953 470 3132 549 iis_qui
3164 475 3302 549 mala
3332 476 3459 532 mihi
3489 492 3778 549 svggerore

2190 539 2750 619 tentabattt:Nullum_
2787 540 2915 598 mihi
2966 539 3075 619 tale
3119 548 3403 619 consilium
3442 539 3774 619 suggEEratis:

2187 611 2320 692 mihi
2362 610 2510 692 enim
2535 612 2818 692 optabilior
2846 623 2929 669 est
2955 613 3058 692 vita
3086 618 3377 672 secundum
3401 610 3606 692 divina
3636 636 3777 692 pra:-

2184 690 2362 758 cepta.
2386 680 2526 758 “lion
2552 680 2727 758 solum
2756 696 2935 758 autem
2963 685 3048 739 illa
3080 702 3293 758 sequar,
3320 688 3416 751 sed
3465 680 3774 747 etiam'cum

2186 752 2335 809 omni
2368 751 2638 821 diligentia
2682 755 2992 820 scrutabor,
3026 766 3083 811 ut
3107 751 3299 814 horum
3344 760 3474 815 nihil
3522 760 3652 815 mihi
3694 761 3774 817 la-

2189 832 2317 891 teat,
2355 823 2450 878 sed
2495 823 2674 904 omnia
2703 824 2791 878 illa
2834 824 3089 896 impleam
3116 825 3236 898 qua:
3265 829 3523 888 Dominus
3549 831 3766 889 univer-

2185 909 2366 950 sorum
2396 901 2671 962 praecepit.

2256 964 2529 1039 Eloquium
2562 964 2653 1017 Dei
2704 965 2945 1039 quid_._—-
2969 967 3093 1022 116.
3127 968 3343 1039 Suscipe
3383 987 3465 1026 me
3491 972 3769 1028 secundum

2184 1036 2436 1103 eloquium
2461 1044 2625 1101 tuum,
2653 1043 2699 1089 et
2744 1036 2940 1161 viviﬁca
2976 1053 3056 1091 me
3093 1053 3112 1092 :
3143 1050 3188 1091 et
3232 1036 3334 1094 non
3376 1044 3662 1113 confundas
3693 1061 3771 1097 me

2184 1107 2246 1161 ab
2282 1106 2648 1161 exspectatione
2674 1121 2803 1160 mea.
2886 1122 2987 1161 unc
3026 1109 3202 1161 itauue
3242 1125 3461 1161 sconum
3486 1113 3771 1161 halm-itum

2180 1107 2246 1162 ab
2282 1106 2648 1180 exspectatione
2674 1121 2803 1180 mea.
2832 1106 2987 1163 Hunc
3026 1109 3202 1178 itaque
3233 1106 3771 1180 scopum'babentem

2185 1176 2517 1253 providentia
2548 1185 2632 1253 tua
2667 1176 2906 1253 dignare,
2930 1186 2988 1253 ut
3015 1193 3084 1232 ne
3110 1176 3207 1253 spe
3232 1176 3410 1253 laps-us
3442 1188 3649 1253 pudore
3676 1199 3767 1239 re-

2183 1246 2351 1319 plear.
2388 1246 2657 1321 Eloquium
2678 1246 2977 1321 autem__bic
3004 1246 3414 1321 promissionem
3436 1246 3601 1321 dicit,
3632 1271 3697 1312 ac
3717 1255 3763 1312 si

2184 1315 2407 1397 diceret,
2447 1315 2772 1397 promissam
2810 1316 2942 1372 tnihi
2985 1315 3162 1397 prmbe
3200 1321 3451 1397 salutem.
3499 1315 3769 1397 Propheta

2182 1389 2342 1460 igitur
2366 1396 2549 1463 utpote
2581 1386 2878 1454 perlectus;
2909 1386 3340 1463 quienstodierit
3364 1386 3618 1449 mandata'
3646 1400 3764 1463 Dei,

2181 1457 2457 1530 exspectat
2508 1457 2768 1530 honorem
2811 1468 2861 1530 et
2888 1457 3110 1530 gloriam
3144 1461 3196 1515 in
3245 1463 3481 1519 secundo
3526 1457 3761 1525 adventu

2181 1528 2379 1586 Christi
2428 1528 2520 1584 Dei
2549 1528 2741 1596 nostri,
2775 1529 2860 1582 ubi
2894 1528 3083 1598 sperat
3112 1546 3172 1587 se
3214 1543 3267 1587 et
3295 1545 3554 1590 aeternam
3599 1540 3763 1594 vitam

2183 1603 2493 1678 ducturum,
2522 1609 2578 1678 et
2601 1614 2705 1653 non
2736 1600 2936 1678 pudore
2964 1600 3303 1678 afficiendum
3332 1619 3453 1678 esse
3490 1621 3613 1678 cum
3641 1626 3768 1678 pec-

2181 1672 2470 1748 catoribus,
2492 1676 2547 1724 et
2567 1668 2943 1748 iniutorigeris,
2975 1671 3062 1740 qui
3086 1686 3189 1727 sea
3221 1674 3486 1748 tuendatis
3515 1676 3606 1732 Dei
3642 1668 3765 1748 pro-

2181 1742 2267 1796 cnl
2287 1748 2656 1813 removerunt.
2669 1740 2807 1813 117.
2837 1740 3038 1813 Adjuva
3069 1759 3147 1813 me
3166 1753 3212 1797 et
3239 1745 3416 1800 salvus
3445 1761 3553 1813 ero,
3585 1740 3767 1805 et'me-

2179 1813 2380 1868 ditabor
2424 1812 2478 1866 in
2509 1810 2960 1882 justiﬁeationibus
3003 1812 3106 1868 tuis
3146 1830 3363 1882 semper.
3397 1810 3600 1870 Nam’si
3631 1822 3766 1875 Salu-

2184 1892 2291 1959 ιυφ
2346 1881 2664 1959 consever-
2707 1881 3115 1959 iustiﬁeuone
3155 1881 3285 1959 luas.
3323 1900 3428 1939 ιιοη
3477 1889 3763 1959 nauigaui.

2180 1955 2275 2010 sed
2300 1968 2516 2025 semper
2545 1952 2672 2025 illas
2697 1952 3017 2008 meditabor.
3052 1953 3449 2025 Meditationem
3489 1952 3769 2017 vei-(dicit

2182 2040 2287 2099 [ιρι]
2345 2022 2627 2099 ἱιίγθὼὶε
2680 2031 2883 2099 tantum
2912 2064 2936 2099 ,_
2983 2023 3082 2099 sed
3148 2025 3307 2099 etiam
3377 2028 3432 2082 in
3486 2031 3760 2099 Operibus.

2181 2095 2315 2152 Nam
2343 2097 2595 2153 continua
2622 2093 2896 2148 meditatio
2916 2095 3353 2163 justilicationum
3387 2099 3478 2153 Dei
3509 2093 3764 2158 auxilium

2181 2168 2297 2232 ejus
2322 2167 2477 2222 nobis
2505 2163 2746 2238 attrahit,
2779 2164 3173 2238 hincquesalus
3205 2167 3426 2238 paritur.
3462 2170 3577 2224 118.
3602 2172 3759 2238 Spre-

2181 2238 2292 2292 visti
2331 2254 2504 2293 omnes
2534 2234 2850 2309 discedentes
2874 2252 2906 2288 a
2921 2234 3137 2309 judiciis
3161 2237 3261 2291 tuis
3277 2277 3296 2305 ,
3318 2238 3441 2309 quia
3466 2234 3661 2305 iniusta
3679 2260 3764 2298 co-

2178 2309 2352 2380 gitatio
2386 2323 2577 2362 eorum.
2608 2304 2755 2380 [Iane
2779 2304 2957 2361 autem
2987 2306 3127 2380 circa
3155 2304 3400 2380 mandata
3422 2304 3750 2369 alaeritatem

2179 2375 2481 2445 exhibebo,
2507 2392 2629 2433 cum
2672 2375 2899 2431 infames
2927 2386 2980 2432 ct
3017 2377 3267 2432 ridiculos
3292 2393 3412 2434 esse
3456 2382 3622 2436 laetos
3667 2401 3763 2437 cu-

2180 2466 2302 2506 rum
2344 2460 2767 2518 transgressores
2807 2448 3066 2518 noverim.
3098 2447 3152 2502 In
3180 2448 3285 2502 alio
3311 2464 3523 2518 quoque
3552 2453 3764 2508 Psalttto

2179 2521 2248 2577 de
2270 2517 2637 2591 peccatoribus
2659 2518 2800 2592 dicit
2818 2535 2831 2573 :
2972 2518 3189 2592 nihilum
3214 2517 3475 2592 devenient
3507 2531 3761 2592 tamquam

2179 2587 2312 2661 aqua
2341 2592 2613 2645 decurrens
2647 2587 2817 2662 (Psal.
2844 2589 2941 2662 57.
2966 2588 3040 2659 8).
3073 2587 3140 2643 Et
3164 2604 3347 2662 rursus
3371 2631 3386 2656 ,
3421 2587 3765 2662 opprobrium

2179 2659 2556 2717 abundantibus
2578 2701 2593 2724 ,
2630 2670 2676 2714 et
2721 2660 2973 2729 despectio
3002 2659 3242 2731 superbis
3280 2659 3478 2730 (Psalﬁ
3507 2659 3629 2717 122.
3682 2667 3762 2731 4).

2181 2734 2309 2789 119.
2349 2731 2747 2787 Prwvaricantes
2783 2730 3009 2801 reputavi
3038 2746 3208 2801 omnes
3251 2742 3534 2801 peccatores
3571 2744 3718 2790 teme
3746 2752 3765 2791 :

2178 2804 2292 2858 ideo
2316 2804 2471 2858 dilexi
2499 2801 2779 2856 testimonia
2804 2799 2910 2854 tua.
2942 2800 3100 2868 Illud,
3130 2799 3551 2868 Praevaricantes,
3579 2804 3758 2860 Theo-

2178 2875 2347 2938 dotio,
2376 2872 2483 2928 Pro
2509 2874 2668 2927 nihilo
2688 2872 2841 2943 dixit.
2879 2871 3232 2943 Symmachus
3259 2881 3434 2928 autem
3461 2915 3476 2939 ,
3509 2874 3761 2935 Scoriam.

2182 2945 2449 3015 Propheta
2477 2953 2656 2998 autem
2700 2942 3159 3017 declaravitquod
3186 2958 3308 3017 cum
3357 2945 3578 3015 perinde
3606 2958 3764 3017 atque

2181 3010 2322 3070 Deus
2349 3026 2768 3084 transgressores
2800 3028 2896 3080 pro
2934 3010 3106 3084 nihilo
3130 3010 3600 3080 habeatfomnem
3650 3010 3763 3070 ala-

2178 3087 2421 3141 critatem
2469 3082 2524 3139 in
2574 3083 2874 3154 divinorum
2933 3082 3263 3154 eloquiorum
3313 3085 3756 3154 observationem

2177 3157 2452 3220 obtulerit,
2477 3169 2676 3227 gnat-us
2714 3153 2926 3227 scilicet
2945 3153 3147 3219 damni,
3180 3153 3324 3227 quod
3354 3172 3418 3227 es
3450 3161 3763 3226 praevarica-

2180 3229 2327 3283 tione
2368 3223 2558 3283 oritur.
2584 3224 2817 3280 Joannes
2860 3223 3019 3298 igitur
3052 3225 3328 3298 apostolus
3369 3223 3487 3298 ait:
3520 3229 3618 3295 Qui
3643 3230 3764 3298 facit

2177 3299 2592 3370 iniquitatem,et
2622 3293 2900 3365 peccatum
2910 3295 3031 3366 facit
3060 3296 3149 3365 (1.
3179 3293 3336 3350 Joan.
3367 3297 3421 3352 5.
3451 3298 3484 3353 4
3502 3293 3550 3365 ).’
3572 3293 3754 3367 Itaque

2178 3369 2319 3438 apud
2363 3369 2448 3438 pic
2492 3369 2733 3440 viventes
2759 3374 3077 3440 peccatores
3103 3377 3423 3440 Anoscunlur
3466 3384 3587 3425 esse
3628 3372 3762 3440 legis

2179 3435 2625 3510 transgressores.
2675 3436 2796 3510 120.
2815 3435 3038 3510 Con/iga
3069 3436 3253 3510 timore
3274 3447 3359 3494 tuo
3381 3454 3556 3494 carnes
3586 3435 3720 3495 mea}
3745 3457 3770 3495 .·

2178 3528 2210 3569 a
2235 3508 2487 3565 mandatis
2511 3511 2643 3564 enim
2668 3509 2766 3580 tuis
2786 3509 2950 3580 timui.
2980 3508 3169 3580 Anima
3196 3524 3332 3575 mea,
3357 3512 3545 3580 inquil,
3578 3514 3767 3567 timore

2180 3592 2271 3637 tuo
2300 3583 2530 3652 cingitur
2554 3598 2566 3632 :
2597 3579 2690 3634 sed
2715 3579 2836 3652 quia
2853 3594 3046 3652 corpus
3071 3579 3566 3652 insnrgitadversus
3592 3583 3756 3646 illam,

2177 3668 2309 3724 rogo
2350 3649 2413 3707 ut
2431 3651 2548 3721 ejus
2585 3649 2823 3724 membra
2868 3649 2972 3724 hoc
3001 3649 3193 3705 timore
3224 3651 3588 3724 conﬁgantur,
3619 3655 3687 3707 ita
3711 3663 3768 3710 ut

2178 3719 2385 3792 mortua
2415 3719 2634 3792 peccato
2663 3719 3124 3792 animteductum
3166 3719 3475 3792 sequantur.
3529 3722 3663 3778 liuic
3686 3728 3764 3780 si-

2177 3786 2312 3850 mile'
2346 3786 2431 3849 est
2470 3790 2821 3864 apostolicum
2847 3789 2974 3845 illud
3001 3790 3201 3845 dictum
3229 3786 3580 3861 {Mortiﬁcate
3604 3811 3762 3848 mem-

2177 3867 2267 3920 bra
2293 3873 2475 3931 vestra,
2516 3877 2630 3934 qua;
2661 3870 2784 3934 sunt
2807 3877 2960 3934 super
2989 3870 3195 3925 terram.
3228 3864 3634 3934 fornicationem,
3667 3867 3766 3918 im.

2176 3935 2477 3991 munditiam
2501 3931 2824 4001 ,libidincm,
2852 3931 3041 3987 malam
3069 3931 3543 4001 concupiscentiam,
3564 3944 3615 3987 et
3643 3952 3764 3989 ava-

2176 4004 2368 4069 ritiam,
2395 4014 2612 4076 quietest
2631 4002 2889 4076 idolorum
2918 4002 3130 4076 servitus
3163 4002 3310 4074 (Col.
3339 4004 3391 4059 3.
3434 4004 3515 4076 _5).
3543 4006 3610 4061 Et
3635 4021 3762 4060 rur-

2177 4093 2270 4133 sus
2298 4095 2311 4131 :
2336 4073 2460 4131 Cum
2496 4074 2696 4131 Christo
2737 4073 2890 4129 simul
2929 4074 3201 4199 crucgixus
3250 4091 3381 4128 sum.
3436 4073 3559 4130 Vivo
3599 4086 3767 4129 autem

2178 4149 2284 4199 iam
2308 4163 2409 4199 non
2429 4164 2541 4199 eao.
2568 4146 2685 4199 vivit
2707 4161 2822 4199 vero
2846 4144 2899 4198 in
2934 4160 3013 4198 me
3083 4144 3271 4199 hrislus
3297 4143 3440 4199 (Gal.
3465 4147 3518 4199 2.
3545 4142 3628 4199 19.
3653 4144 3765 4199 20).

2168 4149 2284 4219 jam
2308 4163 2409 4201 non
2429 4164 2541 4219 ego,
2568 4146 2685 4219 vivit
2707 4161 2822 4219 vero
2834 4144 2899 4219 in
2934 4160 3031 4219 me
3042 4142 3271 4199 Christus
3297 4143 3440 4216 (Gal.
3465 4147 3518 4202 2.
3545 4142 3628 4199 19.
3653 4144 3765 4215 20).

2180 4213 2245 4275 Ut
2268 4219 2411 4274 enim
2440 4213 2505 4279 is,
2533 4217 2621 4286 qui
2649 4217 2699 4271 in
2742 4213 2917 4284 lapide
2947 4214 3140 4269 inﬁxus
3181 4224 3285 4283 est,
3306 4213 3418 4270 non
3447 4226 3622 4286 potest
3649 4213 3764 4271 nui-

2175 4291 2287 4345 veri
2313 4307 2328 4355 ;
2359 4291 2428 4343 ita
2477 4304 2578 4344 nec
2603 4288 2647 4341 is
2671 4326 2687 4353 ,
2715 4287 2804 4357 qui
2834 4286 3029 4341 timore
3059 4286 3151 4341 Dei
3180 4286 3484 4355 cooligitur,
3512 4304 3543 4342 a
3573 4290 3702 4342 lituo
3734 4306 3767 4342 e

2177 4361 2271 4416 Dei
2297 4361 2556 4432 separari.
2599 4360 2669 4432 At
2714 4370 2899 4432 rursus
2928 4357 3066 4412 idem
3095 4358 3368 4432 apostolus
3408 4359 3486 4411 ait
3514 4357 3763 4432 :__(_Jasti_qo

2177 4427 2375 4499 corpus
2390 4447 2554 4486 meum
2582 4439 2628 4484 et
2651 4430 2704 4482 in
2728 4427 3012 4499 servitutem
3038 4428 3235 4499 redigo,
3264 4444 3327 4499 nc
3345 4443 3457 4499 cum
3488 4429 3604 4481 aliis
3626 4427 3762 4499 pia:-

2176 4496 2433 4565 dicavero,
2459 4502 2570 4572 ipse
2585 4498 2826 4572 reprobus
2847 4497 3033 4567 eﬂiciar
3048 4498 3098 4566 (1
3113 4536 3127 4549 .
3154 4496 3275 4572 βυτ.
3298 4498 3351 4552 9.
3366 4496 3766 4572 27).121.“1τίιεὶ

2166 4573 2424 4643 judicium
2471 4568 2518 4626 et
2550 4568 2842 4639 justitiam;
2893 4584 2997 4622 non
3048 4569 3222 4624 tradas
3277 4585 3355 4622 me
3395 4570 3761 4624 calumnianti-

2176 4643 2267 4697 bus
2296 4658 2394 4695 me.

2247 4714 2300 4767 7.
2340 4712 2511 4776 Tuas,
2546 4708 2751 4780 inquit,
2781 4709 2930 4780 sequi
2968 4708 3112 4779 leges
3137 4722 3258 4764 cum
3299 4708 3667 4779 decreverim,
3693 4726 3764 4767 ne

2176 4782 2421 4838 hostibus
2440 4789 2597 4850 captu
2627 4780 2793 4835 facilis
2817 4782 3059 4835 evadam.
3080 4782 3214 4847 Quis
3236 4795 3367 4838 vero
3394 4797 3535 4835 mine
3563 4794 3761 4835 lautam

2174 4854 2372 4909 anitum
2402 4854 2684 4923 puritatem
2727 4851 2923 4923 habet,
2967 4860 3026 4906 ut
3065 4866 3188 4906 cum
3232 4852 3418 4923 liducia
3461 4854 3544 4907 his
3585 4863 3764 4923 utatur

2174 4926 2356 4980 verbis
2376 4922 2415 4978 ἵ
2445 4924 2538 4978 llis
2584 4924 2747 4978 etiam
2786 4922 2997 4976 divinus
3039 4922 3311 4993 apostolus
3357 4923 3547 4978 similia
3587 4922 3763 4978 dixit:

2178 4994 2321 5050 Nam
2364 4994 2543 5067 gloria,
2575 5002 2749 5067 nostra
2768 4994 3017 5067 ΔΙξίεσυεέςε
3041 5035 3055 5057 ,
3088 4993 3421 5067 testimonium
3449 4995 3766 5067 conscientiae

2175 5063 2409 5138 nostra]
2426 5066 2480 5138 2.
2504 5065 2703 5138 ρον-,1.
2729 5063 2798 5138 12
2816 5065 2878 5138 ).‘_
2899 5064 3120 5138 Magitus
3148 5066 3255 5138 qui
3281 5065 3402 5138 talia
3447 5065 3611 5138 possit
3640 5079 3762 5138 cunt

2177 5137 2289 5192 Deo
2313 5133 2478 5208 loqui.
2511 5136 2613 5191 Per
2636 5135 2765 5189 illud
2793 5135 2935 5189 enim
2952 5174 2969 5200 ,
2993 5133 3122 5208 Feci
3135 5133 3391 5205 judicium
3417 5144 3466 5190 et
3483 5135 3757 5208 justitiam,

2180 5203 2427 5266 omnium
2471 5208 2753 5276 virtutum_
2785 5213 2842 5261 et
2900 5203 3271 5260 mandatdrum
3321 5203 3761 5276 exsequutionem

2177 5279 2488 5348 complexus
2516 5286 2621 5332 est.
2663 5274 2793 5348 lude
2819 5276 3080 5348 supplicat
3107 5290 3212 5348 non
3240 5277 3371 5331 tradi
3391 5345 3399 5348 _
3420 5274 3758 5348 tridentibus,

2175 5345 2424 5419 malignis
2453 5345 2785 5419 daemonibus
2804 5386 2825 5419 ,ν
2848 5345 3246 5419 irrationalibus
3273 5345 3533 5412 motibus,
3559 5347 3767 5401 inordi-

2179 5415 2334 5475 uatis'
2346 5416 2776 5489 cogitationibus.
2810 5415 2932 5470 I22.
2960 5415 3177 5489 _Suscipe
3207 5432 3401 5470 servum
3427 5425 3565 5466 tuum
3593 5419 3647 5468 in
3676 5419 3767 5472 ba-

2176 5506 2323 5560 nam.
2368 5485 2918 5560 Simmachusjero,
2950 5485 3167 5560 Suscipe
3204 5503 3282 5560 me
3318 5500 3514 5560 servum
3539 5494 3681 5560 tuum
3711 5489 3769 5542 in

2177 5558 2385 5614 bonum.
2408 5554 2606 5628 'Aquila
2638 5567 2694 5612 et
2716 5555 3038 5623 Theodotio,
3063 5554 3349 5628 Fidejube;
3378 5571 3441 5610 ac
3466 5554 3511 5609 si
3540 5557 3765 5623 diceret,

2176 5628 2375 5685 Verum
2404 5630 2524 5685 dico
2545 5668 2561 5692 ,
2596 5642 2698 5682 non
2724 5629 2990 5692 mentior;
3036 5627 3196 5683 crede
3233 5641 3393 5682 servo
3424 5635 3515 5680 tuo
3540 5628 3767 5695 promit-

2179 5702 2308 5755 tenti
2341 5718 2354 5754 :
2384 5700 2496 5770 ipse
2524 5697 2806 5770 lidejussor
2825 5698 3470 5770 sis‘promissionistmem,
3496 5697 3618 5766 quia
3650 5709 3767 5752 tuas

2177 5772 2321 5841 leges
2366 5765 2585 5839 implere
2626 5765 2841 5841 studeo.
2873 5765 3107 5841 Δἄδωρα
3136 5784 3242 5833 me,
3292 5765 3556 5841 Imminet
3574 5770 3679 5828 ait,
3711 5778 3766 5820 et

2178 5837 2339 5900 cfede
2367 5837 2525 5898 servo
2551 5849 2680 5908 tuo,
2723 5854 2788 5895 ac
2818 5837 3097 5910 tidcjussin
3138 5855 3290 5895 meus
3332 5838 3407 5893 sis
3447 5839 3496 5893 in
3541 5837 3772 5915 bonum,
