4104 6414
672 365 775 420 703

673 489 768 540 let,
797 480 869 532 ait
900 477 1189 549 Gregorius
1219 477 1540 549 Thcologtts.
1574 476 1694 549 MS.
1727 473 2085 549 Pru’veuerunt
2119 473 2254 549 o_cu_li

672 552 767 604 mei
792 542 1038 615 diluculo:
1061 559 1116 602 ut
1145 549 1412 601 meditarer
1428 542 1631 618 eloquia
1657 556 1763 618 tua.
1793 543 1907 618 Non
1933 542 2091 618 modo
2129 542 2253 597 dul-

671 621 870 674 cissimi
895 612 1068 672 somni
1100 629 1356 687 tempore,
1386 616 1480 672 sed
1509 612 1666 672 etiam
1692 615 1926 670 diluculo
1949 612 2252 687 (divinarum

673 691 844 759 legum
875 684 1571 759 meditationiincumbebat
1587 703 1610 759 :_
1632 700 1731 759 nos
1750 694 1925 759 autem
1947 684 1996 737 iu
2023 698 2252 759 pauper-

675 753 780 815 taie
799 761 1055 825 viventes,
1073 757 1213 814 etab
1239 759 1383 812 omni
1408 773 1532 812 cura
1561 757 1732 821 liberi,
1753 756 1804 809 in
1832 755 1968 808 lecto
1986 753 2253 825 nosvolu-

673 841 845 884 tantes
876 823 1268 898 pernoctamus,
1297 843 1360 882 ac
1389 844 1456 883 ne
1483 826 1694 898 quidem
1733 833 2016 898 appetente
2042 823 2130 898 die
2159 823 2254 877 bo-

675 894 1154 969 norum'Largi'tori
1189 898 1457 970 hymnum
1473 894 1778 970 ell‘erimus.’
1803 894 2097 970 Prtemnnit
2122 907 2252 970 ergo

671 985 767 1022 nos
810 963 1086 1040 propheta,
1120 980 1176 1022 ut
1222 963 1668 1040 inatutinishoris
1697 966 2013 1040 meditemur
2038 963 2251 1032 eloquia

679 1036 824 1094 Dei.'
845 1039 1204 1106 Domiuttsqne
1253 1041 1323 1091 ait
1353 1056 1366 1090 :
1407 1037 1621 1106 Vigilate
1642 1076 1657 1100 ,
1705 1052 1768 1088 ne
1820 1036 1953 1106 forte
1984 1044 2253 1106 graventur

676 1109 835 1162 corda
863 1120 1027 1163 vestra
1051 1111 1102 1162 in
1122 1105 1338 1178 crapula
1366 1118 1410 1159 et
1439 1105 1672 1161 ebrietate
1719 1116 1764 1160 et
1804 1105 2129 1178 saecularibus
2146 1120 2250 1178 cu-

670 1181 741 1232 ris
769 1178 920 1249 (Luc.
948 1180 1037 1233 21.
1072 1179 1182 1249 54).
1219 1173 1299 1232 Et
1342 1179 1714 1249 prophetarum
1763 1175 2022 1246 quispiam
2047 1173 2250 1249 hujus-

671 1244 812 1303 modi
856 1249 1099 1304 homines
1141 1244 1544 1317 deplorans'ait
1590 1266 1602 1300 :
1655 1244 1792 1300 Tota
1828 1254 1973 1299 nocte
2019 1244 2246 1317 dormis,

673 1319 924 1388 Epltraim
954 1319 1106 1389 (Osee
1142 1315 1313 1386 7.76).
1349 1319 1468 1389 149.
1505 1317 1683 1370 Vocem
1720 1332 1894 1389 meam
1924 1315 2045 1389 audi
2071 1331 2252 1389 secun-

671 1385 793 1441 dum
824 1385 1217 1466 misericordiam
1247 1385 1403 1466 tuam,
1437 1387 1653 1466 Domine
1675 1387 1981 1466 {secundum
1996 1385 2250 1466 judicium

671 1471 813 1512 tuum
834 1460 1027 1526 uiui/ica
1055 1477 1153 1514 me.
1182 1460 1279 1527 Qui
1299 1468 1376 1511 tot
1407 1459 1670 1528 tantisque
1696 1457 1847 1511 bonis
1868 1455 2056 1528 afﬂuit,
2088 1455 2252 1528 inise-

672 1525 954 1583 ricordiam
986 1525 1236 1600 consequi
1289 1529 1533 1600 obsecrat
1560 1525 1704 1582 {nec
1737 1527 1994 1600 absolute
2038 1525 2245 1580 miseri-

671 1601 906 1654 cordiam
937 1597 1185 1668 postulat,
1219 1599 1310 1653 sed
1339 1599 1628 1654 secundum
1676 1597 1855 1652 utilem
1906 1600 2244 1668 sententiam.

676 1670 846 1738 Rogat
869 1667 996 1738 ergo
1011 1679 1062 1723 et
1085 1671 1326 1723 obsvcrat
1351 1671 1536 1734 Deum,
1566 1678 1622 1722 ut
1643 1669 1802 1738 vitam
1832 1668 1883 1721 in
1909 1667 2122 1738 judiciis
2153 1667 2246 1738 Dei

671 1737 968 1808 liabeat,ac
991 1755 1082 1808 per
1107 1755 1165 1793 se
1194 1754 1291 1793 nos
1319 1740 1509 1808 dirigat
1539 1741 1602 1792 ad
1649 1737 1948 1804 hujusmodi
1980 1737 2241 1806 precatio-

671 1825 814 1862 nem.
843 1807 964 1864 150.
988 1807 1530 1880 Appropinquat-erunt
1578 1817 1921 1880 persequentes
1949 1824 2027 1880 me
2053 1807 2244 1880 iniqui-

669 1881 761 1931 tati
782 1896 801 1942 ;
826 1896 857 1932 a
886 1884 995 1948 lege
1013 1877 1176 1934 autem
1206 1888 1290 1932 tua
1319 1879 1466 1949 longe
1488 1881 1610 1948 facti
1636 1889 1770 1931 sunt.
1807 1877 1992 1949 Procul
2022 1878 2163 1930 enim
2214 1892 2243 1930 a

669 1949 860 2002 divinis
889 1950 1092 2020 legibus
1111 1952 1320 2011 absunt,
1345 1948 1594 2019 quijusto
1621 1949 1813 2020 bellum
1837 1948 2030 2001 inferre
2050 1962 2248 2020 conan-

670 2030 774 2072 tur.
805 2018 1155 2074 Nam‘scriba:
1194 2030 1246 2072 et
1276 2020 1529 2074 Pharisrei
1558 2019 1830 2088 apostolos
1857 2018 2248 2086 persequeban-

669 2097 790 2154 tur,
839 2091 1322 2160 appropinquantes
1368 2090 1666 2160 iniquitati.
1711 2089 1902 2160 quibus
1944 2089 2014 2141 ait
2060 2089 2244 2142 Domi-

669 2176 806 2214 nus:
843 2161 943 2226 Qui
990 2177 1074 2214 vos
1116 2159 1325 2228 spernit,
1372 2159 1715 2230 me’spernit:
1745 2169 1790 2230 et
1819 2159 1904 2229 qui
1929 2159 2241 2230 me_spernit,

665 2231 855 2302 spernit
881 2247 992 2284 eum
1016 2232 1102 2299 qui
1127 2231 1366 2302 misitme
1405 2228 1552 2302 (Luc.
1584 2231 1669 2284 l0.
1705 2228 1838 2302 16)
1872 2228 2246 2302 ειηζνιίριὶσιιβ

665 2317 754 2352 ero
779 2301 993 2354 inimicis
1007 2298 1126 2366 tuis,
1149 2310 1194 2354 et
1213 2298 1515 2355 adversabor
1538 2298 1912 2354 adversantibus
1935 2300 2021 2370 tibi
2050 2298 2240 2370 (Exod.

665 2370 874 2436 23.22).
897 2371 1121 2436 Ideoque
1141 2373 1294 2440 longe
1317 2371 1436 2425 facti
1458 2383 1578 2426 sunt
1605 2388 1630 2423 a
1661 2372 1774 2440 lege
1789 2369 2114 2438 evangeliea,
2137 2385 2242 2423 non

667 2441 1097 2511 obtemperantes
1133 2441 1388 2495 doctrinae
1428 2442 1811 2510 apostolorum.
1851 2441 1972 2495 151.
2007 2440 2174 2511 l’rope
2192 2457 2244 2494 es

671 2519 745 2573 tu,
771 2509 987 2563 Domine
1010 2527 1028 2574 ,'
1055 2520 1100 2564 et
1126 2528 1296 2564 onmes
1323 2512 1417 2564 uite
1445 2509 1543 2565 tua:
1569 2513 1768 2565 veritas.

739 2581 794 2633 5.
840 2580 1019 2643 Vides,
1062 2581 1247 2650 inquit,
1279 2582 1478 2647 omnia,
1515 2582 1770 2645 Domine;
1814 2595 1916 2634 non
1945 2580 2085 2634 enim
2115 2580 2244 2635 abes

665 2664 694 2701 a
719 2650 890 2714 nobis,
922 2651 1015 2704 sed
1039 2651 1223 2704 orbem
1257 2651 1468 2720 imples,
1492 2659 1548 2706 et
1573 2653 1794 2705 veritate
1819 2661 1973 2705 utens
2000 2661 2241 2704 naturam

667 2720 984 2791 moderaris.
1019 2720 1132 2774 Hoc
1168 2721 1327 2775 etiam
1360 2722 1497 2776 Deus
1537 2722 1652 2791 ipse
1682 2736 1776 2790 per
1818 2721 2128 2791 prophetam
2158 2721 2241 2775 di-

665 2791 739 2862 cit
767 2808 779 2845 :
813 2788 1392 2862 Deus‘appropinquans
1421 2809 1510 2862 ego
1535 2788 1740 2858 rumpet
1769 2788 1870 2845 non
1902 2788 2037 2846 Deus
2067 2791 2243 2862 procul

665 2859 796 2928 (Jer.
832 2859 1056 2929 25.25).
1089 2859 1274 2915 Omnia
1309 2859 1465 2916 enim'
1493 2863 1640 2916 novit
1665 2870 1722 2916 et
1762 2870 2047 2925 scrutatur,
2068 2859 2240 2916 etiam

664 2931 920 3002 profunda
951 2932 1190 3002 cordium
1223 2941 1529 2986 nostrorum
1553 2932 1722 3001 (Psal.
1750 2933 1837 2986 45.
1870 2931 1981 3002 22).
2013 2931 2081 2986 Ει
2117 2931 2242 2986 bea-

669 3010 750 3053 tus
777 3001 971 3055 Paulus
998 3020 1012 3053 :
1042 3000 1110 3054 In
1135 3003 1246 3070 ipso
1272 3003 1404 3055 enim
1427 3000 1635 3057 vivimus
1655 3012 1700 3055 et
1731 3000 1981 3056 movemur
1999 3011 2046 3055 et
2069 3018 2242 3056 sumus

662 3071 1068 3160 (ίιςεοέτςβδὶο
1092 3072 1221 3160 4,5?-
1265 3071 1296 3160 .1
1303 3074 1426 3160 ἰξξίο
1454 3074 1662 3160 συφεονὲ
1699 3072 1763 3160 de
1789 3073 2090 3160 testem“?
2119 3073 2239 3160 ψίερ

661 3142 779 3210 quia
801 3141 854 3194 in
879 3153 1120 3196 aeternum
1151 3143 1376 3210 fundasti
1399 3160 1480 3197 ea.
1511 3141 1834 3198 Testimonia
1864 3153 2016 3196 vocat
2045 3143 2234 3196 caelum

662 3220 718 3265 et
745 3220 960 3266 terram.
988 3213 1326 3267 Descendens
1351 3214 1511 3275 enim,
1547 3213 1737 3278 inquit,
1779 3215 1830 3266 in
1857 3213 2238 3278 testimonium,

665 3281 772 3336 illis
794 3281 1006 3354 adhibe
1046 3283 1232 3354 caalum
1276 3292 1341 3354 et,
1369 3292 1585 3337 terram.
1620 3281 1752 3338 ideo
1782 3299 2003 3354 magnus
2033 3283 2242 3352 Moyses

661 3352 930 3406 canticum
971 3352 1258 3406 exordiens
1297 3353 1371 3406 ait
1403 3371 1416 3406 :
1450 3353 1679 3416 Attende,
1707 3352 1907 3420 ctclnni,
1940 3364 1985 3407 et
2013 3353 2192 3421 loquar
2219 3369 2238 3408 :

660 3421 837 3504 audiat
864 3433 997 3475 terra
1021 3423 1168 3475 verba
1191 3438 1365 3504 exere
1389 3438 1496 3504 me!
1521 3423 1696 3504 (Deut.
1729 3422 2011 3504 5‘2...l)..ln
2042 3423 2125 3477 his
2147 3438 2240 3504 au-

662 3499 767 3544 tem
797 3501 1052 3562 perpetuo
1089 3493 1413 3562 conspicitur
1439 3493 1611 3546 divina
1660 3493 1987 3561 providentia
2018 3510 2030 3546 :
2062 3494 2238 3547 omnia

660 3562 857 3631 quippe
896 3577 1090 3632 magno
1119 3577 1242 3616 cum
1286 3563 1474 3618 ordine
1504 3563 1818 3632 procedunt.
1851 3563 2004 3630 llinc,
2047 3563 2236 3632 inquit,

661 3634 803 3688 clare
829 3633 949 3687 novi
977 3643 1029 3688 te
1067 3648 1234 3702 prope
1263 3648 1402 3698 esse,
1433 3643 1486 3686 et
1511 3633 1702 3688 adesse
1717 3633 1970 3700 opiliciis.
1996 3633 2237 3704 nihilque

663 3713 714 3755 te
743 3705 904 3760 latere
936 3707 1179 3759 omnium
1197 3720 1318 3775 quae
1334 3704 1476 3760 facta
1493 3714 1641 3762 sunt.
1681 3706 1906 3776 Alioque
1939 3707 2118 3764 modo,
2152 3720 2237 3758 tn-

664 3775 781 3843 quit
838 3795 867 3831 a
901 3777 1157 3847 principio
1197 3778 1440 3847 cognovi,
1486 3778 1635 3830 ﬁrma
1665 3791 1785 3831 esse
1827 3775 1937 3842 illa,
1965 3790 2084 3844 quae
2110 3788 2142 3828 a
2186 3785 2236 3828 te

661 3857 800 3901 uicta
839 3858 981 3911 sunt,
1027 3847 1270 3909 Domine,
1317 3862 1379 3901 ac
1407 3847 1653 3900 mandata
1681 3857 1766 3900 tua
1800 3855 2053 3915 perpetua
2095 3858 2235 3898 esse.

661 3917 844 3986 Neque
869 3919 1012 3972 enim
1044 3929 1101 3972 ut
1140 3932 1322 3987 regum
1363 3926 1416 3971 et
1455 3917 1744 3982 civitatum,
1779 3918 1848 3970 ita
1891 3925 1944 3970 et
1977 3916 2066 3987 Dei
2097 3915 2239 3981 leges

662 3985 961 4053 mutantur;
993 3988 1085 4042 sed
1114 3985 1560 4057 quemadmodum
1589 3988 1776 4040 osclum
1802 3993 1857 4040 et
1886 3995 2024 4040 terra
2054 3985 2106 4038 in
2135 3999 2238 4057 sm-

661 4057 838 4112 culum
860 4067 1098 4122 manent,
1131 4055 1208 4113 sic
1237 4066 1290 4112 et
1319 4057 1411 4112 Dei
1439 4057 1704 4110 mandata.
1736 4057 1864 4110 Nam
1895 4057 1944 4110 in
1973 4057 2123 4124 ipsis,
2159 4055 2241 4108 in-

661 4129 796 4196 quit,
845 4127 976 4182 nihil
1005 4127 1382 4196 adjiciendum,
1413 4135 1468 4181 et
1509 4127 1578 4180 ab
1607 4127 1736 4194 ipsis
1779 4126 1906 4180 nihil
1950 4125 2237 4180 tollendqu

661 4195 761 4251 est.
792 4198 880 4251 Ait
906 4195 1084 4252 autem
1113 4201 1273 4251 etiam
1303 4196 1597 4252 Dominus:
1622 4195 1811 4250 Caelum
1847 4205 1892 4249 et
1909 4206 2042 4248 terra
2070 4205 2237 4248 trans-

661 4267 838 4338 ibunt;
877 4269 1025 4338 verba
1058 4276 1225 4338 autem
1265 4283 1376 4338 mea
1416 4283 1518 4319 non
1547 4267 1866 4338 prieteribunt
1894 4265 2103 4338 (Matth.
2144 4265 2234 4338 24.

663 4337 774 4406 55).
805 4338 928 4392 155.
969 4336 1092 4390 Vide
1112 4337 1444 4390 humilitatem
1469 4353 1630 4390 meant
1655 4344 1700 4390 et
1727 4337 1861 4404 eripe
1894 4335 1991 4402 me,
2013 4337 2130 4405 quia
2159 4335 2236 4388 le-

663 4424 772 4477 gem
803 4416 937 4461 tuam
965 4424 1064 4460 non
1089 4424 1202 4461 sum
1222 4407 1425 4460 oblitus.
1457 4407 1558 4473 Qui
1581 4423 1635 4460 se
1655 4407 1906 4473 humiliat,
1937 4407 2241 4477 exultabitur

663 4476 876 4541 (Matth.
903 4477 993 4532 25.
1022 4478 1133 4544 12),
1163 4478 1454 4531 secundum
1494 4477 1700 4531 Domini
1735 4492 1948 4541 vocem;
1993 4484 2066 4538 et,
2096 4476 2240 4530 Beati

664 4565 907 4618 pauperes
947 4549 1149 4617 spiritu,
1195 4549 1434 4613 quoniam
1461 4547 1685 4616 ipsorum
1729 4557 1802 4601 est
1845 4564 2052 4618 regnum
2080 4548 2235 4600 cazlo-

663 4635 774 4670 rum
802 4617 1013 4688 (Matth.
1143 4620 1218 4688 5).
1252 4618 1360 4672 Hac
1403 4619 1560 4672 etiam
1589 4619 1805 4671 divinus
1845 4617 2100 4688 propheta
2121 4619 2239 4670 sir-

664 4687 818 4742 tutcs'
845 4689 976 4742 alias
1014 4687 1302 4748 decoravit,
1357 4697 1411 4743 et
1447 4688 1583 4744 hanc
1631 4702 1952 4757 pr0ponens,
1999 4687 2238 4742 divinum

662 4758 914 4812 auxilium
941 4758 1219 4828 promittit.
1240 4758 1415 4812 Mulue
1435 4769 1610 4813 autem
1637 4768 1760 4812 sunt
1785 4759 2095 4812 humilitatis
2118 4771 2241 4826 spe-

662 4827 773 4882 cies
803 4845 814 4881 :
840 4827 1151 4898 humiliatur
1177 4831 1319 4884 enim
1341 4830 1600 4898 quispiam
1630 4829 1680 4882 in
1717 4844 1953 4883 mrumna
1996 4837 2053 4882 et
2095 4829 2240 4882 cala-

664 4897 954 4962 mitatibus,
999 4907 1157 4966 atque
1185 4900 1252 4951 ab
1282 4897 1527 4953 humanis
1566 4899 1845 4953 molestiis.
1878 4898 2011 4953 Vera
2057 4909 2238 4952 autem

666 4967 934 5022 humilitas
960 4978 1059 5032 est,
1091 4983 1209 5021 cum
1241 4979 1456 5038 propter
1492 4980 1710 5038 peccata
1751 4974 1924 5021 nostra
1974 4969 2240 5022 converti-

663 5053 785 5092 mur
812 5055 824 5091 :
851 5048 907 5092 ut
937 5039 1241 5092 humiliatus
1279 5047 1363 5093 est
1405 5039 1518 5108 ipse
1558 5039 1719 5091 David
1759 5038 1915 5090 dietis
1951 5047 2001 5090 et
2045 5039 2235 5092 lactis:

665 5107 864 5161 Lavabo
905 5125 993 5178 per
1037 5109 1265 5178 singulas
1310 5107 1477 5161 noctes
1505 5108 1707 5178 Alectum
1748 5123 1948 5178 meum,
1998 5108 2239 5178 laerymis

663 5181 783 5233 meis
811 5175 1023 5234 stratum
1058 5175 1221 5233 meum
1259 5180 1433 5248 rigabo
1468 5175 1637 5248 (Psal.
1671 5177 1725 5231 6.
1757 5176 1846 5248 7);
1880 5186 1954 5241 et,
1997 5175 2127 5230 Vide
2146 5179 2241 5230 ltu-

661 5249 924 5304 militatem
961 5266 1140 5310 meam,
1177 5261 1222 5302 et
1252 5247 1470 5303 laborem
1496 5263 1659 5300 meum
1684 5262 1702 5300 :
1726 5259 1771 5300 et
1791 5247 1981 5302 dimitte
2008 5249 2241 5302 universa

662 5321 845 5373 delicta
885 5337 996 5375 mea
1025 5319 1195 5386 (Psal.
1226 5319 1316 5372 21.
1365 5319 1478 5388 18).
1506 5317 1886 5387 Similiterque,
1918 5319 1963 5372 si
1995 5317 2242 5372 humilie-

660 5406 781 5444 tnnr
813 5390 912 5444 sub
941 5391 1139 5458 potenti
1180 5405 1339 5443 manu
1370 5389 1483 5452 Dei,
1527 5398 1767 5458 amantes
1794 5397 1848 5458 et
1877 5389 2240 5444 custodientes

661 5470 926 5529 prtecepta
943 5457 1087 5526 ejus,
1117 5459 1184 5513 de
1205 5460 1395 5524 quibus
1422 5457 1680 5529 Dominus
1709 5459 1802 5521 ait,
1825 5457 1972 5514 Beati
1994 5475 2239 5528 pauperet

661 5527 851 5599 spiritu
892 5530 1104 5599 (Matth.
1134 5529 1187 5584 5.
1219 5530 1311 5600 5).
1340 5529 1463 5585 154.
1493 5527 1680 5582 Judica
1709 5530 1963 5597 judicium
1992 5527 2155 5582 meum
2191 5537 2239 5582 et

660 5602 850 5654 redime
878 5617 995 5665 me;
1037 5599 1522 5669 propter'eloquium
1561 5608 1704 5651 tuum
1741 5599 1936 5666 vivi/ica
1973 5616 2071 5653 me.
2105 5599 2240 5666 Quia

659 5685 725 5724 ex
758 5672 881 5725 ntali
913 5671 1151 5739 principe
1177 5671 1390 5724 inimico
1417 5685 1511 5738 per
1537 5670 2011 5737 transgressionem
2047 5669 2254 5734 hutuaa

662 5755 786 5792 num
813 5757 978 5811 genus
1003 5756 1032 5811 a
1060 5741 1168 5796 Deo
1195 5742 1434 5802 recessit,
1465 5749 1617 5808 rogat
1651 5740 1929 5808 propheta,
1969 5749 2026 5794 ut
2053 5741 2238 5794 huma-
2263 5743 2294 5753 ’“

665 5823 788 5864 num
809 5809 977 5882 genus
996 5809 1285 5881 judicetut',
1310 5820 1364 5868 ct
1387 5820 1444 5867 ut
1463 5812 1686 5868 salutem
1705 5820 2063 5882 consequatur
2084 5830 2095 5865 ι
2116 5826 2236 5868 eam

2195 356 2455 414 SPURIA.

3843 359 3953 418 701

2370 485 2498 526 vero
2519 469 2858 543 consequitur
2880 483 2972 538 per
3002 468 3217 543 verbum
3240 469 3621 543 evangelicum.
3651 471 3948 543 Postquam

2361 543 2505 621 enim
2531 541 3234 621 Evangeliumprzcdicatum
3272 550 3355 594 est
3387 556 3479 621 per
3507 541 3810 598 universum
3847 563 3946 597 or.

2365 611 2508 683 hem,
2550 609 2858 683 prolli‘gatus
2904 621 2993 683 est
3023 609 3284 676 diabolus,
3333 619 3389 666 et
3435 609 3722 683 humanum
3768 630 3949 683 genus

2359 682 2560 743 Spiritu
2582 680 2898 735 vivilicatum
2921 681 3144 752 salutem
3174 690 3384 752 nactum
3412 690 3514 735 est.
3540 682 3612 736 De
3632 680 3948 752 promissio-

2359 753 2679 825 nibus_cr_go_
2698 752 2862 825 Deum
2888 750 3158 825 admonet,
3188 750 3269 825 ab
3286 751 3502 825 ipsoque
3527 750 3752 825 salutem
3779 757 3946 825 petit,

2357 831 2411 876 et
2438 831 2494 876 ut
2522 822 2771 890 judicium
2813 821 2880 875 de
2919 836 2978 875 se
3020 829 3072 875 et
3107 821 3174 874 de
3201 819 3429 875 inimicis
3458 819 3732 890 habeatur,
3775 819 3942 880 obseL

2355 901 2490 964 erat.
2527 892 2647 947 l55.
2681 891 2853 962 Longe
2889 908 2920 942 a
2961 890 3302 964 peccatoribus
3342 893 3499 964 salus,
3540 894 3659 961 quia
3674 896 3940 964 justi/ica-

2356 963 2514 1016 tiones
2543 972 2656 1016 tuas
2695 961 2803 1014 non
2821 962 3176 1032 exquisierunt.
3204 961 3414 1032 Salute,
3459 963 3646 1030 inquit,
3669 961 3788 1032 qua:
3808 961 3844 1018 ἐι
3885 979 3938 1022 te

2359 1032 2619 1102 procedit,
2648 1047 2767 1087 sese
2795 1032 3066 1102 privarunt
3092 1031 3166 1086 illi
3199 1031 3377 1101 inique
3400 1033 3660 1097 viventes,
3685 1031 3936 1090 nolentes

2354 1103 2593 1157 ediscere
2634 1117 2753 1172 qua:
2796 1101 2973 1173 lacere
3001 1102 3316 1170 prmcepisti.
3349 1102 3477 1156 lllud
3511 1118 3636 1159 vero
3677 1108 3930 1173 perniciei

2355 1187 2514 1227 causa
2565 1181 2644 1227 est
2687 1172 2828 1241 quod
2876 1189 2979 1226 non
3030 1187 3330 1241 qumramus
3363 1172 3767 1240 justilicationes
3814 1178 3933 1232 Dei.

2353 1243 2473 1316 Nec,
2492 1244 2626 1316 dixit
2668 1252 2895 1308 tantum,
2935 1243 3058 1311 quia
3101 1242 3592 1316 ttoocrediderunt,
3636 1246 3750 1309 sed,
3796 1247 3935 1316 Quia

2344 1315 2736 1387 justi/nationes
2762 1321 2880 1387 tuas
2910 1329 3012 1387 non
3036 1314 3394 1383 exquisierunt.
3435 1314 3565 1368 Nam
3601 1329 3719 1387 cum
3745 1314 3933 1387 chpi-

2353 1386 2524 1438 cimus
2565 1383 2811 1436 mandata
2855 1383 2968 1446 Dei,
3002 1384 3115 1453 ipse
3151 1392 3387 1438 removet
3429 1399 3459 1438 a
3496 1386 3648 1439 nobis
3675 1383 3923 1444 salutem

2503 1453 2866 1529 Misericordi_a_:
2891 1463 2990 1506 tuae
3027 1454 3216 1529 multa,
3250 1453 3500 1529 Domine;
3539 1459 3815 1529 secundum
3841 1461 3932 1529 ju.

2310 1529 2312 1532 ’
2353 1523 2540 1577 dicium
2563 1534 2705 1577 tuum
2732 1523 2926 1590 viri/ica
2949 1539 3045 1576 me.
3077 1524 3170 1579 llic
3192 1539 3376 1578 versus
3405 1527 3598 1579 claram
3625 1527 3778 1581 ell‘ert
3799 1523 3936 1583 séu—

2356 1595 2592 1655 tcntiam,
2628 1609 2726 1648 nec
2754 1603 2872 1660 eget
2894 1595 3365 1661 interpretatione;
3398 1595 3522 1648 dicit
3542 1598 3681 1650 enim
3710 1617 3723 1652 :
3751 1599 3934 1658 Multa:

2352 1674 2478 1719 sunt
2504 1665 2841 1735 benignitatis
2864 1673 2966 1717 tua:
2989 1663 3204 1735 divitiat.
3233 1664 3430 1731 justum
3453 1666 3706 1734 iudicium
3739 1678 3926 1726 tuum:

2354 1735 2478 1789 hinc
2502 1734 2726 1790 salutem
2759 1744 2899 1803 peto.
2934 1735 3053 1788 157.
3087 1734 3238 1787 Multi
3263 1735 3348 1803 qui
3376 1750 3738 1802 persequuntur
3765 1756 3844 1791 me
3881 1753 3933 1795 et

2353 1806 2736 1878 tribulantime;
2768 1823 2798 1858 a
2829 1805 3124 1878 testimoniis
3163 1806 3261 1858 tuis
3305 1816 3403 1878 non
3435 1806 3696 1860 declinavi.
3725 1808 3932 1878 Multis,

2356 1877 2545 1947 inquit,
2569 1877 2776 1930 cinctus
2808 1875 3217 1947 calamitatibus.
3243 1891 3308 1929 ex
3337 1875 3401 1947 iis
3437 1893 3556 1946 qua}
3581 1894 3611 1931 a
3639 1889 3689 1933 te
3725 1873 3938 1936 statuta-

2351 1945 2548 2000 fuerint
2597 1947 2726 2000 nihil
2785 1945 3077 2014 transgredi
3120 1947 3297 2017 Avolui.
3361 1945 3494 2000 Cum
3548 1961 3932 2017 argumentum

2351 2017 2548 2071 Psalmi
2611 2031 3039 2084 exponeremus,
3101 2015 3331 2069 diximus
3379 2015 3634 2070 divinum
3674 2020 3924 2076 Davidem

2349 2088 2528 2141 omnia
2559 2103 2676 2157 qum
2703 2087 2799 2156 ipsi
2821 2087 3149 2154 contigerant
3169 2086 3269 2140 hoc
3295 2087 3347 2140 in
3374 2087 3588 2158 Psalmo
3608 2090 3918 2158 collegisse;

2350 2167 2404 2213 et
2428 2159 2527 2211 alia
2559 2157 2770 2226 quidem
2812 2158 2895 2209 illa
2935 2167 3175 2226 spectare
3199 2172 3315 2226 quae
3342 2157 3440 2226 ipsi
3468 2157 3591 2212 Sani
3625 2157 3914 2216 iutulitad-

2351 2243 2526 2314 uersa,
2574 2229 2676 2314 alia
2709 2243 2838 2282 vero
2879 2242 2998 2294 qua:
3031 2226 3280 2314 ‘Absalon
3323 2227 3560 2314 ingessit.
3602 2229 3723 2284 llzec
3759 2247 3916 2313 porro

2349 2298 2549 2353 dixisse
2587 2299 2752 2368 liquet
2795 2312 2915 2352 cum
2963 2296 3246 2368 pelleretur
3286 2313 3317 2352 a
3370 2296 3530 2353 Saule
3559 2316 3572 2352 :
3603 2309 3724 2354 tunc
3761 2296 3915 2356 cnim

2353 2370 2554 2440 peccati
2601 2367 2794 2438 expers
2822 2376 2956 2422 erat.
2996 2367 3146 2440 Multi
3195 2368 3354 2438 igitur
3390 2378 3604 2440 sanctos
3635 2386 3919 2440 perseque-

2349 2437 2562 2504 bantur,
2587 2447 2642 2495 et
2670 2441 2721 2493 in
2751 2449 2976 2494 mortem
3005 2437 3359 2503 abducebant,
3387 2440 3477 2494 sed
3502 2439 3596 2508 ipsi
3619 2437 3646 2492 a
3680 2437 3922 2494 testiino-

2350 2509 2454 2563 niis
2486 2511 2578 2564 Dei
2621 2525 2725 2564 non
2773 2508 3121 2562 declinarunt.
3169 2508 3602 2565 Recordabantur
3627 2512 3767 2564 enim
3812 2511 3918 2563 Do-

2350 2580 2478 2633 mini
2539 2580 2766 2635 dicentis
2807 2596 2820 2633 :
2860 2577 3004 2632 Beati
3048 2579 3134 2648 qui
3181 2581 3606 2648 persequutionent
3659 2583 3922 2648 patiuntur

2348 2660 2551 2720 propter
2569 2651 2838 2720 justitiam,
2869 2649 3107 2720 quoniam
3147 2649 3372 2718 ipsorum
3411 2661 3482 2704 est
3524 2668 3729 2720 regnum
3769 2655 3922 2706 creto-

2348 2719 2462 2774 rum
2501 2719 2713 2791 (Matth.
2743 2721 2795 2775 5.
2827 2719 2953 2790 10);
2999 2719 3244 2774 similiter
3272 2729 3326 2791 et
3351 2720 3493 2775 Pauli
3522 2719 3744 2790 apostoli
3773 2741 3788 2775 :
3818 2721 3924 2776 [ἐν

2348 2790 2533 2861 multas
2559 2791 2904 2861 tribulationes
2935 2799 3130 2861 oportet
3156 2805 3246 2843 nos
3268 2790 3462 2845 intrare
3504 2793 3556 2844 in
3585 2808 3793 2861 regnum
3820 2809 3922 2846 cte-

2349 2860 2511 2915 lorum
2537 2863 2670 2932 (Act.
2704 2862 2794 2916 H.
2821 2860 2935 2931 2'2).
2965 2859 3088 2915 Ideo
3121 2861 3290 2915 sancti
3313 2870 3367 2916 et
3397 2859 3921 2932 praeclari—martyres

2348 2933 2670 2987 transierunt
2700 2947 2796 3001 per
2819 2932 2992 3002 ignem
3031 2939 3086 2985 et
3119 2946 3334 3002 aquam,
3361 2943 3415 2986 et
3445 2932 3768 2986 tradiderunt
3797 2949 3922 2988 cor--

2348 3015 2477 3070 pora
2512 3017 2608 3057 sua
2645 3000 2862 3072 propter
2885 3001 2978 3055 Dei
3005 3000 3396 3056 confessionem
3423 3013 3476 3056 et
3513 3017 3746 3056 amorem
3778 3019 3791 3054 :
3822 3005 3920 3059 sed

2345 3071 2747 3127 retributionem
2771 3071 2984 3133 habent.
3004 3072 3122 3125 lacti
3141 3073 3544 3142 concorporales
3564 3076 3918 3142 etcomparti-

2346 3144 2491 3212 cipes
2511 3143 2707 3199 Christi
2740 3143 2828 3198 Dei
2851 3142 3036 3196 nostri.
3068 3141 3189 3199 l58.
3223 3141 3336 3195 Vidi
3355 3145 3736 3212 prwvaricantes
3758 3141 3808 3196 et
3834 3155 3916 3195 ta-

2345 3213 2616 3280 bescebam,
2647 3213 2765 3284 quia
2793 3213 2987 3282 eloquia
3010 3222 3114 3284 tua
3140 3230 3240 3267 non
3265 3213 3604 3267 custodierunt
3624 3214 3836 3282 (Ephes.
3855 3215 3914 3269 5.

2346 3284 2424 3354 6).
2451 3285 2539 3338 Sic
2567 3283 2752 3340 beatus
2781 3284 2973 3354 Paulus
3009 3283 3250 3353 lugebat;
3281 3284 3359 3337 sic
3397 3284 3509 3354 ipse
3539 3285 3791 3338 Dominus
3815 3284 3912 3338 Je-

2347 3355 2670 3437 rosolymam
2699 3353 3045 3437 deplorabat;
3083 3356 3160 3408 sic
3185 3354 3414 3437 lliyinus
3437 3353 3909 3437 JeremiaspOpuli

2346 3423 2676 3494 iniquitatem
2722 3424 3139 3494 lamentabatur.
3185 3423 3342 3480 Tales
3380 3439 3476 3478 nos
3519 3423 3902 3494 oportet’essc,

2345 3493 2556 3561 fratres,
2599 3504 2657 3550 ut
2683 3495 3013 3550 tabescamus
3033 3506 3087 3549 et
3113 3493 3385 3549 doleamus
3412 3494 3479 3549 de
3511 3495 3574 3548 iis
3597 3496 3683 3565 qui
3711 3494 3907 3548 inordi-

2347 3574 2471 3620 nate
2494 3565 2788 3631 ambulant,
2827 3565 3076 3634 ipsosque
3110 3579 3392 3635 arguamus
3418 3574 3472 3620 et
3507 3565 3798 3628 hortemur,
3825 3565 3910 3618 vi~

2347 3642 2662 3700 tamnempe
2703 3645 2938 3705 nostram
2968 3634 3258 3705 dirigentes
3286 3653 3299 3690 :
3329 3634 3466 3689 Nam
3487 3636 3572 3704 qui
3597 3637 3812 3689 converti
3833 3636 3914 3704 [e-

2347 3705 2472 3759 cerit
2498 3715 2808 3774 peccatorem
2850 3704 2913 3758 ab
2951 3704 3121 3760 errore
3165 3706 3258 3760 vita
3303 3721 3428 3771 sua,
3459 3705 3670 3759 saluabit
3694 3707 3921 3759 animam

2347 3778 2456 3847 ejus
2472 3792 2503 3828 a
2524 3785 2700 3847 morte,
2717 3785 2762 3828 et
2781 3775 2969 3847 aperiet
2989 3775 3357 3835 multitudinem
3379 3785 3686 3847 peccatorum
3704 3774 3757 3847 (J
3763 3791 3844 3827 ac.
3859 3778 3916 3830 Ei.

2346 3845 2439 3917 20)
2465 3863 2479 3911 ;
2511 3846 2591 3917 sin
2621 3845 3005 3917 incorrigibiles
3030 3855 3294 3909 maneant,
3328 3844 3639 3917 subtrahere
3664 3844 3730 3917 se
3747 3859 3916 3913 opm-

2348 3914 2427 3970 tet
2453 3916 2646 3971 talibus
2691 3915 3014 3982 hominibus,
3061 3923 3119 3969 ut
3143 3916 3433 3984 Apostolus
3472 3916 3661 3970 docet:
3696 3914 3918 3968 Subtra-

2349 3985 2702 4065 ltiteLiItquitJ
2747 4002 2834 4065 nos
2857 3985 2918 4038 ab
2944 3986 3081 4065 omni
3109 3988 3264 4065 fratre
3303 3985 3587 4065 inordinate
3613 3985 3914 4065 _ambulante

2351 4057 2427 4126 (Ξ.
2460 4054 2636 4110 Thess.
2668 4057 2720 4111 5.
2764 4056 2853 4123 6);
2901 4065 2975 4123 et,
3007 4054 3069 4110 Si
3106 4054 3148 4108 is
3173 4055 3258 4126 qui
3301 4057 3457 4125 frater
3490 4056 3798 4117 nominatur,
3840 4066 3914 4108 est

2347 4125 2645 4198 fornicator,
2667 4135 2758 4179 aut
2781 4141 2984 4198 avarus,
3023 4134 3108 4198 aut
3127 4125 3367 4198 ebriosus,
3389 4135 3474 4178 aut
3499 4126 3909 4198 contumeliosus,

2345 4194 2433 4250 aut
2454 4213 2636 4266 rapax,
2658 4213 2773 4250 cum
2799 4195 3084 4266 hujusmodi
3106 4212 3196 4249 nec
3219 4194 3382 4249 cibum
3411 4211 3606 4266 sumere
3626 4196 3699 4266 (1.
3718 4196 3838 4250 Cor.
3859 4197 3912 4250 5.

2347 4269 2456 4338 11).
2493 4265 2616 4322 159.
2661 4266 2783 4320 Vide
2805 4265 3042 4334 quoniam
3068 4267 3311 4338 mandata
3337 4276 3421 4318 tua
3445 4265 3630 4338 dilexi,
3665 4265 3915 4338 Domine;

2345 4340 2399 4391 in
2422 4335 2770 4391 misericordia
2808 4347 2894 4390 tua
2920 4338 3114 4404 vivi/ica
3144 4352 3240 4390 me.
3286 4335 3438 4406 Saepe
3477 4335 3743 4396 mandata,
3777 4337 3918 4404 iusti-

2346 4409 2638 4469 ﬁcationes,
2669 4408 2812 4476 leges
2849 4417 2905 4463 et
2933 4408 3231 4462 testimonia
3269 4415 3669 4472 commemorat,
3707 4406 3922 4462 deside-

2344 4480 2480 4532 rium
2509 4477 2697 4532 horum
2718 4494 2840 4548 prie
2867 4493 2925 4532 se
2948 4478 3148 4548 ferens.
3189 4477 3450 4531 Docemur
3478 4488 3653 4548 autem
3688 4477 3794 4538 hic,
3824 4493 3920 4548 se:

2345 4548 2578 4603 cundum
2597 4549 2687 4604 Dei
2705 4547 2920 4603 fratrem
2933 4547 3210 4613 Iacobum,
3224 4562 3328 4601 non
3353 4548 3516 4602 verbo
3531 4556 3584 4601 et
3607 4547 3803 4617 lingua,
3823 4547 3918 4602 sed

2345 4635 2508 4688 Opere
2522 4619 2806 4674 etveritate
2821 4634 3004 4673 amare
3024 4617 3100 4688 (a)
3123 4619 3170 4689 (l
3185 4659 3197 4672 .
3221 4617 3575 4689 Joan.3.178).
3589 4617 3678 4671 Sic
3701 4619 3840 4672 enim
3866 4619 3919 4671 in

2346 4687 2710 4744 misericordia
2754 4689 2845 4744 Dei
2884 4687 3142 4743 vivemus.
3171 4689 3290 4744 160.
3329 4687 3641 4755 Principium
3660 4690 3919 4742 verborum

2345 4769 2546 4814 tuorum
2567 4759 2780 4826 ueritas,
2810 4761 2864 4814 in
2889 4769 3130 4814 aeternum
3155 4760 3326 4813 omnia
3343 4758 3543 4828 judicia
3557 4758 3771 4828 justitite
3794 4768 3909 4810 tute.

2413 4831 2468 4885 4.
2489 4829 2806 4900 Principium
2825 4830 3083 4883 verborum
3105 4831 3246 4899 quid.
3269 4827 3399 4882 -ίΛ
3426 4827 3702 4883 mendacio
3716 4829 3913 4882 alienas

2347 4900 2726 4970 promissiones
2737 4900 3146 4971 habes,veritate
3161 4900 3415 4971 promissa
3432 4913 3611 4971 ornas,
3632 4913 3920 4971 requeAser-

2345 4968 2532 5026 mones
2557 4972 3011 5040 tuosconlirmas.
3042 4969 3098 5025 In
3126 4968 3386 5040 principio
3411 4969 3595 5040 mundi
3624 4969 3754 5023 dixit
3782 4968 3922 5040 Deus

2346 5041 2553 5095 Adamo
2584 5059 2597 5095 :
2629 5039 2702 5094 Ab
2730 5041 2866 5094 omni
2896 5041 3032 5111 ligno
3059 5038 3192 5110 quod
3216 5041 3366 5111 estin
3394 5039 3632 5111 paradiso
3654 5038 3880 5092 comedes
3903 5055 3922 5090 :

2343 5127 2375 5182 a
2392 5111 2529 5182 ligno
2549 5119 2713 5165 autem
2733 5110 3093 5182 scientitemali
3118 5122 3164 5165 et
3191 5110 3324 5182 boni,
3348 5125 3447 5162 non
3463 5110 3728 5162 comedetis
3747 5125 3810 5162 ex
3829 5124 3885 5182 eo
3907 5124 3927 5162 :

2343 5181 2395 5235 in
2425 5180 2737 5247 quacumque
2760 5182 2892 5234 enim
2914 5181 2995 5233 die
3019 5181 3332 5234 comederitis
3359 5195 3422 5233 ea:
3440 5196 3496 5233 eo
3513 5220 3526 5242 ,
3550 5190 3709 5233 morte
3737 5180 3922 5231 morie-

2345 5252 2468 5305 mini
2497 5250 2650 5322 (Gen.
2680 5251 2734 5304 2.
2767 5251 2855 5306 16.
2887 5251 3009 5321 l7).
3032 5251 3226 5306 Tenuit
3257 5251 3413 5321 igitur
3440 5251 3554 5304 haec
3578 5251 3842 5322 sententia
3875 5249 3926 5302 in

2344 5319 2598 5377 tusculum
2631 5339 2644 5373 :
2679 5338 2799 5375 nam
2833 5323 2939 5376 Deo
2969 5319 3072 5374 non
3099 5319 3470 5387 obtemperare
3500 5329 3727 5373 mortem
3751 5319 3923 5373 atl‘ert.

2347 5392 2501 5446 Aliud
2529 5401 2706 5446 autem
2735 5392 3062 5460 signiﬁcatur
3089 5391 3194 5445 hic.
3223 5389 3489 5458 Scriptum
3514 5398 3597 5443 est
3621 5392 3763 5444 enim
3789 5407 3802 5443 :
3837 5389 3929 5441 Di-

2341 5464 2417 5516 :rit
2449 5462 2587 5516 Deus
2613 5459 2900 5515 Abrahamo
2929 5477 2947 5514 :
2980 5461 3044 5514 In
3070 5462 3256 5514 semine
3280 5471 3364 5514 tuo
3384 5459 3735 5513 benedicentur
3755 5477 3934 5516 omnes

2338 5544 2513 5596 .yentes
2547 5536 2563 5601 (
2590 5532 2716 5587 Gen.
2747 5532 2835 5584 Ἡ.
2874 5534 2978 5602 18)
3013 5550 3024 5585 :
3056 5531 3196 5601 quod
3224 5546 3404 5602 semen
3435 5541 3518 5584 est
3541 5530 3804 5602 Christus.
3828 5530 3933 5586 l‘er

2349 5603 2493 5656 illum
2521 5600 2668 5658 certe
2699 5603 2751 5657 in
2778 5600 3038 5658 internum
3058 5600 3263 5672 iustitia
3293 5600 3429 5656 facta
3454 5609 3536 5655 est
3553 5601 3735 5670 generi
3765 5600 3930 5654 homi-

2412 5757 2485 5818 (τι)
2517 5764 2617 5806 Non
2640 5758 2820 5820 Jacobi,
2843 5757 2931 5820 sed
2955 5758 3149 5806 Joannis
3183 5758 3331 5807 verba
3365 5764 3495 5818 sunt,
3524 5764 3575 5807 et
3597 5766 3730 5808 recte
3762 5756 3932 5820 episto-

2351 5819 2446 5871 lam
2469 5827 2662 5870 Joannis
2686 5819 2836 5871 lector
2855 5819 2990 5871 adire
3015 5827 3238 5871 monetur
