4104 6434
640 401 742 460 ’107

636 518 825 588 adjuua
862 531 960 571 me.
1009 514 1187 571 Vitam
1231 513 1319 571 hic
1367 512 1599 588 divinam
1651 513 1813 588 dicit,
1868 513 1932 588 in_
1951 509 2108 588 laude
2134 511 2230 568 Dei

636 582 994 653 transactam;
1022 596 1173 656 rogat
1200 600 1328 641 vero
1354 594 1411 641 ut
1434 585 1630 656 judicia
1649 585 1741 640 Dei
1774 586 1826 639 in
1854 582 2146 656 subsidium
2173 600 2234 640 se

636 659 983 713 comitentur.
1032 655 1164 711 Novi
1190 668 1367 712 autem
1398 655 1487 713 me
1508 671 1537 709 a
1567 670 1663 725 spe
1692 671 1798 710 non
1840 655 2233 721 aberraturum,

635 728 728 785 sed
759 743 939 783 veram
967 728 1064 783 abs
1091 739 1142 783 te
1167 731 1329 781 vitam
1367 735 1818 796 consequuturum
1840 766 1855 789 ,
1889 734 1945 780 et
1974 734 2024 780 te
2055 727 2227 781 bono-

636 815 752 853 rum
808 799 1115 881 largitorem
1162 797 1521 881 laudaturum.
1549 794 1693 881 176.
1738 794 1929 881 Erravi
1959 796 2232 881 situlam

635 885 748 937 qua
794 866 963 940 periit.
1013 869 1126 924 lloc
1164 878 1287 939 post
1325 878 1600 938 peccatum
1627 876 1682 923 et
1709 867 2021 940 prophetam
2052 866 2232 921 dicere

636 936 729 1008 par
751 936 897 1003 erat,
925 948 980 994 et
1009 936 1181 995 totam
1201 936 1485 993 humanam
1516 936 1779 992 naturam.
1814 936 2233 1008 Damasci-vum

637 1006 819 1077 nium,
853 1011 974 1080 quia
1019 1018 1265 1064 mandata
1305 1018 1395 1080 tua
1438 1025 1541 1080 non
1584 1025 1699 1063 sum
1728 1009 1930 1063 oblitus.
1979 1006 2126 1080 _Cum
2160 1008 2232 1080 ob

635 1077 1120 1150 transgressionem
1168 1079 1458 1135 excidisset
1502 1079 1670 1133 Adam
1717 1096 1783 1135 ex
1834 1077 2115 1150 paradiso:
2173 1078 2227 1133 in

635 1147 823 1206 omnes
863 1160 1138 1222 peccatum
1165 1150 1537 1222 pertransivit,
1577 1147 2229 1219 utaitApostolusmon'.

636 1223 686 1277 5.
723 1222 835 1293 12),
863 1218 919 1293 et
944 1231 1000 1276 ut
1029 1222 1144 1293 ovis
1166 1218 1288 1291 quae
1319 1218 1477 1293 periit
1501 1218 1816 1293 erraverunt
1843 1234 1937 1289 per
1980 1231 2227 1293 montes,

633 1290 924 1365 principitia
955 1304 1009 1348 et
1027 1290 1478 1365 abruptapcccati
1501 1333 1520 1365 ,_
1549 1291 1637 1345 ubi
1666 1291 1807 1365 nulla
1838 1298 1954 1365 erat
1980 1290 2074 1365 Dei
2104 1291 2232 1345 visi-

633 1360 815 1429 tatio;
854 1363 1128 1418 daemonas
1156 1360 1213 1419 et
1257 1360 1398 1417 idola
1440 1361 1699 1417 colentes.
1752 1360 2026 1417 Sedvenit
2050 1371 2230 1430 pastor

632 1435 840 1501 bonus,
887 1435 977 1504 qui
1022 1435 1201 1504 posuit
1238 1432 1471 1504 animam
1509 1447 1661 1487 suam
1708 1447 1805 1501 pro
1829 1431 2019 1487 ovibus
2045 1430 2225 1504 (Joan.

752 1503 970 1585 ll),_ut
997 1503 1264 1585 quaereret
1288 1512 1343 1558 et
1372 1503 1579 1585 salvum
1606 1504 1805 1585 faceret
1829 1503 1970 1585 quod
1997 1503 2231 1585 perierat

631 1574 846 1643 (Matth.
876 1575 962 1630 18.
998 1574 1088 1644 11)
1118 1592 1133 1632 :
1163 1584 1218 1630 et
1238 1589 1359 1629 cum
1377 1575 1656 1644 quaesisset
1681 1584 1977 1641 errantem,
2000 1574 2226 1638 invenit,

631 1649 930 1710 revocavit,
966 1645 1203 1700 humeris
1226 1645 1493 1715 gestavit,
1538 1646 1793 1715 gregique
1816 1658 1917 1699 suo
1944 1644 2231 1699 admiscuit

631 1716 782 1786 (Luc.
814 1717 902 1771 15.
933 1715 1009 1787 5).
1064 1716 1257 1771 Pacem
1288 1717 1431 1769 enim
1463 1716 1584 1771 fecit
1623 1718 1761 1770 inter
1791 1724 2002 1770 terrena
2029 1723 2084 1769 et
2123 1729 2230 1770 ca:-

630 1788 784 1842 lestia
810 1787 865 1842 in
899 1787 1102 1842 carnali
1128 1787 1358 1841 adventu
1383 1800 1499 1840 suo.
1549 1787 1675 1841 ldeo
1705 1795 1946 1857 pastores
1976 1801 2227 1857 cuman-

630 1859 762 1927 gelis
786 1860 841 1913 in
867 1867 983 1912 ortu
1010 1856 1126 1928 ejus
1152 1858 1376 1928 gloriam
1416 1854 1755 1928 referebant,
1799 1856 2040 1928 dicentes
2064 1873 2077 1909 :
2102 1854 2226 1928 Glo-

628 1926 708 1981 ria
735 1930 790 1982 in
817 1926 1076 1983 altissimis
1106 1926 1236 1992 Deo,
1259 1937 1306 1981 et
1334 1928 1387 1981 in
1412 1938 1547 1982 terra
1570 1944 1674 1998 pan:
1693 1927 1843 1997 (Luc.
1866 1926 1923 1981 2.
1957 1926 2069 1997 14).
2090 1926 2229 1992 Quia

628 2000 871 2053 mandata
895 2009 981 2053 tua
1005 2015 1107 2052 non
1133 2015 1245 2052 sum
1270 1998 1487 2053 Oblita»
1506 1999 1617 2053 Etsi
1654 1999 1798 2053 enim
1839 1998 2016 2068 aliqua
2047 2006 2225 2052 trans-

627 2085 847 2136 gressus
896 2070 1002 2139 sit,
1048 2070 1239 2123 horum
1285 2079 1462 2125 tamen
1513 2069 1838 2124 oblivionem
1879 2070 2227 2139 penitusnon

627 2141 866 2195 admisit.
926 2138 1033 2196 Sed
1088 2141 1224 2195 hanc
1275 2139 1493 2210 quidem
1555 2138 1915 2209 precationem
1967 2138 2225 2209 propheta

630 2210 845 2277 obtulit,
880 2211 1155 2265 hominum
1180 2220 1359 2265 autem
1388 2220 1575 2265 natura
1606 2220 1716 2266 tota
1740 2211 1965 2266 salutem
1987 2220 2069 2265 est
2093 2224 2227 2263 cou-

630 2292 877 2351 sequuta.
927 2280 998 2337 Ut
1025 2296 1154 2336 vero
1181 2296 1340 2351 supra
1383 2282 1583 2337 dictum
1623 2293 1740 2347 est,
1779 2281 2017 2336 cucurrit
2044 2289 2228 2351 pastor

628 2348 801 2407 bonus
822 2352 888 2406 ad
909 2361 1177 2407 errantem
1205 2348 1382 2416 ovem,
1419 2362 1474 2406 et
1508 2353 1789 2422 quaisitam
1811 2348 2228 2420 invenit,'atque

624 2422 867 2475 humeris
914 2423 1240 2493 reportavit,
1290 2424 1608 2494 laetatus-que
1654 2434 1739 2479 est
1786 2423 1854 2479 de
1899 2422 1989 2477 illa
2029 2423 2222 2493 magis,

1256 2560 1507 2569 _—

2129 392 2400 454 SPURIA.
3794 405 3876 463 708

2343 528 2501 584 quam
2557 513 2627 569 de
2677 514 2962 583 nonaginta
3011 529 3240 581 novem,
3293 529 3413 585 qua:
3459 528 3559 570 non
3609 529 3879 576 erraverunt

2340 585 2499 657 (Luc.
2530 587 2621 641 15.
2650 587 2800 657 4-6).
2831 587 2925 642 His
2952 601 3113 655 porro
3136 584 3463 657 signiﬁeatur
3481 626 3494 645 .
3527 586 3684 641 Deum
3707 591 3882 657 quoties

2339 656 2588 711 mandata
2611 656 2729 727 ejus
2754 673 2859 712 non
2889 656 3282 721 obliviseimur,
3310 671 3547 727 quatrere
3573 672 3665 712 nos
3683 656 3735 713 et
3754 659 3810 713 ad
3835 676 3882 716 se

2336 742 2610 812 revocare.
2676 729 2987 812 Cogitemus
3035 736 3218 812 autem
3257 728 3462 812 _l’salmi
3498 728 3704 810 initium
3745 739 3883 812 atque

2337 796 2518 852 linem.
2571 798 2624 851 In
2651 796 2881 853 exordio
2913 813 3140 868 namque
3166 798 3297 853 dicit
3328 816 3342 852 :
3371 796 3511 852 Beati
3536 796 3884 868 innuaculatiin

2334 869 2435 929 via,
2465 869 2554 934 qui
2579 870 2841 925 ambulant
2866 870 2919 923 in
2948 867 3290 940 lrgeDomini
3313 886 3331 932 ;
3355 877 3410 923 et
3436 868 3490 923 in
3519 867 3624 924 (ine
3643 869 3882 938 ejusdem:

2339 942 2524 1010 Quaere
2548 957 2746 994 servum
2767 960 2929 1005 ruma,
2952 939 3071 1010 quia
3096 939 3338 994 mandata
3362 948 3449 993 tua
3462 955 3562 993 non
3578 955 3686 1010 sum
3708 941 3882 996 oblitus.

2335 1009 2436 1075 Qui
2476 1010 2639 1079 igitur
2667 1010 2942 1082 ambulant
2965 1009 3035 1065 ’in
3074 1010 3191 1082 lege
3230 1010 3479 1082 Domini,
3527 1009 3759 1082 mandata
3791 1011 3885 1082 ejus

2337 1095 2558 1150 prorsus
2600 1096 2708 1137 non
2752 1079 3149 1137 obliviscuntur
3169 1098 3183 1139 :
3212 1089 3269 1136 et
3292 1080 3381 1150 qui
3412 1095 3518 1150 non
3543 1079 3886 1136 obliviscuntur

2335 1151 2606 1216 mandata,
2634 1152 2911 1207 ambulant
2937 1153 2987 1207 in
3014 1154 3133 1224 lege
3156 1149 3381 1224 Domini.
3402 1149 3507 1207 Nos
3535 1160 3703 1206 autem
3720 1151 3884 1207 Psalmi

2334 1224 2774 1293 interpretatione
2819 1221 3123 1278 summatim
3165 1221 3327 1288 facta,
3351 1221 3577 1293 lectores
3621 1236 3885 1291 precamur,

2338 1308 2407 1374 ne
2435 1291 2543 1348 sint
2576 1293 2814 1374 contenti
2844 1294 3007 1374 rebus
3032 1309 3062 1348 a
3090 1293 3246 1348 nobis
3270 1291 3511 1374 scriptis,
3543 1307 3709 1374 neque
3731 1303 3886 1362 putent

2336 1362 2453 1419 hinc
2482 1365 2756 1435 prophetae
2785 1365 2885 1420 soli
2908 1375 3220 1435 competere
3245 1380 3259 1435 ;
3285 1362 3380 1418 sed
3412 1362 3757 1435 unusquisque
3774 1379 3883 1419 cou-

2335 1433 2614 1505 gruentem
2646 1435 2771 1491 hinc
2818 1434 2920 1490 sibi
2958 1433 3186 1490 fructum
3226 1433 3517 1505 demetat,
3541 1434 3887 1505 salutaremque

2335 1504 2521 1562 contra
2547 1507 2765 1561 morbos
2785 1520 2912 1561 suos
2936 1505 3256 1561 medicinam
3279 1512 3449 1573 paret.
3480 1504 3547 1559 Et
3575 1504 3683 1560 haec
3706 1505 3885 1574 quidem

2334 1586 2461 1632 Sunt
2481 1617 2497 1642 ,
2527 1575 2721 1632 fratres
2743 1618 2758 1639 ,
2790 1587 2998 1646 patrum
3030 1584 3373 1646 monumenta
3401 1583 3457 1629 et
3479 1574 3882 1639 doeumenta,ex

2336 1647 2532 1717 quibus
2572 1645 2877 1703 haurientes
2924 1662 3023 1703 nos
3066 1645 3557 1717 tradidimusivobis
3598 1661 3711 1701 cum
3734 1646 3884 1701 debita

2336 1715 2465 1774 cura
2493 1727 2549 1773 et
2588 1717 2947 1773 sollicitudine
2968 1758 2984 1783 ,
3025 1725 3086 1772 ut
3113 1716 3358 1771 mandata
3388 1715 3480 1771 Dei
3511 1717 3563 1770 in
3583 1717 3726 1772 vobis
3753 1717 3886 1786 proﬁ-

2334 1790 2497 1844 ciant.
2535 1790 2645 1845 lloc
2670 1799 2755 1845 est
2777 1789 2920 1845 enim
2935 1788 3240 1843 Christiano
3261 1788 3534 1857 proprium
3564 1796 3619 1841 ut
3637 1786 3886 1843 secundum

2334 1861 2601 1916 sinceram
2642 1870 2879 1914 nostram
2920 1860 3078 1915 ﬁdem
3108 1873 3270 1929 opera
3299 1858 3406 1912 sint
3435 1858 3604 1929 bona:
3642 1858 3695 1929 lu
3729 1858 3889 1929 quibus

2333 1930 2570 1986 ﬁrmabit
2597 1946 2692 1986 vos
2723 1931 2982 1986 Dominus
3014 1928 3172 1995 Deus,
3201 1928 3335 1983 dans
3352 1928 3507 1984 vobis
3531 1928 3733 1983 divitias
3746 1928 3885 1986 mise-

2334 2002 2582 2058 rieordiae
2621 2017 2769 2069 sure,
2811 2009 2867 2056 et
2892 2000 3263 2059 miserationes
3301 2013 3458 2063 suas;
3508 1997 3884 2054 custodiensvos

2333 2073 2403 2127 ab
2421 2073 2568 2127 omni
2594 2072 2757 2138 malo,
2787 2081 2843 2126 et
2868 2070 3066 2127 caelesti
3096 2085 3193 2124 vos
3215 2084 3382 2140 regno
3406 2069 3614 2125 donans
3631 2110 3647 2137 ,
3672 2069 3883 2125 interces-

2334 2143 2575 2198 sionibus
2601 2143 2953 2198 immaculata;
2977 2140 3215 2196 Dominae
3237 2149 3435 2196 nostrae
3449 2141 3699 2212 Deipara‘.
3717 2152 3879 2194 etsen-

2406 2229 2432 2266 r
2456 2213 2772 2287 Virginiset
2810 2212 3050 2287 omnium
3078 2221 3383 2287 sanctorum
3412 2211 3576 2281 ejus,
3611 2214 3660 2266 in
3701 2212 3875 2281 gloriam

2380 2287 2512 2337 atris
2539 2281 2596 2338 et
2619 2284 2741 2338 Filii
2770 2294 2827 2338 et
2849 2282 3080 2353 Spiritus
3106 2281 3279 2337 sancti
3304 2322 3321 2350 ,
3349 2296 3490 2338 nunc
3520 2291 3576 2338 et
3593 2296 3817 2353 semper,
3838 2289 3877 2334 et

2335 2354 2389 2410 in
2415 2353 2610 2410 saecula
2630 2354 2967 2411 smculorum.
2996 2353 3189 2410 Amen.

1844 2698 2716 2814 MONITUM

1711 2893 1799 2957 IN
1843 2889 2261 2954 HOMILIAM
2303 2887 2811 2964 SEQUENTEM.

706 3039 870 3111 Nugis
894 3038 1104 3111 plenam
1133 3036 1406 3093 homiliam
1436 3037 1617 3092 statim
1641 3036 1883 3111 advertat
1911 3034 2226 3111 lect_or_jure

633 3113 775 3168 inter
796 3107 1012 3181 'spu'rias
1036 3110 1335 3178 ablegatam
1366 3111 1529 3164 fuisse
1557 3124 1694 3163 :nec
1717 3107 1861 3163 aliud
1890 3107 2103 3178 praefari
2134 3120 2229 3160 ue-

2336 3046 2491 3158 :esse
2538 3028 2734 3100 fuerit;
2765 3047 2875 3089 non
2912 3034 3030 3092 sine
3070 3045 3272 3089 nausea
3313 3033 3458 3090 illam
3499 3034 3683 3091 Latine
3706 3038 3889 3088 conver-

2362 3118 2522 3158 imus.

2362 3118 2500 3158 imus
2507 3144 2522 3159 .

630 3225 3853 3258 ww

1954 3329 2075 3412 IN
2118 3326 2509 3428 ILLUD,
2554 3284 2557 3287 ’

1353 3502 1543 3549 matrs
1584 3506 1701 3564 ne,
1746 3503 2019 3563 nomne,
2065 3502 2148 3546 AB
2189 3500 2440 3546 nomne
2483 3496 2657 3544 nmo
2704 3479 2900 3561 (Psal.
2949 3481 3087 3544 139.
3126 3485 3217 3567 1).-

2109 3630 2437 3690 εθ<·‹ω>>8’

708 3773 756 3827 1.
801 3771 964 3847 Miror
1005 3786 1109 3847 cur
1146 3769 1814 3847 praphetanon‘precatus
1844 3767 1932 3847 sit,
1961 3774 2022 3822 ut
2045 3763 2227 3847 eripe-

631 3854 779 3916 retur
805 3859 835 3899 a
864 3836 1220 3907 daemonibus,
1242 3836 1334 3916 aut
1359 3858 1399 3916 a_
1414 3836 1681 3908 leonibus,
1709 3850 1800 3896 aut
1827 3855 1857 3892 a
1879 3836 2225 3916 draconibus,

632 3915 727 3970 sed
753 3916 822 3971 ab
853 3916 1069 3970 homine
1100 3916 1261 3968 malo.
1312 3914 1491 3968 Palam
1526 3928 1654 3984 ergo
1681 3922 1762 3967 est
1788 3910 1960 3984 malos
1985 3909 2231 3963 homines

632 3985 931 4059 deteriores
948 4000 1072 4059 esse
1093 3985 1357 4059 leonibus.
1377 3981 2047 4059 Leones'enimDauielem
2076 3990 2231 4059 rere:

633 4058 722 4109 riti
768 4065 912 4123 sunt,
939 4056 1109 4112 Judici
1147 4071 1273 4109 vero
1323 4056 1604 4109 Dominum
1633 4053 2015 4109 erucifixerunt
2036 4067 2062 4123 ε
2082 4053 2229 4103 corvi

633 4127 808 4181 tiliam
850 4119 908 4181 in
943 4135 1126 4181 monte
1156 4126 1496 4189 nutriebant,
1528 4124 1820 4194 Josephum
1863 4136 1995 4194 vero
2039 4119 2230 4194 fratres

632 4197 928 4253 vendentes
957 4197 1329 4261 eomedebant,
1356 4211 1519 4265 quem
1537 4189 1698 4250 etiam
1721 4193 2110 4265 supplicantem
2133 4189 2231 4244 de-

630 4277 939 4337 spexcrnnt.
985 4267 1311 4323 Precabatur
1348 4263 1491 4320 enim
1519 4280 1613 4321 eos
1643 4281 1774 4337 puer
1796 4263 1886 4337 ’_ne
1907 4263 2232 4337 venderetur

633 4332 949 4408 alienigenis
984 4355 998 4393 :
1026 4338 1102 4392 illi
1130 4353 1257 4392 vero
1285 4338 1355 4392 ob
1384 4337 1601 4391 nimiam
1627 4332 2000 4408 crudelitatem
2028 4332 2231 4408 suppli-

632 4404 898 4465 cationem
924 4408 1062 4485 _ejus
1091 4415 1586 4485 _eontempserunl:
1616 4422 1681 4462 ac
1724 4421 1901 4485 neque
1937 4404 2230 4485 iuvenilem

630 4489 844 4534 aetatem
867 4476 1106 4535 miserati
1132 4489 1276 4546 sunt,
1300 4476 1475 4549 neque
1495 4476 1955 4549 viscerafraterna
1977 4476 2226 4549 reveriti;

633 4565 743 4621 _non
766 4551 906 4620 quod
930 4551 1060 4621 ipsis
1079 4559 1227 4605 sator
1252 4544 1507 4605 inseverit
1529 4551 1568 4613 ί,
1591 4558 1647 4604 et
1671 4562 1807 4621 unus
1827 4546 1940 4602 fere
1959 4561 2086 4616 ager
2107 4544 2227 4621 p_nl-

629 4615 897 4688 lulavérit,
912 4615 1004 4676 sed
1022 4622 1092 4677 ob
1112 4622 1327 4675 nimiam
1349 4621 1719 4675 crudelitatem
1743 4615 2105 4689 ingenuumet
2129 4615 2230 4689 fra-

633 4700 771 4744 trem
818 4686 890 4746 in'
919 4705 1135 4747 servum
1168 4691 1544 4747 vendiderunt.
1575 4689 1735 4761 Eripe
1771 4686 1871 4754 uie,
1898 4686 2135 4761 Domine,
2167 4687 2229 4740 ab

632 4761 835 4814 homine
863 4763 1018 4821 πρίαιο.
1066 4767 1209 4832 Apes
1250 4770 1487 4832 agrestes
1513 4759 1774 4818 Joannem
1801 4763 1853 4815 in
1882 4759 2097 4814 deserto
2125 4773 2227 4832 nu-

634 4832 897 4902 triebant,
939 4831 1201 4889 Herodias
1243 4831 1420 4887 autem
1469 4833 1523 4887 in
1571 4833 1792 4902 prandio
1833 4832 2008 4900 ipsum
2055 4831 2231 4898 capite

632 4901 926 4959 mulclavit.
958 4904 1222 4960 Dracones
1241 4913 1293 4960 et
1312 4913 1535 4959 cerasta:
1558 4901 1613 4959 et
1640 4903 1853 4973 aspides
1877 4903 2050 4973 virum
2071 4915 2227 4955 reve-

633 4973 719 5045 riti
747 4982 900 5028 erant
920 5016 936 5041 ,
966 4975 1279 5030 muliercula
1308 4989 1438 5029 vero
1474 4972 1717 5045 improba
1766 4972 2086 5045 prophetam
2121 4985 2230 5045 non

634 5044 861 5118 horruit.
906 5046 1091 5118 Daniel
1141 5045 1413 5118 Babylone
1451 5041 1742 5118 draconem
1767 5041 2008 5118 occidit,
2060 5041 2229 5118 David

631 5115 807 5171 Saulis
850 5116 1104 5171 invidiam
1144 5112 1359 5186 vincere
1400 5130 1507 5171 non
1558 5117 1745 5186 potuit.
1787 5114 2022 5186 Serpens
2061 5112 2229 5186 Evam

634 5194 836 5257 tantum
863 5186 1073 5257 decepit
1101 5208 1115 5244 :
1142 5185 1273 5243 Cain
1298 5203 1426 5243 vero
1447 5183 1664 5241 fratrem
1689 5200 1847 5257 suum
1867 5183 1994 5257 dolo
2012 5183 2226 5257 occidit.

632 5253 795 5312 Canis
824 5258 912 5331 ille
938 5253 1073 5331 Cain
1101 5258 1396 5331 ﬂagellatus
1415 5299 1430 5325 ,
1464 5258 1691 5331 Domino
1712 5255 1997 5331 subjicitur
2025 5273 2038 5331 ς
2064 5253 2229 5309 Judas

633 5335 763 5397 vero
788 5329 948 5383 etiam
972 5330 1106 5383 dum
1133 5324 1313 5396 alitur,
1343 5324 1627 5383 Dominum
1657 5327 1927 5397 prodidit.
1944 5324 2102 5395 Eripe
2126 5341 2227 5397 me,

634 5395 874 5467 Domine,
919 5400 982 5452 ab
1027 5401 1231 5455 homine
1276 5395 1413 5454 malo
1440 5416 1460 5453 :
1488 5414 1594 5453 non
1638 5395 1671 5453 εἰ
1708 5398 1837 5453 feris
1867 5413 1881 5450 :
1911 5396 2043 5452 fera:
2085 5395 2229 5451 enim

633 5479 871 5539 apertam
910 5469 1167 5525 exhibent
1189 5471 1484 5537 malitiam;
1514 5479 1571 5525 at
1600 5468 1828 5538 improbi
1857 5467 2103 5522 homines
2132 5481 2230 5539 ne-

631 5536 852 5611 quitiam
879 5541 980 5596 sub
1011 5541 1393 5598 moderationis
1422 5536 1601 5611 specie
1629 5536 1837 5611 tegunt,
1864 5538 1945 5592 Ac
1969 5536 2227 5611 quemad-

630 5609 847 5665 modum
896 5611 966 5686 ii,
999 5614 1088 5686 qui
1133 5624 1394 5686 venenata
1436 5609 1725 5686 pharmaea
1767 5609 2030 5686 oderunt,
2072 5609 2231 5686 melle

629 5692 772 5750 sape
797 5691 849 5736 et
877 5681 1162 5738 dulcedine
1185 5684 1535 5739 acerbitatem
1561 5682 1850 5749 deliniant,
1881 5683 1960 5736 sic
1989 5690 2046 5736 et
2072 5681 2226 5733 ιιιιιιί-

665 5811 707 5880 ,⁸
725 5811 865 5860 savii.
893 5825 907 5861 :
940 5820 1115 5865 «Forte
1138 5815 1404 5879 legendum
1423 5824 1516 5870 est.
1544 5829 1635 5866 non
1659 5816 1786 5879 quod
1810 5814 1940 5867 idem
1964 5827 2043 5867 eos
2064 5829 2228 5870 serue-

631 5879 708 5922 rit.
734 5888 756 5919 1
785 5880 968 5926 Sensus
990 5885 1143 5940 esset,
1166 5890 1262 5929 non
1284 5880 1413 5944 quod
1438 5891 1534 5931 uno
1554 5888 1693 5942 patre
1716 5888 1869 5931 eacnt
1890 5888 2006 5929 nan.

2334 3759 2424 3830 gni
2447 3758 2691 3839 homines
2712 3760 2999 3839 verborum
3024 3764 3344 3839 suavitatem
3360 3782 3456 3825 ore
3477 3769 3673 3839 ferunt,
3696 3782 3890 3827 morum-

2333 3831 2811 3912 que‘acerbltatem
2833 3832 2889 3887 in
2911 3833 3074 3912 corde
3096 3838 3328 3912 retinent
3356 3856 3370 3893 :
3400 3843 3513 3897 mel
3535 3843 3588 3898 in
3617 3831 3707 3898 ore
3724 3842 3887 3905 lerunt,

2333 3900 2390 3983 et
2412 3900 2645 3983 gladium
2665 3902 2715 3983 in
2739 3913 2919 3983 metue
2938 3905 3159 3983 cudunt,
3178 3909 3371 3983 aliique
3392 3913 3630 3968 exterius
3646 3900 3889 3982 apparent,

2335 3972 2463 4053 dum
2487 3970 2576 4053 alii
2607 3973 2834 4053 interius
2864 3974 3048 4053 lateul.
3082 3977 3173 4033 Sic
3195 3970 3352 4047 igitur
3376 3984 3640 4053 malignus
3664 3970 3808 4042 56m.
3826 3970 3891 4036 est

2335 4042 2448 4098 fera
2483 4043 2727 4124 “deterior
2757 4046 3068 4124 :quornodo
3106 4042 3284 4124 autem
3306 4093 3320 4115 ,
3360 4042 3536 4109 audi:
3561 4055 3690 4110 Fera
3730 4054 3886 4123 quippe

2334 4128 2462 4193 eum_
2483 4113 2889 4193 intelligentiam
2916 4132 3021 4171 non
3047 4119 3258 4193 habeat.
3283 4113 3390 4177 non
3421 4125 3620 4181 invenit
3642 4113 3767 4180 mala
3784 4113 3887 4177 eoae

2336 4192 2419 4267 _tra
2448 4183 2723 4267 hominem
2755 4204 2779 4267 :_
2799 4200 2973 4267 neque
3000 4190 3144 4267 enim
3170 4193 3541 4267 ratiocinator,
3573 4211 3738 4267 neque
3763 4194 3889 4248 intel-

2335 4254 2605 4338 ligentiam
2639 4254 3117 4338 veldolumliabet
3140 4254 3595 4338 sibldietantem;
3637 4254 3795 4338 malus
3813 4277 3890 4338 au:

2336 4324 2443 4380 tem
2476 4324 2636 4406 homo
2661 4332 2783 4380 cum
2808 4326 3211 4406 intelligentiam
3240 4334 3452 4406 habeat,
3475 4338 3521 4392 si
3545 4324 3714 4391 utatur
3737 4337 3813 4390 illa
3834 4331 3888 4386 ad

2335 4399 2652 4475 nequitiam,
2681 4411 2803 4475 cum
2828 4399 3071 4475 voluerit,
3090 4404 3353 4475 captandi
3386 4399 3694 4463 occasiones
3719 4420 3803 4475 per
3821 4406 3889 4457 in-

2336 4466 2684 4543 telligentiam
2720 4468 2973 4543 inveniet.
3004 4466 3184 4542 Eripe'
3205 4491 3303 4539 me,
3335 4476 3588 4543 Domine,
3625 4478 3685 4531 ab
3719 4466 3894 4529 nomine

2336 4536 2473 4617 malo
2499 4552 2519 4592 :
2548 4553 2655 4591 non
2686 4539 2753 4593 ab
2777 4543 2968 4617 angelo
2986 4536 3162 4617 _mal'o.
3181 4536 3348 4617 _Suiit
3385 4550 3533 4603 enim
3568 4536 3723 4605 etiam
3744 4543 3889 4613 angeli

2333 4609 2495 4688 mali;
2526 4618 2585 4663 ut
2616 4611 2939 4688 cu_m__Davi_d
2967 4612 3098 4669 dicit
3130 4632 3143 4668 :
3172 4614 3314 4688 Misit
3340 4617 3393 4672 in
3417 4636 3505 4674 eos
3528 4621 3660 4673 iram
3684 4609 3884 4688 indigna-

2334 4681 2485 4756 tionis
2512 4694 2638 4743 suta.
2664 4681 3081 4756 indignationem,
3104 4695 3151 4739 et
3172 4686 3321 4756 iram,
3349 4700 3395 4742 et
3418 4681 3797 4751 tribulationem,
3816 4687 3886 4738 iri-

2334 4749 2624 4828 missionem
2648 4768 2739 4828 per
2765 4749 2975 4828 dngelos
2987 4756 3167 4828 malos.
3199 4749 3346 4812 Viam
3362 4760 3479 4828 fecit
3503 4762 3692 4815 semin
3710 4749 3789 4812 ira
3801 4766 3884 4809 ειω

2335 4818 2520 4895 (Rs-al.
2546 4818 2752 4895 πλε),
2783 4818 2854 4878 50
2874 4824 2914 4894 ).
2944 4824 3102 4895 Pejor
3130 4836 3212 4882 est
3248 4818 3429 4887 autem
3456 4828 3619 4886 homo
3644 4830 3878 4885 maiusm-

2331 4892 2669 4984 geloﬂmalo.‘
2708 4892 2848 4984 Nam‘
2874 4892 3056 4984 malus
3098 4899 3319 4979 angelus
3356 4916 3424 4984 ea
3462 4918 3582 4984 qua:
3615 4903 3755 4984 jusfa
3784 4903 3876 4976 sit!“

2334 4970 2530 5043 scrval,
2560 4963 2739 5043 malus
2764 4974 2943 5043 autem
2965 4967 3123 5043 homo
3143 4963 3299 5043 jussu
3324 4963 3503 5043 _violat'.
3533 4963 3667 5040 Quid
3686 4971 3880 5026 deterius

2333 5031 2582 5109 diabolo?
2609 5035 2857 5109 Attamen
2883 5036 3011 5109 licet
3035 5031 3172 5096 Jobo
3200 5041 3479 5109 invideret,
3513 5031 3620 5099 an
3648 5057 3793 5097 ausus
3815 5044 3904 5092 csl'

2333 5104 2400 5157 ad
2427 5118 2549 5158 eum
2575 5105 2832 5177 accedere
2851 5107 2967 5162 sine
2983 5108 3135 5177 jussu
3156 5110 3355 5167 divino.
3376 5104 3543 5169 Malus
3564 5125 3731 5169 autem
3753 5111 3884 5164 homo

2334 5189 2456 5229 cum
2495 5174 2704 5256 audiat,
2734 5174 2946 5256 Diligite
2970 5174 3198 5256 inimicos
3236 5193 3423 5256 vestros
3449 5185 3671 5256 (Matth.
3698 5183 3747 5256 _5.
3771 5181 3830 5234 44
3848 5179 3882 5248 )ι

2334 5261 2440 5327 non
2472 5245 2634 5327 modo
2655 5262 2759 5301 non
2781 5245 2952 5327 diligit
2976 5250 3240 5327 inimicos,
3260 5255 3353 5308 sed
3374 5245 3532 5310 etiam
3554 5245 3884 5327 benefactores

2333 5315 2464 5397 odit,
2480 5315 2750 5397 ipsosque
2774 5315 3370 5397 occiditlutsaul'erga
3402 5326 3650 5397 Davidem
3677 5320 3884 5397 tentavit.

2334 5384 2387 5443 Is
2408 5385 2552 5444 enim
2573 5384 2938 5445 adversarium
2966 5384 3273 5450 Goliathum
3300 5384 3405 5451 ictu
3429 5396 3605 5451 fundat
3632 5390 3883 5450 interemit.

2334 5467 2391 5511 et
2412 5458 2749 5537 lormidinem
2775 5460 3021 5537 abstulit;
3054 5464 3146 5519 ille
3168 5475 3348 5537 autem
3379 5469 3550 5537 ipsum
3576 5467 3697 5521 dolo
3717 5460 3886 5537 interli'

2332 5540 2461 5608 cere
2492 5530 2752 5608 tentaliat.
2798 5530 3106 5608 Dromonem
3125 5536 3249 5608 _ejus
3274 5530 3481 5592 rursum
3513 5530 3885 5608 psalmodiaﬁl'

2332 5599 2499 5675 (flvit,
2530 5601 2617 5675 ille
2660 5615 2788 5656 vero
2836 5602 3073 5675 gladium
3121 5599 3178 5660 in
3219 5608 3389 5675 ipsum
3430 5599 3641 5664 vibrans
3678 5601 3882 5675 inmisi}.

2335 5668 2478 5749 Talis
2516 5671 2712 5740 quippe
2747 5668 3130 5749 est'malignus
3158 5694 3173 5731 :
3202 5668 3399 5749 quanto
3433 5680 3618 5749 majori
3663 5671 3886 5749 beneligio

2334 5742 2601 5808 allicitur,
2636 5751 2783 5797 tanto
2815 5745 2984 5814 magis
2998 5741 3077 5800 ad
3104 5741 3306 5803 eadem
3344 5741 3656 5805 incenditur.
3700 5741 3882 5814 lutide

2336 5827 2566 5889 namque
2593 5815 2814 5889 materia
2842 5810 3006 5889 robur
3028 5818 3163 5872 indit
3188 5819 3416 5889 mahguo
3443 5822 3637 5874 homini
3663 5810 3885 5889 beneﬁcio

2335 5884 2544 5939 allecto.
2593 5882 2751 5955 Eripe
2790 5901 2891 5953 me,
2920 5884 3170 5959 Domine,
3211 5891 3273 5944 ab
3307 5882 3498 5946 Iiominc
3552 5892 3720 5951 male;
3749 5895 3840 5938 non
3863 5888 3886 5927 ³
