4104 6418
440 331 545 387 713

439 449 677 530 gantiam
728 462 833 518 quo
876 457 1031 530 pacto
1069 447 1205 530 apud
1252 447 1418 530 Deum
1459 448 2040 530 negotiari-Oporteat,

443 517 617 587 ignem
651 517 704 572 in
733 517 827 572 eos
848 527 1093 572 urentem
1121 519 1363 583 immisit,
1391 522 1460 573 ita
1491 528 1548 572 ut
1570 518 2042 573 Iocuslncendium

442 596 753 653 vincaretnr,
782 589 1019 660 quodin
1060 603 1126 643 eo
1157 605 1349 659 magna
1378 591 1555 658 populi
1592 603 1716 659 pars
1759 590 1880 660 igne
1917 604 2047 643 con-

445 668 658 730 sumpta
706 669 851 714 esset
898 659 1085 728 (Num.
1113 661 1201 716 11.
1230 661 1307 728 5).
1352 661 1539 716 Postea
1569 674 1697 715 vero
1725 659 1843 730 quae
1873 662 2043 729 petie-

450 740 572 783 rant
617 730 784 787 dedit.
834 731 1032 786 Panem
1067 732 1181 786 cat-li
1211 742 1264 787 et
1294 746 1483 799 panem
1507 731 1817 801 angelorum
1849 745 2042 784 manna

443 809 645 873 vocat,
671 817 793 872 quta
834 816 938 856 non
987 801 1232 856 humanis
1276 812 1564 873 apparatus
1607 810 1725 856 crat
1752 802 1995 873 manibus
2029 820 2040 854 :

443 873 512 927 de
552 872 687 927 caelo
726 882 942 936 autem,
997 873 1083 927 uhi
1129 872 1439 942 angelorum
1485 873 1683 928 chorus
1711 881 1862 935 erat,
1896 872 2012 925 dela

439 957 571 1009 psus
598 953 700 1026 est.
724 942 1096 1026 commeatum
1127 959 1287 1013 porro
1312 943 1524 1026 qualem
1555 942 1623 997 ad
1652 958 1818 1012 usque
1847 944 2044 996 saturi-

438 1024 618 1096 tatem.
644 1014 921 1096 demiserit
945 1056 961 1080 ,
987 1014 1132 1096 clare
1158 1014 1528 1096 entt_tttiant.ea_
1550 1029 1684 1096 quae
1698 1024 1997 1096 sequuntur
2029 1031 2042 1066 :

436 1084 526 1139 26.
553 1082 777 1140 Abstulit
819 1094 1051 1139 austrum
1089 1085 1152 1137 de
1180 1086 1303 1139 ra'lo
1321 1128 1334 1150 ,
1363 1095 1411 1139 et
1438 1082 1636 1138 induirit
1666 1085 1717 1138 in
1747 1082 1925 1138 virtute
1953 1101 2048 1139 suo

438 1156 681 1223 africum.
712 1156 806 1210 27.
838 1154 906 1210 Et
944 1156 1073 1227 pluit
1090 1172 1254 1227 super
1278 1172 1362 1227 eos
1391 1156 1522 1209 sicut
1553 1156 1808 1227 pulverem
1833 1171 2038 1218 comes,

437 1234 484 1278 cl
533 1227 662 1281 sicut
712 1243 920 1281 arenam
947 1225 1123 1279 utaris
1165 1225 1394 1279 volatilia
1432 1225 1671 1296 pennata.
1700 1226 1889 1281 Parata
1919 1234 2047 1280 sunt

437 1297 577 1365 apud
608 1297 777 1351 Deum
807 1299 942 1351 bona
975 1314 989 1350 :
1019 1296 1119 1368 sed,
1142 1306 1320 1368 tamen
1349 1311 1412 1351 ea
1443 1296 1507 1351 ad
1533 1306 1892 1368 opportunum
1911 1305 2046 1351 tem-

440 1383 538 1436 pus
577 1368 646 1422 ab
671 1383 738 1423 eo
767 1377 1066 1423 servantur.
1092 1367 1452 1435 Quamobrem
1485 1367 1606 1422 eum
1631 1367 1912 1423 .Iudaicum
1946 1382 2046 1437 po-

441 1438 626 1507 pulum
668 1440 866 1493 satiare
892 1439 1071 1497 vellet.
1105 1454 1210 1492 non
1238 1453 1432 1493 novum
1460 1438 1730 1505 epiticium
1761 1439 2043 1508 produxit,

438 1525 559 1565 cum
605 1519 844 1564 austrum
892 1517 948 1564 et
990 1508 1215 1564 africum
1259 1510 1571 1579 commovit.
1624 1509 1686 1563 Hi
1736 1525 1965 1579 namque
1992 1511 2045 1564 in

439 1581 844 1635 astuosioribus
894 1580 1200 1650 regionibus
1248 1578 1377 1635 ﬂare
1422 1580 1631 1645 solent,
1678 1580 1765 1635 tibi
1802 1578 2047 1636 summus

441 1651 633 1721 Opifex
681 1652 1015 1706 coturnicum
1059 1652 1267 1719 copiam
1307 1650 1498 1706 adesse
1541 1653 1790 1718 curavit,
1819 1661 1872 1707 et
1896 1652 2049 1706 velut

441 1738 505 1776 cx
536 1722 739 1792 paratis
781 1721 1048 1777 thesauris
1073 1737 1297 1790 scopum
1345 1722 1603 1789 implevit.
1635 1721 1743 1778 Nos
1768 1732 1947 1778 autem
1979 1739 2048 1778 ne

442 1792 789 1864 hyperbolice
813 1809 840 1845 a
877 1792 1136 1863 propheta
1167 1794 1367 1847 dictum
1399 1792 1562 1848 fuisse
1591 1803 1838 1862 putemus
1858 1837 1871 1857 ,
1903 1792 2048 1847 Pluit

439 1866 569 1917 sicut
607 1864 862 1929 pulverem
902 1880 1112 1925 carnes,
1152 1872 1201 1917 et
1238 1864 1368 1918 sicut
1407 1880 1614 1918 arenam
1642 1866 1795 1918 maris
1824 1866 2048 1921 volatilia

444 1945 685 2005 pennata.
716 1935 922 1989 Inﬁnita
951 1936 1147 2005 quippe
1169 1943 1294 1988 sunt
1318 1934 1577 2004 nobisque
1602 1936 1780 2005 ignota
1812 1936 1904 1990 Dei
1927 1936 2044 2001 epi-

443 2004 580 2058 ticia.
601 2004 769 2059 Tanta
793 2004 1086 2076 itaquefnit
1102 2006 1373 2060 volucrum
1394 2004 1676 2060 multitudo
1694 2048 1708 2071 ,
1729 2017 1788 2059 ut
1810 2023 1912 2061 non
1946 2008 2048 2060 ﬁlis

439 2076 1128 2147 autretibnsautmachinis
1148 2076 1287 2141 aliis,
1317 2077 1410 2131 sed
1442 2077 1690 2132 manibus
1719 2077 1784 2131 ad
1808 2088 2047 2147 paratam

444 2146 760 2219 facilemque
772 2151 1115 2219 venationem
1137 2162 1272 2216 Opus
1307 2157 1472 2213 esset,
1505 2158 1564 2202 ut
1594 2146 1868 2219 sequentia
1893 2149 2046 2218 plano

439 2216 735 2290 declarant.
762 2217 853 2274 28.
887 2217 955 2272 Et
980 2219 1266 2290 ceciderunt
1292 2219 1342 2290 in
1370 2219 1533 2272 medio
1555 2216 1834 2274 castrorum
1853 2216 2044 2290 eorum,

441 2289 578 2342 circa
605 2289 931 2343 tabernacula
958 2306 1152 2343 eorum.
1178 2288 1270 2345 29.
1291 2286 1360 2345 Et
1377 2291 1824 2353 mmtducaverunt,
1843 2300 1888 2345 ct
1904 2286 2046 2344 satu;

446 2360 557 2431 rati
594 2368 716 2431 sunt
756 2361 926 2413 nimis.
967 2360 1180 2431 Cogites
1218 2375 1345 2430 ergo
1374 2360 1533 2414 velim
1567 2371 1672 2415 tam
1706 2377 2046 2417 numerosam

450 2429 881 2494 multitudinem,
922 2441 1027 2484 tam
1053 2429 1307 2486 voraci-tn
1335 2473 1348 2491 .
1381 2431 1624 2487 saliuam
1657 2449 1760 2486 non
1788 2432 1853 2486 ad
1885 2449 2046 2487 unum

446 2499 728 2572 dumtaxat
746 2502 888 2572 diem
908 2542 924 2567 ,
952 2502 1045 2556 Sed
1073 2502 1138 2556 ad
1163 2502 1377 2572 triginta
1398 2545 1411 2561 .
1443 2510 1501 2556 ut
1529 2502 1735 2558 discere
1763 2504 1937 2572 pessis
1958 2546 1971 2567 ,
2002 2506 2045 2558 si

445 2570 904 2644 Mfosishisteriam
929 2573 1141 2644 inlibro
1160 2570 1515 2644 Numerorum
1545 2570 1824 2642 percurras
1859 2573 2043 2644 (Num.

444 2643 531 2696 Η.
562 2643 652 2697 19.
682 2641 774 2697 20.
804 2643 873 2698 '52
897 2643 935 2711 ).
972 2642 1036 2696 Et
1080 2643 1386 2697 desiderium
1415 2641 1590 2697 eorum
1616 2646 1784 2698 attulit
1812 2641 1882 2698 eis
1912 2661 1929 2699 :
1955 2646 2043 2701 '50.

444 2728 547 2767 non
587 2722 701 2768 sunt
729 2714 952 2783 fraudati
989 2730 1022 2767 a
1059 2715 1308 2768 desiderio
1350 2731 1461 2766 suo.
1504 2714 1684 2767 Adhuc
1726 2732 1837 2770 esca
1865 2732 2042 2769 eorum

441 2793 549 2856 erat
575 2784 739 2856 inore
762 2786 987 2855 ipsorum
1006 2826 1020 2848 ,
1050 2786 1140 2840 5|.
1170 2794 1216 2838 et
1246 2787 1323 2838 ira
1368 2784 1459 2856 Dei
1490 2785 1715 2839 ascendit
1757 2802 1909 2856 super
1938 2804 2040 2841 eos.

445 2853 724 2908 Et'occidit
750 2853 922 2927 plures
947 2872 1141 2919 eorum,
1161 2864 1207 2910 ct
1232 2857 1412 2910 electos
1434 2854 1601 2927 Israel
1628 2853 1903 2926 impedivit.
1933 2857 2046 2913 Non

444 2928 638 2979 l‘rustra
667 2926 796 2997 ergo
826 2927 963 2981 Deus
992 2927 1185 2982 multas
1216 2942 1281 2981 ex
1307 2926 1653 2995 petitionibus
1676 2929 1876 2982 no~tris
1902 2929 2044 2983 aliud

442 2997 496 3069 in
542 3005 751 3069 tempus
796 2997 971 3052 differt
997 3040 1012 3062 ,
1056 2999 1148 3052 sed
1190 2997 1259 3069 ad
1302 2999 1585 3053 utilitatem
1617 3009 1853 3053 nostram
1878 3041 1890 3062 ,
1923 3000 2044 3069 quia

442 3067 689 3136 plurima:
718 3070 1167 3138 concupiscentia
1196 3068 1504 3124 hominibus
1534 3071 1707 3123 noxia:
1734 3079 1881 3127 sunt.
1909 3067 2044 3140 quas

443 3149 621 3192 tamen
673 3140 919 3208 plurimis
956 3140 1325 3209 peccatoribus
1367 3140 1613 3194 concedit
1643 3141 1830 3194 iratus.
1868 3143 2042 3208 Ecqua

444 3209 696 3282 deerausa
726 3210 1011 3265 concedit?
1042 3210 1117 3265 Ne
1149 3211 1352 3282 ipsum,
1383 3220 1439 3265 ut
1461 3210 1572 3281 jam
1603 3210 1871 3277 diximus,
1896 3213 2044 3282 quasi

445 3280 769 3351 imbecillum
812 3291 1054 3349 arguant.
1096 3281 1301 3348 Quibus
1349 3280 1620 3335 conCesais
1657 3296 1751 3336 eos
1781 3280 2045 3351 supplicio

447 3350 610 3405 allicit
632 3391 647 3414 ,
682 3361 737 3403 ut
768 3365 867 3405 nos
895 3353 1226 3415 absterreat,
1259 3368 1325 3407 ne
1346 3355 1452 3406 vim
1486 3351 1773 3407 inferamus
1804 3350 1913 3407 Deo
1941 3352 2044 3407 illi-

440 3420 564 3493 citis
606 3421 969 3490 petitionibus.
1003 3422 1311 3478 Judieorum
1346 3423 1524 3493 itaque
1552 3424 2037 3492 concupiscentiam

442 3492 683 3547 ciborum
708 3494 979 3562 explevit:
1010 3498 1211 3549 etcum
1243 3493 1419 3548 adhuc
1444 3492 1708 3560 ederent,
1733 3494 1863 3547 iram
1894 3496 2050 3549 indu-

442 3563 557 3636 ;it,
602 3563 903 3636 occiditque
944 3564 1167 3636 pingues
1217 3580 1400 3620 eorum
1427 3607 1441 3633 ,
1490 3564 1695 3619 scilicet
1738 3564 1963 3631 obesas,
1993 3577 2045 3621 et

445 3634 723 3702 impedivit
763 3636 965 3690 electos
988 3677 1001 3697 .
1045 3634 1153 3689 non
1189 3637 1380 3690 virtute
1407 3637 1837 3705 praestantiores,
1870 3641 1962 3691 sed
1992 3637 2043 3691 in

444 3705 680 3777 nequitia
707 3706 908 3760 electos
940 3724 953 3759 :
985 3716 1110 3761 sunt
1132 3708 1276 3761 enim
1308 3709 1467 3762 etiam
1501 3707 1551 3760 in
1580 3707 1811 3777 nequitia
1841 3708 2042 3761 eximii.

565 3774 632 3829 In
662 3778 892 3830 omnibus
919 3776 998 3831 his
1027 3788 1354 3848 peccaverunt
1381 3777 1550 3831 adhuc
1570 3820 1584 3841 ,
1619 3774 1792 3832 et'uon
1818 3780 2047 3832 credide-

441 3856 561 3920 runt
623 3848 676 3901 in
711 3847 1033 3903 mirabilibus
1062 3850 1193 3920 ejus.
1219 3849 1310 3903 35.
1342 3848 1408 3920 Et
1436 3847 1726 3919 defecerunt
1751 3851 1803 3902 in
1829 3852 2048 3905 vanitate

441 3918 550 3990 dies
575 3933 786 3990 eorum,
817 3929 863 3972 et
890 3921 1010 3973 anni
1041 3918 1213 3972 eorum
1242 3935 1357 3973 cum
1384 3918 1728 3990 festinatione.

516 3988 825 4062 5._illiratttr
865 3990 1124 4062 propheta
1158 3988 1465 4045 .Iudteorum
1498 3990 1957 4062 inobsequentiam
1987 4004 2042 4048 et

443 4058 623 4114 cordis
657 4058 907 4114 duritiem
927 4102 941 4124 ,
968 4058 1093 4130 quia
1125 4076 1234 4115 non
1275 4062 1447 4115 solum
1479 4076 1599 4115 cum
1632 4058 1894 4118 beneﬁcio
1923 4064 2042 4117 arﬁ-

443 4139 717 4195 eerentur,
737 4130 858 4206 _sed
889 4131 1049 4185 etiam
1097 4148 1219 4206 cum
1264 4132 1672 4206 castigarentur,
1704 4133 2044 4206 impudenter

444 4200 884 4274 perseverabant,
914 4211 969 4256 et
1016 4202 1310 4274 peccabaut
1353 4200 1569 4274 adhuc;
1598 4202 1647 4257 id
1677 4200 1796 4265 est:
1827 4214 2043 4274 peccata

484 4273 693 4343 cccatisi
725 4270 1025 4328 addebant.
1045 4271 1119 4327 Ita
1149 4287 1280 4327 vero
1323 4286 1381 4327 se
1419 4273 1675 4341 gerebant
1714 4270 1839 4343 quia
1877 4276 2042 4329 mira-

486 4342 642 4414 ilibns
672 4342 777 4414 Dei,
799 4357 905 4397 non
935 4344 1261 4409 credebant;
1294 4343 1345 4398 id
1373 4355 1485 4406 est,
1514 4359 1614 4399 nec
1640 4342 2040 4414 persuasionem

443 4428 546 4470 nec
573 4413 731 4468 Iidem
765 4413 1052 4468 habebant.
1081 4414 1333 4470 Miracnla
1362 4417 1505 4469 enim
1536 4423 1589 4470 et
1616 4413 1763 4484 signa
1790 4430 1917 4470 casu
1939 4457 1953 4478 ,
1988 4429 2042 4472 ιιι

443 4499 560 4539 tuos
586 4495 672 4542 est
694 4485 891 4557 impiis,
922 4487 1234 4557 contingere
1256 4489 1539 4557 putabant.
1566 4485 1688 4542 Ideo
1713 4487 1826 4541 dies
1854 4501 2040 4542 eorum

441 4569 565 4609 cum
593 4555 932 4612 festinatione
950 4555 1300 4613 defecerunt:
1325 4555 1677 4612 detectiOnem
1702 4567 1902 4624 autem,
1934 4574 2038 4614 non

441 4627 768 4698 paucitatem
825 4630 1114 4697 temporis,
1165 4628 1257 4683 sed
1311 4630 1566 4683 virtutum
1613 4629 1845 4698 inopiam
1888 4628 2038 4685 dicit.

441 4697 694 4769 Quisquis
716 4699 861 4752 enim
881 4700 1131 4754 virtutem
1156 4715 1260 4754 non
1285 4708 1538 4765 sectatur,
1563 4700 1903 4769 quantumvis
1945 4715 2041 4755 an-

444 4765 610 4821 nosus
637 4765 818 4836 fuerit,
851 4777 1027 4823 tamen
1051 4770 1258 4824 dierum
1286 4770 1518 4832 defectu,
1550 4765 1724 4834 idest,
1757 4771 2038 4826 immatura

444 4848 618 4894 morte
660 4838 793 4903 obit,
843 4854 964 4894 cum
1009 4855 1114 4893 non
1158 4855 1253 4895 eos
1297 4840 1499 4895 fructus
1553 4842 1764 4907 tulerit,
1811 4857 2036 4910 quorum

442 4923 602 4984 causa
635 4909 687 4963 in
734 4910 1022 4984 humanam
1070 4911 1340 4984 ingressus
1369 4913 1670 4984 estvitant.
1701 4909 2040 4984 Quaproltter

440 4980 713 5050 Scriptura
748 4981 1108 5035 Abrahamnm
1136 4980 1191 5036 et
1210 4981 1400 5036 .Iobum
1426 4982 1611 5052 plenos
1630 4980 1835 5038 dierum
1862 4980 2034 5048 vocat,

441 5052 652 5124 etiamsi
679 5053 828 5124 multi
855 5053 943 5106 alii
976 5052 1216 5124 pluribus
1242 5054 1471 5107 vixerint
1496 5055 1651 5107 annis
1678 5052 1827 5124 (Gen.
1858 5054 1956 5108 25.
1980 5057 2033 5110 8.

435 5123 538 5176 Job
567 5122 658 5178 42.
708 5123 826 5191 16).
857 5124 945 5178 ⁸54.
979 5123 1106 5178 Cum
1147 5124 1393 5197 occideret
1439 5141 1557 5188 eos,
1590 5122 1711 5197 tunc
1747 5126 2035 5197 quu’rebnnt

441 5208 574 5257 cunt,
606 5203 653 5247 et
679 5197 1092 5249 convertebantur
1123 5208 1167 5247 et
1195 5195 1420 5250 diluculo
1451 5195 1714 5249 veniebant
1747 5194 1813 5248 utl
1843 5194 2028 5250 Deum.

439 5264 530 5337 55.
563 5264 628 5318 lit
646 5265 911 5337 recordati
936 5275 1051 5337 sunt
1092 5266 1212 5336 quia
1239 5265 1382 5321 Deus
1418 5267 1625 5337 adjutor
1654 5283 1827 5320 eorum
1863 5277 1956 5333 est,
1988 5278 2033 5320 et

445 5336 577 5389 heus
600 5334 878 5390 altissimus
908 5334 1193 5404 redemptor
1216 5353 1392 5392 eorum
1417 5334 1509 5391 est.
1544 5337 1679 5392 Vere
1712 5337 2031 5391 laudandum

442 5409 748 5477 bonumque
769 5417 852 5462 est
880 5421 1097 5475 semper
1117 5408 1427 5463 meminisse
1456 5407 1550 5462 Dei
1574 5425 1588 5461 :
1612 5409 1683 5462 ita
1712 5418 1768 5462 ιιι
1793 5409 2027 5462 etiamin

442 5487 587 5548 recte
613 5476 788 5543 iactis,
819 5478 935 5546 ejus
967 5479 1276 5534 invocemus
1324 5478 1653 5548 praesidium.
1686 5478 1818 5533 Nam
1861 5478 1908 5534 si
1936 5495 2034 5533 nos

440 5547 555 5621 ejus
582 5550 928 5603 recordemur
953 5564 1074 5604 cum
1106 5547 1364 5621 prospere
1403 5550 1644 5618 agimus,
1686 5558 1742 5605 et
1766 5550 1879 5619 ipse
1896 5549 2032 5621 dum

441 5618 492 5669 in
523 5621 777 5675 aerumnis
807 5634 1085 5690 versamur
1106 5618 1272 5674 nostri
1304 5621 1624 5675 meminerit.
1655 5618 1793 5676 Cum
1818 5619 2032 5690 quidam

442 5699 620 5741 autem
652 5690 802 5762 inviti
827 5698 988 5762 atque
1011 5689 1262 5762 ﬂagellati
1292 5706 1414 5762 eum
1442 5692 1741 5761 requirunt,
1767 5689 1897 5747 illud
1924 5706 2030 5747 non

443 5768 526 5831 est
554 5773 643 5831 ex~
662 5761 1168 5831 animorequirere,
1212 5761 1306 5818 sed
1334 5776 1399 5818 ex
1427 5763 1749 5818 necessitate
1789 5762 2033 5818 conﬁten

443 5825 584 5896 ipsos
614 5827 783 5884 Deum
807 5825 1102 5902 adiutorem
1129 5825 1185 5890 et
1218 5833 1614 5909 redemptorem
1642 5833 1864 5892 habere.
1896 5832 2028 5890 Illud

1946 329 2191 388 SPURIA
2203 372 2216 385 .

3629 335 3724 389 7I6

2152 461 2282 519 vero
2318 447 2590 519 proprium
2615 457 2695 501 cst
2724 448 2941 518 ingratis
2968 459 3021 503 et
3052 449 3389 519 ncquixsimis
3408 450 3723 515 domesticis,

2150 516 2345 587 quibus
2386 516 2635 571 dominus
2678 518 2723 571 vi
2770 516 3033 574 extortam
3075 516 3471 579 confessionem
3519 525 3725 587 videns,

2150 589 2377 664 gratiam
2405 602 2508 642 neu
2543 588 2977 664 It:tItel)i_t.__Mt_tlto
3000 593 3168 664 magis
3194 594 3331 647 Deus
3356 611 3368 645 :
3400 608 3500 647 non
3532 595 3727 664 ignorat

2150 660 2293 714 enim
2328 673 2610 726 pravorum
2637 668 2690 712 et
2718 660 2980 715 fallaciam
3016 660 3289 718 hominum
3320 660 3723 722 simulationem.

2149 744 2308 798 quam
2349 731 2624 797 sequentia
2676 731 2817 784 clare
2849 744 3293 788 commemorant.
3325 734 3411 790 56.
3441 732 3506 788 Et
3543 738 3730 790 dilati?-

2149 810 2267 874 r_nnt
2297 815 2410 851 (’itm
2440 800 2492 851 in
2523 816 2608 853 ore
2628 817 2739 862 suo.
2768 811 2815 855 et
2854 801 3028 874 lingua
3055 820 3149 858 sua
3185 807 3375 858 mentiti
3400 814 3516 861 sunt
3544 807 3613 861 ei.
3642 806 3730 861 37-

2150 868 2445 944 Coruautem
2475 886 2647 944 eorum
2676 888 2774 924 non
2802 883 2908 926 erat
2929 868 3135 927 'rectum
3180 892 3294 929 cum
3320 892 3400 941 eo,
3431 892 3519 931 nec
3560 878 3731 944 ﬁdeles

2150 941 2309 1013 Itabiti
2336 952 2452 1013 sunt
2487 942 2538 994 in
2570 951 2864 1013 testamento
2906 946 3033 1013 ejus.
3084 946 3177 999 IIis
3219 947 3479 1001 similibus
3524 941 3734 1002 Imbros

2150 1012 2321 1081 carpit
2352 1012 2511 1083 Isaias
2537 1031 2550 1066 :
2586 1011 2816 1081 Populus
2854 1011 2935 1068 hic
2961 1015 3109 1069 labiis
3148 1033 3228 1071 me
3265 1026 3401 1070 amat
3421 1059 3436 1083 ,
3463 1033 3552 1071 cor
3574 1028 3733 1072 autem

2150 1099 2325 1158 eorum
2343 1082 2665 1158 _longe_distot
2691 1100 2722 1136 a
2753 1086 2860 1158 met
2873 1084 2997 1158 Isai.
3014 1085 3107 1141 29.
3129 1087 3243 1158 15).
3266 1086 3544 1155 Quomodo
3564 1098 3737 1143 autem

2152 1152 2283 1207 illud
2323 1152 2782 1228 deprehenditur?
2812 1155 3004 1228 Multos
3046 1152 3207 1211 certe
3231 1152 3493 1228 hodieque
3531 1159 3732 1213 inveni-

2151 1239 2291 1300 mus.
2324 1224 2558 1300 qn_i_sola_
2582 1226 2757 1300 lingua
2796 1227 3029 1300 religiosi
3056 1236 3213 1300 sunt;
3245 1229 3369 1283 dum
3394 1224 3488 1292 ,ἰιι
3512 1230 3587 1283 ait
3612 1246 3734 1300 pro-

2150 1293 2495 1371 phet:i,;1\_’on
2522 1293 2696 1371 ﬁdeles
2723 1296 2880 1350 habiti
2900 1293 3025 1371 sunt
3049 1299 3104 1351 in
3132 1308 3421 1354 testamento
3445 1301 3576 1371 ejus.
3606 1293 3735 1354 Cum

2150 1366 2297 1437 enim
2327 1366 2417 1421 Dei
2460 1367 2725 1421 mandatis
2751 1382 2856 1422 non
2902 1368 3145 1435 credant,
3178 1366 3590 1437 comprobantur
3622 1372 3738 1424 nul-

2150 1437 2259 1491 lum
2288 1436 2487 1491 habere
2511 1452 2634 1508 erga
2660 1438 3000 1495 mandantem
3030 1440 3226 1494 bonum
3253 1440 3524 1504 atiectum,
3544 1442 3737 1495 nullam

2151 1508 2570 1579 conscientiam;
2616 1509 2684 1564 de
2724 1509 2916 1579 quibus
2956 1510 3156 1565 Paulus
3189 1511 3433 1573 dicebat,
3491 1510 3651 1565 Deum
3686 1528 3739 1566 se

2152 1578 2457 1652 conﬁtentur
2485 1595 2650 1644 nosse,
2681 1578 2917 1651 operibus
2955 1590 3125 1635 autem
3165 1593 3348 1652 negant
3374 1581 3505 1651 (Tit.
3537 1584 3587 1637 1.
3621 1583 3731 1651 16).

2151 1646 2257 1703 '58.
2274 1646 2395 1718 Ipse
2420 1658 2590 1703 autem
2616 1659 2688 1722 est
2716 1646 3031 1722 misericors,
3060 1662 3107 1705 et
3137 1646 3391 1722 propitius
3411 1656 3507 1706 erit
3534 1646 3739 1721 peccatis

2155 1735 2362 1787 eorum,
2391 1729 2437 1773 et
2482 1736 2581 1774 non
2610 1721 2884 1791 disperdat.
2922 1722 2992 1776 Et
3017 1723 3291 1777 abundabit
3317 1734 3373 1778 ut
3398 1734 3589 1778 avertat
3618 1727 3737 1777 iram

2149 1806 2330 1865 suam,_
2344 1801 2391 1844 et
2411 1793 2770 1865 nouaccendet
2794 1808 2993 1865 omnem
3011 1794 3139 1865 iram
3153 1811 3320 1865 suarm
3344 1793 3604 1865 Propitius
3627 1798 3734 1859 erit,

2155 1861 2531 1929 quandonam?
2551 1863 2809 1918 Futurum
2831 1864 3093 1926 indicans.
3107 1863 3306 1918 Christi
3325 1861 3735 1920 incarnationem

2154 1931 2309 2002 plane
2346 1932 2841 2016 Idesignavitaqnia
2893 1935 3065 2016 ipsum
3114 1936 3271 2016 Pater
3313 1937 3734 2016 propinationem

2154 2004 2388 2077 peccatis
2410 2006 2609 2058 nostris
2624 2004 2776 2077 _misit
2801 2021 2814 2057 :
2844 2005 2933 2077 qui
2957 2020 3123 2075 usque
3148 2005 3284 2060 adeo
3310 2004 3619 2062 misericors
3639 2017 3734 2073 est,

2150 2081 2208 2127 ut
2234 2074 2464 2145 primam
2496 2073 2926 2148 medicationem
2969 2073 3274 2148 hominibus
3307 2079 3548 2148 posuerit
3575 2080 3737 2146 paeni-

2153 2148 2373 2217 tentiam
2406 2166 2419 2202 :
2449 2161 2570 2200 cum
2606 2156 2785 2201 autem
2828 2147 3044 2202 interitu
3074 2147 3289 2217 dignum
3312 2147 3622 2216 ’reperisset
3644 2148 3733 2202 Ju-

2151 2215 2361 2286 daicum
2394 2219 2667 2286 pepuhnn,
2693 2233 2800 2272 non
2829 2215 3165 2286 disperdidit.
3197 2218 3310 2272 Non
3333 2215 3479 2273 enim
3509 2221 3560 2272 in
3588 2220 3734 2273 tinem

2153 2285 2348 2360 delevit
2385 2284 2409 2341 τ’
2438 2284 2623 2360 semen
2672 2296 2852 2343 autem
2881 2284 2959 2343 eis
2989 2289 3192 2343 dimisit
3220 2298 3278 2360 et
3307 2290 3581 2360 reliquias,
3612 2306 3733 2360 apo-

2151 2356 2339 2430 stolos,
2363 2359 2543 2430 qniiex
2586 2374 2769 2430 eorum
2801 2375 3023 2413 numero
3051 2356 3528 2415 erediderantflle
3554 2356 3737 2430 quibus

2153 2427 2315 2482 Isaias
2339 2429 2550 2503 diccbat
2581 2449 2609 2503 ;_
2626 2429 2745 2503 Nisi
2778 2431 3021 2503 Dominus
3043 2431 3271 2485 Sabaoth
3301 2427 3586 2503 reliquisset
3604 2432 3734 2486 nobis

2150 2515 2339 2572 semen,
2384 2500 2532 2569 quasi
2574 2500 2825 2572 Sodoma
2846 2502 3150 2572 fuissemus,
3181 2512 3227 2554 et
3264 2500 3418 2572 quasi
3458 2501 3734 2557 Gomorrlza

2152 2569 2344 2645 similes
2367 2571 2491 2645 facti
2519 2588 2737 2625 essemus
2780 2569 2936 2645 (lani.
2978 2577 3028 2626 1.
3058 2571 3136 2645 9).
3163 2569 3531 2645 blultiplicavit
3569 2575 3733 2645 itaque

2151 2641 2576 2695 misericordiam
2605 2641 2869 2712 su:uu,'et
2889 2642 3007 2709 ideo
3031 2641 3221 2698 avertit
3250 2641 3382 2698 iram
3400 2660 3572 2699 suam.
3600 2641 3733 2712 Quo;

2156 2713 2317 2769 modo
2348 2712 2575 2767 avertit?
2599 2711 2823 2767 Omnem
2855 2715 2982 2767 iram
3015 2730 3165 2768 suam
3193 2731 3295 2767 non
3323 2717 3587 2770 accendit.
3614 2711 3729 2770 Par-

2154 2791 2258 2855 tem
2283 2784 2528 2837 accendit
2554 2792 2610 2839 et
2629 2795 2813 2838 contra
2838 2784 3092 2855 templum
3116 2794 3459 2854 veteremque
3476 2788 3729 2841 civitatem

2154 2853 2392 2928 induxit;
2423 2855 2466 2907 si
2505 2864 2670 2908 totam
2697 2853 3062 2928 accendisset,
3093 2871 3215 2928 eum
3265 2853 3467 2925 tempto
3511 2858 3729 2928 pepqus

2155 2924 2420 2991 periisset,
2452 2933 2505 2978 et
2542 2942 2662 2980 cum
2709 2927 2861 2990 urbe,
2900 2928 3036 2980 utin
3083 2927 3352 2994 Sodomis,
3380 2924 3557 2981 etiam
3582 2924 3730 2993 'regio

2151 3005 2401 3068 corrupta
2434 2996 2641 3068 fuisset.
2672 2996 2755 3052 59.
2795 2995 2862 3050 Et
2892 2996 3185 3052 recordatus
3206 3010 3276 3053 est
3307 3000 3428 3068 quia
3455 3016 3574 3052 caro
3602 3008 3727 3062 sunt,

2151 3066 2363 3135 spiritus
2392 3066 2612 3132 vadens,
2659 3077 2705 3120 et
2742 3084 2842 3121 non
2882 3069 3100 3123 rediens.
3144 3066 3425 3135 Quomodo
3472 3070 3611 3124 Deos
3647 3077 3729 3123 aut

2152 3145 2357 3192 uatqu
2378 3147 2472 3191 aut
2498 3138 2818 3192 inﬁrmitatis
2844 3148 3043 3194 nostra:
3071 3142 3330 3194 rationem
3352 3139 3731 3195 obliviscatur?

2152 3206 2352 3262 Verum
2378 3208 2445 3262 de
2477 3206 2611 3262 Filio
2642 3219 2863 3279 propter
2891 3224 2989 3263 nos
3017 3212 3295 3265 iucarnato
3322 3210 3437 3265 haec
3467 3212 3725 3273 dicuntur,

2151 3281 2241 3352 qui
2273 3293 2377 3333 non
2404 3279 2566 3352 modo
2596 3278 2655 3333 ut
2678 3278 2864 3349 Opifex
2907 3293 3086 3334 nostra
3127 3284 3407 3352 cognovit;
3443 3283 3537 3337 sed
3577 3285 3726 3336 etiam

2153 3351 2490 3420 incarnatus,
2550 3350 2661 3420 ipsa
2706 3352 3035 3420 experientia
3091 3350 3454 3407 inﬁrmitatem
3506 3364 3726 3406 nostram

2150 3419 2374 3487 didicit;
2404 3423 2471 3474 ita
2502 3431 2558 3475 ut
2587 3422 2783 3476 Paulus
2807 3422 2875 3475 de
2908 3423 2998 3477 illo
3027 3421 3168 3476 dicat
3198 3440 3211 3476 :
3246 3421 3357 3477 Etsi
3384 3421 3553 3477 Filius
3589 3433 3725 3488 esset,

2153 3507 2243 3559 per
2268 3508 2327 3546 ea
2345 3507 2458 3563 qua:
2483 3509 2662 3566 passus
2680 3503 2773 3559 est,
2805 3493 2981 3547 didicit
3006 3494 3338 3547 obedientiam
3361 3492 3545 3566 (Hebr.
3568 3494 3621 3548 5.
3646 3492 3726 3562 8);
3809 3541 3815 3550 .

2150 3572 2203 3616 et
2235 3578 2418 3617 rursus
2436 3604 2451 3628 ,
2481 3563 2549 3617 In
2577 3579 2676 3633 quo
2704 3581 2881 3630 passus
2907 3575 2980 3618 est
3017 3566 3129 3634 ipse
3155 3563 3378 3619 tentatus
3389 3606 3402 3625 ,
3436 3575 3593 3633 potest
3618 3575 3721 3617 ten-

2152 3635 2267 3688 tatis
2307 3649 2453 3706 opem
2500 3638 2637 3706 ferre
2664 3634 2848 3706 (Hebr.
2893 3635 2949 3688 2.
2992 3636 3103 3705 I8).
3145 3636 3277 3703 Quia
3326 3637 3490 3705 igitur
3526 3635 3725 3689 Verbum

2155 3720 2275 3759 caro
2305 3705 2507 3775 factum
2527 3714 2598 3759 est
2621 3705 2798 3776 (JOan.
2829 3707 2878 3760 1.
2913 3707 3020 3775 14),
3049 3708 3357 3761 recordatus
3384 3717 3465 3761 est
3488 3709 3723 3777 quoniam

2150 3789 2524 3847 carosnmus;
2552 3777 2603 3830 id
2627 3785 2729 3841 est,
2752 3778 3079 3846 experientia
3102 3779 3351 3847 cognovit
3374 3778 3723 3832 inﬁrmitatem

2150 3846 2328 3901 carnis
2360 3856 2578 3901 nostrae.
2610 3847 2837 3901 Carnem
2867 3855 3046 3903 autem
3071 3846 3223 3902 vocat
3244 3860 3408 3903 totum
3446 3850 3720 3903 hominem.

2154 3917 2384 3989 ideoque
2413 3918 2464 3972 id
2493 3920 2732 3989 protulit,
2771 3917 2998 3987 Spiritus
3039 3919 3258 3985 vadens,
3286 3929 3332 3973 et
3375 3936 3479 3973 non
3515 3920 3719 3972 rediens.

2148 3987 2269 4062 Non
2294 3987 2437 4043 enim
2469 3987 2521 4043 in
2552 3999 2872 4062 pratsentem
2912 3990 3076 4062 vitam
3108 3992 3360 4045 redimus.
3400 3995 3723 4062 Quapropter

2151 4059 2372 4129 vigilare
2398 4068 2644 4129 oportet,
2672 4060 2797 4115 dum
2826 4061 2878 4113 in
2909 4061 2992 4114 via
3030 4061 3353 4125 incedimus,
3389 4062 3442 4115 in
3466 4059 3617 4130 quam
3643 4075 3721 4114 re-

2150 4130 2286 4185 verti
2307 4131 2453 4185 nullo
2474 4131 2632 4186 modo
2659 4146 2960 4201 possumus.
2984 4133 3072 4186 lto.
3096 4130 3302 4199 Quoties
3321 4131 3724 4186 exacerbarernnt

2150 4218 2264 4254 eum
2284 4203 2345 4271 in
2372 4201 2590 4267 deserto,
2612 4203 2667 4255 in
2697 4203 2829 4256 iram
2848 4205 3225 4256 concitaverunt
3247 4218 3363 4256 eum
3382 4205 3433 4256 iu
3457 4201 3723 4271 inaquoso.’

2149 4273 2241 4326 41.
2271 4270 2339 4325 Et
2369 4274 2597 4326 conversi
2616 4282 2754 4337 sunt,
2787 4282 2835 4327 et
2861 4283 3173 4327 tentaverunt
3209 4273 3392 4340 Deum,
3417 4285 3463 4328 et
3493 4270 3721 4329 Sanctum

2150 4342 2319 4398 Israel
2363 4344 2803 4415 exacerbaverant.
2852 4343 3077 4399 Miratur
3131 4345 3403 4415 ingentem
3456 4346 3719 4401 Judaieam

2150 4414 2442 4486 nequitiam
2472 4414 2722 4485 illiusque
2748 4417 2963 4469 modum
2992 4458 3006 4486 ,
3051 4415 3193 4486 quod
3230 4431 3334 4469 non
3379 4417 3551 4471 solum
3592 4428 3720 4486 sepe

2154 4485 2320 4540 Deum
2343 4486 2801 4553 exacerbaverint,
2821 4485 2913 4541 sed
2931 4485 3092 4540 etiam
3118 4488 3169 4540 in
3196 4487 3430 4551 deserto,
3457 4486 3542 4541 ubi
3567 4485 3721 4555 magis

2148 4557 2434 4628 compungi
2461 4566 2514 4611 et
2542 4555 2610 4610 ad
2651 4556 2843 4628 uelum
2891 4557 3163 4626 reSpicere
3207 4570 3301 4626 par
3340 4568 3491 4624 erat,
3523 4558 3720 4628 nemine

2150 4627 2292 4693 illos,
2325 4638 2382 4682 ut
2407 4627 2668 4698 contingit
2694 4627 2755 4698 in
2787 4627 3127 4694 civitatibus,
3164 4628 3470 4697 deeipiente
3515 4638 3604 4682 aut
3642 4627 3717 4680 in-

2148 4711 2397 4764 escante;
2422 4699 2516 4753 sed
2542 4697 2701 4753 etiam
2727 4697 2792 4752 In
2813 4700 3058 4767 inuqnoso
3084 4701 3135 4753 in
3163 4700 3294 4754 iram
3313 4699 3718 4761 concitaverunt,

2150 4779 2466 4839 arroganter
2493 4779 2711 4840 agentes
2740 4770 2826 4840 ubi
2860 4785 2954 4840 par
2982 4780 3101 4825 erat
3136 4785 3249 4831 eos.
3285 4780 3468 4840 utpote
3506 4770 3719 4824 sitibun—

2147 4840 2267 4907 dos,
2290 4841 2522 4895 Immites
2538 4839 2680 4895 esse.
2710 4839 2911 4895 Deinde
2933 4842 3200 4907 conversi,
3221 4856 3325 4895 non
3350 4839 3417 4895 ad
3437 4841 3716 4910 justitiam;

2147 4911 2241 4966 sed
2270 4912 2336 4966 ad
2363 4912 2521 4965 aliam
2565 4911 2861 4981 nequitiam
2898 4912 3062 4966 Deum
3095 4920 3361 4967 tentantes
3401 4912 3718 4981 divertehaut

2149 4982 2463 5053 (amentium
2496 4980 2667 5053 porro
2685 4993 2801 5036 erat
2826 4998 2948 5037 eum
2978 4991 3185 5053 tentare
3209 4984 3296 5052 qui
3322 4980 3712 5053 omniainovit),

2153 5050 2207 5108 et
2241 5050 2686 5108 Sanctum—Israel
2711 5053 3096 5109 exacerbantes
3147 5050 3417 5108 Chi-istum
3443 5052 3630 5107 indicat
3655 5052 3714 5102 de

2146 5139 2251 5194 quo
2276 5123 2439 5179 Isaias
2459 5124 2672 5194 dicebat
2693 5140 2707 5176 :
2732 5122 2826 5178 Cui
2861 5140 2941 5178 me
2976 5125 3295 5180 assimilastis
3328 5166 3343 5190 ,
3367 5134 3414 5178 et
3437 5118 3713 5194 exaltabori

2147 5192 2268 5250 dicit
2295 5193 2597 5268 Sanctust
2605 5195 2702 5268 sai.
2729 5194 2826 5268 40.
2847 5193 2973 5266 25);
2997 5211 3207 5251 crucem
3233 5210 3325 5265 pra
3345 5196 3618 5250 nuntians:
3643 5192 3713 5244 sic

2144 5268 2287 5322 enim
2315 5268 2475 5321 etiam
2504 5264 2748 5337 Christus
2777 5264 2932 5320 illam
2947 5264 3289 5337 signiﬁcavit.

2215 5338 2268 5395 6.
2292 5337 2399 5393 Cur
2417 5345 2598 5392 autem
2617 5337 2669 5391 in
2698 5336 2912 5391 deserto
2933 5333 3039 5392 no'n
3074 5338 3236 5392 modo
3266 5338 3429 5392 Deum
3449 5333 3709 5391 exacerba-

2143 5417 2356 5475 verunt,
2386 5408 2590 5463 scilicet
2614 5407 2826 5462 Patrem
2846 5449 2860 5473 ,
2888 5410 2983 5464 sed
3008 5408 3168 5464 etiam
3199 5409 3450 5463 Sanctum
3478 5408 3625 5462 Israel
3650 5402 3708 5457 ad

2145 5480 2278 5534 iram
2307 5488 2770 5550 provocaverunt,
2803 5494 2995 5549 nempe
3034 5478 3267 5534 Filium?
3297 5482 3550 5545 Quoniam
3575 5487 3707 5547 petra

2143 5548 2394 5604 nimirum
2420 5548 2666 5605 Christus
2686 5549 2806 5604 illus
2833 5548 3175 5620 sequebatur,
3205 5566 3310 5604 non
3332 5550 3605 5620 credebant
3625 5560 3706 5597 au-

2144 5629 2254 5676 tem
2279 5622 2451 5694 ipsum
2473 5635 2536 5676 ex
2559 5629 2707 5694 petra
2727 5618 2922 5694 aquam
2942 5621 3042 5677 sibi
3069 5622 3297 5694 educere
3322 5631 3373 5675 et
3398 5618 3708 5694 suppeditare

2142 5686 2337 5762 posse;
2380 5692 2451 5763 ita
2480 5700 2538 5747 ut
2559 5686 3006 5763 Moyses'diceret
3038 5709 3065 5763 :7
3083 5692 3274 5745 Audite
3301 5707 3415 5763 me,
3440 5686 3706 5763 aereum,

2140 5754 2263 5816 itum
2280 5754 2342 5818 ea:
2365 5762 2461 5817 hac
2477 5773 2619 5833 petra
2638 5754 2822 5832 aquam
2848 5763 2986 5817 vobis
3005 5762 3274 5833 educamus
3293 5760 3373 5832 (Ν
3378 5754 3476 5816 unt.
3499 5754 3706 5833 20.10}!

2145 5827 2488 5904 Quapropter
2520 5827 2823 5906 indignatus
2865 5834 3127 5891 adversus
3163 5827 3456 5891 illos'Deus
3482 5827 3702 5887 diccbat:
