4104 6430
408 410 509 476 7i‘l
864 448 877 471 ι

410 538 542 604 Quia
573 555 672 591 non
702 538 979 592 credidistis
1010 538 1152 603 mihi,
1184 546 1236 590 ut
1282 533 1663 602 smtcti/icaretis
1689 550 1767 588 me
1800 534 1853 587 in
1882 549 2004 587 con-

406 620 576 676 spectu
596 609 816 677 ﬁliorum
833 607 997 662 Israel
1020 607 1305 681 (Nanngo.
1334 605 1440 677 12).
1459 614 1514 681 et_
1523 604 1748 681 reliqua.
1770 606 1858 681 ξε.
1883 604 2001 657 Non

408 674 525 732 sunt
550 674 800 732 recordati
829 694 1007 733 manus
1028 674 1137 749 ejus
1157 718 1172 741 ,
1187 675 1281 749 die
1302 674 1413 749 qud
1424 675 1736 749 rcdemit_eos
1759 674 1822 728 de
1850 690 2005 728 manu

408 750 715 803 tribulantis.
744 749 832 803 45.
865 749 1009 805 Sicut
1048 746 1218 819 posuit
1254 763 1307 801 tn
1341 746 1573 819 gypto
1613 747 1759 815 signa
1793 763 1885 819 sua
1910 787 1925 809 ,
1945 756 2003 819 Aet

411 821 642 891 prodigia
674 838 764 874 sua
798 821 851 874 in
900 816 1076 891 campo
1113 817 1326 891 Taneos.
1375 817 1574 871 Iiurstts
1622 816 1957 891 tuantmtllci
1982 857 2000 881 ,

410 885 617 944 Scilicet
650 891 851 956 Patris,
884 885 1151 945 Christum
1183 889 1301 958 jure
1330 897 1512 951 vocat,
1551 888 1670 957 quia
1706 885 1806 958 Per
1835 886 2002 955 ipsum

409 962 579 1013 omnia
608 962 740 1028 facta
764 969 900 1027 sunt,
929 971 973 1013 et
1001 961 1106 1014 sine
1129 956 1238 1030 ipso
1267 959 1459 1030 factum
1483 967 1553 1012 est
1584 958 1710 1030 nihil
1740 956 1996 1030 (Joan._l.

408 1030 444 1085 5
469 1032 486 1101 )
519 1048 532 1084 :
560 1027 628 1084 ita
659 1042 712 1084 ut
743 1032 878 1084 alius
902 1027 1373 1101 propin-tadicati:
1406 1027 1593 1083 Manus
1617 1027 1759 1101 enim
1794 1027 1998 1101 Domini

408 1098 525 1171 fecit
548 1103 654 1156 lucc
676 1103 843 1155 omnia
868 1099 1017 1172 (Isai.
1046 1101 1136 1172 il.
1155 1100 1270 1169 90).
1301 1100 1415 1154 Non
1445 1098 1864 1172 recordatisunt
1895 1099 1991 1168 igi-

410 1170 514 1233 tur,
535 1173 781 1240 quisnam
801 1170 894 1226 eos
911 1174 985 1226 eri
995 1171 1247 1240 pueritdc
1273 1187 1432 1225 manu
1461 1170 1781 1240 tribulantis,
1807 1183 1998 1238 nempe

413 1242 725 1307 Pharaonis,
761 1258 861 1312 qua
890 1242 977 1296 die
999 1239 1248 1297 exierunt
1276 1259 1288 1294 :
1317 1256 1438 1295 cum
1465 1241 1603 1312 cuca
1635 1239 1865 1294 mediam
1892 1254 1994 1294 no-

405 1323 544 1366 ctem
571 1309 792 1382 irruens
808 1313 1070 1380 percussit
1092 1312 1436 1382 primogenita
1467 1309 1684 1382 Egypti
1709 1313 1870 1382 ,_ipsc
1898 1324 1995 1380 po-

406 1384 513 1437 suit
542 1382 593 1436 in
639 1381 875 1454 Egypto
903 1385 1050 1453 signa
1085 1390 1136 1438 et
1176 1380 1412 1452 prodigia
1442 1382 1493 1435 in
1520 1380 1709 1454 campo
1735 1380 1956 1454 Taneos
1974 1422 1991 1447 ,

404 1454 491 1507 ubi
524 1455 665 1520 regia
706 1451 997 1508 Pharaonis
1024 1461 1138 1507 crat
1172 1470 1184 1506 :
1218 1451 1504 1522 non’quod
1551 1451 1759 1505 Patrem
1801 1464 1864 1505 es
1904 1451 1993 1506 illa

405 1522 764 1593 prodigiorum
794 1526 1104 1593 operatione
1130 1537 1562 1593 sequestremus;
1594 1522 1687 1593 sed
1716 1522 1853 1593 quia
1869 1537 1990 1574 om-

403 1589 490 1647 nia
529 1589 649 1663 qlae
687 1589 845 1649 Patei
869 1605 1135 1664 operatur,
1171 1589 1336 1649 Filius
1367 1593 1614 1647 similiter
1643 1591 1786 1664 facit.
1813 1589 1989 1664 litote-

402 1679 519 1718 rum
546 1661 694 1735 signa
727 1674 881 1720 vocat
906 1661 970 1720 ea
1000 1680 1119 1734 qua:
1146 1664 1440 1719 secundum
1473 1674 1715 1735 naturam
1750 1661 1988 1735 ﬁebant;

400 1736 546 1789 verbi
569 1732 748 1799 causa,
780 1732 1036 1789 locustam
1057 1777 1072 1800 ,
1100 1735 1252 1803 cujus
1283 1746 1483 1789 natura:
1504 1741 1585 1788 est
1612 1732 1812 1787 fructus
1840 1732 1990 1787 labe-

401 1806 637 1870 factare;
686 1806 939 1860 miracula
979 1821 1107 1859 vero
1142 1820 1261 1871 qtae
1294 1820 1455 1874 super
1498 1812 1739 1857 naturam
1767 1845 1782 1870 ,
1818 1803 1990 1873 qualis

398 1886 517 1928 erat
555 1892 682 1929 rana
715 1893 728 1931 :
763 1890 931 1946 neque
960 1877 1102 1929 enim
1133 1875 1185 1929 id
1212 1890 1277 1946 (ἓξ
1317 1884 1508 1946 natura
1534 1874 1726 1939 habet,
1758 1883 1815 1926 ut
1840 1881 1989 1946 extra

397 1944 861 2029 aquanttlisctn-rat
874 1956 926 2001 et
945 1955 1206 2029 pascatur.
1220 1944 1532 2014 Hujusmodi
1546 1946 1671 1998 item
1691 1951 1771 2029 est
1785 1944 1989 2029 grando

399 2017 560 2070 mixta
587 2018 712 2083 igni,
735 2019 926 2071 ﬂuvius
948 2017 998 2070 in
1021 2017 1330 2085 sanguinem
1357 2031 1545 2070 versus
1568 2030 1581 2068 :
1612 2025 1806 2085 printer
1836 2023 1987 2069 natua

398 2100 508 2139 ram
538 2090 678 2140 cnim
714 2088 815 2142 hoc
843 2084 1137 2157 utrumque
1157 2085 1363 2156 signum
1398 2085 1512 2140 fuit.
1539 2087 1627 2140 44.
1659 2084 1726 2138 Et
1747 2086 1988 2140 convertit

394 2172 446 2209 tn
462 2159 753 2227 sanguinem
768 2156 977 2226 ﬂumina
993 2173 1183 2220 eorum,
1198 2166 1244 2211 et
1262 2158 1442 2211 imbres
1458 2173 1648 2221 eorum,
1667 2173 1731 2210 ne
1747 2158 1984 2211 biberent.

396 2226 599 2283 Imbres
628 2240 780 2282 vocat
807 2242 994 2298 aquam
1032 2227 1260 2296 pluviam
1284 2270 1298 2294 ,
1326 2228 1449 2297 quia
1489 2242 1703 2281 onmem
1737 2242 1939 2298 aquam
1965 2267 1982 2293 ,

396 2313 500 2369 non
533 2299 691 2351 tnodo
715 2314 834 2369 quae
858 2297 929 2351 ’in
967 2297 1202 2369 fontibus
1217 2308 1282 2369 Aet
1317 2298 1524 2364 ﬂuviis,
1552 2297 1645 2352 sed
1676 2297 1837 2369 etiam
1866 2308 1983 2367 qua:

396 2368 446 2420 iu
498 2369 652 2440 lignis
695 2366 746 2424 et
788 2371 837 2422 itt
887 2369 1148 2436 lapidibus
1185 2366 1391 2440 Moyses
1420 2410 1434 2433 ,
1480 2369 1700 2435 jubente
1744 2366 1895 2440 Deo,
1930 2369 1981 2440 in

392 2439 702 2509 sanguinem
733 2440 995 2494 convertit
1028 2458 1042 2494 :
1076 2440 1146 2494 ita
1187 2447 1245 2491 ut
1275 2439 1425 2494 Deus
1466 2440 1551 2493 ille
1580 2452 1738 2508 quem
1772 2439 1979 2494 Hebraei

390 2509 701 2575 atlorabant,
726 2526 829 2564 non
856 2510 1187 2578 particularis
1205 2510 1445 2579 quaedam
1471 2511 1700 2577 potentia
1722 2511 1984 2565 sitexisti-

393 2581 619 2635 mundus
646 2622 660 2644 ,
691 2581 783 2635 sed
816 2581 1052 2635 omnium
1080 2581 1467 2636 elementorum
1494 2579 1681 2649 Opilcx
1713 2588 1768 2635 et
1807 2581 1980 2647 Impe-

394 2660 560 2703 rator.
590 2651 830 2706 Gentiles
858 2653 1000 2705 enim
1034 2651 1163 2705 deos
1193 2667 1318 2706 suos
1352 2652 1696 2719 particularcs
1722 2650 1979 2719 quasdam

390 2735 509 2775 esse
562 2723 822 2791 potentias
868 2721 1194 2776 adscribunt.
1241 2721 1407 2791 Hujus
1451 2722 1527 2775 rei
1591 2735 1749 2776 causa
1800 2721 1980 2775 omnia

389 2791 644 2860 deinceps
671 2791 879 2860 opilicla
910 2794 1192 2861 percurrit,
1226 2802 1282 2846 ttt
1309 2792 1581 2861 sequentia
1608 2792 1975 2846 testiﬁcantur.

504 2861 643 2915 Misit
670 2864 721 2915 in
744 2880 825 2915 cos
846 2864 1186 2933 cgttomyiam,
1211 2873 1257 2917 et
1273 2864 1485 2916 comedit
1507 2879 1611 2928 cos,
1639 2871 1684 2916 et
1710 2879 1905 2927 ranam,
1932 2873 1978 2915 et

389 2932 689 3004 disperdidit
719 2950 820 2986 eos.
849 2932 935 2987 46.
968 2932 1041 2987 Et
1061 2934 1197 3004 dedit
1232 2934 1445 3004 wrugini
1473 2933 1889 3004 fructnseorum,
1924 2942 1973 2985 et

389 2992 584 3057 l..bores
619 3020 789 3057 eorum
815 3004 1038 3057 locustte.
1069 3003 1157 3058 47.
1194 2992 1389 3058 Occidit
1418 2992 1747 3058 in'arandine
1779 2992 1975 3056 vincam

387 3089 580 3134 eorum,
610 3082 653 3127 et
683 3088 848 3126 moros
868 3088 1039 3126 eorum
1063 3074 1115 3126 in
1144 3075 1345 3141 pruina.
1378 3072 1466 3129 48.
1498 3072 1564 3126 Et
1591 3073 1797 3126 tradidit
1821 3089 1977 3142 gran-

387 3145 495 3196 dini
513 3146 748 3212 jumenta
771 3158 945 3197 eorum
966 3185 980 3208 ,
1012 3153 1056 3196 et
1080 3146 1439 3213 possessionem
1465 3156 1638 3196 eorum
1668 3144 1791 3213 igni.
1824 3142 1973 3198 Alius

386 3226 463 3283 est
491 3213 573 3268 hic
592 3215 860 3283 signorum
879 3214 931 3267 in
951 3214 1181 3282 {Egypto
1198 3214 1461 3268 editorum
1484 3214 1615 3267 Ordo
1640 3214 1708 3267 ab
1728 3229 1791 3266 eo
1812 3227 1970 3282 quem

382 3280 595 3353 Moyses
621 3280 882 3353 exposuit.
912 3280 1106 3353 Neque
1125 3285 1265 3338 enim
1293 3285 1379 3338 hic
1403 3285 1645 3338 ordinem
1671 3280 1973 3351 curat—pro-

389 3356 545 3421 pheta
571 3371 584 3407 :
616 3355 706 3409 sed
734 3368 925 3423 scoptts
950 3355 1064 3420 ejus
1087 3366 1171 3409 est
1198 3355 1482 3409 ostendere
1502 3355 1767 3409 elementa
1788 3355 1968 3409 omnia

388 3423 480 3477 Dei
507 3425 661 3494 jussu
701 3435 883 3478 contra
918 3425 1247 3479 Pharaonem
1289 3426 1596 3495 pugnantia.
1622 3424 1753 3478 Vide
1774 3433 1968 3495 autem

383 3495 650 3561 quomodo
678 3495 742 3549 ad
769 3495 1002 3566 singulas
1030 3497 1225 3565 plagas,
1253 3494 1377 3566 qua!
1395 3511 1459 3549 ex
1488 3494 1964 3566 ipsisraccit’lerunt,

382 3566 655 3638 speciatim
675 3566 876 3638 tradat.
911 3565 1286 3638 De_cyuomyia
1310 3567 1453 3638 enim
1480 3568 1572 3638 ait,
1598 3565 1823 3638 Contedit
1844 3582 1926 3620 eos
1948 3582 1968 3620 :

381 3636 810 3705 quandoquidem
851 3651 955 3689 non
989 3636 1223 3701 fructus,
1256 3637 1349 3691 sed
1380 3636 1627 3690 homines
1648 3638 1792 3703 ipsos
1814 3636 1965 3690 inva-

382 3704 578 3760 debant
597 3704 699 3761 :de
717 3707 861 3760 ranis
880 3722 1030 3770 vero,
1056 3706 1368 3772 Disperdidit
1388 3722 1491 3759 eos.
1518 3707 1646 3777 Illud
1672 3708 1812 3761 enim
1844 3722 1969 3777 age-

382 3777 542 3840 bant,
573 3792 677 3832 non
715 3778 768 3831 in
807 3777 995 3832 domos
1024 3787 1225 3831 tantum
1252 3819 1266 3841 ,
1296 3779 1391 3832 sed
1428 3778 1589 3831 etiam
1625 3776 1677 3830 in
1722 3776 1965 3832 fornaees

379 3846 738 3916 atlrepeliant,
779 3862 1077 3916 omnesque
1110 3849 1257 3902 cibos
1291 3849 1358 3902 ad
1403 3848 1598 3901 vietum
1630 3847 1965 3902 necessarios

379 3916 700 3986 diripiebant
724 3936 737 3972 :
761 3929 921 3987 atque
948 3918 1032 3970 illa
1063 3920 1266 3972 ratione
1285 3934 1411 3973 vere
1430 3917 1829 3986 disperdebant.
1857 3918 1964 3974 Sed

379 3997 433 4039 et
479 3989 768 4043 morientes
815 4003 959 4041 rante
1000 3997 1196 4043 terram
1231 3996 1368 4043 tetro
1406 3990 1571 4042 odore
1616 3987 1960 4055 iuliciebant,

381 4057 608 4129 hincque
636 4058 783 4113 Iabes
810 4072 1022 4112 rursum
1049 4074 1114 4113 ex
1145 4058 1333 4113 lictore
1362 4059 1694 4129 gignebatur.
1730 4059 1963 4114 Labores

400 4143 540 4199 porro
583 4127 890 4198 fructusque
937 4144 1121 4183 eorum
1154 4172 1167 4194 ,
1222 4127 1439 4184 locustae
1484 4138 1538 4181 et
1586 4131 1804 4199 aerugini
1853 4130 1961 4184 dati

401 4198 862 4270 uissedicuntur,
910 4199 1030 4270 quia
1071 4198 1260 4255 horum
1301 4201 1564 4268 pernicies
1598 4198 1798 4254 fructus
1843 4209 1961 4255 tan-

380 4278 487 4342 tum
519 4269 1168 4342 nihilquealiudinvadit.
1191 4270 1501 4342 Erugiuem
1528 4271 1747 4325 audiens
1775 4286 1842 4326 ne
1863 4274 1964 4324 mi-

379 4340 511 4412 reris
534 4379 550 4404 ,
573 4340 714 4412 quod
750 4340 838 4394 illa
881 4340 1018 4395 inter
1048 4341 1229 4412 plagas
1263 4357 1292 4394 a
1331 4340 1510 4412 Moyse
1537 4343 1828 4396 recensitos
1855 4358 1959 4397 non

374 4408 551 4481 jaceat
579 4408 601 4462 :7
624 4411 869 4481 exiguum
908 4419 963 4464 et
1001 4408 1312 4466 vilissimum
1343 4408 1664 4466 locustarum
1691 4428 1856 4480 genus
1882 4413 1962 4468 di-

377 4479 449 4552 cit
475 4496 495 4552 :_
521 4479 866 4552 quamobrem
896 4482 1085 4550 Aquila
1111 4481 1369 4535 Brucbum
1394 4497 1490 4552 pro
1516 4479 1739 4552 cerugine
1764 4489 1959 4550 posuit.

290 4572 295 4577 ο
379 4546 566 4622 Γωὺᾴ
585 4559 761 4605 autem
790 4550 919 4605 dicit
946 4546 1153 4605 vineam
1183 4568 1210 4604 a
1237 4546 1496 4622 grandine
1524 4546 1801 4606 occisam':
1837 4569 1958 4608 nam

379 4619 464 4675 illa
492 4621 625 4675 solet
656 4631 709 4676 et
733 4622 933 4674 fructus
958 4633 1012 4677 et
1033 4619 1275 4691 palmites
1297 4624 1411 4691 ejus
1440 4622 1779 4677 labefactare.
1811 4622 1961 4678 Insu-

378 4705 579 4765 perque
605 4706 785 4745 moros
819 4693 1010 4765 pruina
1036 4693 1159 4765 quia
1191 4692 1307 4747 haec
1327 4696 1486 4746 arbor
1508 4694 1806 4765 Alrignsnon
1833 4709 1957 4748 sus-

378 4764 543 4827 tinet,
572 4763 899 4832 quapropter
938 4777 989 4814 tn
1030 4764 1165 4817 locis
1201 4771 1402 4817 tantum
1442 4763 1782 4818 calidioribus
1820 4766 1961 4820 solet

374 4832 518 4912 gigni
546 4840 599 4886 et
627 4832 695 4884 ali
721 4848 735 4886 :
766 4832 1006 4899 pruinam
1029 4847 1156 4912 vero
1181 4832 1441 4912 elﬁciebat
1466 4833 1690 4903 grando.
1715 4833 1954 4912 Ad_b_:ec,

376 4904 551 4973 ignem
582 4912 760 4970 postea
794 4904 1143 4973 memoravit:
1172 4904 1410 4972 dixitque
1446 4913 1760 4973 consumpta
1800 4904 1960 4960 fuisse

369 4972 610 5045 jumenta
640 4972 896 5045 grandine
922 5014 935 5045 ,
966 4982 1015 5027 et
1056 4976 1447 5042 possessionem
1478 4972 1802 5045 eorum'igni
1832 4991 1845 5027 :
1879 4976 1961 5029 ni—

375 5044 569 5116 mirum
603 5052 756 5097 terra:
785 5042 1030 5116 divitias;
1065 5045 1188 5116 illud
1216 5046 1359 5098 enim
1397 5042 1748 5116 substantiam
1778 5047 1962 5116 appel-

374 5113 503 5168 lavit
525 5132 538 5168 :
564 5128 754 5185 nempe
769 5112 1027 5181 grandine
1043 5124 1097 5169 et
1122 5115 1239 5180 igne
1266 5116 1314 5169 di
1346 5115 1705 5181 currentibus,
1733 5125 1787 5170 et
1814 5112 1961 5185 plan-

376 5185 443 5239 tis
481 5183 727 5240 omnibus
751 5186 1081 5253 consumptis
1106 5188 1602 5255 corrumpebantur,
1632 5198 1682 5239 et
1712 5183 1827 5240 erat
1854 5189 1957 5240 mi-

374 5256 611 5310 raculum
639 5269 702 5308 ea
738 5256 804 5308 de
830 5252 989 5308 causa
1022 5252 1401 5325 prodigiosum.
1436 5252 1555 5320 ig'ne
1594 5259 1645 5310 in
1682 5271 1818 5327 aqua
1848 5257 1961 5313 dis-

373 5335 640 5380 currente.

443 5397 495 5449 7.
526 5394 605 5466 Tu
633 5410 759 5447 vero
781 5394 1047 5454 virtutem.
1085 5396 1380 5451 claritatem
1403 5405 1456 5450 et
1488 5397 1801 5450 brevitatem
1831 5412 1951 5466 pro-

373 5465 568 5535 phetiei
599 5466 720 5519 dicti
766 5466 1113 5521 Cttttsidet'atts
1134 5510 1146 5531 ,
1184 5469 1449 5520 admirare
1478 5466 1705 5534 Spiritus
1747 5465 1957 5536 sapien-

373 5541 500 5591 tiam
519 5552 542 5608 :_
559 5536 669 5608 sola
693 5536 884 5608 quippe
912 5547 1208 5604 opportune
1237 5539 1485 5608 loquitur.
1519 5538 1609 5591 49.
1645 5538 1783 5591 Misit
1806 5542 1856 5591 iu
1875 5555 1958 5591 eos

371 5608 501 5680 iram
521 5606 886 5680 indignationis
928 5622 1052 5680 sum,
1091 5606 1507 5680 indignationem,
1547 5618 1594 5680 et
1622 5609 1771 5672 iram,
1794 5620 1839 5662 et
1864 5614 1955 5661 tri-

373 5677 700 5741 bulationem,
737 5676 1093 5748 immissionem
1121 5676 1219 5746 per'
1247 5680 1453 5748 angelos
1494 5679 1655 5732 malos
1684 5693 1703 5731 :
1726 5695 1830 5732 non
1860 5695 1958 5732 tta-

373 5757 507 5809 tnra,
536 5760 705 5817 neque
729 5747 998 5817 proposito
1027 5750 1198 5803 malos
1227 5766 1240 5803 :
1276 5747 1447 5817 neque
1474 5752 1614 5802 enim
1648 5749 1839 5802 talibus
1860 5764 1957 5801 an-

373 5818 504 5885 gelis
536 5816 675 5870 Deus
694 5815 760 5869 ad
786 5816 1140 5872 ministerium
1159 5822 1322 5873 utitur
1350 5815 1373 5871 ί
1394 5820 1487 5872 sed
1515 5820 1684 5874 malos
1730 5830 1956 5885 vocavit,

372 5889 493 5956 quia
523 5887 661 5943 mala
682 5896 736 5943 ct
755 5901 1020 5944 wramnas
1038 5887 1172 5961 jussi
1190 5888 1509 5945 inferebant.
1530 5890 1791 5963 Quocirca
1814 5891 1957 5945 diem

1686 417 1747 474 IN
1788 410 2108 476 PSALMUM
2147 419 2408 481 LXXVII.

3616 420 3719 474 738

2110 533 2316 602 judit-ii,
2345 542 2527 603 utpote
2559 536 2925 603 peccatoribus
2953 536 3087 591 mala
3114 547 3169 593 et
3192 538 3359 593 tristia
3391 538 3557 594 multa
3577 541 3708 595 all'eo

2116 598 2344 678 rentent,
2368 598 2461 657 Ine
2487 598 2600 673 ipse
2631 607 2902 673 psaltnista
2946 608 3140 662 ntalam
3173 620 3327 664 vocat.
3357 627 3369 662 :
3398 607 3584 663 Beatus
3621 611 3711 678 qui

2109 673 2347 743 intelligit
2392 690 2543 795 ειπερ·
2585 692 2790 743 cqcnuut
2823 688 2869 729 et
2898 689 3189 748 pauperem,
3220 680 3269 732 in
3292 680 3376 733 die
3419 680 3556 733 mala
3584 673 3707 735 libe-

2109 745 2235 795 ravit
2277 757 2390 795 eum
2488 745 2683 795 ominus
2710 745 2879 795 tI’sttI.
2909 749 2998 795 Ml.
3020 748 3096 795 Ξῖ.
3135 748 3273 795 Iram
3303 761 3349 795 at
3389 750 3705 795 indimtarin.

2108 745 2235 796 ravit
2277 757 2390 797 eum
2436 745 2683 799 Dominus
2710 745 3096 820 tl’sal._40."2).
3132 748 3273 801 Iram
3303 761 3349 803 et
3389 750 3705 820 indignatio-

2106 827 2221 889 nem
2253 828 2272 889 ς
2301 828 2616 889 rursumque
2657 827 2836 889 postea
2886 817 3293 889 Indignationent
3316 829 3362 872 et
3393 817 3521 873 iram
3541 831 3586 874 et
3613 820 3707 875 tri.

2107 882 2413 938 bulationem
2437 885 2487 938 in
2519 882 2601 939 bis
2626 887 2869 942 versibus
2898 882 3286 944 cuuimeumrat
3319 910 3332 944 :
3364 906 3468 943 non
3489 891 3697 946 diversa

2106 953 2312 1025 dicens,
2357 970 2527 1025 neque
2564 965 2762 1011 lcmere
2804 957 3020 1011 easdem
3068 959 3333 1016 dictiones
3383 962 3698 1025 revolvens;

2104 1024 2199 1102 sed
2252 1024 2457 1102 divinas;
2489 1028 2862 1102 commotionis
2905 1028 3294 1102 vehementiam
3344 1040 3400 1086 et
3441 1024 3700 1102 frequen;

2102 1095 2236 1148 tiam
2266 1097 2572 1170 etutntians.
2603 1096 2700 1170 50_.
2735 1096 2885 1170 Viam
2923 1100 3039 1170 fecit
3075 1101 3267 1155 semine
3306 1102 3397 1156 ira:
3422 1095 3555 1157 cute:
3579 1102 3700 1170 Quo

2104 1166 2296 1234 pacto?
2321 1166 2636 1242 Patientiam
2663 1167 2884 1233 habens,
2915 1166 2969 1222 et
2995 1168 3247 1242 diuturno
3289 1181 3530 1242 tempore
3558 1166 3690 1229 tole-

2104 1250 2232 1309 rans
2262 1250 2356 1309 eos
2403 1238 2494 1309 qui
2538 1238 2791 1294 ultionem
2842 1240 3121 1309 excepturi
3166 1250 3354 1306 erant;
3401 1238 3695 1298 secandum

2101 1305 2230 1379 illud
2259 1307 2401 1379 enim
2423 1305 2580 1361 'Viam
2625 1309 2743 1379 fecit
2780 1305 3100 1365 semitte'iraz
3131 1327 3237 1366 sua:
3265 1328 3285 1366 :
3313 1305 3602 1368 obstendens
3631 1330 3691 1369 se

2100 1376 2248 1453 illam
2284 1377 2438 1453 _just_e
2475 1387 2529 1433 et
2560 1376 2634 1453 _i_t_t'
2670 1390 2908 1453 tempore
2949 1396 3047 1453 suo
3088 1382 3375 1437 immittere
3401 1384 3452 1435 in
3481 1399 3574 1439 eos
3602 1386 3693 1453 qui

2100 1449 2297 1524 corrigi
2328 1449 2533 1503 nolunt.
2559 1449 2690 1524 Illud
2710 1451 2852 1503 enim
2879 1452 3230 1524 testiﬁcantur
3249 1470 3309 1506 ea
3327 1469 3445 1523 qua‘
3470 1449 3696 1524 sequun-

2101 1526 2207 1570 tur.
2242 1517 2365 1572 Non
2387 1520 2606 1589 pepercit
2629 1537 2660 1572 a
2685 1531 2844 1574 morte
2872 1522 3137 1576 animabus
3166 1517 3360 1577 eorum:
3386 1524 3519 1577 Dicit
3548 1517 3691 1580 enim

2100 1603 2257 1656 quam
2284 1590 2352 1644 ob
2375 1606 2589 1644 causam
2631 1605 2736 1644 non
2788 1594 3083 1660 pepercerit
3117 1611 3128 1645 :
3161 1609 3222 1647 ca
3251 1607 3367 1647 erat
3407 1609 3554 1648 mors
3579 1596 3694 1649 ani-

2099 1673 2305 1714 marum
2334 1661 2591 1732 ipsorum,
2619 1671 3153 1732 netnpeﬂpeccatum.
3196 1664 3379 1716 Anima
3403 1666 3544 1719 enim
3579 1682 3693 1732 qua:

2098 1731 2389 1797 peccaverit,
2409 1732 2519 1800 ipsa
2533 1731 2989 1803 utorietut-(Ezech.
3011 1733 3094 1803 IS.
3117 1735 3223 1803 ll);
3243 1744 3294 1787 cl
3309 1731 3599 1797 rursum,M
3608 1754 3692 1790 ors

2098 1811 2416 1874 peccatorum
2464 1803 2678 1874 pessima
2699 1801 2875 1874 ,(Psal.
2898 1804 2984 1858 55.
3017 1802 3134 1873 9.2).
3167 1801 3288 1859 Ideo
3313 1820 3440 1874 ergo
3465 1820 3567 1858 u0n
3594 1823 3686 1874 pe-

2096 1870 2266 1943 percit
2294 1889 2307 1924 :
2334 1873 2407 1925 illi
2435 1870 2575 1943 enim
2620 1870 2722 1940 qui
2757 1872 2856 1925 sibi
2889 1874 3015 1942 ipsis
3046 1870 3148 1928 neu
3192 1870 3559 1943 pepercerunt,
3591 1870 3686 1931 sed

2093 1941 2300 1996 animas
2342 1957 2467 1996 suas
2487 1942 2553 1997 ad
2580 1952 2810 1997 mortem
2859 1941 3210 2010 tradiderunt,
3257 1941 3562 2000 necessario
3594 1963 3685 2002 vc-

2094 2012 2236 2085 niam
2268 2028 2370 2066 non
2399 2023 2521 2085 sunt
2569 2015 2905 2085 cotheqttuti.
2930 2016 3067 2085 llum
3096 2016 3271 2084 itaque
3309 2015 3430 2084 jure
3462 2032 3565 2070 non
3596 2034 3687 2085 pe-

2095 2082 2372 2155 percisset,
2399 2084 2660 2155 videquid
2684 2085 2893 2138 inferat.
2916 2083 2982 2137 Et
2993 2082 3227 2155 jumenta
3255 2082 3425 2138 eorum
3451 2086 3502 2139 in
3526 2082 3687 2142 morte

2092 2153 2355 2226 conclusit.
2387 2156 2477 2209 51.
2508 2154 2574 2226 Et
2595 2156 2836 2223 percussit
2868 2153 3014 2208 omne
3055 2155 3439 2226 primogenitum
3471 2157 3522 2210 itt
3550 2168 3685 2211 terra

2091 2220 2333 2295 @gypli,
2366 2220 2615 2295 primitias
2655 2226 2818 2278 omnis
2856 2220 3239 2279 laboris'eoruni
3267 2228 3321 2279 in
3346 2225 3680 2282 tabernaculis

2091 2291 2272 2365 Citam.
2319 2291 2482 2350 Multa
2532 2296 2674 2350 Deus
2703 2295 2753 2349 in
2784 2311 2879 2349 eos
2901 2297 2989 2365 qui
3038 2297 3281 2364 castigati
3327 2305 3454 2351 Sttlll
3499 2298 3678 2353 indul-

2088 2362 2264 2437 gentia
2292 2380 2420 2437 usus
2448 2374 2559 2437 est,
2583 2381 2612 2418 a
2637 2362 2932 2419 minoribus
2961 2362 3241 2436 incipiens,
3286 2368 3352 2420 ita
3377 2376 3434 2419 ttt
3469 2370 3682 2437 sapien-

2091 2434 2252 2508 ti_ores
2283 2434 2429 2508 lacti,
2460 2436 2661 2506 majora
2708 2434 3081 2508 lucrarentur.
3113 2438 3238 2492 Ideo
3262 2437 3501 2505 jumenta
3536 2434 3681 2508 prius

2087 2501 2462 2575 Egyptioruin
2506 2501 2560 2560 in
2599 2517 2774 2561 morte
2821 2506 3089 2562 conclusit
3131 2525 3145 2561 :
3195 2501 3315 2561 cuiu
3361 2501 3551 2562 autem'
3585 2525 3682 2564 eos

2088 2575 2236 2649 nullo
2258 2577 2398 2649 allici
2423 2592 2587 2632 sensu
2614 2576 3068 2649 deprehenderet,
3104 2578 3368 2647 percussit
3406 2578 3678 2649 primoge-

2087 2645 2220 2717 nita.
2255 2646 2396 2701 Sane
2443 2648 2917 2717 primogenitorum
2969 2645 3176 2717 plagam
3223 2664 3327 2703 non
3358 2645 3676 2715 induxisset,

2085 2714 2129 2789 si
2159 2726 2331 2771 morte
2366 2714 2730 2789 jutitcntofum
2774 2714 3124 2786 sapientiorEs
3149 2716 3272 2772 facti
3315 2714 3676 2789 evigilassent.

2088 2784 2128 2839 E
2163 2803 2221 2840 re
2264 2784 2441 2843 autetn
2493 2784 2850 2858 primogenita
2890 2803 3075 2842 cormn
3121 2789 3383 2857 primitias
3404 2784 3673 2845 'Iaburunt

2085 2859 2325 2923 vocavit,
2370 2870 2425 2912 ιιι
2468 2859 2518 2913 in
2565 2860 2875 2912 memoriam
2923 2870 3199 2913 revocaret
3242 2859 3673 2916 maledictiouem

2082 2926 2338 2999 adversus
2383 2929 2548 2983 Evam
2593 2929 2939 2997 perscriptatn
2973 2948 2986 2981 :
3020 2927 3086 2982 In
3120 2929 3377 2984 doloribus
3419 2930 3586 2999 paries
3611 2933 3672 2999 ﬁ-

2080 2996 2181 3069 lios
2206 2997 2356 3065 (Gen.
2384 3000 2437 3053 '5.
2472 3000 2584 3068 Ili);
2616 2996 2821 3069 plagam
2849 3014 2973 3053 vero
3000 2996 3471 3069 primogeuitorum
3508 2996 3671 3057 l'ttis'sc

2080 3065 2209 3120 dicit
2236 3070 2287 3121 in
2318 3065 2673 3123 tabernacltlis
2707 3065 2902 3123 Citam.
2940 3065 3138 3124 Domus
3177 3065 3318 3123 enim
3346 3080 3401 3125 et
3429 3070 3673 3125 taberna-

2078 3138 2194 3209 cula
2226 3138 2389 3193 Cltam
2417 3137 2789 3209 Aigyptiorutn
2815 3148 2952 3192 terra
2978 3140 3099 3208 jure
3119 3139 3409 3205 dicebatur,
3439 3157 3544 3194 non
3584 3157 3671 3195 so-

2079 3206 2186 3282 lutn
2235 3211 2357 3279 quia
2398 3206 2575 3264 Cinna
2618 3218 2776 3282 pater
2806 3221 2924 3282 erat
2969 3206 3214 3282 Mesraim
3240 3253 3255 3277 ,
3286 3227 3314 3263 a
3346 3227 3451 3281 quo
3499 3212 3671 3282 Aigy-

2077 3280 2305 3347 ptiorum
2336 3294 2505 3350 genus
2543 3291 2716 3333 ortum
2746 3280 2996 3345 ducebat,
3027 3281 3119 3335 sed
3147 3281 3307 3336 etiam
3350 3282 3472 3351 quia
3523 3280 3663 3337 illius

2077 3351 2367 3419 nequitiam
2414 3351 2778 3405 imitabantur.
2811 3351 2900 3407 5‘2.
2935 3350 2999 3404 Et
3020 3351 3225 3405 abstulit
3269 3350 3400 3406 sicut
3436 3369 3551 3406 oves
3578 3371 3668 3421 po-

2075 3421 2251 3495 pttlum
2265 3438 2436 3495 suum,
2460 3432 2505 3495 et
2522 3423 2755 3492 perduxit
2780 3439 2863 3476 eos
2878 3432 3135 3495 tamquam
3151 3439 3349 3495 gregem
3362 3423 3422 3495 in
3445 3424 3659 3479 deserto.

2077 3492 2213 3562 Erga
2261 3492 2465 3557 hostes,
2495 3493 2679 3562 inquit,
2704 3508 2769 3547 co
2794 3493 2953 3547 modo
2993 3509 3099 3563 quo
3137 3492 3295 3563 supra
3342 3494 3543 3548 dictum
3585 3505 3667 3550 est

2070 3563 2331 3631 638855“,
2361 3563 2613 3632 papulum
2650 3579 2775 3617 vero
2803 3579 2957 3617 suum
3000 3564 3216 3619 abstulit
3244 3564 3379 3619 sicut
3421 3579 3569 3631 oves,
3611 3575 3667 3622 et

2074 3634 2389 3703 pcrduxitin
2410 3635 2646 3700 deserto,
2672 3634 2821 3703 quasi
2849 3634 2988 3688 ovile
3015 3634 3216 3688 scilicet
3240 3634 3411 3703 ipsum
3440 3634 3662 3700 ducens,

2073 3702 2264 3772 pascua
2296 3704 2394 3773 ipsi
2414 3703 2684 3775 prtebcns,
2705 3702 2883 3757 aleris
2917 3705 3167 3772 eripiens,
3201 3705 3372 3775 ﬁstula
3396 3705 3446 3757 in
3473 3720 3665 3775 agmen

2072 3775 2362 3843 redigcns,
2407 3774 2598 3828 baculo
2640 3784 2882 3829 errantes
2925 3775 3214 3846 reducens.
3253 3774 3379 3829 llaec
3416 3786 3486 3846 et,
3510 3774 3661 3846 plura

2069 3859 2257 3914 greges
2281 3853 2334 3897 et
2358 3858 2485 3898 oves
2522 3859 2949 3898 commemorans
2984 3845 3319 3915 signiﬁcavit.
3346 3846 3433 3901 53.
3470 3845 3533 3898 Et
3563 3847 3661 3899 du-

2067 3917 2143 3969 xit
2171 3931 2255 3969 eos
2282 3916 2334 3968 in
2358 3931 2466 3985 spe,
2492 3924 2537 3968 et
2560 3931 2660 3968 non
2694 3917 2988 3980 timuerunt,
3014 3926 3058 3970 et
3084 3916 3312 3969 inimicos
3338 3932 3512 3969 eorum
3542 3934 3661 3985 ope—

2068 3987 2170 4039 ruit
2200 4000 2355 4038 mare.
2383 3985 2437 4038 In
2459 4000 2568 4056 Aqua
2596 3985 2723 4054 spe?
2749 3987 2803 4040 In
2831 3986 3184 4056 promissione
3219 3987 3465 4039 nimirum
3499 4001 3531 4056 p
3552 3989 3663 4040 .tri-

2068 4056 2170 4111 bus
2217 4071 2403 4110 eorum
2449 4054 2617 4120 facta;
2649 4054 2849 4125 nempe
2882 4058 3186 4111 Abrahamo
3215 4073 3230 4111 :
3265 4054 3660 4111 Sciendoscins

2067 4126 2313 4180 advenam
2333 4127 2441 4197 {ore
2473 4142 2640 4180 semen
2682 4136 2821 4180 tuum
2843 4127 2896 4180 in
2927 4136 3059 4180 terra
3088 4143 3189 4180 non
3214 4144 3328 4190 sua,
3356 4137 3402 4181 et
3428 4130 3661 4182 servitute

2067 4199 2352 4266 appriment
2379 4199 2546 4268 ipsum
2572 4206 2619 4251 et
2658 4198 2875 4268 a/jligcnt
2901 4207 2947 4251 et
2979 4197 3315 4252 Itumiliabunt
3355 4199 3501 4252 annis
3530 4215 3659 4268 qua-

2066 4265 2369 4340 dringentis.
2394 4265 2601 4340 (lentem
2642 4265 2809 4322 autem
2847 4269 2928 4321 cui
2953 4269 3166 4340 servient
3204 4268 3448 4340 judicabo
3475 4265 3586 4340 ego,
3609 4280 3656 4323 rt

2066 4337 2383 4409 egredientur
2420 4338 2539 4392 inde
2572 4354 2689 4391 cum
2736 4338 3043 4409 supellectile
3082 4340 3239 4392 multa
3261 4337 3410 4408 (Gen.
3442 4337 3529 4394 I5.
3566 4341 3652 4393 I5.

2068 4408 2177 4480 14).
2216 4409 2503 4480 Ηειοὶεἰιυι·
2531 4424 2627 4478 spe
2647 4408 2925 4463 ducti’non
2951 4409 3239 4480 timuerunt
3267 4426 3386 4463 cum
3412 4408 3652 4463 Rubrum

2067 4479 2217 4534 mare
2244 4479 2467 4549 pedibus
2505 4481 2814 4543 transirent,
2845 4479 2985 4548 quod
3037 4480 3280 4549 inimicos
3308 4494 3494 4549 eorum
3521 4490 3654 4547 ope:

2066 4552 2193 4615 ruit,
2221 4548 2276 4604 et
2300 4566 2433 4618 aqua
2476 4564 2757 4604 recurrens
2796 4550 3096 4616 sepulcrum
3124 4548 3387 4620 Egyptiis
3414 4548 3535 4604 fuit.
3561 4551 3652 4605 54.

2068 4621 2136 4673 Ει
2160 4620 2360 4674 induxit
2387 4636 2470 4674 eos
2493 4621 2547 4673 in
2572 4629 2791 4673 montem
2828 4621 3241 4690 sanctiﬁcationis
3263 4636 3402 4686 suae,
3434 4633 3651 4674 montem

2068 4691 2199 4742 hunc
2218 4706 2362 4759 quem
2397 4690 2656 4760 acquisivit
2691 4690 2895 4745 dextera
2917 4692 3048 4759 ejus.
3086 4689 3317 4745 Montem
3355 4693 3655 4746 sanctiﬁca-

2068 4761 2228 4815 tionis
2272 4761 2570 4815 lerusalem
2599 4771 2771 4822 vocat,
2798 4776 2901 4814 non
2952 4770 3153 4815 tantum
3186 4763 3307 4831 quia
3337 4764 3483 4831 prius
3510 4763 3560 4816 in
3589 4779 3651 4817 ea

2069 4831 2322 4885 habitavit.
2342 4831 2714 4897 sanctiﬁcatio,
2743 4831 2950 4887 scilicet
2969 4848 3115 4898 arca,
3144 4841 3398 4902 quantum
3436 4843 3654 4902 propter

2065 4902 2351 4956 secundam
2381 4917 2580 4964 arcam,
2604 4917 2820 4957 carnem
2851 4903 3054 4958 scilicet
3073 4903 3298 4956 Domini.
3318 4902 3441 4957 lIa-c
3467 4918 3654 4958 revera

2066 4974 2415 5043 sanctiﬁcatio
2465 4981 2634 5038 erat;
2679 4973 3026 5042 quamobrem
3083 4974 3366 5043 acquisitio
3414 4974 3652 5029 dexterte

2064 5042 2259 5097 Christi
2287 5053 2468 5097 vocata
2495 5053 2578 5099 est
2602 5060 2617 5098 :
2642 5043 2919 5114 acquisivit
2940 5053 3114 5097 autcttt
3149 5045 3292 5098 illam
3320 5060 3424 5097 non
3463 5050 3648 5110 armis,

2066 5115 2161 5167 sed
2207 5114 2476 5168 miraculis
2521 5130 2618 5184 pro
2670 5114 2821 5169 nobis
2859 5114 3051 5178 editis,
3102 5124 3157 5168 et
3198 5114 3541 5169 cruciatibus.
3586 5115 3648 5168 lit

2065 5185 2208 5251 eiecit
2234 5201 2265 5237 a
2288 5186 2416 5254 facie
2442 5196 2894 5256 eorutnigentes,‘et
2917 5199 3050 5238 sorte
3079 5185 3247 5238 divisit
3267 5185 3402 5238 eisin
3422 5185 3649 5256 funiculo

2065 5252 2450 5308 dtstribuiionis.
2476 5254 2564 5310 55.
2609 5255 2674 5308 Et
2720 5252 2943 5308 habitare
2970 5257 3085 5326 fecit
3122 5258 3173 5308 in
3201 5252 3536 5309 tabernaculis
3561 5266 3649 5309 eo-
3682 5296 3687 5301 .

2065 5342 2175 5378 rum
2197 5326 2350 5378 tribus
2378 5325 2558 5378 Israel.

2138 5396 2190 5449 8.
2237 5397 2534 5465 Exprobrat
2575 5395 2880 5449 Judu'ortun
2914 5396 3140 5463 populo,
3173 5398 3311 5465 quod
3367 5398 3526 5451 tantis
3555 5396 3651 5451 db-

2068 5470 2171 5518 nati
2204 5467 2375 5531 bouis,
2409 5469 2475 5519 ita
2503 5478 2558 5520 ut
2581 5466 2740 5538 etiam
2772 5466 3121 5538 hereditatem
3168 5471 3394 5521 aiicnatn
3436 5468 3651 5538 accipe-

2067 5547 2202 5599 reut,
2222 5548 2275 5589 et
2303 5552 2421 5590 cum
2444 5536 2746 5606 (equalitate
2784 5532 2950 5590 multa
2981 5538 3281 5592 distributio
3308 5541 3440 5593 facta
3485 5532 3650 5603 esset,

2070 5608 2176 5659 Deo
2205 5607 2508 5661 declarante
2545 5622 2605 5661 se
2650 5608 2788 5661 sicut
2830 5619 3033 5675 patrem
3074 5625 3194 5662 cmn
3237 5609 3378 5675 litiis,
3426 5610 3497 5664 ita
3527 5616 3650 5665 cum

2068 5677 2262 5731 Istat-le
2305 5691 2501 5747 agere,
2554 5677 2782 5746 idecque
2818 5692 2939 5731 cum
2989 5678 3228 5733 funiculo
3286 5680 3478 5733 iactam
3529 5694 3653 5735 βεδε

2064 5756 2287 5812 sortem,
2317 5759 2376 5802 ttt
2406 5748 2660 5816 majorem
2691 5757 2893 5816 partem
2925 5748 3134 5817 majori,
3168 5751 3425 5804 minorem
3458 5752 3651 5806 minori

2066 5830 2290 5876 numero
2314 5827 2591 5880 statueret.
2620 5828 2678 5873 ut
2708 5819 2866 5888 majm
2908 5819 3076 5872 tribus
3124 5820 3384 5875 minorem
3423 5836 3649 5889 supera-

2070 5899 2150 5946 rct
2179 5907 2192 5947 :
2224 5898 2454 5947 attamen
2487 5904 2658 5961 neque
2699 5889 2986 5960 ejectarum
3010 5891 3286 5960 gentium.
3330 5907 3507 5961 neque
3548 5893 3649 5960 eji-
