4104 6418
356 336 456 391 ’121

350 452 501 520 apud
523 451 666 505 illam
691 464 846 506 mons
873 448 1023 516 Sion,
1053 464 1209 519 quem
1236 449 1414 519 utique
1438 446 1641 520 dilexit.
1673 448 1950 520 Quomodo

352 518 410 574 si
433 522 552 602 quis
599 522 766 602 Delum
807 518 1230 602 specitnletur,mis
1280 518 1786 602 Si’on‘Oappellatur?
1813 518 1945 586 Quia

358 592 638 657 speculam
661 592 787 646 Sion
819 589 1095 660 signiﬁcat.
1128 592 1183 646 Si
1224 605 1351 645 vero
1380 590 1596 646 Sionem
1628 589 1804 644 locum
1828 603 1950 660 esse

363 663 582 727 dixeris,
632 676 736 714 non
792 659 931 717 hunc
966 662 1228 730 scripsere
1269 660 1514 715 Mieltmas
1555 669 1633 730 et,
1659 660 1817 730 Isaias
1855 659 1947 730 qui

357 731 545 803 dicunt
574 751 605 803 :_
623 731 750 803 Sion
780 742 835 785 ut
861 748 981 803 ager
1017 726 1241 786 arabitur
1270 731 1290 803 (
1314 730 1473 803 Miclt.
1492 731 1548 803 5.
1583 728 1820 803 12ξῃ1σζ.
1852 726 1942 783 26.

358 802 453 871 18)
476 819 490 866 ;
516 801 609 855 sed
638 802 706 856 dc
730 799 912 857 monte
950 812 1133 857 nostro
1176 799 1337 870 quem
1365 802 1506 855 Deus
1537 800 1606 854 ita
1632 799 1851 871 dilexit,
1889 806 1946 853 ut

358 870 606 943 tntivetsa
635 872 684 926 in
712 888 777 926 eo
805 872 1053 943 mysteria
1084 872 1333 936 traderet,
1356 871 1421 925 ad
1443 870 1945 943 quetrietiainclare

360 942 642 996 referenda
675 953 798 996 sunt
840 939 901 998 ea
947 959 1065 1012 qua:
1093 951 1406 1013 sequuntur.
1435 939 1522 1013 6’9.
1566 939 1634 993 Et
1674 940 1945 1013 cedi/icavit

354 1013 488 1066 sicut
531 1014 847 1067 unicornium
885 1010 1220 1083 sancti/Sciunt
1242 1030 1389 1067 suum
1430 1012 1699 1083 interra,
1712 1010 1945 1083 fundavit

353 1097 467 1136 eam
494 1084 547 1136 in
562 1083 818 1137 sa’culunt.
854 1084 978 1139 Haec
1007 1081 1136 1138 side
1155 1084 1367 1153 antiqua
1386 1083 1473 1138 illa
1490 1082 1650 1137 Sione
1672 1081 1942 1153 dicuntur,

354 1155 611 1208 mentitur
641 1154 940 1223 prepbetia.
975 1154 1256 1221 Quomodo
1283 1149 1425 1208 enim
1456 1154 1508 1208 in
1537 1152 1791 1223 saeculum
1817 1149 1941 1204 t‘un-

354 1223 483 1278 data
508 1238 610 1295 est,
639 1221 788 1294 cujus
819 1240 885 1279 ne
915 1226 1131 1294 vestigia
1152 1225 1366 1295 quidem
1394 1223 1716 1294 supersunt?
1745 1221 1940 1295 verum

357 1295 496 1349 hanc
527 1291 765 1349 fundavit
788 1296 838 1349 in
861 1291 1136 1360 steculuitt,
1156 1291 1213 1349 et
1234 1291 1513 1350 aediﬁcavit
1551 1296 1690 1349 sicut
1725 1291 1940 1347 unicor-

355 1365 463 1437 itis,
515 1364 915 1437 fundamentum
968 1367 1069 1437 ipsi
1111 1366 1246 1437 dans
1293 1380 1460 1437 cornu
1510 1365 1666 1437 unius
1713 1362 1930 1437 speciei.

355 1434 543 1505 Neque
586 1436 723 1505 apud
751 1436 892 1491 illant
944 1431 1070 1491 sunt
1120 1436 1318 1492 diversi
1365 1435 1635 1505 baptismi,
1682 1431 1939 1505 quemad-

354 1503 575 1561 modum
623 1503 767 1576 apnd
818 1505 1064 1570 .Iudteos,
1116 1522 1288 1576 neque
1334 1503 1711 1574 occupationes
1756 1503 1937 1576 multa}

352 1577 496 1631 circa
538 1573 865 1643 ueomenias,
894 1573 1287 1646 puriﬁcationes
1315 1586 1367 1631 et
1392 1573 1631 1642 sabbata,
1662 1589 1834 1646 neque
1860 1573 1932 1628 dii

356 1647 533 1708 multi,
565 1645 1013 1718 quemadmodum
1040 1647 1182 1718 apud
1221 1657 1409 1718 gentes
1437 1664 1554 1717 qua:
1584 1648 1648 1718 ini
1667 1645 1935 1715 impietate

351 1727 719 1839 perseverant,
768 1718 860 1772 sed
913 1716 1090 1772 Unus‘
1113 1716 1379 1782 Dominus,
1435 1716 1537 1771 una
1576 1716 1725 1799 ﬁdes,
1776 1730 1935 1798 unum

386 1797 600 1839 autumn
620 1787 840 1839 (En/tes.
863 1789 915 1839 4.
940 1788 1026 1839 5i:
1055 1790 1400 1839 quamobrem
1427 1786 1601 1839 Porta:
1638 1787 1788 1839 infert
1832 1801 1932 1839 non

386 1790 600 1859 aptisnut
620 1787 840 1859 (Ephes.
863 1789 915 1842 4.
940 1788 1026 1858 5);
1055 1790 1400 1859 quamobrem
1427 1786 1617 1859 l’ortte
1638 1785 1789 1859 inferi
1809 1801 1932 1859 __non

352 1856 691 1926 praevalebunt
715 1859 953 1912 adversus
977 1856 1092 1912 eam
1135 1860 1151 1928 (
1182 1858 1367 1913 Matth.
1400 1860 1485 1913 16.
1518 1858 1658 1928 18),
1686 1856 1931 1910 videlicet

354 1929 725 1982 luereticorum
751 1945 863 1982 ora.
894 1929 982 1984 70.
1006 1928 1073 1982 Et
1094 1928 1239 1996 elegit
1266 1928 1645 1983 Davidservum
1688 1944 1853 1992 suum,
1884 1937 1931 1980 et

348 2000 555 2053 sustulit
583 1999 777 2070 eumde
794 2001 1028 2069 gregibus
1047 2001 1232 2062 ovium,
1262 2000 1325 2053 de
1345 2012 1454 2070 post
1493 2004 1721 2068 [natantes
1741 1997 1930 2067 accepit

349 2085 486 2122 eum.
522 2070 674 2124 Dices
695 2069 836 2124 haud
866 2071 1046 2133 dubie,
1067 2070 1119 2125 Si
1152 2069 1667 2133 Ecclesiiemysteria
1694 2083 1930 2123 comme-

349 2149 543 2203 morat,
579 2155 676 2194 cur
720 2141 968 2195 Davidetn
1017 2142 1068 2194 in
1115 2140 1346 2194 medium
1380 2139 1615 2203 adducit,
1653 2139 1740 2208 qui
1774 2139 1929 2207 longe

347 2211 617 2279 antiquior
661 2209 745 2264 bis
782 2212 940 2264 rebus
981 2210 1117 2264 fuit?
1163 2212 1422 2277 Quoniam
1467 2221 1617 2280 pater
1651 2218 1707 2263 et
1753 2209 1927 2278 imago

306 2330 313 2333 _
348 2281 542 2335 Christi
561 2280 674 2334 l‘uit.
696 2282 1049 2346 Quamobrem
1072 2281 1139 2335 de
1164 2283 1410 2349 gregibus
1424 2285 1601 2334 ovium
1623 2287 1927 2347 assumptus

347 2361 452 2421 est,
483 2368 585 2404 non
616 2351 684 2405 de
718 2367 897 2420 grege.
927 2352 1071 2405 Multi
1101 2354 1291 2421 quippe
1317 2350 1509 2407 Christi
1538 2365 1733 2421 greges?
1761 2360 1921 2413 sunt;

345 2420 435 2473 alii
467 2421 761 2484 hominum,
789 2424 877 2476 alii
922 2420 1266 2491 angelorutit,
1304 2424 1389 2475 alii
1440 2420 1830 2491 ratiunabilium
1872 2431 1924 2474 et

346 2492 637 2547 visibilium
689 2490 1122 2563 virtutum:th
1169 2502 1222 2546 et
1268 2496 1335 2547 im
1359 2505 1509 2547 antes
1551 2501 1695 2563 sunt,
1740 2490 1791 2543 id
1844 2497 1927 2543 est

351 2574 707 2633 praegnantes.
779 2561 1037 2633 Gregctu
1073 2563 1212 2616 utim
1271 2564 1471 2617 nullout
1540 2561 1925 2617 infructuosum

350 2632 531 2697 habet,
564 2633 656 2687 sed
685 2648 871 2688 omnes
898 2632 1128 2703 propter
1155 2634 1270 2701 ejus
1313 2634 1556 2687 timorem
1593 2640 1923 2703 pnegnantes

342 2714 469 2755 sunt
492 2713 549 2757 et
575 2706 777 2772 pariunt
810 2700 1057 2759 Salutem.
1102 2700 1461 2771 Quamobrem
1496 2700 1655 2758 Isaias
1680 2700 1919 2772 dicebat:

343 2774 389 2824 A
416 2771 592 2844 timore
613 2785 717 2840 tuo,
743 2774 974 2837 Domine,
996 2776 1048 2827 in
1070 2787 1209 2827 utero
1232 2775 1536 2840 accepimus,
1559 2784 1605 2828 et
1618 2771 1922 2844 peperimus,

342 2842 576 2917 spiritum
613 2846 851 2917 saiutaris
876 2847 947 2899 tui
977 2846 1187 2917 fecimus
1228 2862 1379 2914 super
1412 2855 1597 2917 terram
1675 2842 1805 2917 lsai.
1832 2840 1922 2917 26Σ

346 2914 457 2986 18).
474 2915 609 2986 inde
628 2914 870 2969 Christus
890 2912 1196 2984 assumptus
1222 2912 1324 2970 est.
1356 2915 1434 2986 Ad
1465 2915 1589 2986 quid
1616 2912 1925 2984 agendum?

342 2984 431 3037 71.
464 2983 681 3039 Pascere
702 2986 861 3040 Jacob
886 2983 1084 3040 servum
1117 3004 1283 3050 suum,
1316 2996 1360 3040 et
1408 2983 1572 3040 Israel
1602 2983 1926 3039 hereditatem

340 3072 518 3125 guunt;
546 3057 796 3124 populum
824 3059 1027 3111 scilicet
1045 3073 1110 3110 ex
1138 3058 1385 3125 gentibus
1413 3076 1426 3111 :
1462 3057 1545 3111 hic
1568 3056 1712 3111 enim
1735 3053 1918 3119 Jacob,

339 3124 556 3197 iudices
583 3128 950 3197 supplantans.
980 3124 1166 3181 eorum
1197 3126 1665 3197 primogenituram
1695 3125 1920 3197 accepit;

345 3195 580 3265 itemque
610 3195 768 3252 Israel
794 3208 807 3251 ξ
839 3198 979 3251 videt
1008 3198 1148 3251 enim
1178 3198 1341 3251 Deum
1373 3195 1612 3268 tempore
1638 3196 1923 3268 mysterio-

343 3282 460 3320 rum
493 3268 622 3322 l’acie
670 3268 736 3322 ad
786 3269 995 3331 faciem,
1028 3270 1165 3322 sicut
1191 3277 1245 3321 et
1280 3268 1367 3321 ille
1409 3266 1543 3322 facie
1588 3266 1655 3320 ad
1698 3266 1917 3320 faciem.

339 3337 492 3404 Quod
522 3348 696 3393 autem
738 3350 920 3408 pascat
961 3340 1116 3399 Deus,
1150 3338 1270 3391 audi
1306 3337 1917 3408 Davidemidiecntem:

342 3408 588 3479 [lautitias
608 3406 767 3479 pascit
786 3426 883 3471 me,
916 3422 963 3463 et
1000 3409 1128 3479 nihil
1164 3409 1287 3462 milii
1323 3408 1481 3462 deerit
1508 3409 1525 3479 (
1557 3406 1703 3462 Psal.
1736 3407 1836 3479 22.
1868 3407 1917 3461 1.

338 3476 419 3551 2i.
453 3478 587 3551 Audi
610 3476 670 3551 et
697 3478 968 3551 Christum
1002 3498 1015 3533 :
1048 3478 1160 3551 Ego
1194 3496 1304 3533 sum
1338 3476 1694 3551 pastor'bonus
1725 3477 1920 3551 (lauri.

342 3548 429 3602 10.
458 3549 570 3619 11).
596 3550 684 3604 72.
720 3550 785 3603 lt‘t
812 3551 947 3619 pavit
974 3567 1057 3605 eos
1078 3548 1128 3605 iit
1154 3548 1438 3604 innocentia
1465 3549 1632 3603 cordis
1658 3549 1754 3609 sui.
1792 3560 1839 3603 et
1870 3548 1923 3600 in

340 3617 668 3673 iutellectibus
696 3617 936 3674 manuum
975 3638 1181 3675 suarum
1206 3620 1412 3675 deduxit
1440 3619 1575 3674 illos.
1613 3620 1771 3673 Vides
1800 3633 1922 3673 eum

342 3690 411 3742 de
436 3690 650 3744 Chrile
680 3691 821 3745 clare
849 3691 1026 3760 loqui?
1056 3691 1148 3745 llic
1176 3691 1318 3746 enim
1348 3692 1642 3745 secundum
1669 3690 1743 3744 rei
1780 3690 1921 3744 veri-

347 3769 511 3813 tatem
538 3762 825 3828 nequitiam
849 3762 1026 3816 cordis
1058 3776 1163 3816 non
1195 3760 1401 3827 habuit,
1433 3761 1567 3828 Quia
1597 3762 1786 3814 malum
1824 3777 1923 3813 non

366 3833 488 3902 hair,
512 3847 667 3902 neque
690 3832 837 3902 dolus
858 3835 1086 3886 inuentus
1110 3842 1181 3886 est
1206 3832 1261 3885 in
1287 3848 1373 3885 ore
1412 3835 1520 3902 ejus
1561 3832 1579 3900 (
1606 3833 1654 3886 1.
1692 3829 1835 3884 Petr.
1865 3830 1918 3884 2.

377 3899 591 3974 2;]sai.
626 3902 713 3955 :35.
745 3901 834 3974 9).
869 3903 1197 3974 Intellectum
1233 3912 1408 3974 autem
1431 3899 1691 3956 manuum
1722 3910 1924 3974 tantum

341 3973 611 4043 possedit,
643 3982 699 4025 ut
725 3971 851 4043 ipsis
878 3988 1053 4028 carcos
1092 3971 1159 4028 ad
1203 3973 1377 4043 visum
1414 3974 1747 4036 restitueret,
1778 3973 1923 4043 clan-

339 4041 440 4114 dos
460 4041 995 4114 ei'igeret,'leprosos
1019 4043 1319 4109 mandaret,
1349 4042 1579 4114 denique
1622 4053 1786 4097 totum
1832 4042 1929 4095 ho-

341 4112 539 4167 minem
580 4112 949 4168 labefactatum
975 4114 1309 4170 reformaret.

734 4244 786 4299 1.
820 4242 1056 4301 Psalmus
1088 4244 1280 4319 Asaph.
1323 4262 1543 4302 Lxxvttt.

415 4380 467 4434 1.
509 4379 660 4452 Clara
691 4390 771 4452 est
802 4380 1094 4452 prophetia:
1124 4382 1400 4451 inscriptio
1429 4399 1443 4435 :
1475 4397 1640 4452 quare
1670 4381 1734 4436 :td
1766 4381 1929 4435 inter-

343 4451 694 4523 pretationem
737 4450 928 4504 Psalmi
966 4466 1268 4507 sermonem
1294 4450 1700 4507 convertemus.
1746 4453 1927 4523 Neque

343 4520 487 4575 enim
530 4522 923 4575 accusationem
958 4523 1191 4589 gentium
1239 4539 1346 4590 pra:
1373 4537 1431 4577 se
1466 4523 1601 4587 fert,
1630 4533 1688 4577 tit
1713 4520 1924 4590 quidam

341 4592 750 4662 existimarunt;
781 4591 874 4646 sed
902 4593 1231 4660 prophetiam
1262 4608 1447 4646 eorum
1475 4608 1591 4662 quin
1618 4595 1810 4662 pepulo
1834 4592 1929 4647 lu-

341 4661 580 4716 dmorum
611 4670 863 4716 eventura
893 4671 1044 4715 erant
1064 4701 1079 4727 ,
1101 4662 1327 4732 quando
1364 4673 1549 4732 gentes
1580 4661 1927 4716 hereditatem

343 4747 527 4786 eorum
559 4740 712 4786 erant.
739 4740 1055 4803 accepturas.
1088 4731 1222 4785 Deus
1241 4774 1254 4795 ,
1286 4731 1525 4785 venerunt
1563 4742 1730 4803 gentes
1760 4733 1809 4785 in
1836 4736 1927 4785 Ite—

342 4803 606 4856 reditatem
625 4813 784 4868 tuaut,
810 4801 1093 4870 polluerunt
1114 4803 1353 4872 templum
1372 4801 1597 4856 sanctum
1619 4814 1782 4857 tuum.
1806 4803 1928 4857 Ila-c

343 4873 620 4944 contigere
648 4873 861 4944 quidem
888 4871 1086 4944 .ludaeis
1108 4913 1123 4938 ,
1152 4871 1270 4927 cum
1308 4873 1692 4944 Jerosolymam
1724 4874 1924 4944 Assyrii

419 4954 571 5013 stque
591 4943 713 4997 illos
732 4943 1065 5008 Macedones,
1090 4958 1151 4997 ac
1170 4944 1383 4997 demum
1409 4943 1629 4997 Romani
1651 4943 1925 5013 ceperunt.

375 5015 478 5067 ium
507 5022 684 5068 autem
711 5013 1046 5084 manifestum
1090 5015 1213 5067 illud
1244 5016 1345 5079 sit,
1382 5028 1479 5067 nos
1508 5015 1573 5067 ad
1600 5014 1927 5084 spirituaiem

347 5099 563 5139 sensum
594 5083 921 5153 prophetiam
946 5093 1229 5139 vertemus.
1253 5084 1454 5139 Gentes
1475 5086 1614 5137 enim
1639 5083 1692 5138 itt
1715 5085 1928 5140 Judan-

347 5170 463 5226 rum
486 5156 830 5209 hereditatem
847 5164 1126 5226 venerunt,
1148 5156 1198 5226 in
1221 5155 1309 5226 Dei
1329 5170 1517 5224 nempe
1537 5157 1889 5226 cognitionem
1911 5174 1924 5211 :

348 5224 568 5297 haecqui
577 5240 677 5294 ppe
695 5234 847 5279 vetus
865 5225 1128 5279 hereditas
1143 5224 1446 5297 ludzettytm
1467 5234 1581 5279 erat
1595 5224 1622 5290 ;‘
1635 5227 1705 5280 ita
1724 5236 1779 5297 ut
1795 5226 1929 5297 Moy-

347 5309 436 5349 ses
467 5293 594 5366 ipsis
619 5293 667 5349 in
695 5297 1106 5366 Deuteronomio
1127 5295 1298 5349 dicat:
1321 5293 1391 5348 Te
1405 5306 1568 5366 autem
1589 5297 1733 5366 elegit
1760 5293 1933 5350 Domi-

349 5382 445 5437 nus
465 5365 603 5420 Deus
628 5382 690 5419 ea:
707 5365 937 5419 omnibus
969 5366 1199 5437 gentibus
1223 5381 1336 5434 qua:
1355 5365 1446 5419 sub
1471 5367 1594 5419 ctelo
1614 5365 1729 5419 sunt
1753 5366 1928 5435 (Deut.

351 5435 401 5488 7.
424 5437 508 5506 ti);
535 5446 660 5489 tunc
680 5437 933 5504 templum
955 5435 1069 5505 ejus
1088 5445 1349 5500 sanctum,
1372 5437 1515 5505 quod
1539 5439 1591 5489 in
1612 5438 1824 5505 antiqua
1846 5438 1930 5491 Je-

350 5508 578 5560 rusalem
612 5508 970 5574 possidebant,
1002 5507 1341 5576 polluerunt,
1371 5522 1473 5560 non
1500 5508 1596 5576 ipsi
1629 5508 1934 5575 pollutionis

349 5585 595 5630 auctores
622 5577 742 5646 lacti
763 5617 779 5643 ,
804 5577 901 5632 sed
930 5578 1180 5631 latentem
1207 5577 1388 5646 templi
1420 5578 1799 5646 pollutionem,
1828 5593 1932 5646 qua

350 5647 495 5718 varie
523 5645 874 5718 profanabant
901 5648 1029 5701 illud
1059 5645 1471 5718 ministrii’mpie
1491 5658 1726 5717 agentes,
1754 5645 1930 5718 palatii

350 5715 591 5787 fecerunt
612 5732 625 5769 :
649 5717 1096 5786 quemadmodum
1120 5717 1371 5772 sacerdos
1384 5718 1472 5787 qui
1492 5715 1706 5771 dubiam
1732 5715 1929 5786 Iépram

292 5868 297 5873 Ι
352 5786 704 5861 dispiciebat,
739 5796 793 5847 ct
830 5796 1014 5861 postea
1053 5788 1298 5847 morbum
1338 5786 1458 5863 post
1492 5788 1930 5862 perquisitioucm

1618 334 1681 390 IN
1713 333 2029 392 PSALMUM
2060 334 2340 394 LXXVIII.

3543 348 3648 404 728

2057 455 2208 524 certo
2227 447 2577 524 declaral‘iat,
2621 450 2857 524 polluere
2896 452 3163 524 leprosum
3190 453 3467 513 dicebatur
3490 499 3504 524 ,
3538 477 3644 517 non

2055 517 2196 595 quod
2227 517 2337 595 ipse
2366 517 2711 595 poliutiomfm
2739 517 3013 595 induceret
3043 523 3116 595 (id
3144 526 3285 580 enim
3311 541 3339 580 a
3363 517 3642 587 sacerdote

2053 587 2471 682 altera».
2493 590 2804 682 .q'i9‘139"?
2830 587 3101 682 terrosae
3126 595 3422 682 eadem“
3452 615 3466 652 =
3500 602 3640 682 ιιιιοιι

2050 657 2214 741 etiam
2251 656 2450 741 ludar-is
2490 656 2808 741 a’geittibus
2839 656 3033 718 factum
3073 674 3173 741 est.
3215 656 3642 741 llorumqnippe

2047 726 2357 806 jttstilieatio
2384 728 2503 806 illos
2531 726 2858 806 pi_~olanavit_,
2890 749 2952 788 ac
2982 737 3178 806 veteris
3206 737 3388 806 populi
3420 726 3637 796 in'ob'seo

2046 799 2324 918 quendam
2369 801 2489 853 novi
2537 801 2877 870 obsequentia
2924 799 3300 861 manifesta-vit:
3349 805 3637 866 Posuerunt

2089 869 2336 918 crustilem
2373 869 2425 918 in
2461 886 2718 918 nomormn
2744 874 3039 918 custodiam-
3082 874 3188 918 Cur
3271 874 3331 918 1η
3368 896 3634 918 θιηηιηνιηιι

2089 869 2718 947 ενιιεᾳζειηᾼὶιερρυιοηιιξι
2744 874 3041 947 custodiam.
3082 874 3188 930 Cur
3208 918 3241 947 ,7
3264 874 3332 931 In
3368 896 3636 947 pomorum

2049 938 2367 1016 custodiam?
2410 938 2542 1016 Quia
2582 942 2821 1016 Spiritum
2853 943 2984 1012 legis
3012 954 3065 1000 et
3081 938 3474 1016 iprophetaium
3509 967 3632 1007 cum

2048 1009 2399 1087 accepissent,
2428 1010 2577 1087 solos
2597 1009 3050 1087 sibi__r_eli_qnerunt
3072 1009 3272 1072 fructus
3292 1022 3630 1077 autmnnales

2049 1075 2218 1131 litera:
2255 1080 2651 1136 custodiendos.
2695 1075 3043 1139 Illud'autem
3085 1102 3190 1141 non
3221 1088 3289 1143 ab
3323 1075 3628 1145 hominibus

2049 1147 2600 1216 proficiscebatttr,sed
2619 1168 2646 1203 a
2664 1151 2774 1207 Deo
2788 1152 2996 1209 volente
3011 1155 3490 1214 demonstrationes
3507 1160 3628 1217 ﬁdei

2046 1227 2242 1273 nostra:
2273 1220 2342 1275 ab
2377 1222 2603 1277 inimicis
2632 1224 2851 1279 servari.
2897 1224 3121 1280 Fructus
3146 1243 3274 1282 vero
3302 1232 3624 1286 autumnalis

2045 1298 2128 1368 esi
2156 1289 2341 1368 Iitera,_
2360 1308 2424 1346 eo
2444 1292 2582 1368 quod
2609 1308 2710 1346 non
2740 1308 3073 1368 germanum,
3099 1298 3192 1351 sed
3223 1306 3622 1368 temporaneum

2043 1359 2379 1415 solummodo
2416 1362 2592 1416 cibunt
2635 1359 2891 1430 proferat.
2933 1364 2987 1418 ‘2.
3026 1359 3626 1426 Posuerunt'ntorticiuts

2041 1444 2298 1484 servorum
2325 1441 2524 1503 tuorum
2549 1449 2691 1487 escas
2728 1434 3008 1488 volatilibus
3038 1437 3150 1490 σαιιί
3170 1479 3185 1503 ,
3218 1455 3392 1493 carnes
3419 1451 3625 1495 sancto-

2040 1514 2155 1578 ζιιηι
2182 1511 2380 1578 tuorum
2410 1502 2574 1578 bestiis
2598 1512 2761 1556 terrm.
2796 1503 3036 1559 Volatilia
3068 1509 3182 1560 caeli
3213 1523 3357 1578 smpe
3384 1523 3413 1561 a
3443 1509 3622 1567 divina

2040 1567 2315 1647 Scriptura
2343 1573 2394 1627 in
2426 1574 2620 1647 malam
2652 1582 2855 1647 partem
2884 1578 3237 1647 accipiuntur.
3280 1567 3332 1633 l'd
3365 1594 3492 1633 vero
3520 1580 3619 1635 de-

2038 1640 2209 1719 clarai
2246 1641 2535 1719 Pharaonis
2566 1640 2818 1719 patiarius
2857 1640 3092 1719 pruni-us,
3132 1649 3221 1716 qui
3259 1658 3532 1719 postquam
3570 1650 3621 1705 itt

2037 1712 2241 1766 somnis
2263 1712 2403 1789 vidit
2419 1713 2649 1789 volatilia
2675 1715 2788 1789 cazii
2811 1712 3093 1789 comedere
3120 1712 3282 1788 panes
3304 1712 3439 1789 quos
3460 1736 3620 1789 supra

2036 1790 2195 1850 caput
2238 1783 2478 1852 gestabat
2502 1824 2515 1845 ,
2546 1784 2615 1838 de
2650 1785 2827 1853 capite
2867 1787 2965 1839 sibi
3017 1783 3618 1844 truncando'smnni'out

2034 1853 2247 1927 e_sse_ab_
2265 1854 2551 1922 interprete
2570 1854 2756 1927 didicit
2784 1854 2933 1925 (Gen.
2960 1857 3050 1911 40.
3077 1858 3289 1927 16-19).
3315 1858 3408 1913 His
3435 1859 3620 1915 Eccle-

2035 1921 2112 1998 sia
2148 1921 2453 1998 inda-orum
2493 1926 2767 1979 morticina
2794 1921 2846 1980 itt
2873 1942 3049 1981 escam
3082 1921 3273 1983 dedit:
3304 1931 3427 1998 qttin
3454 1931 3615 1986 etiam

2035 1989 2217 2045 bestiis
2240 2001 2396 2048 terra:
2419 2008 2607 2048 carnes
2626 2006 2950 2050 sanctorum.
2976 2000 3069 2051 lla:
3088 2008 3265 2053 autem
3290 1989 3474 2054 bestia:
3494 2010 3618 2055 sunt

2033 2062 2278 2134 maligna:
2307 2072 2595 2132 potestates
2619 2107 2635 2129 ,
2662 2066 3106 2134 quemadmodum
3138 2067 3299 2122 Isaias
3337 2069 3479 2124 clare
3513 2087 3613 2124 no-

2033 2130 2114 2207 bis
2142 2130 2382 2207 narravit
2410 2152 2423 2187 :
2452 2130 2705 2207 ait_enitn
2735 2136 2802 2189 de
2827 2136 3128 2207 Babylone,
3161 2137 3485 2207 Requiesceut
3508 2141 3616 2195 illic

2032 2202 2199 2257 bestite
2226 2219 2246 2259 :
2269 2219 2524 2278 quamam
2539 2204 2751 2278 Itzesiut
2775 2202 3001 2278 adjecit:
3024 2207 3092 2278 [fit
3116 2202 3422 2278 requiescent
3446 2209 3515 2262 ibi
3538 2211 3613 2263 si-

2030 2288 2172 2326 renes
2196 2314 2210 2338 ,
2238 2274 2561 2352 et-dcemoniti
2580 2276 2686 2329 illic
2714 2277 2965 2352 saltabant
2990 2277 3008 2343 (
3030 2275 3157 2332 Isai.
3183 2274 3273 2332 15.
3304 2279 3366 2332 2|
3392 2277 3449 2352 )._
3467 2279 3606 2352 Nihil

2033 2356 2195 2410 porro
2231 2344 2428 2400 mirum
2450 2352 2533 2400 est
2548 2343 2695 2417 ipsos
2708 2343 2888 2417 vocari
2908 2357 3093 2399 servos
3118 2360 3341 2404 :servus
3366 2343 3505 2403 enim
3537 2350 3612 2417 pi-

2028 2426 2123 2535 ger
2157 2422 2211 2467 et
2250 2428 2476 2483 nequam
2504 2414 2793 2468 vocabatur
2835 2415 2879 2472 is
2916 2417 3002 2483 qtti
3049 2418 3330 2488 imaginem
3370 2414 3605 2535 ipsorum

2051 2482 2234 2535 erebat
2257 2524 2274 2535 .
2313 2494 2368 2535 et
2405 2484 2492 2535 oui
2539 2484 2791 2535 talentum
2828 2485 3103 2535 abscondit
3135 2505 3149 2535 :
3181 2487 3270 2535 tmi
3306 2488 3350 2535 si
3410 2489 3605 2535 “issent

2051 2482 2234 2555 erebat
2257 2524 2274 2551 ,
2313 2482 2368 2537 et
2405 2484 2492 2555 qui
2539 2484 2791 2538 talentum
2828 2485 3103 2539 abscondit
3135 2482 3271 2555 :‘qui
3306 2488 3351 2543 si
3388 2482 3613 2543 fuissent

2029 2552 2178 2618 boni,
2207 2569 2317 2627 non
2340 2552 2638 2627 morticina,
2669 2569 2858 2627 nempe
2887 2554 3129 2627 sordidas
3155 2552 3523 2627 cogitationes.
3556 2569 3611 2613 et

2028 2637 2190 2691 opera
2218 2626 2354 2677 mala
2373 2664 2389 2689 ,
2413 2623 2774 2679 admisiSsent.
2799 2623 2957 2691 Quod
2987 2626 3031 2680 si
3060 2623 3463 2682 etiam'sanetos
3492 2628 3612 2682 illos

2028 2693 2338 2766 appellavit,
2366 2708 2469 2766 non
2491 2708 2652 2765 opere
2677 2706 2911 2766 sanctos,
2941 2695 3033 2766 sed
3057 2698 3414 2766 appellatione
3437 2697 3607 2753 dixit:

2029 2763 2476 2838 quemadmodum
2516 2763 2571 2820 et
2598 2763 3109 2838 pseudoprophetasi
3128 2763 3281 2837 saepe
3323 2767 3612 2838 prophetas

2029 2844 2202 2901 vocat,
2221 2836 2443 2907 etiamsi
2467 2836 2681 2907 nomine
2708 2836 2800 2890 Dei
2824 2851 2933 2907 non
2963 2836 3297 2907 propltetent,
3322 2836 3377 2892 et
3398 2836 3611 2892 sanctos

2027 2919 2123 2959 eos
2142 2905 2233 2975 qui
2255 2906 2671 2959 sanctiﬁcatione
2691 2906 2835 2960 uncti
2856 2905 2999 2970 sunt,
3019 2905 3117 2961 eisi
3138 2907 3608 2963 sanetilieationem

2028 2990 2134 3048 non
2174 2981 2408 3048 servent.
2452 2975 2805 3048 Quamobrem
2845 2976 3263 3048 cumvisionem
3297 2992 3484 3033 eorum
3518 2978 3609 3048 qui

2025 3045 2333 3118 Jerusalem,
2368 3046 2705 3118 perdiderant
2747 3046 2989 3118 Ezechiel
3018 3047 3224 3118 videret
3246 3088 3263 3115 ,
3284 3045 3608 3118 ihujttsntddi

2028 3116 2189 3171 verba
2216 3115 2434 3181 audivit,
2463 3116 2569 3169 Deo
2595 3115 2694 3185 ipsi
2719 3116 2990 3171 oraculum
3012 3117 3203 3173 edente
3231 3136 3246 3172 :
3274 3117 3356 3172 Ne
3377 3115 3609 3173 miserea-

2027 3187 2153 3239 mini
2178 3188 2309 3240 senis
2334 3195 2382 3240 et
2409 3185 2737 3258 adolescentis
2761 3195 2808 3241 et
2834 3187 3041 3258 virginis
3063 3228 3079 3255 ,
3112 3188 3263 3242 etiam
3288 3190 3532 3255 infantem
3560 3198 3609 3243 et

2026 3258 2255 3311 mulieres
2277 3258 2487 3311 occidite
2512 3257 2581 3310 ad
2604 3257 3010 3312 internecionem.
3037 3258 3117 3312 Ad
3142 3275 3225 3314 eos
3249 3269 3416 3313 autem
3438 3274 3609 3314 omnes

2025 3344 2176 3398 super
2207 3345 2332 3397 quos
2366 3329 2678 3400 est_signum
2713 3344 2775 3400 ne
2808 3328 3256 3400 appropinquetis;
3294 3340 3340 3383 et
3364 3347 3397 3383 α
3422 3331 3609 3384 sanctis

2027 3396 2147 3482 meis
2172 3396 2376 3467 incipite
2403 3396 2613 3482 (emt.
2637 3396 2768 3482 9.35)
2793 3414 2809 3453 :
2831 3396 3389 3482 quiaspeciettintitm
3414 3400 3607 3482 sancti,

2025 3479 2080 3523 et
2108 3486 2210 3523 non
2243 3469 2425 3524 revera
2453 3477 2637 3535 erant;
2664 3469 2895 3539 alioquin
2921 3469 3127 3539 signum
3157 3469 3490 3535 habuissent,
3515 3484 3609 3525 ne-

2025 3555 2131 3609 que
2157 3554 2277 3594 cum
2316 3541 2435 3594 aliis
2464 3539 2923 3594 indiscrintinatim
2951 3540 3176 3594 interﬁci
3196 3542 3330 3609 jussi
3360 3541 3607 3594 fuissent.

2027 3608 2209 3680 itaque
2241 3625 2381 3665 nunc
2409 3611 2568 3665 etiam
2595 3618 2808 3664 sanctos
2834 3610 3046 3664 nomine
3070 3608 3230 3675 dicit;
3260 3611 3607 3680 quamobrem

2027 3679 2218 3734 carnes
2243 3696 2449 3746 eorum,
2480 3688 2716 3734 terrenas
2736 3695 2935 3749 nempe
2961 3680 3320 3748 operationes,
3345 3679 3611 3734 comedis-

2027 3766 2087 3806 se
2116 3751 2475 3820 intelligibiles
2502 3749 2697 3803 bestias
2720 3748 2943 3820 ﬁgurate
2969 3750 3122 3805 dixit.
3150 3750 3280 3804 Nam
3306 3764 3497 3820 carnes
3514 3764 3611 3805 vo-

2027 3833 2215 3875 cantur
2245 3819 2405 3891 ii’qui
2437 3828 2646 3873 terrena
2682 3819 2938 3891 sapiunt,
2982 3819 3426 3891 quemadmodum
3471 3820 3609 3873 Deus

2028 3891 2282 3945 diluvium
2322 3889 2946 3962 induet-tuusdeclaravit
2974 3889 3138 3945 {Non
3172 3891 3478 3962 permanebit
3492 3891 3610 3962 ipi-

2028 3964 2323 4032 ritusnteus
2347 3959 2710 4032 inultominibus
2737 3960 2834 4024 his,
2861 3962 2976 4028 quia
2996 3959 3182 4015 carnes
3197 3962 3295 4030 ipsi
3320 3959 3607 4032 suut(Gen.

2030 4034 2081 4086 6.
2110 4033 2143 4086 5
2168 4031 2209 4102 ).
2245 4032 2298 4102 Et3
2334 4030 2636 4098 Effuderunt
2664 4032 2957 4101 sanguinem
2986 4047 3162 4085 eorum
3192 4032 3319 4085 sicut
3346 4030 3530 4102 aquam
3554 4032 3611 4084 in

2029 4101 2240 4174 circuitu
2268 4101 2552 4157 Jerusalem
2576 4141 2588 4164 ,
2614 4110 2659 4155 et
2686 4117 2785 4154 non
2813 4110 2920 4174 erat
2943 4101 3301 4174 quisepeiliret.

2099 4173 2153 4226 2.
2194 4172 2513 4243 Sanguinem
2539 4186 2724 4227 eorum
2762 4172 2964 4243 animai
2990 4172 3120 4243 dicit
3159 4172 3432 4228 facinora:
3472 4183 3614 4243 quo-

2029 4259 2149 4299 rum
2173 4240 2397 4297 ultio‘ad
2426 4244 2735 4311 sanguinem
2759 4242 3019 4312 procedit.
3048 4242 3171 4298 Haec
3195 4244 3344 4312 quasi
3373 4240 3509 4312 aqua
3532 4240 3613 4312 et-

2030 4313 2145 4367 l'usa
2172 4321 2326 4379 suttt,
2354 4315 2427 4367 ita
2454 4324 2511 4368 ttt
2540 4329 2645 4367 non
2676 4311 2813 4383 ultra
2844 4314 3041 4367 resumi
3072 4311 3322 4381 possent;
3353 4311 3612 4383 quemad-

2031 4384 2244 4439 modum
2274 4400 2371 4439 nec
2389 4394 2522 4455 aqua
2556 4394 2674 4455 post
2701 4382 3033 4438 emisionem.
3066 4384 3245 4452 Itaque
3268 4381 3448 4455 Davidi
3468 4381 3612 4455 The-

2029 4456 2241 4510 Cliilissa
2270 4452 2512 4510 dicebat:
2550 4453 2715 4506 Morte
2752 4455 3023 4506 moriemur
3041 4493 3058 4518 ,
3097 4461 3143 4504 et
3162 4452 3314 4522 quasi
3348 4467 3480 4522 aqua
3503 4452 3613 4506 dis-

2031 4527 2227 4594 pertlittt
2269 4541 2420 4595 super
2459 4534 2645 4595 terram
2684 4539 2785 4595 non
2826 4521 3207 4595 congregabilia
3243 4521 3327 4595 (2.
3358 4521 3487 4595 Reg.
3523 4523 3610 4595 14.

2033 4590 2098 4648 14
2127 4597 2168 4663 ).
2221 4590 2440 4649 Ubinam
2491 4592 2712 4647 effudit?
2742 4590 2805 4645 In
2835 4590 3044 4645 circuitu
3072 4590 3353 4646 Jerusalem
3380 4595 3398 4663 (
3423 4590 3613 4651 Hattlt.

2028 4662 2131 4718 27.
2150 4664 2222 4718 25
2240 4668 2256 4733 )
2276 4706 2291 4730 ,
2320 4666 2369 4718 id
2396 4671 2507 4728 est,
2536 4662 2589 4716 in
2611 4663 2723 4731 ipsa
2749 4703 2763 4724 .
2786 4672 2840 4717 et
2862 4664 2977 4731 ejus
3006 4663 3330 4718 habitatores
3349 4662 3611 4732 perdidit:

2031 4735 2118 4789 ille
2146 4736 2285 4789 enim
2328 4735 2543 4803 sanguis
2585 4748 2769 4786 eorum
2812 4748 2973 4801 super
3003 4733 3149 4803 ipsos
3194 4743 3249 4788 et
3292 4747 3454 4803 super
3481 4736 3618 4788 tilias

2031 4819 2216 4858 eorum
2238 4847 2253 4871 ,
2285 4804 2534 4860 dicebant
2562 4804 2661 4873 ipsi
2690 4804 2957 4873 Christum
2986 4804 3392 4858 calumniantes.
3422 4803 3489 4858 Et
3515 4820 3618 4858 non

2031 4884 2135 4928 erat
2178 4876 2262 4943 qui
2301 4873 2551 4946 sepeliret.
2588 4872 2812 4946 Quare}
2852 4873 2984 4939 Quia
3030 4874 3129 4943 ipsi
3173 4874 3416 4946 quidemi
3431 4882 3619 4946 utpoie

2033 4947 2224 5000 mortui
2268 4944 2388 5000 sese
2431 4953 2615 5000 mutuo
2652 4944 2879 5013 sepelire
2919 4960 3022 4997 non
3060 4954 3343 5015 poterant,
3380 4944 3619 5000 Ecclesia

2032 5031 2160 5071 vero
2180 5017 2406 5086 sepelire
2426 5030 2518 5070 eos
2542 5030 2649 5086 non
2673 5015 2930 5086 permittit
2954 5033 2967 5067 :
2994 5014 3187 5086 idest,
3214 5029 3402 5071 eorum
3430 5029 3618 5084 pecea-

2034 5096 2082 5141 ta
2113 5085 2384 5154 obtegere.
2418 5085 2553 5152 Quid
2582 5096 2757 5140 autem
2788 5085 3043 5154 impedit?
3073 5085 3167 5139 Dei
3196 5085 3459 5141 sententia
3500 5100 3619 5154 qua:

2034 5103 2082 5141 ta
2113 5103 2233 5140 eote
2273 5103 2384 5142 ere.
2418 5103 2553 5152 unto
2582 5103 2757 5140 autem
2788 5103 3006 5154 llllpcu“.
3025 5103 3043 5126 ι
3073 5103 3167 5139 uct
3196 5103 3459 5141 sententia
3500 5103 3619 5154 qua:

2032 5157 2195 5212 dicit:
2231 5103 2354 5212 giae
2392 5166 2615 5209 mortuos
2654 5156 2863 5224 sepelire
2888 5166 3107 5209 mortuos
3135 5172 3253 5209 suos
3291 5154 3517 5225 (Matth.
3563 5157 3619 5209 8.

2032 5227 2104 5282 22
2125 5228 2167 5300 ).
2188 5228 2401 5300 Quare?
2427 5226 2560 5295 Quia
2584 5226 2710 5281 dum
2730 5232 3044 5300 peccatores
3068 5225 3320 5300 obtegere
3338 5235 3620 5300 conantur,

2034 5314 2100 5353 eo
2125 5293 2295 5367 inagis
2316 5293 2481 5367 aperit
2512 5312 2607 5350 sua
2636 5293 2774 5350 nuda
2797 5336 2810 5360 ,
2852 5306 2907 5349 et
2951 5293 3094 5367 apud
3135 5293 3329 5367 omnes
3368 5296 3621 5365 probrosa

2034 5366 2290 5423 cilicium.
2322 5369 2375 5422 4.
2422 5366 2570 5420 Facti
2603 5382 2776 5419 sumus
2817 5366 3142 5434 opprobrium
3183 5366 3358 5420 vicinis
3400 5368 3585 5429 nostris
3607 5407 3621 5434 ,

2035 5439 2360 5492 subsauuatio
2400 5446 2445 5490 et
2484 5436 2667 5491 derisio
2706 5436 2769 5488 iis
2799 5437 2886 5505 qui
2929 5436 2983 5488 in
3029 5436 3242 5505 circuitu
3278 5445 3448 5490 nostro
3485 5445 3622 5492 sunt.

2035 5508 2217 5577 Neque
2247 5509 2388 5564 enim
2418 5517 2734 5576 paupertas,
2760 5504 2934 5575 neque
2962 5504 3211 5577 indecora
3230 5506 3481 5577 corporis
3508 5519 3638 5575 Spe-

2036 5574 2147 5633 cies
2164 5620 2179 5645 ,
2209 5592 2380 5647 neque
2406 5574 2685 5631 inﬁrmitas
2705 5616 2718 5637 ,
2751 5574 2924 5645 neque
2951 5575 3094 5629 aliud
3119 5574 3389 5647 quidpiam
3418 5576 3489 5630 ita
3517 5574 3640 5645 pro-

2038 5649 2252 5703 brosmn
2294 5646 2378 5703 est
2425 5656 2483 5701 ut
2526 5654 2801 5716 peccatum
2849 5647 2949 5713 iis,
2990 5646 3228 5716 quiiillis
3282 5646 3624 5713 detinentur:

2039 5719 2161 5788 quia
2207 5718 2424 5773 morbus
2453 5715 2926 5788 est_voluntarius,
2970 5725 3026 5771 et
3053 5715 3299 5788 ulcusicx
3336 5718 3519 5788 animo
3554 5716 3637 5769 ia-

2009 5785 2207 5861 “ctum.
2240 5789 2499 5847 Cancrum
2529 5785 2675 5844 disce
2700 5787 2974 5872 propheta:
3001 5786 3350 5860 sapientiam,
3377 5785 3469 5863 qui
3504 5800 3637 5856 sup-
