4104 6442
552 367 659 423 7‘25

553 479 706 551 plicia
737 475 947 546 quidem
978 471 1096 529 illos
1123 470 1372 527 invadere
1397 467 1523 551 dicit
1545 508 1560 533 ,
1593 480 1688 522 eos
1715 478 1915 551 nempe
1933 464 2150 551 quine-

551 538 771 621 ξιιιὶιίωὴ
794 552 1202 621 pet-petrarum,
1234 538 1641 621 cpprohriorum
1665 544 1839 621 autem
1873 538 1986 618 ipse
2014 549 2148 621 quo-

550 607 657 691 que
699 607 820 672 cum
863 607 1407 691 il'iis_particeps'esse
1448 610 1660 691 dicitur.
1688 607 1819 691 Sive
1850 607 1995 691 enini
2022 620 2150 691 pro-

555 675 713 762 pheta
741 696 918 762 esset,
948 675 1015 741 dc
1041 675 1220 762 iisqu'i
1247 680 1578 762 prophetiam
1610 694 1714 760 non
1754 675 2109 762 admittebant
2135 693 2150 728 τ

550 747 669 817 eive
699 747 951 813 sacerdos
979 799 991 820 .
1024 756 1092 811 de
1121 747 1186 810 iis
1213 747 1303 824 qui
1332 747 1399 807 ab
1419 752 1546 824 ipso
1574 749 1743 824 sacris
1774 747 2147 824 initiabantnr,

553 830 858 898 deindeqtte
884 817 1057 897 iniqua
1089 817 1344 898 agenies,
1377 817 1497 898 ideo
1540 819 1941 898 puniebantur_._
1961 817 2154 872 erube-

551 901 753 957 scebat.
774 889 883 955 Sed
903 889 1219 968 quibusnam
1246 895 1433 968 vicinis
1457 889 1735 968 probrosi,
1757 900 1811 946 et
1833 889 2151 968 quibusnam

549 974 600 1025 in
646 972 868 1025 circuitu
898 958 948 1023 in
990 968 1222 1023 derisum
1265 975 1316 1019 et
1357 958 1826 1018 subsannationem
1853 958 2021 1015 erant
2057 958 2153 1012 Ju-

551 1042 696 1096 dai?
723 1041 880 1095 Clare
909 1039 1037 1094 dicit
1064 1035 1395 1091 dzemonibus
1414 1078 1428 1101 ,
1460 1035 1546 1105 qui
1575 1034 1644 1087 ob
1673 1032 1964 1102 nequitiam
1995 1028 2151 1083 vicini

554 1123 677 1170 sunt
720 1111 1024 1167 Judarorum
1053 1127 1066 1161 :
1098 1108 1148 1162 in
1194 1107 1415 1162 circuitu
1454 1114 1629 1159 autem
1668 1118 1851 1157 eorum
1880 1108 2003 1155 sunt
2024 1142 2038 1163 ,
2060 1110 2155 1170 iut-

556 1194 679 1254 pote
716 1182 808 1253 qui
836 1179 1073 1254 quotidie
1101 1178 1228 1254 ipsis
1259 1178 1591 1254 insidientur.
1624 1174 1680 1230 5.
1715 1172 1983 1254 Usquequo
2003 1212 2018 1234 ,
2050 1169 2157 1254 Da-

556 1243 983 1317 iuine,'irasceris
1019 1266 1072 1303 tn
1112 1243 1263 1317 finem
1287 1290 1300 1315 ε
1334 1246 1633 1317 accendetur
1670 1243 1809 1299 velut
1848 1243 1979 1317 ignis
2017 1243 2157 1317 actus

559 1312 719 1383 tuus?
745 1322 898 1377 Hunc
928 1324 1016 1375 Dei
1047 1312 1218 1389 zelum
1252 1312 1761 1389 Moyseslegislator
1788 1312 1911 1389 erga
1941 1312 2158 1389 Judaios

560 1395 804 1463 exposuit
829 1411 842 1447 :
874 1391 949 1445 ait
976 1393 1118 1446 enim
1146 1407 1159 1441 :
1192 1388 1308 1461 Ipsi
1319 1384 1569 1463 _i'rz_ael_iiiii
1598 1403 1677 1463 me
1702 1387 2075 1463 concitaverunt
2103 1384 2156 1437 in

558 1455 658 1520 non
681 1464 791 1518 Deo
815 1506 831 1528 ,
857 1463 1181 1517 irritaverant
1209 1455 1288 1514 me
1312 1460 1364 1513 in
1385 1460 1535 1512 idolis
1556 1459 1680 1513 suis.
1708 1455 1775 1510 Et
1801 1472 1892 1529 ego
1920 1456 1973 1529 in
1995 1455 2160 1529 zelum

558 1525 825 1589 concitabo
855 1550 969 1588 eum
993 1532 1047 1587 in
1072 1548 1171 1586 non
1202 1541 1379 1599 gente,
1407 1540 1453 1583 et
1491 1531 1543 1582 in
1582 1538 1728 1599 gente
1756 1525 1913 1599 stulta
1951 1525 2157 1599 irritabo

556 1607 675 1662 illos
709 1605 892 1680 (Dent.
925 1603 1013 1680 32.
1042 1605 1107 1659 21
1134 1604 1172 1672 ).
1202 1590 1416 1680 Deinde.
1440 1601 1522 1653 his
1539 1590 1764 1680 sdbjicit
1789 1615 1820 1680 :_
1848 1597 1994 1680 Ignis
2042 1612 2160 1649 suc-

556 1669 735 1731 census
762 1686 833 1731 est
860 1675 911 1729 in
923 1679 1103 1800 furore
1126 1669 1234 1728 meo
1256 1670 1277 1748 (
1299 1670 1433 1725 Ibid.
1463 1687 1510 1724 υ.
1537 1670 1609 1725 22
1632 1669 1672 1728 δ.
1723 1669 1856 1738 Quia
1883 1669 2042 1738 igitur
2066 1682 2156 1749 2e:

556 1747 640 1800 lus
684 1756 868 1800 contra
959 1745 1139 1800 udwos
1189 1743 1423 1800 gentium
1468 1742 1801 1795 vocationem
1858 1747 2156 1800 Dl‘OCtlt':t\'ll

556 1747 640 1803 lus
684 1756 868 1802 contra
923 1742 1139 1800 Iudaeos
1189 1742 1423 1811 gentium
1468 1742 1801 1795 vocationem
1858 1742 2161 1811 procurat-it

558 1818 671 1942 (fit
712 1817 855 1873 enim
902 1816 1130 1882 Paulus,
1175 1810 1319 1869 Sicut
1350 1828 1435 1868 vos
1478 1811 1755 1882 aliquando
1796 1827 1897 1865 non
1926 1810 2160 1864 obcdistis

612 1906 669 1942 eo
685 1930 700 1942 .
732 1904 868 1942 nunc
891 1898 1058 1940 autem
1083 1885 1480 1940 misericordiam
1502 1883 1794 1942 consequuti
1817 1883 1933 1935 estis
1953 1882 2160 1935 illorum

612 1906 669 1943 eo
685 1930 700 1948 .
732 1904 868 1942 nunc
891 1898 1058 1940 autem
1083 1877 1480 1955 misericordiam
1502 1877 1794 1955 consequuti
1817 1883 1933 1935 estis
1953 1882 2160 1935 illorum
2185 1877 2202 1893 ⁰

558 1959 895 2031 inobedientin
937 1956 957 2031 [
979 1956 1127 2012 Rom.
1155 1957 1241 2031 ll.
1350 1952 1371 2028 ]
1392 1972 1406 2020 ;
1429 1963 1483 2009 et
1502 1951 1709 2031 rursus,
1733 1951 1933 2031 Lapsus
1951 1967 2127 2007 eorum
2142 1991 2157 2013 ,

557 2046 753 2096 nempe
779 2024 1120 2089 Judasorum.
1167 2024 1371 2080 divitia"
1394 2027 1569 2096 orandi
1593 2066 1609 2090 ,
1649 2034 1694 2078 et
1739 2024 1910 2096 clades
1950 2038 2158 2096 eorum,

557 2092 748 2155 divitia:
770 2100 989 2171 gentium
1019 2097 1189 2172 [lbid.
1222 2114 1268 2152 υ.
1297 2097 1383 2152 ll.
1413 2094 1561 2170 12]),
1592 2095 1897 2172 necessario
1927 2092 2161 2165 prophe-

562 2180 611 2225 ta
639 2165 865 2240 qumFit,
900 2165 1175 2240 usqtiequo
1194 2209 1209 2235 ,
1238 2177 1294 2222 et
1323 2183 1449 2223 mtm
1481 2165 1648 2240 usque
1677 2167 1728 2220 in
1759 2165 1915 2240 linem
1944 2179 2161 2240 mansu-

561 2237 752 2297 rus—sit
774 2242 939 2296 iratus
966 2237 1019 2297 in
1047 2237 1263 2297 Juda‘os
1288 2258 1300 2293 :
1333 2240 1416 2294 cui
1447 2239 1676 2308 Spiritus
1700 2253 1792 2307 per
1829 2237 2047 2291 Paulum
2076 2249 2162 2308 re-

559 2313 786 2382 spondet
818 2330 843 2388 :_
868 2312 1087 2388 Quando
1132 2306 2159 2388 plenitudo_geutiuin__in:q‘ressaluerit,

558 2375 678 2437 tunc
706 2375 1064 2438 omnis-ﬁbrae!
1087 2375 1364 2438 salvabitur
1388 2375 1547 2453 (Ibid.
1568 2396 1616 2433 υ.
1635 2378 1721 2434 25.
1739 2375 1852 2452 26).
1870 2375 2038 2453 G._E/]'
2034 2377 2166 2430 unde

556 2453 690 2508 iram
729 2463 866 2507 tuam
901 2453 954 2508 in
987 2463 1157 2525 gentes
1184 2468 1298 2523 qna:
1322 2461 1371 2506 te
1397 2449 1510 2506 non
1538 2461 1781 2525 nerei-unt
1793 2449 1820 2517 ,'
1836 2458 1880 2503 et
1920 2449 1973 2501 in
2008 2464 2164 2525 regna

559 2539 674 2594 quia
693 2541 874 2579 nomen
901 2519 1042 2578 tuum
1069 2540 1169 2579 non
1194 2519 1569 2594 invocaverunt.
1599 2519 2164 2594 7._Qniu_comederunt

560 2590 722 2649 Jacob
746 2636 761 2661 ,
806 2594 1063 2676 etnlocum
1105 2595 1215 2676 ejus
1256 2593 1629 2676 destilaverunt.
1661 2591 1777 2647 Non
1806 2591 1875 2672 de
1916 2590 2165 2676 omnibus

563 2680 693 2736 ergo
717 2660 966 2736 gentibus
996 2660 1232 2735 loquitur
1258 2681 1272 2718 :
1307 2660 2038 2736 ideoqueinter-punctionem
2067 2661 2166 2736 ad:

564 2731 754 2794 hibuit.
783 2736 966 2791 Gentes
991 2731 1180 2791 dicens
1207 2749 1312 2790 non
1339 2731 1803 2788 imliScriminatim
1831 2747 2040 2795 omnes,
2069 2731 2164 2786 Sed

563 2822 656 2861 eas
675 2849 689 2869 ,
722 2806 849 2872 Quae
868 2817 917 2862 te
937 2824 1038 2862 non
1062 2816 1326 2860 noverunt.
1356 2805 1465 2860 Nos
1490 2815 1666 2859 autem
1690 2804 1933 2872 novimus
1950 2844 1964 2867 ,
1995 2811 2048 2857 et
2070 2819 2166 2857 no-

563 2894 683 2932 men
724 2871 813 2932 Dei
847 2880 1145 2933 invocatum
1175 2886 1257 2931 est
1283 2891 1445 2947 super
1470 2890 1567 2929 nos
1588 2875 1812 2945 (lenit.
1838 2871 1894 2947 9)
1917 2893 1929 2928 :
1949 2873 2167 2947 sedne-

564 2963 669 3019 que
697 2948 864 3005 Jacob
891 2948 1223 3005 comedimus
1249 2966 1263 3003 :
1297 2945 1640 3019 néquecnim
1684 2945 2003 3019 blasphema
2024 2945 2165 2999 dicta

563 3015 656 3074 aut
705 3021 1054 3075 contumelias
1094 3020 1146 3073 in
1197 3034 1318 3073 eum
1366 3015 1885 3088 proferimus,quod
1936 3015 2164 3085 idipsum

565 3094 687 3145 ess‘se
724 3091 866 3160 quod
898 3089 1184 3146 comedere
1214 3086 1408 3144 Paulus
1436 3087 1764 3160 declaravit;
1799 3086 1861 3142 Si
1890 3096 2056 3140 autem
2086 3087 2169 3141 in-

563 3166 719 3214 vicem
748 3162 988 3216 mordetis
1009 3170 1056 3215 et
1081 3161 1331 3215 devoratis
1349 3201 1364 3226 ,
1396 3160 1557 3213 videte
1582 3176 1644 3214 ne
1664 3159 1727 3212 ab
1748 3159 1956 3213 invicem
1982 3174 2169 3212 consu-

562 3232 776 3285 mamini
821 3232 978 3300 (Gal.
1002 3232 1056 3287 5.
1082 3232 1220 3295 15);
1248 3247 1422 3301 neque
1448 3231 1621 3301 locum
1652 3230 1766 3300 ejus
1787 3229 2125 3301 devastamns
2148 3244 2162 3281 :

563 3302 833 3371 quomodo
863 3305 1005 3357 enim
1051 3303 1102 3356 id
1147 3306 1268 3365 tiat,
1313 3300 1433 3355 cum
1463 3300 1655 3370 singuli
1693 3317 1812 3355 enin
1855 3308 1906 3354 ut
1943 3300 2166 3368 patriam

563 3370 903 3428 communem
928 3389 1024 3443 pro
1048 3372 1264 3442 speciali
1294 3375 1554 3443 cuiusque
1574 3371 1914 3443 adscribunt?
1937 3370 2052 3425 Non
2075 3386 2165 3443 er~

563 3457 634 3512 go
660 3444 814 3498 nobis
838 3442 1099 3515 prepheta
1128 3443 1437 3506 maledixit,
1462 3442 1559 3515 sed
1584 3443 1763 3515 iisqui
1793 3443 1842 3495 in
1867 3442 2164 3515 ignorantia

565 3512 912 3582 manserunt,
943 3512 998 3569 et
1028 3529 1221 3569 nomen
1263 3515 1412 3584 regni
1460 3513 1551 3568 Dei
1582 3513 1868 3568 noluerunt
1896 3512 2162 3584 adipisci:

564 3581 913 3655 quamobrem
956 3585 1027 3639 illi
1069 3581 1496 3640 maledictiouem
1543 3585 1938 3655 pertimescant.
1982 3583 2036 3639 8.
2084 3581 2168 3638 Ne

565 3656 850 3710 memineris
879 3657 1202 3727 iniquitate»:
1234 3666 1523 3710 nostrarum
1550 3656 1896 3725 antiquarum.
1928 3656 2165 3727 Quomo-

563 3727 635 3783 do
664 3727 806 3782 enim
846 3726 1153 3782 satiSl'acere
1185 3728 1473 3795 poterimus
1517 3740 1612 3796 pro
1651 3726 1805 3780 malis
1842 3726 2075 3796 antiquis
2112 3735 2167 3780 et

566 3798 753 3853 novis?
780 3796 941 3854 Forte
968 3812 1097 3854 vero
1123 3800 1379 3868 propheta
1410 3797 1714 3868 iniquitates
1739 3797 1987 3866 antiquas
2011 3806 2167 3851 vocat

564 3884 659 3924 eas
679 3884 797 3939 qua:
818 3870 869 3924 in
896 3869 1113 3925 deserto
1128 3867 1385 3925 admissa:
1406 3867 1556 3923 fuere
1580 3886 1594 3923 :
1621 3868 1744 3939 quia
1769 3868 2026 3939 adversus
2048 3868 2165 3922 illas

564 3938 749 3995 multis
798 3939 1070 4011 variisque
1121 3938 1801 3995 cnmminatiooibus’usus
1845 3946 1928 4011 est
1981 3938 2161 4011 Deus:

562 4021 888 4081 quapropter
922 4008 1109 4069 eorum
1151 4011 1576 4066 recordationem
1605 4011 1812 4065 metuit.
1843 4008 1954 4064 Cito
1979 4010 2162 4064 antici-

565 4093 680 4151 pent
704 4098 797 4135 nos
818 4082 1177 4152 misericordia:
1197 4090 1328 4147 tute,
1357 4082 1571 4136 Domine
1590 4124 1605 4146 ,
1627 4082 1746 4152 quia
1774 4097 2018 4151 pauperes
2042 4082 2165 4151 facti

561 4169 742 4206 sumus
770 4152 942 4207 nimis.
973 4151 1115 4207 Nihil
1145 4154 1214 4206 ita
1244 4167 1530 4222 pauperem
1565 4151 1833 4222 hominem
1862 4152 2080 4207 exhibet
2108 4163 2166 4206 ttt

562 4232 877 4294 peccaturo;
908 4222 1084 4278 adhuc
1103 4221 1281 4278 autem
1306 4224 1590 4292 pauperior
1609 4221 1869 4289 efﬁcitur,
1892 4239 2011 4277 cum
2041 4238 2165 4293 pec-

561 4304 682 4349 canto
701 4294 948 4363 adjicitur
969 4294 1231 4363 impietas.
1257 4294 1595 4364 Quapropter
1614 4294 1681 4350 ad
1703 4308 1761 4348 se
1780 4295 1885 4347 cito
1905 4296 2163 4351 accedere

563 4366 937 4421 miserationes
965 4365 1056 4420 Dei
1082 4364 1416 4434 supplicant,
1442 4380 1511 4419 ne
1530 4364 1601 4420 ob
1620 4375 1913 4435 extremam
1937 4380 2163 4435 pauper-

563 4449 724 4491 tatem
751 4435 1100 4505 desperantes
1125 4436 1178 4490 in
1218 4435 1507 4506 perniciem
1542 4444 1688 4491 eant.
1719 4435 1775 4491 9.’
1803 4434 2007 4505 Adjuva
2038 4434 2158 4502 nos,

564 4507 703 4562 Deus
728 4506 971 4579 salutaris
991 4517 1191 4579 noster;
1219 4517 1424 4579 prapter
1441 4506 1659 4579 gloriam
1680 4506 1897 4579 nominis
1922 4506 2027 4572 tui,
2058 4507 2162 4562 Do-

562 4579 729 4646 mine,
758 4578 914 4633 libera
937 4593 1047 4634 nos.
1076 4578 1248 4648 Prope
1275 4580 1342 4633 ad
1376 4577 1467 4633 Dei
1491 4579 1716 4649 gloriam
1742 4577 2000 4647 propheta
2031 4594 2160 4633 cou-

561 4650 732 4718 l'ngit;
765 4649 1017 4719 quoniam
1037 4648 1272 4717 justitias
1294 4650 1472 4719 populi
1499 4648 1755 4705 exhibere
1781 4664 1886 4702 non
1913 4657 2156 4720 p-iterat;

558 4730 749 4790 estque
790 4720 955 4790 gloria
985 4720 1217 4775 nominis
1249 4721 1339 4775 Dei
1387 4731 1698 4790 peccatores
1727 4720 1968 4791 miserari
1993 4738 2006 4772 :
2036 4722 2157 4791 quia

561 4789 676 4854 ipse
700 4789 1009 4845 misericors
1022 4831 1056 4861 ,ί
1077 4791 1360 4846 miseratur
1394 4801 1450 4845 et
1479 4791 1798 4861 longanimis
1825 4789 2037 4845 dicitur.
2056 4789 2160 4847 ‘Ait

559 4861 702 4915 enim
729 4861 942 4928 Moyses
967 4877 981 4914 :
1011 4860 1078 4914 Et
1103 4862 1296 4915 vocavit
1324 4862 1378 4916 in
1402 4860 1604 4916 nomine
1626 4860 1871 4928 Domini,
1904 4871 1947 4915 et
1993 4872 2157 4916 trans-

559 4877 702 4915 enun
729 4876 814 4915 M0
853 4876 942 4915 ses
967 4877 981 4914 :
1011 4876 1078 4914 ιιι
1103 4876 1296 4915 vocavit
1324 4878 1378 4916 ιη
1402 4878 1604 4916 nomine
1626 4876 1835 4916 uomtnt
1855 4902 1871 4928 ,
1904 4876 1947 4915 et
1993 4876 2157 4916 trans-

559 4933 647 4985 ivit
668 4942 788 4986 ante
806 4876 985 5000 ]{tciem
1006 4933 1138 4998 ejus,
1161 4942 1206 4985 et
1226 4933 1438 4997 vocavit,
1465 4931 1734 4999 Dominus,
1756 4931 2004 4987 Dommus
2018 4933 2159 4988 Deus

560 5005 828 5056 miseratur
852 5011 898 5056 et
928 5002 1210 5074 misericors
1225 5044 1243 5074 ,ν
1269 5002 1571 5074 longanimis
1595 5010 1643 5058 et
1672 5005 1845 5058 multa:
1870 5004 2155 5058 misericor-

557 5075 661 5129 diae
690 5084 738 5129 et
768 5089 921 5128 ueras:
949 5070 1155 5146 (Exod.
1185 5073 1272 5130 54.
1306 5070 1377 5145 6)
1402 5112 1416 5128 .

629 5232 683 5286 '5.
716 5230 904 5286 Viden‘
924 5245 1045 5285 cum
1068 5228 1167 5286 bas
1187 5229 1255 5285 ad
1284 5229 1554 5286 Christum
1579 5244 1762 5297 preces
1785 5228 2026 5284 fundere.
2058 5228 2153 5285 llle

557 5305 755 5374 quippe
778 5318 882 5374 non
906 5302 1065 5356 modo
1088 5301 1227 5374 Deus
1246 5309 1356 5369 est,
1379 5300 1471 5374 sed
1499 5312 1550 5374 et
1573 5298 1826 5374 Servatur
1853 5303 2034 5374 utique
2062 5317 2153 5374 vo-

556 5370 746 5430 catur:
780 5372 894 5442 ipse
923 5383 999 5426 est
1036 5371 1201 5442 gloria
1234 5371 1465 5426 nominis
1502 5370 1631 5442 Dei,
1666 5371 1907 5426 videlicet
1940 5373 2148 5427 Patris:

557 5441 1103 5516 quamobremillum
1146 5442 1339 5516 Paulus
1386 5441 1723 5516 splendorem
1754 5443 1938 5511 gloria:
1981 5442 2153 5516 Patris

557 5513 840 5584 appellavit
861 5515 879 5586 (
897 5513 1054 5568 Hebr.
1066 5515 1105 5586 _i
1122 5555 1135 5568 .
1159 5517 1247 5585 '5}.
1272 5513 1559 5583 Sequentia
1600 5527 1762 5582 porro
1788 5523 2015 5586 arguunt
2038 5515 2151 5571 lucc

558 5583 626 5643 de
653 5583 879 5641 Christo
897 5586 1022 5640 dici.
1056 5583 1125 5638 Et
1150 5583 1397 5655 propitius
1426 5592 1532 5637 esto
1559 5586 1774 5653 peccatis
1798 5585 1978 5638 nostris
2023 5602 2144 5655 pro.

566 5669 683 5728 plet:
701 5673 878 5710 nomen
918 5665 1102 5728 tuum;
1134 5656 1215 5712 l0.
1244 5672 1309 5728 ne
1345 5660 1474 5727 forte
1497 5656 1666 5708 dicunt
1695 5655 1745 5707 in
1776 5658 2025 5727 gentibus,
2055 5656 2153 5712 Ubi

559 5726 629 5782 est
657 5726 794 5781 Deus
820 5729 1033 5781 eorum?
1061 5727 1128 5782 Et
1172 5726 1448 5795 cujusest
1493 5740 1589 5794 per
1635 5726 1905 5795 proprium
1957 5745 2149 5783 nomen

564 5801 789 5872 peccatis
819 5798 1104 5872 propitium
1117 5812 1249 5872 esse
1270 5796 1413 5872 ,_oisi
1440 5796 1670 5862 Christi,
1700 5799 1787 5866 qui
1818 5798 1941 5872 ideo
1971 5801 2151 5868 prepi-

560 5867 827 5925 iiatnriuni
862 5884 894 5935 p
918 5868 1134 5923 .ssidet?
1164 5867 1260 5922 llic
1287 5867 1593 5924 Jndmorum
1626 5869 1861 5937 peccatis
1893 5867 2144 5937 propitia.

563 5941 761 5995 tionem
785 5939 1118 6003 «extriliavit.
1147 5953 1269 5995 cum
1295 5938 1582 5995 crucifixus
1608 5937 1750 5995 Patri
1772 5937 1902 5995 dixit
1927 5957 1939 5994 :
1972 5939 2148 6011 Pater,

2080 347 2352 407 SPERIA.

3746 351 3847 407 ’34

2258 463 2453 539 dimitte
2471 464 2572 539 illis
2596 478 2615 528 ;
2635 464 2889 539 noncnim
2912 466 3076 539 sciunt
3097 467 3220 537 quid
3234 466 3428 539 faciunt
3450 469 3468 533 ζ
3490 466 3710 539 [διαὲδ.
3734 468 3848 531 34).

2259 535 2386 591 Ideo
2415 535 2609 609 Paulus
2648 536 2725 609 de
2748 536 2855 609 illo
2875 537 2987 592 ait:
3022 535 3180 604 Quem
3220 535 3480 606 proposuit
3509 537 3645 593 Deus
3675 557 3852 609 propt—

2258 607 2514 679 tiatorium
2539 623 2629 675 per
2651 607 2802 675 [idem
2840 608 2893 661 in
2930 609 3046 679 pejus
3073 609 3366 679 sanguinem
3384 652 3398 671 ,
3440 610 3494 662 in
3521 607 3856 664 ostensionent

2250 677 2687 750 justitite‘ipsius,
2717 679 2779 750 in
2813 677 3177 750 remissionem
3197 680 3581 748 prwcedentium
3620 692 3854 750 peccato-

2260 764 2371 801 rum
2423 747 2609 821 (_Rom.
2659 749 2712 803 '5.
2755 748 2828 804 25
2858 748 2899 821 ).
2950 749 3278 821 l‘ropitiatur
3319 764 3495 805 autem
3541 747 3853 806 Judmonnn

2261 819 2525 887 peccatis,
2554 834 2660 873 non
2692 819 2911 893 prepter
2946 819 3289 893 ipsosisolum
3313 861 3326 884 ,
3370 822 3462 877 sed
3494 823 3660 875 multo
3688 824 3855 893 magis

2261 901 2480 960 propter
2503 899 2690 958 genitos
2715 910 2729 945 :
2762 906 2830 945 ne
2857 890 2992 946 forte
3020 892 3112 945 Dei
3141 892 3477 946 clementiam
3507 890 3813 959 ignorantes
3834 935 3853 959 ,

2260 961 2476 1015 dicant:
2509 960 2607 1015 Ubi
2628 970 2699 1015 est
2731 961 2867 1017 Deus
2892 962 3109 1016 eorum?
3129 972 3182 1016 et
3210 979 3275 1018 es
3321 963 3611 1032 ignorantia
3655 964 3851 1031 impin-

2260 1040 2419 1099 gunt;
2469 1033 2561 1087 sed
2606 1042 2665 1087 ut
2709 1034 2759 1087 id
2805 1042 3193 1101 cognoscentes
3249 1035 3315 1088 ab
3356 1034 3541 1087 eadem
3571 1035 3857 1090 clementia

2261 1104 2545 1175 durantur,
2565 1114 2620 1159 et
2644 1103 2969 1159 suadeantur
2990 1120 3110 1159 cum
3140 1120 3331 1175 magno
3351 1105 3529 1159 studio
3552 1119 3855 1171 accurrere,

2262 1174 2567 1246 etgsalutem
2598 1175 2875 1246 consequi.
2903 1176 3032 1242 Quae
3060 1186 3357 1246 seqmmtur
3384 1187 3561 1230 autem
3591 1176 3674 1230 bis
3699 1176 3860 1232 dictis

2265 1243 2423 1318 ﬁdem
2452 1245 2665 1318 facient.
2695 1246 2760 1300 Et
2785 1243 2981 1300 sciatur
3003 1249 3054 1300 in
3084 1243 3313 1318 gentibus
3353 1263 3523 1301 coram
3566 1247 3727 1301 oculis
3766 1262 3857 1301 uo-

2263 1316 2381 1389 stris
2409 1315 2535 1370 ultio
2574 1319 2836 1389 sanguinis
2876 1315 3134 1372 servorum
3179 1327 3378 1372 tuorum
3418 1318 3505 1385 qui
3543 1318 3732 1384 effusus
3762 1328 3853 1372 est.

2262 1385 2438 1454 Quare
2468 1389 2581 1442 vult
2608 1385 2785 1443 notam
2818 1404 2939 1444 esse
2962 1389 3208 1457 gentibus
3235 1389 3533 1443 ultionem?
3570 1390 3701 1458 Quia
3747 1391 3859 1443 che-

2264 1472 2453 1513 monas
2480 1459 2842 1515 debellaturus
2866 1469 2981 1515 erat
3002 1501 3016 1519 .
3062 1459 3150 1529 qui
3180 1460 3490 1528 sanguinem
3512 1500 3528 1525 ,
3561 1462 3609 1513 id
3633 1471 3715 1513 est
3740 1462 3858 1513 ani-

2266 1544 2381 1611 mas
2422 1545 2697 1613 s_e:'_vortun
2743 1531 2872 1597 Dei,
2896 1531 3099 1613 scilicet
3127 1530 3463 1613 Judteorutn,
3494 1547 3589 1613 per
3622 1531 3859 1613 idolola-

2268 1602 2421 1654 triam
2445 1600 2909 1657 labefactaverant.
2932 1604 3185 1667 Qua-nam
3210 1611 3386 1656 autem
3412 1600 3545 1655 ultio
3563 1603 3714 1656 erat?
3739 1601 3861 1656 ldo-

2266 1673 2438 1728 lorum
2470 1674 2714 1737 eversio,
2761 1672 3144 1727 diabolicorum
3177 1672 3492 1742 templorum
3522 1673 3858 1742 incendium,

2266 1743 2406 1812 quod
2438 1752 2561 1797 ante
2604 1743 2789 1798 oculos
2832 1743 3136 1800 Jndzrornm
3167 1744 3476 1812 perficitur:
3508 1744 3688 1797 vident
3716 1747 3859 1799 enirn

2265 1831 2325 1869 ea
2345 1830 2462 1879 qum
2480 1824 2818 1885 peraguntur,
2841 1830 3015 1885 neque
3032 1822 3414 1884 cooperantur:
3439 1825 3561 1868 nota
3582 1825 3761 1870 autem
3780 1828 3864 1869 est

2270 1885 2401 1940 ultio
2429 1885 2715 1954 gentibus:
2748 1888 2876 1956 ipsa:
2909 1899 3139 1955 namque
3162 1886 3367 1950 sciunt,
3397 1901 3500 1955 qua
3531 1901 3687 1939 manu
3711 1928 3725 1945 ,
3757 1902 3859 1954 qua

2267 1957 2467 2011 virtute
2496 1958 2609 2011 lure
2634 1965 2911 2025 patrantur
2932 1971 2996 2011 ac
3027 1966 3380 2025 peraguntur,
3411 1965 3466 2011 et
3492 1958 3633 2011 cruci
3662 1956 3860 2011 Christi

2267 2043 2452 2082 eorum
2477 2028 2565 2097 qui
2593 2028 2691 2083 hoc
2712 2028 2890 2083 vident
2918 2026 3136 2082 exitium
3163 2026 3491 2081 adscribunt.
3518 2028 3604 2081 Η.
3632 2027 3861 2081 lntroent

2267 2100 2613 2170 inconspectu
2642 2109 2729 2153 tuo
2770 2100 2985 2170 gemitus
3021 2097 3419 2170 compeditorum
3441 2114 3461 2152 :
3489 2098 3601 2170 l_\‘on
3641 2114 3858 2162 compe-

2269 2168 2422 2223 dibus
2447 2186 2510 2225 cx
2558 2171 2734 2234 ferro.
2766 2168 2860 2225 sed
2903 2185 2969 2223 ex
3003 2178 3220 2237 peccato
3248 2168 3435 2224 factis:
3477 2168 3680 2223 Catenis
3717 2169 3857 2224 enim

2271 2250 2594 2310 peccatorum
2638 2258 2846 2295 suorum
2884 2239 3225 2310 unusquisque
3262 2239 3527 2309 stringitur
3580 2239 3597 2309 (
3616 2239 3773 2294 Prov.
3806 2241 3860 2296 5.

2268 2311 2303 2365 2
2328 2314 2365 2379 ).
2419 2312 2571 2367 llttoe
2603 2313 2857 2383 gemitum
2886 2312 2937 2366 in
2965 2318 3311 2383 conspectum
3341 2309 3430 2365 Dei
3461 2312 3659 2366 intrare
3687 2321 3859 2383 rogat,

2271 2391 2329 2437 ut
2355 2398 2415 2454 ea
2443 2400 2561 2452 qua:
2591 2393 2888 2454 sequuotur
2907 2382 3146 2454 nancisci
3174 2382 3398 2454 possint.

2341 2445 2571 2509 Christus
2598 2445 2868 2524 ι)τὰεὴἱᾶωῄ
2898 2452 3091 2507 Patris.
3120 2445 3189 2493 -ί
3209 2450 3500 2524 Secundum
3551 2454 3861 2524 magnitudi-

2270 2542 2382 2597 nem
2399 2526 2589 2579 brachii
2610 2528 2683 2579 tui
2697 2522 2899 2597 posside
2917 2524 3051 2597 ﬁlios
3071 2533 3235 2597 morte
3246 2523 3558 2597 a/fectorum.
3575 2522 3859 2579 Biachium

2270 2596 2444 2651 Patris
2491 2594 2760 2653 Christum
2789 2596 2969 2649 vocari
3016 2609 3169 2665 smpe
3205 2594 3590 2650 declaravimns
3623 2612 3638 2647 :
3670 2610 3864 2649 secun-

2271 2668 2397 2721 dum
2425 2668 2566 2722 illius
2607 2666 3024 2738 magnitudinem
3046 2708 3060 2730 ,
3086 2664 3334 2721 videlicet
3379 2681 3566 2737 magna
3597 2665 3861 2722 adventus

2272 2738 2392 2808 ejus
2435 2741 2687 2810 mysteria
2716 2779 2732 2804 ,
2760 2745 3052 2810 qute‘suut
3099 2751 3231 2810 crus
3265 2747 3319 2792 et
3362 2738 3699 2810 resurrectio.
3744 2738 3865 2794 Non

2272 2819 2445 2865 morte
2473 2808 2761 2865 mulctatos
2782 2850 2799 2873 ,
2826 2808 2921 2862 sed
2949 2822 3135 2863 eorum
3162 2808 3302 2863 filios
3322 2809 3522 2863 servari
3544 2824 3574 2863 a
3622 2808 3732 2862 Deo
3765 2824 3865 2876 po-

2273 2880 2431 2935 stulat
2461 2899 2476 2936 :
2508 2891 2678 2935 morte
2720 2879 2894 2934 affecti
2939 2890 3116 2934 autem
3163 2888 3315 2933 erant
3352 2880 3388 2933 ii
3415 2879 3503 2949 qui
3548 2880 3598 2932 in
3630 2880 3734 2932 vita
3764 2880 3865 2935 bac

2276 2968 2380 3005 non
2409 2952 2755 3007 crediderant
2782 2967 2797 3014 ;
2824 2950 2916 3006 sed
2942 2965 3129 3004 eorum
3160 2950 3250 3004 lilii
3289 2950 3359 3004 ab
3390 2951 3640 3019 apostolis
3664 2966 3863 3020 sagena

2271 3022 2409 3092 Capti
2441 3023 2637 3093 ingenti
2669 3037 2890 3077 numero
2914 3020 3146 3093 fuerant.
3179 3021 3263 3075 l2.
3296 3021 3465 3093 Redde
3483 3022 3656 3076 vicinis
3676 3028 3865 3076 nostris

2271 3092 2561 3163 septuplu’m
2579 3096 2630 3148 in
2648 3094 2761 3147 sinu
2786 3109 2974 3163 eorum.
2991 3092 3350 3163 improperium
3368 3092 3613 3163 ipsorum,
3626 3095 3763 3163 quod
3779 3111 3865 3149 ea:-

2274 3162 2633 3233 probraverunt
2660 3164 2768 3228 tibi,
2802 3162 3032 3216 Domine.
3066 3162 3181 3217 Non
3226 3178 3366 3218 nunc
3391 3164 3591 3218 vicinos
3620 3162 3866 3219 homines

2271 3232 2559 3307 appellavit
2590 3253 2603 3289 :
2634 3250 2809 3305 neque
2855 3235 2997 3307 ollim
3048 3234 3126 3288 eis
3155 3234 3454 3307 septnplum
3499 3232 3647 3289 reddi
3677 3250 3864 3302 preca-

2275 3304 2359 3361 tus
2403 3316 2584 3369 esset,
2637 3304 2837 3376 gnarus
2871 3305 3106 3373 judicent
3164 3304 3213 3359 id
3258 3321 3388 3376 nou”
3418 3305 3642 3358 laturum
3687 3320 3814 3361 esse
3844 3326 3861 3361 :

2274 3385 2424 3433 certe
2445 3393 2553 3448 quo
2582 3375 2736 3446 pacto
2762 3376 2828 3431 ad
2860 3377 3041 3448 ipsum
3062 3376 3333 3448 psalleret,
3365 3375 3442 3448 Tu
3467 3376 3643 3448 reddes
3662 3378 3867 3448 unicui-

2270 3465 2368 3520 que
2385 3445 2659 3502 secundum
2680 3464 2951 3520 operafsua
2980 3445 3151 3515 (Psal.
3177 3452 3228 3501 ϋ.
3256 3447 3372 3520 l5)?
3403 3446 3543 3520 Ergo
3569 3446 3865 3520 dedamu-

2273 3517 2429 3574 nibus
2476 3520 2727 3589 loquitur.
2780 3518 2857 3574 llli
2890 3522 3033 3589 enim
3063 3518 3367 3588 sepluplum
3401 3517 3521 3587 jure
3551 3518 3819 3587 acripiuot
3843 3538 3861 3572 :

2274 3598 2458 3660 utpote
2485 3588 2572 3660 qui
2604 3605 2726 3645 cum
2756 3588 3145 3660 prmstantioris
3173 3590 3278 3643 sint
3305 3600 3526 3652 naturae,
3546 3604 3702 3657 quam
3735 3605 3852 3656 nos,

2272 3659 2346 3716 de
2364 3659 2701 3716 caeloautem
2728 3659 2920 3729 dejecti
2952 3659 3181 3723 fuerint,
3213 3675 3385 3731 neque
3414 3668 3587 3731 tamen
3615 3660 3689 3713 sic
3718 3670 3860 3713 tem-

2274 3732 2606 3802 perantiores
2646 3730 2820 3787 ell‘ecti
2839 3774 2853 3793 .
2879 3741 3075 3785 terram
3105 3732 3217 3786 suis
3241 3730 3701 3802 ad’inventiouihus
3733 3747 3858 3800 per-

2275 3800 2507 3867 turbent,
2537 3818 2713 3872 neque
2741 3802 2840 3856 soli
2863 3810 3106 3871 peccent,
3124 3802 3216 3854 sed
3244 3816 3342 3855 nos
3359 3800 3518 3872 etiam
3546 3801 3611 3853 ad
3644 3814 3861 3868 peccata

2274 3874 2550 3941 inducant,
2579 3868 2739 3944 atque
2760 3868 2927 3928 Deum
2951 3872 3090 3944 apud
3104 3888 3212 3944 nos
3234 3872 3430 3943 probro
3455 3868 3687 3944 afﬁciant
3706 3876 3858 3942 quasi

2270 3947 2387 4013 ejus
2427 3944 2602 4014 imago
2645 3942 2905 3999 deciderit
2935 3963 2949 3996 :
2977 3942 3044 3997 ad
3074 3942 3215 4014 haec
3240 3942 3371 3997 vero
3422 3957 3491 3996 ne
3522 3956 3615 4011 per
3654 3942 3858 3998 Chriin

2271 4016 2485 4083 quidem
2515 4013 2801 4070 adventum
2828 4015 2895 4069 ab
2925 4013 3221 4069 idololatria
3245 4013 3598 4068 desciverunt.
3629 4015 3721 4067 sed
3751 4014 3850 4076 ipsi

2269 4098 2396 4141 sunt
2421 4086 2641 4141 addicti.
2670 4087 2798 4153 Quis
2823 4095 3003 4141 autem
3044 4101 3228 4140 eorum
3256 4093 3338 4140 est
3360 4084 3549 4138 sinus?
3577 4083 3855 4139 Gelu-nua.

2274 4159 2404 4225 Ipsis
2432 4162 2577 4213 enim
2608 4159 2677 4213 ab
2703 4157 2853 4211 initio
2885 4157 3034 4226 locus
3076 4156 3163 4211 ille
3190 4156 3473 4226 deputatus
3494 4166 3573 4209 est
3604 4172 3618 4206 :
3649 4157 3697 4208 id
3731 4172 3857 4210 vero

2269 4229 2503 4283 declarat
2538 4229 2797 4284 Dominus
2830 4245 2842 4281 :
2875 4225 2975 4293 Ite,
2997 4225 3272 4289 maledicti,
3300 4228 3352 4280 in
3384 4227 3551 4294 ignem
3589 4240 3854 4289 araer-mon,

2270 4310 2506 4369 paratum
2555 4299 2758 4353 diabolo
2800 4307 2850 4352 et
2878 4298 3072 4370 angelis
3098 4299 3211 4367 ejus
3247 4297 3461 4369 (.‘llatth.
3621 4298 3735 4368 41).
3770 4299 3851 4352 15.

2273 4370 2384 4424 Nos
2401 4381 2571 4440 autem
2599 4371 2816 4440 papulus
2836 4369 3017 4423 tnus’et
3042 4385 3156 4423 oves
3181 4384 3385 4439 pascua:
3403 4378 3521 4422 tute.
3555 4369 3749 4440 'l'otum
3780 4369 3854 4422 di-

2268 4443 2340 4496 cit
2366 4437 2675 4497 b’nmaon‘m'
2701 4455 2871 4511 genus
2902 4457 2917 4493 :
2946 4455 3044 4495 nos
3077 4437 3272 4511 quippe
3288 4454 3572 4511 opponens
3594 4438 3858 4492 da-tnoni-

2267 4514 2368 4569 bus
2395 4513 2464 4567 de
2492 4513 2625 4568 ca-lo
2651 4510 2967 4576 deturbatis,
2997 4510 3249 4582 populum
3284 4510 3375 4564 Dei
3406 4521 3461 4565 et
3485 4524 3614 4565 oves
3644 4524 3857 4577 pasth

2270 4585 2436 4655 ipsius
2462 4593 2618 4655 vocat
2651 4582 3038 4655 hominemaEt
3066 4581 3167 4655 qua
3195 4581 3262 4636 de
3287 4590 3448 4655 causa
3479 4595 3613 4655 oves
3644 4595 3857 4648 pascua:

2267 4651 2427 4726 ejus?
2456 4653 2589 4722 Quia
2621 4670 2719 4709 nos
2749 4653 2932 4726 fideles
2961 4651 3097 4726 ipso
3124 4654 3174 4706 in
3207 4651 3608 4726 participatione
3651 4663 3856 4726 ltt}’_Slc-

2267 4721 2467 4782 riorum
2483 4721 2771 4795 pascimur.
2798 4723 3159 4793 Conﬁtebimur
3184 4724 3294 4789 tibi,
3318 4721 3487 4795 Deus,
3509 4723 3559 4795 in
3586 4721 3851 4795 siccatur».

2268 4796 2333 4852 In
2354 4791 2727 4868 generationem
2751 4804 2799 4849 et
2819 4791 3195 4868 generationem
3221 4793 3630 4868 annuntiabimus
3650 4791 3848 4845 laudem

2265 4863 2425 4922 tuam.
2453 4866 2580 4923 llzec
2598 4863 2866 4921 confessio
2888 4866 3037 4935 quasi
3063 4866 3171 4933 jam
3198 4865 3301 4919 alia
3331 4863 3595 4935 confessio
3618 4878 3844 4933 praees-

2263 4941 2397 4994 serit
2425 4947 2759 4993 recensetur.
2805 4933 2962 4992 Prius
2988 4936 3129 4991 enim
3174 4950 3274 4990 nos
3302 4949 3432 4990 oves
3455 4933 3702 4988 Cbrisms
3723 4950 3839 4988 eon-

2265 5008 2438 5065 fessus
2465 5008 2635 5064 fuerat
2667 5008 2853 5063 dicens
2882 5024 2895 5061 :
2925 5007 3055 5061 Oves
3091 5022 3213 5061 mea:
3240 5022 3411 5072 vocem
3446 5021 3604 5058 meam
3635 5005 3851 5059 audiunt

2265 5078 2447 5152 (Joan.
2474 5077 2700 5160 10_.
2731 5079 2925 5160 deinde
2945 5094 3065 5160 cum
3083 5086 3275 5160 gentes
3306 5077 3466 5130 etiam
3499 5077 3653 5131 vellet
3680 5075 3851 5160 adsci-

2263 5148 2415 5207 scere
2437 5191 2452 5215 ,
2484 5148 2686 5206 addidit
2712 5171 2726 5205 :
2762 5148 2938 5204 Habeo
2971 5158 3018 5202 et
3042 5148 3169 5203 alius
3197 5163 3345 5215 oves,
3366 5163 3603 5217 quianon
3644 5157 3762 5201 sunt
3789 5164 3851 5201 ea:

2264 5224 2359 5276 hoc
2389 5222 2532 5287 ovili;
2552 5229 2598 5275 et
2620 5221 2738 5277 illus
2777 5230 2972 5289 oportet
3010 5236 3091 5274 me
3124 5216 3426 5289 congregare
3454 5216 3681 5289 (Ibid._o.
3732 5218 3848 5288 16).

2265 5294 2367 5364 Ipsi
2408 5294 2743 5358 conlitenmr,
2769 5287 2865 5364 qui
2898 5291 3046 5364 illum
3100 5287 3364 5359 pastorem
3415 5287 3471 5364 in
3513 5287 3723 5344 Psalmo
3761 5304 3849 5364 se:

2262 5359 2444 5436 quenti
2467 5359 2819 5436 vocamusald
2856 5377 2983 5416 vero
3014 5363 3234 5415 facimus
3261 5374 3364 5436 non
3390 5359 3455 5414 ad
3487 5371 3714 5436 tempus,
3752 5361 3849 5415 sed

2263 5431 2315 5490 in
2362 5435 2615 5489 saeculum
2640 5475 2656 5500 ,
2687 5433 2891 5488 scilicet
2941 5443 3236 5502 perpetuo:
3267 5440 3316 5485 et
3350 5431 3404 5485 in
3445 5433 3848 5501 generationem

2261 5516 2312 5562 et
2338 5506 2735 5577 generationem
2766 5501 3199 5577 annuntiahimus
3228 5502 3435 5577 laudem
3465 5501 3579 5569 ejus
3599 5542 3613 5565 ,
3645 5502 3845 5577 iu_otu_-

2262 5572 2418 5632 nilius
2488 5575 2923 5647 generationibus
2994 5574 3202 5628 laudem
3265 5573 3549 5647 gratiarum
3617 5572 3841 5647 actionis

2260 5642 2580 5713 offerentés,
2625 5657 2710 5700 aut
2761 5645 2883 5715 quia
2929 5661 2996 5702 ex
3028 5655 3252 5714 utraque
3278 5642 3636 5715 generatione
3666 5642 3842 5712 ipsum

2263 5719 2573 5774 laudamus:
2603 5732 2710 5772 non
2753 5716 2925 5772 solum
2966 5732 3032 5771 ex
3078 5715 3142 5769 iis
3168 5715 3256 5785 qui
3297 5714 3470 5768 adhuc
3498 5714 3547 5767 in
3574 5731 3739 5767 carne
3763 5716 3835 5768 vi-

2260 5799 2426 5857 vunt,
2449 5788 2541 5844 sed
2570 5790 2728 5844 etiam
2769 5803 2836 5843 ex
2867 5788 2931 5843 iis
2960 5787 3047 5857 qui
3076 5800 3109 5842 a
3131 5785 3708 5857 carnediscessemnt:
3742 5802 3840 5856 βπ·-

2261 5856 2519 5915 triarCltas
2552 5873 2748 5929 nempe
2769 5901 2785 5921 .
2812 5856 3082 5929 apostolos
3105 5898 3121 5926 ,
3155 5856 3467 5929 prophetas.
3495 5864 3549 5910 et
3576 5869 3842 5927 martyres

2260 5935 2314 5993 lu
2345 5936 2580 5995 medium
2607 5938 2926 5992 advocantes
2950 5976 2964 6004 ,
2987 5950 3108 5989 cum
3141 5937 3307 6004 ipsum
3334 5944 3633 6002 precamur.
