4104 6422
423 346 529 402 725

423 527 471 577 l.
506 520 567 576 In
600 523 751 586 finem
802 538 894 594 pro
920 523 980 594 iis
1020 523 1106 593 qui
1155 519 1618 594 conmmtaliuntur,
1675 517 2012 572 testimonium

594 596 693 663 ipsi
721 592 895 665 Asuplt
923 635 935 659 ,
959 592 1199 648 Psalums
1226 608 1374 663 super
1401 592 1623 663 Assyrio.
1652 606 1835 646 LXXIX.

490 728 544 787 1.
575 727 992 786 Commutandos
1037 735 1194 781 vocat
1236 740 1327 781 eos
1367 725 1454 794 qui
1503 739 1598 794 per
1641 723 2009 793 ptenitentiam

422 802 710 857 renovandi
752 809 897 855 sunt.
938 799 981 854 E
1009 815 1065 853 re
1090 809 1265 851 autem
1302 795 1367 849 In
1399 794 1815 869 finemadjunxit
1841 835 1855 857 ,
1887 794 2017 869 quia)

423 873 661 927 ultimam
711 885 962 926 ancoram
1003 869 1260 923 habemus
1280 866 1654 935 paenitentiam
1689 911 1695 917 .
1729 880 1790 919 ea
1830 875 2009 918 autem

420 945 580 998 etiam
611 944 664 995 in
695 942 799 995 fine
834 940 1151 996 saeculorum
1191 953 1287 1007 per
1311 937 1506 992 Christi
1537 936 1822 992 adventum
1875 951 2012 1002 pra:-

421 1013 596 1069 dicata
624 1012 742 1066 fuit.
771 1012 826 1065 In
848 1011 1039 1064 horum
1085 1009 1447 1063 testimonium
1480 1007 1656 1077 Asaph
1687 1015 2007 1077 praesentem

424 1085 692 1138 Psalmum
742 1082 1045 1136 modulatus
1087 1088 1171 1134 est
1212 1090 1370 1149 atque
1412 1079 1462 1131 in
1512 1076 1723 1131 Psalmo
1778 1076 2013 1130 narravit

425 1163 618 1223 quanta
641 1153 946 1208 .ludazorum
977 1151 1204 1223 populus
1229 1151 1298 1223 ob
1335 1149 1728 1223 multitudinem
1764 1157 2011 1223 peccate-

424 1218 539 1279 rum
570 1238 758 1293 passus
785 1233 885 1277 est.
917 1218 1097 1293 2.:Qui
1122 1221 1303 1293 pascis,
1324 1218 1509 1293 Israel,
1535 1218 1775 1293 attende,-
1801 1218 1891 1293 qui
1912 1218 2008 1293 de—

423 1287 738 1348 ducis'velut
781 1310 920 1348 ovem
962 1287 1153 1363 Ioseph
1182 1292 1305 1363 :qui
1325 1290 1465 1345 sedes
1508 1305 1658 1360 super
1706 1287 2008 1363 Cherubim,

422 1382 634 1435 appara.
656 1364 815 1421 Vides
843 1358 1115 1435 quomon
1135 1358 1367 1435 cumbis
1392 1358 1693 1435 cottsonent
1718 1360 1878 1415 verba
1909 1358 2012 1413 Do-

423 1429 552 1491 mini
579 1476 594 1497 ,
627 1451 745 1505 qua:
773 1436 823 1505 in
850 1429 1367 1505 Evangeliisdixisse
1409 1432 1616 1505 fertur;
1645 1430 1758 1505 Ego
1784 1445 1895 1505 sum
1917 1446 2013 1505 pa-

423 1518 531 1560 stor
555 1499 715 1561 bonus
754 1504 932 1575 (Joan.
969 1499 1054 1556 lii.
1092 1503 1214 1575 7M).
1244 1503 1348 1575 Sed
1371 1518 1493 1575 cur,
1514 1502 1633 1575 aliis
1663 1499 1887 1575 relictis,
1918 1499 2011 1555 Jo-

421 1577 647 1647 sepbum
692 1572 1041 1647 et‘Jacohum
1086 1574 1136 1647 in
1169 1572 1399 1628 medium
1428 1572 1681 1647 adducit?
1709 1572 1839 1647 Quia
1868 1581 2013 1625 uter-

420 1642 525 1716 que
558 1662 625 1702 ex
646 1646 952 1701 memoratis
991 1643 1260 1714 prolectus
1298 1653 1398 1705 est,
1435 1643 1569 1716 alius
1605 1644 1656 1697 in
1689 1642 2008 1716 Aigyptum,

420 1714 559 1773 alius
580 1719 632 1773 in
662 1717 1117 1787 Mesopotamiam,
1134 1723 1189 1769 et
1212 1726 1431 1785 uterque
1458 1714 1527 1768 ibi
1556 1715 1899 1787 servivit._lAt
1916 1728 2010 1787 eo-_

420 1803 540 1844 rmn
568 1783 878 1843 servitutem
901 1787 951 1840 in
979 1787 1299 1851 libertatem,
1322 1783 1376 1840 et
1398 1786 1448 1839 in
1479 1787 1613 1840 bona
1641 1800 1759 1853 qua:
1783 1783 2010 1838 libertati

425 1859 607 1913 addita
653 1867 778 1913 sunt
826 1858 1095 1912 transtulit
1133 1857 1305 1920 Deus,
1350 1871 1510 1926 quem
1552 1871 1696 1910 nunc
1733 1854 2012 1909 attendere

419 1930 683 2001 propheta
727 1929 964 2001 expetit;
994 1937 1053 2001 ut
1084 1941 1324 2001 cernens
1349 1930 1657 2001 universum
1694 1940 1861 2001 genus
1910 1940 2001 2001 no-l

418 1995 593 2055 stt-tim
622 1995 986 2070 spiritualibus
1025 1999 1250 2070 inimicis
1284 1999 1487 2053 servire
1532 2000 1660 2070 (non
1688 1996 1828 2051 enim
1861 2004 1917 2070 u_t
1944 1995 2011 2050 ad

420 2086 517 2136 se,
544 2067 992 2135 sed'indelinite,
1021 2083 1115 2125 seu
1155 2069 1220 2123 ad
1254 2084 1443 2125 omnes
1471 2068 1721 2138 reSpiciat
1753 2067 2010 2138 propheta

420 2145 623 2211 optimc
654 2138 863 2211 rogat),
898 2141 1172 2196 festinaret
1199 2140 1265 2195 ad
1305 2140 1607 2211 libertatem
1639 2149 1873 2211 nostram
1903 2180 1917 2203 ,
1949 2149 2012 2211 ac

421 2208 533 2265 cito
567 2208 885 2266 adventaret
913 2212 963 2265 in
998 2226 1190 2275 carne,
1236 2212 1487 2281 quoniam
1533 2210 1650 2281 ejus
1666 2209 1905 2281 adventu
1943 2208 2010 2263 ad

421 2282 725 2337 libertatem
754 2298 888 2351 opus
914 2281 1193 2348 habemus;
1224 2297 1398 2352 neque
1423 2281 1529 2336 alio
1555 2280 1715 2335 modo
1735 2280 2011 2335 sedentem

422 2369 586 2423 super
615 2353 906 2407 Cherubim
957 2353 1450 2423 susrcpturiﬁcrant
1496 2352 1738 2423 homines
1758 2393 1774 2416 ,
1805 2352 2010 2423 nisi__in

420 2419 584 2478 carne
613 2424 934 2478 advenisset.
959 2424 1013 2479 5.
1043 2419 1225 2477 Coram
1253 2422 1522 2492 Ephraim,
1549 2422 1814 2492 Benjamin
1836 2431 1882 2476 et
1902 2419 2013 2474 Μα-

420 2511 573 2548 nasse
596 2536 611 2556 ,
638 2495 804 2548 excitu
838 2495 1113 2562 potentiam
1151 2505 1288 2547 tuam
1307 2535 1322 2554 ,
1351 2503 1397 2547 et
1422 2494 1533 2548 veni
1574 2504 1627 2546 ut
1649 2493 1814 2547 salvos
1852 2492 2012 2562 facias

420 2582 536 2619 nos.
583 2564 739 2621 Clare
785 2563 1069 2620 adventum
1100 2563 1368 2634 Unigeniti
1409 2565 1461 2618 in
1487 2579 1703 2618 carnem
1746 2563 2010 2633 postulat;

418 2637 673 2704 quocirca
701 2651 803 2689 non
831 2636 990 2689 modo
1021 2637 1295 2703 utveniat,
1325 2635 1420 2690 sed
1447 2636 1606 2690 etiam
1633 2643 1692 2689 ut
1720 2635 2012 2704 potentiam

417 2723 572 2761 suam
605 2706 817 2763 excitet.
853 2716 1020 2777 rogat;
1057 2708 1344 2776 potentiam
1372 2716 1552 2762 autem
1574 2715 1735 2777 vocat
1770 2706 2012 2760 incarna-

420 2778 623 2832 tionem
656 2796 668 2831 :
698 2779 775 2831 sic
798 2776 939 2832 enim
963 2789 1017 2831 et
1039 2778 1088 2830 in
1107 2777 1213 2832 alio
1238 2777 1569 2831 Psalmorum
1589 2777 1705 2832 loco
1726 2776 1894 2845 ipsam
1922 2791 2015 2845 ap-

418 2849 582 2920 pellat
633 2847 879 2920 Azllnduit
932 2847 1182 2903 Dominus
1232 2849 1528 2920 potentiam?
1557 2857 1605 2902 et
1652 2846 1914 2920 prarcinxit
1962 2864 2016 2901 se

417 2918 596 2992 (Psal.
622 2918 710 2992 9:2.
738 2921 812 2988 1).
836 2921 1016 2990 Ecqua
1041 2920 1106 2974 de
1132 2918 1290 2975 causa
1320 2934 1440 2973 cum
1463 2919 1622 2975 etiam
1650 2919 1797 2992 prius
1824 2927 2014 2992 puteos

415 2989 602 3054 esset,
636 2989 942 3061 lateretque
975 2992 1247 3054 homines,
1283 3000 1458 3061 tamen
1498 3004 1618 3044 eum
1649 2990 1700 3042 in
1731 2989 2013 3061 carnead-

416 3061 588 3124 vcnit,
617 3059 1014 3132 potentiamque
1058 3060 1521 3132 suamostendil,
1552 3061 1690 3113 hanc
1721 3059 2012 3127 potentiam

414 3147 603 3185 coram
658 3130 945 3201 Ephraim,
998 3131 1275 3200 Benjamin
1333 3130 1697 3201 etiManasse
1729 3132 2012 3184 excitatam

415 3202 590 3257 fuisse
635 3200 853 3256 diCitur?
881 3203 958 3257 Ex
1003 3213 1157 3272 parte
1194 3210 1358 3257 totum
1391 3200 1640 3272 lsraelem
1668 3200 1916 3272 indicat,
1947 3201 2014 3256 ad

413 3289 580 3344 quem
610 3272 854 3327 Christus
882 3289 948 3328 ex
973 3270 1116 3327 cielis
1150 3273 1457 3327 incarnatus
1487 3270 1704 3344 advenit
1733 3290 1747 3326 :
1777 3286 2013 3344 quapro-

418 3343 544 3414 pter
568 3345 663 3409 ait,
693 3344 882 3399 Coram
908 3344 1034 3413 ipsis
1061 3344 1352 3414 potentiam
1382 3343 1554 3414 excita
1579 3359 1594 3408 ;
1623 3343 1710 3397 vel
1737 3343 1863 3414 quia
1892 3358 2012 3397 cum

413 3413 681 3469 adversus
711 3415 857 3470 illum
886 3413 1168 3480 sentirent,
1190 3415 1351 3469 talem
1380 3428 1500 3468 esse
1523 3413 2012 3482 deprehenderunt,

416 3496 475 3538 ut
508 3485 576 3538 ad
607 3485 778 3554 ipsum
806 3485 1144 3541 accederent.
1169 3486 1225 3540 4.
1257 3483 1414 3550 Deus,
1440 3493 1671 3538 converte
1701 3500 1792 3537 nos
1813 3524 1827 3549 ,
1857 3493 1903 3538 et
1928 3502 2014 3539 os-

415 3557 572 3629 tende
599 3556 780 3629 facient
808 3566 968 3619 tuam,
997 3566 1043 3629 et
1059 3557 1186 3610 salvi
1210 3557 1415 3611 erimus.
1441 3555 1496 3609 In
1524 3554 1872 3629 sequentibus
1896 3572 2014 3625 pro-

417 3628 581 3697 pheta
624 3627 907 3682 clariorem
954 3627 1131 3682 reddit
1171 3641 1506 3697 sermonem,
1538 3625 1847 3697 ostendens
1884 3642 2018 3696 quo-

415 3696 584 3752 modo
630 3706 686 3752 et
726 3714 831 3767 qua
872 3697 940 3752 de
981 3713 1142 3753 causa
1197 3696 1442 3753 ChriStus
1485 3696 1811 3751 adventuros
1846 3706 2008 3752 esset.

419 3768 704 3823 Adventus
730 3769 872 3823 enim
897 3769 1011 3822 hare
1030 3783 1190 3822 causa
1214 3768 1342 3835 luit,
1373 3776 1431 3822 ut
1461 3782 1559 3822 nos
1585 3776 1925 3823 converteret
1962 3778 2017 3824 et

413 3840 761 3908 corrigeret:
794 3838 983 3908 modus
1030 3848 1244 3903 autem,
1290 3840 1554 3908 apparitio
1602 3839 1914 3906 manifesta,
1960 3850 2017 3895 ut

414 3925 544 3964 eum
575 3907 708 3965 facie
733 3910 798 3963 ad
828 3907 1016 3964 faciem
1044 3907 1344 3965 videremus
1368 3907 1388 3963 7:
1419 3924 1520 3964 nec
1543 3909 1649 3963 alio
1676 3909 1835 3964 modo
1873 3910 2017 3964 Sul‘J-

418 3992 532 4036 tem
557 3983 693 4034 nacti
724 3995 1001 4046 essemus,
1035 3981 1133 4034 nisi
1161 3980 1262 4034 hoc
1288 3981 1449 4035 modo
1474 3981 1827 4049 apparuisset.
1860 3981 2014 4049 Quod

414 4053 583 4106 etiam
613 4051 780 4107 Jacob
826 4053 1126 4120 patriarcha
1161 4049 1371 4106 dicebat
1401 4069 1415 4105 :
1455 4050 1570 4105 Vidi
1602 4050 1767 4104 Deum
1793 4051 1924 4120 [acie
1947 4051 2017 4106 ad

416 4124 628 4193 faciem,
660 4132 706 4175 et
735 4123 857 4176 vixit
886 4122 1057 4175 animo
1080 4138 1192 4175 mea
1217 4120 1369 4190 (Gen.
1397 4122 1487 4176 52.
1511 4120 1623 4193 50).
1653 4121 2015 4187 Quamobrem

418 4192 596 4264 ipsum
626 4193 695 4246 ita
726 4194 910 4247 videre
949 4192 1159 4264 Moyses
1191 4208 1404 4263 quoque
1442 4192 1754 4264 postulavit,
1776 4208 1892 4264 non
1915 4209 2015 4248 cu-

418 4263 665 4319 riositatc
687 4274 862 4318 motus
885 4303 901 4329 ,
929 4264 1022 4319 sed
1043 4263 1170 4319 eum
1195 4272 1398 4329 nosset,
1425 4263 1609 4334 utpote
1637 4263 1896 4333 prepheta
1913 4306 1928 4329 ,
1956 4265 2014 4319 in

419 4334 525 4388 hoc
556 4337 841 4404 repositam
869 4350 988 4390 esse
1014 4334 1290 4390 hominum
1314 4336 1538 4391 salutem
1565 4350 1702 4389 :non
1734 4345 1791 4388 ut
1816 4335 2013 4391 nudam

420 4405 633 4460 videret
677 4405 1009 4460 divinitatem
1042 4423 1058 4461 :
1090 4408 1229 4460 hanc
1251 4406 1393 4461 enim
1439 4406 1557 4475 ejus
1581 4405 1770 4461 faciem
1795 4406 1973 4461 nullus
1995 4448 2012 4473 ,

418 4487 478 4530 ut
505 4477 620 4547 ipse
649 4476 789 4531 Deus
811 4476 905 4537 ait,
922 4476 1105 4531 videre
1127 4478 1322 4546 poterit
1344 4476 1536 4547 (Exod.
1568 4478 1657 4533 55.
1681 4475 1798 4547 20).
1826 4477 1880 4532 5.
1900 4475 2013 4532 Do-

418 4548 556 4601 mine
574 4546 713 4602 Deus
734 4547 1274 4618 virtututn,lquousque
1294 4546 1525 4618 irasceris
1550 4563 1704 4618 super
1732 4546 2016 4602 arationem

417 4634 679 4673 servorum
704 4625 906 4671 tuorum
922 4618 948 4671 ?
972 4617 1086 4672 Non
1109 4618 1225 4672 sine
1245 4632 1404 4672 causa
1436 4617 1519 4671 his
1545 4617 1674 4673 usus
1700 4626 1783 4672 est
1809 4619 2011 4685 verbis,

419 4690 514 4744 sed
544 4689 702 4744 simul
751 4703 902 4743 suam
943 4687 1257 4758 dignitatem
1294 4687 1573 4756 indicans,
1604 4687 1764 4742 simul
1790 4703 1913 4744 eum
1955 4697 2015 4745 ut

417 4760 603 4814 veniat
648 4759 807 4815 enixe
854 4773 1091 4829 rogans:
1123 4760 1474 4828 quamobrem
1531 4773 1652 4815 eum
1697 4773 1803 4813 non
1851 4759 2014 4816 modo

421 4830 615 4896 Demn,
648 4830 742 4885 sed
767 4830 928 4885 etiam
961 4830 1241 4886 Dominum
1269 4831 1546 4891 virtutum.
1580 4829 1830 4885 videlicet
1855 4831 2014 4886 caele-

419 4902 605 4967 stium,
628 4902 883 4972 appellat.
905 4899 1039 4957 Cum
1066 4909 1242 4972 autem
1270 4901 1468 4972 Spiritu
1494 4899 1703 4954 afﬂatus
1723 4915 2012 4971 cognosce-

419 4982 504 5027 ret
543 4973 595 5026 in
643 4970 787 5044 aliud
836 4981 1050 5044 tempus
1091 4970 1292 5044 dilI‘erri
1339 4971 1537 5044 Christi
1577 4970 1891 5044 mysterium
1916 5013 1931 5036 ,
1962 4974 2013 5028 id

420 5044 557 5113 iram
602 5041 1055 5113 appellat,.quod
1083 5042 1260 5098 oratio
1304 5041 1420 5112 ejus
1456 5050 1601 5113 tunc,
1635 5041 1839 5097 exitum
1904 5059 2011 5099 non

420 5111 665 5168 habitura
679 5111 835 5168 esset
869 5134 881 5169 :
910 5111 975 5168 ac
1000 5126 1275 5183 quousque
1305 5111 1382 5168 ira
1411 5111 1747 5183 extendenda
1773 5115 1844 5167 sit
1872 5117 2010 5169 scis-

418 5184 614 5239 citatttr
640 5201 653 5235 :
683 5198 848 5254 quare
881 5182 1158 5254 sequentia
1191 5182 1275 5238 sic
1310 5183 1552 5252 adjunxit
1584 5202 1596 5237 :
1626 5183 1678 5239 6.
1697 5182 1895 5239 Cibabis
1920 5202 2013 5240 nos

419 5271 554 5326 pane
582 5256 943 5326 lacrumarum,
966 5263 1011 5308 et
1041 5254 1238 5324 potabis
1268 5270 1358 5326 nos
1383 5255 1623 5326 lacrymis
1660 5255 1714 5326 in
1753 5272 2008 5309 mensura.

490 5324 719 5397 Christus
745 5325 894 5394 panis
917 5326 1030 5380 vita:
1057 5336 1103 5379 et
1132 5324 1368 5396 poculum
1383 5324 1717 5397 [aetatem
1744 5331 2013 5385 communi

423 5393 552 5449 illud
576 5436 593 5462 ,
625 5393 895 5466 Usquequo
918 5438 934 5461 ,
980 5393 1180 5450 dictum
1214 5404 1317 5469 _est
1346 5393 1514 5451 z'ttam
1562 5396 1630 5451 ad
1676 5397 1805 5453 illud
1844 5412 2013 5469 usque

423 5476 637 5535 tempus
672 5469 950 5538 prephetze
992 5481 1184 5538 panem
1213 5466 1569 5538 lacrymarum
1595 5476 1658 5538 et,
1698 5476 1879 5536 potum
1921 5466 2014 5524 su-

419 5538 667 5609 mebant,
698 5537 1006 5609 humanum
1025 5552 1194 5608 genus
1219 5537 1597 5609 deplorantes,
1629 5537 1802 5594 donec
1848 5538 2029 5595 advc-A

419 5606 586 5680 aiens;
623 5608 737 5678 ipse
763 5606 1046 5674 Christus,
1075 5608 1224 5680 panis
1262 5606 1386 5680 vita:
1412 5617 1469 5664 et
1509 5609 1759 5680 poculum
1789 5609 2012 5668 effectus

416 5685 521 5730 est.
550 5677 918 5749 congruenter
942 5677 1121 5734 autem
1149 5679 1299 5743 illud,
1319 5677 1386 5733 In
1416 5677 1685 5746 mensura,
1713 5680 2006 5749 subjunxit,

414 5748 712 5803 ostendens
738 5749 868 5803 nihil
894 5750 1033 5819 apud
1064 5749 1230 5805 Deum
1259 5751 1375 5805 sine
1404 5766 1674 5815 mensura,
1708 5749 1803 5806 sed
1815 5748 2009 5808 omnia

414 5830 535 5873 eum
558 5821 736 5892 regula
766 5829 820 5876 et
846 5835 1096 5876 mensura
1135 5835 1295 5890 esse;
1322 5822 1435 5879 sive
1476 5823 1554 5878 ira
1581 5823 1694 5879 sive
1723 5822 2003 5893 castigatio

1722 332 1786 389 ΙΝ
1827 328 2143 389 ΡεΑωιωι
2186 326 2424 387 LXXIX.

3604 339 3708 392 7‘36

2122 460 2173 498 tu
2195 443 2468 499 hominum
2484 444 2764 500 utilitatem
2786 445 3069 503 inducitur.
3087 450 3139 505 7.
3156 449 3385 505 Posuisti
3400 468 3491 505 ros
3515 453 3568 506 in
3590 469 3711 506 cor.—

2121 515 2468 569 trudictionem
2502 517 2676 570 vicinis
2701 519 2918 583 nostris,
2949 530 2995 573 et
3016 521 3207 575 inimici
3236 524 3393 577 nostri
3422 522 3707 577 subsannai

2117 595 2294 663 verunt
2336 603 2447 663 nos.
2479 587 2705 641 Eosdem
2752 589 2899 663 ipsos
2926 605 3068 663 nunc
3108 607 3321 663 quoque
3370 593 3618 649 inimicos
3653 606 3711 650 ct

2118 656 2323 710 vicinos
2368 658 2510 712 clare
2563 672 2742 712 sermo
2772 656 3083 716 'subindtcat
3112 656 3325 719 {donec
3366 666 3507 719 enim
3552 680 3708 720 suum

2118 725 2326 798 distulit
2360 727 2653 781 adventum
2692 727 2973 798 Christus,
3022 733 3075 786 in
3131 735 3602 790 subsannationem
3657 747 3714 793 et

2118 801 2171 875 in
2199 796 2434 851 derisum
2464 798 2729 853 habebant
2750 796 3014 875 hnmiucs;
3046 804 3297 873 ipsosque
3320 807 3551 861 maxime
3577 821 3705 875 pro-

2119 867 2309 945 phetas
2331 877 2396 945 ut_
2412 884 2516 922 non
2538 884 2754 924 veraces
2785 867 3081 945 habebant;
3101 867 3239 929 circa
3263 892 3322 930 ea
3352 893 3470 945 qua:
3495 877 3563 931 de
3580 867 3708 934 δεδι-

2119 939 2316 992 vatoris
2332 939 2560 994 adventu
2581 942 3022 1009 pnenuntiabam:
3040 939 3146 999 imo
3162 946 3321 1000 etiam
3340 939 3714 1002 contradictio-

2121 1025 2243 1087 nem
2266 1009 2341 1087 ab
2376 1011 2503 1081 ipsis
2534 1025 2651 1087 non_
2680 1011 2849 1087 levem
2876 1015 3212 1087 sustinebant
3242 1018 3515 1087 prophetae
3539 1059 3554 1082 ,
3581 1033 3708 1074 cum

2124 1079 2197 1134 illi
2231 1079 2455 1134 aliorum
2487 1080 3072 1152 pscitdopmphctarnm
3116 1079 3354 1142 divci'sa'
3377 1079 3709 1143 narrantium

2118 1165 2222 1219 ope
2242 1159 2538 1215 uterentur.
2564 1151 2728 1207 Forte
2754 1151 2912 1207 eiiam
2942 1157 3416 1213 contradictionem
3445 1160 3629 1213 statuit
3652 1161 3704 1214 in

2117 1220 2753 1297 dtemonibustinimieis
2793 1233 2854 1297 et
2893 1225 3082 1279 vicinis
3130 1229 3528 1297 spiritualibus,
3562 1231 3710 1285 clare

2118 1291 2444 1370 significans,
2469 1294 2606 1348 sicut
2631 1293 2953 1370 domesticos
2983 1291 3248 1370 herisfita
3279 1291 3556 1354 daemonas
3587 1316 3712 1370 pro-

2118 1362 2294 1438 phetis
2314 1364 2583 1438 subjectos
2611 1380 2733 1420 esse
2751 1406 2767 1432 ,
2793 1367 2914 1438 lqui_
2938 1376 3114 1422 tamen
3133 1362 3432 1438 aliquando
3459 1386 3524 1424 ex
3549 1362 3708 1426 aruo-

2115 1433 2293 1504 gantia
2341 1436 2734 1490 contradicunt.
2777 1433 2833 1492 8.
2877 1435 3098 1492 Domine
3125 1433 3262 1494 Deus
3292 1442 3559 1507 virtutum,
3591 1459 3712 1495 con—

2117 1514 2252 1575 verte
2291 1520 2415 1568 nos,
2447 1514 2493 1558 et
2538 1508 2744 1560 ostende
2770 1507 2955 1575 facient
2977 1520 3147 1575 tuam,
3178 1519 3224 1563 et
3252 1512 3379 1565 salvi
3412 1514 3614 1568 erimus.
3653 1512 3708 1565 In

2119 1574 2308 1657 eadem
2354 1585 2558 1657 perstat
2597 1574 3014 1657 supplicatione,
3048 1589 3104 1634 ut
3134 1574 3389 1657 ostendat
3418 1593 3612 1657 quanta
3643 1583 3715 1657 sit

2115 1647 2232 1718 ejus
2257 1647 2548 1702 necessitas
2567 1688 2582 1712 ,
2611 1647 2877 1718 simulque
2906 1665 3002 1705 nos
3028 1650 3230 1715 erudit,
3264 1668 3334 1708 ne
3359 1647 3540 1707 animo
3569 1652 3708 1707 deli-

2119 1717 2355 1779 ciamus.
2382 1718 2426 1772 si
2466 1720 2683 1787 quando
2713 1717 2977 1792 postulata
3022 1735 3128 1776 non
3168 1737 3583 1792 consequamur,
3617 1723 3713 1779 sed

2117 1802 2574 1861 perseveremus:
2612 1790 2833 1846 omnino
2879 1793 3021 1846 enim
3067 1790 3490 1861 impetrabiinus.
3536 1795 3593 1849 9.
3626 1792 3716 1847 Vi-

2117 1874 2265 1982 ;wqm
2311 1859 2377 1913 de
2404 1859 2637 1933 Afgypto
2664 1862 2997 1931 transtulisti,
3026 1859 3216 1936 ejecisti
3252 1875 3424 1938 gentes
3445 1906 3460 1932 ,
3492 1873 3537 1920 et
3560 1864 3715 1936 plan-

2139 1946 2193 1982 as
2220 1947 2233 1981 ι
2260 1946 2391 1982 eam.

2139 1938 2235 1982 ιιδεί
2260 1946 2391 1984 eam.

2189 2000 2245 2073 2.
2276 2000 2371 2055 Hic
2395 2010 2612 2073 enarrat
2638 2011 2889 2073 quantam
2916 2003 3054 2060 Deus
3081 2019 3262 2060 curam
3295 2006 3545 2063 habuerit
3571 2005 3713 2062 circa

2116 2071 2342 2125 Salutem
2384 2071 2602 2144 _Judaici
2647 2071 2850 2144 populi.
2880 2074 3342 2142 Quemadmodum
3380 2078 3525 2132 enTm
3566 2078 3716 2132 colo-

2118 2157 2220 2197 nus
2241 2184 2255 2201 .
2289 2150 2349 2197 ut
2376 2140 2663 2197 fecundam
2691 2140 2738 2199 et
2764 2140 3079 2201 feraciorem
3111 2147 3325 2201 vineam
3355 2147 3552 2202 efficiat
3572 2189 3587 2213 ,
3618 2162 3709 2202 se-

2119 2213 2222 2267 mel
2256 2213 2398 2267 illam
2428 2222 2484 2268 et
2511 2214 2700 2268 iterum
2745 2216 3033 2271 transfert:
3066 2217 3145 2272 sic
3172 2218 3311 2272 Deus
3354 2218 3603 2272 lsraelem
3640 2234 3704 2271 ex

2119 2291 2261 2339 terra
2282 2282 2652 2356 Chaldazorutn
2680 2300 2779 2356 per
2800 2286 3159 2341 Ahrahamum
3190 2288 3242 2342 in
3271 2297 3467 2343 terram
3501 2288 3711 2343 Chana-

2118 2370 2358 2429 nasorum
2383 2354 2632 2429 deduxit;
2676 2354 2801 2429 inde
2852 2372 2948 2427 per
2993 2357 3249 2413 Jacobum
3299 2361 3349 2413 in
3377 2358 3710 2429 Egyptum;

2116 2425 2337 2501 demum
2383 2427 2503 2501 illos
2547 2427 2699 2501 quasi
2743 2428 2794 2501 in
2847 2425 3031 2501 arvum
3079 2430 3272 2501 pingue
3315 2429 3382 2484 ad
3414 2425 3609 2484 terram
3645 2430 3714 2483 ab

2117 2496 2618 2579 inilio‘promissam
2657 2497 2830 2579 duxit_.
2864 2499 2972 2554 Nec
3008 2496 3382 2579 modo'ipsam
3409 2501 3674 2579 plantavit
3696 2542 3712 2560 ,

2118 2567 2213 2621 sed
2240 2567 2401 2641 etiam
2448 2567 2740 2623 radicavit:
2771 2570 2822 2625 id
2866 2578 2950 2624 est
2995 2570 3205 2626 radices
3237 2567 3318 2626 illi
3352 2567 3429 2625 in'
3449 2571 3714 2641 profumlo

2118 2639 2317 2707 posuit,
2350 2647 2535 2709 utpote
2566 2655 2682 2709 quae
2704 2655 2809 2695 non
2833 2641 2970 2695 ultra
3004 2641 3377 2697 transferenda
3403 2639 3567 2697 esset.
3601 2641 3711 2697 Nec

2118 2710 2268 2782 prius
2302 2710 2352 2764 id
2394 2719 2722 2782 exsequutus
2761 2720 2875 2779 est,
2915 2728 3074 2782 quam
3103 2721 3294 2782 gentes
3333 2714 3538 2767 incolas
3560 2715 3710 2782 quasi

2118 2781 2321 2854 sninasl
2353 2781 2654 2854 evulsissel.
2687 2781 3045 2854 Quamobrem
3086 2781 3341 2854 prospere
3367 2784 3508 2851 egit,
3542 2781 3599 2837 ut
3622 2797 3711 2839 se.

2120 2852 2410 2921 quentibus
2453 2851 2763 2923 declaravit.
2794 2854 2890 2923 10.
2936 2852 3056 2907 Dux
3087 2851 3287 2909 itineris
3317 2854 3459 2923 fuisti
3488 2855 3541 2907 in
3590 2870 3716 2907 cou-

2117 2933 2292 2994 spcctu
2318 2923 2446 2994 ejus.
2471 2922 2588 2989 Quo
2614 2922 2808 2993 pacto?
2834 2925 2935 2978 Per
2957 2923 3136 2977 datam
3164 2922 3360 2994 legem,
3392 2934 3445 2979 et
3469 2925 3709 2994 gentium

2121 2992 2564 3067 internecionem.
2616 2992 2685 3047 Et
2705 2994 3199 3067 _plnntastiradices
3221 2992 3372 3067 ‘ejus,
3405 3004 3450 3049 et
3476 2992 3716 3067 impleuit

2119 3071 2329 3138 t_e_rram.
2352 3062 2524 3138 Radix
2541 3079 2670 3138 vero
2686 3062 2932 3138 _Judaicm
2949 3065 3119 3138 vinem
3141 3062 3275 3120 sunt
3289 3068 3518 3138 Moyses,
3534 3062 3713 3131 .lesus,

2120 3132 2372 3200 Phinees,
2391 3133 2633 3189 Eleazar.
2659 3136 2719 3189 lli
2750 3145 2946 3190 terram
2972 3136 3169 3205 pietate
3192 3152 3286 3193 sua
3307 3132 3669 3206 impleverunt
3695 3157 3721 3191 εκ

2118 3219 2459 3328 qpocumque
2500 3206 2643 3260 enim
2695 3206 2909 3261 illorum
2954 3209 3177 3263 virtutes
3223 3210 3573 3263 transierunt.
3624 3209 3712 3263 ll.

2174 3277 2333 3328 oeruit
2357 3285 2547 3328 montes
2584 3277 2763 3328 umbra
2783 3279 2925 3328 eius.
2949 3287 2995 3328 et
3018 3279 3224 3328 arbusta
3247 3281 3360 3328 eius
3395 3280 3573 3328 cedrus
3599 3277 3712 3328 Dei.

2173 3277 2333 3343 peruit
2357 3285 2547 3351 montes
2584 3277 2763 3351 umbra
2783 3279 2894 3350 ejus
2909 3318 2925 3344 ,
2949 3287 2995 3332 et
3018 3279 3224 3351 arbusta
3247 3281 3360 3351 ejus
3395 3280 3573 3351 cedros
3599 3277 3716 3331 Dei.

2121 3346 2330 3403 Montes
2360 3356 2485 3401 sunt
2524 3347 2653 3416 justi
2707 3346 2833 3416 Dei,
2861 3351 2931 3404 ob
2957 3351 3078 3404 vita:
3118 3346 3333 3405 illorum
3378 3350 3716 3405 altitudinem

2119 3418 2606 3491 etettltlimitatem
2633 3438 2646 3475 :
2677 3420 2944 3491 iidemque
2990 3420 3089 3490 ipsi
3126 3421 3274 3477 cedri
3320 3431 3446 3475 sunt
3489 3438 3503 3474 :
3535 3420 3718 3475 Justus

2120 3489 2263 3543 enim
2302 3501 2358 3544 ut
2405 3488 2577 3560 palma
2599 3490 2827 3560 ﬂorebit,
2857 3488 2985 3545 sicut
3013 3488 3194 3546 cedrus
3236 3492 3288 3546 in
3315 3491 3512 3545 Libano
3541 3492 3713 3544 multi-

2120 3559 2390 3626 plicabitur
2406 3558 2711 3631 '(Psal.‘9l.
2744 3562 2850 3627 15).
2882 3562 2991 3615 Hos
3025 3564 3236 3631 operuit
3266 3564 3451 3618 umbra
3474 3562 3715 3617 Judaieze

2120 3632 2315 3696 vinem,
2345 3646 2542 3699 nempe
2578 3633 2698 3699 lex,
2720 3631 3170 3701 quemadmodum
3208 3633 3285 3687 ait
3314 3633 3511 3687 Paulus
3538 3651 3551 3688 :
3588 3631 3719 3687 Um-

2120 3701 2262 3755 bram
2283 3702 2477 3773 habens
2491 3702 2573 3773 lea:
2596 3706 2884 3773 futurorum
2909 3702 3154 3756 bonorum
3175 3745 3188 3768 ,
3217 3720 3318 3757 non
3342 3704 3506 3772 ipsam
3535 3704 3719 3773 imagi-

2120 3788 2235 3826 nem
2258 3789 2427 3845 rerum
2461 3772 2646 3845 (Hebr.
2671 3773 2758 3828 l0.
2789 3773 2867 3841 1).
2896 3774 3125 3828 Arbusta
3155 3774 3418 3845 intelliges
3442 3772 3719 3844 propheti-

2118 3857 2214 3897 cas
2271 3844 2570 3908 dictiones,
2625 3860 2746 3914 qum
2792 3846 3167 3915 operantium,
3209 3860 3306 3900 ceu
3338 3844 3716 3915 agricolarum

2081 3947 2088 3955 -
2119 3915 2342 3970 arbores
2379 3915 2669 3969 colentium
2713 3914 2996 3969 virtutibus
3027 3915 3283 3971 sublimes
3322 3914 3550 3983 effecte,
3590 3929 3718 3984 pro-

2122 3985 2293 4053 prium
2339 3985 2595 4040 exhibent
2648 3984 2903 4040 fructum.
2963 3986 3090 4040 Hirc
3152 3986 3332 4056 itaque
3368 3985 3542 4056 justos
3571 4001 3716 4056 opo-

2119 4065 2376 4117 ruerunt,
2408 4071 2516 4110 non
2572 4057 2643 4111 ita
2681 4064 2739 4110 ut.
2786 4057 3152 4123 occultarent;
3197 4055 3292 4113 sed
3337 4055 3408 4111 ita
3445 4066 3502 4111 ut
3534 4055 3602 4110 ab
3643 4057 3721 4112 eis

2121 4126 2512 4199 incredulitatis
2591 4129 2829 4199 algorem
2870 4138 2998 4199 _aut
3058 4130 3444 4199 cujuscumque
3513 4130 3718 4197 peccati

2120 4207 2309 4252 a-stum
2348 4197 2669 4253 eliminaretl
2726 4197 2815 4254 19..
2864 4197 3105 4254 Extendit
3145 4197 3377 4269 palmitt’i
3416 4215 3536 4254 suos
3565 4213 3720 4269 usque

2119 4268 2188 4341 ad
2213 4286 2405 4341 _mare,
2436 4278 2483 4341 et
2519 4287 2678 4339 usque
2705 4270 2773 4341 ad
2808 4270 3029 4341 ﬂumina
3065 4268 3367 4341 prapagines
3393 4271 3533 4341 ejus.
3576 4268 3722 4322 Mare

2118 4338 2251 4394 dicit
2316 4338 2636 4411 baptismum
2665 4382 2682 4407 ,
2728 4338 2949 4395 flumina
3001 4338 3298 4411 peculiares
3334 4338 3716 4410 expiationes;

2120 4411 2404 4492 palmites,
2451 4427 2519 4467 ex
2559 4413 2752 4492 quibus
2783 4427 2907 4492 _uvn».
2951 4413 3718 4492 "aSCUIIIUI',_Qllfllqll0l.‘Vllilf

2120 4480 2362 4537 instituto
2418 4480 2736 4552 conspicuos
2773 4481 3081 4552 Judteorunt
3127 4480 3355 4551 populus
3404 4480 3607 4552 habuit.
3653 4480 3717 4534 Hi

2118 4568 2226 4608 non
2289 4552 2343 4607 in
2388 4550 2568 4618 mari,
2604 4551 2698 4607 sed
2748 4566 2919 4623 usque
2979 4551 3049 4623 ad
3108 4550 3509 4623 mzu-erexteusi
3558 4560 3718 4615 sunt,

2118 4624 2610 4694 prepterlvirtutes
2652 4638 2779 4678 suas
2825 4622 2992 4694 prape
3037 4622 3288 4694 baptismi
3327 4623 3553 4693 gratiam
3598 4638 3723 4694 pro-

2117 4692 2308 4765 gressi.
2337 4692 2609 4765 Quotquot
2631 4701 2810 4748 autem
2827 4692 3158 4764 wpropagines
3195 4692 3432 4765 fuerunt,
3466 4707 3572 4765 non
3605 4693 3721 4765 pal-

2118 4763 2299 4831 mites,
2356 4763 2451 4819 sed
2497 4763 2770 4836 palmitum
2810 4763 3154 4836 imitatores,
3183 4764 3421 4836 legisque
3460 4763 3721 4836 justitiam

2119 4850 2232 4905 prae
2278 4849 2338 4890 se
2384 4833 2659 4900 ferentes;
2700 4834 2756 4889 bi
2800 4850 2972 4905 usque
3022 4835 3089 4890 ad
3136 4833 3376 4902 flumina,
3423 4833 3722 4905 peculiares

2118 4920 2312 4976 nempe
2348 4905 2680 4975 expiationes
2703 4947 2719 4974 ,
2766 4906 2985 4961 extensi.
3021 4917 3169 4973 sunt,
3222 4922 3329 4961 non
3365 4906 3432 4961 iis
3487 4906 3718 4976 purgati,

2119 4977 2216 5033 sed
2247 4974 2313 5031 se
2340 4974 2594 5048 purgatos
2627 4977 3017 5032 exiStimantes.
3047 4978 3137 5033 15.
3179 4976 3247 5033 Ut
3267 4976 3390 5048 quid
3425 4974 3722 5031 destruxisti

2118 5049 2391 5101 maceriam
2417 5050 2547 5118 ejus,
2591 5057 2638 5101 et
2680 5048 2989 5118 vindemiant
3014 5064 3127 5102 eam
3163 5063 3357 5115 omnes,
3396 5049 3482 5118 qui
3509 5055 3720 5118 prouerf

2068 5159 2079 5163 -
2118 5121 2418 5189 grediuntur
2437 5115 2867 5189 uiantiMaceria
2887 5117 3123 5175 Judaicat
3146 5120 3317 5189 vinea}
3339 5115 3423 5174 lex
3451 5115 3554 5172 est.
3586 5115 3642 5171 Id
3669 5116 3714 5170 si

2120 5188 2227 5244 non
2270 5189 2485 5258 eredas,
2531 5188 2659 5245 and}
2704 5188 2894 5261 Isaiam
2925 5189 3233 5261 dicentem:
3272 5188 3431 5261 Vinea
3472 5191 3609 5261 facta
3647 5196 3723 5242 est

2120 5260 2411 5333 dilecto,_in
2451 5276 2646 5333 cornu,
2668 5261 2720 5315 in
2748 5260 2859 5315 loco
2884 5261 3065 5333 pingui
3096 5259 3249 5333 (lsai.
3294 5260 3439 5333 5._l)
3470 5259 3483 5311 ἑ
3511 5268 3569 5313 et
3594 5274 3719 5333 rur-

2118 5345 2260 5395 sum,
2296 5330 2573 5385 Maceriam
2599 5328 2942 5399 circumposui
2957 5328 3176 5399 {legem
3197 5345 3326 5385 vero
3344 5328 3507 5395 dicit;
3538 5339 3584 5383 et
3610 5329 3723 5383 ual-

2119 5402 2259 5483 lari;
2282 5402 2487 5483 scilicet
2512 5402 2831 5483 praeceptis;
2865 5402 3171 5483 etplantavi
3197 5404 3396 5483 niueum
3424 5400 3641 5483 Sorae/1,
3672 5409 3736 5483 ei.

2118 5474 2367 5541 mli/icavi
2398 5471 2575 5526 turrim
2609 5473 2663 5526 in
2696 5472 2862 5543 medio
2893 5475 3049 5543 ejus;
3067 5488 3271 5543 nempe
3299 5471 3630 5543 Jerusalem;
3673 5480 3724 5523 et

2119 5540 2345 5598 torcular
2377 5544 2507 5614 fodi
2549 5543 2613 5614 in,
2657 5559 2717 5596 ea
2742 5540 2981 5614 (lbidJo.
3026 5542 3119 5614 2);
3169 5540 3378 5614 scilicet
3423 5541 3721 5614 templum:

2118 5615 2312 5670 deinde
2328 5612 2510 5685 adjicit
2540 5613 2717 5685 :Quid
2738 5612 2922 5685 faciam
2940 5612 3147 5685 uineas?
3176 5613 3423 5685 Auferam
3445 5613 3735 5685 maceriam.

2110 5683 2253 5757 'ejus,
2275 5694 2322 5765 et
2344 5684 2436 5738 erit
2462 5685 2515 5739 in
2541 5684 2873 5766 direptionem
2902 5683 3063 5766 (Ibid.
3089 5701 3134 5739 υ.
3165 5686 3246 5752 4).
3263 5683 3428 5740 Ηθηο
3447 5683 3718 5766 destruxit

2116 5755 2429 5819 numerium,
2471 5756 2684 5825 quando
2711 5756 2761 5809 in
2792 5755 3065 5826 Christum
3095 5766 3402 5826 pecearunt,
3435 5755 3525 5825 qui
3568 5755 3731 5826 ipsos.

2117 5826 2235 5897 lege
2266 5823 2579 5895 vallaverat,
2619 5836 2675 5883 et
2711 5823 3110 5883 vindemiantur‘
3134 5841 3163 5881 a
3210 5823 3709 5899 pertranseuntibus
