4104 6434
349 368 453 423 ’ἵέυ

428 484 500 537 De
528 481 807 536 neomcm'a.
830 510 899 519 —
930 480 982 534 4.
1027 473 1381 549 Burciiiate_iit
1414 469 1672 525 ncomcnia
1700 470 1829 549 talia
1850 508 1864 529 ,
1888 468 1941 521 in

351 555 537 620 insigni
567 553 649 606 die
684 550 1015 605 sotenmitutis
1055 558 1250 620 uestris.
1278 544 1434 620 Clare
1480 544 1789 620 prginttntiat
1818 553 1938 592 eum

350 610 515 695 quiin
538 625 655 690 lege
682 632 794 695 erat
824 622 874 674 in
908 618 1190 674 ueomenia
1217 614 1497 695 buccinare
1525 610 1814 695 delituisse;
1835 623 1941 695 non

352 678 876 762 s'ingulis'inensihus
907 707 920 743 :
951 698 1277 762 quapropter
1306 683 1565 762 insignem
1592 680 1734 762 diem
1777 678 1940 733 David

352 754 814 824 r-omtiiemoravit,
844 763 896 815 iu
949 754 1176 829 primani
1222 754 1437 829 septimi
1491 754 1691 829 mensis
1734 764 1939 804 sermo-

354 852 477 892 nem
505 834 764 889 referens.
795 822 886 887 Illa
927 822 1122 902 quippe
1144 837 1224 902 est
1250 822 1488 902 insignis,
1522 822 1572 877 id
1602 831 1680 901 est
1721 831 1941 902 propter

357 908 528 975 legem
551 905 803 975 celebris,
831 894 958 975 qusi
981 894 1070 955 sic
1090 899 1251 975 habet
1280 917 1292 952 :
1322 894 1495 975 Mense
1522 894 1755 975 septimo,
1778 894 1944 975 prima

356 960 437 1028 ιὶὸἷ
463 960 951 1046 mensis,rrit'vi_ibis
977 971 1190 1046 requies,
1208 964 1511 1046 .memoriale
1540 960 1941 1046 tultaruutchR.

356 1048 445 1101 235.
483 1046 613 1114 24).
647 1032 1003 1115 Quamobrem
1033 1032 1305 1115 psahnista
1346 1050 1505 1115 nunc
1529 1033 1803 1115 subiunxit
1844 1051 1857 1087 :

362 1117 496 1183 Quia
528 1101 830 1185 prwceptuat
855 1115 907 1167 in
940 1101 1215 1185 Israelgest
1227 1149 1242 1173 ,
1271 1117 1319 1163 et
1336 1104 1592 1185 judicium
1618 1102 1727 1158 Deo
1746 1101 1907 1185 Jacob
1926 1143 1942 1169 ,

356 1173 667 1252 significans
690 1173 750 1239 se
772 1200 874 1238 non
896 1184 1015 1256 novi
1039 1181 1307 1256 quidpiam
1335 1173 1386 1233 in
1410 1189 1661 1231 sermone
1682 1173 1943 1256 proferre,

356 1244 454 1310 6.ῖᾶ
483 1264 719 1315 veterem
750 1253 1033 1324 quamdam
1058 1244 1210 1323 sequi
1242 1251 1409 1324 legem
1435 1266 1448 1302 :
1482 1261 1668 1301 verum
1710 1244 1853 1298 illam
1881 1244 1949 1297 li-

356 1337 447 1381 cet
476 1327 529 1380 in
562 1342 655 1395 pra
672 1321 810 1379 senti
841 1321 1359 1397 commemoraverit,
1391 1332 1575 1397 revera
1603 1326 1786 1397 tamen
1816 1329 1946 1397 neo-

360 1386 593 1451 nn-niam
650 1402 807 1467 votat
853 1404 1061 1462 tempus
1118 1391 1377 1446 adventus
1420 1387 1782 1467 Servatoris':
1820 1386 1948 1467 Qua:

358 1468 493 1520 enim
535 1467 588 1519 in
634 1465 867 1529 Christo,
916 1480 1043 1517 nova
1093 1474 1324 1517 creatura
1345 1477 1365 1516 :
1391 1470 1554 1514 vetera
1601 1465 1945 1529 transierunt:

360 1554 473 1609 ecce
492 1538 627 1605 facta
657 1546 773 1590 sunt
793 1527 981 1609 _omuia
1010 1551 1136 1588 nova
1268 1530 1387 1587 Cor.
1416 1531 1572 1609 δῇ),
1600 1527 1944 1609 uitia-olus;

361 1601 543 1660 tuhain
575 1621 726 1678 ivero
774 1604 1321 1678 dicit_e_vai_igclicum
1360 1601 1633 1678 ferinum”;
1685 1601 1946 1678 insignem

360 1679 501 1732 diem
523 1718 536 1737 ,
561 1677 763 1731 Pascha
793 1675 997 1730 Domini
1027 1692 1042 1729 :
1074 1668 1194 1729 ideo
1239 1673 1427 1741 Aquila
1453 1669 1799 1741 Plenilunium
1836 1668 1946 1722 edi-

360 1748 459 1810 dit.
482 1747 837 1818 Symmachus
871 1760 1005 1818 vero
1044 1738 1397 1818 Menstruuur,
1440 1738 1946 1818 quintamdecimam

362 1808 567 1873 mensis
600 1827 821 1886 uterque
847 1815 1229 1886 sign'licantcs.
1260 1814 1317 1868 lu
1362 1808 1471 1866 hac
1494 1821 1671 1886 autem
1703 1808 1826 1886 tuba
1854 1823 1948 1863 ca-

362 1904 492 1942 nere
535 1903 628 1956 per
677 1879 846 1953 legem
893 1879 999 1940 non
1040 1885 1275 1956 licebat:
1314 1886 1492 1952 itaque
1533 1882 1677 1956 illam
1721 1879 1948 1956 fortasse

358 1959 504 2011 diem
535 1950 839 2010 subiudicat
859 1998 873 2017 ,
919 1957 969 2009 in
1000 1972 1101 2025 qua
1129 1954 1373 2008 Christus
1408 1950 1511 2023 pro
1553 1950 1706 2025 nobis
1734 1954 1947 2025 patitur.

361 2029 496 2082 Nam
525 2028 919 2097 dccjmaquarta
950 2022 1036 2080 die
1063 2027 1114 2079 in
1145 2033 1385 2097 tempore
1415 2022 1571 2093 typici
1592 2022 1817 2097 Pascha:
1846 2030 1951 2073 tra-

357 2099 505 2152 ditus
557 2091 771 2151 crucem
816 2097 905 2152 die
947 2096 1228 2165 sequenti,
1260 2091 1483 2150 scilicet
1517 2091 1906 2165 quintadecima
1931 2130 1947 2156 ,

252 2164 271 2177 ⁸
354 2170 543 2221 subiit.
578 2166 724 2222 Illam
753 2183 882 2236 ergo
912 2161 1243 2220 ueonteniam
1276 2175 1425 2219 vocat
1464 2174 1518 2236 et
1561 2161 1907 2236 plenilunium
1931 2200 1947 2227 ,

361 2249 546 2308 utpote
590 2232 904 2306 principium
942 2232 1619 2308 rsimuletgplenitudineiu
1657 2232 1949 2308 temporis,

354 2302 470 2377 quo
496 2302 638 2363 salus
665 2302 844 2363 nosira
887 2307 1075 2363 adluit.
1109 2306 1163 2360 In
1212 2302 1313 2377 hac
1355 2302 1855 2377 buccinarejubet,
1898 2302 1948 2355 id

354 2374 448 2433 6st
467 2379 864 2447 evangelizare;
901 2387 1218 2446 praeceptum
1245 2376 1422 2447 Israeli
1446 2374 1781 2447 datum‘dicit
1798 2389 1811 2425 :
1844 2388 1948 2447 non

358 2450 525 2503 tundo
566 2442 745 2503 autem
776 2442 1132 2518 pra-ceptum,
1164 2447 1256 2502 sed
1298 2446 1557 2501 Judicium
1599 2442 1709 2499 Deo
1746 2443 1908 2518 Iacob
1932 2483 1946 2508 ,

352 2519 505 2588 quod
534 2534 567 2573 a
597 2533 755 2573 cruce
778 2515 989 2572 initium
1018 2518 1273 2585 operandi
1298 2517 1564 2588 accipiens
1591 2515 1947 2588 evangelicani

357 2585 802 2657 praedicationem
843 2588 1156 2644 auctoritate
1200 2587 1415 2643 donavit
1445 2604 1458 2641 ε
1491 2601 1654 2655 quare
1696 2585 1951 2657 apostolis

353 2655 574 2715 ilfeobat
602 2677 614 2712 :
645 2659 771 2713 Cum
809 2660 1059 2712 exaltatus
1085 2662 1227 2727 fuero
1253 2699 1267 2720 ,
1299 2673 1471 2710 omnes
1499 2658 1699 2727 traham
1736 2655 1809 2727 ad
1842 2671 1951 2727 gne-

355 2732 531 2795 ipvsum
559 2728 734 2801 (Joan.
759 2730 854 2801 12.
886 2729 995 2800 52).
1029 2725 1187 2801 Quod
1209 2740 1385 2801 autem
1418 2726 1772 2801 Deu‘tn_.lacob
1800 2725 1951 2801 Chri-

356 2810 505 2853 stum
522 2796 816 2865 vacaverit,
844 2796 1276 2869 exsequentibus
1303 2800 1449 2852 disce
1469 2815 1484 2869 _:
1508 2797 1560 2851 6.
1582 2796 1947 2869 Testimonium

359 2872 411 2923 in
438 2870 635 2936 ἐσδερή
683 2870 848 2938 posuit
876 2867 1040 2932 il!um,
1086 2885 1202 2923 cum
1246 2869 1398 2923 exiret
1442 2867 1505 2921 de
1541 2877 1686 2938 terra
1710 2868 1952 2938 .Egypti.

361 2943 534 3007 Quem
555 2937 688 2995 dixit
717 2941 883 3010 Deum
912 2940 1113 2994 Jacob?
1141 2940 1216 2994 De
1245 2956 1351 3010 qtto
1371 2954 1528 3007 supra
1555 2937 1953 3010 dicebamQuog

360 3006 525 3065 modo
544 3020 743 3073 autem,
767 3009 1145 3076 Testimonium,
1164 3006 1278 3063 cum
1300 3006 1455 3064 exiret
1473 3010 1680 3062 deterra
1695 3006 1914 3078 /Egypti
1927 3008 1952 3060 .9

359 3082 624 3148 Quoniam
648 3082 822 3149 imago
850 3079 1051 3135 Christi
1074 3080 1274 3149 Joseph
1299 3088 1432 3144 erat,
1462 3078 1530 3132 ob
1570 3079 1788 3149 fratrum
1820 3079 1952 3130 invi-

360 3155 530 3217 diam,
553 3153 624 3205 ob
649 3150 1006 3206 venditionem
1034 3192 1048 3215 ,
1075 3149 1144 3203 ob
1178 3148 1485 3205 servitutem
1533 3163 1655 3202 cum
1707 3148 1951 3203 libertate

359 3232 558 3285 actam,
592 3222 663 3277 ob
699 3221 974 3275 stellarum
1002 3220 1366 3275 adorationem
1393 3261 1409 3284 ,
1448 3227 1501 3274 et
1542 3219 1731 3272 similia
1760 3218 1947 3283 multa,

359 3309 481 3361 qua:
499 3292 623 3346 licet
643 3307 708 3346 ex
739 3291 854 3358 ejus
889 3291 1108 3345 historia
1144 3292 1425 3361 colligere:
1458 3288 1640 3361 \olcns
1669 3289 1951 3343 ostendere

361 3358 726 3417 testimonium
752 3362 865 3431 ejus
891 3371 944 3415 et
972 3362 1187 3431 cippum
1213 3358 1331 3416 esse
1357 3358 1671 3431 Josephum,
1696 3371 1950 3431 ctrqucm-

359 3432 651 3485 admodum
682 3428 851 3497 illuin,
885 3432 955 3485 ita
984 3440 1039 3484 et
1073 3430 1216 3488 hunc
1252 3430 1458 3485 insidiis
1486 3428 1867 3499 frequentibus
1896 3439 1951 3484 et

359 3503 461 3556 sibi
489 3510 671 3555 mutuo
718 3502 1128 3556 succedentibus
1167 3502 1464 3571 impetitutn
1514 3500 1951 3555 l'uisse.'hlortuo

360 3576 512 3627 enim
539 3571 768 3641 Herode,
801 3573 889 3641 qui
921 3572 1071 3625 illum
1122 3573 1369 3629 Occidere
1406 3571 1729 3636 conabatur,
1765 3585 1950 3625 rever-

358 3657 455 3696 sus
485 3658 557 3713 exr
585 3640 903 3713 Egypto’iu
938 3642 1236 3713 Calilg:am,
1277 3642 1620 3713 absconditur
1644 3642 1714 3695 ob
1751 3651 1950 3695 metum

360 3712 637 3779 Archelai,
664 3711 754 3782 qui
782 3723 901 3782 post
931 3711 1198 3768 Herodem
1231 3713 1451 3767 insidias
1477 3712 1529 3767 in
1558 3727 1682 3766 eum
1711 3720 1951 3767 structu-

358 3798 451 3837 I'US
474 3793 612 3838 erat.

429 3853 489 3905 2.
532 3851 783 3924 Linguam
824 3869 975 3924 quant
1023 3870 1123 3907 non
1178 3861 1381 3908 nouerat
1423 3852 1636 3915 audivit.
1689 3851 1953 3921 Qualem?

361 3922 850 3995 Sycmihantarum,
883 3925 1089 3995 inquies
1119 3941 1133 3976 :
1164 3924 1302 3977 hanc
1336 3925 1533 3995 quippe
1560 3937 1664 3995 neu
1695 3932 1946 3995 noverat;

360 3992 471 4047 non
516 3992 658 4063 quod
690 3994 903 4062 ignarus
944 3994 1059 4062 ejus
1085 4003 1229 4049 esset
1249 4034 1261 4057 ,
1306 3993 1417 4063 sed
1448 3993 1589 4063 quod
1617 3992 1951 4063 mendacium

359 4078 493 4119 aure
523 4062 629 4117 non
659 4064 929 4132 exciperet
956 4080 970 4119 :
995 4062 1298 4132 hujusmodi
1328 4062 1521 4132 quippe
1548 4078 1637 4117 res
1661 4072 1743 4118 est
1780 4078 1808 4116 a
1839 4062 1952 4119 Deo

360 4136 560 4187 aliena.
595 4131 842 4187 Attamen
870 4133 989 4203 quia
1022 4134 1181 4203 homo
1206 4131 1376 4187 factus
1401 4131 1505 4199 est,
1532 4148 1653 4188 cum
1688 4133 1950 4201 judicium

359 4204 585 4274 subiret,
626 4202 983 4274 sycophantas
1010 4202 1197 4259 audire
1228 4213 1446 4258 coactus
1483 4213 1581 4257 est.
1617 4204 1744 4258 Erat
1772 4213 1951 4259 autem

364 4272 497 4344 illud
520 4272 1150 4344 Joscphdtestiinonium
1178 4293 1191 4329 :
1219 4275 1340 4344 quia
1371 4275 1460 4328 ille
1497 4288 1711 4344 quoque
1751 4274 1955 4329 audivit

360 4343 673 4414 Egyptian:
714 4343 979 4398 dicentem
1022 4363 1035 4400 :
1079 4343 1258 4399 Donni
1300 4361 1492 4398 mecum
1519 4343 1688 4415 ’(Gen.
1740 4345 1829 4400 '59.
1861 4345 1949 4413 7):

368 4428 545 4485 neque
575 4423 794 4485 noverat
822 4416 939 4484 ejus
960 4415 1191 4485 linguam
1223 4433 1237 4469 :
1266 4430 1371 4469 non
1395 4417 1534 4469 enim
1560 4428 1811 4469 assensus
1846 4423 1948 4470 est.

364 4484 415 4555 7.
454 4483 641 4555 Avertit
669 4484 731 4537 ab
760 4483 990 4538 oneribus
1019 4483 1224 4539 dorsum
1246 4486 1356 4555 ejus
1385 4501 1402 4538 :
1430 4501 1534 4539 non
1561 4485 1778 4540 dorsum
1812 4501 1951 4554 pra:-

362 4554 501 4617 huit,
533 4553 723 4623 inquit,
748 4566 999 4623 peccato;
1033 4569 1195 4609 onera
1218 4553 1411 4625 quippe
1442 4564 1593 4609 vocat
1614 4553 1952 4625 peccaturum

362 4625 629 4694 sarcinas,
662 4640 885 4693 quarum
908 4627 1217 4694 gravitatem
1239 4624 1580 4678 subiudicans
1621 4624 1785 4679 David
1811 4625 1953 4694 dice-

367 4694 462 4765 hat
492 4711 505 4747 :
539 4693 681 4749 Sicut
708 4710 836 4765 onus
863 4693 1014 4765 grate
1053 4704 1274 4764 gravata:
1301 4706 1441 4765 sunt
1466 4711 1620 4765 super
1647 4711 1724 4747 me
1750 4694 1769 4763 (
1806 4693 1950 4749 Psal.

365 4764 457 4820 57.
487 4765 574 4834 5);
629 4765 723 4818 sed
766 4763 963 4833 .loseph
1004 4767 1215 4835 quidem
1264 4763 1332 4835 ab
1379 4763 1660 4835 adulterio,
1707 4765 1953 4819 Christus

364 4845 545 4891 autem
576 4836 644 4887 ab
673 4836 816 4889 omni
856 4833 1073 4905 peccato
1102 4834 1375 4888 abstinuit.
1406 4833 1595 4888 Manus
1633 4836 1742 4903 ejus
1781 4836 1833 4888 in
1868 4852 1953 4888 co-

367 4905 524 4973 phino
549 4904 1103 4975 servierunt.’Servivit
1140 4904 1382 4959 Christus
1420 4906 1471 4959 in
1522 4905 1767 4975 praesenti
1804 4904 1907 4958 vita
1933 4948 1950 4973 ,

367 4990 487 5044 qua:
508 4973 903 5043 cophinusjure
931 4975 1164 5037 dicatur,
1196 4975 1318 5046 quia
1358 4976 1410 5029 in
1439 4973 1550 5045 ipsa
1592 4975 1770 5046 omnia
1792 4975 1951 5046 bona

369 5055 424 5097 et
447 5046 607 5107 mala,
631 5048 779 5115 quasi
815 5048 865 5099 in
895 5047 1124 5115 cophino
1162 5045 1549 5115 congerentes,
1598 5045 1833 5099 humeris
1864 5061 1955 5113 ge-

370 5125 595 5181 stamus,
623 5134 744 5169 cutn
774 5117 899 5171 hinc
929 5117 1331 5185 proﬁciscimur.
1369 5115 1498 5186 Vide
1523 5118 1699 5186 itaque
1719 5116 1948 5186 prOphe-

373 5186 457 5239 tia:
478 5188 893 5256 accurationem,
913 5196 965 5240 et
994 5188 1187 5241 mirare
1215 5185 1483 5255 quuunodo
1513 5185 1730 5243 deuovo
1754 5185 1952 5256 Joscph

371 5269 465 5308 seu
492 5255 562 5310 de
582 5253 793 5311 Christo
824 5256 963 5311 dicat
993 5273 1004 5308 :
1034 5253 1303 5309 Arei-tit‘ab
1326 5258 1557 5311 oneribut
1587 5260 1793 5311 dorsum
1819 5253 1953 5327 ejus:

369 5326 620 5397 quoniam
650 5337 922 5395 peccatum
954 5328 1052 5381 sibi
1081 5329 1352 5396 prOprinm
1387 5344 1490 5381 nou
1518 5329 1764 5397 gestavit,
1786 5328 1955 5381 mani-

372 5394 471 5448 bus
495 5394 670 5449 tamen
698 5398 809 5450 suis
833 5400 1055 5451 servivit
1082 5394 1154 5451 fin
1182 5394 1433 5466 cephino
1473 5394 1757 5467 piat-sentis
1786 5398 1947 5464 vitai;

371 5467 806 5539 uameophinum
836 5477 1173 5537 peccatorum
1203 5478 1504 5539 nostrorum
1528 5478 1743 5537 gestans
1781 5469 1953 5522 servi-

372 5533 465 5608 vit.
492 5533 759 5593 Caeterum
788 5533 951 5608 inulta
995 5533 1340 5608 personarum
1370 5533 1662 5593 mutatiOne
1692 5540 1953 5608 projtheta

366 5602 424 5683 iu
468 5608 567 5663 hac
622 5607 912 5683 psalmodia
952 5602 1082 5683 ulns
1127 5621 1228 5662 est.
1285 5609 1458 5677 Supra
1490 5610 1650 5683 enim
1692 5602 1952 5683 quosdam

374 5678 620 5753 victores,
675 5678 902 5748 ideoque
946 5680 1409 5753 lcstnm_agentis
1453 5679 1769 5753 alloquitur;
1809 5680 1952 5753 inde

368 5744 641 5814 digressus
673 5744 976 5804 sermonem
1007 5744 1254 5803 transfert
1284 5750 1350 5804 ad
1375 5744 1592 5819 Joseph'
1618 5759 1672 5805 et
1700 5744 1767 5803 ad
1800 5750 1953 5804 Chri-

371 5824 440 5870 sti
458 5819 745 5892 inminent
773 5836 788 5877 :
812 5836 950 5877 nunc
972 5829 1151 5879 autem
1174 5822 1315 5878 clare
1329 5822 1586 5897 populum
1608 5819 1953 5879 lsraeliticum

1623 355 1687 411 IX
1729 354 2049 410 [‘SALMUM
2088 352 2299 409 LXXX.

3528 350 3633 405 736

2047 466 2340 536 compellat
2370 466 2452 521 his
2485 466 2663 521 verbis
2688 484 2699 519 :
2739 466 2792 521 8.
2816 463 2885 519 ’ln
2915 464 3237 520 tribulatione
3269 464 3511 518 int-orasti
3535 482 3631 525 me.

2052 550 2097 592 et
2133 537 2339 592 liberavi
2383 547 2445 591 te.
2498 538 2595 593 Ubi
2628 547 2681 591 et
2725 537 3100 606 quandouam?
3127 536 3260 590 Cum
3293 536 3357 589 ad
3400 536 3639 606 aloysetu

2051 608 2218 678 dittit:
2253 606 2438 660 Videas
2466 609 2567 661 vidi
2591 604 2906 678 aﬂlictionem
2941 608 3119 677 populi
3142 608 3238 661 mei
3276 608 3328 659 in
3363 604 3596 677 .Egypto
3617 648 3631 670 ,

2049 688 2096 732 et
2119 677 2387 732 clamorem
2419 694 2591 731 eorum
2630 679 2798 732 audivi
2835 696 2865 732 a
2908 679 3157 748 praefectis
3195 694 3403 747 operum
3438 694 3631 731 eorum.

2053 748 2106 803 Ν
2113 750 2191 803 avi
2217 749 2349 802 enim
2371 748 2596 803 dolorem
2623 750 2847 813 illorum,
2868 759 2915 802 et
2944 749 3178 803 descendi
3204 756 3261 802 ut
3289 765 3633 801 erueremeos.

2053 820 2120 874 Et
2148 819 2319 872 audivi
2346 822 2461 890 tein
2495 819 2787 874 abscondito
2816 820 3125 888 tempestatis
3162 820 3181 890 (
3214 818 3382 873 Exod.
3411 818 3499 874 57.
3534 821 3567 874 8
3591 820 3633 887 ).

2051 890 2277 958 Quando
2298 888 2363 944 ad
2393 902 2631 946 montem
2677 890 2802 945 Sina
2838 890 3134 952 descendit,
3160 888 3213 944 ct
3250 891 3418 944 nubes
3445 892 3635 959 caligi-

2052 976 2181 1016 nesa
2214 968 2449 1015 montem
2480 962 2687 1032 operuit
2712 961 3051 1032 (hujusmodi
3080 962 3273 1032 quippe
3300 961 3473 1015 nubes
3500 969 3637 1015 tem-

2054 1041 2232 1104 pestas
2284 1030 2551 1104 vocatur),
2601 1030 2734 1086 tunc
2769 1046 2864 1086 eos
2910 1030 3128 1104 audivit.
3175 1031 3315 1104 Quid
3354 1032 3643 1087 dicentes?

2053 1102 2326 1187 Sermones
2348 1102 2757 1187 ﬂuosliloq‘uuttu‘s
2796 1111 2869 1187 est
2889 1102 3144 1187 Dominus
3168 1103 3434 1186 faciemus,
3464 1111 3510 1187 et
3535 1118 3634 1155 au-

2046 1174 2245 1227 diemus
2290 1174 2307 1241 (
2341 1172 2510 1227 Exod.
2548 1173 2631 1229 l9.
2661 1173 2760 1243 8).
2798 1172 2902 1228 Sed
2947 1183 3130 1242 postea
3168 1172 3313 1242 ipsos
3348 1172 3634 1243 mendaces

2046 1243 2426 1312 deprehendit,
2459 1252 2516 1298 ut
2553 1260 2617 1298 ex
2664 1242 3009 1312 sequentibus
3049 1243 3371 1299 declaratur.
3413 1242 3633 1297 Probaui

2052 1324 2102 1368 te
2128 1314 2268 1385 apud
2310 1331 2494 1385 aquam
2532 1316 2968 1369 contradictionis.
3001 1315 3234 1382 :Quando
3280 1316 3381 1369 iter
3416 1323 3637 1385 agentes

2054 1384 2222 1440 Deum
2242 1385 2585 1440 contumeliis
2611 1385 2935 1451 atticiebant,
2973 1396 3028 1439 et
3057 1385 3235 1440 multis
3273 1394 3428 1440 antea
3454 1384 3642 1440 donati

2052 1457 2237 1528 gignis,
2273 1455 2461 1510 horum
2491 1458 2727 1510 omnium
2756 1457 3118 1520 immemores,
3145 1456 3309 1528 Moysi
3349 1456 3635 1510 dicebant:

2056 1525 2265 1581 Utinam
2291 1528 2476 1596 mortui
2500 1543 2717 1582 essemus
2742 1544 2857 1581 cuni
2886 1529 3104 1596 perirent
3143 1525 3312 1596 patres
3338 1530 3493 1581 nostri
3514 1534 3642 1596 ante

2046 1597 2327 1652 Dominum
2353 1595 2540 1666 (Nam.
2559 1597 2649 1653 20.
2668 1598 2743 1668 5),
2767 1608 2823 1651 et
2840 1595 3032 1653 cratera
3048 1595 3261 1664 similia,
3283 1613 3401 1668 qua:
3423 1595 3640 1668 ludam-

2054 1684 2173 1722 rnm
2213 1668 2598 1737 blasphemiam
2624 1684 2734 1738 pra:
2773 1683 2834 1723 se
2875 1668 3072 1724 lerunt.
3107 1668 3200 1722 llis
3237 1667 3479 1723 versibus
3520 1667 3641 1721 dia-

2050 1738 2256 1809 psalma
2314 1738 2573 1808 propheta
2621 1738 2934 1808 subjunxit.
2981 1754 3086 1793 non
3136 1738 3332 1793 frustra
3385 1752 3484 1809 nec
3523 1738 3642 1792 sine

2054 1808 2250 1880 causa;
2278 1809 2373 1864 sed
2415 1808 2593 1863 forsan
2639 1811 2705 1865 ad
2747 1811 3016 1880 quoddam
3061 1820 3271 1878 tempus
3303 1808 3639 1880 prophetiam

2055 1879 2416 1936 intermittens
2450 1898 2463 1934 :
2494 1880 2588 1934 sed
2629 1879 2776 1948 quod
2802 1882 2977 1935 verius
3005 1889 3106 1945 est,
3138 1880 3263 1949 quia
3288 1879 3486 1933 Christi
3516 1894 3639 1947 per-

2053 1964 2241 2021 sonam
2269 1951 2414 2006 clare
2444 1951 2668 2005 induxit.
2703 1953 2756 2007 9.
2787 1952 2942 2012 Audi.
2972 1950 3189 2021 populus
3227 1959 3448 2021 meus,et
3471 1959 3643 2021 conte-

2053 2020 2226 2074 stabor
2251 2032 2316 2075 te.
2342 2021 2396 2076 Si
2423 2023 2501 2076 vis
2529 2022 2784 2092 appellari
2831 2020 3059 2092 populus
3097 2021 3191 2075 Dci
3215 2062 3230 2085 ,
3268 2020 3386 2092 ejus
3414 2020 3639 2092 manda~

2057 2098 2165 2163 tum
2192 2092 2335 2159 audi,
2355 2101 2413 2147 ut
2442 2090 2685 2163 magnam
2730 2090 2873 2146 illam
2906 2090 2967 2147 et
2996 2090 3287 2163 optabilem’
3330 2090 3640 2160 dignitatem

2054 2162 2317 2216 obtineas.
2343 2162 2604 2217 Cteterum
2637 2179 2731 2232 par
2754 2174 2838 2217 est
2867 2172 2923 2217 ut
2954 2162 3260 2232 videamus,
3289 2177 3408 2230 qua:
3449 2170 3504 2215 et
3543 2176 3642 2232 cu-

2048 2232 2283 2301 jusmodi
2315 2234 2421 2288 sint
2445 2249 2509 2288 ea
2534 2231 2654 2303 qua:
2700 2243 3068 2289 contestatur:
3098 2231 3296 2294 Israel,
3328 2232 3372 2286 si
3418 2231 3645 2303 audieris

2053 2320 2152 2374 me,
2184 2303 2267 2359 l0.
2300 2321 2401 2357 non
2428 2305 2521 2374 erit
2547 2302 2596 2357 in
2619 2313 2666 2357 te
2692 2305 2811 2359 deus
2839 2321 3034 2370 recens,
3061 2320 3223 2374 neque,
3244 2302 3478 2356 adorabis
3494 2303 3645 2374 deum

2053 2372 2293 2446 alienum.
2324 2376 2411 2429 11.
2446 2373 2557 2446 Ego
2575 2376 2708 2446 enim
2751 2392 2864 2429 sum
2908 2372 3159 2431 Dominus
3197 2373 3335 2428 Deus
3370 2382 3514 2436 tuus,
3558 2372 3645 2441 qui

2054 2444 2205 2516 eduxi
2232 2454 2280 2498 te
2306 2446 2369 2499 de
2393 2444 2527 2498 terra
2554 2444 2793 2516 eligypti.

2131 2513 2224 2567 Dei
2272 2516 2590 2583 pra'scientia
2632 2512 2933 2586 poenitentia:
2974 2512 3549 2586 nonnocctm—Vlllud,
3582 2514 3645 2569 Si

2055 2585 2277 2667 audieris
2297 2603 2393 2650 me,
2419 2587 2537 2667 ideo
2564 2585 2836 2667 piteniisit,
2862 2596 2919 2642 ut
2933 2588 3179 2667 ostendat
3200 2601 3259 2640 se
3279 2585 3488 2655 quidem
3507 2599 3647 2667 prai-

2054 2655 2239 2727 v'dere
2264 2656 2532 2725 ingentem
2565 2651 2786 2712 illorum
2828 2651 3142 2727 nequitiam,
3173 2671 3272 2711 nec
3298 2651 3485 2727 tamen
3511 2651 3648 2727 ipsis

2057 2726 2244 2780 tollere
2260 2728 2605 2795 resipiscendt
2629 2725 2948 2783 facultatem.
2971 2729 3186 2783 Liccbat
3205 2727 3371 2790 enim,
3391 2725 3433 2778 si
3453 2725 3649 2780 voluis-

2055 2807 2211 2868 sent:
2244 2812 2420 2868 neque
2447 2799 2539 2853 Dei
2564 2799 2893 2867 przescientia
2920 2799 3246 2866 poenitentia:
3270 2803 3454 2851 nocet:
3480 2796 3648 2868 siqui-

2056 2867 2175 2939 dem
2200 2867 2345 2939 illud,
2371 2870 2531 2923 etiam
2562 2870 2831 2937 praevidet,
2859 2877 3167 2939 peccatores
3195 2883 3349 2936 posse
3376 2867 3641 2939 converti,

2054 2937 2098 2990 si
2130 2938 2311 3008 velint.
2339 2939 2604 2993 Czeterum
2634 2955 2829 2994 novum
2861 2937 3148 3008 quidpiam
3187 2948 3243 2992 ct
3270 2937 3644 3008 inysteriosum

2057 3007 2313 3078 propheta
2339 3009 2669 3075 subiudicat;
2694 3014 2800 3064 imo
2822 3006 2997 3078 potius
3012 3006 3167 3063 Deus
3189 3024 3282 3077 per
3305 3006 3642 3078 prophetam-

2054 3077 2190 3143 Quid
2225 3077 2369 3150 enim
2396 3078 2676 3150 Judaicum
2714 3076 2965 3150 populum
2995 3076 3359 3135 contestatur?
3391 3076 3553 3150 Quod
3598 3078 3643 3131 si

2057 3162 2177 3202 eum
2204 3148 2401 3220 audiat.
2427 3149 2582 3212 Eum.
2613 3146 2932 3220 quemnam?
2954 3150 3091 3205 Eum
3110 3146 3645 3220 cujus-testimonium

2055 3230 2171 3273 erat
2195 3218 2479 3287 Josephus,
2522 3218 2676 3288 cujus
2717 3236 2907 3275 manus
2949 3222 3001 3275 in
3045 3221 3278 3288 cophino
3307 3218 3642 3288 servierunt;

2056 3237 2171 3273 erat
2195 3237 2479 3287 Josepltus,
2522 3237 2587 3275 cu
2616 3237 2676 3275 us
2717 3237 2907 3275 manus
2949 3237 3001 3275 in
3045 3237 3278 3288 copntno
3307 3237 3642 3282 servierunt;

2056 3304 2162 3343 non
2193 3290 2298 3344 erit
2325 3290 2380 3343 in
2412 3291 2540 3359 ipsis
2565 3237 2697 3346 deus
2724 3303 2937 3356 recens,
2960 3304 3136 3357 neque
3149 3287 3455 3343 adorabunt
3483 3287 3643 3342 deum

2055 3359 2309 3430 alienum.
2336 3360 2517 3430 Neque
2536 3361 2677 3417 enim
2698 3372 2813 3418 erat
2829 3363 3071 3417 Christus
3087 3361 3220 3421 deus
3241 3374 3446 3430 recens,
3471 3373 3644 3426 neque

2055 3429 2276 3502 alienus.
2315 3428 2443 3499 ipse
2474 3440 2654 3487 autem
2700 3441 2817 3487 erat
2857 3435 2948 3502 qui
2993 3431 3249 3487 eduxerat
3289 3445 3384 3502 eos
3407 3428 3474 3502 de
3500 3437 3643 3483 terra

2055 3499 2290 3571 rEgypti,
2319 3503 2406 3571 qui
2434 3512 2548 3557 erat
2572 3503 2639 3556 ab
2665 3503 2812 3557 initio
2838 3499 2893 3559 et
2920 3512 3121 3571 postea,
3141 3511 3197 3558 nt
3225 3516 3319 3571 per
3342 3500 3490 3556 Isaiae
3522 3514 3645 3567 pro-

2056 3570 2290 3641 phetiam
2320 3570 2608 3627 declaravit
2631 3574 2713 3627 his
2745 3570 2954 3628 verbis:
2980 3573 3092 3641 Ego
3119 3570 3237 3625 sum
3262 3572 3395 3626 Deus
3426 3571 3641 3641 primus,

2056 3651 2104 3696 et
2127 3659 2226 3696 non
2254 3652 2325 3697 est
2348 3642 2482 3697 alius
2508 3652 2690 3710 printer
2711 3660 2789 3697 me
2812 3642 2963 3708 (Isai.
2982 3641 3070 3698 44.
3090 3641 3170 3713 6).
3193 3644 3445 3697 Servatur
3463 3651 3644 3695 autem

2058 3712 2174 3768 sine
2200 3714 2562 3768 controversia
2592 3713 2788 3768 dicitur
2811 3714 2877 3780 is,
2909 3714 2998 3782 qui
3032 3712 3338 3767 incarnatus
3362 3720 3444 3782 est
3470 3719 3642 3782 utge-

2057 3798 2159 3857 nus
2177 3792 2423 3857 nostrum
2452 3784 2655 3838 salvum
2675 3784 2888 3839 laceret.
2922 3780 3092 3857 Dilata
3113 3793 3330 3857 asinum
3350 3792 3401 3857 et
3423 3780 3641 3857 implebo

2056 3853 2204 3906 illud.
2230 3853 2339 3908 Cur
2363 3870 2461 3909 nec
2493 3868 2649 3909 aures
2677 3870 2776 3909 nec
2799 3870 2892 3908 cor
2916 3852 3062 3918 dicit,
3091 3854 3184 3909 sed
3209 3856 3311 3908 os?
3339 3852 3473 3917 Quia
3509 3851 3641 3903 Ver-

2057 3923 2182 3977 bum
2205 3924 2344 3994 qnod
2374 3925 2442 3979 dc
2465 3925 2596 3979 caelo
2620 3924 2914 3989 descendit,
2937 3926 3090 3995 panis
3112 3924 3241 3995 vitze
3259 3931 3404 3995 erat;
3426 3920 3576 3995 quod
3596 3920 3640 3973 si

2056 3995 2174 4063 quis
2198 3990 2384 4065 aperto
2408 4010 2503 4049 ore
2522 4010 2650 4065 cum
2677 3998 2874 4065 pietate
2899 3990 3169 4063 suscipiat,
3209 3990 3487 4061 theologia:
3526 3990 3644 4060 ple-

2057 4079 2157 4117 nus
2186 4064 2431 4135 cl‘lieitnr.
2476 4064 2563 4120 12.
2596 4064 2664 4119 Et
2680 4064 2802 4120 inon
2840 4067 3029 4119 audiuit
3059 4066 3278 4135 populus
3304 4080 3443 4135 meas
3475 4077 3645 4116 uocem

2057 4150 2241 4200 meam,
2265 4144 2309 4188 et
2337 4133 2502 4190 Israel
2526 4153 2625 4190 non
2648 4138 2859 4191 attendit
2881 4137 3024 4190 milii.
3047 4133 3163 4190 Non
3184 4135 3326 4190 enim
3355 4134 3640 4188 docentem

2056 4214 2149 4258 aut
2188 4206 2635 4275 evangelizantem
2675 4207 2858 4262 audire
2889 4206 3144 4271 tulerunt,
3187 4220 3362 4275 neque
3392 4204 3643 4259 miracn'a

2058 4278 2296 4343 aperanti
2324 4277 2601 4332 attendere
2626 4277 2907 4332 voluerunt
2941 4297 2952 4331 :
2985 4292 3142 4332 aures
3174 4276 3377 4345 quipr
3394 4289 3517 4345 suas
3546 4287 3642 4340 ag-

2057 4355 2362 4414 gravarunt,
2404 4364 2472 4403 ue
2508 4348 2711 4402 Domini
2753 4358 3015 4417 prmcepta
3042 4343 3319 4417 audirent:
3343 4343 3644 4417 Clauseruut

2058 4417 2231 4471 oculos
2254 4433 2390 4481 suos,
2423 4430 2479 4471 ut
2500 4417 2710 4472 dicebat
2739 4414 2900 4472 Isaias
2923 4414 3074 4487 (Cap.
3104 4418 3157 4472 6.
3182 4431 3229 4487 tt.
3256 4414 3643 4487 10),_n_e_sigua

2058 4487 2321 4543 viderent.
2353 4488 2487 4552 Quid
2511 4488 2668 4555 igitur
2691 4503 2750 4540 ea
2780 4486 2848 4542 de
2874 4483 3034 4541 causa
3069 4486 3208 4555 passi
3246 4483 3403 4555 sunt?
3427 4484 3512 4539 15.
3538 4483 3639 4555 Di-

2057 4558 2173 4611 misi
2200 4573 2283 4610 cas
2309 4552 2583 4610 secundum
2603 4556 2854 4610 desideria
2881 4558 3047 4611 cordis
3072 4552 3248 4609 eorum
3270 4571 3289 4610 :
3318 4554 3457 4608 ibunt
3474 4555 3525 4607 in
3551 4552 3644 4606 ad-

2056 4626 2418 4681 inventionibus
2445 4627 2566 4681 suis.
2598 4626 2866 4681 Desideria
2889 4628 3067 4683 cordis
3093 4626 3331 4680 diversas
3361 4623 3641 4692 cogitatio-

2060 4710 2155 4766 nes
2177 4705 2347 4761 vocat,
2376 4706 2431 4751 et
2459 4697 2854 4751 ratiociniorum
2895 4708 3061 4762 artes,
3110 4699 3260 4766 queis
3298 4696 3525 4766 populus
3549 4693 3646 4748 Ju-

2057 4765 2242 4838 daicus
2261 4767 2483 4821 Domino
2505 4781 2703 4838 parans
2724 4767 2939 4838 insidias
2955 4765 3219 4838 utebatur,
3239 4781 3359 4820 cum
3379 4765 3638 4838 dicerent:

2061 4836 2197 4901 Quid
2217 4839 2477 4908 faciemus,
2506 4834 2628 4905 quia
2653 4838 2735 4890 hic
2755 4837 2905 4893 homo
2935 4839 3093 4891 multa
3119 4837 3266 4908 signa
3293 4837 3447 4908 facit?
3473 4835 3533 4889 Si
3549 4834 3645 4908 di.

2059 4903 2314 4962 mittamus
2339 4924 2452 4961 eum
2479 4903 2570 4969 sic,
2601 4925 2775 4962 omnes
2799 4910 2997 4962 credent
3024 4910 3074 4961 in
3096 4903 3230 4972 eum,
3258 4903 3302 4961 et
3322 4907 3516 4960 uenient
3538 4903 3645 4957 Ro-

2059 4977 2221 5049 mani,
2249 4987 2293 5031 et
2317 4978 2490 5049 tollent
2516 4988 2738 5049 nostrum
2762 4978 2924 5033 locum
2942 4990 2986 5033 et
3013 4988 3209 5049 gentem
3233 4977 3411 5048 (Joan.
3439 4976 3639 5049 ll._47.

2058 5048 2171 5119 t8).
2201 5047 2502 5103 Secundum
2553 5047 2654 5102 hoc
2694 5050 2853 5119 igitur
2893 5044 3320 5112 desiderium,'et
3349 5044 3647 5119 secundum

2061 5117 2161 5172 hoc
2205 5119 2520 5183 consilium,
2567 5116 2771 5174 dimissi
2816 5128 2959 5186 sunt,
3005 5127 3062 5175 et
3106 5116 3646 5173 abieruntzRomaui

2060 5190 2201 5242 enim
2244 5189 2458 5247 illorum
2481 5198 2535 5245 et
2564 5191 2747 5246 urbem
2773 5198 2828 5244 ct
2856 5189 3030 5244 locum
3056 5196 3347 5257 ceperunt;
3390 5187 3490 5258 ipsi
3518 5201 3646 5241 vero

2059 5259 2248 5329 captivi
2277 5259 2488 5314 abducti
2516 5269 2657 5314 sunt.
2688 5262 2775 5316 14.
2803 5261 2863 5314 Si
2891 5260 3108 5329 populus
3130 5275 3268 5312 meus
3288 5259 3511 5329 audisset
3543 5274 3643 5329 me,

2061 5327 2226 5383 Israel
2245 5330 2287 5382 si
2312 5332 2363 5383 in
2387 5331 2478 5383 riis
2512 5333 2634 5384 meis
2669 5327 3007 5384 ambulasset:
3036 5330 3124 5384 15.
3158 5330 3210 5382 in
3241 5327 3399 5381 nihilo
3430 5327 3643 5396 forsitan

2059 5399 2291 5453 inimicos
2336 5416 2509 5453 eorum
2555 5401 2918 5465 liaanliassem,
2958 5411 3009 5454 et
3046 5415 3197 5468 super
3239 5400 3534 5468 tributantes
3563 5413 3648 5451 eos

2061 5470 2305 5523 misissem
2337 5486 2543 5527 manum
2574 5487 2752 5524 meam.
2783 5471 3030 5538 Deplorat
3056 5467 3338 5526 Iudaicum
3367 5467 3644 5538 populum.

2060 5541 2186 5612 quia
2217 5540 2384 5612 Deum
2413 5540 2584 5608 legem
2614 5537 2931 5595 statuentctn
2955 5557 3060 5595 non
3096 5540 3399 5600 audierunt,
3438 5537 3561 5612 quia
3595 5537 3647 5591 in

2063 5610 2161 5665 viis
2186 5624 2289 5664 non
2318 5610 2651 5665 incesserunt
2671 5612 2788 5680 ejus
2817 5612 2905 5680 qui
2935 5627 3116 5666 errare
3142 5613 3322 5679 nequit
3344 5615 3399 5664 et
3420 5610 3649 5663 salutem

2062 5681 2184 5736 dat:
2218 5696 2317 5735 nec
2348 5681 2589 5735 inimicos
2617 5697 2802 5735 eorum
2837 5682 3111 5737 da:mouas
3140 5681 3403 5734 humiliari
3431 5693 3650 5733 conces-

2063 5752 2153 5816 sit,
2189 5766 2358 5820 neque
2393 5765 2555 5820 super
2583 5752 2895 5807 tribulautcs
2920 5766 3013 5805 eos
3038 5751 3246 5806 immitti
3290 5751 3378 5804 Dei
3409 5763 3650 5820 manum.

2065 5818 2344 5881 Dexteram
2378 5818 2552 5880 tanien
2583 5838 2732 5880 suam
2761 5824 2900 5880 Deus
2930 5823 3149 5880 immisit
3176 5835 3335 5894 super
3358 5818 3650 5878 invisibiles
