4104 6402
474 300 568 354 751

473 416 718 472 inimicos
751 415 1083 480 tribulantes,
1109 416 1331 486 illosque
1359 415 1458 470 sub
1487 429 1830 486 conspectum
1855 433 1958 472 non
1977 435 2066 473 ca-

470 492 658 542 dentes
689 487 1013 553 humiliavit;
1055 487 1148 543 sed
1195 503 1298 542 nou
1341 487 1645 542 Judmorum
1675 503 1868 543 causa:
1897 504 2062 544 cornu

472 574 703 628 namque
734 558 1036 612 daemonum
1083 559 1374 612 etiamnum
1416 573 1578 628 super
1610 558 1726 612 illos
1767 561 2059 621 esaltatur;

469 630 564 684 sed
595 630 645 682 iu
675 640 916 695 nostrum
951 631 1187 698 gentium
1235 629 1460 699 gratiam
1505 629 1763 683 humiliati
1794 641 1940 695 sunt,
1973 633 2061 700 qui

472 701 600 770 ipsis
629 701 937 754 servitutem
965 701 1293 769 negavimus.
1323 715 1613 770 eorumque
1634 701 1833 754 cultum
1855 701 2064 756 destru-

473 774 664 825 ximus.
689 771 1046 838 Quamobrem
1076 771 1243 824 iratus
1274 771 1472 826 Judasis
1494 772 1630 825 Deus
1652 771 1794 837 ipsos
1814 772 2063 828 inimicos

471 843 570 896 sibi
603 843 807 903 statuit,
859 851 916 895 ut
957 843 1230 912 sequentia
1273 843 1581 898 declarant:
1613 841 1700 895 16.
1727 840 1932 895 Inimici
1961 843 2065 896 Ilo-

472 915 594 966 mini
620 914 810 966 mentiti
853 921 969 966 sunt
999 915 1062 978 ei,
1105 924 1153 968 et
1192 914 1285 967 erit
1329 923 1525 982 tempus
1563 928 1736 965 eorum
1773 913 1826 965 in
1855 915 2059 967 sarcula.

472 985 694 1043 Inimici.
720 983 974 1052 quinam?
1007 985 1079 1039 De
1114 984 1304 1054 quibus
1334 985 1527 1038 Paulus
1553 983 1794 1054 dicebat:
1823 983 2064 1039 Inimicos

471 1056 632 1108 crucis
660 1054 868 1121 Christi,
895 1071 1109 1124 quorum
1134 1053 1259 1126 ﬁnis
1273 1055 1537 1126 interitusl
1550 1053 1744 1126 Philip.
1758 1055 1816 1126 5.
1835 1056 1860 1126 Vl
1874 1054 1927 1109 8.
1949 1054 2059 1126 19).

471 1126 700 1194 Ideoque
732 1135 941 1193 tempus
976 1141 1184 1190 eorum,
1214 1125 1264 1180 id
1295 1135 1398 1190 est,
1431 1124 1644 1178 ultionis
1670 1125 1798 1192 ipsis
1831 1124 2066 1180 inferen-

469 1198 574 1262 d:e,
607 1198 656 1250 in
689 1195 865 1250 futuro
891 1197 1087 1251 sazculo
1109 1195 1222 1250 fore
1242 1199 1597 1252 comminatus
1629 1204 1730 1250 est.
1759 1194 1814 1248 In
1838 1211 1944 1265 quo
1968 1213 2066 1250 au-

471 1277 576 1320 tem
605 1267 815 1337 mentiti
845 1267 1003 1320 sunt?
1032 1268 1165 1335 Quia
1206 1268 1319 1335 ipse
1361 1269 1427 1322 ad
1473 1266 1616 1327 illos,
1666 1276 1722 1320 ut
1750 1266 1816 1320 ad
1851 1269 2061 1337 propria

468 1339 633 1402 venit,
661 1335 724 1390 Et
741 1338 819 1390 sui
834 1354 970 1401 eum,
994 1348 1052 1391 ut
1077 1340 1151 1393 ait
1171 1337 1424 1402 Joannes,
1449 1353 1548 1391 non
1567 1335 1862 1405 receperant
1880 1335 2061 1407 (Joan.

469 1412 521 1464 1.
564 1410 674 1479 11).
711 1410 796 1463 17.
828 1408 1019 1462 (.‘ibavit
1059 1426 1142 1464 eos
1169 1425 1233 1462 ex
1259 1409 1412 1478 adipe
1437 1409 1698 1478 frumenti,
1744 1418 1791 1461 et
1828 1407 1892 1461 de
1923 1419 2064 1477 petra

467 1480 615 1533 melle
638 1481 879 1533 saturavit
901 1497 1004 1534 eos.
1035 1479 1167 1550 Ipsis
1194 1479 1605 1549 hocexprobrat
1628 1493 1853 1550 narrans
1873 1481 2063 1548 quibus

468 1552 642 1605 affecti
668 1551 960 1613 beneficiis,
993 1549 1181 1621 ingrati
1208 1551 1522 1616 manserint,
1548 1565 1645 1620 per
1664 1549 1932 1621 sensibilia
1957 1551 2067 1619 spi-

470 1622 677 1676 ritualia
721 1619 1083 1676 subindicans.
1133 1623 1406 1677 Frumenti
1449 1623 1593 1678 enim
1637 1619 1848 1690 adipem
1891 1620 2061 1691 legem

469 1705 644 1756 vocat,
676 1692 744 1746 ob
770 1693 1014 1762 spiritum
1046 1693 1428 1748 inhabitantem
1453 1693 1503 1746 in
1527 1693 1676 1746 litera
1701 1711 1714 1744 :
1741 1702 2065 1761 quapropter

389 1815 396 1822 .
468 1765 521 1817 in
550 1763 655 1817 alio
681 1763 892 1818 Psalmo
915 1765 1008 1830 ait,
1033 1763 1132 1833 Qui
1159 1765 1326 1832 posuit
1353 1765 1479 1832 ﬁnes
1505 1774 1618 1833 tuos
1635 1779 1828 1830 pacem,
1848 1771 1892 1815 et
1908 1764 2065 1833 adipe

471 1836 714 1906 frumenti
741 1835 891 1888 satiat
918 1843 964 1889 te
996 1831 1165 1906 (Psal.
1193 1836 1315 1890 147.
1349 1831 1405 1891 5.
1436 1831 1594 1906 [14]).
1626 1833 1906 1906 Quodnam
1935 1831 2061 1888 illud

469 1905 540 1959 Sit
577 1908 628 1960 in
658 1905 1011 1972 sequentibus
1043 1906 1232 1962 docet:
1269 1907 1367 1971 Qui
1396 1905 1576 1959 emittit
1617 1905 1876 1974 eloquium
1913 1921 2062 1958 suunt

466 1986 614 2031 terra:
633 1974 795 2046 (Ibid.
819 1992 864 2029 υ.
883 1977 934 2030 4.
957 1974 1114 2048 [15]).
1135 1977 1237 2032 Mel
1265 1992 1492 2048 namque
1514 1992 1577 2030 ex
1607 1985 1752 2044 petra
1777 1975 2064 2048 prophetas

471 2045 740 2117 appellat:
773 2045 1023 2116 quoniam
1054 2045 1097 2100 ’ἐι
1142 2048 1373 2110 Christo,
1403 2045 1492 2116 qui
1525 2056 1672 2117 petra
1701 2055 1804 2111 est,
1837 2045 2064 2117 prolabe-

469 2116 592 2172 tiam
622 2119 836 2182 habent,
867 2133 970 2187 qua
1003 2117 1148 2186 ipsos
1177 2119 1392 2172 satiavit
1421 2116 1582 2178 Deus.
1612 2132 1716 2171 non
1751 2116 2060 2183 pmphetam

467 2205 629 2243 unum
658 2188 793 2244 dans
821 2198 913 2243 aut
937 2188 1186 2255 alterum,
1215 2189 1308 2245 sed
1330 2189 1526 2244 multos
1554 2190 1606 2243 in
1634 2189 1813 2242 multis
1837 2203 2061 2258 genera-

467 2260 720 2316 tionibus.

721 2332 774 2386 1.
805 2329 1097 2386 Intellectus
1125 2331 1320 2402 Asaph.
1356 2330 1597 2386 Psalmus
1618 2346 1813 2384 «LXXXI.

539 2402 724 2458 Brevis
748 2412 829 2458 est
854 2404 1128 2472 inscriptio
1150 2403 1346 2458 Psalmi
1371 2421 1384 2457 :
1418 2403 1519 2457 hoc
1544 2403 1684 2456 enim
1713 2402 1873 2456 habet
1901 2416 2060 2470 argu-

465 2485 702 2528 mentum
733 2493 744 2528 :
775 2473 1202 2528 adhortationem
1229 2475 1293 2528 ad
1315 2473 1576 2542 justitiam
1605 2483 1658 2527 et
1686 2472 2059 2540 reprehensio-

467 2559 610 2608 nem,
641 2545 781 2612 quod
813 2543 894 2598 his
915 2560 1020 2598 non
1046 2545 1374 2599 adhwreant.
1403 2544 1540 2598 Deus
1567 2545 1698 2598 stetit
1724 2544 1775 2596 iu
1801 2559 2060 2613 synagoga

464 2615 690 2680 deorum,
722 2616 775 2669 in
795 2615 958 2669 medio
987 2626 1156 2668 autem
1185 2617 1304 2669 deos
1331 2615 1598 2685 dijudicat.
1631 2614 1815 2682 Magna
1839 2615 1952 2667 lucc
1977 2623 2061 2669 cst

467 2686 557 2738 Dei
580 2701 702 2756 erga
730 2702 827 2740 nos
859 2686 1194 2740 liberalitatis
1219 2686 1623 2756 demonstratio,
1643 2685 1932 2755 quiasuam
1959 2700 2058 2753 ap-

467 2755 806 2826 pellationem
843 2757 1055 2826 opilieio
1081 2757 1266 2826 Opifex
1309 2757 1516 2810 indidit.
1557 2755 1625 2809 Et
1654 2757 1766 2824 ipse
1798 2757 1938 2809 Deus
1968 2771 2060 2823 per

463 2827 832 2883 excellentiam
859 2829 1051 2890 dictus,
1077 2828 1213 2882 hanc
1237 2829 1461 2897 gratiam
1484 2827 1808 2898 quibusdam
1829 2841 2056 2898 conces-

464 2899 553 2957 sit.
578 2909 634 2952 ut
658 2899 906 2954 similiter
925 2911 1279 2963 vocarentur;
1310 2899 1375 2952 iis
1405 2897 1597 2968 nempe
1619 2899 1706 2968 qui
1733 2897 2059 2966 principatus

461 2970 773 3037 dignitatem
821 2970 1117 3025 secundum
1161 2971 1333 3024 zelum
1383 2970 1475 3024 Dei
1526 2970 1762 3023 omnium
1805 2968 2058 3038 principis

465 3041 680 3108 habent,
725 3049 780 3096 et
818 3053 1053 3096 servant.
1097 3041 1455 3108 Quamobrem
1492 3055 1634 3095 nunc
1672 3040 1803 3094 deos
1855 3039 1974 3094 illus
2026 3054 2058 3094 e

467 3113 663 3180 populo
720 3113 808 3182 qui
881 3113 1302 3182 pneeminebant
1365 3112 1690 3181 appellavit,
1735 3110 1803 3182 de
1862 3110 2058 3182 quibus

463 3182 623 3237 etiam
652 3181 859 3254 Moyses
889 3183 1059 3237 dixit:
1092 3181 1207 3237 Diis
1235 3199 1345 3254 non
1365 3181 1656 3254 maledica,
1680 3191 1725 3254 e_t
1747 3181 1809 3254 de
1829 3181 2058 3250 principe

464 3254 641 3323 populi
667 3250 860 3324 tui'non
886 3254 1017 3307 male
1039 3254 1254 3323 loqueris
1277 3252 1472 3324 (Exod.
1501 3252 1592 3306 22.
1765 3250 1962 3305 Verum
1991 3267 2056 3306 ex

465 3325 569 3378 illis
597 3339 692 3379 eos
713 3322 802 3391 qui
826 3339 1041 3379 veraces
1065 3322 1208 3389 sunt,
1239 3333 1290 3377 et
1314 3325 1401 3392 qui
1429 3322 1739 3392 dignitatem
1767 3337 1915 3376 suam
1948 3338 2055 3376 non

461 3395 844 3459 ementiuntur,
891 3395 1086 3463 quique
1130 3393 1448 3463 prophetia}.
1482 3403 1574 3448 aut
1617 3393 1922 3458 sacerdotii,
1966 3401 2060 3446 aut

462 3468 658 3519 ducum
686 3466 953 3520 exercitus
979 3463 1292 3533 dignitatem
1324 3465 1599 3531 obtinent,
1639 3473 1786 3518 tanto
1810 3463 2059 3532 dignatur

464 3538 688 3602 honore,
718 3549 778 3591 ut
805 3544 910 3591 stet
940 3537 994 3591 in
1036 3537 1246 3591 illorum
1279 3550 1577 3606 synagoga,
1605 3534 2054 3606 quemadmodum

461 3609 536 3661 ait
564 3608 866 3678 psalmista;
899 3621 994 3662 eos
1021 3617 1198 3662 autem
1226 3607 1316 3677 qui
1347 3608 1446 3663 sibi
1474 3607 1712 3676 prmstito
1739 3605 1945 3678 honore
1972 3606 2056 3658 iu-

461 3676 618 3749 tligua
651 3678 906 3746 fecerant,
952 3679 1004 3733 in
1037 3679 1211 3734 medio
1239 3676 1515 3747 dijudicat,
1548 3679 1652 3749 hoc
1682 3686 1794 3749 est,
1827 3676 1878 3730 in
1920 3690 2053 3730 con-

460 3747 647 3820 spectu
689 3751 864 3805 omnis
900 3758 1178 3814 creatura),
1218 3749 1476 3820 dignitate
1515 3756 1570 3802 et
1610 3747 1810 3820 habitu
1835 3761 2057 3820 prorsus

460 3818 735 3877 denudans
765 3835 887 3882 eos,
927 3830 981 3875 et
1023 3818 1327 3884 traducens,
1359 3821 1480 3890 quia
1511 3835 1633 3873 cum
1665 3819 1928 3886 imperare
1957 3818 2055 3871 de-

463 3893 721 3958 buissent,
748 3892 845 3959 ipsi
867 3901 1052 3947 contra
1075 3891 1327 3961 nequitia:
1348 3889 1574 3958 imperio
1593 3906 1652 3943 se
1678 3889 2051 3961 subjecerunt;

459 3977 596 4032 quos
640 3958 896 4032 propheta
920 3963 1095 4032 modo
1121 3958 1363 4030 corripit,
1403 3961 1563 4015 modo
1601 3964 1844 4032 hortatur
1873 3958 1924 4032 in
1965 3974 2055 4014 se-

459 4031 764 4104 quentibus.
797 4033 852 4087 9..
885 4031 1151 4104 Usquequo
1172 4032 1420 4104 judicatis
1439 4031 1784 4104 iniquitatem,
1826 4040 1873 4084 et
1901 4031 2056 4104 facies

460 4101 776 4174 peccatorum
802 4101 1029 4157 sumitis?
1056 4101 1284 4157 Pulchre
1329 4101 1476 4174 illud,
1503 4101 1792 4174 Usquequo,
1844 4102 2055 4174 prmoni-

459 4171 549 4239 Lsit,
581 4173 871 4228 ostendens
899 4174 1020 4228 illos
1041 4175 1092 4227 in
1123 4174 1398 4242 iniquitate
1423 4173 1512 4227 diu
1541 4171 1851 4242 persistere,
1881 4181 1932 4224 et
1958 4171 2050 4225 Dei

461 4245 797 4299 tolerantiam
825 4259 930 4298 non
977 4245 1396 4314 persentiscere;
1429 4257 1493 4298 ac
1532 4242 1678 4297 nullo
1707 4242 1866 4296 modo
1902 4242 2058 4314 cogi-

462 4325 575 4370 tant
605 4327 813 4384 tempus
844 4311 1070 4371 transire
1098 4325 1258 4383 atque
1287 4324 1716 4382 prietercurrere,
1745 4311 2055 4384 quoelapso

461 4391 670 4458 iniquos
717 4383 846 4441 ultio
882 4386 1094 4441 invadet
1123 4403 1138 4440 :
1167 4393 1495 4454 quapropter
1526 4384 1768 4452 judicant
1797 4383 2052 4458 iniquitaf

464 4453 592 4522 teni,
620 4469 674 4512 et
700 4458 860 4512 facies
889 4453 1226 4526 peccatorum
1251 4453 1488 4522 sumunt,
1517 4470 1640 4509 cum
1666 4462 1937 4526 oporteret
1961 4453 2054 4508 Dei

462 4530 780 4584 sententiam
834 4524 1030 4596 ubique
1078 4538 1249 4593 stare,
1309 4542 1399 4596 qut
1444 4526 1704 4596 justitiam
1751 4524 2051 4588 desiderat,

465 4602 689 4670 ideoque
711 4601 762 4653 in
787 4600 1012 4670 singulis
1035 4599 1244 4670 judieiis
1275 4597 1465 4670 faciem
1488 4610 1640 4652 suam
1671 4605 2050 4670 repraesentat:

463 4673 532 4725 ita
567 4666 622 4724 ut
662 4666 1078 4741 Moysesvdicat:
1109 4668 1231 4722 Non
1252 4669 1480 4741 accipies
1520 4682 1788 4741 personina
1835 4668 1886 4741 in
1907 4666 2057 4734 judi-

463 4743 562 4807 cio,
595 4742 713 4810 quia
744 4735 958 4811 :lgomini
1001 4749 1072 4794 est
1092 4739 1350 4810 judicium
1375 4735 1637 4811 (Dentri:
1681 4737 1793 4811 17).
1825 4735 1934 4811 Cur
1958 4751 2055 4811 au-_-

463 4823 568 4866 tem
607 4807 704 4879 ait,
734 4809 941 4863 Faciem
981 4807 1299 4880 peccatorum
1340 4807 1742 4880 suntitileuia
1764 4807 1940 4880 omnis
1963 4807 2050 4875 qui

455 4877 714 4953 justitiam
766 4877 1116 4953 corrumpere
1149 4881 1348 4945 studet,
1397 4890 1451 4934 et
1493 4879 1748 4949 judicium
1782 4877 2055 4953 adversus

465 4948 764 5024 proximum
791 4953 912 5006 ferri
955 4948 1604 5024 satagit,_verepeceator
1630 4958 1718 5024 est
1737 4991 1750 5013 ,
1781 4948 1905 5024 licet
1925 4949 2055 5017 justi

461 5020 695 5090 speciem
725 5039 833 5094 prae
863 5037 920 5076 se
951 5020 1106 5094 ferat.
1135 5020 1687 5094 Diapsalmagindusit,
1718 5020 1839 5088 quia
1867 5033 2054 5094 repre-

464 5089 778 5150 hensionem
806 5095 856 5148 in
891 5093 1174 5147 consilium
1215 5089 1403 5146 mutat.
1433 5092 1485 5145 5.
1509 5089 1748 5144 Jndicate
1783 5089 1982 5159 pupillo
2009 5099 2055 5142 et

463 5166 725 5232 mendico,
769 5163 1008 5218 humilem
1039 5174 1086 5217 et
1127 5179 1397 5235 pauperem
1413 5161 1712 5235 justi/irate.
1747 5160 1862 5235 Non
1893 5160 2053 5235 dicit,

463 5230 868 5305 Judicate'justo
887 5276 901 5299 ,
933 5249 1106 5304 neque
1127 5230 1436 5305 'propbetm',
1471 5247 1641 5302 neque
1661 5231 1956 5305 sacerdoti,
1988 5230 2056 5286 de

465 5308 654 5376 quibus
675 5302 817 5361 Deus
837 5305 908 5360 ita
937 5302 1174 5375 praecipit
1198 5323 1212 5359 :
1231 5302 1418 5359 Nolite
1437 5315 1640 5376 tangere
1661 5302 1876 5376 christos
1899 5318 2053 5376 meos,

463 5372 508 5430 et
535 5381 588 5430 in
630 5376 889 5447 praphetis
930 5372 1053 5430 meis
1082 5372 1236 5447 nolite
1274 5372 1543 5447 malignari
1570 5372 1738 5446 (Psal.
1768 5373 1894 5447 101.
1939 5372 2054 5447 15).

463 5450 558 5504 sed
589 5443 802 5518 Pupilla
827 5446 976 5518 dicit,
1019 5446 1251 5518 mendico
1271 5488 1286 5514 ,
1316 5443 1522 5512 humili,
1564 5443 1803 5518 pauperi.
1846 5443 2057 5510 Quare?

464 5521 595 5585 Quia
631 5516 734 5572 illis
767 5517 981 5586 quidem
1021 5517 1265 5580 iniuriam
1299 5518 1540 5586 accipere
1582 5516 1851 5575 convenit,
1875 5529 2056 5586 quem-

465 5590 750 5644 admodum
788 5585 997 5643 iPaulus
1043 5587 1170 5642 dicit
1202 5607 1216 5643 :
1251 5585 1427 5651 Quare
1465 5602 1562 5639 non
1614 5586 1774 5655 magis
1812 5585 2058 5654 injuriam

464 5663 728 5730 accipitis?
747 5676 902 5729 quare
927 5676 1029 5730 non
1058 5659 1219 5729 magis
1248 5659 1480 5730 fraudem
1501 5656 1730 5730 patimini
1753 5657 1827 5730 (I_.
1858 5655 1975 5730 (λον.
2001 5655 2054 5708 6.

467 5727 682 5801 ’1)’έίιίε
709 5727 838 5784 vero
862 5727 1196 5785 intolerabile
1222 5727 1303 5784 est
1335 5729 1578 5801 injuriam
1604 5727 1732 5801 pati,
1761 5727 1829 5780 ob
1857 5727 2058 5779 instan-

467 5799 577 5857 tem
605 5817 668 5857 ex
700 5809 856 5854 uitale
892 5811 984 5855 aut
1013 5817 1077 5856 ex
1123 5801 1376 5872 pauperie
1421 5799 1783 5854 infirmitatem
1817 5814 1828 5852 :
1869 5813 2057 5869 quant-

1980 298 2100 357 SPL
2111 301 2223 357 [HA
2236 345 2248 357 .

3662 317 3768 374 73‘!

2175 423 2360 506 oprem
2415 422 2516 478 illis
2562 423 2834 495 legislator
2881 428 3246 506 vehementius
3294 431 3672 501 patrocinatur.
3705 438 3761 490 ι.

2175 492 2675 568 ripitepauperctn,
2703 508 2747 550 et
2769 515 2975 566 egenum
2998 501 3060 552 a'e
3077 517 3227 553 manu
3247 492 3518 568 peccatoris
3535 506 3763 560 liberate.

2171 564 2428 641 Qu_asi_d_e
2459 566 2586 621 feris
2607 564 2924 641 agrestibus,
2953 570 3021 624 de
3059 571 3121 624 iis
3145 564 3516 641 qui'iujustitia
3548 587 3601 628 et
3631 593 3760 629 ava-

2172 636 2290 712 ritia
2322 635 2670 712 delectantur,
2694 640 2970 712 hluqttitut‘,
3003 635 3474 712 quapropteralibi
3500 647 3572 698 ait
3606 665 3618 698 :
3664 647 3758 701 ln-

2169 706 2383 759 sidialur
2403 709 2470 782 in_
2484 707 2772 762 abscondito
2794 715 2938 782 quasi
2960 706 3036 764 leo
3060 706 3123 766 in'
3141 706 3380 782 spelunca
3400 733 3491 768 sua
3512 733 3530 769 :
3551 718 3763 771 insidia-

2170 785 2253 856 tur
2277 787 2332 829 ut
2357 779 2523 846 rapiat
2553 779 2825 856 pauperem
2858 781 3025 856 (Paul.
3053 784 3136 838 10.
3169 779 3248 852 1)).
3283 785 3461 854 Itaque
3485 789 3570 856 qui
3603 803 3762 842 men-

2168 844 2344 927 dicum
2383 844 2576 927 servat,
2601 844 3179 927 pastoris:d‘iguitatem
3209 844 3389 926 atque.
3413 844 3636 924 pre'tium
3669 875 3760 912 re-

2171 918 2304 981 lert;
2331 918 2838 994 pastoris,inquam,
2856 919 3020 994 illius,
3058 925 3147 993 qui
3173 918 3514 994 semetipsum
3544 929 3760 984 tradens

2172 1002 2268 1055 pro
2299 992 2452 1067 nol-is
2487 1005 2569 1067 ex.
2589 991 2950 1067 Spiritualilms
2985 991 3094 1067 nos
3131 994 3258 1048 feris
3287 991 3512 1063 eripuit:
3543 999 3630 1067 qui
3658 1015 3756 1052 au-

2171 1070 2276 1111 tem
2306 1058 2446 1124 rapit
2464 1068 2518 1112 et
2539 1060 2798 1126 devastat,
2819 1063 2957 1117 inter
2979 1062 3114 1118 feras
3137 1058 3462 1121 numeratur.
3490 1058 3758 1124 Ut'aulem

2171 1129 2221 1205 in
2245 1128 2402 1205 nobis
2426 1130 2615 1199 injuria
2647 1131 2956 1187 aﬂ'ectorum
2978 1137 3334 1205 patrocinium
3355 1139 3631 1205 adaugent,
3665 1141 3760 1193 ad-

2167 1199 2322 1262 didit,
2363 1203 2445 1253 De
2473 1218 2625 1255 manu
2655 1205 2928 1271 peccatoris
2967 1199 3190 1270 liberate,
3219 1215 3276 1261 ut
3301 1207 3366 1260 ad
3395 1199 3758 1265 defensionem

2170 1271 2501 1346 festinemus,
2531 1272 2576 1326 si
2613 1273 2829 1346 quando
2868 1274 3140 1330 videamus
3170 1277 3411 1346 injuriam
3444 1279 3756 1336 inferentem

2169 1342 2474 1422 infirmum,
2525 1353 2580 1397 et
2628 1343 2748 1398 sine
2799 1342 3283 1422 commiseratione
3317 1364 3475 1422 esse.
3513 1352 3758 1406 Infirmus

2167 1419 2364 1492 quippe
2390 1422 2473 1466 est
2495 1425 2786 1492 peccator,
2838 1425 3020 1485 utpote
3045 1419 3133 1492 qui
3177 1419 3228 1472 in
3259 1419 3420 1492 Deum
3465 1421 3754 1491 impingat;

2168 1485 2284 1561 sine
2312 1485 2776 1561 commiseratione
2806 1500 3004 1561 antem,
3027 1485 3149 1557 quia
3178 1505 3243 1543 ne
3267 1490 3364 1544 sibi
3395 1485 3607 1561 quidem
3634 1485 3760 1559 par-

2168 1554 2260 1615 cit,
2286 1554 2486 1630 nedum
2513 1556 2688 1630 alteri.
2715 1554 3098 1630 5._Ne_scierunt
3122 1575 3277 1630 neque
3302 1554 3671 1624 intellexerunt,
3702 1564 3758 1614 in

2169 1623 2381 1678 tenebris
2427 1627 2708 1680 ambulant.
2751 1627 2889 1693 Quid
2935 1623 3279 1685 nescierunt?
3307 1630 3590 1686 Praesentis
3635 1635 3759 1686 vita:

2168 1705 2363 1749 Statum
2415 1696 2945 1772 ll_uxu_m,_ltumame
2993 1701 3111 1754 vita:
3157 1701 3583 1764 instabilitatem;
3633 1705 3757 1772 quia

2167 1779 2323 1847 agros
2347 1768 2509 1847 agris,
2539 1767 2786 1823 domibus
2806 1770 3003 1847 fluuios
3026 1772 3338 1847 adjungnnt,
3368 1786 3615 1847 smpeque
3642 1767 3757 1828 ha-c

2169 1839 2400 1891 inimicis
2425 1839 2535 1892 suis
2577 1841 2932 1894 accumulant.
2967 1841 3104 1908 Quid
3130 1852 3304 1897 autem
3333 1839 3458 1896 non
3480 1839 3758 1898 intellexe-

2169 1912 2329 1981 runtj!
2362 1910 2509 1977 Ipsns
2543 1910 2684 1964 circa
2717 1911 2933 1964 minima
2961 1920 3266 1981 occupatos,
3309 1914 3597 1981 majoribus
3636 1929 3758 1968 sese

2171 1977 2450 2054 fraudare;
2479 1990 2806 2054 quapropter
2835 1983 2885 2054 in
2911 1977 3144 2036 tenebris
3185 1977 3434 2054 nequitia:
3460 1985 3754 2050 ambulant,

2167 2049 2250 2124 ad_
2266 2051 2434 2124 lucent
2458 2049 2722 2124 accedere
2733 2053 3108 2108 erubescentes
3131 2072 3142 2107 :
3172 2049 3348 2108 Omnis
3365 2055 3493 2108 enim
3509 2057 3594 2124 qui
3622 2049 3757 2108 mala

2167 2121 2290 2187 agit,
2319 2121 2423 2174 odit
2463 2123 2624 2175 lucent
2662 2121 2842 2184 (Joan.
2876 2125 2928 2178 5.
2957 2124 3074 2192 9.0),
3121 2135 3177 2177 ut
3220 2125 3415 2179 Paulus
3451 2121 3596 2180 dicit.
3633 2127 3758 2181 Ideo

2167 2192 2324 2265 etiam
2351 2192 2574 2265 fortasse
2602 2193 2844 2263 objurgat
2865 2195 3003 2258 illos,
3027 2195 3164 2265 quod
3203 2198 3253 2248 iu
3292 2196 3524 2250 tenebris
3565 2198 3756 2250 ambu-

2167 2260 2357 2336 lantes,
2385 2260 2858 2336 nescieriutneque
2881 2260 3244 2336 intellexerint
3260 2266 3310 2320 id
3331 2267 3472 2336 quod
3493 2267 3756 2336 sequitur.

2166 2333 2445 2406 Quodnam
2482 2334 2648 2406 illud?
2676 2333 2812 2388 Audi
2843 2354 2855 2390 :
2883 2334 3181 2390 Movcantnr
3215 2333 3383 2390 omnia
3422 2333 3754 2406 fundamenta

2167 2413 2329 2458 teri-ce.
2357 2405 2508 2471 Quod
2539 2407 2582 2458 si
2616 2405 2955 2460 fundamenta
2982 2417 3136 2460 terra:
3159 2417 3455 2477 moventur,
3484 2409 3754 2477 quomodo

2172 2484 2422 2542 poterunt
2475 2478 2525 2529 in
2581 2477 2669 2530 illa
2726 2478 2984 2531 manere?
3039 2478 3133 2531 His
3193 2477 3264 2532 ita
3314 2493 3372 2532 se
3439 2476 3755 2533 habentibus

2165 2561 2269 2618 cur
2293 2546 2508 2618 fratrem
2539 2545 2867 2613 fraudamus,
2894 2562 2989 2602 cur
3005 2563 3227 2618 egenum
3256 2548 3603 2618 comedimus,
3629 2565 3751 2602 cum

2165 2617 2342 2671 nullus
2373 2617 2505 2690 hinc
2536 2618 2690 2690 nobis
2734 2620 2936 2674 fructus
2973 2615 3212 2690 oriatur?
3255 2619 3307 2674 6.
3341 2615 3451 2690 Ego
3497 2620 3636 2686 dixi,
3677 2621 3754 2673 dii

2169 2689 2310 2754 estis,
2341 2699 2385 2741 et
2413 2688 2508 2757 ﬁlii
2535 2688 2735 2742 Επειδί
2762 2705 2954 2743 omnes.
2988 2691 3040 2744 7.
3069 2687 3171 2743 Vos
3192 2700 3354 2742 autem
3383 2687 3507 2743 sicut
3528 2691 3756 2744 homines

2165 2760 2467 2825 moriemini,
2492 2770 2537 2812 et
2555 2761 2680 2812 sicut
2699 2776 2828 2813 unus
2845 2762 2906 2814 de
2927 2761 3241 2830 principibus
3265 2761 3474 2814 cadetis.
3496 2760 3752 2824 Quando-

2163 2844 2285 2884 nam
2313 2845 2500 2885 omnes
2540 2845 2659 2884 esse
2689 2831 2818 2885 deos
2859 2841 2912 2884 et
2955 2832 3090 2885 filios
3124 2832 3379 2885 Altissimi
3421 2832 3756 2886 declaravit?

2163 2899 2279 2955 Non
2311 2903 2452 2956 enim
2477 2902 2705 2970 amplius
2732 2901 2799 2955 dc
2827 2902 3154 2971 principibus
3182 2911 3405 2964 tantum,
3435 2903 3526 2955 sed
3549 2902 3614 2956 de
3641 2911 3757 2957 toto

2162 2987 2359 3040 genere
2415 2972 2648 3026 humano
2698 2973 2948 3040 loquitur.
3002 2972 3161 3027 Certe
3217 2975 3427 3042 quando
3481 2973 3751 3026 hominem

2163 3042 2460 3113 elformavit
2507 3045 2677 3103 Deus.
2724 3045 2994 3113 dignitatis
3041 3044 3198 3098 talem
3244 3044 3608 3098 deﬁnitionem
3659 3043 3756 3097 de-

2161 3112 2241 3168 dit
2283 3130 2297 3166 :
2330 3113 2608 3168 Faciamus
2652 3112 2904 3168 hominem
2949 3116 3017 3167 ad
3055 3115 3325 3185 imaginem
3365 3124 3410 3168 el
3457 3113 3754 3168 similitudi-

2165 3201 2278 3238 nem
2323 3196 2598 3249 nostram;
2640 3194 2690 3237 et
2735 3187 3057 3239 dominentur
3101 3184 3328 3238 omnibus
3373 3185 3587 3254 piscibus
3637 3201 3755 3236 ma-

2163 3257 2234 3309 ris
2253 3297 2267 3322 ,
2293 3265 2340 3309 et
2368 3255 2658 3328 volatilibus
2682 3257 2819 3320 ca'li,
2847 3266 2897 3328 et
2913 3256 3161 3328 jnmentis
3179 3299 3192 3322 ,
3222 3265 3269 3328 et
3296 3257 3539 3310 unirerste
3581 3265 3752 3328 teme,

2161 3336 2210 3379 et
2240 3327 2472 3380 omnibus
2511 3327 2774 3398 reptilibus
2806 3325 2958 3396 (Gen.
2995 3329 3046 3382 1.
3075 3327 3188 3393 5'26).
3234 3325 3385 3392 Quod
3415 3327 3754 3398 sigcnstodis-

2163 3407 2319 3461 sent,
2368 3413 2465 3452 nec
2495 3395 2847 3453 inobedientia
2898 3398 2990 3452 Dei
3037 3398 3318 3466 imaginem
3350 3395 3752 3466 prodidissent,

2163 3483 2270 3520 non
2291 3478 2461 3522 morte
2480 3468 2714 3523 damnati
2735 3467 2978 3523 fuissent.
2993 3467 3324 3522 Contumelia
3343 3469 3481 3522 enim
3505 3467 3557 3520 in
3582 3467 3750 3520 Deum

2161 3547 2243 3592 est
2271 3541 2389 3608 ejus
2420 3539 2750 3608 majestatem
2780 3540 3043 3608 ignOrare,
3075 3548 3130 3593 et
3157 3538 3339 3592 eadem
3361 3539 3463 3607 pati
3492 3553 3607 3607 qua:
3639 3538 3754 3591 dia-

2161 3609 2336 3664 holus.
2381 3610 2736 3677 Quamobrem
2785 3611 2901 3676 ait,
2955 3611 3101 3664 Sicut
3149 3610 3374 3662 homines
3420 3609 3749 3671 moriemini,

2161 3680 2451 3735 ostendens
2481 3680 2766 3735 humanam
2813 3681 3113 3750 passionem
3153 3694 3272 3734 esse
3301 3687 3546 3733 mortem.
3597 3680 3750 3732 Atta-

2161 3767 2284 3806 men
2316 3751 2508 3807 licebat
2535 3767 2639 3805 non
2673 3752 2842 3814 mori,
2869 3752 2910 3804 si
2947 3751 3036 3805 Dei
3067 3751 3234 3820 legem
3265 3750 3332 3804 ab
3363 3751 3511 3820 initio
3536 3763 3750 3803 servas-

2160 3835 2372 3886 semus;
2393 3834 2569 3876 nostra
2589 3824 2782 3891 quippe
2801 3831 2983 3875 natura
3002 3819 3282 3890 utrumque
3300 3819 3586 3874 habuisset.
3604 3820 3752 3873 Sicut

2160 3910 2312 3960 unus,
2343 3893 2531 3962 inquit,
2555 3894 2619 3947 de
2645 3893 2955 3964 principibus
2976 3893 3186 3956 cadetis,
3219 3891 3486 3964 diabolum
3514 3891 3750 3964 subindi-

2160 3980 2312 4030 cans,
2331 3960 2691 4033 quipriucipis
2711 3966 2999 4033 p0tentiam
3017 3967 3153 4016 inter
3168 3963 3387 4033 angelos
3403 3960 3746 4033 sortiebatur:

2159 4031 2506 4105 quamobrem
2550 4031 2624 4089 ait
2650 4031 2844 4088 Paulus
2868 4051 2882 4089 :
2917 4032 3038 4086 Non
3065 4043 3134 4086 est
3163 4031 3304 4105 nobis
3333 4031 3619 4105 colluctatio
3648 4032 3748 4083 ad-

2160 4103 2329 4160 versus
2354 4108 2652 4175 sanguinem
2672 4113 2718 4158 et
2742 4121 2964 4170 carnem,
2995 4105 3082 4156 sed
3108 4103 3345 4156 adversus
3362 4103 3673 4175 principatus
3701 4111 3753 4154 et

2160 4185 2428 4246 potestates
2451 4172 2689 4301 'éEphes.
2738 4175 2947 4242 6.12);
2982 4175 3191 4230 inflatus
3228 4172 3404 4227 autem
3449 4183 3502 4227 et
3548 4172 3750 4240 majora

2161 4258 2437 4301 appetens.
2503 4247 2682 4301 ecidit.
2717 4245 2947 4301 ldipsum
2991 4245 3189 4298 homini
3230 4244 3478 4301 contigit;
3507 4257 3626 4297 cum
3651 4258 3750 4296 au-

2161 4244 2437 4316 appetcns,
2467 4244 2682 4302 deeidit.
2717 4245 2947 4315 ldipsum
2991 4245 3189 4298 homini
3230 4244 3478 4316 contigit;
3507 4257 3752 4316 cum_au-

2159 4310 2327 4373 disset
2363 4310 2506 4388 enim
2555 4317 2671 4372 haec
2712 4310 2974 4386 serpentis
3015 4317 3172 4369 verba
3220 4331 3234 4367 :
3286 4310 3751 4388 ScituenimuDeus

2159 4389 2293 4459 quod
2317 4384 2628 4459 quacumque
2655 4388 2737 4441 die
2777 4384 3100 4459 comedet-itis
3131 4402 3194 4439 ea:
3216 4402 3294 4459 eo,
3341 4384 3543 4459 scilicet
3575 4384 3748 4459 ligno,

2158 4456 2448 4530 aperientur
2475 4457 2610 4530 oculi
2639 4459 2806 4524 vestri,
2830 4469 2873 4512 et
2900 4458 3187 4530 eritisrsicut
3215 4457 3306 4521 dii,
3335 4456 3540 4530 scientes
3568 4456 3752 4530 bonum

2160 4525 2206 4585 et
2233 4531 2422 4584 malum
2450 4529 2604 4600 (Gen.
2649 4529 2702 4582 5.
2734 4530 2788 4600 εἰ)
2817 4545 2831 4582 ;
2866 4528 3235 4600 inobedienti:e
3265 4542 3325 4581 se
3361 4525 3582 4600 dedidit,
3613 4525 3752 4600 unde

2162 4594 2467 4656 necessario
2489 4594 2777 4670 sequutum
2801 4608 2883 4654 est
2908 4615 3029 4670 eum
3061 4599 3111 4652 in
3143 4598 3348 4670 ruinam
3378 4595 3562 4670 morbo
3588 4594 3754 4649 animi

2161 4674 2241 4726 sui
2269 4671 2502 4726 debitam
2529 4667 2810 4725 decidisse.
2839 4671 2892 4724 8.
2923 4669 3111 4740 Surge,
3136 4668 3286 4740 Deus,
3331 4667 3502 4740 iudica
3542 4675 3750 4740 terroris,

2160 4743 2400 4812 quoniam
2455 4752 2510 4795 tu
2577 4741 2877 4812 hereditabis
2936 4741 2991 4794 in
3031 4735 3280 4812 'omnibus
3325 4735 3571 4807 gentibus.
3631 4735 3752 4812 _Non

2162 4806 2478 4884 prmsentem
2510 4811 2668 4884 igitur
2691 4811 3061 4884 hereditatem,
3108 4809 3202 4864 sed
3234 4806 3461 4862 futuram
3493 4806 3752 4884 propheta

2162 4877 2462 4938 subindicat
2521 4877 2552 4936 ι’
2589 4881 2710 4937 ideo
2751 4883 2917 4937 Demn
2967 4890 3118 4949 rogat
3144 4890 3201 4934 ut
3225 4890 3428 4948 surgat,
3474 4888 3523 4932 et
3549 4877 3755 4949 judicet

2164 4965 2382 5018 terram,
2409 4953 2656 5008 videlicet
2685 4953 2957 5008 hominem
2994 4970 3007 5004 :
3035 4947 3156 5006 cum
3181 4947 3468 5003 surrexerit
3494 4960 3668 5002 autem
3699 4947 3754 5004 in

2162 5027 2410 5080 omnibus
2439 5025 2684 5094 gentibus
2711 5023 3048 5094 hereditabit.
3102 5021 3361 5094 omnibus
3396 5019 3589 5094 quippe
3626 5032 3754 5072 cou-

2163 5091 2560 5166 gruetttctn'dat
2583 5094 2998 5166 sorteni;,aliain
3031 5092 3336 5166 humilibus,
3365 5091 3520 5166 aliam
3551 5099 3753 5159 tempe.

2164 5161 2436 5232 fantibus;
2471 5165 2609 5220 hanc
2635 5165 2911 5228 beneficis,
2942 5165 3084 5217 illam
3117 5161 3360 5225 moechis,
3388 5161 3543 5213 aliam
3570 5173 3749 5232 snper-

2165 5237 2267 5317 bis,
2321 5230 2480 5290 aliam
2529 5235 2705 5317 avaris
2753 5254 2767 5290 :
2813 5245 3011 5317 gentes
3045 5235 3240 5317 quippe
3271 5233 3321 5286 in
3355 5230 3601 5317 praesenti
3644 5243 3748 5283 non

2165 5308 2486 5379 linguarum,
2519 5307 2614 5362 sed
2646 5308 2766 5360 vita:
2794 5305 3156 5361 diversitatem
3187 5305 3412 5358 vocavit.

2380 5421 2430 5475 1.
2465 5418 2728 5474 Canticum
2758 5416 2958 5473 Psalmi
2986 5417 3084 5488 ipsi
3111 5415 3304 5484 Asaph.
3338 5427 3534 5468 Lsxxtt.

2238 5514 2288 5567 1.
2318 5510 2443 5565 Jure
2470 5510 2736 5564 canticum
2768 5516 2823 5563 et
2852 5509 3118 5563 Psalmuin
3146 5515 3461 5578 praesentem
3482 5501 3754 5578 narratio-

2167 5599 2288 5638 nem
2311 5582 2594 5651 appellavit
2621 5600 2635 5636 :
2662 5581 2910 5649 quoniam
2931 5576 3243 5651 prophetiae,
3266 5593 3421 5651 quam
3447 5576 3757 5643 plerumque

2168 5648 2435 5710 Psalmuin
2467 5648 2720 5721 appellat,
2741 5648 3361 5722 canticumtriumphale
3377 5653 3560 5722 contra
3578 5658 3755 5722 quos:

2167 5727 2288 5778 dam
2317 5712 2562 5777 inimicos
2587 5712 2889 5775 admiscuit.
2912 5721 2967 5773 ‘2.
3004 5719 3158 5781 Deus,
3189 5712 3300 5790 quis
3321 5717 3498 5770 similis
3519 5716 3608 5790 erit
3628 5712 3759 5790 tibi!

2169 5797 2280 5852 Hoc
2303 5793 2561 5866 pmpbeta
2591 5793 2739 5860 dicit,
2770 5809 2874 5848 non
2905 5792 3238 5861 interrogans
3271 5789 3459 5860 (stulta
3491 5787 3630 5841 enim
3670 5787 3758 5838 in-
