4104 6426
262 369 377 424 755

260 480 557 551 terrogatio
601 474 790 551 esset),
821 477 912 551 sed
944 475 1180 551 Numine
1209 473 1421 551 afﬂatus
1465 474 1776 551 immensam
1803 484 1857 531 et

261 546 865 623 incomparabili-nimi
896 547 1310 623 magnitudinem
1355 546 1655 615 desrripsit.
1689 546 1857 623 Numo

259 626 412 681 enim
443 617 501 678 ξε
528 622 636 675 Deo
666 620 902 673 omnium
934 619 1136 672 auctori
1164 619 1214 671 in
1236 618 1415 686 aliquo
1438 617 1856 685 comparandum

259 710 390 750 esse
415 691 745 764 gloriabitur.
788 691 921 756 Quia
951 705 1088 764 vero
1117 689 1406 764 dictionum
1436 687 1722 764 discrimen
1754 690 1857 742 ob-

260 759 588 820 servandum
635 771 753 819 est:
787 776 959 830 neque
1004 760 1146 813 enim
1191 759 1344 830 dixit,
1371 760 1500 824 Quis
1545 759 1732 813 similis
1776 767 1859 813 est

260 836 386 899 tibi,
409 834 525 899 sed,
557 831 683 899 Quis
710 829 890 885 similis
926 831 1019 884 erit
1043 831 1150 894 tibi,
1181 838 1237 885 et
1274 829 1357 883 his
1381 830 1612 882 futttrum
1646 839 1858 898 tempus

261 906 502 968 indicat;
547 913 696 957 certe
740 902 1159 955 incarnationem
1220 900 1485 969 Unigeuiti
1535 900 1854 966 adumbrat,

259 989 514 1045 qumrens
535 988 655 1027 cum
678 973 994 1045 quibusnam
1023 970 1306 1045 prophetis
1321 970 1436 1039 ejus
1449 970 1614 1045 gloria
1641 985 1857 1045 compa-

260 1039 435 1100 randa
452 1045 522 1099 sit
546 1060 561 1097 :
586 1039 934 1113 quamobrem
954 1039 1175 1097 euinahi
1195 1041 1420 1113 Heliam,
1439 1041 1528 1094 alii
1544 1039 1855 1113 Jeremium,

260 1116 355 1170 alii
385 1131 450 1170 ex
481 1111 757 1184 prophetis
800 1113 1029 1181 aliquem
1058 1126 1176 1166 esse
1207 1111 1464 1184 putabant
1508 1127 1521 1163 :
1551 1111 1644 1184 sed
1677 1111 1857 1184 nullus

260 1201 329 1241 ex
366 1180 631 1255 prtcdictis
661 1184 732 1255 illi
756 1180 945 1238 similis
968 1197 1086 1255 esse
1114 1180 1340 1252 poterat.
1366 1180 1460 1237 Ille
1484 1181 1682 1251 quippe
1710 1181 1857 1255 solus
1885 1234 1902 1245 ,

261 1252 388 1311 erat
433 1256 572 1309 Deus
599 1264 655 1309 et
703 1254 883 1316 homo,
914 1254 1061 1308 solus
1095 1267 1264 1324 geuus
1313 1264 1552 1324 nostrum
1602 1252 1854 1324 servavit.

265 1326 351 1379 Ae
380 1326 552 1390 sileas,
583 1340 744 1395 neque
770 1321 1121 1392 compescaris,
1153 1322 1325 1388 Deus;
1352 1322 1455 1395 hoc
1493 1331 1593 1387 est,
1627 1321 1704 1376 Ne
1734 1322 1856 1376 diu-

262 1397 374 1451 tius
405 1396 599 1450 toleres
631 1393 942 1449 {silentium
967 1394 1109 1449 enim
1136 1394 1346 1462 indicis,
1376 1393 1492 1462 ejus
1521 1408 1645 1462 erga
1673 1407 1858 1461 pecea-

262 1478 414 1521 tores
459 1465 795 1520 tolerantiam
845 1466 1073 1519 vocavit.
1122 1463 1230 1519 Cur
1276 1474 1453 1520 autem
1511 1464 1562 1517 id
1607 1463 1857 1531 rogavit?

256 1536 522 1601 Quoniam
561 1552 673 1590 ecce
702 1535 892 1589 inimici
931 1535 1005 1588 tui
1029 1545 1321 1598 sonuerunt,
1350 1544 1398 1588 et
1422 1533 1507 1602 qui
1532 1533 1746 1587 oderunt
1771 1542 1817 1585 te
1837 1573 1853 1599 ,

258 1607 554 1661 extulerunt
597 1614 770 1672 caput.
821 1605 875 1659 In
920 1614 1144 1671 tantum,
1188 1605 1375 1674 inquit,
1404 1605 1475 1659 ob
1521 1603 1854 1674 tolerantiam

258 1687 414 1731 tuam
442 1676 565 1730 elati
592 1685 715 1730 sunt
742 1676 960 1743 inimici,
992 1686 1051 1731 ut
1078 1673 1329 1731 sonarent
1354 1691 1369 1741 ;
1401 1675 1453 1729 id
1472 1685 1553 1729 est
1573 1673 1854 1729 conliden—

260 1759 347 1801 ter
379 1749 743 1817 loquerentur,
775 1754 829 1800 et
858 1747 1145 1816 nequitiam
1170 1761 1320 1800 suam
1348 1745 1499 1816 quasi
1529 1745 1658 1817 tuba
1682 1745 1855 1817 impu-

258 1814 651 1886 denter'palam
682 1814 1395 1886 facerent,extollercntque
1422 1825 1599 1886 caput,
1628 1814 1696 1868 de
1723 1814 1853 1868 faci-

260 1889 489 1942 noribus
508 1886 619 1941 suis
639 1901 744 1941 non
758 1887 1155 1949 erubescentes,
1179 1887 1270 1941 sed
1289 1898 1601 1956 arroganter
1616 1893 1852 1955 agentes,

298 1960 417 2012 nasi
467 1957 644 2011 nullus
691 1966 833 2011 esset
874 1972 1032 2026 quem
1079 1957 1345 2012 timerent.
1389 1956 1636 2010 Inimicos
1677 1964 1854 2008 autem

298 1974 417 2012 nas:
467 1974 644 2011 nuttus
691 1974 833 2011 esset
874 1974 1032 2026 quem
1079 1974 1345 2012 timerent.
1389 1974 1636 2010 tnnmcos
1677 1974 1854 2008 autem

256 1974 364 2083 1.ch
398 2038 710 2097 peccatores
730 2027 963 2097 appellat
996 2046 1011 2083 :
1049 2029 1170 2097 quia
1196 2037 1372 2082 autem
1398 2027 1633 2095 sibiipsis
1660 2026 1854 2097 inimici

263 2096 407 2153 sunt
429 2099 516 2153 illa
542 2096 908 2167 agentes'qute
936 2099 1037 2152 sibi
1068 2096 1315 2164 noceant,
1346 2098 1604 2167 benignus
1628 2111 1748 2150 cmn
1778 2096 1857 2167 γεῆι

261 2169 432 2231 Deus,
463 2177 517 2223 et
536 2166 760 2223 mortem
799 2168 1092 2237 peccatoris
1116 2168 1281 2234 nolit,
1311 2166 1553 2223 inimicos
1580 2167 1698 2220 illos
1726 2166 1858 2237 sibi-

259 2240 395 2306 ipsis
425 2239 737 2293 insidiantes
764 2236 928 2307 ponit.
961 2239 1017 2295 4.
1049 2237 1219 2306 Super
1257 2238 1501 2307 populum
1540 2246 1680 2291 tuum
1706 2236 1856 2289 calli-

258 2311 385 2363 dum
417 2310 637 2363 inierunt
678 2309 964 2374 consilium,
1004 2309 1411 2363 consultaverunt
1453 2320 1631 2361 contra
1656 2316 1856 2360 sanctos

262 2392 397 2435 tuas.
427 2380 512 2434 Eu
533 2378 674 2449 aliud
694 2393 864 2449 genus
885 2379 1175 2434 inimicitia:
1200 2388 1384 2434 contra
1412 2379 1575 2449 Deum
1597 2376 1855 2449 propheta

261 2450 537 2517 exposuit.
565 2447 718 2503 Νίιηῖ
745 2450 833 2518 qui
864 2458 917 2504 et
960 2450 1155 2519 popqu
1186 2450 1278 2504 Dei
1314 2458 1370 2504 et
1410 2448 1610 2504 sanctis
1654 2447 1855 2519 inimici

260 2532 439 2586 erant,
473 2519 732 2574 adversus
755 2517 876 2574 eum
900 2517 1096 2574 bellum
1124 2521 1403 2584 suscitant,
1435 2520 1587 2589 cujus
1613 2518 1687 2571 illi
1708 2517 1855 2589 servi

261 2601 318 2645 et
359 2591 555 2645 fratres
602 2598 776 2645 erant.
822 2590 1024 2645 Bellum
1062 2599 1241 2645 autem
1285 2587 1514 2654 indicat,
1559 2606 1664 2642 non
1699 2587 1859 2641 modo

266 2662 420 2728 illud,
446 2660 591 2731 quod
618 2659 872 2730 deinceps
907 2661 1247 2727 describitur,
1275 2662 1329 2715 in
1356 2675 1462 2730 quo
1484 2674 1577 2715 eas
1605 2674 1722 2729 qua:
1747 2658 1860 2731 bel-

264 2733 373 2785 Inm
398 2728 659 2785 adversus
684 2728 897 2802 .Iudaéos
909 2733 1168 2799 gerebant
1187 2728 1854 2802 gentes—commemoravit;

263 2803 358 2856 sed
379 2804 544 2857 etiam
570 2801 833 2868 quoddam
860 2797 1127 2857 occultum
1155 2797 1352 2857 bellum
1375 2800 1692 2865 subindicat,
1716 2797 1859 2867 quod

264 2874 469 2928 sanctis
499 2880 805 2942 peccatores
835 2872 1032 2927 inferre
1055 2873 1251 2927 solent.
1296 2872 1526 2941 Ideoque
1555 2886 1660 2924 non
1686 2870 1857 2924 solum

267 2943 387 2996 illos
411 2942 605 2998 callide
636 2942 769 2997 inire
793 2943 1075 2997 consilium
1104 2943 1252 3011 dicit,
1278 2944 1373 2999 sed
1398 2942 1559 2998 etiam
1588 2956 1710 2996 cum
1743 2955 1858 3011 ma-

265 3015 407 3067 xima
437 3012 753 3078 calliditate,
786 3012 836 3067 id
867 3023 969 3077 est,
1013 3008 1246 3069 versutia
1286 3013 1429 3067 varia
1459 3024 1514 3066 et
1553 3008 1859 3066 omnimoda

258 3092 483 3139 utentes
513 3100 526 3136 :
559 3083 742 3152 quales
766 3093 890 3136 sunt
933 3084 991 3147 ii,
1022 3085 1113 3153 qui
1147 3086 1292 3153 prius
1330 3083 1707 3153 pecnniis,taut
1732 3094 1858 3150 pos-

258 3153 622 3218 sessionibus,
663 3161 753 3207 aut
778 3154 896 3207 aliis
938 3152 1098 3209 rebus
1125 3152 1220 3209 eos
1244 3152 1343 3224 qui
1370 3154 1477 3224 Deo
1513 3152 1708 3224 addicti
1734 3159 1860 3224 sunt

265 3225 611 3287 defraudant,
654 3232 712 3276 ut
741 3238 835 3278 eos
876 3224 943 3278 ad
983 3225 1188 3294 ingrate
1229 3221 1492 3295 agendum
1521 3231 1577 3278 et
1605 3221 1858 3295 blasphe-

265 3297 525 3349 mandum
570 3295 804 3349 excitent
837 3311 850 3349 :
882 3308 1002 3349 cuin
1046 3292 1226 3349 autem
1267 3292 1357 3349 res
1400 3295 1503 3348 hoc
1546 3292 1708 3347 modo
1752 3306 1860 3345 non

264 3365 529 3441 succedit,
557 3365 857 3434 voluptates
871 3364 1014 3441 ipsis
1036 3373 1347 3441 suggerunt,
1379 3379 1531 3441 vanze
1550 3364 1735 3433 gloriae
1762 3377 1861 3441 cu-

266 3438 571 3504 piditatem,
617 3437 1025 3504 arrogantiam,-
1064 3436 1295 3500 fastum,
1341 3436 1634 3489 amicorum
1680 3436 1861 3504 Specie

268 3503 610 3563 inimicorum
658 3503 878 3576 consilia
930 3507 1119 3576 dantes
1163 3522 1177 3558 :
1221 3506 1273 3560 id
1318 3505 1460 3576 quod
1507 3503 1861 3576 sequentibus

256 3578 557 3631 indicatur.
587 3576 641 3631 5.
672 3574 920 3629 Dixerunt
947 3591 967 3630 :
1004 3575 1194 3640 Venite,
1235 3587 1282 3629 et
1310 3573 1659 3644 disperdamus
1697 3589 1780 3627 eos
1800 3573 1863 3627 de

265 3658 428 3717 gente,
448 3654 498 3700 et
511 3663 611 3717 non
626 3655 931 3717 metueretur
946 3662 1127 3700 nomen
1142 3645 1308 3700 Israel
1323 3643 1478 3701 ultra.
1498 3643 1654 3701 Clare
1675 3645 1863 3717 istltaac

254 3714 334 3772 'de
355 3716 595 3771 inimicis
621 3715 784 3775 Israel
808 3717 940 3770 infra
964 3718 1321 3771 memorandis
1344 3717 1481 3771 dicta
1500 3726 1643 3781 sunt,
1668 3723 1725 3769 et
1748 3714 1863 3768 huic

265 3789 335 3842 ab
360 3790 441 3844 eis
475 3797 592 3841 acta
620 3797 742 3841 sunt
776 3804 789 3839 :
821 3802 998 3856 neque
1026 3786 1114 3843 hic
1142 3786 1467 3856 intelligendi
1510 3795 1637 3856 sunt
1665 3786 1741 3856 illi
1772 3785 1863 3856 qui

268 3860 403 3912 mala
463 3857 597 3911 dant
629 3857 873 3922 consilia,
901 3854 956 3912 et
982 3857 1079 3927 qui
1118 3856 1186 3911 ad
1236 3854 1436 3927 malum
1455 3854 1608 3923 quasi
1631 3855 1681 3909 vi
1709 3855 1864 3909 indu-

266 3940 392 3983 cunt
416 3928 504 3997 (α)
535 3945 550 3981 :
582 3926 635 3981 hi
666 3928 809 3981 enim
838 3942 937 3982 nos
961 3926 1027 3983 de
1051 3936 1211 3996 gente
1238 3926 1549 3995 disperdere
1575 3930 1778 3990 volunt,
1807 3932 1864 3979 ut

271 4014 339 4053 ne
363 3996 494 4053 cum
535 3998 729 4067 iniquis
754 3999 967 4066 quidem
996 3998 1353 4062 nominemur,
1393 3998 1515 4067 quia
1544 4011 1665 4050 cum
1693 3996 1861 4067 legem

268 4069 590 4134 habeamus,
616 4066 901 4137 peccamus
922 4077 1119 4134 tamen,
1144 4082 1316 4137 neque
1333 4066 1455 4121 cum
1483 4068 1549 4121 iis
1575 4067 1663 4136 qui
1693 4066 1864 4135 legem

266 4140 607 4205 custodiunt,
638 4139 760 4208 quia
782 4139 1236 4208 praevaricamur;
1267 4138 1359 4193 sed
1380 4137 1430 4192 id
1457 4137 1641 4191 volunt
1685 4143 1866 4208 utno-

269 4225 389 4265 tnen
418 4208 589 4265 Israel
612 4205 867 4263 oblivibni
893 4208 1150 4263 tradatur.
1172 4208 1305 4263 Nam
1324 4209 1367 4262 si
1398 4208 1556 4263 Israel
1578 4218 1662 4260 est
1680 4205 1866 4261 videns

269 4280 465 4345 Deum,
496 4280 621 4349 etsi
651 4279 911 4348 quispiam
941 4292 1047 4334 non
1073 4287 1195 4349 agat
1232 4294 1293 4334 ea
1338 4293 1457 4347 quae
1488 4278 1657 4333 Deum
1683 4277 1867 4331 viden-

273 4359 379 4405 tem
417 4359 480 4405 et
507 4348 576 4403 ad
602 4365 721 4404 eum
753 4348 937 4404 oculos
962 4351 1158 4403 mentis
1189 4351 1422 4404 intentos
1458 4349 1741 4403 habentem
1770 4362 1867 4416 par

274 4433 355 4474 est
383 4435 569 4492 agere,
587 4434 835 4492 necesse
865 4427 924 4492 ut
966 4421 1012 4474 is
1039 4420 1260 4492 omnino
1286 4419 1543 4492 oblivioni
1585 4417 1825 4492 tradatur
1849 4458 1863 4482 ,

264 4489 743 4570 tteqtteatrfnerit
763 4489 922 4570 Israel
946 4490 1094 4544 credi
1122 4490 1310 4570 possit,
1338 4489 1385 4544 is
1410 4490 1499 4570 qui
1524 4489 1867 4570 spiritualiter

262 4559 395 4616 illos
421 4560 661 4623 videbat,
694 4560 745 4613 id
776 4568 879 4621 est,
928 4575 1101 4629 neque
1131 4560 1298 4614 Deum
1325 4559 1541 4615 novisse
1576 4559 1647 4612 ob
1688 4570 1866 4613 extre-

276 4645 418 4684 mam
446 4632 705 4685 incurlam
733 4630 837 4684 dici
867 4630 1052 4699 possit.
1083 4631 1138 4684 6.
1174 4629 1429 4693 Quoniam
1461 4629 1869 4683 consultaeerunt

278 4704 601 4764 unanimiter,
617 4700 770 4753 simul
785 4702 1050 4754 adversum
1067 4708 1115 4753 te
1128 4708 1473 4753 testamentum
1488 4699 1863 4768 disposuerunt.

279 4770 478 4841 Ecquis
517 4770 773 4825 adversus
814 4772 1002 4841 Deum,
1041 4770 1132 4836 qui
1178 4786 1285 4824 non
1330 4769 1500 4841 oculis
1550 4768 1731 4841 modo,
1773 4768 1869 4841 sed

279 4839 440 4895 etiam
486 4840 898 4912 cogitationibus
926 4840 1229 4912 inaccessus
1267 4848 1371 4912 est,
1417 4839 1616 4912 aliquid
1651 4839 1868 4912 consul-

281 4918 415 4980 tare,
466 4908 903 4979 aut'disnon'ere,
948 4921 1040 4966 aut
1078 4910 1356 4980 imaginari
1402 4911 1639 4979 poterit?
1674 4908 1869 4980 Verum

282 4979 372 5050 ille
399 4990 589 5036 contra
618 4978 843 5036 se’facta
882 4990 1089 5050 reputat
1113 4978 1326 5050 eaquae
1364 4978 1547 5035 contra
1576 4993 1669 5034 eos
1697 4994 1789 5049 qut
1816 4978 1870 5033 itt

286 5049 401 5117 ipso
425 5052 703 5106 confidunt
722 5049 984 5121 geruntur
1012 5069 1026 5106 :
1058 5049 1285 5121 ideoque
1312 5050 1517 5105 insidia:
1544 5050 1595 5104 in
1616 5063 1711 5104 eos
1733 5059 1874 5103 stru-

280 5130 380 5174 cta:
402 5122 455 5175 in
493 5123 663 5192 ipsum
689 5123 852 5192 Deum
881 5130 1065 5191 utpote
1107 5136 1291 5176 eorum
1338 5132 1561 5190 patrem,
1589 5129 1872 5190 patronum

266 5199 342 5241 ret
368 5191 672 5246 curatorem
702 5191 943 5248 conﬂatm
985 5192 1251 5246 dicuntur.
1281 5191 1507 5259 Quinam
1536 5199 1664 5259 sunt
1692 5200 1870 5244 autem

282 5262 372 5327 qui
417 5261 634 5317 insidias
665 5263 1027 5318 meditantur?
1051 5264 1105 5316 7.
1140 5258 1487 5316 Tabernacula
1529 5258 1874 5314 Nummorum

285 5338 331 5381 et
379 5330 676 5400 lsmaelitte,
709 5332 863 5386 Moab
890 5344 937 5387 et
975 5334 1213 5400 Agareni,
1241 5334 1293 5388 8.
1326 5331 1483 5386 Gebal
1508 5339 1555 5385 et
1582 5331 1797 5385 Ammon
1827 5340 1876 5385 et

286 5400 509 5455 Amalec.
551 5402 615 5457 Ili
643 5418 828 5457 omnes
862 5419 928 5458 ex
976 5400 1282 5459 Abrahamo
1327 5417 1495 5471 genus
1534 5402 1753 5465 ducunt,
1802 5402 1874 5455 ita

282 5477 344 5522 ut
391 5474 627 5540 cognati'
658 5473 869 5529 Israelis
914 5482 1114 5528 essent.
1160 5472 1294 5529 Nam
1339 5471 1616 5527 Ismaelitze
1670 5483 1872 5541 patrem

274 5541 583 5612 habuerant
628 5544 904 5598 Ismaelem
948 5544 1237 5600 Abraltami
1281 5543 1470 5598 lilium.
1528 5542 1757 5612 Agarcui
1807 5557 1874 5596 ex

287 5609 848 5693 ﬁbrabamo‘quidem
887 5624 1218 5693 nouerant,
1266 5614 1361 5668 sed
1405 5627 1471 5667 ex
1521 5609 1682 5693 Agar,
1708 5627 1872 5693 quam

292 5678 419 5732 Sara
448 5695 572 5738 cum
602 5678 906 5739 Abraliamo
947 5684 1014 5738 ad
1042 5683 1310 5755 quoddam
1342 5694 1549 5753 tempus
1570 5678 1835 5753 iunxisset
1856 5723 1871 5749 ,

272 5790 574 5918 αξξ)ᾳὶφᾶ
610 5802 833 5863 corrupta
871 5798 1065 5850 omnino
1085 5804 1199 5849 sunt
1223 5810 1235 5849 :
1263 5810 1373 5849 nam
1412 5798 1491 5849 hic
1526 5797 1723 5860 negatio
1744 5797 1873 5848 nulla

270 5902 282 5925 ρ
295 5895 396 5903 --κτ
422 5895 591 5918 1w.

1563 361 1625 416 IN
1674 359 1992 419 PSALMUM
2031 360 2289 418 LXXXII.

3452 376 3553 433 754

1968 474 2334 560 zelotvpiaqtte
2362 491 2543 560 poswa
2593 488 2736 536 mola
2775 492 2950 560 esset,
3004 499 3124 560 cum
3160 485 3382 544 Ismaele
3433 492 3553 560 cjici

1965 549 2487 630 curavitzalterique
2516 561 2694 630 postea
2733 553 3017 630 copulata,
3058 557 3240 630 ab_se
3285 549 3554 630 prognatis

1964 621 2334 693 Agarenortun
2391 635 2595 693 nomen
2644 622 2807 676 dedit.
2844 623 2972 678 Item
3022 626 3090 679 ab
3144 621 3298 693 Esaﬁ'
3333 621 3555 690 Amalec

1964 689 2241 743 oriebatur
2266 688 2363 757 (α).
2390 690 2542 743 Moab
2572 701 2625 745 et
2650 696 2877 746 Ammon
2913 694 3002 749 lilii
3030 696 3131 750 Lot
3154 688 3306 753 erant
3331 716 3397 756 ex
3425 688 3553 757 dua;

1965 757 2064 813 bus
2093 758 2445 832 cjustliliabus
2490 762 2755 829 suscepti,
2801 774 2916 832 post
2957 765 3260 823 incendium
3290 772 3553 826 Sodomo-

1964 843 2116 901 rum,
2141 829 2332 898 quibus
2370 832 2732 885 eonterminus
2759 829 2868 887 erat
2891 833 3086 901 Gebal,
3121 848 3174 892 et
3204 840 3426 896 fortasse
3468 844 3551 896 af-

1964 898 2123 980 littis;
2151 910 2476 980 quapropter
2522 902 2573 953 in
2602 902 2777 980 utedio
2802 919 2987 980 eorum
3033 898 3364 965 numeratur.
3412 912 3552 980 Quid

1965 968 2231 1051 igitur-liis
2262 968 2747 1051 Sigutlicatur?_aut
2782 989 2886 1051 qua
2912 974 2980 1051 d_e
3002 992 3162 1032 causa
3193 980 3337 1047 ipsos
3357 968 3553 1051 cogna-
3588 970 3594 976 ’

1962 1047 2047 1119 tos
2067 1041 2325 1119 exhibet?
2357 1041 2617 1119 Ut_di_scas
2645 1043 2782 1119 inter
2804 1041 3047 1119 inimicos
3066 1089 3082 1115 ,
3110 1041 3330 1119 eos'qui
3365 1041 3555 1109 deume-

1961 1110 2080 1164 stici
2110 1121 2268 1178 sunt,
2298 1121 2350 1165 ut
2378 1110 2625 1191 Christus
2664 1114 2772 1177 ait,
2825 1114 2876 1168 id
2917 1124 3005 1191 est
3025 1158 3039 1181 ,
3068 1110 3325 1191 cognatos
3352 1124 3552 1191 primas

1965 1191 2143 1254 partes
2168 1196 2328 1250 agere
2359 1199 2372 1236 :
2403 1183 2749 1254 quamobrem
2781 1184 3035 1254 prepheta
3066 1187 3117 1241 in
3141 1183 3552 1249 ultimo-ordine

2000 1252 2137 1331 osuit
2168 1253 2373 1331 alienos
2400 1270 2412 1305 :
2446 1252 2526 1308 sic
2560 1254 2737 1331 itaque
2760 1252 3072 1331 subiunxit:
3098 1257 3406 1331 Aliettigenw
3432 1280 3547 1317 cum

2000 1321 2306 1393 abitantibus
2330 1322 2545 1393 Tyrum.
2577 1323 2629 1378 9.
2655 1321 2874 1379 Etenim
2914 1327 3075 1381 Assur
3099 1330 3230 1382 venit
3266 1321 3387 1384 vrum
3427 1334 3547 1387 illis.

1962 1391 2077 1464 Non
2108 1407 2227 1447 cum
2257 1393 2321 1447 iis
2348 1391 2438 1462 qui
2465 1393 2665 1464 Tyrum
2706 1395 2977 1461 habitant,
3012 1398 3104 1451 sed
3143 1414 3263 1453 cum
3307 1402 3460 1456 Moab
3498 1416 3554 1458 et

1960 1462 2190 1535 Ammon
2210 1504 2226 1531 ,
2254 1473 2309 1518 et
2347 1479 2466 1535 cum
2494 1462 2612 1518 aliis
2650 1480 2787 1534 quos
2816 1476 3071 1535 cognatos
3098 1468 3406 1526 Iudaeorum
3430 1488 3549 1527 esse

1960 1532 2313 1605 ostendimus.
2346 1533 2525 1605 Itaque
2549 1549 2654 1589 non
2669 1532 2777 1590 suo
2807 1532 2954 1590 motu
2987 1537 3037 1590 in
3061 1537 3164 1592 hoc
3194 1539 3388 1595 bellum
3412 1583 3426 1605 ,
3455 1544 3549 1597 sed

1956 1617 1994 1680 ἢ
2035 1604 2521 1680 cognatisexcitati
2549 1645 2564 1669 ,
2590 1620 2650 1680 se
2667 1609 3073 1680 contulerunt:
3103 1604 3431 1680 guapt'Opter
3457 1614 3553 1666 ad-

1955 1671 2073 1745 jicit
2104 1671 2126 1728 ξ
2145 1671 2293 1727 Facti
2320 1671 2436 1728 sunt
2481 1675 2536 1728 in
2557 1674 2894 1745 _atljutorium
2946 1679 3066 1745 ﬁliis
3093 1671 3226 1743 ίοιξ
3264 1671 3325 1735 Μ’
3356 1695 3468 1745 est,
3499 1684 3550 1737 iit

1960 1742 2173 1819 illorum
2204 1745 2483 1819 au_xili_um_
2504 1743 2859 1819 advenerunt.
2889 1742 3033 1819 Cave
3072 1742 3231 1819 igitur
3270 1742 3552 1807 interiores

1961 1812 2371 1888 inimicos;_ips_i
2401 1815 2541 1869 enim
2562 1815 2873 1888 exteriores
2900 1817 3075 1871 adhuc
3090 1812 3334 1875 'artnant.
3369 1822 3551 1888 Neque

1960 1885 2264 1960 cogitationi
2294 1883 2460 1960 lidas,
2486 1887 2606 1953 quia
2636 1886 2721 1938 illa
2743 1886 3153 1960 iit-inimicitiam
3179 1903 3230 1943 ιιι
3264 1883 3550 1960 plurimum

1963 1955 2218 2027 vertitur;
2263 1955 2588 2027 consideres
2620 1966 2799 2009 autem
2867 1958 3024 2011 velim
3086 1955 3550 2027 maledictionetn,

1962 2025 2254 2093 quam’illis
2282 2026 2480 2079 intulit.
2525 2023 2859 2094 Diapsulma,
2887 2031 3007 2094 quia
3037 2043 3341 2086 sermonem
3375 2023 3552 2087 trans-'-

1960 2095 2056 2167 fcrt
2085 2098 2135 2149 in
2154 2096 2472 2167 orationem.
2505 2097 2595 2151 ID.
2614 2095 2841 2167 Facillis
2866 2098 2994 2150 sicut
3020 2098 3231 2152 Madiun
3260 2111 3307 2155 et
3334 2102 3549 2167 Sisarrc,

1959 2165 2110 2289 ﬁgat!
2138 2163 2312 2219 Jabim
2341 2167 2397 2220 in
2443 2176 2662 2220 torrente
2713 2165 2911 2222 Cissea.
2965 2170 3053 2223 II.
3105 2169 3454 2239 Disperierunt
3500 2163 3553 2227 in

2012 2248 2071 2289 ἠ
2111 2253 2189 2289 or.

2012 2248 2189 2292 sudor.

2130 2306 2252 2382 Non
2282 2305 2481 2382 frustra
2522 2306 2621 2362 hos
2651 2323 2715 2362 ex
2755 2309 3002 2365 omnibus
3046 2310 3275 2376 delegit;
3307 2312 3400 2367 sed
3430 2312 3553 2382 quia

1958 2376 2156 2447 bellum
2206 2378 2274 2431 ab
2327 2378 2456 2446 ipsis
2494 2392 2599 2431 non
2654 2389 3021 2447 exspectatura
3075 2383 3278 2435 exitum
3322 2376 3551 2438 haluiit:

1962 2446 2169 2518 Madian
2213 2448 2356 2501 enim
2384 2458 2579 2507 terram
2610 2446 2949 2506 multitudine
2979 2452 3307 2518 operientem
3333 2452 3554 2508 Gedeon

1958 2517 2077 2572 sine
2117 2519 2281 2592 armis
2309 2518 2569 2592 invadens
2611 2519 2831 2584 cecidit,
2856 2531 2910 2574 et
2954 2517 3253 2592 profligant
3281 2538 3401 2577 cmn
3426 2526 3555 2580 viris

1963 2589 2252 2663 trecentis,
2282 2589 2516 2663 qui__non_
2534 2604 2690 2644 enses
2712 2631 2726 2656 ,
2751 2606 2856 2643 non
2880 2589 3134 2663 clypeos,
3159 2608 3267 2647 non
3295 2594 3554 2663 eassides,

1961 2672 2137 2733 neque
2162 2658 2266 2712 alia
2292 2659 2475 2714 bellica
2504 2660 2857 2733 instrumenta
2884 2658 3150 2716 habebant
3170 2703 3185 2726 ,
3216 2663 3307 2717 sed
3355 2658 3555 2733 Iampa;

1960 2729 2057 2783 des
2087 2737 2292 2784 tantum
2312 2772 2328 2795 ,
2357 2740 2416 2802 _et
2455 2730 2610 2784 tubas
2654 2745 2880 2802 corncas
2901 2773 2917 2791 ,
2950 2734 3100 2802 queis
3143 2742 3437 2787 uterentur.
3469 2729 3548 2789 Si-

1961 2815 2138 2872 saram
2167 2814 2295 2855 vero
2335 2799 2526 2872 ducem
2555 2802 2728 2872 gentis
2757 2799 3079 2872 Jabitu,'qui
3110 2818 3231 2857 cum
3274 2816 3557 2872 nongentis

1960 2868 2153 2941 ferreis
2207 2871 2453 2925 curribus
2506 2868 2803 2941 pugnabat,
2858 2868 3448 2941 Deus'perterrcfecit,
3503 2876 3555 2929 iit

1964 2939 2160 3015 fugam
2184 2941 2374 3015 vertit,
2407 2950 2462 2995 et
2489 2939 2644 2994 uxori
2673 2940 2881 2995 Chabcr
2931 2939 3095 3015 Cina-i
3142 2944 3389 3015 tradidit,
3436 2961 3557 3015 qua:

1964 3010 2113 3064 illum
2149 3010 2389 3065 immisso
2413 3026 2506 3080 per
2529 3020 2768 3079 tempora
2802 3024 2953 3066 vecte
2985 3014 3269 3067 interfecit.
3302 3010 3557 3069 l’reca'tur

1962 3094 2091 3149 ergo
2119 3090 2175 3134 ut
2201 3081 2648 3155 quemadmodum
2678 3081 2759 3146 bi,
2809 3083 2885 3155 sic
2911 3083 3173 3155 etiamilli
3195 3125 3207 3147 ,
3252 3100 3385 3152 quos
3408 3087 3558 3155 prius

1964 3152 2335 3216 enumeravit,
2382 3152 2580 3206 inimici
2634 3167 2794 3205 manu
2854 3154 2943 3206 Dei
2997 3154 3208 3208 cadant.
3280 3152 3556 3211 'l‘oril-ntis

1962 3221 2159 3292 quippe
2180 3222 2374 3292 tCisson
2402 3231 2457 3277 et
2499 3220 2727 3288 )Endor,
2758 3224 2898 3291 quod
2939 3224 3047 3277 illic
3090 3235 3275 3278 contra
3319 3225 3555 3281 Sisaram

1964 3291 2138 3363 pugna
2168 3291 2389 3356 fuisset,
2420 3294 2745 3347 mentionem
2774 3292 2917 3347 facit.
2951 3292 3101 3347 Facti
3130 3305 3245 3349 sunt
3276 3306 3330 3348 at
3366 3306 3557 3350 stercus

1964 3370 2130 3416 terra.
2158 3363 2237 3418 Eo
2261 3376 2430 3433 usque
2455 3363 2663 3433 deiecta
2699 3378 2793 3432 per
2818 3363 3025 3419 cladem
3056 3366 3151 3418 fuit
3178 3381 3363 3419 eorum
3396 3383 3557 3421 arro—

1962 3434 2141 3502 gantia
2160 3474 2174 3497 ,
2204 3442 2261 3488 ut
2293 3450 2402 3502 pra:
2431 3435 2631 3488 vilitate
2656 3436 2806 3503 quasi
2846 3444 3053 3489 stercus
3082 3446 3476 3505 reputarentur.
3513 3436 3556 3492 E

1965 3519 2025 3558 re
2046 3513 2224 3558 autem
2250 3513 2457 3559 stercus
2495 3505 2706 3559 dicitur.
2739 3505 3195 3573 Quemadmodum
3228 3509 3370 3561 enim
3404 3508 3556 3571 illud,

1966 3574 2089 3645 licet
2117 3575 2220 3628 vile
2262 3574 2635 3645 abjectumque
2664 3575 2765 3637 sit,
2817 3583 3011 3645 terram
3057 3576 3229 3630 reddit
3276 3578 3506 3631 ferat-em
3540 3596 3555 3631 :

1965 3643 2037 3698 ita
2077 3654 2132 3699 et
2176 3643 2523 3715 superborum
2549 3643 2714 3715 'ruina
2764 3644 3045 3715 vilitatsque
3092 3648 3299 3700 animas
3347 3657 3559 3701 nostras

1966 3714 2253 3787 virtutum:
2270 3714 2472 3787 feraces
2520 3714 2703 3787 clliucit.
2756 3714 2855 3787 12ἒ
2884 3714 3032 3787 Pone
3078 3717 3330 3787 principes
3384 3733 3558 3771 rerum

1964 3786 2094 3839 sicut
2121 3784 2273 3849 Oreb,
2297 3794 2343 3837 et
2368 3784 2493 3851 Zeb,
2516 3794 2560 3839 et
2584 3784 2733 3839 Zelnc
2751 3795 2795 3839 et
2818 3784 3122 3840 Salmonun.
3147 3784 3301 3840 Vires
3320 3801 3561 3842 comme-

1968 3864 2144 3927 morat
2188 3871 2218 3909 a
2263 3854 2515 3927 Gedeoue
2546 3855 2871 3927 interfectos
2913 3873 2927 3909 :
2979 3868 3235 3927 regnique
3291 3858 3559 3926 principes

1969 3924 2202 3980 hostium
2226 3941 2408 3996 parem
2440 3925 2620 3979 subire
2646 3936 2867 3980 sortem.
2890 3924 3237 3992 Quos‘autem
3270 3924 3556 3996 principes,

1966 3997 2203 4063 apertius
2224 3995 2814 4067 declarantsequentia.
2849 3996 3035 4050 Omnes
3082 3995 3335 4067 principes
3362 3995 3554 4063 eorum,

1970 4066 2065 4138 l5.
2090 4067 2177 4138 qui
2196 4066 2461 4138 dixerunt,
2483 4064 2782 4138 tllereditate
2819 4064 3166 4138 possideamus
3209 4064 3560 4121 sanctuarium

1968 4133 2395 4207 Dei.'Principes
2427 4137 2597 4207 igitur
2620 4152 2725 4190 non
2750 4133 3005 4207 dignitate
3039 4148 3238 4193 tantum
3259 4178 3275 4205 ,
3300 4147 3561 4206 quantum

1969 4206 2169 4260 malitia
2192 4206 2320 4260 dicit
2351 4223 2364 4260 :
2392 4206 2737 4275 quamobrem
2767 4206 2863 4261 Dei
2894 4210 3254 4262 sanctuariqu
3288 4209 3560 4263 heredita-

1971 4285 2075 4330 tem
2101 4291 2250 4330 suam
2283 4275 2394 4330 fore
2425 4278 2871 4347 imaginabuntur,
2901 4281 2972 4332 ita
3009 4287 3067 4333 ut
3093 4279 3290 4333 sanctis
3328 4280 3393 4332 ad
3420 4279 3561 4332 divi-

1974 4348 2110 4414 tias,
2158 4357 2211 4402 et
2236 4347 2431 4417 divinis
2472 4350 2537 4400 ad
2570 4349 2775 4401 lucrum
2826 4350 2899 4402 uti
2933 4358 3167 4417 possent.
3215 4349 3332 4402 Non
3387 4350 3562 4402 solum

1971 4428 2148 4472 autem
2181 4418 2283 4472 hoc
2309 4416 2506 4471 faciunt
2547 4419 2636 4487 qui
2666 4432 2814 4471 sacra
2844 4416 2966 4471 vasa
3007 4417 3264 4487 diripiunt
3291 4427 3346 4471 et
3377 4428 3562 4473 saneta

1971 4487 2297 4551 divendunt;
2328 4487 2422 4542 sed
2461 4489 2781 4557 quicumque
2809 4488 2986 4542 dixina
3013 4497 3382 4557 rauponantur
3428 4505 3560 4544 ven-

1972 4558 2159 4613 dentcs
2189 4568 2243 4612 et
2271 4567 2513 4613 ementes
2539 4573 2600 4610 ea
2637 4574 2754 4626 quae
2786 4559 2879 4611 Dei
2910 4567 3033 4612 sunt
3054 4600 3069 4624 ,
3101 4569 3155 4613 et
3182 4568 3334 4628 parta
3381 4560 3559 4614 illicita

1974 4629 2218 4683 ineuntes
2242 4645 2255 4681 :
2289 4629 2459 4696 qualis
2483 4636 2599 4681 erat
2627 4629 2846 4694 Simon,
2871 4629 2957 4697 qui
2990 4628 3306 4683 charismata
3338 4630 3563 4698 pecunia

1972 4714 2154 4769 emere
2196 4699 2410 4752 voluit:
2463 4699 2808 4767 quamobrem
2856 4699 3047 4752 Petrus
3093 4700 3238 4753 illum
3283 4699 3561 4769 indignttm

1968 4768 2227 4841 judicavit
2255 4769 2397 4823 dono
2428 4769 2595 4841 sancti
2622 4769 2848 4837 Spiritus
2889 4770 3037 4841 (Act.
3058 4769 3113 4824 8.
3146 4771 3233 4824 18.
3280 4768 3437 4840 δαίμ).
3472 4771 3562 4832 14.

1974 4839 2112 4892 Deus
2155 4855 2310 4901 meus,
2346 4854 2473 4907 pone
2502 4839 2617 4891 illos
2662 4848 2713 4891 ut
2739 4839 2938 4905 rotant;
2992 4840 3041 4892 id
3091 4849 3207 4905 est,
3240 4840 3292 4894 in
3319 4839 3565 4897 cumino.

1977 4911 2121 4963 tione
2158 4919 2213 4963 et
2257 4909 2486 4963 instabili
2515 4922 2708 4979 cursu,
2732 4919 2783 4962 et
2806 4919 3060 4979 perpetua
3098 4911 3426 4965 mutatione:
3464 4911 3566 4965 hoc

1975 4981 2117 5034 enim
2149 4988 2278 5033 rota:
2310 4980 2602 5048 proprium.
2624 4977 2766 5032 Sicut
2793 4977 3033 5051 stipulam
3059 4992 3175 5034 ante
3196 4982 3377 5051 faciem
3400 4982 3566 5045 venti,-

1976 5051 2056 5132 ila_
2086 5059 2144 5103 ut
2169 5064 2427 5130 nusquam
2475 5060 2618 5103 stare
2670 5050 2907 5132 possint,
2967 5060 3022 5105 et
3069 5050 3326 5132 nusquum
3379 5065 3568 5132 eorum

1976 5120 2271 5174 substantia
2322 5129 2610 5189 appareat,
2669 5120 2867 5189 impetu
2921 5129 3097 5174 motus
3142 5121 3416 5187 dissipata.
3474 5120 3563 5175 I5.

1980 5191 2123 5244 Sicut
2170 5191 2300 5261 ignis
2324 5190 2409 5259 qui
2455 5190 2696 5243 comburit
2753 5192 2966 5260 sylram,
3008 5192 3133 5244 sicut
3160 5191 3369 5259 ﬂamma
3424 5207 3568 5247 com.

1978 5261 2163 5315 burens
2191 5270 2401 5314 montes.
2459 5261 2969 5330 Infructuososillos
3022 5275 3146 5315 esse
3200 5268 3367 5329 rogat.
3426 5262 3572 5330 Ignis

1979 5333 2177 5400 quippe
2203 5330 2344 5384 utiIis
2373 5331 2536 5384 estad
2568 5329 2905 5384 conﬂandum
2936 5346 3124 5385 aurum
3156 5331 3234 5386 vel
3264 5329 3566 5400 argentum,

1978 5415 2239 5473 panemve
2262 5400 2629 5473 coquendum,
2661 5400 3109 5473 pharmaeumque
3130 5411 3222 5457 aut
3249 5402 3373 5473 quid
3396 5402 3572 5473 simile

1979 5470 2045 5525 ad
2073 5470 2411 5526 commodum
2440 5479 2679 5523 nostrum
2712 5488 2723 5522 :
2770 5472 2905 5540 ignis
2932 5487 3059 5526 vero
3081 5486 3186 5540 quo
3216 5470 3573 5529 incenduntur

1980 5542 2177 5611 sylvze,
2208 5549 2300 5593 aut
2345 5540 2729 5611 comburuntur
2760 5551 3001 5607 montes,
3053 5542 3184 5595 nihil
3233 5542 3389 5597 nobis
3437 5543 3574 5611 parit

1982 5609 2108 5667 utile
2131 5619 2223 5664 aut
2250 5609 2613 5676 commodum,
2642 5610 2736 5665 Sed
2761 5613 2913 5665 ardet
2937 5611 3150 5680 quidem
3179 5609 3570 5677 vehementius,

1981 5682 2303 5738 exstinctum
2347 5689 2525 5735 autem
2558 5681 2687 5735 nihil
2717 5681 2857 5737 aliud
2890 5683 3126 5754 profert,
3154 5700 3311 5755 quant
3339 5685 3573 5744 favillam

2053 5853 2122 5923 (ὸ)
2156 5863 2291 5908 Frror
2316 5853 2644 5920 gravissimus.
