2052 3209
317 169 367 183 ’ξε

321 169 368 196 75S
1062 167 1194 196 SI‘ERIA.
1901 169 1944 198 τῶ

316 233 343 254 et
351 228 479 259 cinerem,
487 228 579 262 quales
591 227 758 261 reperiuntur
766 226 846 254 etiam
861 231 1024 261 peccatores,
1036 232 1109 261 post-

317 271 397 297 quam
410 263 435 289 in
456 270 503 291 eos
519 264 587 290 Deus
600 270 674 289 suam
691 263 799 289 immisit
820 263 896 289 iram.
911 262 954 289 I6.
971 262 1012 289 Ita
1026 271 1111 297 perse-

316 298 401 331 queris
418 298 476 325 illo:
490 298 515 324 in
529 303 673 333 tempestate
683 303 726 324 tua
736 318 742 329 ,
757 303 781 325 et
793 298 818 324 in
829 298 867 324 ira
881 303 925 324 tau
936 298 1045 324 turbabis
1057 306 1110 324 cas.

317 333 512 367 'I'eut‘pestatem
530 338 606 360 vocat
620 333 785 367 repentinam
807 337 834 360 et
848 333 1109 360 vehementissimam

320 369 364 395 ltei
382 369 406 395 iu
422 373 563 403 peccantes
586 369 792 395 commotionem
803 388 810 400 ,
837 376 888 403 qua
904 368 925 395 is
936 373 1010 402 optat
1024 373 1052 395 ut
1075 368 1111 395 illi

320 404 452 438 pellantur
474 408 500 430 et
514 404 725 436 conturbentur;
748 403 773 430 id
794 411 858 430 vero
871 403 1004 438 quomodo
1024 404 1069 430 fiat
1085 403 1110 430 in

319 439 530 472 pra‘eedentihus
544 439 643 466 dictum
654 443 695 466 est
711 448 718 466 :
734 444 763 465 ut
777 439 941 474 dissipentur
954 439 979 465 in
996 439 1111 465 minutas

319 479 406 507 partes
428 474 650 508 quemadmodum
671 474 785 508 stipula;
814 479 894 508 utque
920 474 945 500 in
973 479 1069 500 tcrrant
1083 478 1111 500 et

318 509 454 543 pulverem
470 514 547 539 eam.
569 514 740 544 posteaquam
766 509 804 536 ira
818 509 865 536 Dei
882 510 964 535 instar
978 509 1045 544 ignis
1058 516 1109 536 ex-

318 546 414 571 stincta
430 544 519 571 fuerit.
536 544 634 571 Verum
662 544 687 571 id
710 550 834 579 precatur
859 552 910 571 non
934 545 960 570 in
984 544 1109 570 damnum

319 580 399 612 ipsis,
415 579 461 607 sed
487 580 513 606 iu
534 580 673 606 utilitatem
690 584 803 606 vertere.
819 579 887 613 Quid
907 580 978 606 cttim
999 579 1110 613 adjicit?

319 615 361 641 I7.
376 614 460 650 Imple
472 616 548 650 facies
573 623 659 641 eorum
673 615 821 648 ignominia,
842 620 865 641 et
888 619 999 648 quierant
1019 622 1109 641 nomen

319 624 329 640 Ἰ
341 624 361 641 Ι.
376 624 417 640 IIII
437 624 460 641 le
472 624 548 650 μιειει
573 624 659 641 eorum
673 624 821 648 ignominia,
842 624 865 641 ει
888 624 999 648 quaerent
1019 624 1109 641 ηοηιιιη

318 655 399 682 tuutu,
416 624 530 676 stantius.
539 650 604 677 Cum
614 658 688 684 spem
704 650 772 676 illattt
788 650 924 677 amiserint
937 650 1013 683 cujus
1027 650 1109 683 gratia

319 692 394 718 Spem
410 685 436 711 in
453 685 536 712 Deum
559 685 742 720 negligebant,
767 687 895 720 pudorem
910 685 1062 712 necessario
1083 690 1110 712 et

320 720 490 752 ignominiam
504 720 640 753 subibunt,
654 725 745 755 utpote
760 720 805 755 qtti
821 721 847 746 in
858 721 932 746 vanis
948 721 1027 747 rebus
1040 720 1109 747 fidu-

319 755 386 781 ciam
399 754 557 787 habuerint,
571 760 598 782 et
611 755 735 790 fugientia
749 754 881 782 tumentia
897 763 957 783 esse
971 756 1109 782 existinm-

320 789 535 826 verintpmutati
552 789 747 826 antem'nomen
766 791 811 817 Dei
824 795 961 825 quatrcut,
977 798 1033 826 pra:
1053 798 1111 817 om-

320 825 397 852 nibus
419 824 559 859 diligentes
583 826 641 860 ejus
663 824 881 853 familiaritatem.
905 824 1057 860 Quia’vero
1084 826 1108 852 in

321 861 443 893 pra-senti
471 860 495 887 id
511 868 561 887 non
586 861 768 895 peccatoribus
793 861 917 888 onmibus
932 860 1042 888 evenit:
1066 861 1110 888 alii

319 896 390 922 cuiut
407 903 489 929 lisque
511 896 536 922 in
557 897 636 923 linem
663 896 688 922 in
712 896 889 930 presperitate
911 901 1037 928 manent;
1065 896 1110 922 alii

319 931 399 956 etiam
413 935 534 958 cessante
550 931 743 966 prosperitate,
763 931 796 958 ad
814 931 895 958 Deum
917 938 969 958 non
995 939 1109 958 conver-

321 970 410 992 ttttttnr
421 974 428 997 ;
440 966 499 1001 audi
515 966 578 1000 qttid
592 967 624 993 de
637 967 689 993 illis
705 966 846 1001 subjuugat
861 976 867 993 :
890 966 932 994 18.
955 966 1110 993 Ενυιωεεαηι

319 1006 343 1026 et
358 1000 535 1027 contm'buutur
548 1002 574 1028 in
594 1002 714 1028 stimulum
726 1000 821 1028 swculi.
839 1002 929 1028 Palam
942 1007 983 1029 est
998 1002 1058 1028 eiun
1073 1003 1109 1029 Io-

319 1035 363 1067 qui
377 1035 412 1071 de
426 1035 514 1063 futuro
525 1037 638 1068 saeculo,
656 1038 698 1063 ubi
713 1041 868 1071 peccatores
883 1045 936 1063 non
953 1037 1032 1064 modo
1043 1045 1108 1064 cnn-

320 1070 473 1103 l'unduntur,
489 1071 535 1098 sed
543 1070 832 1103 etiantconturbantur,
845 1080 876 1099 ac
892 1072 993 1107 pudore
1007 1072 1109 1099 Sull'ecti

321 1111 449 1140 pereunt,
464 1107 525 1140 quia
539 1107 573 1134 ibi
598 1108 761 1141 ptenitentia:
782 1112 888 1143 tempus
912 1115 964 1143 non
987 1107 1106 1134 habent:

320 1149 406 1177 neque
422 1142 493 1168 enitn
509 1147 618 1175 possunt
633 1150 679 1177 per
690 1142 872 1177 pteuitentiam
884 1142 1011 1176 pudorem
1033 1151 1110 1170 suum

319 1176 465 1210 obtegere;
481 1176 640 1204 erubescunt
656 1176 742 1204 autem
757 1185 808 1204 non
824 1178 903 1205 modo
915 1178 1031 1212 judicent
1042 1199 1049 1209 .
1062 1178 1109 1205 scd

320 1212 462 1248 utimneos
483 1212 508 1238 in
532 1220 644 1246 quorutn
671 1213 811 1248 pra-sentin
822 1213 952 1248 judicium
977 1215 1108 1247 subeunt,

320 1254 388 1282 quos
403 1246 485 1273 fort..s
500 1255 515 1274 e
531 1248 655 1275 la:serunt
665 1246 677 1280 ,⁷
687 1248 783 1282 quibus
796 1246 892 1275 frustra
911 1248 1025 1275 insidiati
1037 1253 1109 1276 sunt.

321 1281 375 1307 llos
389 1282 539 1309 ttecessario
552 1281 727 1316 erubescunt,
741 1284 861 1311 videntes
874 1291 921 1311 eos
934 1284 959 1310 in
974 1284 1050 1311 bonis
1061 1304 1068 1316 ,
1081 1292 1110 1312 se

323 1316 350 1342 in
366 1316 441 1343 malis
466 1318 577 1344 versari.
602 1318 676 1345 Tunc
688 1320 759 1345 enim
771 1339 778 1350 ,
794 1319 844 1345 et~i
859 1319 1010 1346 necessario
1026 1319 1110 1346 Deum

320 1356 495 1388 cognoscent.
507 1357 602 1387 cogent
613 1363 617 1378 τ
630 1358 702 1380 metu
716 1354 854 1388 acjndicio
869 1363 875 1380 ε
889 1362 1009 1388 quzererc
1021 1359 1109 1382 autem

321 1386 394 1412 illum
407 1386 446 1413 vel
460 1392 492 1413 ad
506 1386 567 1414 eum
582 1386 787 1423 recurrerejtu'c
799 1386 960 1416 merito’uon
976 1394 1109 1423 poterunt,

320 1425 349 1459 ut.
359 1423 496 1459 sequentia
506 1422 643 1450 declat-aut
657 1433 663 1450 :
681 1422 769 1450 tilet
784 1429 935 1459 cognoscant
949 1422 1008 1459 quia
1019 1433 1110 1452 nomen

319 1456 364 1494 tibi
378 1456 511 1494 Dominus,
529 1463 555 1484 tu
567 1459 636 1493 polus
651 1459 794 1486 Altissimus
808 1456 883 1494 super
895 1456 992 1486 omnem
1006 1465 1109 1488 (errant.

320 1492 368 1530 llic
383 1493 560 1530 cognitionem
571 1515 578 1525 ,
596 1503 648 1520 non
663 1503 721 1521 eam
745 1503 805 1530 qua:
819 1492 851 1522 ex
865 1495 954 1522 animo
970 1501 997 1522 et
1012 1503 1109 1530 propo-

319 1528 371 1552 sito
395 1526 516 1561 habetur,
538 1529 584 1555 sed
614 1526 789 1557 necessariam
813 1526 1018 1557 confessionem'
1034 1526 1118 1559 dicit:

318 1563 632 1600 Quemadmodumrenim
645 1572 704 1591 cuttt
720 1571 825 1592 acututn
838 1565 954 1600 gladium
970 1566 1091 1594 videmus
1101 1588 1108 1600 ,

317 1605 377 1636 eum
392 1606 452 1627 eum
468 1599 631 1636 experimur,
648 1605 709 1627 tunc
720 1608 780 1627 eum
797 1599 887 1628 revera
902 1602 1086 1636 cognoscimus
1102 1599 1108 1629 ἐ

319 1633 480 1670 iusnperqne
493 1641 553 1670 cum
569 1634 699 1661 fateamur
713 1636 799 1670 ignem
816 1633 1029 1669 calidum'cssc,
1047 1641 1109 1665 ttmc

319 1668 434 1694 maxime
449 1669 513 1695 illud
528 1668 797 1702 pra-dicamusfeum
812 1672 835 1698 ei
851 1679 899 1698 nos
913 1668 1088 1699 admovemus
1101 1682 1109 1700 :

317 1703 355 1742 sic
367 1710 460 1742 omnes
483 1704 610 1742 increduli
632 1705 663 1742 in»
676 1706 820 1742 dierjudicii
834 1706 916 1733 Deum
930 1712 1091 1742 cognoscent
1101 1729 1108 1741 ,

317 1738 404 1764 scient
428 1738 513 1772 ipsunt
526 1739 610 1766 solum
624 1738 798 1776 rAltissiinnm
817 1749 876 1769 esse
902 1738 982 1776 super
1002 1738 1109 1770 omnem

318 1777 415 1810 terram
431 1782 439 1810 7:
456 1782 508 1810 non
525 1779 553 1800 nt
568 1775 673 1809 quidant
690 1776 762 1810 impii
786 1784 856 1803 nunc
879 1775 1053 1810 arbitrantur,
1069 1778 1110 1805 di-

317 1808 466 1847 \‘Is‘ltttt__ilt_
482 1809 559 1847 idolis
576 1808 898 1847 imperiumhabentem;
923 1817 950 1839 et
971 1808 1063 1847 putant
1077 1821 1110 1840 eo

315 1843 386 1880 quod
401 1843 500 1871 diutius
513 1843 627 1877 toleret,
646 1846 732 1880 ipsunt
748 1854 796 1873 nec
810 1843 898 1874 omnia
914 1856 963 1875 nec
971 1843 1005 1874 'in
1021 1849 1109 1875 omni-

316 1877 436 1912 busqua:
452 1880 508 1906 t'ult
530 1888 607 1913 posse
628 1877 725 1908 facere.
740 1882 814 1909 Tunc
835 1888 908 1910 certe
931 1891 984 1910 nou
1009 1884 1043 1910 ita
1067 1884 1109 1911 Io-

315 1918 432 1953 quentur
447 1923 453 1940 :
472 1922 523 1941 non
535 1917 648 1950 amplius
663 1917 734 1944 enim
749 1925 810 1952 Ct‘gn
824 1918 884 1945 illos
897 1918 1047 1952 tolerantia,
1061 1920 1108 1947 sed

313 1954 413 1982 justtlta
430 1954 528 1977 utetur.

390 2015 412 2041 Ι.
438 2014 470 2041 In
494 2016 596 2054 [iuem,_
611 2026 656 2054 pro
681 2018 848 2045 torcularibus
872 2019 932 2053 [iliis
956 2018 1036 2054 Core,

576 2051 695 2079 Paulum:
734 2061 844 2080 unm.

351 2116 375 2142 t.
402 2115 567 2155 Psaitttorum
582 2123 706 2145 cantores
721 2118 801 2155 fuisse
813 2120 881 2148 ﬁlios
894 2120 962 2148 Core
973 2142 980 2153 ,
998 2121 1108 2155 perinde

313 2155 403 2191 atque
420 2151 509 2191 Asaph
523 2173 531 2185 ,
544 2152 610 2191 _ja_m
638 2154 803 2191 ostendimus
816 2175 823 2187 ,
852 2163 911 2182 eum
940 2151 1107 2191 prophetiam

314 2186 419 2213 Doridis
446 2186 471 2213 in
492 2186 603 2215 Psalmis
625 2186 846 2223 cxplanarcmus;
864 2186 1002 2218 toreularia
1018 2197 1107 2220 autem

312 2229 372 2261 esse
390 2223 555 2261 crueiatuuui
569 2223 667 2261 Christi
686 2225 953 2261 mysteriardisimus,
971 2228 1031 2261 quia
1044 2229 1108 2255 sub-

312 2256 414 2295 sultans
429 2263 455 2284 et
473 2258 586 2295 torcular
598 2256 733 2295 __calcaos',
747 2260 821 2294 quasi
844 2256 956 2288 mortem
971 2256 1086 2290 calcaret
1098 2284 1105 2295 ,

312 2291 338 2317 id
351 2292 478 2325 implerit.
490 2293 580 2330 Quare
597 2291 764 2328 Triumplmlé
774 2304 818 2330 pro
832 2295 997 2323 torcularibus
1012 2291 1105 2325 inseri;

313 2331 385 2365 ptum
405 2329 474 2367 hunc
488 2328 621 2355 l’sahmun
638 2330 706 2363 apud
722 2328 844 2367 _re|iquos
858 2331 1016 2365 interpretes
1028 2341 1107 2367 repe-

312 2361 413 2403 rimus;
430 2363 502 2403 bene
520 2368 610 2402 autem
622 2361 697 2403 tn,
715 2364 747 2403 In
762 2361 837 2403 [mem
848 2387 855 2398 ,
872 2361 1030 2403 ediderunt,
1044 2361 1104 2403 quia

312 2396 371 2436 finis
386 2397 451 2436 legis
465 2398 594 2436 Christus,
611 2400 644 2426 de
658 2396 711 2436 quo
732 2396 790 2427 haec
810 2396 879 2427 dicta
893 2407 964 2430 sunt.
978 2402 1005 2429 2.
1023 2396 1106 2436 Quam

310 2431 401 2457 dilecta
416 2433 577 2459 tabernacula
589 2439 640 2467 tua,
653 2431 762 2462 Domine
773 2437 891 2463 uirtutum
902 2437 912 2464 Ι
924 2431 1104 2467 Ἰἠὺθτηῖοιιια

311 2467 414 2506 Dtmtiui
437 2476 489 2494 non
509 2469 604 2502 templa
625 2471 711 2497 solum
724 2491 730 2502 ,
753 2479 806 2498 non
825 2472 940 2499 oratoria
960 2473 1102 2506 dicuntur,

308 2502 356 2528 sed
376 2503 456 2542 etiam
471 2510 564 2530 omnes
578 2506 803 2543 quot-[notheum
821 2506 850 2543 in
870 2514 900 2534 se
922 2507 1041 2536 habitare
1057 2502 1104 2543 per

308 2538 484 2577 sanctitatem
496 2544 635 2577 satagunt;
654 2538 742 2577 multo
758 2542 842 2576 magis
861 2549 894 2569 ex
909 2550 961 2577 quo
982 2538 1103 2572 Chri~tus

307 2573 426 2610 a-trenit,
439 2574 485 2610 qui
501 2574 537 2610 ob
550 2583 626 2601 sunto
640 2584 702 2610 erga
718 2573 840 2603 homines
853 2573 971 2604 amorem
987 2580 1011 2605 in
1026 2580 1103 2607 nobis

308 2607 417 2648 habitat.
428 2608 605 2648 Quamobrem
614 2610 646 2637 .Io
654 2607 729 2648 .tiites
742 2612 891 2646 Thcologus
906 2614 1011 2648 scripsit
1023 2623 1029 2641 :
1047 2614 1103 2641 Ver-

307 2643 365 2684 lntm
379 2651 439 2683 caro
452 2646 546 2684 factum
560 2651 604 2677 cst,
619 2651 641 2684 et
655 2647 773 2673 habitavit
785 2648 811 2673 in
822 2643 892 2684 nobis
903 2643 991 2682 (Jou'n.
1005 2650 1029 2676 1.
1045 2650 1100 2684 14).

306 2677 368 2718 ῌψυ
390 2679 476 2718 itaque
500 2680 595 2718 dilecta
621 2681 693 2713 Deo,
722 2687 812 2717 utpote
835 2683 869 2710 ab
894 2677 939 2709 iIIo
964 2677 1100 2718 habitata?

305 2713 400 2739 dilectu
416 2714 510 2745 nobis,
531 2716 590 2748 quia
615 2724 661 2749 per
683 2725 713 2743 ea
734 2713 766 2744 ad
791 2718 874 2745 Deum
890 2713 1100 2747 iuacccssibileui

304 2749 431 2787 act-edere
440 2756 593 2787 possuntns.
607 2751 632 2777 5.
646 2751 805 2787 Coucupiscit
820 2758 843 2779 et
856 2754 940 2786 deﬁcit
950 2755 1034 2781 anima
1046 2763 1101 2782 mea

304 2784 330 2808 in
339 2784 409 2821 .atria
432 2784 544 2821 Domini.
561 2785 667 2820 Dc/icit,
690 2784 743 2814 non
765 2796 796 2814 ex
821 2784 990 2821 infirmitate,
1004 2791 1050 2817 sed
1066 2798 1098 2818 ex

305 2818 470 2855 w-hentcntia
484 2821 582 2846 amoris
597 2818 603 2847 ἐ
618 2823 841 2855 quemadmodum
858 2824 950 2851 fervidi
964 2818 1098 2853 amatores

303 2854 447 2886 deficiunt,
472 2863 530 2881 ctnn
552 2856 586 2881 ab
608 2854 742 2885 altioribus
765 2859 820 2886 suis
844 2860 885 2885 vel
908 2860 940 2886 ad
962 2861 1096 2888 modicum

304 2892 407 2923 tempus
432 2896 597 2924 separantur.
616 2891 641 2918 Id
658 2901 686 2920 se
707 2893 769 2921 dicit
791 2894 918 2930 propheta
941 2896 1043 2932 perpeti
1062 2896 1095 2924 In

1165 225 1238 253 atriis
1261 225 1373 254 Domini.
1389 233 1435 253 seu
1450 225 1629 257 seusibilibus,
1646 234 1691 254 seu
1713 227 1897 262 spiritualibus.
1914 233 1945 257 Ae

1162 262 1222 302 jure
1236 262 1342 302 nteri_to.
1355 261 1410 288 Illic
1425 263 1496 302 enim
1510 270 1610 302 pauper
1624 261 1944 302 invenitconsolationem,

1164 296 1259 330 injuria
1275 296 1403 333 allectus,
1419 298 1593 331 patientiam,
1607 297 1651 332 qui
1673 305 1797 332 prospere
1810 299 1881 333 agit,
1898 300 1946 327 fre-

1164 340 1226 368 num
1243 340 1249 368 ς
1266 332 1354 358 omnia
1369 339 1463 368 oumes
1477 333 1533 359 sive
1547 333 1738 360 medicamenta
1750 332 1848 361 morbis
1862 336 1946 368 animi,

1163 367 1219 405 sive
1242 367 1411 394 incitamenta
1426 367 1458 393 ad
1475 369 1598 405 virtutem
1626 368 1785 405 roborantia
1798 367 1946 405 accipimus.

1162 400 1212 429 Cor
1227 410 1309 428 meum
1331 407 1353 429 et
1368 410 1428 428 caro
1449 410 1504 428 mea
1525 403 1711 430 exultauerunt
1726 404 1751 430 iu
1768 403 1846 430 Deum
1854 400 1946 432 'virum.

1164 437 1253 464 l‘rimo
1268 444 1324 470 cor,
1339 437 1435 464 deinde
1450 445 1513 464 caro
1528 438 1731 465 exsultationem
1747 438 1773 465 in
1788 439 1870 467 Deum
1884 443 1948 467 acci-

1164 473 1210 507 pit.
1236 472 1302 499 Nam
1320 472 1341 498 si
1361 476 1476 499 mentem
1493 473 1546 499 Deo
1568 481 1758 500 consecremus
1770 494 1777 506 ,
1791 482 1853 502 caro
1874 475 1906 502 ab
1919 483 1947 503 ea

1164 507 1293 537 instituta.
1320 515 1372 534 non
1394 508 1462 534 ultra
1488 507 1585 542 gaudet
1610 508 1749 542 ebrietate,
1776 509 1904 537 cubilibus
1924 517 1948 538 et

1164 542 1337 580 impudicitia,
1347 543 1393 569 sed
1406 542 1522 580 exsultat
1535 544 1560 569 in
1575 544 1655 580 Deum
1669 544 1769 580 vivum,
1782 552 1948 580 qumcumque

1162 578 1195 604 ad
1208 585 1296 615 veram
1312 578 1391 615 vitam
1408 578 1550 615 pertinent,
1568 586 1615 612 per
1630 578 1824 614 pltilosopltiam
1838 585 1865 608 et
1880 578 1947 615 spem

1163 613 1240 647 paulo
1258 617 1317 647 post
1333 613 1427 639 futura:
1441 614 1502 639 vita:
1518 621 1690 648 persequens.

1199 648 1341 674 Monac/ma
1356 648 1450 682 passeri
1463 648 1561 675 similis.
1570 649 1637 675 -4.
1652 648 1753 676 Etenim
1768 658 1853 684 passer
1864 651 1948 678 inuenit

1162 684 1209 710 sibi
1223 684 1324 709 domum
1336 688 1384 719 ,γει
1402 687 1484 719 turtur
1497 683 1584 710 nidum
1601 684 1643 710 ubi
1662 683 1863 719 reponat'pullos
1876 694 1946 713 suos:

1162 719 1254 745 altaria
1270 723 1323 749 tua,
1340 718 1448 745 Domine
1461 719 1590 753 virtutum,
1602 727 1647 746 rex
1657 718 1736 752 meus,
1752 725 1774 746 et
1788 719 1858 748 Deus
1872 729 1945 748 mm.

1163 754 1304 789 intelliges
1318 754 1397 788 igitur
1410 753 1460 780 hac
1473 754 1575 781 ratione
1586 774 1593 785 ,
1609 755 1677 781 sicut
1695 762 1788 789 passer
1806 755 1911 783 dontum
1925 762 1949 784 et

1165 793 1252 826 turtur
1263 788 1353 815 nidum
1363 809 1370 821 ,
1386 789 1420 815 ita
1434 796 1484 815 nos
1497 788 1621 826 invenire
1637 788 1731 816 altaria
1746 791 1790 826 Dei
1804 811 1811 822 ,
1828 791 1947 826 refugium

1163 824 1241 851 nobis
1255 829 1281 851 et
1298 827 1477 859 tegumentum
1494 824 1649 859 praebentia.
1678 825 1754 858 Quod
1768 830 1854 853 autem
1870 824 1947 853 vcrius

1162 864 1217 895 est,
1230 866 1363 893 passerem
1376 864 1456 895 vocat
1466 860 1612 895 hominem,
1626 861 1670 894 qui
1686 861 1860 888 monasticam
1875 861 1947 895 philo-

1162 894 1282 929 sophiam
1297 898 1423 921 sectatur.
1449 894 1528 921 Multa
1542 895 1612 921 cnim
1629 896 1654 921 io
1670 902 1743 928 eum,
1758 903 1818 929 qua:
1840 894 1880 923 ad?
1892 903 1944 930 pas-

1162 937 1248 956 serem
1267 930 1411 964 pertinent.
1431 932 1613 956 conveniunt:
1629 937 1682 957 non
1707 930 1787 958 habet
1806 930 1909 958 domttm
1923 932 1944 958 in

1164 970 1243 997 terra,
1270 972 1322 991 non
1349 964 1477 992 sollicitus
1501 970 1542 992 est
1567 965 1601 992 de
1625 966 1758 999 crastino,
1785 966 1874 993 dolum
1900 975 1944 994 non

1162 1000 1306 1028 meditatur
1318 1021 1325 1032 ,
1339 1000 1385 1026 vili
1400 1000 1460 1027 cibo
1475 1000 1576 1032 utitur;
1592 1006 1721 1028 turturem
1744 1008 1807 1028 vero
1822 1002 1884 1029 dicit
1899 1002 1943 1029 vir~

1161 1043 1250 1070 gmem
1263 1040 1362 1061 castam
1373 1056 1380 1067 ,
1396 1035 1430 1062 ob
1444 1036 1591 1063 castitat~m
1607 1041 1633 1063 et
1648 1043 1661 1063 s
1680 1036 1799 1063 Ltudinis
1819 1044 1926 1064 amorem
1936 1057 1942 1069 ,

1161 1071 1196 1097 ob
1208 1070 1346 1105 querulam
1369 1077 1461 1097 vocem
1477 1079 1484 1097 :
1498 1076 1706 1098 consentaneum
1722 1072 1821 1106 quippe
1843 1077 1883 1099 est
1900 1073 1945 1099 vir-

1181 1106 1269 1138 inem,
1299 1113 1357 1132 eam
1381 1113 1440 1140 qua:
1467 1106 1493 1133 in
1522 1106 1648 1134 viduitate
1673 1106 1857 1141 philosophice
1878 1113 1901 1135 ct
1922 1108 1943 1134 in

1181 1114 1269 1138 mem,
1299 1114 1357 1132 eam
1381 1114 1440 1140 quae
1467 1114 1493 1133 in
1522 1114 1648 1134 nouitate
1673 1114 1857 1141 pnuosopmce
1878 1114 1901 1135 et
1922 1116 1943 1134 ιη

1162 1114 1288 1176 Ecrymis
1302 1140 1381 1167 vitam
1394 1141 1464 1176 agit,
1480 1141 1587 1168 imitari.
1617 1142 1648 1168 Hi
1663 1141 1741 1168 nidos
1755 1143 1806 1169 sibi
1823 1147 1850 1169 et
1862 1143 1943 1169 domos

1163 1176 1341 1208 invenerunt,
1369 1176 1415 1202 Dei
1442 1184 1539 1211 nempe
1562 1176 1675 1204 altaria:
1692 1177 1746 1204 illic
1768 1177 1903 1210 habitare,
1921 1183 1943 1205 et

1163 1211 1300 1238 nidificare
1314 1210 1431 1243 debent;
1446 1210 1575 1244 habitare,
1596 1212 1629 1238 ad
1653 1213 1824 1239 securitatem
1838 1221 1846 1245 ;
1866 1213 1941 1240 nidiﬁ-

1162 1254 1233 1279 care,
1251 1246 1311 1281 quia
1325 1245 1426 1282 fructus
1445 1251 1472 1273 ct
1491 1247 1538 1282 lilii
1562 1247 1695 1282 virginum
1718 1253 1744 1274 et
1763 1249 1942 1275 ccutiuentium

1162 1287 1221 1308 sunt
1234 1281 1420 1314 sanctificatio,
1434 1281 1639 1318 passionumque
1650 1283 1831 1315 mortiﬁcatio,
1844 1291 1941 1318 quarum

1162 1318 1343 1344 characterem
1367 1324 1427 1342 cum
1452 1316 1623 1344 incitamento
1648 1318 1737 1344 ferunt
1760 1316 1864 1345 altaria.
1888 1318 1943 1345 Illud

1163 1352 1243 1379 etiam
1265 1351 1464 1384 animadverte,
1480 1360 1576 1387 nempe
1590 1360 1650 1380 eum
1667 1353 1808 1380 Dominum
1832 1355 1942 1382 virtutum

1162 1388 1284 1421 emtique,
1299 1387 1352 1414 imo
1360 1387 1559 1423 universorum,
1577 1395 1665 1423 regem
1680 1393 1707 1415 et
1723 1388 1863 1416 Dominum
1876 1397 1942 1416 suuttt

1162 1423 1297 1457 appellare
1319 1431 1326 1449 :
1350 1422 1467 1449 declarat
1493 1423 1595 1450 scilicet
1612 1422 1760 1451 commune
1786 1424 1898 1455 bonum,
1921 1429 1943 1451 ut

1162 1457 1376 1494 sibiproprium,
1389 1457 1488 1494 habere
1501 1458 1581 1494 licere
1597 1466 1603 1484 :
1620 1465 1781 1494 quapropzer
1798 1459 1909 1487 habitare
1921 1460 1942 1486 in

1163 1493 1240 1520 nobis
1253 1492 1375 1529 dignatur
1389 1492 1420 1524 is.
1436 1493 1480 1526 qui
1494 1500 1509 1520 a
1525 1493 1597 1529 nullo
1610 1492 1771 1521 continetur.
1785 1495 1810 1522 5.
1827 1494 1895 1521 Beati
1907 1495 1942 1529 qui

1163 1528 1276 1555 habitdnt
1296 1529 1323 1554 in
1345 1528 1420 1554 domo
1440 1533 1482 1554 tua
1494 1548 1502 1561 ,
1519 1527 1641 1560 Domine,
1657 1529 1683 1555 in
1699 1530 1795 1556 tacula
1808 1527 1942 1557 seculorum

1162 1563 1300 1600 laudabunt
1313 1568 1346 1600 te.
1362 1564 1459 1600 Domus
1473 1562 1573 1600 Deilex
1595 1568 1636 1591 est
1651 1573 1657 1591 :
1672 1564 1727 1591 illic
1748 1572 1862 1600 namque
1884 1569 1909 1591 ut
1920 1565 1941 1591 in

1162 1598 1468 1634 propriorlahcrnaculo
1481 1598 1605 1634 habitat;
1626 1607 1657 1626 ac
1681 1607 1728 1633 per
1752 1598 1941 1627 eam'mandata

1162 1633 1329 1661 servatibus
1340 1633 1425 1660 adest.
1436 1633 1486 1667 Qui
1501 1634 1580 1669 igitur
1593 1634 1645 1662 illic
1660 1634 1778 1662 habitant
1791 1635 1859 1663 beati
1870 1640 1940 1662 sunt:

1163 1669 1249 1710 primo
1263 1669 1370 1710 quidem
1386 1669 1457 1710 quia
1470 1676 1534 1710 eum
1549 1669 1603 1696 Deo
1623 1669 1871 1710 habitantpdeinde
1890 1671 1940 1705 quia

1162 1703 1189 1731 in
1202 1704 1260 1731 loco
1275 1703 1394 1731 habitant
1408 1703 1512 1731 insidiis
1525 1712 1578 1731 non
1599 1705 1689 1740 pervio
1701 1725 1708 1737 ,
1724 1705 1773 1732 sed
1795 1706 1821 1732 in
1843 1703 1941 1740 quo‘est

1163 1744 1286 1766 accurata
1310 1747 1397 1765 rerum
1415 1740 1583 1772 praesentium
1599 1739 1744 1773 distinctio,
1759 1745 1787 1768 et
1801 1739 1869 1768 clara
1880 1740 1940 1767 futu-

1162 1782 1252 1802 rorum
1276 1775 1441 1808 pra-scientia
1461 1780 1487 1801 et
1507 1775 1632 1808 cognitio.
1647 1775 1734 1809 Quare
1743 1776 1789 1810 qtti
1806 1776 1857 1803 illic
1876 1776 1940 1803 habi-

1163 1814 1229 1842 tant,
1253 1810 1279 1836 in
1302 1810 1400 1837 smcula
1419 1810 1579 1837 smcutorum
1602 1811 1684 1837 Deum
1707 1811 1867 1843 laudabunt,
1882 1810 1940 1837 nacti

1162 1845 1319 1881 angelorum
1332 1845 1422 1881 _vitam
1434 1865 1441 1877 ,
1456 1846 1500 1881 qui
1522 1850 1650 1880 perpetuo
1665 1845 1748 1873 Deum
1764 1846 1868 1881 hymnis
1879 1846 1940 1873 cclc-

1161 1879 1259 1911 brant.
1275 1885 1300 1916 et
1328 1879 1442 1916 futuram
1466 1880 1524 1914 ejus
1549 1880 1640 1916 gloria:
1660 1879 1865 1909 celebrationem
1888 1888 1938 1908 cum

1162 1915 1287 1949 praesenti
1314 1915 1447 1951 copulant.
1486 1916 1633 1951 Diapsalma
1662 1916 1779 1943 medium
1810 1916 1939 1951 lrophetia:

1161 1955 1273 1986 occupat
1283 1959 1295 1986 γε
1311 1951 1371 1983 quia
1384 1950 1417 1986 de
1430 1950 1462 1977 iis
1475 1951 1519 1985 qui
1532 1950 1674 1978 admodum
1688 1956 1715 1978 et
1730 1950 1938 1986 perpe’tuo’oooft-

1161 1985 1226 2011 dunt
1240 1985 1266 2012 in
1282 1985 1363 2012 Deum
1377 1985 1522 2018 disserens,
1534 1994 1685 2013 sermonem
1701 1985 1834 2014 tniustulit
1846 1987 1877 2013 ad
1889 1993 1937 2017 eos.

1161 2021 1204 2054 qui
1219 2020 1252 2047 ad
1265 2020 1316 2047 hoc
1327 2020 1433 2055 quidem
1450 2022 1503 2047 nati
1517 2026 1603 2055 erant,
1615 2021 1661 2048 sed
1675 2029 1706 2048 ex
1720 2021 1766 2048 Dei
1775 2023 1869 2049 auxilio
1879 2026 1903 2049 et
1911 2029 1938 2048 ex

1161 2055 1281 2092 profectu
1295 2056 1328 2082 ad
1341 2056 1399 2092 illos
1414 2056 1600 2092 ascenderunt.
1618 2057 1644 2084 t5.
1659 2056 1749 2083 Beatus
1764 2058 1802 2084 vir
1821 2058 1888 2092 cujus
1908 2060 1938 2083 est

1161 2091 1287 2117 auxilium
1300 2091 1368 2125 apud
1384 2096 1416 2117 te.
1437 2090 1504 2118 Vere
1518 2092 1623 2125 quidem
1639 2100 1645 2118 ε
1660 2092 1682 2119 si
1702 2092 1773 2119 enim
1790 2090 1875 2126 lapsus
1891 2093 1936 2123 sit.

1160 2126 1245 2160 surgit
1264 2132 1372 2159 tamen;
1388 2126 1410 2153 si
1433 2126 1468 2153 sit
1488 2131 1629 2161 peccator,
1645 2132 1789 2161 purgatur;
1810 2128 1831 2154 si
1853 2127 1937 2161 despe-

1160 2165 1233 2197 ratus
1245 2182 1253 2194 ,
1270 2165 1383 2188 mortem
1404 2166 1490 2188 tanien
1514 2169 1565 2188 non
1585 2162 1693 2189 videbit.
1709 2162 1761 2190 Sed
1783 2163 1841 2197 quis
1860 2162 1898 2189 hic
1907 2161 1937 2188 sit

1159 2196 1221 2223 attdi
1235 2204 1241 2221 :
1258 2196 1421 2232 Ascensioues
1431 2196 1462 2232 in
1470 2197 1544 2223 corde
1558 2205 1603 2223 suo
1616 2197 1748 2232 disposuit.
1773 2196 1903 2231 Quomodo
1913 2200 1936 2223 et

1158 2239 1209 2267 qna
1220 2232 1338 2267 ratione?
1345 2233 1371 2258 '1.
1381 2230 1413 2258 In
1421 2231 1486 2258 valle
1494 2230 1671 2267 lucrymarunt,
1683 2233 1709 2259 in
1718 2233 1772 2259 loco
1780 2230 1849 2267 quem
1854 2232 1932 2267 posuit.

1194 2266 1221 2293 2.
1237 2266 1294 2306 Non
1308 2275 1372 2301 ergo
1388 2266 1699 2306 personaruniacceptor
1709 2274 1752 2306 est
1765 2266 1933 2306 Deusgnequc

1163 2301 1204 2328 his
1218 2302 1324 2336 quidem
1334 2303 1525 2336 patrocinatur,
1536 2303 1595 2329 aliis
1607 2301 1668 2330 vero
1680 2304 1850 2336 minime,sed
1862 2301 1932 2329 omni-

1157 2336 1206 2372 bus
1231 2338 1403 2371 patrocinium
1428 2338 1528 2371 przebet
1542 2359 1549 2369 ,
1575 2338 1606 2365 iis
1626 2339 1670 2372 qui
1694 2340 1797 2372 Seipsos
1820 2339 1926 2365 offerunt.

1157 2371 1286 2410 Qlfcrunt,
1298 2372 1465 2410 quomodo?
1485 2372 1519 2399 In
1534 2374 1598 2400 valle
1611 2371 1781 2408 lacrymafum
1791 2383 1803 2410 :7
1815 2374 1838 2401 id
1852 2378 1896 2404 eSI,
1909 2372 1927 2410 in

1158 2407 1217 2435 loco
1234 2408 1406 2442 pteoitcntim.
1428 2408 1482 2434 Illic
1497 2409 1567 2434 enim
1584 2409 1651 2435 lleus
1665 2407 1845 2443 peccatoribus
1858 2407 1926 2443 posuit

1157 2442 1244 2469 locum
1265 2443 1447 2469 eoin-ersioois
1463 2449 1489 2469 et
1511 2444 1617 2476 salutis,
1640 2444 1732 2471 dicens
1749 2453 1755 2471 :
1772 2442 1925 2471 Paenitentiam

1156 2478 1223 2512 agite
1237 2486 1245 2504 :
1261 2479 1471 2511 appropinquavit
1495 2479 1560 2504 enim
1586 2487 1689 2513 regnum
1704 2476 1821 2506 coiturum
1835 2476 1925 2512 (Matth.

1155 2515 1181 2539 4.
1197 2512 1252 2550 17).
1280 2514 1369 2546 Itaque
1393 2514 1436 2550 qui
1454 2514 1501 2539 hac
1526 2515 1566 2539 \‘ia
1589 2512 1722 2550 graditur,
1739 2514 1891 2541 Ascensioue:
1906 2512 1926 2550 iu

1155 2547 1231 2574 corde
1252 2556 1298 2574 suo
1312 2549 1434 2581 disposuit
1447 2569 1454 2580 ,
1476 2558 1491 2574 εί
1506 2554 1575 2576 terra
1587 2547 1620 2575 ad
1639 2550 1733 2576 (uelum
1750 2550 1856 2576 transire
1867 2547 1926 2580 rogi-

1157 2587 1225 2615 tans,
1242 2591 1293 2609 non
1308 2591 1353 2617 per
1370 2592 1449 2620 unum
1466 2585 1574 2617 gradum
1588 2604 1596 2616 ,
1619 2584 1666 2611 sed
1687 2593 1734 2619 per
1756 2586 1849 2619 plures.
1871 2582 1927 2620 Qui}.

1155 2623 1264 2652 propter
1278 2619 1440 2645 Asuensioucs
1456 2619 1531 2651 dixit,
1550 2627 1601 2645 tton
1623 2621 1804 2646 ascensionem
1826 2628 1832 2645 :
1852 2619 1926 2643 multis

1154 2653 1225 2680 enim
1240 2653 1395 2684 virtutibus,
1405 2659 1430 2680 et
1447 2655 1526 2680 variis
1540 2658 1611 2681 recte
1635 2654 1710 2681 factis
1726 2662 1791 2689 opus
1805 2654 1925 2682 habemus.

1155 2693 1183 2726 _u_t
1195 2688 1228 2715 ab
1243 2689 1338 2715 intimis
1355 2689 1484 2726 liberati1
1494 2697 1606 2726 superna
1627 2688 1805 2726 accipiamus.
1816 2689 1924 2726 Qumglﬂlll

1154 2722 1197 2749 illa
1212 2726 1293 2750 sunt?
1308 2724 1377 2750 Audi
1390 2732 1396 2750 :
1417 2725 1444 2751 8.
1461 2724 1559 2750 Etenim
1573 2722 1753 2752 benedictione:
1764 2725 1827 2751 dabit
1837 2722 1926 2757 legim-

1154 2763 1211 2784 Ior:
1225 2758 1293 2785 ibunt
1305 2759 1335 2785 de
1347 2760 1434 2785 virtute
1445 2760 1469 2786 in
1480 2760 1593 2786 virtutem
1606 2768 1615 2786 :
1630 2759 1750 2787 videbitur
1760 2760 1824 2786 Deus
1836 2758 1925 2784 deorum

1152 2792 1177 2819 in
1194 2793 1268 2820 Sion.
1295 2794 1361 2820 Dicit
1375 2794 1463 2830 itaque
1484 2796 1633 2828 evangelica
1650 2801 1789 2830 pra-cepta,
1808 2792 1923 2830 inquibus

1153 2836 1204 2854 non
1223 2837 1300 2855 uuam
1318 2829 1436 2863 reperire
1453 2834 1493 2856 est
1508 2828 1744 2862 benedictionem,
1764 2830 1808 2856 sed
1822 2828 1921 2855 multas;

1151 2864 1237 2889 \at'ias
1261 2862 1361 2891 scilicet
1385 2865 1559 2891 beatitudiues
1570 2885 1577 2897 ,
1595 2873 1660 2898 quas
1675 2865 1792 2893 Christus
1804 2872 1848 2891 ceu
1862 2862 1921 2898 ῑοςᾳς

1152 2899 1261 2933 protulit
1277 2908 1282 2925 :
1302 2901 1327 2926 in
1342 2899 1436 2935 quibus
1452 2901 1473 2927 is
1494 2900 1537 2936 qui
1558 2895 1609 2928 sibi
1626 2901 1753 2935 attendit,
1773 2897 1881 2936 procedit
1893 2895 1920 2925 de
