4104 6422
388 312 485 368 737

384 429 618 499 potentia
644 428 699 484 in
726 426 1038 500 potentiam,
1066 431 1134 487 de
1160 432 1351 487 vii-tute
1386 433 1437 487 in
1468 433 1715 490 virtutem
1734 478 1748 497 ,
1778 436 1845 491 de
1871 436 1970 491 lm-

383 501 605 554 militate
632 501 682 553 in
712 502 910 557 luctum
941 516 1038 572 pro
1062 504 1323 572 peccatis;
1368 503 1492 559 inde
1522 505 1572 558 in
1602 509 1967 560 mansuetudi-

383 587 504 643 item
528 612 541 635 ,
575 581 754 638 postea
794 574 844 626 in
877 585 1188 642 perpetuum
1231 588 1355 643 erga
1389 576 1635 630 virtutem
1676 579 1962 642 allectum;

384 640 507 695 hinc
538 643 589 715 in
619 640 1012 715 eleemosynam
1032 685 1047 715 ,
1077 652 1185 697 tum
1232 640 1488 699 iii—cordis
1517 647 1832 715 puritatem;
1873 640 1967 704 de;

384 728 527 764 mum
549 713 598 764 in
619 712 761 780 pacis
777 712 1227 768 constitutionem.
1251 712 1707 771 Coronam'autem
1727 720 1963 773 omnium

382 792 536 837 vocat
562 798 661 851 pro
683 781 906 856 Christo;
926 785 1395 856 persequutiones;
1424 787 1474 839 in
1501 787 1692 856 quibus
1719 791 1805 856 qni
1835 806 1964 844 cou—

379 862 672 907 summatus
706 861 761 908 et
792 854 1056 920 perfectus
1081 863 1163 907 est
1199 855 1401 910 videbit
1447 854 1610 911 Deum
1640 854 1862 913 deorum
1908 861 1959 915 in

379 922 505 995 Sion
539 924 590 977 in
622 925 838 992 specula
880 926 1071 980 animae
1100 942 1113 977 :
1146 924 1271 980 Sion
1302 927 1441 981 enim
1488 930 1697 995 Specula
1743 929 1958 984 dicitur.

380 993 653 1066 Proiectus
694 1010 828 1066 ergo
861 995 1199 1050 beatitudinis
1246 1007 1328 1051 est
1378 993 1544 1053 Deum
1581 1000 1765 1054 videre
1788 998 1821 1066 ,’
1855 1016 1959 1056 non

378 1065 699 1141 qualis_est,
739 1065 1091 1141 sedqualiter
1126 1067 1236 1141 ipse
1279 1068 1517 1141 largitur.
1552 1070 1749 1141 Dicere
1787 1065 1960 1141 possis

378 1136 537 1209 etiam
566 1135 938 1209 Itmcmnnia’a
966 1135 1314 1209 diapsalmatc
1338 1135 1406 1194 de
1425 1155 1529 1208 quo
1550 1140 1748 1209 loquuti
1775 1135 1959 1197 smnus

376 1205 444 1260 de
467 1205 624 1280 Petro
649 1205 785 1280 dici_._
806 1207 997 1262 Beatus
1024 1207 1217 1277 quippe
1250 1208 1366 1275 fuit,
1397 1205 1484 1279 qui
1516 1205 1755 1280 tempore
1789 1211 1956 1266 abue-

374 1276 602 1351 gationis
630 1276 878 1351 auxilium
907 1289 1094 1332 nactus
1118 1276 1201 1333 est
1229 1297 1242 1330 :
1266 1276 1609 1348 quamobrem
1626 1276 1744 1336 'non
1767 1281 1958 1351 despe-

376 1347 531 1418 ravit,
566 1345 689 1418 quia
714 1352 1055 1404 escensiones
1074 1364 1166 1416 per
1196 1345 1558 1418 pmnitcntiam
1591 1351 1642 1405 in
1671 1354 1831 1407 corde
1858 1345 1958 1409 suo

375 1415 637 1493 disposuit
663 1416 730 1470 In
749 1419 891 1493 culte
922 1415 1281 1493 taeryinarum.
1317 1419 1483 1493 Vides
1521 1424 1659 1476 enim
1688 1428 1957 1493 quomodo

376 1486 539 1550 llevit,
563 1496 616 1541 et
641 1489 759 1541 novi
793 1486 1106 1556 legislatoris
1135 1488 1327 1544 Chriin
1374 1486 1772 1548 benediction'es
1810 1497 1954 1550 acci-

374 1558 526 1625 piens
556 1559 622 1613 de
652 1559 842 1614 virtute
886 1562 936 1613 in
960 1560 1207 1614 virtutem
1239 1561 1331 1615 ivit
1376 1578 1392 1616 :
1437 1578 1659 1620 currens
1704 1567 1844 1619 enim
1886 1566 1953 1620 ad

373 1630 849 1705 resurrectionem,
883 1639 937 1685 et
973 1630 1161 1685 videns
1206 1631 1533 1705 linteamina,
1560 1635 1745 1690 videns
1772 1646 1954 1705 postea

371 1697 638 1753 Christum
662 1699 757 1773 ipsi
777 1710 1165 1773 orcurrentcni,
1184 1712 1237 1755 ut
1260 1704 1494 1758 narravit
1521 1704 1712 1773 Lucis,
1737 1697 1817 1759 his
1848 1724 1951 1761 non

371 1780 670 1846 contentus,
699 1772 749 1824 in
778 1771 937 1846 aliam
966 1773 1211 1846 virtutem
1242 1774 1292 1827 in
1320 1773 1445 1830 Sion
1473 1771 1745 1843 ascendit;
1778 1778 1952 1846 ibique

370 1854 553 1894 rursus
603 1842 744 1915 [iens
790 1841 1011 1915 deorum
1041 1842 1286 1898 Christus
1322 1846 1599 1915 apparuit.
1626 1841 1955 1903 benedictio-

370 1925 599 1985 nemque
629 1912 938 1985 impertivit,
982 1928 1271 1985 pacemque
1293 1912 1449 1985 quain
1478 1917 1750 1985 discipulis
1779 1918 1947 1985 dedit,

371 1932 599 1981 uertique
629 1932 938 1993 Imperttvtl,
982 1932 1271 2037 paccmtgnc
1293 1932 1449 1985 quam
1478 1932 1750 1985 auscrpntis
1779 1932 1947 1985 dedit,

366 1989 421 2059 e_t
466 1980 663 2059 domum
714 1984 942 2052 Spiritus
983 1983 1269 2059 Luc._'4.
1305 1986 1389 2040 12.
1422 1985 1578 2059 sqq.).
1629 1991 1682 2043 9.
1738 1988 1953 2043 Domine

368 2050 505 2131 Deus
532 2050 799 2131 ljrlttlltttt,
824 2055 1011 2131 excindi
1036 2057 1312 2131 orationem
1340 2050 1502 2131 meant
1529 2050 1556 2131 ἔκ
1579 2060 1784 2131 anibus
1828 2078 1949 2131 per-

364 2122 665 2200 cip§,_l)t'us
685 2122 864 2200 Jacob.
906 2125 1093 2200 Nonne
1115 2126 1305 2200 sullicit
1336 2129 1563 2200 audire?
1590 2129 1728 2197 Neu,
1758 2122 1946 2200 inquit,

364 2192 457 2246 Sed
483 2192 638 2248 debet
667 2194 825 2249 etiam
847 2197 1060 2250 auribus
1084 2199 1390 2266 percipere;
1418 2198 1521 2253 hoc
1546 2208 1628 2253 ρδι
1652 2192 1944 2256 ἱειέιιινῖὺιιέ

363 2277 589 2332 ponere;
625 2274 676 2318 ut
704 2266 866 2341 etiam
888 2268 1086 2341 sinunc
1100 2282 1209 2341 non
1229 2269 1466 2337 perﬁciat
1490 2269 1540 2324 id
1569 2272 1707 2339 quod
1730 2274 1942 2341 petitur,

364 2345 546 2401 postea
598 2345 772 2411 tamen
817 2337 942 2390 illud
988 2338 1233 2406 impleat;
1270 2356 1390 2394 nam
1435 2337 1617 2408 utpote
1662 2337 1942 2411 Propheta,

361 2414 586 2480 noverat
633 2407 790 2480 longo
831 2416 1070 2480 tempore
1108 2425 1240 2477 opus
1284 2426 1404 2467 esse
1446 2407 1540 2480 pro
1572 2413 1636 2467 iis
1663 2407 1792 2480 qua:
1820 2407 1945 2469 tunc

363 2475 681 2551 postulabat.
727 2475 1029 2551 Diapsaliua
1059 2475 1378 2550 liic’quoque
1404 2475 1518 2537 e're
1547 2475 1740 2551 posuit,
1773 2485 1943 2538 inter—

358 2546 576 2625 inittcns
605 2548 920 2625 orationem,
951 2558 1007 2603 ιιι
1039 2546 1394 2625 same—cadem
1427 2546 1770 2625 precaretur,
1819 2555 1942 2625 quia

356 2613 474 2670 limc
512 2617 578 2671 ad
608 2618 889 2672 humanam
930 2613 1219 2675 tendebant
1266 2613 1509 2677 salutem.
1548 2623 1635 2679 l0.
1681 2613 1944 2678 Prete'ctor

356 2696 544 2764 n_os_ter,
576 2690 764 2756 aspice,
812 2688 971 2754 Deus,
1012 2701 1056 2744 et
1095 2694 1286 2764 respice
1325 2693 1376 2746 in
1407 2694 1586 2764 faciem
1629 2696 1814 2750 Christi
1848 2698 1941 2751 tui.

357 2756 491 2831 Yide
523 2774 618 2831 nos
661 2767 746 2813 tua
787 2775 887 2829 ope
923 2777 1111 2831 egere;
1141 2756 1262 2817 vide
1305 2756 1497 2819 vulnus
1539 2766 1942 2823 medicamentis

354 2827 606 2883 humanis
629 2845 731 2883 non
753 2827 928 2886 sanari
947 2827 1105 2896 {vide
1130 2832 1459 2888 confractum
1490 2850 1583 2889 Vas
1613 2851 1750 2891 esse.
1803 2836 1939 2893 Cor-

354 2913 451 2967 pus
484 2911 629 2978 tuutn
660 2916 764 2978 non
794 2911 934 2978 esta
959 2912 1142 2978 nostro
1167 2905 1419 2978 alienum.
1463 2905 1529 2978 Et
1553 2907 1631 2978 sic
1658 2910 1863 2978 respice
1889 2913 1939 2964 in

353 2985 473 3046 nos,
505 2970 634 3046 a_t_in
668 2973 852 3027 faciem
879 2973 1072 3046 Christi
1105 2976 1215 3040 tui;
1249 2976 1299 3028 id
1327 2985 1442 3041 est,
1473 2977 1523 3029 in
1552 2976 1688 3032 faeie
1716 2970 1936 3046 Christi,

350 3051 407 3114 ut
439 3042 489 3114 in
521 3041 653 3114 Fitio
678 3058 777 3097 nos
811 3052 1001 3098 onmes
1026 3045 1181 3099 Pater
1212 3048 1528 3114 respiceret,
1557 3055 1609 3101 et
1632 3063 1753 3102 cum
1780 3041 1940 3104 bene;

350 3110 546 3186 placito
579 3112 749 3168 Patris
777 3123 1183 3186 consummetur
1209 3110 1523 3186 mysterium
1549 3118 1702 3172 nobis
1731 3119 1935 3175 datum.

347 3183 457 3236 Cur
480 3182 709 3259 Patrem
730 3199 825 3259 per
856 3184 1068 3259 Filium,
1112 3201 1215 3240 non
1244 3182 1339 3259 per
1362 3187 1642 3256 prophetas
1670 3190 1937 3259 respicere

349 3253 621 3320 postulas?
654 3253 739 3308 ll.
774 3253 906 3319 Quia
936 3256 1113 3308 melior
1133 3265 1205 3308 est
1224 3253 1331 3309 dies
1353 3253 1532 3312 ima—in
1561 3259 1705 3311 atriis
1730 3253 1828 3313 tuis
1848 3277 1936 3315 su-

347 3339 438 3389 per
469 3323 652 3378 millia.
701 3325 848 3397 Atria
896 3327 988 3379 Dei
1023 3325 1293 3381 Bethleem
1324 3338 1513 3394 vocat,
1555 3344 1803 3397 crucem,
1852 3347 1937 3385 re-

345 3397 754 3469 surrectionem.
801 3394 855 3449 In
904 3412 1223 3467 unaquaque
1267 3413 1394 3469 ergo
1438 3413 1622 3453 earum
1668 3394 1798 3455 dies
1831 3417 1933 3456 una

346 3466 536 3519 melior
559 3476 661 3532 est,
691 3482 848 3536 quam
873 3466 1043 3521 millia
1064 3466 1382 3537 temporum.
1425 3469 1575 3537 Quod
1604 3470 1747 3526 enim
1792 3481 1929 3528 tem-

345 3548 474 3605 pora
500 3537 566 3608 ab
594 3546 713 3591 ortu
769 3538 949 3592 mundi
978 3539 1155 3608 elapsa
1186 3556 1290 3594 non
1321 3541 1564 3595 fecerunt
1584 3583 1598 3606 ,
1648 3541 1699 3596 id
1748 3542 1799 3596 in
1841 3543 1929 3599 die

344 3614 496 3662 ortus
522 3606 739 3683 Christi,
763 3619 853 3683 aut
881 3606 1085 3674 crucis,
1115 3620 1206 3683 aut
1227 3613 1635 3683 resurrectionis
1657 3654 1671 3677 ,
1699 3614 1931 3683 itemque

342 3677 722 3751 assumptionis
744 3681 990 3751 universo
1009 3681 1194 3749 generi
1234 3681 1465 3736 humano
1494 3683 1760 3751 praestitit.
1789 3677 1919 3751 Qua-

344 3759 564 3824 propter
590 3748 708 3824 haec
724 3750 861 3824 atria
886 3748 1159 3824 celebrans
1185 3751 1439 3824 propheta
1469 3748 1672 3824 eaquae
1701 3748 1934 3824 scquun~

343 3827 429 3872 tur
453 3820 639 3897 dixit;
663 3819 809 3897 Elegi
849 3820 1072 3897 abjeclus
1111 3819 1216 3897 esse
1243 3819 1294 3875 in
1331 3824 1483 3876 domo
1642 3826 1745 3897 mei
1771 3819 1932 3897 magis

339 3905 495 3966 gnam
522 3889 748 3966 habitare
761 3889 818 3966 in
839 3894 1174 3966 tabernaculis
1197 3903 1532 3966 peccatorum.
1556 3894 1714 3960 Malo,
1734 3889 1925 3966 inquit,

341 3958 395 4037 in
418 3961 688 4037 praedictis
702 3963 849 4015 atriis
866 3978 987 4037 cum
1006 3958 1505 4037 vilibns'etahjectis
1526 3958 1746 4031 versari,
1771 3958 1929 4037 quam

342 4029 583 4103 habitare
613 4032 666 4087 in
694 4033 978 4103 synagogis
1003 4032 1310 4087 Judseorum
1339 4029 1365 4097 ,⁷
1385 4051 1503 4103 qme
1533 4051 1637 4089 non
1681 4029 1929 4093 tabérna-

338 4101 461 4174 cula
497 4102 607 4165 liei,
628 4101 1089 4174 sed'peccatorum
1122 4104 1288 4173 legem
1333 4101 1782 4174 transgressorum
1810 4124 1929 4164 esse

337 4171 609 4227 dicuntur.
637 4173 834 4226 Mavult
855 4188 981 4243 ergo
1005 4171 1258 4242 propheta
1287 4190 1405 4228 cum
1433 4171 1639 4230 latrone
1662 4178 1929 4234 heredita-

340 4249 448 4297 tem
477 4243 720 4311 accipere
744 4245 832 4313 qui
858 4244 1145 4300 vilissimus
1174 4245 1225 4299 in
1255 4245 1490 4313 Ecclesia
1524 4247 1613 4301 Dei
1638 4263 1757 4304 esse
1778 4250 1927 4305 vide-

341 4321 448 4386 tur,
479 4323 571 4368 aut
596 4330 715 4369 eum
747 4314 1067 4379 Chananma,
1119 4332 1239 4386 quae
1267 4317 1468 4386 dejecta
1496 4318 1660 4372 micas
1685 4335 1715 4374 e
1743 4335 1927 4378 mensa

341 4384 597 4458 cadentes
626 4386 909 4458 expetebat
947 4427 962 4451 ,
991 4384 1148 4455 quani
1181 4402 1301 4441 cum
1331 4384 1542 4458 'Caiplia
1579 4400 1632 4443 et
1662 4406 1782 4444 cum
1811 4392 1927 4447 aliis

340 4455 666 4529 principibus
695 4456 1029 4529 sacerdotum
1056 4497 1071 4519 ,
1119 4459 1207 4525 qui
1240 4459 1290 4512 in
1318 4455 1579 4529 synagoga
1619 4459 1925 4517 Judaeorum

338 4525 540 4593 primas
586 4526 855 4580 tenebant.
910 4526 1137 4595 ldipsum
1168 4537 1222 4581 et
1267 4525 1366 4582 nos
1410 4525 1773 4597 postulamus,
1805 4546 1928 4589 esse

336 4610 533 4664 nempe
558 4598 771 4669 ultimos
789 4598 1051 4666 jnstorum
1083 4607 1138 4652 et
1165 4598 1492 4664 abortivum,
1518 4609 1574 4653 ut
1606 4601 1801 4657 Paulus
1827 4604 1923 4669 ait,

335 4675 392 4744 et
432 4682 535 4721 non
563 4666 802 4744 habitare
826 4682 945 4722 cum
978 4669 1345 4744 peccatoribus
1375 4668 1600 4744 (μϐοιηἶ
1625 4672 1710 4744 157.
1741 4672 1792 4727 8.
1822 4672 1877 4744 9)
1906 4666 1922 4729 Ξ

335 4736 485 4791 disce
509 4737 650 4792 enim
683 4752 744 4792 ca
771 4754 891 4807 qua:
918 4736 1231 4807 sequuntur.
1262 4739 1348 4794 12.
1376 4740 1508 4805 Quia
1532 4736 1925 4797 misericordiam

335 4816 385 4883 et
414 4808 884 4883 _reritateiii_diligit
922 4808 1170 4883 Dominus
1197 4809 1334 4865 Dens
1354 4851 1369 4876 9
1394 4813 1610 4881 gratiam
1640 4822 1685 4864 et
1710 4814 1925 4883 gloriam

335 4877 476 4931 dabit
501 4894 520 4932 :
534 4877 952 4951 miscricordiam
974 4889 1028 4934 et
1048 4882 1322 4936 veritatem
1344 4877 1440 4951 pro
1463 4883 1527 4936 iis
1542 4883 1627 4951 qui
1646 4877 1925 4951 dc'pccea-

336 4952 406 5022 tis
435 4949 798 5022 ptenitentiain
828 4959 1088 5022 egerunt,
1130 4960 1185 5006 et
1212 4967 1305 5021 per
1333 4949 1756 5008 fnisericdrdiam
1785 4957 1925 5011 inter

327 5018 508 5096 justas
528 5020 760 5096 cooptati
780 5018 935 5096 sunt;
963 5036 1058 5091 per
1074 5018 1363 5096 veritatem
1381 5032 1580 5096 autem,
1605 5039 1709 5096 non
1741 5041 1924 5096 parem

335 5090 467 5162 ipsis
491 5100 689 5145 sortem
734 5092 933 5147 habent
961 5090 977 5145 Ξ
1029 5093 1167 5146 unde
1197 5100 1252 5148 et
1280 5092 1472 5162 abjecti
1503 5108 1623 5149 esse
1652 5090 1922 5153 dicuntur.

338 5160 520 5238 Itaque
549 5162 721 5238 iocum
755 5162 806 5215 in
835 5163 963 5233 ipsis
1010 5163 1251 5238 ultimum
1296 5160 1634 5238 obtinentes,
1673 5169 1842 5238 gratia
1871 5178 1926 5223 et

332 5232 500 5300 gloria
538 5231 805 5286 donantur
848 5231 868 5307 ξ
906 5234 1071 5304 gratia
1095 5273 1110 5300 ,
1142 5235 1266 5307 quia
1303 5251 1397 5307 per
1435 5235 1659 5307 gratiam
1677 5231 1922 5293 'salutem

333 5311 767 5374 consequuntur;
812 5305 978 5374 gloria
1002 5344 1019 5371 ,
1064 5305 1186 5373 quia
1213 5319 1336 5359 cum
1359 5304 1551 5374 jns’tis',
1586 5306 1709 5361 licet
1735 5308 1925 5364 ordine

336 5373 611 5444 postremi,
644 5373 1028 5444 glorilicantur.
1076 5375 1227 5442 Quod
1253 5373 1430 5430 autem
1459 5376 1512 5431 id
1545 5392 1724 5431 verum
1755 5379 1842 5440 sit,
1867 5389 1926 5434 et

333 5442 477 5513 quod
498 5442 965 5518 j_u_sti;necessario
992 5446 1199 5518 primas
1211 5454 1426 5518 teneant
1442 5488 1458 5513 ,
1482 5447 1755 5518 sequentia
1783 5449 1923 5503 indi-

331 5522 476 5588 cant.
510 5514 597 5568 15.
629 5512 877 5588 Dominus
906 5512 1007 5571 non
1037 5515 1250 5588 privabit
1273 5516 1417 5588 tionis
1445 5512 1528 5571 eos
1547 5512 1637 5588 qui
1665 5518 1924 5573 ambulant

333 5584 386 5659 in
415 5584 724 5659 innocentia.
746 5586 847 5653 Qui
874 5588 989 5659 sine
1017 5584 1214 5659 malitia
1241 5587 1509 5655 vixerunt,
1541 5584 1596 5645 et
1622 5590 1672 5642 in
1692 5589 1921 5659 justitia,

331 5653 384 5729 id
414 5655 617 5729 cst,_in
652 5656 954 5729 innocentia
994 5658 1191 5712 versati
1219 5667 1363 5720 sunt,
1395 5653 1502 5712 non
1529 5653 1802 5729 privantnr
1829 5653 1925 5715 bo;

329 5725 434 5789 nis,
466 5723 560 5779 sed
589 5740 742 5802 pares
768 5727 973 5802 meritis
999 5741 1228 5782 coronas
1253 5723 1677 5802 a_ccipient,'quia
1706 5730 1915 5802 Singuli

325 5810 477 5851 suam
505 5796 783 5852 mercedem
809 5799 1057 5863 accipient
1099 5796 1386 5854 secundum
1405 5796 1667 5875 proprium
1693 5796 1914 5858 laborem

1614 319 1679 376 IN
1719 321 2036 379 PSALMUM
2080 326 2361 385 LXXXIV.

3568 329 3676 386 758

2084 438 2161 512 (I.
2199 438 2315 494 Cor.
2347 443 2400 496 5.
2438 442 2515 512 8).
2570 443 2785 498 Domine
2834 443 2974 498 Deus
3016 444 3252 497 virtutum
3275 486 3287 499 .
3318 441 3488 496 beatus
3522 444 3666 495 hoino

2076 510 2163 575 qui
2195 523 2362 583 sperat
2388 514 2439 564 in
2469 510 2532 565 te.
2567 515 2849 568 Pulchrum
2902 514 3115 568 l’salmo
3157 514 3412 583 propheta
3440 514 3689 582 sigillnm'

2075 582 2358 650 imposuit,
2409 598 2557 649 spem
2606 587 2657 638 in
2708 587 2892 650 lieum,
2939 586 3023 638 cui
3068 582 3275 639 ba‘rere
3303 584 3515 637 beatum
3564 595 3664 637 est.

2076 648 2290 725 Etenim
2333 648 2528 707 ancOra
2569 666 2649 709 est
2674 648 2888 725 jactatis
2915 670 2945 708 a
2991 664 3326 724 tempestate,
3358 669 3542 708 murus
3570 653 3668 725 rob-

2073 723 2235 795 sessis
2279 722 2628 791 inconcussus
2673 722 2771 778 est.
2808 727 2862 780 lu
2896 741 3016 779 cum
3049 722 3226 779 autem
3255 734 3457 794 sperat,
3488 724 3575 795 qui
3610 725 3663 776 in

2074 791 2214 844 nulla
2261 808 2437 846 rerum
2483 797 2822 862 praesentium
2862 795 3106 863 conlidit,
3160 796 3255 850 scd
3286 791 3446 850 totius
3476 791 3661 849 mundi

2071 874 2223 931 Spem
2256 863 2308 916 in
2341 864 2505 918 Deum
2536 866 2812 937 praeeligit.

2252 975 2301 1029 l.
2332 973 2397 1028 In
2424 976 2598 1044 ﬁnem,
2625 977 2747 1047 ﬁliis
2775 976 2921 1043 Core,
2954 977 3192 1033 Psalmus
3244 993 3468 1033 Lxxxiv.

2138 1063 2451 1139 Necessario
2476 1069 2636 1123 etiam
2669 1085 2810 1124 nunc
2862 1070 3104 1123 l‘salmus
3137 1069 3198 1123 In
3228 1072 3378 1139 ﬁnem
3409 1072 3654 1127 inscribi-

2069 1138 2324 1208 t_m',ivel
2367 1139 2659 1193 secundum
2704 1142 2838 1194 alios
2885 1138 3237 1208 interpretes,
3286 1139 3681 1206 Triumphalis.‘

2065 1205 2314 1261 Continet
2342 1210 2483 1262 enim
2527 1212 2781 1282 mysteria
2816 1205 3658 1282 in,litui—saeculorumconsum-

2066 1287 2205 1350 mata
2232 1318 2247 1342 ,
2292 1293 2413 1350 qua:
2441 1296 2571 1335 vcrc
2587 1280 2937 1350 triumphalia
2970 1291 3092 1334 sunt
3132 1292 3314 1335 contra
3362 1280 3651 1338 diabolum.

2062 1346 2117 1401 2.
2157 1345 2482 1422 Beneplacila
2529 1352 2623 1422 fuit
2668 1345 2779 1414 tibi,
2817 1351 3065 1422 Domine,
3109 1362 3243 1404 terra
3289 1362 3403 1416 tua,
3436 1358 3654 1411 avertisti

2061 1420 2400 1487 captivitatem
2430 1419 2612 1475 Iacob.
2659 1422 2972 1475 Communia
3018 1419 3217 1475 homini
3243 1430 3297 1476 et
3329 1433 3484 1479 terra:
3528 1439 3654 1482 sunt

2061 1503 2122 1542 ea
2162 1504 2280 1559 quae
2325 1492 2671 1565 εοιιιίιιειιυι.Δ
2691 1492 2821 1545 Nam
2865 1508 2985 1546 enm
3037 1501 3178 1547 terra
3212 1508 3465 1565 prospere
3511 1498 3648 1565 agit,
3714 1513 3727 1533 κ

2060 1552 2316 1628 prospere
2341 1552 2450 1636 agit
2469 1552 2627 1636 etiam
2659 1562 2846 1628 homo;
2871 1572 2925 1618 et
2963 1578 3081 1636 cum
3105 1579 3165 1616 ea
3193 1552 3509 1631 cantigatur,
3539 1552 3651 1636 ipse

2060 1645 2272 1699 quoque
2292 1632 2600 1700 corripitur,
2626 1643 2806 1700 utpote
2833 1637 2919 1702 qui
2948 1650 3013 1688 cx
3052 1633 3161 1702 ipsa
3190 1645 3244 1688 et
3273 1647 3448 1688 ortum
3472 1645 3525 1690 et
3554 1632 3651 1691 ali-

2060 1711 2299 1775 utentum
2336 1702 2565 1757 duxerit.
2598 1705 2955 1770 Quamobrem
2990 1704 3073 1767 id,
3117 1704 3255 1772 quod
3289 1720 3428 1775 nunc
3456 1721 3484 1757 a
3516 1722 3648 1775 pro-

2059 1770 2218 1847 pheta
2242 1772 2440 1827 dictum
2473 1785 2573 1837 est,
2596 1777 2953 1847 communiter
2975 1783 3056 1827 est
3084 1770 3449 1843 accipiendum
3472 1794 3483 1827 :
3511 1770 3648 1847 quo-

2060 1841 2202 1895 niam
2234 1852 2505 1914 creatura,
2539 1847 2690 1914 cujus
2716 1845 3036 1900 elementum
3067 1841 3213 1899 terra
3236 1854 3348 1910 est,
3384 1841 3644 1914 nostram,

2056 1913 2347 1986 srcnndum
2387 1913 2642 1982 Paulum,
2698 1916 2904 1985 atcepit
2956 1913 3643 1986 redemptionem(Rom.8.

2058 1982 2287 2054 19-22),
2312 2001 2469 2054 quam
2502 2002 2642 2040 nunc
2690 1982 2946 2056 prejiheta
2977 1982 3369 2055 benep'laeitum
3399 1982 3643 2056 vocavit,

2054 2066 2340 2128 commune
2359 2056 2570 2126 quidem
2594 2074 2718 2127 erga
2748 2057 3014 2128 hominem
3037 2060 3326 2127 generatim
3349 2072 3640 2128 sumptum,

2054 2125 2145 2197 qui
2173 2139 2268 2178 cur
2297 2136 2434 2180 terra
2466 2125 2684 2193 vocetur
2713 2143 2856 2196 sa-pe
2886 2125 3210 2181 declaratum
3259 2138 3372 2192 est;
3406 2125 3641 2197 porticu?

2055 2192 2167 2249 lare
2198 2211 2324 2251 vero
2361 2212 2488 2267 erga
2528 2213 2623 2252 eos
2648 2214 2712 2251 ex
2749 2192 2944 2268 populo
2970 2197 3190 2268 Judaico
3220 2198 3310 2267 qui
3351 2192 3417 2251 ad
3466 2200 3639 2268 ipsum

2052 2268 2295 2340 conrcrsi
2315 2279 2458 2340 sunt,
2489 2283 2624 2340 quos
2640 2267 2988 2340 Captivitatem
3015 2267 3175 2340 .laciob
3198 2268 3453 2340 propheta
3484 2267 3644 2325 vnea-

2053 2336 2259 2409 vit.Setl
2278 2336 2544 2407 quodnam
2578 2336 2963 2408 beneplacitnm
2994 2339 3119 2391 illud
3150 2336 3386 2392 lnbritex
3411 2355 3642 2409 sequen-

2052 2405 2192 2479 tibus
2212 2405 2381 2463 disce.
2411 2411 2463 2464 5.
2488 2405 2741 2463 Remisisti
2776 2410 3064 2479 iniquitates
3094 2409 3225 2478 plebi
3253 2420 3370 2474 ture,
3400 2405 3640 2477 aperuisti

2050 2478 2219 2530 onmia
2241 2489 2443 2548 peccata
2468 2488 2659 2533 eorum.
2686 2478 3083 2550 Beneplacitum
3116 2495 3238 2548 erga
3280 2496 3376 2533 nos
3403 2481 3522 2550 jure
3553 2484 3638 2535 di-

2049 2556 2236 2621 catur:
2269 2566 2374 2603 non
2402 2566 2560 2604 unam
2589 2552 2805 2621 quippe,
2827 2551 2919 2605 sed
2945 2565 3135 2605 omnes
3162 2550 3463 2620 iniquitates
3486 2554 3638 2608 nobis

2048 2618 2261 2673 remisit
2284 2637 2300 2685 ;
2328 2621 2437 2674 imo
2454 2618 2810 2676 etiam'oninia
2845 2630 3058 2690 peccata
3092 2618 3269 2674 nostra
3292 2636 3386 2690 per
3403 2621 3639 2676 elemen-

2051 2690 2174 2743 tiam
2202 2706 2353 2745 suam
2384 2694 2616 2762 operuit,
2650 2691 3098 2762 quemadmodum
3132 2691 3370 2746 medicus
3398 2693 3632 2747 medica-

2048 2763 2244 2816 mentis
2272 2763 2488 2817 vulncra
2518 2766 2711 2832 operit.
2740 2764 3053 2833 Iniquitates
3082 2770 3258 2816 autem
3291 2773 3339 2833 et
3372 2774 3587 2831 peccata
3611 2807 3625 2827 ,

2049 2846 2154 2903 non
2189 2840 2247 2884 ut
2279 2834 2507 2903 idipsum
2537 2831 3195 2903 repeteret,_memoravit,
3228 2831 3322 2886 sed
3355 2842 3412 2885 ut
3447 2845 3632 2889 osten-

2046 2901 2220 2969 deret,
2254 2901 2369 2955 non
2399 2903 2571 2957 solum
2601 2901 2810 2957 ’Jndmis
2837 2918 3062 2973 quorum
3092 2903 3291 2973 scelera
3327 2903 3632 2973 iniquitates

2045 2980 2232 3026 contra
2284 2973 2457 3045 legem
2500 2982 2776 3045 vocantur,
2803 2972 2987 3043 utpote
3013 2973 3102 3045 qui
3149 2972 3249 3026 sub
3291 2972 3632 3045 lcgeMoysis

2044 3052 2248 3110 essent,
2272 3044 2364 3097 sed
2395 3044 2643 3114 gentibus
2671 3046 2831 3097 etiam
2867 3043 3162 3109 remisisse,
3188 3059 3414 3113 quorum
3448 3043 3629 3114 lapsus

2046 3123 2257 3184 peccata
2286 3113 2641 3183 appellantur,
2666 3116 2917 3184 quoniam
2943 3116 3021 3169 sic
3048 3124 3363 3183 pcecant,ut
3387 3113 3630 3172 caelesncs

2041 3183 2392 3255 cogitationes
2413 3184 2477 3237 ad
2504 3183 2780 3238 stultitiam
2811 3193 3146 3240 convertant.
3180 3184 3477 3255 Diapsalma
3505 3202 3625 3239 mo-

2041 3253 2301 3325 dulationi
2332 3254 2579 3320 additur,
2604 3255 2863 3325 propheta
2896 3271 3001 3311 non
3031 3253 3295 3309 incassum
3324 3271 3629 3311 sermonem

2040 3324 2427 3397 intermittente
2450 3366 2466 3391 ,
2497 3328 2590 3381 sed
2608 3324 2736 3396 quia
2784 3342 2975 3397 magna
3018 3326 3356 3394 expositurus
3382 3336 3527 3394 erat,
3557 3332 3628 3381 oh

2040 3394 2383 3466 defatigatam
2426 3394 2791 3467 magnitudine
2835 3394 3215 3452 revelationum
3257 3406 3527 3464 mentem,
3572 3409 3629 3453 ut

2039 3466 2338 3538 accuratius
2360 3481 2545 3521 eorum
2577 3469 3085 3538 contemplationem
3111 3476 3426 3531 resumeret,
3458 3469 3628 3522 inter-

2040 3537 2297 3610 missione
2322 3552 2455 3610 opus
2475 3537 2723 3610 habebat.
2746 3537 2806 3593 4.7
2825 3539 2877 3592 Μ
2885 3538 3071 3610 itigasti
3096 3554 3292 3590 onmem
3312 3539 3443 3591 iram
3463 3550 3627 3604 tuam;

2037 3609 2258 3662 avertiin
2282 3609 2345 3662 ab
2380 3609 2459 3662 ira
2485 3608 2848 3677 indignationis
2873 3608 2990 3663 tute.
3026 3609 3160 3663 Iram
3208 3624 3313 3661 non
3342 3624 3406 3662 ex
3438 3619 3626 3678 parte,

2038 3680 2133 3734 sed
2160 3679 2380 3734 omnino
2418 3679 2645 3746 sedavit,
2674 3694 2780 3733 non
2810 3688 2866 3733 ut
2897 3680 3037 3734 illam
3069 3679 3364 3733 remitteret
3390 3679 3455 3733 ad
3486 3689 3623 3733 tem-

2037 3765 2158 3820 pus,
2185 3750 2278 3805 sed
2325 3759 2381 3805 nt
2428 3750 2573 3804 illam
2620 3751 2834 3819 penitus
2877 3750 3136 3815 aboleret,
3170 3749 3479 3818 nullumque
3508 3751 3623 3820 ejus

2037 3821 2428 3876 monimentum
2477 3821 2808 3890 relinqueret
2839 3839 2852 3877 :
2883 3822 3401 3890 quapropteraverti
3443 3820 3511 3874 ab
3544 3824 3623 3875 ira

2036 3892 2418 3961 indignationis
2456 3906 2567 3945 sua:
2595 3889 2793 3946 dicitur
2823 3909 2836 3945 :
2870 3889 3119 3947 videlicet
3168 3889 3233 3945 ad
3280 3891 3622 3946 clementiam

2034 3963 2346 4017 declinavit.
2372 3962 2478 4017 Sed
2497 3964 2747 4032 quoniam
2782 3961 2954 4017 futura
2985 3973 3041 4016 ut
3074 3961 3353 4030 prtescntia
3380 3976 3618 4030 expone-

2036 4033 2145 4099 bat,
2171 4035 2489 4104 prophetico
2539 4048 2666 4104 usus
2711 4033 3023 4089 charactere
3051 4049 3064 4084 :
3097 4032 3214 4086 vide
3244 4037 3513 4104 quomodo
3555 4033 3622 4088 ad

2034 4102 2398 4175 precationem
2438 4103 2787 4175 prophetiam
2832 4104 3128 4167 convertit,
3162 4102 3453 4175 ostendens
3497 4103 3625 4175 iure

2034 4172 2269 4233 nondum
2300 4172 2589 4239 accidisse,
2618 4176 2713 4230 sed
2754 4177 2805 4229 in
2848 4189 2943 4244 spe
2970 4175 3203 4244 reposita
3233 4188 3369 4228 esse.
3399 4173 3449 4229 5.
3482 4172 3621 4228 Con-

2032 4259 2166 4300 verte
2201 4261 2291 4299 nos
2312 4288 2326 4309 ,
2365 4246 2498 4300 Deus
2525 4247 2827 4302 salutarium
2858 4256 3144 4300 nostrorum
3164 4286 3177 4307 ,
3210 4254 3257 4298 et
3290 4254 3454 4296 averte
3490 4246 3620 4298 iram

2035 4326 2174 4396 tuam
2194 4333 2224 4396 ᾳ
2243 4315 2403 4396 nonis.
2418 4317 2533 4372 Non
2552 4318 2922 4396 ergo_a_iTectus
2945 4327 3025 4396 est
3043 4316 3094 4369 in
3120 4316 3229 4396 Deo
3250 4315 3451 4396 ira,.sed
3474 4330 3625 4369 com-

2033 4388 2254 4443 minatio
2275 4387 2340 4441 ad
2366 4398 2604 4465 nostram
2628 4389 2934 4465 utilitatem.
2956 4387 3293 4465 Quapropter
3317 4387 3360 4438 si
3388 4400 3619 4439 conver-

2035 4467 2232 4526 tamur,
2270 4461 2528 4513 avertitur
2547 4469 2600 4514 et
2642 4459 2756 4527 ipse
2780 4459 2847 4512 ab
2886 4458 2985 4525 ira,
3014 4466 3067 4512 et
3092 4457 3359 4527 quiescit,
3378 4466 3623 4527 nostram

2032 4530 2258 4584 salutem
2278 4599 2285 4600 ί
2304 4526 2685 4600 magnifaciens
2704 4570 2719 4593 ,
2745 4529 2814 4600 ita
2844 4537 2901 4593 ut
2927 4527 3121 4600 multas
3150 4526 3291 4600 illius
3316 4526 3427 4600 vias
3464 4526 3620 4600 inve-

2032 4600 2163 4662 niat,
2183 4596 2486 4669 multosque
2501 4600 2566 4654 ad
2591 4598 2641 4653 id
2660 4599 2849 4669 modos
2865 4598 3165 4669 excogitet;
3195 4596 3315 4650 ideo
3332 4599 3452 4669 jure
3480 4599 3625 4650 licus

2031 4668 2337 4723 salutarium
2363 4667 2603 4724 vocatur.
2633 4670 2686 4724 6.
2717 4668 2986 4738 Numquid
3019 4669 3071 4720 in
3102 4676 3347 4721 ceternum
3384 4667 3625 4722 irasceris

2032 4739 2195 4807 nobis,
2218 4749 2306 4793 aut
2333 4740 2566 4796 extendes
2594 4741 2725 4794 iram
2755 4749 2893 4794 tuam
2918 4757 2949 4793 a
2978 4739 3296 4810 generatione
3321 4739 3374 4790 in
3402 4753 3618 4810 genera-

2033 4811 2259 4864 tionem?
2282 4810 2542 4866 Terribile
2559 4810 2771 4881 quidem
2793 4811 2952 4866 etiam
2981 4807 3121 4863 nunc
3137 4818 3215 4864 est
3241 4807 3621 4881 lieumadvcr-

2030 4895 2123 4960 sus
2155 4882 2408 4960 homines
2429 4878 2607 4960 irasci,
2631 4882 2726 4937 scd
2763 4882 2982 4960 qui_a__i_n
3023 4878 3274 4960 praesenti
3306 4880 3624 4960 plc_rumquc

2033 4952 2313 5007 tolerantia
2336 4953 2520 5018 utitur,
2554 4952 2711 5023 longe
2735 4951 3024 5007 terribilior
3051 4951 3233 5023 utique
3261 4960 3345 5004 est
3382 4951 3459 5004 ira
3480 4965 3618 5005 ven-

2034 5032 2173 5095 tura.
2198 5024 2370 5094 Rogat
2397 5024 2555 5095 igitur
2580 5021 2825 5079 ne'nobis
2864 5021 3290 5095 irascatur_Deus
3320 5035 3416 5095 per
3447 5028 3620 5074 totum

2032 5093 2136 5149 hoc
2178 5091 2455 5171 siccatum,
2488 5109 2623 5150 neve
2663 5108 2693 5148 a
2732 5094 3076 5171 generatione
3126 5091 3227 5171 hac
3276 5091 3330 5171 in
3384 5091 3620 5171 futuram

2032 5167 2319 5220 transierat
2340 5166 2471 5220 iram
2502 5180 2688 5231 Suam;
2719 5161 2813 5220 sed
2840 5172 2899 5217 ut
2919 5179 2979 5216 ea
3003 5178 3102 5233 per
3125 5163 3243 5231 ejus
3271 5161 3618 5233 clementiam

2030 5236 2421 5305 exstinguatur.
2449 5236 2561 5302 Qua
2591 5237 2800 5290 ratione
2821 5231 3083 5305 autemet
3107 5231 3625 5305 quo_modc,_uobis

2032 5302 2239 5376 supinis
2269 5307 2335 5360 ad
2376 5307 2782 5362 conversionem
2816 5302 3191 5376 manentibus,
3223 5303 3273 5357 id
3311 5302 3619 5376 efﬁciatur,

2030 5373 2307 5454 sequentia
2329 5377 2779 5454 demonstranti].
2802 5375 2956 5454 psus,
2975 5386 3316 5454 tuconversus
3346 5373 3626 5454 viviﬁcabis

2031 5446 2125 5526 non
2142 5496 2158 5508 ,
2177 5458 2223 5501 et
2249 5448 2389 5526 pletis
2409 5457 2498 5502 tua
2526 5447 2778 5502 laetabitur
2802 5447 2853 5500 in
2878 5456 2961 5526 _te_.
3009 5446 3164 5500 Dices
3208 5446 3618 5526 conversionem

2033 5520 2126 5596 Dei
2157 5534 2279 5574 esse
2313 5518 2480 5596 illam,
2503 5534 2662 5589 quam
2690 5533 2790 5596 nos
2808 5516 3619 5596 exhibemus_,_conrersionein‘;

2031 5589 2125 5644 sed
2153 5588 2370 5659 proprie
2398 5603 2458 5644 ea
2483 5584 2566 5644 est
2586 5603 2744 5657 quam
2777 5588 2892 5659 ipse
2917 5603 3012 5656 pro
3037 5586 3196 5659 nobis
3217 5584 3433 5659 exhibet
3453 5600 3468 5639 :
3491 5584 3625 5659 dicit

2031 5654 2175 5736 rniin
2206 5676 2222 5713 :
2252 5654 2391 5714 Deus
2414 5700 2427 5723 ,
2456 5669 2508 5712 tu
2537 5654 3102 5736 conversus'viviﬁeabis
3142 5672 3254 5736 n_os.
3282 5654 3456 5736 Quod
3475 5655 3625 5710 clare

2031 5728 2334 5808 factumest
2357 5771 2386 5808 ,_
2405 5745 2525 5808 cum
2554 5731 2859 5785 incarnatus
2887 5727 2940 5808 et
2971 5731 3130 5782 homo
3160 5727 3351 5808 lactus,
3373 5727 3620 5808 .seipsum

2031 5815 2134 5874 pro
2159 5800 2313 5860 nobis
2338 5801 2529 5860 obtulit
2553 5841 2571 5874 ,
2598 5809 2653 5859 et
2680 5801 3085 5859 conversionem
3112 5806 3349 5855 nostram
3372 5800 3423 5853 in
3446 5800 3639 5860 seipse
