4104 6424
243 306 365 363 753

242 424 542 488 Dominus,
571 429 617 475 et
645 434 770 489 puer
796 434 964 481 mens,
990 433 1136 487 quem
1159 415 1286 487 elegi
1313 413 1462 489 (Isai.
1488 415 1579 489 ιβ.
1610 412 1720 487 10).
1750 413 1857 468 Te-

236 495 355 548 stis
387 486 563 563 porro,
582 486 757 563 ﬁdelis
789 490 912 559 jure
941 486 1406 563 dicebatur,__quia
1433 486 1608 563 verbis
1637 486 1861 563 operum

238 556 432 619 ﬁdem
466 561 668 617 addidit
694 578 708 615 :
732 556 917 614 verum
950 568 1074 613 ttmc
1103 558 1283 612 Davidi
1314 558 1451 612 Deus
1478 556 1861 627 pollicebatue,

239 650 386 689 cum
417 648 560 688 arcte
585 632 800 685 domum
827 644 1085 699 apparare
1108 628 1361 692 curabat;
1388 624 1634 682 sic'enim
1661 627 1771 681 ait:
1798 624 1865 677 Et

240 705 518 761 suscitabo
561 718 729 757 semen
766 711 907 754 tuum
938 710 1048 767 post
1086 710 1132 752 te
1151 739 1167 764 ,
1207 700 1293 768 qui
1328 699 1609 768 egredietur
1634 714 1661 751 e
1698 706 1865 750 ventre

240 785 370 842 tuo,
402 784 457 829 et
486 774 782 842 ynwparabo
813 786 1024 840 regnum
1057 771 1168 840 ejus
1196 767 1347 837 :ipse
1366 767 1634 842 ediﬁcaln't
1658 769 1865 842 domum

240 838 465 900 nomini
486 838 631 908 meo,
659 852 706 896 et
739 838 928 912 eriga'm
955 838 1192 894 thronum
1226 842 1335 912 ejus
1365 855 1524 912 usque
1546 840 1599 892 in
1624 838 1866 892 secutum

244 917 264 983 (
289 917 355 971 2.
397 918 528 986 Reg.
562 915 612 966 7.
644 913 731 969 12.
765 911 871 986 ιδ)
905 930 919 967 :
945 926 1127 965 semen
1158 911 1321 986 David
1346 911 1616 986 Christum
1646 917 1866 986 proritet

246 980 496 1041 carnem
522 998 735 1039 vocans.
767 980 1101 1052 Quapropter
1129 982 1206 1036 sic
1235 981 1514 1036 Matthmus
1542 980 1864 1052 Evangelia:

247 1073 383 1112 rum
433 1055 642 1110 initium
674 1047 899 1123 scripsit
933 1071 946 1107 :
984 1047 1497 1123 Libet-generationis
1524 1047 1866 1123 .Icsu‘Christi

246 1129 357 1198 filii
391 1127 568 1182 David
589 1166 622 1198 ,_
645 1125 737 1198 ﬁlii
777 1119 1037 1198 Abraham
1060 1125 1078 1194 (
1102 1119 1302 1198 ΜξιιιΙι.Δ
1407 1124 1433 1177 1
1459 1120 1501 1192 ).
1536 1122 1613 1177 De
1647 1119 1865 1198 Christo

290 1213 487 1268 noque
511 1198 585 1251 ait
604 1196 797 1268 Paulus
824 1211 838 1247 ε
866 1195 943 1248 De
962 1191 1197 1268 ﬁlioéejus
1214 1193 1302 1268 qui
1315 1194 1487 1268 [actus
1505 1202 1578 1268 est
1596 1191 1865 1268 ex_semine

243 1214 487 1323 Eloque
511 1214 585 1251 alt
604 1214 797 1251 rautus
824 1214 838 1247 :
866 1214 943 1248 ue
962 1214 1069 1262 [tuo
1088 1214 1197 1262 ejus
1214 1214 1300 1263 qut
1322 1214 1487 1261 laetus
1505 1214 1577 1276 est
1596 1214 1660 1247 ex
1676 1214 1864 1244 semme

305 1269 442 1323 avid
474 1267 748 1322 secundum
777 1282 978 1320 carnem
1007 1266 1025 1334 (
1052 1265 1200 1318 Rom.
1231 1265 1283 1319 1.
1311 1265 1347 1320 ὅ
1368 1266 1409 1334 ).
1441 1263 1618 1334 Hujus,
1643 1261 1864 1334 thronus

248 1342 411 1393 sicut
442 1338 523 1392 sol
551 1355 564 1392 :
592 1339 643 1392 in
672 1338 791 1391 luce
815 1335 956 1391 enim
985 1331 1206 1405 regnum
1237 1331 1490 1402 possidet.
1520 1333 1624 1390 Sed
1649 1342 1706 1388 ut
1731 1331 1863 1386 nihil

248 1412 523 1478 exigmnn
547 1409 613 1463 de
638 1408 754 1475 ipso
779 1407 1102 1478 imagineris,
1126 1406 1326 1478 adjicit,
1352 1405 1417 1459 In
1438 1415 1708 1478 conspectu
1724 1419 1865 1466 meo;

248 1481 309 1535 id
342 1476 459 1545 εἰει,
491 1479 712 1548 aequalis
736 1476 1044 1533 meo.’l|lnd
1073 1476 1216 1532 enim
1241 1476 1582 1548 ἕνκντιρνγιιοο
1603 1477 1720 1530 loco
1745 1488 1869 1548 pro-

252 1544 453 1620 pheta
480 1544 585 1603 non
631 1564 727 1618 pro
768 1548 1076 1603 adversario
1116 1548 1355 1620 accepit,
1385 1547 1481 1601 sed
1520 1561 1626 1620 pro_
1652 1544 1863 1620 aequali.

251 1616 483 1676 Etenim
525 1621 612 1674 ille
634 1616 779 1675 Vsicut
805 1620 920 1675 dies
949 1620 999 1673 in
1031 1616 1285 1673 saeculum
1314 1616 1551 1689 paratur.
1599 1616 1862 1689 Saeculum

248 1706 397 1747 vero
423 1732 441 1757 ,
487 1703 543 1745 ut
577 1706 720 1761 satpe
747 1691 977 1761 diximus
1001 1730 1015 1753 ,
1047 1699 1199 1744 vocat
1235 1686 1553 1761 praesentem
1583 1689 1745 1742 vitam
1763 1703 1783 1761 ;
1812 1686 1866 1739 in

249 1778 367 1833 qua
422 1778 530 1816 non
579 1758 756 1816 ut'sol
782 1804 794 1823 ,
828 1760 923 1833 sed
963 1771 1023 1814 ut
1062 1762 1186 1814 luna
1216 1758 1493 1833 perﬁcitur
1521 1774 1692 1833 :_nam
1732 1758 1871 1833 sicut

252 1829 391 1887 [una
426 1834 659 1903 eclipses
687 1832 943 1898 quasdam
973 1841 1026 1885 et
1051 1832 1434 1886 conversiones
1475 1831 1671 1903 habet,
1700 1829 1776 1883 sic
1815 1837 1869 1903 et

251 1903 475 1958 Christi
501 1900 665 1972 gloria
694 1904 745 1957 in
776 1903 1019 1971 praesenti
1042 1903 1178 1972 apud
1203 1902 1461 1969 quosdam
1488 1901 1703 1972 deﬁcit;
1728 1900 1869 1967 apud

253 1975 469 2043 impios
499 1971 780 2038 videlicet;
808 1973 947 2042 apud
975 1971 1089 2041 pios
1109 1984 1286 2029 autem
1307 1973 1593 2027 exaltatur.
1618 1971 1866 2043 Aliquam

250 2041 354 2098 do‘
379 2045 532 2099 enim
574 2046 716 2098 cedit
759 2041 1197 2114 persequentibus
1221 2085 1237 2108 ,
1283 2043 1646 2114 permittitque
1686 2041 1869 2114 fideles

252 2130 394 2170 suos
418 2117 649 2170 vinculis
666 2157 679 2177 ,
706 2111 1010 2169 carceribus
1031 2125 1085 2168 et
1110 2116 1267 2169 morti
1284 2111 1432 2169 tradi
1458 2133 1473 2169 :
1500 2114 1552 2167 id
1582 2111 1724 2182 quod
1750 2113 1865 2181 glo-

255 2188 359 2240 riae
408 2187 582 2257 ipsius
622 2185 852 2241 deft-otio
893 2200 1032 2257 esse,
1056 2195 1300 2257 putatur;
1351 2185 1636 2254 aliquando
1676 2187 1865 2257 iterum

254 2255 658 2327 persequentes
688 2258 977 2324 derepente
1005 2256 1179 2324 dejicit
1204 2296 1218 2318 ,
1248 2264 1303 2310 et
1331 2257 1382 2309 in
1411 2265 1615 2310 tantum
1644 2255 1864 2323 gloriam

254 2342 419 2382 suam
448 2327 641 2391 etfert,
672 2335 729 2381 ut
751 2340 846 2382 eos
874 2328 962 2397 qui
988 2342 1085 2395 pro
1117 2328 1230 2399 ipso
1250 2329 1560 2399 martyrium
1590 2328 1869 2382 subierunt

254 2400 387 2485 ipsi.
416 2400 793 2485 imperatores.
824 2396 1161 2453 venerentur.
1212 2396 1335 2485 Ideo
1476 2399 1726 2485 praesenti
1763 2399 1866 2479 vita

238 2468 469 2524 Christi
520 2484 739 2535 regnum
780 2468 919 2522 lunae
961 2477 1319 2534 comparatur.
1372 2470 1667 2538 Diapsalma
1708 2469 1869 2539 igitur

254 2541 538 2611 propheta
575 2539 878 2595 necessario
913 2538 1154 2611 induxit,
1193 2539 1317 2611 quia
1356 2555 1477 2595 cum
1519 2538 1774 2595 hactenus
1800 2555 1865 2594 ex

253 2609 507 2681 persmta
533 2611 623 2666 Dei
642 2611 799 2681 verba
825 2610 1123 2678 protulerit,
1143 2624 1284 2663 nunc
1304 2609 1418 2680 ipse
1437 2612 1669 2665 vicissim
1700 2611 1862 2665 Deum

249 2679 587 2750 alloquitur.
614 2682 705 2737 59.
737 2679 813 2734 Τιι
838 2696 953 2734 vero
980 2681 1206 2750 repuliin
1235 2691 1279 2734 et
1305 2679 1593 2751 despexisti.
1630 2683 1718 2737 Illa
1749 2697 1866 2751 per-

253 2763 529 2807 sonarum
555 2753 778 2807 mutatio
800 2751 1153 2821 simpliciores
1173 2751 1552 2821 obstupefacit;
1578 2753 1664 2807 illa
1690 2764 1863 2807 tamen

257 2822 554 2879 familiaris
584 2831 667 2877 est
699 2822 881 2877 Davidi
909 2862 925 2885 ,
962 2823 1080 2888 quia
1120 2837 1281 2877 scena
1321 2840 1479 2893 quam
1512 2826 1788 2892 psallendo
1813 2834 1867 2881 et

264 2894 542 2949 citharam
574 2893 830 2962 pulsando
856 2893 1149 2959 constituit,
1180 2893 1302 2948 huic
1324 2895 1609 2950 admodum
1640 2912 1868 2951 consen-

262 2975 423 3019 tanea
447 2975 556 3020 est.
585 2963 851 3020 Caeterum
872 2964 1023 3019 datas
1048 2964 1163 3034 illas
1189 2966 1568 3034 promissiones
1590 2966 1654 3020 ad
1681 2976 1867 3033 gentes

261 3044 522 3105 spectare
542 3078 557 3101 ,
591 3052 694 3090 non
724 3044 898 3090 autem
925 3033 1254 3106 angudaaOs,
1282 3051 1346 3089 ex
1377 3039 1440 3090 iis
1469 3052 1589 3106 qua:
1616 3053 1757 3092 nttnc
1780 3038 1863 3092 di—

261 3104 465 3161 cuntur
502 3106 760 3176 liquidum
798 3114 880 3159 est
923 3122 936 3158 :
978 3104 1107 3159 dicit
1144 3107 1287 3158 enim
1329 3104 1775 3176 illum—repulisse
1812 3120 1864 3164 et

263 3177 587 3248 despexisse
618 3176 923 3231 Iudaeorum
953 3176 1201 3248 p0pulum
1228 3218 1242 3239 ,
1274 3176 1322 3230 id
1351 3188 1431 3230 est
1455 3218 1470 3243 ,
1499 3178 1823 3248 vilipendere
1845 3219 1860 3235 .

263 3257 320 3303 et
361 3247 519 3304 nullo
550 3248 764 3317 dignum
805 3247 1129 3301 existimare.
1174 3248 1283 3314 Qua
1326 3247 1745 3304 ratittttefAudi
1775 3265 1864 3306 se-

262 3322 483 3384 quentia
508 3318 796 3374 :Distulisti
816 3317 1071 3390 Christum
1091 3327 1248 3390 tuum.
1273 3318 1398 3387 Ejus
1419 3335 1647 3390 namque
1663 3321 1862 3378 adven—

265 3399 378 3445 tum
405 3392 475 3446 ad
501 3400 712 3459 tempus
733 3389 997 3461 quoddam
1021 3389 1248 3462 distulit,
1281 3399 1461 3462 utpote
1486 3389 1606 3462 cuin
1631 3393 1726 3462 ipsi
1757 3410 1860 3449 non

264 3472 453 3518 essent
494 3461 643 3530 digiti
675 3470 727 3515 et
754 3460 932 3530 parati
969 3460 1034 3513 ad
1070 3460 1458 3528 accipiendum.
1494 3461 1612 3515 Non
1646 3460 1745 3520 hoc
1772 3481 1862 3519 so-

263 3533 549 3588 lummodo
566 3531 874 3587 dilationem
892 3540 944 3585 et
959 3531 1263 3586 Judaeorum
1281 3532 1588 3599 despectum
1606 3534 1860 3600 declarat,

263 3604 358 3658 sed
386 3606 558 3660 etiam
584 3618 645 3657 ea
668 3618 784 3672 qua:
807 3612 1123 3672 sequuntur.
1149 3603 1237 3656 40.
1265 3602 1498 3657 Evertiin
1518 3613 1862 3660 testamentum

261 3677 390 3729 servi
420 3676 522 3729 tui.
554 3674 705 3739 Quod
738 3681 1110 3728 testamentum
1131 3714 1144 3737 ,
1175 3682 1266 3727 aut
1293 3687 1414 3727 cum
1441 3676 1754 3742 quibusnam
1783 3677 1862 3731 l‘a-

260 3757 407 3801 ctum
441 3744 791 3810 cvertit,.nisi
820 3744 947 3798 illud
972 3743 1112 3814 quod
1139 3759 1258 3797 cum
1285 3744 1482 3798 Jnd:eis
1511 3756 1717 3813 pactum
1740 3750 1864 3802 est?

261 3833 384 3872 cum
415 3817 629 3873 scilicet
657 3817 833 3870 omnia
862 3830 981 3885 qua:
1010 3814 1149 3882 apud
1187 3814 1332 3882 ipsos
1361 3826 1512 3869 erant
1550 3817 1784 3878 delevit.
1811 3829 1866 3874 et

259 3888 452 3959 Iegalia
481 3887 695 3959 evertit,
722 3906 736 3941 :
760 3901 913 3959 Δψιοδ
942 3896 1117 3959 tamen
1146 3901 1285 3959 nunc
1319 3900 1502 3959 servos
1531 3897 1689 3942 vocat
1712 3930 1726 3951 ,
1756 3904 1862 3945 non

259 3956 419 4033 quod
435 3958 728 4033 praeceptis
756 3956 847 4033 Dei
875 3958 1130 4033 serviant,
1157 3956 1252 4011 sed
1279 3967 1339 4033 ut
1369 3957 1514 4010 illum
1544 3958 1609 4012 ad
1634 3961 1862 4033 commi-

258 4027 597 4085 serationem
627 4028 895 4098 pertrahat
916 4044 932 4082 :
955 4028 1218 4096 simulque
1240 4027 1448 4098 pigrum
1477 4044 1688 4098 servum
1713 4031 1861 4085 illum

258 4101 605 4160 subindieat,
628 4096 721 4171 qui
736 4098 1006 4171 talentum
1032 4096 1323 4171 abscondit,
1339 4097 1357 4171 (
1380 4097 1568 4171 Matth.
1599 4096 1687 4156 '25.
1715 4101 1786 4157 25
1812 4104 1859 4171 ),

260 4172 464 4241 quique
491 4169 680 4243 populi
720 4170 926 4243 Judaici
956 4169 1176 4243 ﬁguram
1207 4170 1441 4243 exhibet.
1485 4170 1782 4241 Profanasti
1808 4169 1862 4227 in

263 4239 401 4297 terra
438 4239 793 4296 summarium
828 4240 958 4311 ejus.
1003 4239 1118 4295 Non
1167 4250 1283 4311 eget
1326 4239 1428 4294 hoc
1464 4239 1859 4311 explicatione:

262 4327 387 4368 nam
411 4313 517 4367 sub
533 4313 774 4367 omnium
790 4311 959 4367 oculis
978 4312 1252 4381 profanum
1269 4312 1380 4381 jam
1399 4320 1481 4366 est
1502 4315 1861 4370 sanctuarium

260 4383 394 4439 illud
429 4383 738 4454 Judaeorum
759 4425 776 4448 ,
814 4383 957 4454 quod
982 4383 1049 4436 ab
1077 4383 1323 4454 omnibus
1351 4398 1455 4454 non
1488 4385 1658 4438 solum
1688 4384 1863 4438 homi-

258 4454 421 4509 nibus
441 4497 456 4520 ,
504 4452 601 4509 sed
640 4454 800 4508 etiam
825 4452 857 4506 ἐι
878 4452 1144 4522 jumentis
1174 4452 1459 4508 immundis
1486 4455 1741 4509 calcatur.
1770 4457 1858 4511 41.

258 4522 576 4598 Destruau'sti
605 4540 776 4578 omnes
801 4521 943 4598 sepes
966 4525 1093 4593 ejus.
1126 4521 1337 4598 Legalia
1365 4524 1537 4598 inquit
1558 4537 1824 4598 praecepta
1843 4569 1856 4591 ,

257 4610 382 4718 3m!)
414 4597 541 4666 jure
579 4610 737 4664 sepes
764 4593 1102 4665 appellantur
1122 4635 1136 4659 ,
1167 4596 1237 4647 ob
1274 4593 1702 4649 maledictionem
1734 4593 1861 4665 ipsis

298 4673 466 4718 aunt.
499 4681 620 4718 ante
649 4666 922 4718 soinarum
953 4666 1187 4718 sneciem
1220 4679 1328 4718 uno
1359 4680 1417 4718 se
1449 4666 1602 4718 ferat.
1638 4666 1861 4718 Posuisti

298 4673 466 4729 ataui,
499 4681 620 4737 quin
649 4666 1187 4737 spinarumspecietu
1220 4679 1417 4737 praise
1449 4666 1602 4721 ferat.
1638 4666 1863 4721 Posuisti

258 4732 592 4802 ﬁrmamenta
618 4732 729 4804 ejus
749 4732 1092 4807 formidinem.
1133 4732 1188 4787 In
1223 4732 1292 4807 iis
1332 4736 1460 4806 ipsis
1484 4777 1499 4803 ,
1529 4738 1725 4807 quibus
1762 4752 1859 4792 ceu

258 4807 616 4861 munimentis
642 4806 980 4861 conﬁdebant
1002 4846 1018 4869 ,
1062 4807 1113 4859 in
1136 4806 1321 4861 iisdem
1353 4822 1493 4862 nunc
1522 4806 1724 4863 mutata
1752 4811 1860 4862 rei-

260 4875 495 4950 publicae
526 4878 695 4931 forma
724 4878 1127 4950 pertimescunt,
1144 4878 1573 4950 nonimmolarc,
1596 4894 1702 4933 non
1727 4878 1860 4933 festa

258 4947 544 5017 celebrare
568 4990 586 5017 ,
628 4947 734 5002 non
771 4948 912 5002 aliud
948 4947 1218 5017 quidpiam
1255 4947 1424 5017 legale
1451 4951 1741 5004 observare
1766 4964 1862 5004 au-

260 5015 477 5089 dentes,
517 5015 610 5073 42o
641 5015 980 5089 Diripuerunt'
1004 5015 1116 5071 eum
1156 5015 1675 5089 omnestranseuntes
1702 5022 1857 5075 uiam.

259 5083 417 5143 Viam
447 5087 649 5144 dixeris
677 5083 812 5144 hanc
834 5090 996 5144 vitam
1023 5090 1130 5143 :ait
1157 5089 1298 5143 enim
1324 5088 1568 5145 Christus
1599 5092 1651 5144 in
1679 5091 1852 5146 Evan-

258 5159 416 5225 geliis
443 5177 459 5212 :
489 5159 614 5214 Esto
657 5160 919 5231 benevolus
960 5160 1246 5214 adversario
1283 5169 1402 5227 tuo,
1439 5162 1596 5216 donec
1622 5162 1778 5231 fueris
1802 5165 1855 5217 in

258 5243 346 5301 vta
365 5231 627 5301 eumipsa
650 5229 862 5301 (Matth.
886 5230 945 5286 ὅ.
965 5231 1079 5297 25).
1107 5231 1251 5285 lianc
1271 5229 1646 5301 pet-transeunt
1664 5248 1853 5288 onmes

256 5299 349 5371 qui
391 5300 443 5354 in
482 5299 756 5355 Christum
786 5302 1122 5356 crediderunt
1144 5342 1160 5366 ,
1194 5299 1558 5371 perfunctorie
1591 5314 1646 5358 et
1685 5304 1860 5359 obiter

259 5368 426 5422 vitam
450 5371 816 5442 decurrentes,
839 5382 895 5426 et
914 5371 1042 5426 nulli
1064 5368 1243 5427 rei-uin
1266 5374 1421 5442 hujus
1443 5374 1627 5428 mundi
1651 5373 1858 5431 haren-

256 5443 372 5514 tves,
401 5440 499 5493 sed
526 5441 675 5514 brevi
704 5442 849 5497 illam
874 5442 1082 5499 emetiri
1102 5440 1426 5507 festinantes
1445 5485 1459 5505 ,
1487 5459 1514 5494 a
1543 5444 1734 5514 quibus
1757 5444 1855 5499 ,ιυ-

257 5506 501 5584 όξωι-ιιιη
533 5512 697 5584 terget
726 5516 1018 5583 prophetae,
1046 5506 1186 5568 verre
1214 5530 1408 5584 nempe
1432 5506 1857 5578 diviti:c,subrc-

260 5583 366 5655 pta}
405 5590 549 5634 sunt.
593 5582 785 5638 Factus
825 5594 900 5638 est
939 5586 1268 5655 opprobrium
1307 5582 1483 5651 vicinis
1520 5586 1646 5655 suis.
1685 5586 1851 5640 Vicini

257 5644 563 5730 Iudaeorum
623 5658 815 5709 merito
865 5644 1094 5730 diciiuur
1138 5671 1154 5708 :
1198 5644 1438 5730 illosque
1473 5650 1854 5730 vituperabiles

257 5726 480 5776 omnino
520 5734 767 5793 putamus
789 5766 806 5794 ,
848 5726 970 5797 quia
1003 5740 1124 5782 cum
1155 5727 1300 5783 salus
1330 5742 1396 5782 ex
1426 5727 1557 5798 ipsis
1592 5736 1711 5782 orta
1741 5728 1849 5794 sit,

1549 295 1616 353 IN
1655 292 1981 352 PSALMUM
2018 292 2348 351 LXXXVIII.

1976 412 2203 469 salutem
2237 421 2413 470 tamen
2457 428 2710 484 consequi
2743 415 2950 471 nolunt.
2981 416 3074 472 45-
3107 415 3355 475 Exultadi
3382 423 3558 480 dexte-

1970 501 2085 539 ram
2113 484 2497 550 deprimentium
2524 501 2657 539 eum.

2040 557 2095 609 7.
2128 555 2307 627 Vides,
2340 570 2462 610 eum
2489 557 2556 610 de
2598 556 2663 610 iis
2698 556 2837 626 loqui
2868 597 2882 620 ,
2921 558 3013 627 qui
3052 557 3350 616 Romanum
3380 573 3558 621 tenent

1970 626 2250 695 imperium
2301 626 2445 702 ipsos
2468 629 2665 702 quippe
2685 626 3229 702 illam_(synagogam)
3254 631 3560 701 deprimere

1970 713 2130 773 nemo
2160 709 2267 773 non
2294 696 2437 773 videt
2456 696 2611 773 ;_imo
2636 699 2800 773 etiam
2823 696 3066 773 dextera,
3089 696 3143 754 id
3169 696 3251 755 est
3278 743 3292 768 ,
3318 696 3554 773 potentia

1969 767 2187 822 exaltati
2217 775 2342 840 sunt
2364 808 2380 830 ,
2408 767 2596 840 latiore
2623 767 2802 840 donati
2835 771 3059 840 imperio
3079 810 3094 831 ,
3124 787 3185 825 ex
3217 767 3561 840 quo'Judaao-

1969 854 2090 910 rum
2126 837 2396 910 regionem
2423 838 2726 908 depOpulati
2769 837 2924 894 sunt.
2945 837 3247 910 Lcti/icasti
3264 860 3435 901 omnes
3457 846 3559 900 ini-

1970 909 2127 962 micos
2147 910 2277 978 ejus.
2307 908 2361 962 Si
2391 920 2578 978 gentes
2598 918 2749 963 vocet
2768 910 3010 967 inimicos
3032 951 3048 974 ,
3072 908 3193 966 illas
3212 924 3359 969 certe
3382 916 3556 971 laetiti-

1970 979 2109 1054 cavit
2134 1017 2152 1044 ,
2178 992 2284 1033 non
2313 979 2617 1054 qupdillos
2652 979 3014 1054 devastaverit
3037 1023 3052 1046 ,
3093 983 3186 1054 sed
3220 984 3360 1054 quod
3404 988 3560 1045 nobis

1968 1051 2196 1123 gratiam
2221 1050 2538 1123 contulerit:
2567 1052 2649 1105 sin
2675 1050 2948 1123 da-monas
2968 1052 3108 1108 dicat
3127 1050 3369 1110 inimicos
3391 1099 3407 1123 ,
3436 1058 3555 1113 illos

1971 1119 2156 1191 utique
2184 1119 2477 1174 lmtiiicavit
2501 1161 2517 1185 ,
2550 1122 2803 1191 quoniam
2839 1137 2997 1177 manu
3028 1139 3122 1177 sua
3146 1124 3361 1180 Judteos
3387 1119 3558 1183 denu-

1970 1190 2152 1264 davit,
2197 1197 2258 1264 et
2279 1190 2608 1264 opportunos
2636 1191 2844 1264 insidiis
2879 1194 3076 1248 volenti
3102 1201 3293 1264 cuique
3319 1198 3557 1253 tradidit.

2093 1261 2323 1339 Avertiati
2353 1262 2662 1333 adjutorium
2687 1263 2845 1339 gladii
2874 1265 3006 1339 ejus.
3036 1265 3113 1339 Pii
3140 1261 3285 1322 certe
3313 1266 3411 1324 viri
3436 1270 3558 1339 gla-

1972 1333 2095 1385 dius
2119 1341 2201 1386 est
2224 1331 2313 1402 Dei
2347 1331 2708 1402 pra'ceptum':
2743 1334 2834 1388 illo
2873 1331 3015 1389 enim
3048 1335 3378 1391 adversaries
3410 1331 3561 1402 pote.

1970 1411 2137 1458 states
2158 1400 2537 1473 proﬂigamusi
2551 1405 2899 1473 quamobrem
2922 1405 3117 1461 Paulus
3136 1407 3343 1462 dicebat
3365 1424 3379 1462 :
3408 1400 3561 1466 Visus

1970 1474 2106 1550 enim
2126 1471 2290 1550 sermo
2323 1471 2454 1550 Dei._
2481 1485 2528 1550 et
2553 1471 2748 1550 uilicus,
2767 1485 2815 1550 et
2842 1477 3204 1550 penetrabilior
3225 1480 3360 1532 omni
3387 1481 3561 1550 gladio

1971 1544 2186 1621 ancipiti
2211 1542 2480 1621 (Πρω-κέ.
2505 1542 2616 1621 lg).
2639 1542 2867 1621 _(_iladius
2884 1556 3073 1621 autem
3105 1542 3410 1605 Judmorum
3436 1567 3560 1621 pro-

1977 1614 2122 1685 prius
2147 1614 2264 1669 erat
2287 1615 2368 1669 lex
2396 1614 2611 1739 Μοῖιείε.
2638 1616 2805 1687 Hujus
2831 1617 3153 1688 adjutorium
3184 1622 3411 1685 avertit;
3437 1614 3560 1691 ejus

1977 1685 2116 1739 enim
2157 1686 2447 1739 secundum
2511 1688 2693 1739 itcram
2741 1703 2893 1739 usum
2922 1688 3214 1739 abroaavit.
3266 1688 3336 1739 Et
3374 1708 3476 1739 non
3509 1709 3560 1739 ρι

1972 1685 2116 1759 enim
2157 1686 2447 1759 secundum
2487 1685 2693 1759 literam
2722 1685 3214 1759 ‘usum'abrogavit.
3266 1688 3336 1744 Et
3374 1685 3486 1746 non
3509 1709 3562 1747 es

1971 1757 2249 1810 auxiliatos
2272 1758 2317 1811 ei
2343 1757 2397 1811 in
2424 1756 2573 1812 bello.
2602 1759 2887 1823 Quonam?
2910 1759 2963 1812 In
2990 1756 3215 1829 eo'quod
3243 1772 3428 1817 contra
3455 1779 3557 1820 nos

1977 1838 2361 1903 susceperunt:
2389 1843 2534 1900 sa‘pe
2562 1843 2794 1903 nanujue
2808 1830 3090 1903 nobiscum
3118 1831 3335 1903 explege
3362 1843 3416 1888 et
3437 1849 3563 1903 pro-

1977 1897 2154 1974 phetis
2187 1907 2421 1974 pugnant
2439 1897 2582 1963 {sed
2613 1897 2849 1974 nouillis
2874 1901 3013 1974 Deus
3039 1942 3052 1961 .
3084 1901 3237 1974 nobis
3262 1897 3563 1974 autem'po-

1981 1968 2106 2033 tius,
2134 1970 2456 2040 scriptorum
2488 1971 2836 2039 patrocinium
2864 1970 3065 2040 praebet
3088 2014 3104 2039 ,
3133 1971 3258 2027 dum
3294 1974 3347 2028 in
3372 1968 3557 2029 eorum

1979 2040 2405 2116 accu_sati0netn,_
2432 2041 2483 2093 in
2498 2051 2745 2116 nostram
2772 2057 2906 2116 vero
2928 2040 3292 2116 defensionem
3314 2086 3329 2108 ,
3355 2046 3560 2116 scripta

1973 2110 2150 2166 onmia
2175 2112 2451 2178 pertrahit.
2483 2112 2570 2167 45.
2601 2111 2909 2167 Destruasisti
2948 2130 3060 2167 eum
3085 2113 3145 2166 ab
3175 2110 3556 2171 emundatione.

1972 2181 2340 2252 Quo‘pacto?
2368 2181 2511 2252 Lege
2546 2192 2786 2237 statuens
2843 2199 3020 2238 veram
3073 2185 3503 2240 emundatiouem
3537 2229 3553 2251 ,

1979 2250 2300 2320 baptismum
2332 2250 2554 2307 scilicet.
2578 2253 2967 2309 Emundatione
2987 2256 3130 2309 enim
3152 2255 3239 2310 illa
3261 2258 3554 2312 universali

1973 2321 2185 2395 indocta
2210 2338 2306 2395 per
2335 2323 2796 2393 praedicationem,
2828 2326 3232 2381 cmundatioues
3260 2326 3362 2379 illae.
3390 2329 3556 2395 parti-

1972 2392 2182 2464 culares
2203 2392 2507 2448 Iudaeorum
2535 2394 2745 2449 abolita:
2768 2406 2910 2450 sunt.
2941 2395 3298 2461 Quamobrem
3325 2392 3422 2464 pro
3441 2397 3556 2464 illo,

1971 2462 2297 2529 Destruxisti,
2329 2464 2492 2518 editio
2517 2465 2679 2519 Sexta
2704 2466 2878 2531 posuit
2906 2508 2920 2530 ,
2951 2465 3264 2521 Demersisti.
3292 2462 3559 2523 Turonum

1971 2535 2083 2604 ejus
2104 2537 2155 2607 in
2183 2534 2648 2607 teri-amcoltisisti.
2666 2535 2942 2591 Turonum
2959 2536 3164 2592 scilicet
3190 2537 3305 2592 sive
3328 2538 3555 2607 regium,

1970 2607 2085 2659 sive
2128 2605 2441 2671 doctrinale,
2469 2608 2581 2661 sive
2624 2608 2955 2663 sacerdotale
2996 2608 3227 2671 dixeris;
3260 2609 3310 2663 hi
3352 2605 3558 2665 scilicet

1970 2690 2161 2748 omnes
2186 2677 2358 2748 throni
2383 2676 2688 2732 Judaeorum
2716 2679 2971 2734 destructi
2996 2689 3151 2744 sunt;
3186 2678 3413 2748 ideoque
3441 2680 3559 2734 col-

1972 2747 2054 2801 lisi
2083 2746 2244 2819 fuisse
2274 2747 2524 2819 dicuntur
2549 2748 2602 2802 in
2627 2759 2822 2804 terram
2848 2791 2862 2812 ,
2888 2750 2976 2803 ubi
3007 2749 3216 2804 illorum
3238 2746 3391 2819 reges
3413 2789 3433 2817 ,
3463 2766 3556 2804 sa-

1971 2818 2218 2872 cerdotes
2259 2828 2312 2871 et
2350 2818 2600 2874 doctores
2644 2834 2862 2874 sensum
2900 2820 3119 2874 al‘lixum
3157 2818 3408 2877 habuere.
3461 2820 3552 2879 46.

1972 2887 2031 2961 Μ
2035 2890 2245 2942 inorain
2256 2889 2378 2961 dies
2399 2890 2636 2958 temporis
2659 2891 2800 2961 ejus;
2823 2895 2940 2961 perf
2938 2890 3090 2943 udiin
3109 2906 3223 2944 eum
3237 2891 3553 2959 confusione.

1971 2958 2154 3028 Neque
2180 2960 2322 3031 enim
2352 2960 2560 3013 illorum
2590 2958 2886 3029 respublica
2910 2958 3122 3029 semper
3147 2958 3360 3026 mansit,
3385 2977 3558 3031 neque

1971 3029 2415 3097 quemadmodum
2450 3031 2685 3085 Ecclesia
2714 3045 2781 3085 ex
2814 3031 3096 3099 gentibus,
3129 3047 3296 3100 usque
3331 3032 3396 3085 ad
3426 3029 3556 3087 con-

1971 3101 2380 3171 sumtnationem
2407 3101 2587 3156 saeculi
2616 3100 2731 3171 lege
2761 3102 2989 3157 stabilita
3019 3101 3119 3156 fuit
3148 3120 3159 3153 :
3188 3118 3287 3170 qua
3307 3103 3373 3157 de
3394 3118 3553 3158 causa

1966 3169 2088 3238 jttre
2126 3171 2439 3225 confusione
2484 3169 2684 3240 perfusi
2719 3172 2985 3226 dicuntur.
3029 3169 3215 3226 Palam
3246 3182 3331 3228 e‘t
3377 3185 3555 3229 autem

1971 3243 2100 3308 ipsis
2139 3245 2211 3296 ob
2255 3243 2588 3310 iniquitatem
2636 3253 2845 3311 tempus
2884 3243 3188 3311 reipublicae
3219 3244 3554 3304 imminutum

1972 3311 2173 3384 fuisse:
2210 3313 2259 3366 id
2288 3322 2464 3367 atttetn
2500 3314 2736 3367 indicant
2760 3330 2822 3367 ea
2853 3329 2971 3382 qua:
2998 3314 3147 3367 circa
3168 3315 3424 3384 templum
3452 3315 3556 3370 Sa~

1971 3382 2171 3437 Iomoni
2203 3384 2342 3438 Deus
2369 3384 2685 3453 signiﬁcavit
2710 3401 2724 3439 :
2758 3385 2817 3436 St
2846 3385 3007 3437 aversi
3052 3386 3249 3453 [ueritis
3268 3382 3356 3439 uos
3384 3395 3429 3440 et
3458 3386 3555 3455 ﬁlii

1969 3456 2117 3508 vestri
2147 3472 2178 3507 a
2209 3471 2304 3522 me,
2331 3465 2374 3508 et
2395 3455 2724 3509 adoraveritis
2749 3455 2868 3509 deos
2896 3454 3110 3513 alienos.
3132 3457 3360 3523 auferam
3387 3454 3555 3512 Israel

1972 3525 2035 3577 de
2055 3535 2207 3591 terra,
2240 3543 2392 3589 quant
2417 3525 2533 3580 dedi
2556 3527 2627 3580 eis
2658 3542 2673 3578 :
2701 3534 2746 3579 et
2775 3526 2979 3579 domum
3008 3527 3160 3593 hanc,
3187 3542 3339 3596 quam
3362 3528 3555 3581 sancti-

1971 3596 2117 3668 βίαιιὶ
2133 3598 2327 3650 nomini
2342 3613 2470 3668 meo,
2487 3596 2721 3664 objiciunt
2741 3613 2773 3648 a
2787 3597 2918 3666 facie
2934 3597 3126 3668 meat5.
3143 3596 3330 3668 Reg._9.
3349 3599 3404 3668 6)
3442 3598 3555 3652 Dia-

1972 3666 2173 3735 psalma
2209 3667 2538 3737 pmphctiam
2563 3669 2866 3724 necessario
2881 3666 3096 3736 excipit,
3111 3667 3231 3735 quia
3248 3666 3554 3724 ludit-orum

1974 3754 2199 3805 persona
2231 3739 2410 3792 relicta
2436 3775 2458 3807 ,
2501 3753 2596 3807 pro
2634 3739 2881 3808 universo
2924 3752 3121 3808 genere
3162 3739 3396 3793 humano
3420 3754 3551 3808 sup-

1970 3808 2309 3879 plicatioiicm
2338 3806 2534 3863 emisit.
2553 3809 2641 3862 47.
2672 3807 2961 3879 Usquequo,
2983 3806 3217 3873 Domine,
3245 3806 3553 3865 averteris’in

1970 3878 2516 3948 ﬁnem7Aversionettt
2544 3879 2599 3951 in
2619 3878 2777 3933 tinctu
2796 3880 3020 3951 appellat
3047 3889 3243 3951 tantam
3271 3882 3555 3949 procrasti-

1972 3951 2239 4005 nationem
2269 3952 2530 4006 adventus
2554 3948 2876 4006 Servatoris.
2893 3948 3074 4019 Neque
3097 3950 3237 4004 enim
3264 3948 3367 4004 alio
3392 3953 3554 4007 modo

1968 4037 2140 4092 genus
2165 4032 2406 4076 nostrum
2434 4019 2779 4077 miseraturus
2807 4030 2917 4074 erat
2945 4021 3185 4092 Creator,
3203 4036 3362 4092 quam
3395 4022 3449 4075 in
3467 4036 3552 4078 se-

1970 4090 2142 4162 ipsum
2165 4092 2491 4146 assumendo
2517 4093 2779 4161 primitias
2797 4090 3554 4162 conspersionis.’Exardeseet

1969 4161 2099 4218 sicut
2123 4164 2254 4234 ignis
2279 4164 2358 4216 ira
2388 4174 2474 4215 tua
2500 4179 2517 4216 :
2547 4162 2596 4216 id
2627 4170 2709 4216 est
2730 4203 2746 4228 ,
2784 4169 3067 4234 consumet
3101 4176 3194 4234 eos
3220 4203 3237 4227 ,
3265 4165 3364 4234 qui
3379 4161 3552 4233 ipsum

1967 4231 2380 4305 congregarunt.
2422 4234 2554 4305 Illud
2585 4234 2727 4287 enim
2759 4242 2844 4305 est
2874 4233 2977 4305 igni
3007 4232 3299 4305 proprium.
3326 4231 3433 4288 Cu‘r
3454 4249 3553 4287 an-

1970 4302 2206 4360 tem‘non
2234 4304 2402 4371 dixit,
2427 4303 2674 4367 Exarsit,
2705 4303 2803 4359 sed
2824 4344 2841 4370 ,
2876 4302 3184 4358 Exardescet
3212 4303 3239 4359 .9
3264 4305 3399 4373 Quia
3428 4320 3549 4371 pec-

1968 4378 2215 4432 cantibus
2249 4376 2423 4441 nobis,
2444 4376 2584 4430 Deus
2609 4375 2874 4440 irascitur,
2892 4384 2947 4426 ut
2975 4384 3144 4442 pater,
3171 4374 3264 4429 sed
3290 4375 3552 4445 patienter

1972 4449 2184 4515 tolerat,
2202 4448 2379 4502 donec
2403 4461 2502 4501 nos
2526 4452 2805 4516 peccatum
2835 4457 3058 4516 peccato
3086 4445 3362 4516 addentes,
3383 4446 3550 4499 vehe-

1970 4514 2286 4573 mentiorem
2308 4531 2372 4571 ac
2400 4514 2774 4570 fervéntiorem
2800 4516 2933 4569 iram
2959 4514 3024 4568 ad
3048 4515 3306 4570 ultionem
3335 4516 3385 4568 in
3419 4523 3555 4571 tein-

1970 4604 2100 4659 pore
2115 4589 2373 4658 gehennte
2391 4585 2723 4659 inferendum
2743 4586 3120 4642 accendamus.
3153 4586 3243 4659 ιβ.
3263 4585 3550 4641 Memorare

1969 4656 2084 4728 qua:
2123 4656 2242 4712 'mea
2288 4659 2583 4712 substantia.
2617 4657 2785 4715 Fluxa
2830 4670 3021 4725 nempe
3057 4666 3126 4728 ct_
3150 4656 3269 4728 vilis
3293 4672 3308 4711 :
3333 4672 3455 4728 nam
3486 4672 3550 4712 ex

1970 4724 2110 4785 tena
2135 4745 2319 4785 sumus
2344 4771 2356 4791 ,
2382 4737 2437 4801 et
2461 4728 2513 4801 iu
2540 4736 2743 4801 terram
2760 4724 3076 4801 revertimur
3106 4724 3126 4801 (
3157 4725 3285 4781 Gen.
3310 4728 3362 4783 5.
3395 4727 3462 4784 i9
3487 4728 3553 4799 );

1968 4801 2196 4872 ideoque
2225 4800 2552 4872 providentia
2575 4810 2661 4872 tua
2681 4798 2747 4872 ad
2762 4797 3159 4872 reformandum
3176 4813 3286 4872 nos
3309 4797 3548 4872 egemus;

1972 4872 2022 4925 id
2074 4867 2236 4941 quod
2264 4870 2540 4940 sequentia
2579 4870 2881 4941 signiﬁcant
2907 4886 2926 4941 4:
2960 4867 3223 4941 Numquid
3264 4867 3396 4922 enim
3427 4884 3554 4924 sane

1968 4939 2150 4996 creasti
2168 4939 2353 4996 omnes
2368 4941 2503 5011 ﬁlios
2522 4941 2782 4994 hominum
2811 4940 2836 4996 7
2867 4939 2919 4994 Id
2945 4947 3029 5011 est
3051 4979 3066 5005 ,
3092 4939 3193 5011 non
3218 4949 3278 4996 ut
3302 4941 3555 4995 transito-

1969 5013 2106 5067 rium
2128 5028 2263 5082 opus
2289 5009 2533 5067 homines
2559 5012 2723 5066 fecisti
2750 5053 2765 5077 ,
2800 5021 2855 5064 ut
2882 5010 3054 5065 solum
3085 5009 3364 5065 videantur
3384 5049 3405 5077 ,
3426 5024 3545 5082 per:

1954 5085 2093 5139 inde
2113 5081 2272 5153 atque
2296 5093 2490 5138 caetera
2511 5083 2756 5153 animalia
2772 5122 2787 5148 ,
2815 5091 2872 5153 et
2900 5092 3080 5148 posma
3120 5082 3431 5153 deleantur;
3455 5081 3550 5137 sed

1970 5164 2026 5209 ut
2053 5171 2162 5225 prae
2176 5151 2432 5208 omnibus
2446 5153 2671 5225 opificiis
2701 5152 2971 5225 eﬂulgeat,
2990 5158 3044 5204 et
3065 5161 3121 5205 nt
3144 5151 3431 5225 creationis
3448 5153 3553 5225 uti-

1967 5222 2090 5281 litas
2115 5226 2473 5294 dignoscatur.
2493 5224 2644 5278 Nunc
2672 5232 2850 5294 autem
2868 5222 3256 5294 ineunti-arium
3281 5237 3367 5275 res
3383 5223 3559 5294 cedit;

1966 5299 2085 5366 ipso
2112 5290 2207 5366 per
2230 5306 2456 5366 mortem
2483 5297 2756 5366 exstincto
2772 5311 2785 5346 :
2807 5290 2917 5366 hoc
2933 5292 3077 5366 enim
3099 5292 3353 5366 propheta
3381 5292 3435 5346 in
3459 5308 3551 5349 se-

1963 5363 2250 5439 quentibus
2279 5365 2542 5436 deplorat.
2577 5364 2668 5419 49.
2718 5363 2843 5439 Quis
2871 5372 2945 5416 est
2980 5364 3165 5439 lionto_,
3196 5363 3284 5433 qui
3305 5364 3475 5439 uiuet,
3504 5373 3554 5439 et

1928 5474 1935 5487 ε
1964 5433 2065 5493 non
2087 5437 2271 5492 uidebit
2297 5433 2680 5499 mortem,eruet
2700 5436 2922 5487 animant
2940 5448 3086 5487 suam
3104 5434 3170 5486 de
3195 5449 3344 5486 manu
3362 5433 3553 5502 inferi?

1965 5509 2021 5562 In
2051 5522 2239 5563 omnes
2265 5548 2278 5571 ,
2312 5507 2481 5576 inquit
2507 5547 2522 5568 ,
2547 5505 2852 5560 dominatur
2873 5503 3359 5576 ntortisﬁdecretnm
3394 5521 3407 5555 :
3439 5519 3552 5556 oin-

1964 5580 2111 5634 nium
2135 5579 2327 5632 auiuue
2347 5618 2363 5642 ,
2387 5572 2554 5631 etiam
2576 5577 2842 5643 justorum
2865 5614 2881 5639 ,
2910 5574 2962 5628 in
2996 5573 3177 5629 inferis
3193 5572 3507 5627 detinentur
3531 5587 3547 5603 ο

1961 5659 2017 5705 et
2043 5648 2285 5718 imaginis
2308 5663 2427 5717 qua:
2444 5649 2495 5701 in
2519 5646 2672 5718 nobis
2690 5654 2773 5700 est
2792 5645 3142 5718 dignitasper
3162 5644 3350 5718 mortis
3373 5656 3554 5718 tyrano

1963 5721 2143 5774 nidem
2153 5713 2412 5787 corrupta
2440 5728 2541 5771 est.
2570 5717 2662 5770 llis
2678 5713 2880 5785 passim
2893 5715 3071 5787 verbis
3088 5713 3346 5787 prophcta
3365 5713 3552 5773 utitur.

1965 5801 2022 5847 ut
2050 5786 2349 5847 Senator-is
2363 5789 2647 5844 adventum
2664 5788 2947 5846 acceleret.
2969 5786 3139 5843 Nemo
3163 5786 3307 5841 enim
3329 5800 3358 5840 ιι
3380 5796 3552 5841 murta
