4104 6418
540 353 641 408 759

535 467 697 521 etiam
727 470 931 519 natum
952 463 1070 532 jura
1111 462 1417 530 ignorantes
1446 476 1457 512 :
1493 458 1629 532 mitis
1659 459 1861 532 quippe
1909 469 1964 532 et
1995 457 2130 513 ﬁlias

535 548 748 596 nostras
775 529 1056 589 dmmoiiiis
1084 529 1495 585 inunolavimns.
1530 531 1614 584 16.
1649 529 1712 582 Et
1732 530 1920 598 respice
1947 530 1996 582 in
2023 547 2132 583 aer-

535 626 621 662 ros
661 617 774 661 tuos
804 618 847 660 et
875 607 928 658 in
961 620 1114 673 opera
1154 614 1260 661 tua.
1305 611 1349 656 et
1379 603 1541 671 dirige
1564 602 1701 665 ﬁlios
1727 616 1919 673 eorum.
1946 601 2122 673 _\’ides

537 694 747 733 rursum
802 671 1071 747 quomodo
1115 674 1411 727 orationem
1459 673 1780 741 resumpsit?
1823 671 1960 747 Quid
2009 686 2134 747 v_ero

541 741 833 818 precatur?
859 747 925 802 Ut
953 747 1096 800 Deus
1128 760 1222 798 nos
1248 756 1301 798 et
1324 759 1485 818 opera
1514 754 1690 796 nostra
1733 743 2002 818 respiciat.
2031 741 2135 796 [lc-

537 813 726 890 éqiiciet
753 828 930 873 autem
961 827 1153 890 uos,_et
1181 825 1238 868 ut
1267 813 1513 886 proprios
1543 827 1727 890 servos
1751 813 1987 890 habebit,
2010 827 2131 890 cum

542 885 661 960 ejus
708 891 808 956 legi
841 891 968 960 (hoc
1009 888 1150 942 enim
1196 885 1471 940 servorum
1521 886 1793 954 proprium
1839 887 1943 953 est)
1973 885 2133 938 obse-

539 973 763 1032 quentes
789 962 1079 1032 fuerirnus;
1112 969 1236 1032 tunc
1281 973 1397 1032 nos_
1417 967 1487 1032 et
1508 971 1669 1023 Opera
1714 965 1916 1018 ttOstra,
1950 964 2133 1032 utpote

542 1026 698 1095 nam.
735 1032 1003 1100 respicere
1028 1029 1352 1099 dignabitur.
1385 1028 1582 1096 Diriget
1625 1037 1938 1100 auteuruos
1979 1037 2031 1078 et
2065 1026 2131 1077 t'i-

543 1108 643 1159 lios
677 1097 890 1158 nostros
935 1097 1198 1160 carnales.
1234 1101 1342 1153 imo
1385 1100 1546 1153 etiam
1592 1097 1918 1165 spirituales,
1948 1105 2132 1165 utpote

542 1177 637 1245 qui
687 1191 714 1228 a
766 1172 924 1228 bonis
968 1171 1107 1226 bona
1138 1170 1452 1245 didicerint,
1484 1168 1671 1245 videns
1701 1183 1804 1245 eos
1832 1167 2134 1245 _l)_eiﬁd_ireo

540 1237 719 1301 ctione
745 1245 936 1314 dignos
961 1257 1097 1296 esse.
1129 1241 1214 1297 l7.
1245 1239 1308 1294 Et
1331 1241 1393 1294 sit
1419 1239 1659 1310 splendor
1691 1237 1901 1314 Domini
1931 1237 2024 1291 Dei
2043 1254 2135 1291 no-

539 1319 632 1372 stri
661 1311 940 1385 super—nos,
963 1323 1011 1367 et
1030 1329 1186 1385 opera
1212 1328 1450 1385 manuum
1479 1311 1956 1385 nostrarunidirige
1983 1325 2137 1385 super

542 1405 654 1442 nos.
683 1381 738 1442 Si
770 1381 1202 1458 splcuilore’Dei,
1247 1381 1598 1437 illustratione
1625 1381 1872 1458 videlicet
1902 1381 2134 1458 Spiritus

541 1459 733 1521 sancti,
765 1451 1067 1526 dignemur,
1097 1453 1740 1526 cujusconsortessancti
1774 1461 2003 1526 suamet
2033 1451 2133 1521 ipsi

541 1522 882 1599 Splendorein
912 1527 1146 1580 habuere
1164 1522 1184 1580 ’ξ
1213 1525 1286 1578 ait
1315 1525 1456 1578 enim
1489 1541 1501 1577 :
1535 1523 1599 1599 In
1628 1522 1978 1599 splendoribas
2007 1539 2132 1599 san-

543 1594 740 1653 eiei-“tun
797 1611 1038 1661 tuorum;
1099 1612 1162 1650 ea:
1208 1605 1347 1649 utero
1405 1605 1522 1648 ante
1570 1596 1836 1665 luciferum
1889 1594 2039 1664 genui
2090 1601 2138 1645 te

544 1672 716 1741 (Psal.
746 1670 871 1726 109.
904 1666 959 1742 5)
987 1685 1002 1722 :
1039 1667 1207 1742 Opera
1237 1677 1932 1742 manuumnostrarum,seu
1962 1665 2134 1717 actio-

546 1735 662 1814 nes,
704 1757 863 1814 super
888 1735 1014 1814 nos,
1050 1738 1102 1794 id
1144 1746 1351 1814 estpro
1381 1737 1554 1814 nobis,
1599 1752 1646 1814 a_
1672 1735 2132 1814 Deo_diriguntt_tr_',

547 1806 1159 1881 sic'sccuudumlegem
1201 1809 1269 1881 ab
1308 1809 1422 1881 ipso
1449 1808 1941 1881 diSpnsiuc,_itaut
1981 1806 2136 1881 nobis

547 1884 752 1940 dicatur
783 1881 835 1937 id
863 1881 1005 1952 quod
1034 1877 1288 1951 apostolis
1317 1877 1516 1952 dictum
1536 1877 1547 1879 ⁷
1569 1879 1700 1933 fuit:
1734 1877 1824 1933 Sic
1848 1877 2010 1952 luceat
2049 1879 2138 1930 lux

549 1966 708 2008 uestra
733 1947 904 2008 coram
931 1947 1239 2016 hominibus,
1279 1960 1332 2002 ut
1363 1950 1566 2005 videant
1601 1965 1756 2019 opera
1793 1959 1958 2019 vestra
1983 1947 2134 2011 bona,

547 2037 592 2080 et
621 2026 900 2094 gloriﬁcent
926 2022 1132 2077 Patrem
1161 2030 1379 2076 vestrum
1398 2021 1484 2091 qui
1512 2017 1726 2094 iacietis
1741 2029 1824 2094 _e_st
1843 2017 1923 2092 (51
1929 2020 2055 2094 attlt.
2079 2019 2134 2074 5.

547 2089 657 2169 l6).
693 2089 761 2150 Et
785 2112 912 2169 opus
944 2109 1188 2169 manuum
1218 2089 1503 2169 nostrarum
1529 2091 1708 2169 dirige.
1739 2089 1872 2144 Nam
1899 2092 2137 2169 eleemo-

546 2161 732 2239 syuam
769 2161 1364 2236 psalmista‘subindicat
1393 2181 1410 2239 :_
1435 2165 1552 2239 ipsa
1574 2161 1718 2216 enim
1755 2171 2002 2239 estopus
2026 2161 2139 2239 exi-

547 2232 709 2294 mium
741 2232 991 2293 tnanuutn
1026 2246 1367 2298 nostrarum;
1399 2234 1626 2304 ideoque
1653 2249 1722 2287 ex
1752 2234 1935 2287 multis
1958 2232 2138 2304 aperi:

549 2311 646 2380 bus
675 2326 793 2380 quae
812 2311 874 2362 in
908 2305 1340 2380 pr.ecedentibus_
1356 2301 1601 2380 versibus
1629 2301 2138 2380 memoravittillud

544 2376 764 2450 delegit,
809 2390 866 2434 ut
895 2376 1163 2462 pmpriam
1201 2377 1512 2448 dignitatem
1544 2377 1906 2462 electumque
1928 2376 2134 2462 tribue-

537 2461 649 2514 xret,
672 2445 840 2522 quam
871 2445 1431 2522 sireierccamu'sﬁnou
1454 2446 1730 2522 modicum
1761 2445 2029 2522 carpimus
2052 2445 2138 2499 lu-

549 2517 722 2588 crum',
754 2521 1175 2575 misericordiam
1215 2519 1421 2573 scilicet
1452 2518 1542 2572 Dei
1590 2519 1814 2586 ejusque
1856 2517 2139 2586 indulgen-

550 2595 675 2646 tiam
708 2611 720 2648 :
753 2608 873 2646 nam
901 2591 1048 2645 Beati
1081 2589 1446 2654 misericordes,
1473 2588 1712 2659 quoniam
1734 2589 1834 2658 ipsi
1856 2591 2141 2642 misericor-

548 2665 687 2716 diam
712 2671 1078 2733 consequentur
1099 2659 1387 2733 (Mallius.
1419 2659 1496 2733 (5).

553 2735 689 2788 Laus
711 2729 892 2789 cantici
923 2729 1283 2798 Davidi;sine
1320 2730 1670 2800 inscriptione
1689 2729 1827 2799 apud
1863 2730 2136 2786 llebrwos.

1181 2803 1427 2857 Psalmus
1455 2817 1542 2857 xc.

621 2879 674 2934 1.
715 2876 816 2931 Alii
844 2876 1162 2944 interpretes
1189 2875 1456 2929 l‘salmum
1489 2875 1628 2928 hunc
1656 2873 1772 2928 sine
1797 2873 2144 2944 inscriptione

550 2947 768 3003 habent.
800 2946 1065 3003 Cmterum
1096 2960 1200 2999 non
1233 2945 1353 2999 ideo
1375 2944 1687 3015 negligenda
1720 2945 1996 3014 inscriptio
2019 2954 2136 3007 est;

551 3035 734 3074 verum
783 3019 859 3073 illi
904 3021 1108 3073 lucrere
1153 3015 1422 3071 convenit.
1467 3015 1566 3069 Est
1611 3015 1752 3070 enim
1793 3015 2140 3087 Septuaginta

549 3092 924 3161 interpretum,
958 3089 1046 3159 qui
1089 3097 1273 3161 mutuo
1310 3101 1576 3142 consensu
1607 3102 1719 3161 rem
1747 3084 1908 3161 sibi'a
1937 3084 2140 3155 Spiriiu

547 3157 938 3232 suppeditatum
964 3157 1424 3232 A‘declaraverunt,
1455 3172 1570 3232 quo
1618 3157 1790 3232 ducti_
1821 3166 2139 3232 praesentem

549 3227 820 3286 Psalmurn
854 3230 1057 3286 laudem
1091 3230 1272 3283 cantici
1296 3227 1482 3282 Davidi
1524 3227 1829 3284 necessario
1855 3227 2144 3298 inscripse-

550 3313 693 3357 runt.
720 3303 868 3358 llauc
895 3303 1037 3356 enim
1066 3302 1182 3371 ejus
1213 3300 1498 3354 melodiam
1535 3300 1817 3370 diligenter
1851 3299 2138 3354 admodum

548 3375 893 3429 considerare
920 3381 1156 3443 oportet,
1188 3380 1373 3443 utpote
1411 3387 1531 3443 qum
1559 3385 1751 3443 magna
1779 3371 2140 3443 etmirabilia

547 3441 1033 3514 complectatur-fl.
1069 3443 1166 3507 Qui
1197 3442 1388 3495 habitat
1420 3442 1475 3514 in
1500 3441 1756 3514 adjutorio
1792 3441 2142 3514 Altissimi,in

550 3512 855 3584 protectione
893 3514 989 3567 Dei
1018 3514 1125 3568 cccli
1153 3513 1558 3567 commorabitur.
1595 3512 1930 3584 Adjutorium
1972 3513 2142 3567 Altis-

549 3583 669 3640 Simi
710 3595 835 3641 sunt
880 3588 996 3655 ejus
1047 3586 1208 3655 leges,
1251 3600 1369 3654 qua:
1403 3585 1539 3638 data:
1577 3593 1704 3637 sunt
1732 3583 1803 3655 in
1844 3583 2139 3638 subsidium

538 3667 791 3712 'uostrum
814 3653 998 3712 contra
1029 3653 1277 3710 inimicos
1300 3655 1609 3710 invisibiles.
1646 3657 1700 3708 In
1729 3653 1831 3709 hoc
1860 3655 2020 3725 igitur
2046 3655 2142 3708 ha-

540 3731 704 3794 ‘lutat,
729 3729 815 3798 qui
853 3728 1144 3798 secundum
1179 3727 1296 3795 ejus
1329 3741 1548 3795 scopum
1577 3727 1737 3779 vitam
1767 3727 2012 3798 instituit.
2045 3726 2140 3780 l-lic

545 3799 614 3854 In
675 3797 979 3868 protectioue
1031 3797 1126 3851 Dei
1183 3798 1294 3851 acii
1357 3799 1786 3862 commorabitur;
1848 3798 1900 3851 in
1959 3797 2140 3852 futuro

544 3869 1208 3925 scilicetmontubernalis
1241 3869 1382 3923 enim
1432 3869 1533 3923 erit
1575 3869 1703 3934 Deo,
1751 3876 1806 3922 et
1845 3868 1898 3922 in
1945 3869 2138 3923 eodem

551 3941 850 3996 habitaculo
897 3957 1018 3996 cum
1055 3941 1170 3994 εαξιὶ
1205 3938 1404 4010 Opitice
1433 3939 1885 4006 commorabitur;
1923 3940 2036 4010 sive
2072 3939 2141 3993 ab

548 4012 664 4080 ipso
693 4012 821 4078 Deo,
859 4028 964 4065 non
991 4013 1057 4065 ab
1083 4008 1264 4081 aliquo
1299 4011 1512 4080 Opiticio
1541 4019 1868 4080 protegetur.
1905 4010 1960 4064 2.
1991 4008 2140 4063 Dicet

547 4081 768 4136 Domino
805 4098 824 4136 .'
853 4083 1129 4151 Snsceptor
1165 4099 1304 4136 meus
1331 4099 1382 4135 es
1409 4091 1454 4134 et
1485 4081 1741 4152 refugium
1770 4097 1958 4148 meum,
2003 4081 2138 4135 Deus

532 4169 708 4222 meus,
739 4163 786 4207 et
815 4152 1026 4222 sperabo
1070 4154 1122 4206 in
1154 4169 1287 4206 eum.
1334 4152 1522 4206 Merito
1560 4161 1746 4218 certe;
1780 4167 1904 4206 nam
1934 4153 2024 4222 qui
2053 4166 2143 4207 se-

545 4223 778 4278 cimdnm
807 4235 1079 4294 praecepta
1111 4223 1199 4278 Dei
1227 4233 1490 4287 versatur,
1535 4222 1623 4276 ille
1654 4232 1712 4276 ut
1737 4237 1962 4292 sperans
1988 4224 2049 4294 in
2068 4224 2137 4276 il-

545 4295 655 4350 lum
686 4293 1017 4351 conﬁdenter
1049 4297 1176 4365 agit,
1221 4305 1275 4349 et
1306 4302 1660 4362 protectorem
1702 4309 1825 4348 eum
1853 4293 2134 4357 obtinebit,

545 4381 668 4422 cum
709 4367 868 4435 stabit
914 4377 1098 4421 contra
1145 4366 1450 4435 spirituales
1499 4365 1714 4424 hostes;
1761 4368 1844 4418 sin
1895 4365 2139 4420 infirmus

544 4433 913 4503 fuerit,idnoa
945 4439 1122 4493 evenit
1147 4433 1286 4507 quod
1309 4437 1398 4490 Dei
1425 4435 1682 4506 protectio
1708 4447 2014 4506 superetur,
2043 4435 2138 4491 sed

545 4507 690 4578 quod
714 4510 826 4576 ipse
891 4524 950 4562 er
986 4509 1246 4579 ignaviain
1275 4523 1427 4562 suam
1460 4522 1520 4561 se
1544 4507 1859 4562 debiliorem
1888 4508 2138 4563 reddide-

548 4580 638 4632 rit.
667 4576 813 4632 Dicet
841 4525 1062 4632 Βοηιίηο
1089 4595 1108 4632 :
1133 4579 1402 4632 Refuaium
1431 4594 1596 4631 meum
1633 4594 1686 4632 es
1729 4587 1805 4632 tu.
1833 4577 1951 4632 Non
1976 4581 2134 4632 aber-

548 4576 813 4651 rit.‘Di'cet
839 4576 1062 4651 Domino
1078 4595 1108 4651 _:
1133 4579 1402 4651 Defugiunt
1431 4594 1596 4651 meum
1633 4594 1686 4632 es
1729 4587 1805 4651 tu.
1833 4577 1951 4651 Non
1976 4581 2134 4634 aber-

549 4647 706 4711 raris,
731 4650 774 4702 si
803 4650 852 4704 id
871 4650 1033 4711 dicas.
1058 4649 1128 4706 de
1157 4647 1472 4720 pra‘cedenti
1504 4649 1610 4702 vita
1635 4647 1891 4704 conlisus.
1913 4649 1966 4704 5.
2000 4652 2137 4716 Quo-

549 4719 688 4771 niam
715 4721 821 4788 ipse
850 4722 1075 4775 liberabit
1103 4719 1181 4774 me
1207 4722 1269 4776 de
1298 4720 1476 4789 laqueo
1505 4721 1812 4786 venantium,
1855 4729 1902 4774 et
1930 4738 1962 4774 α
1989 4722 2136 4775 uerbo

546 4791 875 4862 (uiiiuttuoso.
899 4791 1155 4861 Laqueus
1183 4792 1515 4856 venantium,
1552 4791 1680 4862 quin
1709 4791 1870 4846 etiam
1901 4790 2134 4848 'verbutu

547 4861 955 4928 tumultuosum,
987 4873 1068 4918 est
1097 4863 1374 4917 consilium
1407 4861 1661 4916 omnead
1691 4862 1828 4915 mala
1858 4863 2132 4927 inducens.

544 4943 599 4988 et
623 4931 968 5002 deceptorum
1010 4933 1216 4988 animos
1266 4933 1625 5002 voluptatibus
1668 4934 1903 5001 ftedans,
1942 4944 1998 4988 et
2034 4935 2137 4991 hoc

545 5004 705 5058 modo
747 5005 1052 5060 insdtuens.
1088 5005 1170 5059 Ab
1207 5005 1305 5060 hoc
1344 5005 1567 5059 consilio
1613 5019 1711 5058 nos
1749 5005 1938 5060 liberat
1975 5010 2132 5072 Deus,

544 5075 760 5145 quando
781 5075 846 5130 ad
867 5091 988 5131 eum
1011 5077 1344 5146 crmfugimus
1371 5093 1388 5130 :
1421 5086 1544 5130 tunc
1569 5076 1712 5130 enim
1739 5092 1843 5130 non
1871 5077 2005 5131 ultra
2037 5093 2134 5133 vo-

542 5147 832 5218 luptatibus
881 5148 1075 5202 irretiri
1115 5163 1431 5217 possumus,
1479 5155 1815 5215 compertum
1870 5147 2132 5204 habentes

513 5217 813 5286 _tnimdana
855 5219 1033 5272 omnia
1077 5234 1196 5273 cum
1233 5219 1340 5272 Deo
1380 5227 1708 5288 comparata,
1754 5217 1949 5272 nullius
1973 5220 2134 5289 pretii

543 5303 684 5343 esse.
731 5289 787 5343 4.
829 5289 1068 5359 Scapulis
1105 5291 1209 5343 suis
1236 5289 1547 5342 obumbrabit
1587 5289 1695 5354 tibi,
1741 5300 1788 5342 et
1829 5291 1922 5343 sub
1957 5293 2136 5360 pennis

541 5361 652 5430 ejus
681 5361 928 5429 sperabis.
956 5362 1064 5415 (iur
1094 5360 1350 5431 propheta
1392 5377 1458 5414 ex
1497 5375 1592 5415 sua
1627 5375 1854 5429 persona
1881 5365 2028 5430 prius
2057 5362 2136 5416 lo-

539 5441 761 5501 quutus,
814 5446 952 5486 nunc
983 5431 1209 5487 alterum
1251 5431 1446 5501 alloqui
1490 5431 1720 5496 videtur,
1755 5432 1853 5486 nisi
1880 5432 2002 5502 quia
2046 5446 2131 5498 ea,

514 5511 662 5570 'qua:
695 5518 835 5566 nunc
875 5502 1144 5570 dicuntur,
1196 5502 1262 5557 ad
1293 5503 1544 5573 populum
1584 5503 1861 5574 gentilium
1903 5503 2135 5573 dirigun-

544 5581 650 5645 tur,
685 5590 843 5643 quem
874 5575 1100 5628 instituit
1125 5591 1228 5645 quo
1259 5586 1412 5644 pacto
1449 5574 1784 5645 tyrannidem
1815 5585 2132 5644 usurpantes

541 5641 818 5715 [immanes
847 5661 1103 5714 superare
1142 5641 1356 5699 Valeat?
1395 5641 1630 5715 Et'quod
1659 5646 1732 5699 illi
1762 5641 2130 5701 commilitium

543 5711 684 5787 Deus
710 5711 1012 5783 promittit?
1041 5716 1300 5779 Primum,
1334 5711 1523 5785 inquit,
1547 5731 1576 5769 a
1606 5717 1719 5787 lege
1747 5725 1802 5771 et
1824 5717 2130 5786 prophetis:

541 5780 624 5837 Ita:
650 5780 848 5858 quippe
873 5797 998 5840 sunt
1025 5789 1119 5841 Dei
1150 5780 1684 5857 scaptrltefquOniani
1717 5789 1768 5841 iu
1802 5780 1939 5852 illis;
1955 5802 2052 5844 ceu
2079 5790 2130 5841 iu

505 5857 793 5929 'scapulis
831 5857 1103 5928 propriam
1157 5860 1517 5930 cognitionem
1575 5859 1822 5929 deposuit
1859 5873 1876 5912 :
1917 5861 1970 5914 in
2026 5860 2131 5916 illis

2055 338 2324 395 Sl‘l'RlA.
3719 356 3812 413 τω

2244 459 2527 514 obumbrat
2558 475 2678 513 cum
2710 459 2796 528 qui
2828 460 2891 513 ad
2921 475 2981 515 se
3011 462 3231 528 accedit,
3263 480 3366 519 non
3401 466 3579 522 sinens
3605 485 3726 524 eum
3754 474 3814 524 ab

2245 541 2377 609 testu
2405 532 2668 609 dialmlico
2715 531 2888 584 aduri.
2933 533 3290 609 Quamobrem
3323 537 3517 609 Paulus
3554 544 3814 609 apostolus

2244 602 2485 656 umbram
2539 602 2672 673 legis
2713 614 3098 658 commemorat
3145 605 3330 673 (Ili-0r.
3379 608 3467 664 10.
3511 602 3600 672 1).’
3627 611 3814 668 Peuna:

2242 672 2662 741 suntErangelia
2693 691 2706 726 :
2738 689 2858 726 nam
2900 677 2988 744 qui
3031 672 3324 732 secundum
3351 678 3438 732 illa
3473 680 3625 735 vitam
3668 683 3814 737 insti-

2245 745 2543 820 t_u_it,_qua.~i
2577 744 2748 798 alatus
2785 762 2814 798 a
2847 754 2988 820 terra
3021 747 3071 799 in
3120 749 3308 820 caelum
3351 750 3586 805 sublimis
3627 755 3811 820 agitur.

2241 815 2324 868 Ab
2360 813 2444 868 his
2471 815 2648 880 itaque
2674 815 3018 885 sperandum,
3057 831 3149 871 seu
3199 819 3288 891 tali
3332 821 3386 891 in
3422 821 3582 876 Deum
3622 813 3716 891 spe
3743 828 3818 877 inn

2241 894 2502 939 structum
2535 900 2654 940 esse
2680 896 2907 961 oportet,
2944 899 2998 941 ut
3019 889 3324 958 evangelica
3351 889 3467 959 lege
3489 889 3721 961 jubetur,
3750 897 3815 949 ita

2243 965 2299 1009 ut
2329 973 2432 1009 non
2475 967 2719 1024 speretur
2750 959 2800 1010 in
2842 959 2948 1012 lleo
2977 969 3030 1012 et
3059 975 3325 1026 uiamona,
3355 963 3450 1016 sed
3489 959 3539 1017 in
3572 965 3680 1018 Deo
3710 976 3817 1020 tan-

2241 1034 2351 1098 tum
2377 1027 2524 1098 (Luc.
2554 1028 2639 1082 16.
2667 1029 2754 1093 15)
2780 1045 2792 1080 :
2817 1030 2894 1082 sic
2919 1030 3058 1083 enim
3089 1031 3232 1084 nullo
3257 1030 3418 1086 modo
3446 1034 3526 1088 vel
3550 1050 3579 1090 a
3601 1038 3818 1090 sensibi-

2241 1097 2393 1174 libus
2430 1099 2511 1152 vel
2562 1115 2590 1174 ξι
2646 1099 3014 1174 Spiritualibus
3066 1101 3294 1174 inimicis
3335 1103 3457 1174 laedi
3511 1107 3814 1174 poterimus.

2240 1168 2296 1223 5.
2337 1169 2495 1224 Scuto
2531 1168 2857 1244 circumdabit
2885 1181 2932 1223 te
2973 1173 3152 1244 ueritas
3193 1176 3324 1244 ejus.
3351 1168 3567 1230 Scutu'm
3616 1178 3816 1230 lirmum

2242 1255 2347 1294 non
2395 1243 2700 1296 mentientis
2747 1252 2830 1296 est
2879 1243 3074 1296 veritas
3104 1261 3118 1297 :
3148 1243 3346 1298 veritas
3383 1255 3557 1300 autem
3609 1247 3704 1301 Dei
3741 1258 3819 1302 est

2241 1311 2506 1374 Christus,
2537 1321 2592 1365 ut
2635 1327 2779 1381 saepe
2821 1313 3051 1367 diximus
3083 1332 3096 1366 :
3123 1313 3282 1384 hujus
3323 1325 3530 1370 scutum
3559 1329 3645 1372 est
3671 1332 3816 1382 crux,

2241 1397 2343 1448 qua
2391 1384 2786 1437 circummuniti
2827 1384 3008 1437 omnia
3040 1386 3176 1439 bella
3219 1385 3554 1442 conﬁdenter
3588 1388 3815 1453 adimus,

2240 1467 2429 1507 omnes
2461 1453 2704 1529 inimicos
2720 1455 3072 1529 Aprntligamus
3103 1472 3118 1509 :
3150 1467 3206 1510 ut
3247 1458 3481 1513 indicant
3509 1474 3571 1513 ea
3597 1475 3714 1529 qua:
3742 1475 3822 1512 se-

2239 1533 2496 1600 quuntur.
2531 1523 2653 1600 Non
2691 1527 2885 1600 timebis
2923 1541 2956 1579 α
2986 1531 3165 1581 timore
3194 1538 3461 1590 nocturno.
3488 1529 3542 1584 6.
3574 1523 3817 1600 a'sagitta

2241 1595 2442 1668 volante
2477 1596 2528 1648 in
2559 1596 2658 1650 die.
2680 1595 2886 1668 Timor
2912 1609 3204 1652 nocturnus
3234 1608 3314 1653 est
3343 1600 3672 1668 voluptatum
3700 1595 3814 1654 car-

2241 1665 2324 1740 nis
2341 1667 2446 1740 _:_in
2486 1667 2719 1740 tenebris
2745 1669 2888 1740 enim
2919 1671 3149 1723 maxime
3194 1671 3344 1724 irruit
3373 1688 3387 1724 :
3417 1665 3607 1740 sagitta
3639 1672 3818 1726 volans

2243 1737 2294 1790 in
2324 1735 2432 1803 die,
2461 1747 2544 1791 est
2570 1739 2791 1811 avaritia
2819 1756 2831 1792 :
2865 1739 2966 1792 hoc
2996 1741 3138 1794 enim
3181 1749 3391 1810 tempus
3415 1735 3822 1811 ips'isopportu-

2242 1823 2368 1861 num
2395 1818 2476 1861 est
2492 1811 2557 1863 ad
2587 1809 2842 1881 volatum,
2873 1825 3064 1878 nempe
3094 1812 3158 1865 ad
3188 1809 3507 1868 orationem.
3533 1809 3821 1881 Utrumque

2245 1889 2420 1954 tamen
2469 1882 2522 1933 in
2567 1880 2871 1934 daemonum
2915 1883 3130 1954 incursu
3178 1882 3441 1954 intelligas
3482 1891 3698 1954 oportet
3723 1880 3752 1937 εί
3769 1883 3818 1936 hi

2241 1949 2439 2023 quippe
2468 1960 2626 2004 noctu
2653 1964 2750 2023 nos
2777 1959 2981 2006 terrere
3009 1953 3203 2019 solent,
3235 1949 3648 2023 cooperant'ibus
3674 1962 3822 2008 tene-

2241 2020 2352 2076 bris
2377 2021 2442 2075 ad
2476 2022 2758 2084 terricula;
2789 2037 2884 2091 per
2911 2024 3050 2078 diem
3075 2035 3253 2078 autem
3287 2020 3503 2090 volant;
3532 2033 3661 2078 sunt
3686 2025 3820 2080 enim

2242 2094 2384 2147 aerei
2411 2109 2425 2156 ;
2460 2108 2635 2162 neque
2659 2093 2960 2162 quiescunt,
2990 2095 3084 2148 sed
3129 2096 3296 2150 insvar
3320 2096 3635 2162 sagittarum
3662 2097 3824 2149 incau-

2244 2171 2328 2238 tos
2373 2172 2427 2238 et
2467 2164 2632 2238 armis
2656 2165 2903 2238 nudatos
2935 2166 3210 2220 invadunt.
3241 2169 3285 2238 Α
3330 2166 3529 2238 negotio
3557 2169 3820 2237 perambu-

2244 2233 2380 2306 (ante
2393 2235 2448 2288 in
2478 2235 2713 2306 tenebris,
2745 2251 2777 2288 a
2800 2236 2949 2306 ruina
2974 2247 3020 2290 et
3048 2237 3300 2291 dwmonio
3328 2233 3634 2291 meridiano.
3670 2238 3820 2292 Vides

2242 2305 2405 2360 etiam
2430 2305 2704 2374 superiora
2731 2307 2799 2360 de
2822 2306 3154 2362 da'monibus
3181 2309 3322 2362 dicta
3362 2309 3567 2363 fuisse?
3591 2311 3820 2374 Quorum

2243 2376 2387 2450 quia
2411 2377 2594 2450 multae
2625 2387 2752 2432 sunt
2791 2377 3108 2433 differentiae
3144 2379 3350 2447 (multa:
3379 2379 3578 2450 quippe
3608 2379 3820 2434 fallacia:

2243 2447 2842 2522 speciesgdiscurruut),
2891 2450 2934 2502 Α
2979 2451 3197 2520 negotio,
3228 2447 3417 2520 inquit,
3449 2447 3822 2522 perambulante

2243 2519 2297 2592 in
2341 2519 2578 2592 tenebris,
2606 2519 2656 2572 id
2672 2530 2849 2592 esuﬂa
2892 2519 3228 2590 quocumque
3275 2519 3324 2574 in
3359 2519 3596 2577 tenebris
3639 2529 3820 2592 agente

2245 2589 2452 2662 iterque
2481 2588 2733 2662 faciente.
2771 2591 2880 2645 lloe
2912 2588 3058 2646 enim
3101 2588 3223 2646 cum
3260 2592 3588 2662 generaliter
3612 2588 3818 2662 diierit,

2245 2661 2580 2716 adversarias
2604 2670 2899 2732 potestates
2921 2661 3328 2726 commemorat,
3361 2680 3477 2733 qum
3509 2663 3565 2716 in
3598 2661 3822 2718 tenebris

2245 2733 2602 2804 gaudent,et
2651 2732 2722 2788 ob
2767 2734 3057 2804 nequitiam
3101 2735 3303 2789 nullum
3343 2732 3462 2788 cum
3508 2734 3600 2790 die
3637 2734 3822 2789 habent

2244 2803 2625 2875 commercium
2661 2821 2674 2858 :
2698 2803 3024 2875 quapropter
3052 2805 3104 2859 iu
3134 2805 3384 2860 tenebras
3408 2807 3711 2861 exteriores
3732 2805 3820 2858 ab.

2245 2873 2504 2929 ducendae
2533 2887 2688 2929 sunt:
2720 2873 2830 2929 imo
2858 2873 3018 2929 etiam
3046 2891 3142 2946 per
3172 2876 3526 2931 meridianum
3561 2877 3668 2931 diei
3695 2887 3819 2930 tetu-

2247 2959 2345 3015 pus
2375 2946 2582 3018 insequi
2619 2947 2795 3001 solent
2821 2963 2834 2998 :
2861 2961 2928 3001 eo
2952 2948 3147 3017 quippe
3192 2958 3430 3017 tempore
3460 2949 3702 3018 plerique
3728 2947 3818 3000 ho-

2246 3019 2448 3072 minunt
2493 3017 2774 3085 quiescere
2813 3019 3006 3072 solent.
3035 3022 3167 3072 Cum
3211 3028 3390 3072 autem
3437 3017 3584 3074 fures
3612 3028 3732 3072 sunt
3772 3023 3820 3070 et

2246 3088 2502 3160 latrones,
2527 3087 2917 3158 frequentiores
2947 3087 3224 3143 hominum
3249 3101 3575 3159 conspectus
3604 3088 3816 3160 fugiunt.

2247 3159 2492 3230 imaginis
2535 3171 2734 3213 nostra:
2777 3159 3087 3230 dignitatem
3136 3159 3390 3214 reveriti:
3421 3159 3743 3230 quapropter
3770 3167 3820 3210 ut

2246 3231 2534 3302 plurimum
2569 3232 2710 3285 circa
2740 3239 3119 3302 monumenta,
3174 3241 3228 3286 et
3257 3245 3472 3302 caenosa
3517 3231 3820 3302 desertaque

2246 3300 2360 3357 loca
2390 3311 2692 3356 versantur.
2738 3301 2968 3372 Ideoque
3012 3303 3154 3356 circa
3193 3301 3466 3357 meridiem
3507 3318 3611 3357 nos
3637 3300 3818 3355 adoriri

2245 3383 2300 3428 et
2338 3373 2591 3428 invadere
2629 3380 2855 3426 tentant.
2882 3373 2935 3426 7.
2968 3373 3160 3427 Cadent
3201 3389 3234 3426 a
3262 3375 3417 3427 latae
3459 3384 3546 3427 tuo
3591 3372 3740 3434 mille,
3779 3379 3820 3422 et

2245 3445 2415 3499 decem
2450 3445 2611 3497 millia
2638 3460 2669 3495 a
2697 3443 2886 3497 dextris
2918 3445 3039 3509 tuis,
3061 3444 3128 3496 ad
3148 3453 3196 3497 te
3229 3454 3399 3497 autent
3421 3461 3522 3497 non
3549 3443 3818 3514 appropin-

2245 3516 2434 3586 quabit.
2465 3517 2623 3569 Arma
2645 3514 2867 3584 justitite
2881 3515 3074 3568 dextra
3096 3525 3148 3568 ct
3169 3515 3381 3569 sinistra
3407 3514 3604 3569 Paulus
3623 3523 3818 3586 aposto-

2245 3585 2329 3642 lus
2367 3600 2466 3641 nos
2504 3588 2722 3639 docuit:
2755 3586 2982 3656 gloriam
3023 3595 3078 3640 et
3111 3586 3522 3656 ignobilitatem,
3564 3585 3815 3656 infamiam

2245 3668 2301 3714 et
2331 3659 2525 3713 bonam
2560 3653 2780 3720 famam;
2811 3667 2865 3711 et
2902 3667 3098 3710 czetera
3136 3653 3217 3726 7(2.
3243 3654 3363 3712 Cor.
3390 3657 3446 3711 6.
3477 3657 3532 3710 7.
3558 3656 3635 3726 8).
3666 3654 3717 3709 lu
3746 3653 3817 3726 his

2245 3730 2567 3784 adversaria:
2609 3737 2901 3797 potestates
2926 3727 3210 3782 debellata:
3244 3727 3446 3782 cadunt
3469 3745 3481 3780 :
3507 3731 3603 3783 sed
3644 3742 3673 3780 a
3699 3725 3816 3797 siui-

2245 3802 2374 3856 stris
2397 3795 2697 3869 pauciores,
2731 3814 2760 3852 a
2798 3798 3003 3854 dextris
3034 3797 3232 3869 plures.
3260 3799 3637 3866 Quamobrem,
3684 3798 3723 3869 ᾼ
3749 3795 3816 3869 ta-

2246 3880 2350 3928 tere
2374 3867 2480 3936 tuo,
2511 3886 2618 3938 quo
2661 3871 2937 3924 sinistrum
2968 3870 3107 3922 latus
3143 3868 3229 3923 hic
3268 3869 3528 3939 propheta
3557 3867 3807 3939 intelligit,

2245 3959 2352 4014 quo
2383 3937 2540 4014 pacto
2589 3940 2790 4014 illuda
2841 3941 3034 4014 dextro
3074 3937 3340 4014 distiurit,
3367 3937 3553 4014 millia
3599 3937 3812 4014 hosﬁum

2245 4009 2437 4070 casura
2469 4012 2632 4076 dicit;
2660 4027 2690 4066 a
2717 4011 2910 4066 dextro
2935 4011 3123 4066 decem
3166 4010 3354 4064 millia.
3390 4011 3468 4066 Ne
3495 4025 3628 4066 vero
3667 4009 3815 4064 niire-

2246 4085 2320 4140 ris
2350 4103 2362 4138 :
2395 4085 2602 4139 initium
2651 4097 2880 4152 namque
2904 4081 3421 4152 daemonumlapsus
3469 4091 3596 4137 sunt
3630 4088 3817 4152 sancto

2246 4172 2365 4211 rum
2410 4169 2709 4210 aerumme:
2752 4149 3048 4225 martyrum
3089 4149 3698 4225 videlicet,_eorumque
3737 4149 3815 4218 qui

2245 4235 2543 4299 martyrum
2569 4223 2860 4299 certamina
2891 4223 3126 4299 aemulati
3167 4232 3314 4299 sunt.
3351 4223 3624 4299 (Erumna;
3643 4232 3694 4277 et
3716 4236 3816 4299 cru-

2244 4293 2419 4354 cintus
2448 4313 2478 4351 a
2500 4295 2738 4351 sinistris
2765 4294 3042 4351 constituti
3062 4303 3190 4350 sunt
3216 4311 3230 4349 :
3259 4293 3384 4350 hinc
3409 4310 3505 4350 eos
3529 4297 3620 4366 qui
3649 4310 3679 4348 a
3699 4293 3815 4348 dex-

2245 4369 2343 4426 tris
2369 4368 2680 4424 ceciderunt
2704 4377 3006 4422 enumerat.

2313 4441 2368 4494 2.
2413 4439 2793 4494 Verumtamen
2838 4439 3079 4509 plurimae
3109 4436 3373 4492 idolorum
3404 4445 3690 4509 potestates
3731 4447 3810 4504 per

2245 4513 2478 4566 honores
2507 4523 2716 4576 eorum,
2737 4509 2826 4579 qui
2843 4506 3051 4564 Christi
3082 4510 3318 4564 cultores
3364 4506 3598 4572 fuerunt,
3629 4508 3812 4561 destru-

2243 4591 2344 4639 ctae
2373 4591 2514 4636 sunt.
2569 4582 2659 4637 Sic
2708 4579 2912 4650 plagam
2959 4590 3013 4635 et
3040 4581 3454 4636 destructionem
3498 4580 3812 4634 inimicorum

2243 4656 2358 4708 sine
2405 4652 2589 4708 labore
2619 4651 2917 4724 confectam
2948 4651 3117 4724 dicit;
3139 4652 3208 4706 ita
3241 4659 3298 4706 ut
3323 4665 3392 4706 ne
3433 4650 3647 4724 quidem
3687 4659 3813 4724 ausis

2242 4727 2351 4780 sint
2377 4725 2444 4778 ad
2477 4738 2574 4778 nos
2601 4722 2879 4785 accedere,
2910 4731 2968 4776 ut
2997 4723 3276 4778 nobiscum
3302 4717 3519 4776 stataria
3549 4734 3715 4790 pugna
3739 4717 3808 4769 di-

2244 4797 2518 4850 micarent.
2552 4795 2605 4850 8.
2668 4793 3020 4848 Verumtamen
3063 4793 3224 4847 oculis
3269 4793 3370 4846 tuis
3395 4790 3747 4852 considerabis,
3775 4794 3812 4838 et

2242 4867 2620 4921 retributionem
2663 4872 2983 4936 peccatorum
3012 4863 3219 4918 videbis.
3252 4864 3374 4936 Etsi
3410 4863 3613 4936 procul,
3642 4859 3808 4927 inquit,

2241 4946 2299 4993 et
2345 4933 2683 4991 invisibiliter
2727 4943 2982 5005 pugnent,
3016 4944 3202 5007 utpote
3249 4933 3809 5007 invisibilesrattatncu

2241 5017 2418 5064 erecta
2440 5008 2694 5063 adversus
2721 5004 2816 5061 eos
2847 5017 3046 5075 trepma
3079 5004 3206 5076 ipsis
3224 5007 3393 5059 oculis
3415 5004 3636 5076 videbis,
3661 5017 3720 5054 ac
3747 5004 3809 5075 rij

2241 5095 2360 5134 cem
2392 5080 2495 5133 illis
2539 5079 2606 5134 ab
2650 5079 2715 5132 iis
2743 5092 2876 5144 quos
2906 5073 3229 5147 deceperant
3267 5076 3550 5131 redditam.
3581 5073 3706 5129 Nam
3733 5073 3804 5146 qui

2241 5153 2389 5222 prius
2421 5150 2558 5205 idola
2590 5149 3002 5222 fabricabantur,
3036 5163 3178 5202 nunc
3220 5147 3359 5222 idola
3392 5148 3705 5222 destruunt;
3729 5151 3804 5222 qut

2241 5217 2390 5291 prius
2417 5224 2609 5290 templa
2639 5219 3044 5275 exaedillcabant
3061 5261 3074 5285 ,
3109 5233 3250 5291 nunc
3277 5219 3363 5291 illa
3388 5217 3702 5291 incendunt;
3728 5217 3804 5279 qui

2241 5289 2390 5362 prius
2406 5289 2568 5363 opera
2592 5306 2846 5363 manuum
2865 5306 3080 5363 suarum
3097 5289 3226 5344 deos
3249 5289 3530 5363 faciebant,
3549 5295 3805 5363 truncant»

2243 5354 2398 5417 nibus
2427 5354 2539 5417 suis
2582 5364 2700 5417 illos
2729 5362 3004 5430 dejiciunt.
3036 5361 3318 5428 Quomodo
3342 5369 3522 5430 autem
3553 5361 3660 5412 haec
3685 5354 3800 5430 facta

2242 5437 2347 5489 sint
2377 5435 2528 5499 audi;
2563 5450 2686 5488 nam
2719 5433 2975 5502 propheta
3006 5431 3343 5502 respondens
3369 5429 3582 5484 humani
3613 5431 3800 5498 generis

2241 5521 2526 5574 personam
2552 5500 2786 5572 suscepit
2806 5500 2896 5558 :79.
2924 5500 3180 5568 Quoniam
3201 5513 3275 5564 tu,
3303 5500 3540 5566 Domine,
3567 5513 3674 5574 spes
3689 5507 3801 5574 Diff-

2242 5563 2390 5630 Crati
2417 5577 2578 5630 animi
2606 5563 2765 5630 simul
2790 5586 2845 5629 et
2873 5563 3080 5628 veritati
3110 5563 3346 5628 consona
3373 5584 3497 5626 sunt
3523 5563 3691 5625 verba.
3727 5563 3802 5617 Et-

2241 5649 2382 5701 enim
2412 5662 2506 5716 per
2531 5663 2681 5716 spem
2713 5648 2762 5700 in
2789 5647 2951 5700 Deum
2978 5645 3171 5700 bellum
3197 5645 3456 5699 adversus
3484 5639 3800 5716 principaluf.

2243 5704 2533 5787 potestates
2563 5704 2630 5773 ἐι
2661 5718 2842 5772 tuundi
2875 5726 3113 5770 rectores
3153 5704 3502 5787 tenebrarum
3523 5704 3725 5787 (Epist.
3753 5704 3799 5756 (i-

2242 5785 2332 5858 12)
2365 5802 2511 5844 recte
2553 5791 2840 5859 gessimus,
2883 5803 3077 5859 neque,
3102 5787 3213 5841 alio
3254 5785 3414 5859 modo
3454 5785 3798 5859 potuissemus.

2200 5911 2206 5930 ,
2241 5843 2339 5916 ιιοέ
2366 5843 2633 5928 carnales,
2661 5843 3007 5931 incorporeo}
3033 5858 3264 5915 vincere.
3291 5843 3597 5912 Altissi'muin
3620 5843 3801 5923 ροωηαί
