4104 6510
474 310 577 368 ’184

472 428 724 500 refugiunt
740 438 901 481 tuum.
933 426 1021 500 10.
1054 424 1173 500 on
1198 427 1434 500 accerlent
1451 428 1532 500 ad
1554 436 1601 481 te
1628 430 1783 490 mala.
1813 441 1860 483 et
1879 430 2063 500 ﬂagel-

472 494 709 581 luin'non.
726 496 1150 581 appropinquabit
1169 496 1490 581 tabernaculo
1511 507 1616 553 tuo.
1644 500 1865 581 Pulchra
1874 494 1923 553 in

470 567 802 639 sepopteiam
831 567 1090 639 propheta
1136 568 1512 623 inducitzrcum
1539 570 1858 639 approbaret
1894 567 2062 637 enim,

470 640 613 709 quod
640 641 809 711 victor
837 639 998 694 homo
1027 639 1393 711 Deovietorire
1419 655 1635 711 causam
1666 642 2058 711 adscripsisset,

470 711 646 779 ipsum
674 709 761 766 his
780 711 1017 765 animare
1037 709 1215 766 verbis
1242 710 1426 765 voluit.
1448 709 1563 766 Non
1585 712 1726 766 enim
1746 709 1905 768 modo
1924 714 2062 769 mala

472 798 577 836 non
606 781 780 854 ipsum
793 792 1114 854 superatura
1159 782 1255 847 ait,
1285 781 1379 837 sed
1413 798 1479 854 ne
1505 798 1788 838 accessura
1818 785 2057 854 quidem,

473 863 616 909 metu
664 853 1010 907 inhabitantis
1038 862 1093 923 et
1132 853 1456 921 protegentis
1490 854 1615 908 Dei:
1641 870 1798 923 quem
1830 853 1928 909 sibi
1964 855 2064 910 lte-

474 924 688 993 rngium,
719 923 826 988 vel,
859 934 916 978 ut
943 923 1031 976 alii
1063 922 1382 992 interpretes
1408 922 1665 989 edidere,
1696 924 2061 980 llabitaculum

469 995 663 1067 posuit.
690 994 917 1067 Tantum
941 993 1137 1049 bonum
1154 995 1508 1067 estadDeuin
1534 995 1840 1066 contingere.
1863 996 2063 1064 Quam-

469 1064 657 1139 obrem
682 1064 947 1139 Ieremias
967 1082 1185 1139 quoque
1204 1065 1446 1139 dicebat:
1473 1064 1771 1122 Benedictus
1799 1069 1947 1139 Itonia
1971 1068 2061 1139 qui

469 1136 681 1210 conlidit
696 1137 748 1191 in
772 1135 1013 1210 Domino,
1037 1145 1083 1188 et
1111 1136 1206 1210 erit
1228 1135 1477 1210 Dominus
1505 1153 1615 1210 spes
1645 1140 1756 1210 ejus
1798 1138 1850 1210 (J
1859 1155 1931 1192 er.
1966 1135 2054 1193 17.

467 1206 544 1274 '7).
572 1207 851 1274 Quomodo
877 1208 1020 1280 enim
1051 1223 1157 1261 non
1186 1207 1500 1280 benedictus
1520 1209 1585 1272 is,
1617 1206 1683 1264 ad
1725 1206 1883 1280 quem
1914 1210 2056 1264 mala

468 1293 758 1351 numquam
780 1278 1061 1351 accedent,
1092 1289 1146 1332 et
1176 1279 1444 1348 ﬂagellum
1471 1295 1575 1332 non
1608 1278 2058 1351 appropinquabit

465 1348 581 1419 ejus
630 1348 1003 1419 tabernaculo,
1048 1350 1147 1404 hoc
1193 1360 1295 1413 est,
1340 1350 1588 1419 corpori?
1633 1348 1705 1408 Ita
1741 1348 2056 1406 enim'illud

507 1420 662 1475 aulus
685 1421 923 1476 vocavit:
949 1418 1087 1473 Nam
1112 1422 1196 1488 qui
1220 1438 1394 1474 sumus
1412 1418 1461 1476 in
1488 1422 1582 1476 hoc
1606 1423 1952 1484 tabernaculo,
1973 1423 2053 1476 in-

465 1492 782 1560 gemiscimus
809 1491 1028 1562 gravati,
1058 1490 1194 1560 quod
1223 1492 1460 1547 nolumus
1504 1495 1798 1559 exspoliari,
1840 1494 1928 1547 sed
1969 1510 2059 1547 su—

502 1563 722 1616 ervestiri
737 1578 756 1616 :
773 1561 825 1614 ut
839 1561 1163 1616 absorbeatur
1177 1563 1314 1633 quod
1334 1565 1545 1618 mortale
1558 1577 1651 1630 est,
1669 1582 1701 1618 a
1719 1566 1816 1619 vita
1840 1563 1910 1633 (2.
1934 1564 2055 1620 Cor.

502 1579 720 1616 ervestm
737 1579 756 1616 :
773 1579 825 1614 ut
839 1579 1163 1616 ausoroeamr
1177 1579 1312 1633 quoa
1334 1579 1545 1618 mortale
1558 1579 1651 1630 est,
1669 1582 1701 1618 a
1719 1579 1816 1619 vita
1840 1579 1910 1633 (Ζ.
1934 1579 2053 1620 Lor.

462 1579 517 1705 Ei.
558 1634 638 1702 4).
671 1634 783 1692 Cur
810 1643 987 1687 autem
1021 1648 1126 1688 non
1171 1635 1561 1705 appropinquat
1591 1636 1890 1704 llagellnm?
1921 1635 2053 1698 Quia

460 1702 713 1777 ﬂagellari
760 1702 1578 1777 estipeccatorumproprium:
1625 1702 1714 1777 qui
1760 1716 1937 1760 autem
1981 1705 2052 1759 ad

461 1772 632 1847 Deum
657 1772 915 1847 confugit,
945 1772 1413 1847 interpece'itorcs
1442 1794 1550 1832 non
1577 1772 1677 1837 esi,
1701 1777 1929 1847 jar-eque
1948 1792 2053 1830 non

460 1843 780 1915 flagellatur.
924 1843 1179 1919 Quoniam
1199 1847 1393 1919 angelis
1420 1849 1524 1903 suis
1545 1843 1801 1919 mandavit
1828 1843 1891 1901 de
1913 1858 1978 1911 te,
1998 1855 2055 1901 ut

459 1919 745 1971 custodiant
772 1926 818 1970 te
836 1916 889 1970 in
913 1917 1144 1971 euntibus
1168 1918 1259 1971 viis
1271 1916 1409 1973 tuis.
1440 1920 1528 1974 12.
1558 1918 1624 1974 In
1667 1920 1897 1974 manibus
1934 1935 2056 1986 por-

461 1988 633 2061 tabum
658 1997 726 2052 te,
758 1993 979 2061 neforte
1001 1987 1233 2061 offendas
1261 1990 1330 2043 ad
1345 1990 1566 2059 lapidem
1582 1991 1757 2061 pedem
1779 1999 1942 2043 tuum.
1969 1989 2055 2043 Fi-

460 2059 562 2131 lius
591 2074 719 2128 ergo
752 2060 841 2113 Dei
869 2059 1287 2131 deprehenditur
1310 2076 1431 2117 esse
1464 2063 1507 2116 is
1535 2059 1626 2131 qui
1648 2062 1714 2115 ad
1744 2062 1908 2115 Deum
1924 2075 2057 2114 con-

458 2128 623 2203 fugit:
650 2138 793 2203 tanta
837 2130 1040 2203 quippei
1067 2141 1149 2185 est
1180 2147 1319 2188 nunc
1349 2128 1612 2187 dictorum
1640 2133 1888 2203 dignitas,
1928 2146 2050 2203 qua:

457 2200 893 2272 adversariusrde
920 2202 1132 2256 Christo
1158 2204 1385 2272 accepit,
1446 2219 1569 2258 cuin
1610 2200 1732 2258 eum
1763 2220 1794 2256 e
1832 2202 2047 2257 sublimi

455 2272 708 2326 deorsum
738 2270 1226 2344 dejicereconatus
1254 2270 1337 2327 est
1368 2275 1581 2344 (Matth.
1602 2275 1655 2329 4.
1676 2277 1750 2343 6).
1782 2272 1943 2327 Vides
1957 2288 2053 2327 au-

460 2354 565 2400 tein
593 2358 718 2398 eum
761 2357 867 2414 non
900 2343 988 2397 uni
1013 2343 1224 2414 angelo,
1255 2345 1349 2400 sed
1378 2343 1578 2400 multis
1626 2345 1828 2408 dicere,
1882 2344 2048 2399 Deum

457 2414 793 2486 mandavisse
821 2413 898 2486 de
911 2414 980 2486 iis
1008 2413 1100 2483 qui
1123 2414 1189 2486 ad
1223 2416 1395 2483 ipsum
1423 2415 1755 2486 coiifugiunt,
1780 2427 1836 2470 ut
1861 2429 2051 2470 omnes

456 2485 571 2553 ejus
588 2485 701 2539 vias
715 2484 1036 2547 custodiant.
1061 2496 1113 2557 et
1131 2485 1183 2540 in
1202 2486 1449 2541 manibus
1466 2484 1667 2549 tollant,
1688 2490 1803 2541 sive
1818 2494 2048 2557 gestent.

457 2557 647 2625 Angeli
674 2570 802 2626 ergo
828 2570 934 2609 non
962 2556 1122 2626 modo
1153 2556 1268 2625 pios
1293 2559 1620 2624 custodiunt,
1642 2558 1734 2614 sed
1754 2556 1912 2612 etiam
1938 2571 2051 2611 ma-

455 2643 526 2681 nu
553 2625 753 2683 ducunt
781 2642 850 2681 ne
880 2625 1100 2694 pedibus
1146 2626 1446 2691 olTendnnt;
1493 2629 1760 2697 iussitque
1788 2630 1926 2683 Deus
1957 2643 2051 2682 su-

492 2712 647 2752 rrnas
699 2705 988 2767 potestates
1030 2697 1228 2752 inlimis
1277 2697 1580 2755 hominibus
1626 2700 1949 2763 ministrare,
1981 2697 2048 2754 ad

492 2714 647 2752 eruas
699 2714 988 2767 powswtes
1030 2714 1228 2752 intimis
1277 2714 1580 2755 nominibus
1626 2714 1949 2763 mnnStrare,
1981 2714 2045 2754 au

452 2714 711 2823 iionorcni
739 2768 1004 2840 imaginis,
1031 2784 1189 2840 quam
1214 2767 1374 2823 homo
1400 2772 1608 2826 inferne
1626 2771 1827 2840 positus
1849 2779 2045 2840 gestat.

453 2840 496 2894 Τ
501 2857 533 2893 ιι
560 2855 685 2912 vero
710 2839 920 2912 cogites»
938 2839 1156 2908 angelos
1183 2841 1342 2894 etiam
1372 2842 1603 2897 detft-ros
1627 2839 1788 2905 esse.
1819 2839 1909 2912 qui
1953 2840 2044 2912 Dei

450 2911 813 2981 cognitionem
836 2909 1091 2976 habeant,
1121 2919 1174 2965 ct
1202 2913 1452 2967 omnibus
1480 2914 1601 2979 viis,
1636 2914 1686 2968 id
1708 2922 1792 2969 est
1821 2909 1941 2966 vita:
1964 2911 2045 2965 iii-

450 2982 652 3037 stitutis
681 2997 782 3038 nos
806 2981 1108 3036 custodiant
1133 2992 1187 3037 et
1202 2998 1364 3037 manu
1394 2984 1611 3047 ducant,
1643 3001 1709 3039 ne
1739 2985 1790 3039 in
1816 2982 2045 3052 lapidem

453 3052 770 3108 oﬂ‘cnsionis
809 3061 864 3106 et
902 3052 955 3105 in
1005 3061 1207 3120 petram
1238 3055 1472 3108 scandali
1513 3055 1864 3109 attendamus.
1892 3052 2046 3120 Quod

449 3134 632 3181 autem
657 3123 877 3193 angelos
908 3121 1061 3177 nobis
1091 3123 1231 3177 Deus
1256 3123 1373 3193 ejus
1397 3126 1673 3180 scientiam
1708 3140 1805 3179 nos
1829 3124 2035 3178 docen-

450 3208 531 3255 tes
546 3204 602 3250 et
618 3195 771 3250 nobis
787 3194 1165 3248 annuntiantcs
1180 3192 1514 3258 custodierit,
1532 3195 1655 3251 audi
1674 3194 1949 3250 Malachiel
1967 3192 2043 3319 ΞΖ)

450 3268 717 3319 dicentem
748 3283 761 3319 :
796 3264 957 3318 Labia
983 3265 1259 3319 sacerdotis
1283 3268 1565 3319 custodient
1583 3267 1879 3319 scientiam:
1901 3275 1946 3319 et
2018 3295 2042 3308 -

449 3268 717 3323 dicentem
748 3283 761 3319 :
796 3264 957 3318 Labia
983 3265 1259 3319 sacerdotis
1283 3268 1565 3321 custodient
1583 3267 1879 3321 scientiam:
1901 3275 1946 3319 et
1968 3264 2042 3319 le-

448 3355 561 3409 gem
590 3337 848 3409 requirent
861 3352 938 3409 ea;
962 3350 1049 3409 ore
1071 3337 1204 3409 ejus,
1231 3338 1351 3407 quia
1379 3337 1592 3407 angelus
1635 3336 1843 3392 Domini
1878 3336 2043 3409 omni-

448 3406 668 3479 potentis
698 3417 770 3479 est
792 3406 1049 3479 (Malae/1.
1071 3408 1126 3460 2.
1159 3406 1351 3479 7).]5.
1385 3406 1558 3479 super
1594 3408 1824 3476 aspidem
1843 3418 1888 3462 et
1908 3406 2044 3461 basi-

448 3478 632 3535 liscum
656 3478 957 3544 anibulubis,
1011 3488 1055 3532 et
1093 3478 1413 3534 conculcabis
1452 3481 1646 3533 leonem
1672 3489 1718 3533 et
1747 3480 2041 3533 draconem.

449 3550 707 3619 Malignas
755 3557 1045 3618 potestates
1076 3549 1158 3606 his
1187 3551 1363 3605 verbis
1393 3550 1715 3615 subindicat,
1766 3550 1818 3605 in
1849 3550 2045 3619 quibus

449 3621 668 3676 malitia:
695 3621 861 3685 virus,
885 3621 1031 3675 velut
1054 3621 1105 3674 in
1130 3620 1410 3684 reptilibus
1436 3623 1653 3677 residet.
1683 3621 2039 3688 Quamobrem

449 3691 708 3746 Dominus
738 3691 982 3746 dicebat:
1010 3690 1141 3745 Ecce
1164 3690 1282 3745 dedi
1307 3694 1444 3747 vobis
1476 3702 1775 3761 potestatem
1809 3690 2042 3746 calcandi

448 3779 604 3830 super
629 3772 883 3830 serpentes
919 3771 963 3817 et
988 3763 1309 3830 scorpiones,
1335 3775 1380 3817 et
1407 3780 1568 3829 super
1588 3778 1785 3819 omnem
1811 3763 2042 3817 virtutem

447 3833 642 3887 inimici
683 3832 832 3955 μηδ.
865 3833 952 3887 10.
985 3833 1094 3901 19).
1125 3833 1223 3898 Qui
1262 3849 1393 3903 ergo
1420 3837 1588 3889 caleat
1637 3836 1791 3898 iram,
1828 3834 2039 3887 leonem

447 3904 650 3955 caleat:
703 3904 938 3955 uriosum
968 3905 1110 3955 enim
1138 3913 1218 3955 est
1245 3906 1463 3955 animal.
1501 3906 1859 3955 Quamobrem
1890 3904 2039 3955 Salo-

446 3904 650 3967 caleat;
683 3904 938 3957 furiosum
968 3905 1110 3957 enim
1138 3913 1218 3957 est
1245 3906 1463 3959 animal.
1501 3906 1859 3972 Quamobrem
1890 3904 2042 3957 Salo-

446 3990 575 4028 tuon
596 3975 668 4028 ait
688 3993 708 4045 :7
728 3974 1062 4028 Comminatio
1088 3975 1219 4044 regis
1247 3975 1428 4031 similis
1457 3978 1620 4045 furori
1668 3977 1827 4029 leonis
1852 3973 2035 4044 (Prov.

446 4046 551 4103 9.0.
570 4045 646 4114 2).
689 4044 947 4101 Similiter
965 4047 1054 4116 qui
1082 4049 1385 4114 voluptates
1428 4057 1483 4102 et
1528 4048 1632 4101 alia
1676 4046 1804 4099 vitia
1843 4045 2036 4111 calcat,

446 4118 684 4184 aspidem
706 4125 761 4171 et
790 4116 1102 4171 basiliscum
1119 4125 1172 4170 et
1191 4116 1485 4172 draconem
1507 4118 1697 4172 caleat.
1726 4116 2039 4184 Voluptates

444 4190 589 4242 eiiim
618 4188 815 4252 carnis,
855 4196 909 4241 et
936 4188 1112 4241 omnis
1159 4186 1321 4254 hujus
1359 4190 1480 4243 vitm
1510 4189 1730 4252 malitia,
1761 4186 2041 4255 reptilibus

448 4258 757 4329 repentibus
787 4272 948 4327 super
979 4266 1172 4312 terram
1216 4260 1411 4314 merito
1456 4269 1855 4327 comparantur.
1907 4258 2040 4312 For-

447 4338 590 4387 tasse
621 4329 927 4384 basiliscum
956 4329 1171 4401 proprie
1192 4331 1364 4401 calcat
1391 4330 1479 4401 qui
1512 4330 1934 4401 invidiaminter
1963 4330 2042 4401 vi-

448 4402 518 4455 tia
545 4410 855 4471 regnantem
887 4400 1059 4471 calcat
1079 4418 1095 4455 :r
1124 4408 1274 4455 certe
1301 4399 1634 4456 hoe—animal
1676 4400 1957 4471 basiliscus
1984 4400 2037 4454 in

444 4470 619 4527 oculo
640 4486 908 4526 venenum
938 4470 1156 4533 habere,
1202 4472 1426 4538 perinde
1464 4482 1626 4540 atque
1652 4471 1885 4535 iuviduS,
1909 4470 2038 4523 diei-

446 4553 551 4597 tur.
577 4543 664 4597 M.
686 4541 936 4606 Quoniam
956 4543 1008 4593 in
1026 4557 1105 4594 me
1123 4544 1359 4609 speravit,
1379 4544 1598 4597 liberabo
1618 4558 1731 4596 eum
1748 4557 1766 4595 :
1782 4551 2040 4611 protegam

445 4631 580 4680 eum,
604 4614 842 4683 quoniam
866 4612 1094 4683 cognovit
1118 4628 1299 4665 nomen
1319 4629 1504 4667 meum.
1525 4612 1790 4681 Quoniam
1822 4626 2035 4680 magna,

446 4700 512 4740 ac
537 4681 673 4753 pene
704 4681 1035 4738 incredibilia
1057 4682 1193 4736 dixit
1220 4683 1517 4751 psalmista,
1557 4696 1751 4751 nempe
1774 4690 1888 4753 tam
1927 4696 2040 4735 ma-

447 4751 619 4825 lignas
656 4763 709 4810 et
732 4754 934 4809 validas
966 4761 1254 4821 potestates
1280 4769 1400 4823 qua:
1429 4754 1592 4825 leoni,
1637 4751 1828 4821 aspidi,
1859 4751 2041 4825 basili-

443 4822 541 4882 séo
560 4836 614 4881 et
631 4825 873 4892 draconi,
901 4840 1022 4895 queo
1041 4832 1165 4878 sunt
1184 4822 1420 4881 omnium
1444 4823 1678 4879 ferarum
1699 4822 2034 4895 immanium,

444 4897 745 4966 comparari
778 4893 1018 4967 possent.
1051 4911 1080 4948 a
1122 4896 1274 4951 nobis
1303 4896 1499 4951 calcari
1546 4909 1882 4967 asseverans.
1927 4893 2037 4961 jam

446 4964 613 5023 Deum
643 4968 759 5023 haec
778 4964 1213 5031 conﬁrmantem,
1263 4974 1318 5020 et
1366 4977 1577 5021 scutum
1621 4965 1774 5019 nobis
1802 4964 2041 5033 impene-

449 5040 639 5093 trabile
666 5054 819 5107 spem
848 5044 902 5093 in
931 5053 1057 5092 eum
1100 5052 1223 5092 esse
1252 5038 1626 5091 Ostendentcm
1670 5036 1905 5107 inducit;
1935 5052 2038 5103 qua

445 5126 544 5182 spe
569 5105 861 5166 liberamur
885 5109 953 5164 ab
981 5107 1232 5172 inimicis,
1255 5107 1307 5182 si
1337 5108 1434 5177 ipsi
1466 5116 1591 5161 ante
1619 5107 1845 5182 subjecti
1874 5105 2041 5182 lueri-

445 5177 596 5247 mus;
632 5182 1084 5251 protegimurque,
1118 5195 1187 5251 ne
1217 5178 1352 5234 ultra
1398 5194 1586 5234 eorum
1629 5177 1836 5251 insidiis
1861 5178 2041 5251 capia-3

445 5269 600 5308 mur:
631 5249 675 5306 si
720 5249 878 5307 modo
909 5265 1103 5306 nomen
1152 5250 1245 5305 Dei
1286 5264 1692 5320 cognoscamus,
1731 5249 1837 5303 hoc
1859 5259 1962 5313 est,
1993 5250 2037 5303 si

448 5324 619 5390 ipsum
649 5323 1030 5393 gratoanimo,
1062 5321 1229 5393 verbo
1256 5328 1312 5376 et
1341 5335 1526 5393 opere,
1556 5320 1733 5390 lingua
1753 5328 1810 5375 et
1834 5330 2036 5386 mente,

448 5391 740 5449 ratiociniis
766 5403 820 5449 et
841 5394 1005 5464 gestis
1038 5392 1344 5447 adoremus.
1371 5391 1570 5461 Regem
1600 5394 1798 5464 quippe
1836 5404 2039 5464 cognog

446 5466 548 5518 scit
576 5480 679 5519 non
712 5464 756 5521 is
797 5461 887 5535 qui
935 5464 1052 5519 solo
1097 5465 1277 5518 auditu
1326 5464 1497 5532 ipsum
1534 5463 1792 5535 percepit,
1823 5466 1918 5518 sed
1950 5461 2038 5530 qui

449 5535 547 5598 ipsi
577 5532 827 5595 oll‘ertur.
851 5552 917 5590 eo
943 5535 1101 5588 modo
1126 5551 1232 5605 quo
1253 5537 1456 5604 optimo
1480 5532 1591 5603 regi
1613 5532 1794 5605 olferri
1816 5548 1916 5605 par
1934 5541 2037 5605 est.

447 5604 538 5660 15.
569 5605 821 5659 (.‘lamabit
850 5607 917 5658 ml
939 5622 1036 5669 tne,
1081 5603 1442 5659 ecca'audiam
1486 5621 1620 5657 eum.
1649 5603 1787 5671 Quid
1814 5603 2038 5665 beatius,

445 5692 606 5746 quam
641 5678 806 5732 Deum
837 5675 1034 5731 habere
1057 5675 1123 5730 ad
1145 5692 1298 5746 opem
1326 5685 1512 5731 contra
1541 5674 1877 5730 adversnrios
1907 5688 2042 5744 prm-

512 5808 588 5875 (a)
619 5810 693 5862 sic
711 5809 827 5863 alibi
849 5810 1122 5863 ttatachiam
1158 5818 1295 5864 vocat
1319 5808 1666 5861 Malaebielcm.

1878 5902 1931 5937 γ’

1826 310 1891 367 ΙΝ
1931 310 2254 369 ιιδιιωιυιι
2296 309 2429 366 XCl.

3671 322 3774 391 762

2174 427 2420 504 standum
2446 426 2729 504 paratum!
2753 428 2883 504 Cum
2918 430 3172 504 ipso_sum
3205 433 3258 489 in
3284 435 3627 504 tribulatione,
3670 441 3771 495 cri—

2174 499 2314 580 piam
2339 514 2456 580 eum
2479 497 2861 580 .etgloriﬁcaba
2879 497 3180 580 euin._liirgo
3212 502 3484 580 tribulatio
3515 497 3624 564 non
3649 525 3768 567 am-

2174 570 2315 649 plius
2334 567 2604 649 tribulatio
2632 579 2737 633 est,
2766 571 2862 626 sed
2892 567 3146 649 gaudium
3174 583 3229 630 et
3247 575 3414 647 gloria
3445 582 3766 649 propterins

2174 640 2505 720 habitantem
2536 640 2916 720 etconsortcni
2943 642 3192 720 efﬁcitur,
3223 640 3385 720 a'tque
3404 640 3764 720 diligentibus

2172 724 2368 784 scopas
2394 711 2446 764 in
2474 712 2802 768 contrarium
2832 715 3074 770 vertitur.
3096 711 3556 784 Quemadmodum
3583 721 3763 778 Nabu-

2170 781 2571 853 chodonosoro,
2615 796 2734 837 cum
2765 798 2956 850 pueros
2987 786 3039 841 in
3065 781 3353 853 caminum,
3397 800 3457 846 ut
3497 792 3766 850 interﬁce—

2169 850 2674 935 ret,_injecit.(Dan.
2817 854 2897 935 illi
2934 872 3062 935 vero
3101 874 3206 914 non
3250 850 3425 917 modo
3447 862 3516 915 ab
3560 863 3768 933 impcu~

2168 921 2329 998 dente
2352 922 2566 998 interitu
2587 921 2775 998 erepti,
2804 925 2898 998 sed
2921 929 3082 984 etiam
3097 944 3126 983 a
3151 940 3377 998 tyranno
3402 921 3765 991 comminantis

2166 993 2373 1084 adorati
2579 993 3037 1084 liiilsonpitudine
3058 993 3255 1084 dieritm
3280 1004 3495 1084 replebo
3508 1020 3627 1084 eunt
3647 1024 3666 1059 :
3684 1006 3735 1060 l'u
3753 1035 3765 1048 ο

2170 1066 2274 1148 turi
2299 1063 2487 1148 saeculi
2505 1080 2699 1135 nempe
2729 1063 3097 1148 possessione;
3125 1063 3455 1148 haecquippc
3484 1074 3759 1148 hominum

2166 1143 2299 1209 vita,
2327 1144 2755 1209 quantacumque
2782 1143 2871 1203 sit,
2907 1156 3160 1209 perquam
3190 1143 3407 1198 minima
3438 1154 3520 1199 cst
3556 1147 3600 1200 si
3633 1163 3756 1201 eum

2165 1205 2257 1260 illa
2283 1203 2645 1276 comparetur.
2668 1203 2738 1261 Et
2765 1203 3029 1263 ostendam
3046 1211 3126 1266 illi
3150 1212 3376 1269 salutare
3396 1232 3583 1269 meum.
3607 1214 3762 1272 Salu-

2167 1284 2281 1352 t_are
2308 1276 2514 1352 dixeris
2525 1276 2925 1352 essesalutem,
2956 1296 3058 1352 qua
3088 1282 3161 1337 illi
3193 1284 3280 1352 qui
3309 1284 3359 1338 in
3395 1285 3558 1341 Deum
3586 1288 3763 1343 credi-

2165 1346 2378 1415 derunt,
2404 1348 2456 1402 in
2484 1347 2574 1403 illo
2600 1347 2849 1404 tribunali
2871 1346 3140 1408 donantur
3159 1372 3182 1407 :.
3203 1346 3432 1411 maxime
3457 1372 3582 1412 vero
3610 1358 3760 1414 dicas

2163 1431 2285 1475 esse
2311 1418 2605 1482 Christum,
2646 1422 2737 1490 qui
2776 1430 2859 1496 est
2889 1421 3060 1496 Patris
3086 1425 3353 1480 salutare:
3381 1427 3432 1481 in
3465 1428 3582 1496 ipso
3611 1430 3755 1483 enim

2162 1503 2331 1558 genus
2359 1500 2603 1545 nostrum
2631 1492 2885 1545 servavit.
2915 1493 3026 1548 lloe
3056 1496 3210 1550 nobis
3234 1497 3466 1553 salutare
3487 1492 3552 1553 se
3577 1511 3760 1555 osten-

2161 1573 2345 1641 surum
2363 1575 2482 1641 esse
2498 1559 2758 1641 promisit.
2779 1560 3230 1641 Diorumenim‘ea
3247 1582 3372 1641 spes
3389 1579 3490 1641 cst,
3510 1579 3564 1623 ut
3585 1570 3769 1641 ipsimi

2163 1629 2300 1686 facie
2323 1631 2391 1686 ad
2413 1629 2605 1687 faciem
2628 1632 2789 1687 visuri
2813 1635 2942 1700 sint,
2970 1636 3108 1691 sicut
3132 1629 3329 1693 Paulus
3358 1629 3646 1696 Corinthiis
3667 1642 3760 1696 dc-

2159 1702 2383 1757 claravit
2405 1703 2481 1772 (Ι.
2511 1702 2630 1758 Cor.
2663 1704 2749 1758 15.
2781 1704 2896 1774 12).

2162 1811 2215 1870 1.
2257 1813 2500 1872 Psalmns
2527 1817 2711 1872 cantici
2741 1817 2928 1873 Davidi
2966 1820 3021 1874 in
3051 1823 3133 1876 die
3170 1835 3289 1876 ante
3319 1822 3614 1878 Sabbatum.
3646 1842 3753 1881 xei.

2233 1910 2285 1964 1.
2329 1911 2643 1982 Anonymus
2671 1922 2756 1968 est
2784 1912 3050 1982 Psalmus,
3090 1915 3185 1970 sed
3215 1933 3321 1971 non
3363 1926 3510 1972 caret
3560 1918 3753 1973 inscri-

2161 1980 2341 2049 ptione
2371 1997 2386 2056 ξ
2419 1980 2627 2036 titulum
2659 1984 2856 2056 quippe
2886 1981 3066 2056 habet,
3094 1985 3185 2055 qui
3224 1998 3597 2056 argumentum
3625 1988 3755 2045 elle-

2160 2059 2262 2129 _rat,
2294 2050 2397 2129 sed
2418 2068 2612 2129 nomen
2644 2050 2969 2129 tiiodulantis
2997 2050 3190 2129 taceat.
3225 2050 3354 2129 Quae
3381 2074 3543 2129 causa
3571 2060 3752 2129 fuerit,

2158 2121 2436 2192 inscriptio
2461 2122 2679 2178 indicat.
2714 2125 2846 2193 Quia
2874 2126 3017 2180 enim
3047 2127 3099 2181 in
3130 2126 3216 2182 die
3238 2121 3459 2184 Sabbati
3477 2121 3753 2187 canendus

2158 2202 2273 2267 erat
2303 2194 2391 2248 hic
2417 2192 2684 2267 P_salmus,
2708 2192 2830 2251 cum
2866 2211 3052 2252 omnes
3080 2197 3249 2267 ipsum
3278 2206 3528 2254 cantores
3557 2202 3752 2256 modu-

2157 2263 2416 2340 larentur)
2445 2263 2565 2332 jure
2592 2281 2768 2337 neque
2798 2267 3006 2340 Davidis
3034 2263 3209 2340 neque
3235 2269 3455 2338 Asaphi,
3489 2287 3662 2340 neque
3682 2271 3746 2327 li-

2156 2333 2348 2417 liorum
2375 2332 2532 2417 gere,
2550 2332 2748 2417 .neqiie
2773 2337 2994 2393 alterius
3021 2332 3317 2417 cuiuspiam
3345 2332 3467 2396 esse
3514 2332 3747 2417 dicitur;

2157 2413 2214 2459 ut
2242 2406 2521 2475 inscriptio
2549 2406 2749 2463 indicat
2780 2425 2793 2462 :
2841 2406 3144 2465 communis
3170 2406 3312 2466 enim
3358 2423 3439 2466 est
3464 2429 3491 2476 ;,
3529 2406 3753 2470 monile;

2154 2485 2405 2551 stumque
2431 2484 2516 2532 est
2545 2478 2881 2551 prophetiam
2914 2478 2999 2533 hic
3024 2490 3080 2534 ut
3107 2481 3159 2535 in
3188 2482 3407 2551 reliquis
3430 2482 3656 2538 Psalmis
3682 2484 3748 2538 ad

2154 2544 2408 2620 Davidém
2438 2544 2725 2620 pertinere.
2757 2550 2811 2620 2.
2846 2548 3043 2604 Bonum
3073 2563 3143 2605 est
3171 2544 3399 2620 conﬁteri
3430 2552 3670 2620 Domino,
3704 2563 3752 2609 et

2154 2617 2375 2686 psallere
2399 2619 2591 2672 nomini
2618 2629 2724 2688 tuo,
2748 2619 3024 2675 Altissime.
3057 2617 3340 2689 Quomodo
3365 2623 3631 2678 enimnon
3655 2617 3751 2679 bo-

2156 2702 2284 2741 num
2312 2701 2458 2744 esset
2484 2691 2730 2745 conliteri
2763 2691 2904 2746 bono
2933 2692 3030 2754 illi,
3069 2701 3127 2747 et
3172 2693 3553 2749 conﬁtentibus
3581 2695 3744 2751 bene—

2157 2757 2279 2826 lico,
2304 2774 2404 2832 nec
2432 2775 2686 2831 umquam
2717 2777 2810 2817 eos
2837 2763 3118 2832 pllnlt'llli?
3157 2764 3290 2819 Cum
3339 2765 3482 2819 enim
3523 2766 3657 2822 sciat
3686 2782 3749 2821 ea

2156 2844 2282 2902 gnte
2312 2829 2388 2902 ad,
2407 2846 2506 2885 nos
2535 2829 3057 2902 pertinentfplacide
3089 2842 3264 2889 tamen
3291 2850 3353 2889 ea
3389 2850 3419 2889 a
3445 2835 3750 2892 conﬁtenti-

2153 2898 2253 2954 bus
2281 2916 2340 2955 se
2360 2898 2545 2971 doceri
2568 2898 2930 2971 permittit,'ut
2970 2903 3202 2959 inimicis
3232 2904 3385 2959 tollat
3409 2905 3747 2962 occasionem

2153 2985 2254 3045 nos
2272 2970 2582 3045 accusandi,
2627 2988 2830 3045 nosque
2882 2989 2976 3042 per
3021 2973 3415 3030 confessionem
3464 2976 3743 3045 justiﬁcet.

2151 3039 2334 3115 Justus
2374 3042 2616 3115 enimmin
2662 3039 2913 3115 principio
2959 3045 3204 3099 sermonis
3246 3039 3511 3101 accusator
3554 3058 3626 3101 est
3669 3049 3752 3103 sui

2151 3111 2171 3180 (
2199 3110 2356 3187 Pr_ou.
2380 3112 2479 3187 _18.
2512 3113 2622 3187 i7).
2653 3110 2918 3187 Caeterum
2964 3126 3324 3185 congruenter
3371 3117 3547 3186 primo
3593 3119 3749 3187 jubet

2151 3181 2410 3268 conﬁteri,
2433 3199 2496 3268 ac
2517 3181 2707 3268 deinde
2723 3185 2951 3268 psallere
2980 3202 2995 3240 :
3024 3181 3147 3267 quia
3169 3181 3385 3268 oportet
3403 3188 3566 3243 Deum
3580 3181 3746 3268 corde

2150 3266 2287 3324 puro
2312 3252 2607 3328 celebrare.
2638 3252 2921 3322 Quomodo
2955 3252 3097 3328 enim
3129 3252 3392 3328 quispiam
3433 3274 3464 3312 a
3511 3259 3745 3327 peccatis

2153 3323 2363 3393 purgari
2387 3325 2583 3396 valeat,
2607 3328 2709 3380 nisi
2739 3341 2834 3396 per
2859 3323 3292 3383 confessionem?
3317 3328 3455 3395 Quid
3487 3323 3586 3383 sibi
3625 3329 3746 3384 vult

2149 3392 2349 3457 autem,
2378 3392 2608 3451 Psallere
2624 3392 2808 3451 bonum
2825 3407 2897 3451 est
2915 3398 2940 3451 ?
2957 3398 3011 3453 Id
3029 3408 3130 3459 est.
3158 3398 3295 3454 Utile
3314 3392 3367 3455 et
3388 3398 3739 3455 fructuosum.

2155 3463 2213 3539 ἦ.
2249 3463 2328 3518 Ad
2350 3468 2757 3522 annuntiandum
2783 3485 2931 3522 mane
2958 3468 3354 3525 misericordiam
3383 3479 3521 3524 luant
3545 3512 3561 3539 ,
3589 3481 3634 3526 et
3655 3487 3739 3525 ve-

2148 3536 2350 3619 ritatem
2383 3547 2528 3617 tuam
2565 3555 2654 3619 per
2681 3549 2896 3593 nectent.
2945 3539 3340 3619 Die_pocteg_ue
3383 3536 3743 3619 circaDeum

2149 3605 2395 3683 meditari
2419 3605 2694 3680 pra’cipit;
2736 3625 2856 3683 nam
2886 3625 3008 3664 cum
3040 3609 3196 3683 Mane
3221 3605 3347 3667 dicit
3370 3655 3383 3676 ,
3408 3611 3546 3667 diem
3572 3613 3741 3683 signi-

2149 3677 2291 3751 litat.
2328 3675 2525 3732 Verum
2554 3675 2713 3751 noctu
2741 3680 3023 3734 veritatem
3071 3681 3315 3736 meditari
3345 3675 3596 3751 oportere
3621 3675 3739 3737 stas

2150 3748 2276 3821 tuit,
2313 3759 2511 3802 mctqu
2540 3750 2690 3821 nobis
2713 3750 2803 3804 illo
2835 3759 3073 3820 tempore
3095 3759 3150 3805 ct
3175 3748 3638 3821 compunctioncm
3661 3754 3745 3808 af—

2149 3817 2256 3891 fert
2285 3861 2299 3882 ,
2330 3828 2388 3872 ut
2414 3861 2431 3885 ,
2465 3820 2585 3888 quia
2625 3833 2780 3891 nocte
2807 3829 2863 3875 ut
2908 3817 3194 3891 plurimum
3224 3817 3372 3877 multi
3404 3822 3648 3878 homines
3677 3826 3743 3881 ad

2151 3889 2477 3958 voluptatem
2506 3901 2559 3945 et
2584 3890 2648 3944 ad
2674 3889 3157 3946 conciliantuntur
3177 3934 3190 3955 ,
3225 3893 3276 3946 in
3305 3894 3620 3948 memoriam
3650 3912 3740 3948 re-

2148 3969 2400 4031 vitcantes
2444 3960 2535 4012 Dei
2584 3961 2861 4015 veritatem
2910 3962 3278 4031 peccatoribus
3314 3974 3393 4019 ter
3425 3964 3602 4018 ibilem
3636 4007 3649 4026 ,
3676 3965 3744 4019 ab

2148 4030 2293 4100 omni
2317 4029 2548 4084 absurdo
2572 4045 2737 4100 Opere
2756 4041 2810 4086 et
2837 4029 3013 4087 illicita
3044 4035 3366 4100 cegitatione
3398 4035 3701 4089 abstineant
3724 4053 3737 4087 :

2147 4099 2192 4155 si
2221 4117 2346 4154 vero
2386 4099 2663 4170 peccatum
2709 4102 3058 4166 admiserint,
3090 4104 3430 4161 illucescente
3457 4107 3741 4168 matutino,

2148 4186 2241 4225 seu
2266 4172 2582 4226 adveniente
2611 4173 2718 4235 die,
2754 4188 2821 4227 ne
2851 4173 3162 4241 desiierent,
3193 4176 3285 4229 sed
3316 4174 3409 4229 Dei
3435 4176 3740 4230 inisericin'-~

2146 4241 2288 4295 diam
2324 4244 2661 4317 meditantes.
2681 4244 2745 4298 ad
2765 4245 3132 4317 pmnitcntiam
3153 4246 3475 4317 respiciant:
3501 4263 3600 4317 qua
3627 4248 3739 4301 SOL‘I

2150 4323 2460 4381 peccatores
2509 4315 2718 4368 veniam
2765 4315 3019 4384 consequi
3069 4315 3311 4384 possunt.
3363 4315 3567 4371 Deinde
3613 4334 3741 4372 vero

2187 4400 2258 4455 uo
2286 4396 2439 4455 pacto
2469 4384 2731 4453 pSaIIere,
2763 4401 2868 4453 quo
2896 4398 3050 4455 pacto
3077 4388 3394 4441 annimtiare
3433 4387 3693 4445 debemus
3718 4391 3742 4440 ἲ

2188 4495 2199 4507 .
2230 4452 2297 4508 1η
2325 4454 2641 4509 decacliordo
2673 4452 2933 4524 psalterio,
2966 4474 3080 4510 cum
3102 4459 3297 4510 cantico
3327 4459 3379 4510 in
3408 4458 3627 4510 cithara.
3662 4457 3759 4512 Ex.

2148 4534 2375 4597 utroque
2427 4524 2772 4581 Testamento
2803 4569 2816 4590 ,
2852 4528 3162 4597 evangelico
3206 4528 3409 4583 scilicet
3454 4538 3508 4582 et
3537 4528 3689 4596 legali
3723 4571 3737 4594 ,

2146 4594 2549 4667 meditationem
2583 4597 2858 4667 psallentis
2899 4594 3012 4651 vult
3045 4613 3164 4653 esse
3215 4594 3635 4654 miscricordiam
3684 4612 3742 4653 et

2145 4667 2444 4720 veritatem.
2476 4666 2600 4721 Iden
2627 4667 2933 4736 psalterium
2960 4677 3008 4722 et
3040 4667 3299 4722 citharam
3329 4677 3620 4724 memorat:
3653 4686 3742 4725 ve-

2145 4753 2263 4808 rum
2290 4737 2448 4791 etiam
2489 4754 2610 4792 cum
2664 4738 2748 4792 hic
2796 4738 3103 4808 psalterium
3135 4738 3526 4794 decacliordum
3565 4740 3741 4808 dicit,

2144 4806 2314 4877 legale
2355 4808 2754 4863 Testamentum
2792 4806 3149 4863 Subindieavit
3179 4828 3194 4865 :
3224 4811 3410 4866 decem
3442 4811 3583 4866 enim
3618 4806 3744 4865 sont

2148 4888 2409 4949 pra-cepta
2432 4877 2483 4932 in
2508 4879 2641 4949 lege.
2672 4878 2808 4934 Hinc
2850 4880 2971 4949 quia
3012 4882 3279 4937 canticum
3301 4881 3520 4935 citharae
3541 4880 3743 4935 adscri.

2147 4949 2500 5030 psitLNovuni
2522 4950 3011 5030 prorsusdcelarat,
3027 4951 3092 5006 de
3105 4953 3310 5030 quohic
3333 4953 3443 5030 ipse
3466 4950 3755 5021 psalmista.

2146 5019 2200 5074 in
2225 5021 2325 5091 alia
2352 5019 2642 5091 prophetiae
2670 5033 2820 5090 parte
2845 5021 3056 5077 dicebat
3076 5041 3086 5075 :
3110 5019 3268 5091 Deus,
3285 5019 3533 5076 canticum
3557 5038 3742 5091 noimm

2145 5090 2365 5163 cantabo;
2388 5091 2564 5163 tibi,in
2588 5091 2827 5162 psalterio
2849 5093 3165 5148 decacltordo
3187 5090 3404 5163 psallam
3427 5092 3516 5146 tibi
3541 5092 3560 5162 (
3592 5090 3743 5148 Psal.

2147 5163 2273 5234 145.
2320 5160 2399 5230 9).
2450 5160 2828 5234 Evangelicum
2859 5179 2990 5234 ergo
3021 5160 3395 5220 testamentum
3424 5160 3731 5234 adumbrat.

2145 5232 2254 5288 Cur
2282 5244 2459 5288 autem
2485 5232 2788 5301 duplicibus
2815 5232 3186 5289 instrumentis
3209 5234 3276 5289 ad
3319 5234 3607 5289 melodiam
3636 5233 3743 5289 uti.

2149 5305 2268 5359 tur?
2286 5303 2338 5358 5.
2367 5304 2499 5374 Quia
2515 5304 2772 5359 delectain
2790 5322 2886 5369 me,
2907 5301 3151 5372 Domine,
3178 5306 3232 5359 in
3255 5304 3455 5374 [actura
3482 5312 3590 5370 tua,
3619 5319 3666 5358 et
3687 5306 3769 5364 in;

2147 5376 2382 5446 operibus
2408 5391 2651 5429 manuum
2692 5384 2895 5429 tuarum
2928 5375 3212 5430 exsultatio.
3246 5375 3515 5446 Duplicia,
3549 5377 3739 5445 inquit,

2146 5444 2284 5500 bona
2332 5445 2533 5512 habeo;
2576 5446 2806 5513 ideoque
2843 5446 3073 5516 duplicia
3117 5446 3183 5502 ad
3224 5444 3622 5502 celebrandam
3647 5446 3742 5501 Dei

2146 5516 2370 5586 gloriam
2401 5518 2754 5573 instrumenta
2783 5518 2971 5571 adesse
2992 5518 3492 5576 curavi..L:ctamur
3519 5518 3661 5572 enim
3686 5518 3767 5571 in.

2148 5587 2356 5641 factura
2388 5588 2505 5651 Dei,
2538 5587 2588 5642 in
2624 5587 3018 5655 pulchritudine
3047 5588 3195 5654 caeli,
3238 5592 3291 5642 in
3322 5589 3579 5643 varietate
3615 5587 3748 5642 stel-

2151 5658 2345 5722 larum,
2380 5659 2431 5711 in
2480 5659 2634 5713 bonis
2681 5668 2860 5723 terrai,
2909 5659 2962 5713 in
2994 5660 3357 5729 negotiatione
3398 5661 3584 5713 maris.
3629 5659 3745 5713 lloc

2150 5730 2294 5801 enim
2325 5730 2489 5801 verbo
2512 5744 2687 5801 omne
2722 5730 2929 5801 visibile
2956 5730 3237 5801 designare
3280 5730 3420 5795 solet
3467 5730 3764 5798 Scriptura.

2152 5798 2328 5857 divina
2356 5816 2370 5855 :
2400 5796 2454 5857 id
2492 5798 2732 5858 declarat
2760 5798 3017 5859 Salomon
3050 5796 3110 5857 lii
3153 5800 3478 5861 Ecclesiaste
3511 5796 3736 5858 dicens:
