4104 6418
617 322 718 378 767

611 441 824 496 nescire
844 437 1043 494 scilicet
1077 435 1405 504 temporibus
1427 443 1480 491 et
1499 434 1658 490 rebus
1681 444 1736 491 ut
1758 449 1852 506 par
1870 445 1953 490 est
1974 432 2046 489 uti
2069 449 2084 490 :
2109 452 2208 490 nec

611 527 673 565 ca
721 525 880 563 nasse
908 525 1028 580 qua:
1057 508 1197 580 apud
1226 523 1427 580 omnes
1457 509 1506 560 in
1547 508 1794 561 confesso
1821 517 1945 560 sunt
1969 547 1982 566 .
2017 521 2208 580 nempe

616 597 736 650 quze
781 577 1118 650 sequuntur:
1148 579 1200 632 9.
1236 578 1337 644 Qui
1378 579 1623 647 plantavit
1664 594 1840 650 aurem
1881 595 1980 630 non
2015 577 2205 640 audiet,

615 648 704 704 aut
730 653 817 721 qui
845 648 994 717 ﬁnxit
1022 653 1221 721 oculum
1245 665 1343 701 non
1373 648 1699 701 considerat?
1730 649 2051 721 Perorgaua
2081 664 2206 702 sen-

613 739 706 778 sus
734 720 893 776 etiam
921 722 1012 790 qui
1043 720 1224 772 insunt
1255 721 1467 778 indicat.
1488 721 1726 773 auditum
1755 720 1958 773 scilicet
1978 729 2031 772 et
2052 734 2206 786 aspe-

613 804 792 854 ctum;
823 791 923 846 hos
952 792 1093 846 enim
1117 806 1305 844 Sensus
1331 802 1384 844 et
1407 792 1543 844 alios
1577 791 1684 844 Ileo
1704 790 1896 860 opiliee
1928 790 2205 843 habemus.

612 863 917 930 Quomodo,
951 862 1154 930 inquit,
1182 861 1413 915 dixerint
1455 863 1622 915 Deum
1653 864 1800 914 nullo
1827 863 1965 913 circa
1994 875 2080 913 res
2109 877 2207 912 no-

615 947 755 988 stras
796 949 956 987 sensu
995 933 1234 996 moveri,
1267 933 1354 1002 qui
1386 934 1548 986 etiam
1592 934 1764 1000 ipsum
1797 947 2012 984 seusum
2055 930 2207 984 nobis

612 1006 780 1070 dedit,
815 1019 924 1058 non
947 1004 1168 1058 daturus
1197 1003 1297 1056 nisi
1326 1004 1561 1057 novisset
1591 1002 1788 1056 bonum
1821 1018 1944 1056 esse
1973 1003 2208 1057 mimus?

611 1076 898 1142 Quodlibet
934 1087 1110 1130 autem
1157 1075 1352 1128 bonum
1399 1073 1572 1142 primo
1614 1073 1802 1128 ordine
1843 1074 1898 1126 in
1941 1073 2060 1141 ipso
2101 1073 2208 1125 Deo

613 1147 910 1209 constituit,
946 1146 1206 1200 bonorum
1237 1145 1476 1198 omnium
1502 1155 1738 1198 auctore.
1767 1145 1849 1198 to.
1880 1143 1978 1210 Qui
2000 1144 2208 1212 corripit

612 1230 812 1290 gentes,
840 1233 941 1271 non
969 1225 1164 1288 arguet,
1195 1217 1282 1290 qui
1309 1215 1452 1290 docet
1482 1215 1743 1290 hominem
1761 1214 2058 1290 scientiattt?
2085 1215 2210 1268 tlzec

615 1284 942 1358 interrogat,
973 1284 1078 1342 non
1108 1284 1258 1356 quasi
1300 1287 1461 1358 dubia
1489 1287 1618 1348 sint,
1651 1286 1745 1341 sed
1787 1284 1940 1356 quasi
1987 1285 2039 1337 itt
2081 1299 2210 1358 con:-

615 1360 764 1416 l'esso
803 1355 943 1427 apud
991 1355 1213 1420 omnes,
1243 1371 1361 1427 qua:
1392 1355 1488 1425 per
1519 1357 1965 1427 interrogationes
1992 1369 2089 1410 eos
2117 1355 2210 1423 qui

614 1426 988 1486 contradicunt
1019 1428 1220 1497 pudore
1252 1426 1578 1481 Sull‘nndant.
1621 1426 1751 1481 Nam
1784 1429 1827 1481 si
1854 1427 2053 1480 multas
2079 1441 2209 1496 gun'

617 1512 698 1556 tes
723 1542 738 1562 .
769 1501 820 1555 id
849 1509 932 1554 est
959 1503 1247 1553 humanum
1273 1513 1440 1568 genus
1464 1539 1478 1562 ,
1513 1499 1753 1561 instituit,
1789 1497 2066 1568 quomodo
2087 1512 2212 1565 pee-

615 1582 828 1626 catorcs
867 1571 1143 1641 Speciatim
1193 1586 1299 1624 non
1353 1569 1665 1641 redarguet?
1707 1569 1989 1638 Quomodo
2032 1579 2212 1641 autem

615 1655 804 1712 gentes
852 1639 1114 1696 instituit?
1160 1641 1450 1696 Seieutiam
1499 1639 1742 1706 docens,
1786 1642 1977 1710 inquit.
2039 1639 2208 1712 Quam

615 1711 931 1770 scientiam?
972 1713 1352 1766 Discretiouem
1382 1713 1502 1766 boni
1532 1721 1586 1767 et
1617 1713 1738 1766 tituli
1761 1754 1775 1777 ,
1809 1727 1988 1765 rerum
2021 1711 2211 1764 noxia-

616 1800 736 1840 rum
779 1795 833 1840 et
871 1784 1098 1838 utilium.
1128 1784 1258 1854 ίιιωο
1287 1783 1483 1853 quippe
1505 1785 1682 1837 omnia
1715 1784 1829 1854 ipse
1858 1797 1962 1836 non
1993 1796 2087 1854 per
2112 1796 2209 1854 cu-

616 1865 842 1921 ratores,
864 1870 970 1910 non
995 1870 1088 1924 per
1108 1851 1494 1919 doctores,’s’ed
1514 1871 1577 1910 ex
1602 1851 1778 1908 innata
1802 1854 1993 1908 notitia
2009 1851 2208 1907 docuit.

616 1925 847 1998 Ideoque
875 1934 1159 1998 peccantes
1179 1938 1360 1998 argue‘
1384 1967 1399 1988 ,
1435 1925 1485 1980 id
1517 1934 1620 1988 est,
1644 1925 1923 1998 judicabit.
1956 1924 2207 1998 Ignoran-

615 1997 742 2052 tiam
766 1996 961 2067 quippe
986 1996 1112 2066 justi
1145 2006 1199 2052 et
1219 1997 1397 2066 iujnsti
1427 2012 1531 2051 non
1563 1997 1856 2066 poterimus
1880 1997 2017 2064 apud
2044 1996 2208 2066 Deum

617 2069 991 2150 pta-tendere,
1042 2067 1162 2150 quia
1215 2082 1310 2150 per
1352 2068 1872 2150 Ιυεοιιιηιιςιξιιιτιιϐιιι
1922 2067 2210 2150 discrimen

616 2138 757 2195 inter
777 2149 1059 2209 utrumque
1080 2139 1252 2194 edocti
1283 2155 1488 2193 sumus.
1522 2139 1608 2193 ll.
1635 2138 1885 2191 Dominus
1909 2138 2000 2190 scit
2027 2139 2212 2209 cogita-

613 2212 772 2264 tiones
801 2207 1084 2276 hominum,
1113 2211 1352 2278 quoniam
1376 2226 1518 2264 vana:
1540 2221 1676 2264 sunt.
1723 2210 1834 2263 Hoc
1870 2226 1974 2262 nou
2018 2207 2210 2261 frustra

616 2297 757 2335 nunc
778 2282 931 2336 ell'ert
959 2282 1234 2351 psalntista
1262 2298 1274 2335 :
1305 2296 1371 2334 ne
1394 2281 1531 2335 forte
1559 2291 1802 2350 putemus
1841 2280 2008 2334 Deum
2040 2279 2215 2331 ltomi—

617 2368 714 2407 nes
741 2355 1002 2424 patienter
1021 2351 1183 2420 ferre,
1217 2351 1550 2423 ignorantem
1572 2362 1828 2421 quantum
1857 2352 1908 2404 iu
1931 2351 2213 2420 cogitatio-

617 2425 776 2478 nibus
800 2424 1065 2487 labantur,
1097 2432 1152 2477 et
1172 2438 1330 2492 quam
1361 2438 1492 2476 vana
1527 2424 1576 2476 iit
1610 2436 1788 2477 mente
1819 2431 2066 2492 versent,
2094 2436 2212 2489 qua:

615 2494 682 2548 ad
711 2493 1096 2563 blasphemiam
1125 2494 1176 2546 itt
1192 2491 1476 2548 Christum
1505 2495 1824 2564 pertingant.
1852 2491 1968 2546 Non
2006 2495 2214 2562 ignorat

615 2581 765 2634 eligo,
799 2565 893 2620 sed
921 2579 1142 2636 gnarus,
1170 2579 1356 2618 eorum
1376 2565 1632 2634 judicium
1662 2566 1715 2618 in
1747 2566 1978 2618 futurum
2004 2574 2213 2632 tempus

614 2646 886 2701 reservat;
922 2650 1026 2689 non
1060 2644 1234 2689 tamen
1255 2649 1380 2705 erga
1404 2650 1626 2701 omnes;
1657 2637 1913 2705 quosdam
1937 2636 2079 2689 enim
2098 2637 2209 2702 jam

613 2707 679 2761 ad
713 2709 1028 2776 sapientiam
1059 2706 1256 2770 erudit,
1291 2707 1358 2760 de
1387 2707 1582 2776 quibus
1617 2707 1668 2759 in
1706 2706 2056 2776 sequentibus
2080 2707 2213 2759 dici-

614 2788 701 2831 tur
733 2795 747 2831 :
779 2779 872 2832 1'3.
904 2775 1088 2830 Beatus
1113 2777 1263 2830 homo
1289 2775 1434 2847 quem
1461 2787 1516 2830 tu
1536 2778 1800 2845 erudieris,
1826 2775 2060 2842 Domine,
2085 2786 2129 2829 et
2150 2777 2214 2830 de

612 2850 722 2919 lege
751 2861 836 2902 tua
864 2848 1095 2901 docueris
1120 2864 1254 2901 eunt.

683 2920 736 2973 2.
773 2920 950 2973 Multis
975 2919 1146 2973 modis
1176 2918 1318 2988 quia
1344 2919 1454 2973 Dco
1479 2919 1723 2974 eruditur
1753 2919 1940 2974 beatus
1968 2917 2163 2973 dicitur
2195 2936 2208 2974 :

612 2993 785 3061 primo
811 2991 1056 3059 quidem,
1089 2990 1210 3059 quia
1243 2991 1434 3044 melior
1459 3001 1513 3044 et
1543 2992 1834 3060 sapientior
1860 2991 2121 3056 redditur,
2157 2999 2214 3044 ut

611 3079 718 3116 nou
762 3063 897 3115 ultra
935 3062 1212 3115 brutorum
1245 3063 1403 3114 vitam
1442 3061 1635 3125 ducat,
1665 3077 1837 3131 neque
1882 3062 2214 3116 rationabilis

610 3141 846 3198 creatus,
878 3134 1016 3186 inter
1041 3132 1421 3186 irrationabilia
1449 3134 1837 3194 constituatur;
1870 3131 2065 3187 deinde
2085 3135 2209 3202 quia

609 3218 641 3258 a
673 3205 781 3258 Deo
818 3204 1120 3269 institutus,
1147 3204 1301 3273 quasi
1323 3217 1351 3255 a
1381 3213 1529 3272 patre
1565 3203 1875 3258 verberatur
1909 3221 1922 3257 :
1955 3203 2214 3272 quamob-

609 3289 724 3329 rem
754 3289 858 3328 nou
902 3273 1102 3346 puniri,
1125 3274 1220 3328 sed
1245 3275 1442 3328 erudiri
1473 3274 1666 3329 dicitur
1691 3293 1704 3328 :
1732 3276 1920 3343 punire
1959 3275 2101 3346 enim
2126 3275 2213 3346 ju-

611 3346 790 3416 dicum
813 3355 896 3400 est
919 3362 934 3409 ;
958 3345 1169 3398 erudire
1192 3354 1605 3416 pt'ieceptorum.
1625 3347 1958 3416 Quapmpter
1986 3345 2210 3415 addidit,

609 3415 690 3472 De
714 3418 824 3487 lege
851 3425 937 3470 tua
961 3416 1190 3468 docueris
1211 3431 1350 3480 eum,
1376 3415 1668 3470 ostendens
1697 3415 1860 3470 Deum
1889 3432 1992 3471 non
2019 3418 2212 3471 iratum

610 3487 844 3551 erudire,
873 3488 965 3540 sed
989 3503 1110 3541 eum
1132 3501 1288 3555 quem
1314 3487 1488 3541 erudit
1511 3487 1562 3539 in
1591 3487 1705 3556 lege
1727 3488 1940 3541 doctum
1962 3489 2210 3543 reddere.

609 3558 937 3628 Ecquasuam
960 3557 1203 3612 utilitas?
1229 3557 1314 3612 15.
1348 3556 1415 3611 llt
1437 3558 1632 3628 mitiges
1653 3573 1763 3611 eunt
1783 3576 1815 3610 a
1841 3560 2015 3612 diebus
2041 3561 2210 3626 malis,

616 3632 778 3683 donec
804 3630 1030 3699 fodiatur
1055 3629 1305 3698 peccatori
1331 3629 1494 3696 fovea.
1529 3629 1918 3684 Beatitudinem
1943 3646 2064 3684 esse
2094 3646 2210 3684 nta-

611 3717 770 3770 gnam
801 3701 929 3756 dicit
959 3699 1218 3771 propheta
1250 3699 1620 3771 liberationem
1649 3714 1678 3753 a
1703 3699 1880 3754 futuro
1906 3702 2168 3770 supplicio
2191 3744 2208 3769 ,

613 3769 733 3825 ideo
773 3774 824 3825 itt
861 3769 972 3825 alio
1008 3771 1220 3824 Psalmo
1247 3770 1413 3843 dicit:
1445 3769 1634 3824 Beatus
1677 3772 1762 3843 qui
1793 3769 2029 3842 intelligit
2059 3789 2214 3843 super

611 3859 822 3912 egenum
843 3853 886 3895 et
913 3858 1184 3912 pauperem
1207 3856 1228 3906 ;
1268 3842 1320 3894 in
1345 3842 1426 3894 die
1451 3844 1587 3896 mala
1631 3842 1857 3896 liberabit
1894 3860 2006 3897 eum
2037 3842 2214 3896 Domi-

607 3911 706 3966 stus
748 3911 930 3996 (_Psal.
963 3911 1052 3967 40.
1097 3911 1185 3996 2).
1233 3912 1418 3996 Itaque
1455 3913 1576 3996 jure
1604 3928 1745 3968 nunc
1770 3915 2210 3996 _etiam_beatttm

609 3985 888 4066 constituit
919 4000 1042 4066 eum
1068 3984 1155 4047 qui
1198 3985 1440 4066 eruditur
1465 4000 1494 4038 a
1519 3984 1627 4064 Deo
1648 4024 1661 4049 ,
1693 3985 1814 4066 quia
1837 4001 1935 4056 per
1965 3984 2100 4066 l_t_:mc
2124 3986 2207 4040 iu-

613 4056 944 4108 stitutionem
974 4054 1147 4107 futura
1178 4056 1310 4107 vitat
1329 4056 1488 4121 mala,
1518 4055 1650 4110 etin
1673 4054 1861 4110 diebus
1881 4057 2036 4110 malis
2060 4072 2213 4111 nian-

609 4126 893 4179 suetudine
924 4126 1147 4189 fruetur,
1182 4125 1232 4179 id
1263 4137 1367 4190 est,
1400 4126 1463 4179 iis
1491 4127 1838 4195 temporibus,
1869 4131 2059 4197 qu.bus
2089 4142 2205 4197 pa:-

612 4211 711 4250 uas
735 4199 1080 4264 esperiuntur
1102 4198 1135 4248 ii
1159 4197 1246 4266 qui
1269 4199 1604 4268 puniuntur,
1646 4197 1841 4266 quibus
1879 4199 1926 4268 ei
1956 4201 2044 4268 qui
2087 4215 2210 4254 vere

610 4277 858 4336 peccator
897 4277 995 4330 est,
1029 4282 1219 4335 nempe
1248 4267 1480 4328 diabolo,
1509 4266 1577 4320 de
1602 4283 1708 4336 quo
1736 4267 1862 4321 dicit
1891 4266 2106 4335 Paulus,
2143 4269 2209 4324 Ut

609 4339 702 4409 [itit
729 4354 885 4409 supra
942 4337 1148 4409 modum
1200 4353 1414 4409 peccans
1460 4348 1720 4406 peccatum
1773 4355 1862 4406 per
1913 4344 2210 4394 mandatum

611 4423 628 4478 ί
657 4407 806 4462 llam.
833 4410 885 4463 7.
917 4409 1036 4479 i3),
1065 4408 1217 4463 fovea
1240 4408 1509 4462 elloditttr.
1543 4411 1803 4462 l’araulttr
1828 4411 2025 4479 quippe
2051 4413 2100 4466 ei
2127 4415 2211 4466 lu-

610 4489 725 4534 tura
755 4481 1034 4551 supplicia,
1063 4495 1182 4548 qua:
1212 4479 1419 4534 foveam
1440 4489 1802 4549 congruenter
1831 4484 2055 4546 vocavit,
2081 4485 2204 4551 quia

605 4566 676 4605 ex
708 4551 836 4618 ipsis
867 4565 1156 4618 numquam
1183 4565 1461 4620 emergere
1486 4552 1718 4619 poterit,
1752 4551 1845 4604 sed
1877 4555 1928 4605 in
1959 4554 2063 4607 illis
2095 4571 2206 4606 uta-

610 4621 754 4676 nebit
781 4623 932 4691 quasi
959 4623 1013 4675 in
1041 4621 1192 4676 fovea
1220 4623 1462 4675 obrutus.
1491 4625 1891 4676 Uhservandntn
1923 4635 2099 4678 autern
2126 4635 2208 4679 est

614 4691 873 4748 Davidem
901 4709 1007 4746 non
1030 4694 1273 4746 eamdem
1303 4691 1444 4746 diem
1469 4693 1660 4746 malam
1680 4693 1879 4760 dicere,
1909 4710 2067 4763 quam
2091 4697 2206 4750 dies

608 4765 777 4818 malas
808 4779 1022 4818 rursum
1055 4764 1262 4818 vocavit
1289 4779 1304 4815 :
1333 4764 1428 4817 sed
1467 4764 1553 4816 illa
1601 4773 1682 4817 est
1713 4765 1764 4816 itt
1805 4781 1907 4833 qua
1948 4767 2204 4834 judicium

607 4835 943 4905 proferetur,
985 4846 1040 4890 et
1063 4851 1165 4904 qua
1207 4835 1607 4888 misericordem
1646 4837 1804 4899 eruit,
1836 4837 2204 4892 omnimodam

605 4909 655 4960 ei
702 4905 1000 4962 libertatem
1051 4907 1338 4974 prmbeus:
1376 4905 1490 4960 haec
1539 4921 1669 4958 vero
1709 4917 1832 4959 sunt
1873 4913 2203 4964 eructatuum

609 4986 873 5046 lontpora.
896 4977 1233 5047 Quapropter
1255 4978 1304 5028 in
1331 4976 1520 5045 plurali
1546 4978 1694 5041 dixit,
1728 4976 1866 5043 Dies,
1896 4994 2000 5032 nou
2033 4981 2201 5046 Diem,

603 5049 800 5117 quibus
819 5047 1009 5102 diebus
1036 5047 1297 5116 mitigabit
1321 5048 1368 5101 ei
1394 5049 1482 5117 qui
1507 5049 1768 5112 eruditur,
1803 5051 1850 5100 id
1873 5059 1975 5115 est,
2004 5051 2202 5105 leviora

606 5119 795 5174 reddet
821 5120 1079 5190 supplicia
1109 5118 1402 5172 secundum
1448 5119 1662 5172 modum
1707 5120 2042 5186 eruditionis,
2069 5139 2203 5175 cott-

607 5191 900 5263 versionis,
934 5203 1090 5263 atque
1113 5190 1503 5263 emendationis
1526 5205 1645 5263 qum
1670 5205 1734 5242 ex
1763 5191 2095 5263 institutione
2120 5196 2200 5263 gi-

640 5262 802 5315 uitur.
832 5262 918 5316 Η.
954 5260 1088 5328 Quia
1113 5277 1212 5314 non
1239 5261 1446 5329 repellet
1476 5259 1722 5314 Dominus
1747 5260 1938 5329 plebem
1965 5259 2146 5329 suam;
2156 5273 2201 5317 et

621 5332 930 5386 hereditatem
952 5348 1098 5384 suam
1124 5348 1225 5384 non
1251 5332 1581 5400 derelinqnet.
1636 5334 1782 5385 l‘lanc
1825 5333 2041 5387 adducit
2079 5350 2205 5388 cau-

603 5419 718 5457 sam
750 5405 1020 5470 psalmista
1045 5419 1142 5457 cur
1173 5402 1256 5456 hic
1281 5417 1398 5466 eos,
1423 5418 1557 5470 quos
1589 5403 1772 5457 beatos
1793 5404 1942 5472 dicit,
1969 5409 2199 5460 erudiat.

605 5475 911 5546 Cutuemnt
945 5474 1140 5543 popqu
1167 5490 1265 5524 suo
1291 5483 1347 5527 et
1375 5473 1654 5546 hereditati
1687 5476 1894 5543 parcit,
1940 5477 2200 5546 quosdam

603 5545 778 5599 erudit
805 5587 821 5611 ,
865 5554 923 5600 ut
956 5554 1009 5598 et
1038 5545 1136 5614 ipsi
1158 5545 1402 5616 conversi
1435 5545 1660 5599 salutem
1681 5545 2107 5616 consequantur,
2147 5557 2204 5602 et

605 5617 722 5670 aliis
751 5616 1122 5671 conversionis
1149 5615 1361 5669 occasio
1387 5624 1442 5670 et
1471 5617 1776 5685 exemplum
1803 5615 1929 5671 sint.
1963 5620 2018 5673 Si
2045 5635 2201 5673 nam-

607 5705 710 5753 que
739 5689 896 5742 vellet
937 5688 1187 5756 populum
1216 5702 1378 5740 suum
1418 5697 1726 5754 peccantem
1763 5690 2062 5758 repellere,
2110 5700 2204 5745 aut

607 5774 758 5811 suam
801 5759 1151 5813 hereditatem
1187 5758 1550 5828 spiritualibus
1590 5759 1819 5814 inimicis
1863 5762 2196 5829 relinquere,

607 5843 713 5886 non
742 5831 978 5888 erudirct
998 5845 1116 5900 nos,
1141 5840 1198 5887 ut
1217 5846 1268 5886 tu
1292 5833 1441 5902 pejus
1459 5843 1524 5885 es
1549 5830 1824 5904 iniquitate
1843 5842 2194 5890 verterentur.

2149 317 2276 380 SPU
2283 320 2422 379 RM.
3793 325 3879 382 768

2318 435 2471 503 Quod
2500 433 2642 490 enim
2671 433 2962 506 derelictio
2999 433 3302 500 bujusmodi
3351 450 3415 488 ex
3462 449 3644 506 magna
3691 439 3879 506 prodeat

2322 509 2423 569 ira,
2455 521 2485 560 a
2512 506 2620 560 Deo
2645 505 2823 560 disces
2847 505 3064 560 Judteos
3093 506 3170 560 sic
3198 505 3498 574 alloquente
3521 521 3533 556 :
3566 505 3682 560 Non
3702 509 3880 565 visitabo

2317 595 2428 630 cunt
2461 577 2718 649 internata:
2737 578 2928 649 fuerint
2967 591 3168 649 sponsg
3209 593 3422 649 eorum,
3462 593 3548 649 nec
3574 595 3686 632 cum
3735 582 3875 649 forni-

2317 657 2444 701 catte
2484 648 2671 718 fuerint
2707 648 2831 716 ﬁlite
2858 664 3030 701 eorum
3077 646 3246 716 (Osee
3297 649 3350 701 4.
3382 648 3448 704 15
3473 648 3528 716 );
3567 659 3622 703 ct
3655 646 3842 706 rursum
3867 695 3878 707 .

2317 719 2579 786 Dereliqui
2622 719 2828 771 domum
2871 735 3031 771 meant
3054 760 3069 780 ,
3123 719 3294 772 dimisi
3336 720 3653 774 hereditatem
3699 737 3879 776 metuit.-

2317 789 2462 872 [arta
2482 801 2552 872 est
2565 791 2833 872 “hereditas
2856 806 2966 843 mea
2996 790 3270 872 nti/tisicut
3294 789 3370 843 leo
3398 791 3454 844 in.
3474 792 3611 872 syltia
3805 793 3878 850 12.

2317 861 2369 914 ’1.
2401 861 2497 928 8).
2529 861 2614 916 15.
2650 859 2992 929 Quoadusque
3009 861 3212 929 justitia
3232 859 3546 913 convertatur
3565 863 3616 914 itt
3631 859 3881 930 judicium,

2315 941 2360 985 et
2389 933 2473 1001 qui
2487 932 2641 1003 juxta
2661 931 2803 1003 illam
2831 947 3002 984 omnes
3025 932 3113 1000 qui
3137 939 3277 1003 rector
3295 933 3606 1003 sutttcorde.
3625 931 3737 988 Non
3757 935 3884 1003 quod

2320 1013 2598 1074 postquam
2625 1001 2829 1068 justitia
2860 1017 3120 1074 conversa
3150 1001 3307 1055 fuerit
3335 1003 3385 1056 itt
3409 1002 3663 1072 judicium
3685 1045 3700 1070 ,
3733 1001 3882 1074 popu-

2317 1071 2426 1126 lum
2456 1089 2612 1127 suum
2637 1073 2776 1127 Deus
2791 1085 2880 1126 aut
2909 1073 3255 1127 hereditatem
3289 1071 3438 1127 suam
3480 1071 3783 1142 repulsoriis
3799 1071 3882 1140 Su;

2317 1144 2411 1199 sed
2436 1145 2557 1215 quia
2600 1145 2986 1215 institutionem
3035 1143 3181 1198 dedit
3219 1145 3271 1197 in
3311 1155 3714 1215 argunteututn,
3757 1148 3880 1214 quod

2319 1229 2470 1268 suam
2493 1214 2840 1270 hereditatem
2875 1231 2979 1270 non
3010 1215 3327 1286 negligeret,
3348 1214 3454 1286 vult
3485 1224 3534 1270 te
3557 1216 3744 1271 docere
3769 1234 3883 1286 quo-

2315 1300 2485 1355 usque
2511 1287 2590 1340 ltis
2611 1301 2746 1355 Opus
2769 1286 2890 1342 erit.
2917 1285 3142 1352 Quando
3171 1286 3313 1340 enim
3341 1285 3580 1340 Christus
3604 1304 3723 1341 vera
3747 1285 3883 1355 justi-

2319 1356 2390 1410 tia
2414 1367 2758 1411 convertetur
2785 1357 2835 1410 itt
2863 1357 3142 1425 judicium,
3171 1366 3223 1410 et
3249 1357 3504 1426 patientia
3529 1357 3711 1412 relicta
3738 1357 3798 1412 ad
3815 1359 3884 1427 ju-

2317 1427 2600 1498 dicandum
2634 1437 2890 1495 vertetur,
2917 1438 2972 1483 et
2999 1427 3186 1482 Omnes
3211 1427 3334 1480 recti
3356 1429 3524 1490 corde,
3553 1443 3740 1498 nempe
3754 1430 3882 1498 justi,

2315 1498 2471 1568 juxta
2500 1497 2642 1551 illaut
2663 1539 2678 1565 ,
2708 1498 2759 1553 id
2787 1509 2909 1563 est,
2940 1515 3046 1554 non
3077 1499 3129 1553 in
3172 1498 3260 1551 illa
3307 1499 3454 1566 quasi
3481 1497 3781 1566 judicandi,
3807 1501 3883 1553 sed

2321 1570 2473 1641 quasi
2505 1571 2728 1625 clientes
2766 1579 2820 1625 et
2855 1569 3048 1641 judicis
3073 1570 3332 1641 satellites
3359 1579 3518 1641 erunt
3555 1569 3709 1633 (ideo
3732 1571 3891 1625 ca-teri

2319 1640 2639 1709 interpretes
2657 1681 2672 1704 ,
2705 1641 2823 1696 loco
2850 1639 2988 1696 illius
3006 1682 3022 1706 ,
3049 1640 3208 1694 Juxta
3237 1639 3403 1705 illaut,
3435 1639 3557 1694 l’ost
3583 1658 3697 1695 eum
3723 1641 3881 1696 edide-

2319 1713 2478 1782 runt)
2507 1727 2522 1765 :
2556 1720 2683 1766 tunc
2700 1713 2958 1781 speciales
2982 1727 3170 1768 omnes
3199 1711 3558 1782 institutimtes
3589 1711 3882 1766 cessabunt:

2321 1796 2427 1836 non
2455 1781 2597 1838 enim
2621 1782 3054 1839 admonitionem
3076 1825 3090 1846 ,
3136 1781 3231 1836 sed
3275 1782 3339 1835 ad
3381 1781 3774 1837 retributionem
3808 1783 3892 1837 Dei

2315 1852 2576 1924 judicium
2603 1853 2723 1909 erit.
2757 1854 3054 1924 Diapsalma
3079 1854 3199 1908 ideo
3221 1853 3444 1920 addidit,
3467 1853 3588 1923 quia
3611 1868 3884 1908 sermonem

2322 1923 2467 1996 illutn
2497 1923 2935 1980 communem’in
2978 1925 3248 1996 propriam
3293 1925 3444 1996 vertit
3478 1939 3776 1993 personam.
3813 1925 3882 1979 l6.

2324 1995 2450 2067 Quis
2476 2007 2739 2067 consurget
2765 1997 2889 2050 milii
2917 1995 3159 2050 adversus
3184 1995 3538 2065 malignantes,
3569 2007 3656 2067 aut
3675 1996 3781 2064 quis
3799 2005 3882 2047 sta-

2326 2066 2394 2138 bit
2423 2083 2617 2124 mecum
2644 2066 2882 2122 adversus
2911 2078 3173 2138 Operantes
3199 2067 3551 2138 iniquitatem?
3595 2066 3786 2120 Bellum
3809 2082 3883 2119 no-

2321 2135 2405 2192 bis
2446 2153 2694 2208 asperum
2741 2151 2794 2192 et
2835 2135 3193 2195 truculentum
3249 2137 3506 2192 adversus
3539 2137 3784 2208 malignas
3811 2153 3885 2206 pu-

2326 2207 2546 2264 testatc’s
2581 2209 2884 2266 subindieat
2914 2209 3168 2279 propheta
3188 2249 3214 2274 ,Α
3249 2223 3313 2262 ac
3336 2207 3716 2277 propemodum
3761 2207 3884 2262 Pauli

2321 2280 2481 2334 verba
2521 2281 2756 2350 profert:
2793 2279 2913 2334 Non
2938 2291 3008 2334 est
3035 2281 3176 2334 nobis
3199 2281 3342 2334 lucta.
3361 2279 3601 2334 adversus
3625 2295 3884 2347 sanguinem

2321 2361 2367 2406 et
2397 2367 2632 2414 cantent,
2670 2351 2759 2406 sed
2802 2352 3043 2406 adversus
3071 2351 3386 2420 pmtcipatus
3430 2359 3475 2402 et
3525 2360 3808 2416 potestates,
3846 2361 3883 2401 et

2326 2435 2542 2493 rectores
2573 2424 2748 2476 mundi
2775 2425 3122 2493 tenebrarum,
3140 2421 3381 2476 adversus
3413 2421 3698 2493 spiritantia
3733 2421 3882 2493 nequi-

2321 2494 2405 2547 tite
2444 2492 2676 2566 (Ep/tes.
2705 2495 2756 2549 6.
2793 2492 2912 2566 i2).
2961 2493 3158 2548 Contra
3203 2507 3297 2566 eos
3336 2492 3594 2545 auxilium
3633 2492 3808 2566 quaerit
3841 2499 3884 2544 et

2323 2565 2572 2634 postulat.
2597 2566 2726 2633 Quis
2745 2563 3002 2620 adversus
3017 2579 3110 2618 eos
3133 2563 3287 2617 nobis
3307 2578 3639 2631 consurgens
3659 2563 3889 2616 auxilium.

2324 2645 2378 2706 et
2409 2651 2562 2705 opem
2592 2637 2736 2692 l'erre
2765 2636 2976 2706 potest?
3005 2635 3079 2689 Ne
3111 2635 3267 2706 igitur
3300 2635 3390 2688 tibi
3421 2635 3634 2706 placeas
3658 2649 3776 2706 cum
3796 2649 3884 2706 tua.-

2325 2703 2670 2779 lignantibus,
2701 2703 2874 2778 neque
2893 2703 3176 2779 delecteris
3196 2722 3317 2759 cum
3345 2703 3691 2779 operantibus
3718 2703 3883 2773 iniqui-

2324 2776 2507 2843 tatem,
2537 2776 2855 2848 quibuscum
2887 2778 3142 2848 propheta
3185 2793 3288 2832 nou
3336 2776 3494 2830 modo
3554 2776 3746 2848 bellare
3786 2791 3877 2844 per-

2323 2857 2492 2917 oplat,
2538 2845 2632 2903 sed
2669 2851 2826 2904 etiam
2855 2845 3270 2903 commilitonem
3300 2848 3484 2916 quaerit
3503 2889 3518 2912 ,
3549 2862 3671 2902 eum
3710 2845 3772 2899 de
3802 2862 3883 2914 quo

2322 2919 2469 2975 dicit.
2502 2921 2588 2976 17.
2621 2919 2738 2975 Nisi
2773 2921 2892 2989 quia
2919 2918 3168 2973 Dominus
3185 2919 3377 2990 adjutjt't
3408 2935 3501 2990 tne
3525 2959 3545 2990 ,7
3567 2922 3718 2990 paulo,
3750 2920 3883 2990 utinm

2323 2991 2592 3045 habitasset
2622 2993 2672 3046 itt
2709 2987 2908 3061 inferno
2947 2991 3118 3044 anima
3149 2987 3278 3043 mea.
3310 2988 3487 3061 solius
3533 2989 3626 3042 llei
3649 3031 3661 3053 ,
3709 2987 3878 3061 inquit,

2323 3063 2638 3117 commilitio
2670 3058 2805 3133 opus
2825 3061 3084 3133 habemus
3110 3076 3132 3118 ε
3162 3060 3444 3133 ipseASolus
3469 3073 3572 3133 nos
3598 3058 3889 3133 potesttueti

2322 3144 2508 3192 contra
2540 3131 2916 3189 talem—aciem.
2946 3132 3061 3187 Non
3100 3131 3411 3187 recordatus
3453 3132 3635 3186 delicti
3668 3132 3743 3186 sui
3781 3144 3881 3197 erga

2323 3205 2620 3272 Bersabee,
2669 3206 2784 3259 lucc
2810 3203 3110 3257 modulatus
3137 3204 3254 3257 est?
3294 3202 3582 3258 Nisienim
3622 3215 3738 3255 tunc
3768 3201 3882 3254 Deus

2324 3277 2490 3331 misso
2517 3271 2760 3330 Nathaue
2785 3275 2966 3329 Davidi
2994 3275 3283 3329 auxiliatos
3303 3283 3595 3340 essethper
3614 3273 3724 3342 ejus
3747 3271 3886 3325 verba.

2324 3348 2497 3416 ipsum
2528 3349 2768 3402 excitans
2792 3347 2857 3400 ad
2903 3345 3269 3416 pmttitentiatn
3295 3387 3310 3409 ,
3358 3345 3652 3416 perieulum
3691 3352 3795 3398 erat
3829 3357 3882 3393 ne

2323 3415 2490 3488 ipsius
2533 3419 2713 3473 anima
2753 3415 3020 3492 habitaret
3068 3417 3119 3470 itt
3160 3417 3405 3480 inferno,
3449 3415 3564 3475 sive
3603 3417 3654 3472 in
3696 3422 3880 3482 peccato

2321 3492 2532 3544 mortis.

2393 3561 2448 3616 3.
2477 3560 2627 3629 Quod
2654 3560 2698 3615 si
2722 3561 2903 3630 justus
2916 3576 3036 3614 cum
3067 3560 3254 3629 ignave
3278 3574 3336 3610 se
3360 3558 3517 3626 gerit,
3546 3557 3598 3630 in
3628 3565 3784 3630 morte
3807 3554 3879 3606 ltilr

2323 3633 2456 3688 bitat
2476 3625 2891 3701 ,vintjtitts'certe
2925 3625 3204 3694 inhabitat,
3238 3640 3288 3682 et
3325 3625 3481 3701 sedes
3511 3629 3622 3701 ligit
3649 3647 3664 3701 ς
3691 3625 3800 3701 Non
3821 3632 3880 3676 est

2323 3705 2467 3759 enim
2498 3699 2750 3772 ‘quontodo
2774 3720 2804 3756 a
2826 3711 3030 3772 peccato
3066 3710 3283 3770 emergat
3312 3699 3486 3771 (Psal,
3510 3699 3610 3772 772.
3640 3699 3744 3772 4),:
3769 3711 3877 3772 quo-

2322 3775 2464 3828 niam
2493 3769 2620 3829 Cum
2643 3769 2914 3834 ceciderit,
2964 3781 3022 3826 ut
3048 3773 3123 3826 ait
3157 3769 3406 3825 summa"
3434 3812 3448 3833 ,
3499 3771 3554 3824 in
3604 3769 3881 3839 profundunt.

2321 3847 2572 3918 malorum
2597 3887 2608 3906 ,
2648 3845 2922 3898 contemnit
2955 3843 3148 3918 (Prov.
3295 3840 3383 3910 ὅ).
3422 3841 3524 3918 [8..
3644 3839 3873 3918 dicebam.

2323 3915 2375 3970 Μ
2384 3928 2494 3969 olus
2517 3925 2587 3970 est
2613 3933 2699 3984 pes
2720 3933 2888 3982 meus,
2914 3910 3257 3968 misericordia
3277 3924 3360 3966 tua
3380 3954 3394 3976 ,
3419 3911 3638 3984 Domine
3654 3951 3668 3976 ,
3692 3910 3874 3984 adjuva-

2322 3987 2404 4041 bat
2435 4003 2532 4040 nte.
2582 3980 2832 4056 Quisquis
2875 3980 3022 4041 enim
3064 3987 3339 4054 agnoverit
3367 3982 3716 4059 etconlessu~
3743 3980 3882 4059 luerit.

2323 4067 2598 4128 peceatum
2629 4055 2805 4124 suum,
2838 4066 2894 4112 et.
2917 4071 3208 4110 concussus
3234 4067 3337 4108 ton
3368 4055 3556 4125 ignave
3585 4069 3640 4107 se
3659 4055 3869 4128 gesserit,

2322 4122 2494 4199 neque
2519 4122 2905 4200 desperaverit,
2933 4128 3027 4182 sed
3053 4130 3103 4180 itt
3124 4141 3348 4200 sensum
3379 4122 3578 4200 peccati
3611 4122 3812 4200 venerit,
3836 4122 3872 4172 is

2324 4197 2423 4254 Dei
2447 4197 2701 4254 auxilium
2731 4211 2785 4255 et
2825 4198 3243 4253 misericordiam
3282 4197 3460 4254 statim
3495 4197 3686 4250 sentiet
3727 4197 3874 4260 opitu-

2321 4270 2541 4326 lantem.
2578 4272 2662 4325 19.
2694 4269 2985 4326 Secundum
3017 4268 3387 4323 multitudinem
3412 4267 3643 4326 dolorum
3683 4277 3880 4318 meorum

2320 4343 2374 4394 in
2401 4343 2554 4396 corde
2582 4357 2690 4395 meo
2710 4383 2725 4406 ,
2757 4341 3123 4395 consolationes
3149 4350 3250 4392 tua:
3276 4340 3665 4407 lwtiﬁcaceruut
3683 4335 3878 4409 animata.

2319 4429 2502 4466 nteant.
2552 4413 2679 4467 Illud
2729 4413 2890 4468 etiam
2935 4421 3019 4466 est
3065 4410 3255 4464 medici
3293 4410 3514 4464 scientis
3560 4411 3877 4476 emigruenua.

2319 4484 2628 4538 vulneribus
2649 4483 2933 4538 admovere
2955 4482 3210 4537 remedia.
3238 4483 3459 4535 Dolores
3476 4487 3651 4538 autem
3668 4473 3716 4529 iu
3735 4473 3867 4528 corde

2321 4565 2474 4610 vocat
2501 4554 2615 4610 sive
2643 4555 2882 4610 dolorem
2907 4555 2975 4608 de
3007 4553 3234 4621 peccatis
3274 4565 3367 4620 per
3405 4551 3788 4605 conversionem
3825 4549 3873 4596 et.

2317 4629 2781 4696 eotnpunctiouem
2815 4626 3126 4698 inductum;
3155 4623 3268 4677 sive
3293 4623 3534 4677 dolorem
3564 4621 3862 4698 depeceatej

2319 4689 2633 4752 rum'rcbus
2661 4698 2964 4766 prosperis;
3013 4696 3124 4749 sive
3163 4705 3482 4748 nocuments
3528 4689 3676 4766 nobis
3705 4689 3863 4766 ittjttste

2319 4769 2459 4821 illata
2485 4783 2501 4831 ;
2532 4769 2612 4821 his
2638 4755 2886 4822 euntibus
2918 4755 3058 4821 Deus
3080 4775 3460 4834 congruentem
3483 4764 3636 4817 aﬂert
3651 4755 3857 4814 consola—

2321 4841 2540 4893 tionem.
2575 4839 2706 4893 Nam
2739 4839 2772 4892 ii
2799 4839 2990 4908 quibus
3021 4837 3213 4906 injuste
3237 4835 3443 4890 insidiae
3476 4843 3756 4908 parantur,
3785 4841 3852 4908 utt-

2316 4926 2438 4981 vam
2458 4901 2876 4965 οοηδοιειιίοιιθίιι
2902 4909 3037 4962 hanc
3051 4901 3247 4981 Christi
3268 4901 3640 4981 beatitudinem
3665 4901 3854 4981 habent!

2315 4980 2461 5036 Beati
2484 4982 2572 5050 qui
2613 4982 3040 5050 persequutionem
3083 4979 3344 5048 patiuntur
3387 4986 3590 5050 propter
3605 4974 3854 5050 inclinarit.

2314 5039 2551 5122 quoniam
2581 5039 2806 5121 ipsorum
2825 5062 2892 5106 est
2916 5039 3120 5120 regnum
3153 5039 3404 5122 actorum:
3436 5039 3654 5118 (Matth.
3681 5043 3730 5096 5.
3758 5039 3854 5100 10.).

2314 5119 2412 5189 Qui
2445 5139 2572 5177 vero
2600 5119 2668 5178 de
2699 5125 2927 5193 peccatis
2953 5119 3062 5193 suis
3085 5132 3302 5190 gemunt
3321 5130 3373 5173 et
3392 5119 3755 5193 lttttlettlalllt‘ll‘,
3775 5122 3854 5193 unt-

2313 5184 2416 5265 g'ua
2456 5202 2512 5248 et
2551 5195 2648 5263 ipsi
2681 5184 3005 5248 beatitudine
3037 5184 3347 5265 donantur:
3381 5189 3531 5265 Beati
3559 5188 3641 5265 qui
3685 5184 3853 5265 lttgtftlp

2311 5247 2551 5337 quoniam
2572 5247 2703 5334 'ipsi
2726 5247 3116 5337 consaluttmtent
3152 5263 3408 5337 accipient
3439 5262 3456 5330 (
3483 5247 3658 5312 Maltlt.

2313 5333 2584 5406 Quotquot.
2610 5333 2768 5390 etiam
2797 5337 2864 5389 de
2889 5336 3045 5406 rebus
3089 5334 3357 5406 prosperis
3400 5333 3686 5398 itnquut'utll
3731 5333 3853 5406 ιιιδςτ

2312 5403 2500 5473 munt,
2531 5422 2653 5460 cum
2705 5409 2832 5476 ipsis
2875 5405 3137 5476 pet-uicies
3175 5405 3408 5476 advenit,
3457 5413 3578 5455 tunc
3614 5403 3857 5476 suamne}

2312 5423 2500 5473 munt,
2531 5423 2653 5460 cum
2705 5423 2832 5476 tpSts
2909 5423 3137 5460 ct'tttetcs
3175 5423 3408 5468 auvrmt,
3457 5423 3578 5455 tunc
3614 5423 3748 5472 suam
3772 5423 3857 5466 αι’ῆι

2311 5480 2534 5548 gloriam
2557 5479 2792 5532 sentiunt
2820 5495 2833 5530 :
2869 5423 3311 5548 {celabiturjjnm
3359 5475 3520 5548 iustus
3557 5486 3663 5548 cum
3690 5463 3858 5548 ,νζάφξ

2313 5535 2584 5603 indiciam
2615 5557 2631 5617 ί
2657 5549 2799 5602 μιαί.
2832 5550 2922 5604 57.
2969 5548 3091 5616 ιο).
3139 5545 3232 5600 δίη
3276 5535 3401 5598 vero
3441 5543 3631 5617 dixeris
3671 5535 3858 5617 dolores

2313 5601 2504 5674 animic
2534 5601 2652 5674 esse
2685 5601 2920 5690 ιιι-ἐρώει.
2949 5601 3130 5687 utpote
3159 5632 3341 5692 poenas
3368 5624 3422 5692 et
3447 5614 3652 5692 vulnera
3676 5625 3689 5671 ;
3711 5601 3849 5692 Πυξξῇ

2313 5707 2524 5761 quoque
2546 5677 2706 5761 διψυὲ
2733 5691 2812 5745 his
2833 5709 2861 5742 ιι
2885 5677 3094 5744 Christo
3124 5677 3418 5761 consolatio
3437 5687 3678 5761 allertur:
3711 5677 3849 5761 Venite

2312 5758 2380 5814 ad
2406 5758 2482 5814 me
2504 5805 2517 5822 ,
2551 5758 2722 5816 omnes
2747 5764 2831 5830 qui
2861 5763 3102 5815 laboratis
3126 5771 3170 5812 ct
3201 5760 3394 5812 onerati
3432 5760 3546 5811 estis
3563 5763 3653 5830 ,_et
3678 5763 3756 5816 ego
3778 5758 3846 5830 ff:

2313 5820 2600 5890 creaboros
2635 5820 2866 5907 (Matth.
2893 5831 3145 5903 H.213):
3177 5849 3238 5887 ac
3264 5843 3472 5888 rursum
3492 5869 3507 5898 ,
3549 5824 3660 5880 Non
3693 5820 3850 5873 venit!
