4104 6418
426 330 531 387 777

428 447 591 502 tundo
632 460 759 514 ergo
789 442 929 499 Deus
958 451 1179 514 vocetur
1226 441 1367 514 quod
1412 442 1478 497 ab
1518 442 1626 514 alio
1655 441 2019 514 factumest?

427 515 551 572 Sive
577 512 1208 585 ergo'quispiam‘adoret
1226 512 1382 581 ,‘sive
1410 528 1516 567 non
1543 512 1762 585 adoret,
1784 513 1878 568 sed
1907 513 2020 582 glo-

429 582 969 654 rietur,'utpote‘qui
997 582 1182 639 fecerit
1205 598 1266 654 ea
1303 599 1428 654 quae
1447 585 1518 654 ab
1552 583 1659 638 alio
1683 582 2015 647 adorentur;

428 656 515 710 ille
542 652 753 725 quoque
784 652 972 723 dignus
1008 656 1097 724 qui
1134 652 1336 723 pudore
1373 652 1675 720 afﬁciatur,
1708 663 1891 725 utpote
1928 655 2016 725 qui

425 724 587 796 grave
629 724 1003 779 oﬁ‘eudiculum
1035 726 1085 777 in
1113 726 1278 796 vitam
1295 735 1552 796 pnostram
1598 725 1876 796 invexerit.
1905 724 2014 777 Ad-

426 794 569 850 orate
581 812 716 857 eum,
740 811 913 866 omnes
935 796 1101 865 angeli
1125 794 1579 866 ejus.Neccssario
1603 794 1688 849 hic
1710 795 2015 864 angelorum

423 866 788 920 adorationum
815 865 1037 931 induxit,
1057 873 1113 920 ut
1133 880 1199 919 ue
1219 866 1595 921 erubescamus
1614 867 1776 922 Deum
1793 866 2016 920 adorare

425 952 584 1005 quem
615 935 839 989 adorant
872 936 1044 1005 angeli
1071 977 1087 1001 ,
1127 936 1391 1005 simulque
1425 937 1657 991 Sciamus
1680 979 1695 1001 ,
1740 951 1837 990 nos
1863 976 1877 1000 ,
1922 936 2013 1004 qui

428 1006 595 1061 Deum
627 1007 910 1060 adoramus
936 1048 950 1071 ,
978 1008 1029 1059 in
1057 1007 1363 1076 angelorum
1402 1006 1644 1061 ordinem
1683 1005 1974 1061 ascendere
1998 1022 2013 1063 :

425 1076 490 1130 ad
521 1076 635 1130 lucc
665 1077 790 1130 item
815 1117 829 1139 ,
855 1077 1165 1146 angelorum
1196 1091 1315 1131 esse
1353 1079 1577 1132 adorare
1596 1119 1612 1144 ,
1646 1094 1749 1130 non
1776 1076 2007 1130 adorari.

424 1146 536 1201 Non
564 1162 692 1217 ergo
717 1146 987 1201 dmmones
1007 1147 1282 1212 adorandi,
1315 1147 1402 1215 qui
1425 1163 1489 1201 cx
1511 1148 1816 1217 angelorum
1840 1146 2014 1216 digni-

425 1225 532 1270 tate
556 1215 755 1283 delapsi
778 1225 919 1269 sunt.
952 1217 1007 1271 8.
1038 1218 1257 1284 Audiuit,
1284 1228 1328 1271 et
1356 1216 1526 1271 (calata
1544 1215 1614 1272 est
1645 1217 1770 1273 Sion
1791 1259 1805 1282 ,
1855 1215 2007 1270 etcu-

423 1286 736 1358 gultaverunt
765 1286 888 1355 ﬁlia:
912 1285 1113 1342 Judwa’
1147 1298 1352 1358 propter
1370 1288 1567 1357 judicia
1597 1299 1682 1341 tua
1703 1329 1719 1354 ,
1768 1286 1999 1341 Domine.

426 1356 601 1429 Filias
630 1355 829 1429 Judmzc
866 1372 1054 1429 omnes
1088 1355 1182 1429 per
1223 1355 1405 1413 orbem
1454 1360 1719 1414 Ecelesias
1767 1358 1970 1429 vocavit
1993 1398 2010 1421 ,

426 1427 854 1495 quandoquidem
872 1427 1138 1484 confessio
1161 1430 1215 1483 in
1243 1429 1345 1484 illis
1371 1430 1538 1495 viget:
1562 1432 1638 1484 sic
1661 1429 1801 1483 enim
1829 1428 2010 1483 Iudaea

422 1496 742 1570 exiilicatur.
770 1495 874 1570 _S_cd
903 1498 1030 1552 Sion
1061 1499 1315 1568 pra‘misit
1335 1541 1349 1562 ,
1388 1509 1570 1570 utpote
1606 1499 2011 1570 primogenitum

426 1564 741 1640 _E_cc_lcsiam.
769 1566 913 1632 Hace,
950 1564 1142 1640 inquit,
1169 1570 1369 1624 audivit
1390 1564 1639 1624 et'laztata
1661 1577 1744 1624 est
1772 1564 2013 1640 {audivit

424 1635 821 1709 idolola‘trarum
852 1635 1231 1706 turpitudinem
1251 1680 1266 1702 ,
1299 1651 1457 1709 atque
1500 1643 1659 1695 etiam
1699 1639 2009 1709 angelorum

421 1706 788 1778 adorationem
810 1748 825 1774 ,
858 1724 959 1778 qua
993 1710 1157 1764 Deum
1184 1706 1440 1768 adorant:
1470 1712 1592 1777 jure
1626 1706 1802 1765 autem
1835 1709 2009 1763 Iartata

420 1786 537 1850 est,
566 1778 686 1850 quia
712 1777 885 1850 Deum
904 1789 1159 1834 creatura:
1199 1790 1401 1850 patrem
1429 1782 1707 1836 adoratum
1739 1781 1883 1835 colit.
1913 1779 2007 1834 Fi-

421 1844 610 1921 lia:qne
634 1846 893 1921 Iudaeae,
919 1865 1048 1921 quas
1077 1844 1212 1906 esse'
1251 1852 1475 1906 dicimus
1523 1851 1820 1915 Ecclesias,
1851 1850 2009 1918 hujus

422 1918 708 2040 participes
751 1918 980 1982 Ιιῐιιίιίτιξ,
1005 1919 1124 1988 jure
1169 1922 1587 1977 exsultaveruut.
1636 1922 1840 1978 Judicia
1876 1936 2007 1976 vero

465 1987 514 2040 ei
545 1987 658 2040 Ita'c
678 1997 820 2040 sunt.
843 1990 982 2040 circa
1012 2007 1129 2040 num
1152 1992 1400 2040 gaudium
1424 1994 1614 2040 merito
1640 1992 2004 2040 annuntiatur.

465 1987 516 2061 ei
545 1987 658 2042 hare
678 1997 820 2061 sunt,
843 1990 983 2045 circa
1008 1987 1129 2056 qum
1152 1992 1400 2061 gaudium
1424 1994 1614 2048 merito
1640 1992 2004 2046 annuntiatur.

418 2054 550 2131 Quia
578 2074 706 2129 ergo
736 2059 773 2131 ii
813 2061 902 2130 qui
926 2054 1197 2131 sculptilis
1237 2063 1494 2128 adorant,
1526 2073 1577 2117 et
1607 2064 1657 2117 in
1699 2063 1853 2117 idolis
1895 2062 2009 2131 glo-

416 2129 661 2201 riantur,
692 2129 861 2201 aADco
905 2130 1140 2186 damnati
1189 2132 1388 2201 pudore
1428 2133 1843 2196 suﬂ‘unduntur,
1892 2129 2005 2187 hate

415 2200 685 2272 quomodo
714 2198 848 2272 facta
871 2202 997 2264 sint,
1026 2217 1090 2256 ex
1114 2198 1460 2272 sequentibus
1480 2205 1646 2259 disce.
1672 2204 1724 2259 9.
1752 2204 2004 2267 Quoniam

416 2275 469 2320 tu
498 2266 744 2323 Dominus
763 2270 1041 2343 altissimus
1057 2266 1208 2343 super
1228 2290 1425 2328 omnem
1453 2287 1656 2342 terram,
1684 2266 1835 2328 nimis
1863 2273 2006 2328 exal-

413 2346 547 2418 tatus
565 2356 619 2418 _es
641 2357 794 2409 super
818 2358 989 2396 omnes
1010 2342 1148 2397 deos.
1165 2345 1439 2418 Quoniam
1460 2360 1557 2416 per
1576 2360 1798 2418 crucem
1811 2342 2003 2418 factam

409 2409 666 2485 justitiam
697 2422 1100 2485 commemorat,
1129 2409 1352 2469 altitudo
1380 2409 1554 2470 aut'em
1576 2415 1843 2485 Unigeuiti
1864 2428 2000 2469 crux

412 2486 534 2557 cst_:
567 2482 638 2534 ait
663 2482 831 2557 enim,
865 2481 1001 2557 Cum
1029 2485 1281 2557 aequatus
1310 2488 1475 2557 fuero,
1508 2481 1902 2540 omnes'traltam
1932 2485 2002 2538 ad

410 2551 655 2618 meipsum
709 2550 902 2627 (Joan.
940 2554 1026 2608 12.
1058 2554 1200 2627 52);
1235 2550 1690 2627 nequis-putaret
1730 2556 1998 2627 Christum

409 2635 512 2673 non
537 2632 693 2675 antea
736 2625 1021 2677 exaltatum
1064 2624 1265 2688 fuisse,
1310 2624 1413 2681 non
1456 2624 1617 2681 modo
1656 2627 1818 2680 altum
1845 2667 1860 2690 ,
1904 2626 1998 2681 sed

412 2690 572 2763 etiam
619 2694 933 2748 altissimum
980 2711 1143 2763 super
1188 2713 1401 2751 omnem
1435 2708 1628 2751 terram
1674 2712 1794 2752 esse
1840 2696 1994 2751 dixit.

407 2761 539 2837 cum
571 2776 698 2817 vero
729 2773 924 2837 terram
951 2761 1117 2832 dixit,
1146 2782 1209 2820 ex
1241 2778 1388 2837 parte
1418 2776 1587 2822 totum
1619 2782 1795 2822 rerum
1840 2768 1997 2837 opili-

406 2832 544 2886 cium
587 2834 896 2902 complexus
924 2846 1024 2890 est.
1072 2832 1317 2908 Attamen
1345 2839 1768 2908 superexaltatus
1795 2832 2001 2908 cst'per

404 2917 618 2958 crucem
642 2914 825 2959 contra
852 2921 1038 2961 omnes
1066 2906 1216 2966 dens.
1246 2906 1449 2963 scilicet
1474 2908 1609 2963 falso
1649 2910 1728 2963 sic
1755 2906 1997 2962 nomina-

403 2981 487 3027 tos
516 2976 683 3047 :_quia
704 2990 864 3047 cruce
883 2977 1098 3046 dejecti,
1121 2981 1492 3047 experimento
1511 2979 1813 3034 didicerunt
1831 2993 1992 3046 quam

402 3045 646 3101 excelsus
672 3046 740 3118 sit
769 3046 924 3110 Deus,
952 3045 1027 3101 ita
1058 3059 1108 3101 ut
1141 3045 1233 3113 per
1256 3050 1614 3103 inﬁrmitatem
1638 3090 1650 3108 ,
1681 3058 1737 3101 ut
1763 3045 1999 3118 putaba-

404 3124 510 3178 tur,
537 3130 630 3170 eos
650 3117 737 3184 qui
761 3127 1006 3184 potentes
1024 3120 1483 3182 existimabantur,
1512 3117 1875 3173 debellaverit.
1903 3119 1991 3176 10.

405 3184 505 3259 Qui
526 3187 732 3259 diligitis
755 3184 1052 3253 Dominum,
1077 3190 1211 3242 odite
1234 3190 1387 3244 mala.
1412 3190 1481 3246 Ut
1503 3205 1686 3259 puratn
1719 3191 1995 3246 inveniens

399 3257 742 3331 dilectionem
762 3299 778 3326 ,
807 3269 1073 3331 amatores
1106 3269 1162 3315 ut
1191 3275 1346 3331 veros
1375 3270 1427 3315 et
1462 3257 1725 3331 genuinos
1744 3260 1988 3329 comple-

399 3336 618 3401 ctatur:
652 3327 723 3401 ita
754 3338 809 3401 ut
834 3330 1074 3401 quisquis
1099 3346 1158 3385 se
1178 3330 1305 3384 dicit
1337 3327 1500 3385 Deum
1524 3330 1767 3399 diligere,
1801 3327 1989 3401 nequi-

399 3397 486 3471 tia;
513 3399 672 3471 etiam
712 3397 899 3454 Ievitér
919 3397 1193 3467 addictus,
1227 3410 1318 3455 aut
1341 3397 1644 3471 quampiam
1671 3416 1848 3456 rerum
1889 3397 1996 3455 sm-

396 3469 658 3540 cularium
702 3484 927 3533 amans,
983 3473 1217 3540 seipsum
1274 3469 1521 3540 decipiat.
1571 3471 1704 3526 Nam
1763 3472 1993 3526 Amicitia

395 3539 573 3592 mundi
610 3540 761 3608 hujus
788 3539 1139 3594 inimicitia’iu
1173 3539 1331 3595 Deum
1372 3539 1466 3609 est,
1506 3543 1579 3595 ait
1608 3541 1859 3597 Jacobus.
1891 3542 1994 3596 Cu-

396 3610 554 3664 stodit
606 3609 859 3665 Dominus
903 3612 1098 3666 animos
1136 3623 1426 3666 sanctorum
1465 3630 1700 3679 suorum,
1741 3613 1803 3666 de
1838 3630 1992 3668 manu

396 3682 676 3749 peccatoris
722 3680 949 3735 liberabit
990 3682 1126 3736 illas.
1187 3684 1263 3737 En
1316 3684 1529 3749 quantis
1570 3685 1723 3737 bonis
1767 3683 1992 3738 fruimur

392 3765 459 3805 cx
484 3765 614 3821 pura
643 3750 925 3822 dilectione
954 3768 1075 3822 erga
1102 3753 1285 3808 Dcmn.
1316 3750 1494 3808 Sancti
1522 3754 1661 3808 enim
1694 3754 1989 3818 efﬁcimur,

393 3821 759 3893 et_custndem
801 3821 1064 3877 habemus
1104 3824 1270 3878 Deum
1315 3825 1559 3878 maxima:
1598 3825 1984 3893 possessionis,

392 3890 586 3945 anima:
634 3901 868 3956 nostrai,
920 3901 977 3947 ut
1018 3908 1123 3947 non
1171 3894 1340 3950 simus
1390 3894 1491 3950 sub
1537 3890 1696 3949 manu
1747 3895 1985 3950 inimici:

394 3962 533 4035 quod
556 3961 763 4035 siforte
790 3963 1062 4027 fuerimus,
1089 3980 1191 4017 non
1218 3979 1314 4018 nos
1332 3965 1573 4035 despicit,
1594 3965 1684 4019 scd
1714 3979 1810 4019 nos
1828 3966 1986 4032 eruit,

394 4032 739 4105 interpellans
795 4048 923 4105 vere
971 4046 1304 4104 peccatorem
1354 4032 1677 4090 ct'radiccm
1741 4039 1984 4105 pet-cati,

393 4101 666 4176 diabolum
695 4120 722 4176 ;_
740 4104 893 4160 nobis
921 4101 1097 4159 autem
1126 4120 1346 4176 manum,
1381 4105 1607 4176 potrigit
1636 4115 1692 4159 ut
1722 4101 1985 4175 fugiamus

392 4188 520 4259 eum
542 4175 629 4255 qui
655 4174 832 4259 inique
858 4177 914 4259 in
935 4176 1297 4259 nos-insulgit:
1329 4173 1415 4230 H.
1448 4173 1565 4230 Lua:
1588 4173 1801 4259 crtaest'
1815 4178 1982 4259 justo,

390 4253 438 4296 et
459 4245 605 4298 rectis
633 4244 785 4299 corde
809 4244 1005 4298 la’titia.
1031 4245 1137 4299 Lex
1163 4247 1251 4300 Dei
1275 4245 1487 4301 lucerna
1510 4256 1565 4301 et
1590 4247 1677 4300 qu
1702 4244 1857 4312 justis
1877 4257 1980 4302 e..t.

390 4313 727 4389 Quapropter
768 4316 898 4389 alibi
937 4316 1065 4371 dicit
1104 4315 1265 4389 David
1298 4334 1311 4369 :
1340 4315 1819 4389 Lucernoipedibus
1861 4320 1985 4389 meis

391 4385 595 4461 pet-bum
617 4396 777 4461 tuum,
800 4396 850 4441 et
880 4387 1046 4461 lumen
1066 4388 1257 4461 semitis
1282 4389 1404 4440 meis
1430 4386 1449 4459 (
1476 4385 1637 4461 Psal§_
1654 4389 1675 4442 I
1695 4388 1773 4461 I8.
1809 4390 1910 4445 105

388 4452 440 4528 Is
459 4456 772 4528 ‘ipsegrectis
800 4457 960 4528 corde
983 4497 998 4521 ,
1030 4457 1278 4511 videlicet
1305 4452 1451 4511 recte
1492 4459 1854 4528 gradientibus
1886 4452 1983 4515 Ia}-

389 4525 559 4609 titiam
589 4525 723 4609 indit
744 4541 760 4578 :
784 4527 923 4581 viam
948 4528 1255 4609 enimnillis,
1287 4542 1442 4609 quam
1473 4525 1683 4609 optant,
1710 4531 1978 4609 ostendit,

389 4606 445 4650 et
470 4596 535 4649 ad
568 4597 791 4651 virtutes
814 4639 829 4661 ,
867 4612 998 4665 quas
1027 4598 1175 4652 adire
1202 4597 1456 4661 student,
1506 4596 1708 4653 invitat.
1744 4600 1822 4652 'I‘u
1853 4596 1982 4655 vero

393 4665 568 4740 lucem
607 4670 869 4740 orientem
901 4667 1237 4740 Uuigenitum
1281 4682 1403 4740 esse
1426 4669 1676 4740 iintellige
1702 4711 1716 4733 ,
1764 4669 1833 4735 de
1872 4687 1980 4740 quo

388 4735 624 4792 Joannes
653 4738 957 4811 Theologus
992 4735 1246 4806 scripsit:
1282 4736 1470 4811 Omnia
1513 4735 1808 4811 pet-ipsum
1846 4735 1981 4811 facta

387 4816 504 4881 eunt
522 4818 616 4881 ,_et
644 4810 753 4863 sine
776 4810 907 4881 ipso
929 4813 1221 4881 factumest
1244 4809 1378 4881 nihil
1401 4811 1539 4879 quod
1554 4809 1753 4881 factum
1781 4809 1873 4864 est.
1912 4811 1980 4867 In

386 4876 496 4951 ipso
516 4878 617 4932 vita
636 4892 773 4942 erat,
796 4876 843 4932 et
863 4876 967 4951 vita
984 4889 1092 4951 erat
1122 4880 1213 4951 lux
1232 4876 1489 4933 hominum
1511 4876 1691 4950 (Joan.
1725 4881 1776 4935 1.
1807 4882 1860 4934 5.
1883 4889 1915 4935 4
1935 4883 1975 4951 ).

386 4949 722 5021 Quapropter
752 4951 923 5019 ipsum
953 4949 1226 5005 Malachiel
1249 4950 1417 5004 solem
1446 4949 1684 5013 vocavit,
1714 4960 1768 5005 et
1792 4949 1980 5021 quem-

385 5018 671 5073 admodum
703 5018 1084 5091 David,_ipsum
1115 5021 1374 5091 oriturum
1403 5036 1522 5091 esse
1543 5020 1713 5091 justis
1736 5018 1977 5077 declara-

384 5091 497 5146 vit:
543 5091 616 5145 ait
640 5092 782 5145 cnim
813 5108 827 5142 :
864 5089 1067 5145 Orielur
1102 5090 1235 5145 vobis
1275 5089 1558 5144 timentibus
1595 5090 1869 5145 Dominum
1904 5093 1982 5148 sol

374 5160 689 5233 justitiae,et
728 5161 923 5233 medela
958 5161 1010 5233 in
1050 5161 1153 5233 alis
1184 5162 1292 5233 eius
1321 5158 1495 5233 (Mal.
1517 5161 1579 5233 ﬁ.
1608 5161 1705 5233 2).
1736 5162 1824 5216 12.
1858 5161 1975 5217 Lce-

384 5232 584 5301 tamiui,
605 5232 759 5300 justi,
782 5233 833 5284 in
857 5230 1096 5284 Domino.
1129 5231 1274 5284 Beati
1307 5230 1373 5285 ob
1394 5231 1644 5301 gaudium
1663 5230 1800 5286 'suut
1823 5232 1977 5299 iusti.

385 5299 441 5354 In
474 5299 625 5355 nullo
649 5305 791 5356 enim
840 5300 1142 5356 mortalium
1175 5299 1548 5357 lluxorumnue
1593 5303 1858 5357 bonorum
1882 5303 1975 5356 Iae-

386 5379 599 5435 tanlttr,
632 5374 725 5427 sed
757 5374 807 5426 in
845 5373 952 5426 Deo
972 5413 986 5436 ,
1022 5371 1074 5424 in
1104 5386 1211 5440 quo
1244 5371 1405 5425 Omne
1440 5371 1615 5425 datum
1658 5374 1901 5437 optimum
1928 5385 1976 5429 et

384 5457 530 5514 omne
555 5442 746 5514 donum
771 5442 1055 5514 perfectum
1072 5441 1335 5514 desursum
1357 5451 1449 5505 est,
1472 5452 1530 5514 ut
1545 5459 1608 5497 ex
1632 5442 1869 5511 Epistola
1892 5443 1981 5497 Ja-

380 5512 499 5566 cobi
529 5512 682 5583 (Cap.
713 5511 846 5569 1.ὐ.
878 5514 943 5567 17
965 5515 982 5583 )
1006 5511 1257 5583 didicisti.
1291 5511 1357 5565 Et
1391 5513 1698 5580 conﬁtemini
1727 5516 1980 5568 memoria:

381 5582 795 5652 sanctificationis
809 5584 939 5654 ejus.
958 5582 1362 5654 Cnnl'essiouetn
1377 5585 1490 5654 sive
1509 5585 1798 5654 gratiarum
1821 5586 1981 5639 actio-

383 5667 502 5705 nem
527 5654 727 5708 dixeris
747 5652 860 5710 sive
879 5654 1196 5709 delictorum
1235 5652 1626 5709 confessionem
1658 5671 1671 5707 :
1702 5658 1814 5708 haec
1833 5668 1977 5709 entm

381 5724 546 5777 etiam
571 5723 730 5793 jns1is
758 5726 1047 5796 competit;
1079 5724 1330 5796 quoniam
1359 5724 1535 5779 nullus
1564 5727 1668 5779 erit
1694 5727 1784 5796 qui
1811 5726 1974 5789 vivet,

383 5804 433 5850 et
465 5811 572 5851 non
602 5795 865 5866 peccabit.
894 5793 1213 5851 Necessario
1237 5803 1414 5851 autem
1453 5796 1521 5852 ad
1547 5793 1972 5853 recordationem

1753 327 1819 383 ΙΝ
1856 327 2173 387 PSALMUM
2210 328 2415 390 XCVII.

3627 331 3728 388 τῖε

2129 442 2242 497 sive
2261 443 2827 498 commemorationem
2850 442 3143 499 sanetitatis
3159 442 3249 498 Dei
3273 442 3530 514 procedit.
3555 443 3730 514 Opur-

2129 521 2205 566 tct
2229 515 2370 568 enim
2399 514 2497 583 ipsi
2526 517 2723 584 gratias
2748 528 2947 583 agere;
2978 514 3119 584 quod
3147 515 3307 569 etiam
3331 513 3579 570 homines
3599 513 3730 570 san-

2123 584 2462 639 etilicatiouis
2489 585 2771 654 participes
2796 584 3029 639 eD‘ecerit
3047 604 3062 640 :
3083 600 3178 654 par
3200 592 3281 639 est
3301 586 3460 638 etiam
3482 584 3727 642 homines

2122 667 2244 725 sese
2269 664 2574 720 peccatores
2594 655 2858 710 conﬁteri.
2880 655 3229 722 Quantumvis
3251 655 3392 709 enim
3411 655 3585 725 justus
3606 659 3725 725 quis

2124 722 2300 794 fuerit,
2333 735 2671 792 comparatus
2700 741 2821 780 eum
2865 727 3284 780 sanctiﬁcatione
3314 722 3435 788 Dei,
3469 722 3721 794 peccator

2119 793 2569 862 deprehenditur;
2591 796 2658 849 ita
2680 807 2731 849 ut
2752 796 2913 851 lsaias
2931 796 3067 849 dicat
3097 814 3111 849 :
3131 795 3310 849 Omnis
3323 793 3529 863 jus-tilia
3550 809 3721 851 nostra

2118 864 2248 918 sicut
2273 881 2474 934 pannus
2498 876 2821 920 menstruam
2837 867 2890 919 in
2924 876 3192 935 conspectu
3214 877 3299 918 tuo
3322 865 3473 934 (Isai.
3617 871 3649 923 ﬁ
3672 868 3714 938 ).

2396 981 2448 1035 1.
2493 980 2693 1035 Davidi.
2736 980 2975 1037 Alleluia.
3020 980 3257 1036 Paulinus
3297 997 3455 1037 XCVII.

2193 1073 2244 1125 1.
2282 1071 2398 1126 Non
2429 1073 2547 1128 sine
2575 1087 2731 1127 causa
2759 1071 2942 1126 Davidi
2970 1073 3207 1128 Psalmus
3238 1074 3587 1130 inscribitur:
3616 1079 3709 1132 sed

2119 1145 2241 1215 quia
2276 1146 2527 1215 mysteria
2556 1144 2753 1197 Christi
2781 1144 3114 1215 pneuuntiat.
3145 1160 3301 1214 quem
3334 1160 3428 1212 per
3456 1146 3710 1203 Davidem

2120 1212 2522 1283 intelligendum
2565 1229 2685 1269 esse
2734 1213 2976 1268 Ezechiel
3027 1212 3325 1281 propheta,
3377 1216 3485 1269 imo
3537 1219 3712 1283 potius

2117 1281 2353 1354 Spiritus
2386 1296 2601 1338 sanctus
2650 1285 2701 1337 in
2754 1286 2870 1351 ipso
2916 1286 3136 1354 loquens
3181 1288 3324 1340 clare
3364 1281 3562 1342 indicat
3593 1306 3604 1340 :
3639 1290 3714 1343 ait
3787 1294 3799 1307 ‘

2116 1355 2259 1425 enim
2289 1372 2301 1385 ο
2332 1353 2401 1407 Et
2424 1356 2675 1407 suscitabo
2696 1355 2832 1408 vobis
2861 1353 3109 1425 pastui-em
3134 1372 3330 1409 servum
3359 1372 3523 1411 meum
3543 1357 3713 1412 Dauid

2117 1423 2329 1486 (Ezech.
2360 1426 2448 1479 54.
2471 1426 2586 1491 25).
2614 1428 2769 1493 Atqui
2804 1423 2963 1478 David
2996 1426 3178 1479 multis
3204 1435 3328 1480 ante
3353 1430 3710 1493 generationi-

2115 1493 2214 1547 bus
2242 1509 2482 1549 mortuus
2502 1507 2615 1549 erat
2646 1514 2657 1546 :
2689 1497 2783 1551 sed
2812 1496 3063 1550 Davidcm
3089 1506 3240 1550 vncat
3265 1496 3531 1552 Christum
3555 1516 3569 1563 ;
3600 1516 3710 1554 non

2115 1565 2275 1618 modo
2302 1574 2357 1617 ut
2381 1583 2444 1620 ex
2477 1566 2671 1620 Davidc
2698 1577 2909 1632 ortum,
2943 1567 3036 1620 sed
3067 1569 3223 1620 etiam
3259 1576 3313 1620 ut
3339 1583 3551 1634 regem;
3585 1585 3703 1625 ser-

2112 1649 2236 1689 vum
2267 1646 2442 1689 autem
2464 1677 2476 1693 .
2512 1646 2694 1704 utpote
2722 1639 2811 1706 qui
2839 1638 2974 1691 servi
3009 1637 3233 1691 l0rmam
3264 1639 3547 1706 acceperit.
3583 1640 3707 1695 Ideo

2106 1720 2256 1767 nunc
2303 1720 2406 1759 non
2452 1707 2667 1761 Davidis
2713 1707 2953 1761 Psalmus
3002 1707 3342 1769 inscribitur.
3378 1708 3469 1762 sed
3494 1708 3709 1765 Daridi.

2113 1775 2323 1829 Cantate
2345 1776 2561 1831 Domino
2589 1779 2841 1831 canticum
2867 1795 3068 1831 nouum.
3097 1777 3310 1845 Quare?
3337 1778 3469 1842 Quia
3493 1781 3700 1833 mirabi-

2112 1845 2183 1920 l_ia
2213 1848 2348 1920 fecit.
2381 1846 2494 1901 Hoc
2517 1859 2746 1920 estergo
2774 1850 2893 1903 novi
2919 1849 3110 1920 cantici
3138 1861 3531 1920 argumentum,
3559 1853 3705 1920 quod.

2115 1915 2652 1990 Dominus_mirabilia
2686 1919 2859 1983 iaciat,
2891 1920 2971 1972 vel
3008 1918 3270 1990 Prodigia,
3303 1930 3358 1971 nt
3386 1915 3700 1990 interpreta-

2113 1994 2199 2061 tus
2245 1996 2328 2042 est
2369 1987 2740 2061 Symmachus.
2787 1991 3043 2055 Quaenam
3087 1989 3211 2043 illa?
3262 1987 3701 2061 Salvauitr'ipsum

2106 2056 2313 2113 dextera
2342 2056 2449 2128 eius
2476 2069 2524 2112 et
2563 2060 2822 2114 brachium
2862 2070 3093 2115 sanctum
3131 2061 3261 2127 ejus.
3313 2060 3514 2129 Ecquid
3552 2056 3704 2119 'iIlttdw

2107 2129 2346 2184 miraculi
2379 2131 2569 2201 habet,
2619 2130 2718 2184 nisi
2749 2131 2889 2201 quod
2923 2131 3081 2184 homo
3111 2131 3179 2184 ob
3207 2131 3455 2201 nequitia:
3497 2147 3689 2188 exces-

2105 2212 2224 2270 s_um
2272 2202 2421 2269 quasi
2465 2200 2779 2270 desperatus
2804 2202 2989 2256 esset?
3034 2202 3106 2254 Ita
3149 2210 3204 2254 ut
3250 2200 3410 2256 Isaias
3445 2202 3684 2258 diecrct:

2107 2267 2271 2323 Omne
2292 2267 2448 2341 caput
2490 2271 2544 2324 in
2565 2267 2792 2325 laborem
2815 2312 2829 2333 ,
2875 2281 2922 2326 et
2963 2288 3109 2325 omne
3145 2287 3234 2325 cor
3269 2271 3323 2323 in
3362 2271 3607 2328 dolorem.
3644 2277 3694 2328 Α

2104 2340 2312 2411 pedibus
2339 2340 2496 2410 usque
2531 2342 2598 2394 ad
2624 2352 2778 2411 caput
2805 2359 2906 2396 non
2935 2352 3008 2396 est
3045 2343 3099 2394 in
3138 2358 3195 2395 eo
3221 2342 3412 2411 sanitas
3434 2384 3449 2408 ,
3493 2360 3594 2398 non
3621 2356 3695 2398 est

2102 2409 2314 2483 uulnus,
2345 2409 2447 2465 non
2471 2412 2612 2465 bibax
2631 2453 2644 2473 ,
2675 2409 2775 2466 non
2811 2413 2966 2483 plaga
3007 2421 3221 2465 tumens.
3256 2410 3376 2466 Non
3402 2422 3563 2483 potest
3589 2432 3692 2468 em-

2138 2478 2351 2553 lagtrum
2378 2484 2569 2552 apponi
2588 2524 2602 2541 .
2648 2498 2747 2536 non
2792 2478 2991 2549 oleum,
3025 2500 3125 2553 non
3169 2478 3412 2553 ligamina
3443 2482 3607 2553 (Isai.
3639 2487 3690 2539 1.

2140 2590 2155 2603 .
2183 2550 2271 2618 ϐ).
2308 2550 2469 2607 θεινῖα
2497 2567 2625 2607 vero
2654 2554 2730 2607 sic
2758 2572 2772 2609 :
2803 2554 2988 2608 Omnes
3019 2550 3411 2620 declinaverunt,
3439 2550 3589 2609 simul
3614 2557 3693 2609 in-

2101 2622 2247 2676 utiles
2289 2624 2413 2693 facti
2436 2632 2550 2676 sunt
2576 2639 2594 2676 :
2616 2640 2720 2694 non
2749 2633 2822 2678 est
2849 2625 2935 2694 qui
2962 2626 3114 2693 faciat
3142 2626 3412 2678 bonitatem
3434 2666 3450 2691 ,
3493 2641 3593 2680 non
3620 2638 3699 2680 est.

2100 2707 2258 2764 usque
2300 2694 2369 2764 ad
2410 2710 2568 2747 unum
2602 2693 2621 2764 (
2641 2693 2783 2748 Psal.
2816 2695 2904 2748 15.
2932 2695 3028 2761 5).
3071 2694 3184 2761 Qua
3219 2697 3268 2748 in
3303 2710 3360 2748 re
3389 2695 3606 2751 dextera
3637 2708 3690 2751 et

2101 2762 2319 2835 brachio
2348 2763 2441 2818 Dei
2472 2762 2776 2819 neceésarin
2800 2779 2934 2834 opus
2962 2764 3087 2828 I'uit,
3119 2765 3369 2820 videlicet
3399 2764 3687 2835 Unigeuito

2098 2833 2237 2906 ejus.
2268 2833 2445 2906 Ipsum
2470 2835 2613 2889 enim
2639 2833 2889 2903 exprimit
2918 2845 3202 2904 utrumque
3222 2834 3420 2889 dictum
3449 2853 3462 2888 :
3490 2833 3559 2891 de
3577 2852 3691 2906 quo

2097 2903 2258 2958 etiam
2299 2904 2460 2958 Isaias
2485 2906 2614 2959 dicit
2642 2922 2655 2958 :
2685 2905 2828 2959 Sicut
2856 2916 3029 2974 pastor
3049 2903 3293 2975 populum
3319 2922 3466 2957 suum
3494 2903 3684 2975 pascet.

2096 2983 2145 3046 et
2173 2975 2376 3046 brachio
2401 2990 2506 3046 suo,
2534 2977 2853 3046 congregabit
2881 2992 3038 3045 agnos
3067 2975 3224 3044 (Isai.
3248 2977 3336 3030 40.
3370 2976 3428 3030 II
3454 2978 3472 3045 )
3500 2994 3511 3028 :
3544 2979 3687 3045 quod

2096 3042 2368 3098 brachium
2400 3042 2670 3112 psalmist'a
2702 3042 2806 3100 non
2846 3042 2962 3100 sine
2986 3042 3144 3102 causa
3178 3056 3420 3101 sanetmu
3454 3042 3681 3113 vocavit,

2095 3115 2191 3169 sed
2226 3115 2356 3169 illud
2382 3117 2433 3169 in
2465 3117 2675 3184 propria
2703 3117 2801 3172 sibi
2845 3117 3136 3173 substantia
3164 3115 3449 3172 ostendere
3474 3118 3680 3173 volens.

2095 3184 2227 3239 Illud
2251 3201 2378 3254 ergo
2397 3185 2668 3256 opiﬁcium
2692 3187 2830 3256 quod
2859 3189 3089 3256 perierat
3113 3188 3345 3243 servavit
3369 3206 3382 3240 :
3405 3185 3526 3241 Non
3547 3190 3683 3244 enim

2095 3257 2225 3329 uenit
2247 3257 2485 3329 judicare
2509 3258 2771 3329 mundum,
2800 3258 2892 3313 sed
2918 3256 3116 3313 salvare
3143 3257 3591 3329 mundumlloan.
3618 3261 3677 3314 5.

2095 3327 2225 3400 17).
2257 3327 2411 3395 Quod
2426 3337 2618 3400 autem
2649 3327 2915 3399 Uuigeniti
2941 3329 3233 3400 adventum
3263 3327 3525 3400 propheta
3555 3330 3683 3386 sub—

2095 3397 2506 3470 indieet_(squs
2549 3400 2693 3453 enim
2732 3397 2848 3467 ejus
2890 3399 3151 3455 adventus
3179 3397 3675 3470 getius’lmmanum

2094 3467 2343 3535 servat),
2380 3469 2428 3522 id
2479 3470 2642 3524 Isaias
2683 3470 2951 3535 declarat,
2988 3470 3108 3523 Non
3137 3467 3364 3539 legatus,
3411 3471 3674 3539 inquiens,

2093 3556 2195 3610 non
2220 3540 2467 3608 angelus;
2509 3540 2597 3592 sed
2637 3540 2744 3610 ipse
2778 3540 3029 3594 Dominus
3055 3541 3212 3594 veitiet
3231 3581 3243 3600 ,
3273 3550 3321 3594 ct
3348 3540 3558 3594 salvubit
3587 3558 3683 3596 nos

2094 3609 2268 3680 (Isai.
2307 3610 2395 3664 65.
2441 3610 2560 3680 9),;
2616 3610 2745 3665 illud
2797 3626 3008 3680 quoque
3052 3610 3329 3680 sequentia
3376 3610 3670 3666 declarant.

2091 3680 2144 3734 2.
2172 3678 2364 3735 Notum
2387 3681 2501 3751 fecit
2525 3679 2769 3735 Dominus
2786 3678 3011 3735 salutare
3028 3678 3197 3751 suum,
3222 3692 3339 3734 ante
3357 3691 3677 3751 conspectum

2090 3751 2310 3820 gentium
2357 3750 2590 3805 reuelauit
2628 3752 2875 3819 iustitiam
2915 3767 3079 3805 suam.
3128 3750 3371 3805 Salutare
3422 3750 3487 3806 et
3512 3750 3672 3820 justi-

2093 3823 2221 3876 tiam
2243 3836 2385 3891 sacpe
2403 3821 2671 3877 Christum
2698 3822 2998 3891 signiﬁcare
3022 3821 3134 3889 jam
3159 3831 3313 3876 antea
3345 3821 3539 3876 dictum
3568 3831 3670 3877 est.

2094 3893 2190 3947 llic
2220 3907 2348 3946 vero
2388 3894 2815 3962 prnplieticarum
2859 3892 3152 3947 dictionum
3182 3895 3450 3946 accuratio
3478 3891 3672 3961 depre-

2091 3961 2684 4035 ltcuditur,’quomodo
2729 3963 2881 4035 prius
2916 3963 3086 4035 ipsum
3118 3972 3300 4035 notum
3323 4001 3343 4035 ,_
3371 3962 3672 4035 deindeque

2088 4032 2380 4090 revelatum
2410 4033 2570 4086 fuisse
2598 4032 2824 4087 dicatur.
2857 4033 3035 4088 Primo
3063 4033 3302 4086 notitiam
3333 4033 3523 4088 indidit
3548 4032 3669 4102 pro-

2088 4103 2294 4174 phetis,
2324 4104 2513 4174 quibus
2544 4103 2684 4157 iIlius
2724 4104 2955 4171 cognitio
2981 4104 3283 4157 concredita
3311 4114 3422 4165 est,
3453 4118 3517 4158 ex
3536 4118 3671 4174 Δερε-

2087 4172 2350 4229 culatioue
2374 4172 2635 4243 Spiritus:
2668 4174 2737 4228 ita
2768 4182 2825 4228 ut
2867 4175 2979 4243 ipse
3020 4174 3276 4228 Dominus
3300 4174 3441 4228 dicat
3471 4190 3484 4227 :
3509 4172 3676 4227 Abra-

2087 4246 2205 4298 ham
2237 4254 2377 4315 pater
2413 4256 2582 4317 noster
2609 4245 2872 4317 exsultavit
2908 4254 2979 4317 ut:
3003 4244 3209 4317 υἱᾴειέί
3233 4247 3365 4317 diem
3391 4259 3558 4299 meum
3577 4286 3591 4309 ,
3623 4256 3671 4299 et
3746 4280 3749 4283 -

2084 4314 2243 4382 vidit,
2272 4327 2317 4370 et
2345 4316 2545 4386 gauisus
2584 4326 2657 4368 est
2693 4322 2710 4386 (
2735 4314 2892 4369 Joan.
2919 4314 2973 4369 8;
3004 4314 3074 4369 56
3095 4316 3134 4383 ).
3180 4315 3462 4370 Revelatus
3490 4323 3668 4386 autem

2086 4387 2316 4456 denique
2340 4384 2423 4441 est
2449 4402 2541 4455 per
2567 4384 2802 4456 carnem,
2834 4386 3157 4454 insuperque
3188 4399 3282 4455 per
3302 4384 3670 4455 apostolorqu

2084 4455 2362 4522 miracula,
2408 4471 2527 4527 qua:
2574 4455 2841 4527 Uttigettiti
2888 4457 3154 4527 virtutem
3188 4456 3667 4527 palam_l'ecerunt.

2084 4527 2151 4581 In
2176 4524 2444 4596 conspectu
2471 4524 2713 4597 gentium.
2744 4525 2835 4580 ﬂze
2864 4527 3009 4581 enim
3032 4525 3314 4597 credentes
3341 4524 3539 4597 Christi
3568 4526 3669 4579 acl-

2083 4595 2306 4652 ventum
2330 4595 2695 4664 susceperunt.
2726 4598 2973 4666 Alioquin
3003 4596 3305 4666 vero,-qnia
3330 4595 3590 4666 adventus
3616 4597 3671 4650 in

2082 4684 2245 4724 carne
2286 4668 2428 4723 clara
2475 4665 2875 4723 demonstratio
2908 4678 2990 4721 est
3043 4665 3306 4720 idolorum
3349 4665 3681 4731 destructio,

2081 4738 2398 4808 Unigenitus
2442 4738 2579 4808 haud
2619 4738 2781 4792 dubie
2817 4738 3041 4793 revelari
3075 4746 3250 4803 potest
3297 4739 3348 4791 in
3376 4747 3673 4808 conspectu

2082 4805 2338 4879 gentium.
2372 4811 2425 4864 5.
2456 4807 2765 4861 Recordutus
2801 4819 2870 4879 est
2915 4808 3273 4879 misericorde
3308 4824 3415 4879 sua;
3451 4805 3669 4879 Iacobo,

2084 4876 2127 4934 et
2168 4879 2389 4934 veritatis
2426 4895 2535 4934 sum
2577 4879 2749 4932 domui
2794 4877 2977 4933 Israel.
3018 4878 3126 4932 Cur
3171 4894 3275 4932 non
3313 4878 3441 4932 satis
3484 4876 3683 4932 habuit.

2072 4950 2249 5005 Jacob
2273 4951 2483 5016 dicere,
2501 4949 2606 5004 sed
2623 4948 2842 5004 domum
2870 4950 3026 5004 Israel
3054 4948 3152 5017 adjc
3173 4948 3266 5012 cit,
3297 4948 3395 5002 nisi
3426 4952 3485 5004 ut
3505 4945 3671 5002 doce-

2084 5030 2185 5087 ret,
2213 5036 2336 5075 eum
2367 5020 2539 5091 ipsum
2570 5020 2665 5091 qui
2692 5034 2759 5091 ea
2801 5036 2920 5090 qua:
2947 5020 3056 5088 jam
3086 5019 3506 5091 praenuntiantur
3530 5031 3670 5091 9pc—

2083 5086 2367 5155 ratus.e3t,
2392 5086 2652 5145 Jacnbmu
2685 5086 3472 5159 Israe'lemcognominavisse?
3519 5086 3675 5153 Qua--

2082 5172 2299 5232 propter
2323 5160 2562 5232 cumillo
2603 5162 2932 5224 luctabatur,
2964 5172 3019 5213 ut
3050 5160 3427 5232 incarnationis
3459 5167 3666 5232 myste-

2083 5227 2217 5287 rium
2249 5230 2610 5300 prmﬁguraret
2639 5250 2651 5284 :
2683 5232 2862 5285 carnis
2895 5232 3037 5285 enim
3084 5238 3168 5284 cst
3209 5229 3390 5284 luctari
3414 5270 3446 5300 ,ί
3468 5227 3671 5300 (ιῐίιὶινο

2085 5299 2748 5374 οιιιιιρειεειίςιὶθοριιάίιιιιε
2790 5304 2966 5374 itaque
3006 5310 3086 5374 est
3111 5300 3293 5374 Jacobi
3339 5308 3393 5374 et
3431 5299 3665 5361 Israelis,

2084 5386 2138 5428 et
2175 5370 2226 5427 in
2269 5372 2490 5442 gratiam
2522 5371 3010 5443 illiusrmysterium
3056 5371 3314 5438 implevit.
3356 5370 3472 5436 Qun
3513 5377 3676 5437 pacto

2084 5443 2250 5498 illud?
2273 5443 2511 5496 Accessit
2535 5441 2779 5496 videlicet
2802 5441 2867 5495 ad
2889 5456 3017 5496 oves
3038 5457 3155 5510 qua:
3177 5443 3667 5510 perieruntdnmus

2085 5514 2246 5569 Israel
2270 5555 2285 5578 ,
2338 5528 2442 5566 non
2490 5512 2593 5566 illis
2639 5508 3071 5567 misericordiam
3103 5508 3414 5580 impendens
3435 5508 3471 5634 ά
3496 5523 3669 5576 neque

2086 5585 2228 5634 enim
2256 5582 2402 5634 diani
2431 5583 2628 5634 erant).
2656 5582 2749 5634 sed
2774 5581 2994 5634 Iacobo.
3018 5596 3083 5634 ex
3111 5597 3216 5634 auo
3243 5594 3427 5634 genus.
3475 5581 3669 5633 uecIta-

2086 5585 2228 5639 enim
2256 5582 2628 5653 dignierant),
2656 5582 2749 5637 sed
2774 5581 2994 5645 Iacobo,
3018 5596 3216 5653 exiquo
3243 5581 3669 5653 genus-duceba-

2087 5664 2191 5709 tur.
2222 5649 2552 5710 Reéordatus
2588 5649 2670 5708 est
2708 5654 2866 5709 etiam
2898 5649 3143 5707 veritatis
3163 5649 3353 5706 domus
3383 5650 3540 5706 Israel
3571 5649 3673 5703 be-

2085 5725 2440 5779 nedictionem
2486 5723 2628 5777 illam
2672 5738 2830 5793 quam
2857 5722 3054 5785 Israel,
3087 5731 3145 5776 ut
3167 5721 3516 5777 hereditatem
3548 5720 3668 5774 ﬁliis

2086 5794 2220 5864 suis,
2267 5793 2321 5848 in
2365 5793 2560 5850 tribum
2585 5793 2720 5850 Juda
2765 5793 3134 5865 prophetando
3161 5793 3419 5858 contulit,
3446 5793 3497 5847 iu
3535 5800 3665 5858 opus
