4104 6422
502 365 603 418 779

500 482 805 541 adducens,
847 476 1233 546 veritatemque
1285 477 1482 532 faciens
1524 488 1686 533 :crat
1731 487 1909 532 autem
1957 477 2043 531 illa
2078 494 2090 530 :

502 552 625 605 Non
649 551 847 618 deﬁciet
876 550 1109 619 princeps
1138 565 1198 601 ex
1216 547 1247 600 J
1257 549 1380 611 uda,
1411 564 1568 617 neque
1597 549 1705 602 dux
1733 556 1796 601 de
1820 548 2096 617 femoribus

500 624 640 691 eius,
672 622 830 674 donec
858 621 1018 691 veniat
1062 622 1127 691 is,
1149 635 1227 691 cui
1268 620 1541 691 repositum
1569 630 1677 684 est,
1709 629 1754 672 et
1784 620 1891 685 ipse
1918 635 2097 686 exspe-

500 689 652 745 ctatio
676 693 899 761 gentium
926 689 1077 760 (Gen.
1103 689 1333 761 49._l0).
1365 691 1568 755 Quibus
1596 691 2095 761 apprimeconsen-

503 759 782 830 tiun'tquze
822 770 1161 830 sequuntur:
1201 759 1443 813 Viderunt
1488 777 1659 814 omnes
1706 760 1905 814 termini
1951 768 2099 812 εει-τω

500 837 729 885 salutare
752 831 848 885 Dei
894 832 1073 884 nostri.
1103 831 1183 884 Ad
1219 830 1435 884 Judaeos
1465 831 1606 885 enim
1639 842 1688 884 ιιι
1724 831 1820 884 sibi
1855 832 2098 899 proprios

503 905 737 957 advenit.
771 902 865 956 His
890 915 1068 955 autem
1093 902 1277 956 oculos
1302 902 1672 956 claudentibus
1698 902 2096 971 (Ubturaverunt

502 976 645 1029 cnizn
669 1016 682 1035 ,
714 974 884 1043 inquit
926 973 1090 1027 ISaias
1113 1014 1127 1037 ,
1169 973 1342 1025 oculos
1384 989 1500 1025 suos
1521 1013 1534 1035 ,
1569 989 1631 1025 ne
1653 970 1908 1040 riderent)
1943 970 2093 1044 [lsai.

502 1046 589 1117 55.
624 1044 765 1117 15]),
793 1058 979 1117 eorum
1012 1044 1141 1117 loco
1160 1044 1367 1117 termini
1403 1053 1558 1117 terra:
1579 1085 1590 1105 ,
1624 1043 1863 1117 videlicet
1887 1043 2093 1111 gentes,

506 1113 758 1170 viderunt
787 1115 1020 1168 salutare
1053 1114 1179 1176 Dei,
1209 1114 1347 1182 quod
1378 1114 1524 1183 prius
1557 1128 1659 1168 non
1690 1113 1949 1168 viderant.

575 1187 632 1238 9.
675 1185 787 1240 lloc
816 1185 1011 1253 quippe
1051 1194 1134 1238 est
1160 1184 1300 1255 quod
1333 1200 1473 1237 nunc
1504 1185 1814 1255 prophetam
1844 1185 2094 1255 obstupe-

504 1256 662 1319 fnzit,
708 1255 777 1310 de
815 1271 921 1324 quo
961 1256 1124 1309 etiam
1164 1253 1408 1308 Christus
1451 1253 1721 1308 admirans
1746 1254 1959 1308 dicebat
1988 1272 2001 1309 :
2028 1253 2095 1307 In

498 1328 750 1399 judicium
775 1342 867 1396 ego
892 1327 1003 1399 ueni
1022 1327 1082 1399 in
1114 1328 1357 1399 mundum
1387 1326 1550 1399 hunc,
1579 1326 1760 1399 ut_qui
1796 1341 1903 1399 non
1930 1325 2095 1399 vident

505 1395 727 1461 rideant,
759 1395 917 1467 etqui
949 1395 1113 1448 vident
1143 1397 1261 1467 (ieci
1282 1395 1609 1467 ﬁantlJoan.
1634 1396 1685 1450 9.
1717 1398 1832 1462 59).
1864 1396 1917 1451 4.
1941 1395 2093 1448 Julii-

504 1470 607 1522 late
628 1468 756 1532 Deo,
783 1466 945 1521 omnis
973 1476 1123 1519 terra.
1157 1466 1284 1521 Jure
1304 1466 1541 1535 quidem,
1565 1468 1815 1536 quoniam
1846 1482 2091 1520 eorumn-

506 1541 589 1591 nia
624 1549 746 1592 sunt
772 1538 908 1591 bona
945 1554 958 1589 :
993 1553 1094 1590 non
1123 1538 1264 1590 enim
1304 1538 1458 1591 unius
1498 1537 1750 1606 regionis,
1783 1538 1953 1606 qualis
1979 1545 2097 1591 erat

504 1610 710 1673 .lmla-a,
739 1623 845 1663 non
870 1610 1045 1677 gentis
1069 1608 1246 1669 unius,
1282 1607 1375 1661 sed
1406 1608 1566 1661 totius
1589 1609 1803 1677 generis
1831 1617 1914 1662 est
1943 1608 2094 1661 insti-

506 1691 679 1734 tutnm
709 1681 1040 1750 mysterium,
1065 1679 1131 1732 de
1158 1694 1263 1746 quo
1290 1694 1385 1731 nos
1410 1678 1660 1747 jubilarc,
1694 1679 1845 1748 quasi
1874 1679 1924 1731 in
1950 1694 2096 1732 com-

506 1752 650 1804 muni
698 1749 835 1803 bello
866 1750 1093 1803 victores
1116 1789 1131 1813 ,
1160 1749 1331 1817 jubet.
1367 1749 1586 1803 'l'erram
1630 1751 1772 1803 enim
1822 1750 2091 1803 hominem

503 1823 797 1890 generatim
820 1829 1090 1889 sumptum
1111 1820 1345 1883 vocavit,
1371 1831 1424 1874 nt
1451 1820 1504 1874 in
1528 1822 1872 1887 sequentibus
1898 1820 2094 1875 clarius

504 1894 716 1945 dicitur.
748 1892 985 1957 Caritate,
1023 1901 1068 1944 et
1094 1891 1338 1945 exsultate
1359 1932 1373 1956 ,
1404 1901 1452 1944 et
1482 1892 1700 1960 psallite.
1734 1890 1847 1945 Non
1873 1907 2000 1958 ergo
2025 1891 2092 1945 de

504 1964 668 2016 arida:
710 1963 978 2017 elemento
1000 2002 1017 2025 ,
1062 1962 1154 2016 sed
1184 1960 1252 2015 dc
1296 1961 1601 2016 hominibus
1637 1963 1816 2018 dicere
1847 1963 2090 2016 instituit.

504 2034 842 2101 QuaprOpter
869 2048 967 2087 ceu
1010 2032 1075 2086 ad
1119 2033 1509 2087 multitudinem
1556 2048 1859 2087 sermonem
1892 2032 2088 2086 habet:

502 2106 757 2174 jubetque
784 2105 959 2174 primo
987 2119 1179 2157 canere
1200 2147 1214 2170 ,
1258 2104 1452 2157 deinde
1479 2106 1749 2158 exsultare
1768 2145 1783 2167 ,
1821 2113 2093 2171 postremo

504 2176 777 2240 psallere:
808 2183 866 2227 ut
905 2174 1068 2228 divini
1114 2175 1288 2243 gaudii
1337 2174 1543 2227 initium
1590 2184 1748 2242 atque
1794 2176 1951 2228 linem
2000 2174 2094 2229 Dei

502 2246 943 2313 glurilicationetu
968 2246 1275 2300 habeamus.
1307 2249 1359 2299 ὃ.
1386 2244 1602 2299 Psallite
1624 2244 1842 2299 Domino
1862 2246 1916 2297 in
1935 2245 2097 2298 cit/ta-

502 2333 563 2368 m
584 2360 597 2377 ,
629 2318 681 2369 in
712 2316 906 2369 cithara
934 2328 980 2369 et
1008 2332 1126 2368 voce
1154 2316 1373 2384 psalmi;
1401 2316 1453 2369 6.
1484 2317 1537 2370 in
1565 2318 1695 2369 tubis
1722 2317 2023 2379 ductilibus,
2049 2325 2096 2368 et

503 2403 622 2440 voce
650 2386 779 2441 tuba:
806 2402 1020 2441 cornere.
1050 2385 1277 2440 Jubitate
1305 2387 1356 2440 in
1385 2397 1653 2456 conspectu
1684 2387 1837 2456 Regis
1870 2386 2092 2440 Domini.

511 2458 733 2512 Etiamsi
762 2469 969 2526 tempus
999 2458 1156 2512 fuerit
1181 2473 1287 2526 quo
1314 2458 1397 2510 bis
1428 2456 1792 2511 instrnnnmtis
1830 2458 1893 2512 ad
1931 2458 2093 2510 Deum

506 2529 911 2598 glorificandum
942 2532 1259 2592 utebantur,
1295 2529 1360 2582 ad
1409 2544 1506 2580 nos
1547 2529 1806 2582 citharam
1842 2529 2094 2582 virtutum

504 2599 846 2652 concordiam
880 2599 1253 2667 intelligamus.
1287 2615 1406 2666 qua:
1432 2599 1577 2652 nullo
1604 2599 1763 2653 modo
1796 2608 1970 2668 potest
1998 2598 2093 2651 ob-

507 2670 686 2730 tineri.
721 2670 819 2723 nisi
849 2684 1065 2724 carnem
1090 2669 1493 2734 mortiﬁcetnus,
1525 2678 1580 2721 ut
1609 2669 1673 2722 iis
1698 2670 1847 2737 quasi
1876 2668 2094 2723 chordis

505 2742 758 2793 virtutum
803 2752 1117 2793 conceunnn
1165 2740 1539 2807 perficiamus,
1580 2748 1633 2793 et
1675 2740 1862 2806 psalmi
1909 2755 2095 2794 vocem

510 2813 617 2865 Deo
660 2810 953 2879 placentem
987 2810 1037 2863 in
1069 2811 1256 2863 emtum
1301 2810 1627 2865 omittamus.
1673 2809 1934 2877 Quoniam
1967 2825 2097 2864 vero

512 2892 627 2951 post
658 2884 917 2935 citharam
951 2882 1129 2934 tubam
1157 2883 1624 2945 commemoravit,
1666 2882 1922 2935 citharam
1949 2888 2098 2936 ecrte

509 2961 664 3005 vocat
688 2951 855 3006 Vetus
883 2951 1311 3015 'l‘estainentum,
1346 2952 1397 3004 in
1425 2966 1530 3019 quo
1572 2952 1900 3020 psallendum
1939 2960 2093 3007 erat:

507 3040 572 3077 cx
604 3024 806 3076 cithara
834 3024 975 3077 cnim
1006 3023 1351 3091 psalmodiam
1380 3024 1686 3076 concinuari
1712 3023 1917 3091 jussum
1946 3032 2095 3077 erat:

509 3095 662 3147 tubas
691 3105 869 3147 autent
895 3093 1175 3162 Evangelia
1194 3133 1210 3157 ,
1252 3093 1303 3146 in
1331 3093 1523 3162 quibus
1545 3093 1775 3161 jubilare
1803 3095 1994 3148 merito
2014 3095 2099 3160 ju-

507 3166 697 3218 hennir
738 3164 788 3217 in
833 3175 1121 3233 conSpectu
1151 3163 1312 3233 [ti-gis
1358 3164 1598 3226 Domini,
1631 3163 1837 3219 scilicet
1876 3165 2093 3228 Christi,

511 3246 696 3304 utpote
746 3236 836 3304 qui
890 3252 983 3301 per
1034 3235 1400 3303 evangelicum
1453 3235 1749 3288 institutum
1796 3235 2098 3303 Spirituales

508 3307 796 3360 vicerimus
844 3306 1109 3359 inimicos.
1163 3306 1389 3374 lilroqne
1437 3305 1591 3360 tubas
1636 3306 1891 3374 plurimas
1938 3305 2098 3359 simul

507 3377 950 3432 connncmoravit
986 3385 1041 3428 et
1073 3392 1257 3436 ultam,
1293 3373 1414 3442 quia
1444 3373 1826 3445 Lvangelium,
1852 3377 1974 3429 licet
2008 3392 2097 3430 se—

510 3448 745 3501 cundum
778 3448 1027 3499 virtutem
1057 3462 1215 3498 unum
1247 3446 1310 3499 sit
1335 3487 1350 3509 ,
1381 3447 1432 3499 in
1453 3454 1688 3515 quatuor
1716 3457 1891 3500 tamen
1922 3448 2096 3501 Evan-

509 3519 644 3587 gelia
705 3532 798 3585 per
853 3517 1203 3585 evangelistas
1252 3517 1539 3587 scriptores
1588 3517 1928 3571 distributum
1993 3528 2097 3573 est.

509 3588 891 3642 Animadverte
932 3598 1108 3642 autem
1160 3586 1453 3656 prophetici
1503 3588 1633 3641 dicti
1681 3588 2094 3643 accurationem.

508 3658 641 3713 Nam
673 3661 846 3723 tubas,
873 3674 991 3728 qua:
1025 3658 1298 3727 pluraliter
1322 3671 1633 3713 uicinorataa
1659 3658 1725 3713 de
1750 3660 2099 3728 evangelista—

508 3746 628 3784 rum
682 3731 922 3799 personis
968 3730 1338 3797 accipiuntur,
1390 3728 1617 3784 ductiles
1660 3739 1846 3795 vocat,
1900 3729 1950 3783 id
1994 3742 2095 3797 esr,

509 3815 730 3866 aeneas;
780 3816 945 3854 aenea:
998 3815 1229 3870 namque
1274 3800 1423 3853 facta:
1473 3811 1598 3854 sunt
1646 3801 2096 3870 evangelistarum

511 3873 736 3941 linguae,
768 3885 863 3941 per
888 3870 1086 3924 donum
1117 3869 1345 3940 Spiritus
1373 3872 1565 3925 sancti.
1599 3871 1747 3924 Tuba
1772 3869 1948 3926 autem
1975 3886 2097 3926 cor-

510 3958 611 3997 nea
658 3952 742 3996 est
780 3941 1143 4009 evangelicum
1190 3942 1409 3996 verbum
1463 3942 1883 4012 mysterinmque
1932 3942 1982 3996 in
2034 3956 2100 3997 eo

509 4022 843 4074 contentum,
890 4013 1010 4081 quia
1052 4020 1228 4087 caput.
1256 4012 1415 4087 habet
1456 4012 1882 4087 Christum,_qui
1930 4028 2097 4067 cornu

509 4091 876 4154 congruenter
909 4093 1132 4137 vocatur
1161 4101 1175 4137 :
1213 4083 1269 4154 in
1304 4084 1419 4151 ipso
1446 4083 1883 4154 enim_inimicos
1912 4099 2100 4151 possu-

511 4152 637 4209 mus
657 4168 823 4208 cornu
867 4153 1126 4221 impetere
1160 4170 1175 4223 ξ
1209 4152 1331 4207 huic
1377 4154 1555 4223 itaque
1585 4152 1873 4223 Evangelio
1912 4169 2098 4210 vocem

418 4250 423 4256 ο
512 4224 821 4280 necessario
849 4224 1125 4288 attribuit,
1148 4222 1217 4277 In
1246 4239 1393 4287 voce,
1423 4222 1697 4293 inquiens,
1728 4222 1859 4278 tuba:
1881 4242 2095 4279 corneae.

510 4296 776 4365 Quoniam
833 4294 1076 4362 plurimis
1134 4294 1410 4349 historiam
1465 4294 1892 4363 expetielitibus,
1944 4297 2098 4350 unius

514 4377 690 4438 tamen
708 4365 980 4438 Evangelii
999 4379 1102 4419 vox
1133 4380 1229 4438 per
1256 4379 1444 4438 omnes
1484 4365 1727 4438 auditur,
1757 4366 1844 4434 qui
1870 4382 2097 4422 concor-

511 4437 732 4491 dissime
774 4435 1083 4506 mysterium
1126 4435 1454 4490 describunt.
1488 4435 1539 4488 7.
1585 4435 1847 4489 Moventur
1885 4454 2024 4491 mare
2053 4447 2101 4492 et

511 4509 768 4576 plenitudo
794 4522 902 4575 ejus
925 4521 944 4559 :
968 4506 1104 4559 orbis
1127 4517 1376 4560 terrarum
1406 4516 1452 4559 et
1482 4522 1654 4560 ontnes
1678 4508 1761 4576 qui
1791 4507 2017 4564 habitant
2045 4513 2099 4563 in

512 4594 597 4632 eo.
627 4578 823 4632 Moveri
849 4593 996 4631 mare
1016 4588 1070 4632 et
1098 4577 1483 4646 plenitudinem
1506 4578 1644 4647 ejus,
1668 4577 1873 4633 scilicet
1894 4581 2097 4634 marina

510 4650 757 4702 animalia
786 4657 843 4701 nt
864 4647 1091 4702 choreas
1115 4658 1296 4718 agant,
1324 4648 1433 4716 jam
1455 4662 1615 4716 supra
1646 4649 1895 4702 diximus.
1926 4651 2096 4717 Quin-

510 4719 671 4772 etiam
701 4729 844 4773 inetu
870 4718 1233 4788 prodigiorum
1272 4734 1302 4772 a
1346 4720 1569 4772 Domino
1611 4720 1662 4772 in
1693 4721 1824 4773 mari
1860 4731 2097 4788 patrato-

511 4804 664 4849 rum.
712 4790 883 4857 ipsum
929 4791 1255 4844 commoveri
1299 4789 1422 4858 jure
1460 4791 1681 4844 dixeris.
1731 4789 1914 4856 Neque
1954 4793 2097 4845 cnim

512 4860 792 4913 Doniinmn
815 4860 1170 4923 solummodo,
1197 4861 1290 4915 sed
1312 4862 1471 4914 etiarn
1499 4860 1711 4915 Petrum
1735 4862 2096 4917 ambulantem

509 4932 720 5000 excepit
762 4932 779 5002 (
807 4930 990 4985 Matth.
1018 4932 1104 4984 M.
1133 4931 1226 5002 25.
1253 4948 1361 4999 sqq.
1390 4932 1406 5000 )
1434 4947 1447 4982 :
1481 4948 1543 4986 ac
1579 4930 1703 4989 Jesu
1738 4933 2094 5000 praecipiente,

511 5003 710 5064 piscem
737 5002 824 5072 qui
852 5012 1106 5056 staterem
1130 5001 1357 5056 habebat
1384 5002 1599 5070 protulit
1622 5002 1836 5071 (Matth.
1868 5005 1949 5059 l7.
1976 5004 2094 5072 9.6).

509 5073 741 5140 ldipsum
767 5088 979 5142 quoque
1002 5072 1070 5126 de
1096 5074 1225 5128 orbe
1252 5085 1515 5127 terrarum
1536 5072 1709 5141 deque
1738 5072 2097 5130 habitantibus

511 5148 561 5196 in
590 5160 655 5199 eo
679 5144 895 5197 dixeris.
919 5145 1090 5212 Ipsum
1109 5147 1250 5197 enim
1275 5143 1561 5212 [rut-cellam
1583 5154 1637 5196 et
1656 5159 1994 5199 commovere
2014 5162 2100 5214 po-

511 5225 681 5269 terant
708 5216 962 5269 miracula
987 5215 1247 5269 aCt.risto
1271 5227 1324 5268 et
1351 5232 1378 5266 a
1400 5216 1673 5283 prophetis
1707 5223 1928 5282 patrata.
1964 5217 2093 5284 Ipsis

506 5286 705 5354 quippe
747 5286 1025 5340 orantibus
1068 5287 1231 5339 multa
1271 5287 1784 5349 counnovelnmtur,
1823 5295 1880 5339 ut
1918 5298 2097 5341 narrat

507 5356 680 5412 Lucas
721 5357 742 5426 l
764 5357 877 5410 Act.
904 5357 958 5410 4.
983 5356 1072 5411 81.
1096 5366 1143 5409 et
1181 5358 1266 5410 16.
1290 5355 1361 5411 26
1384 5356 1423 5421 ).
1472 5356 1525 5409 8.
1566 5354 1811 5409 Flumina
1856 5358 2096 5425 plaudent

506 5444 662 5480 manu
706 5428 880 5481 simul.
927 5426 1172 5482 Flumina
1216 5428 1416 5481 dixeris
1461 5428 1804 5495 Operationes
1844 5429 2092 5497 Spiritus,

504 5515 627 5566 qua:
658 5499 909 5567 plaudere
940 5514 1096 5551 tnaiiu
1117 5540 1131 5562 ,
1163 5507 1345 5566 utpote
1372 5499 1423 5550 iu
1454 5514 1614 5551 unum
1642 5499 1913 5559 collectae,
1959 5499 2094 5553 tein-

508 5585 635 5634 pore
656 5571 916 5626 adventus
938 5569 1132 5623 Christi
1154 5569 1505 5633 dicebantur;
1536 5569 1605 5622 de
1628 5569 1819 5636 quibus
1843 5569 2055 5623 dicebat
2080 5589 2093 5624 :

508 5639 606 5703 Qui
630 5640 785 5693 credi!
813 5643 867 5694 in
891 5654 988 5704 me,
1021 5640 1149 5693 sicut
1172 5641 1300 5693 dixit
1329 5639 1621 5709 Scriptura,
1646 5639 1861 5707 [lumina
1886 5640 1948 5692 de
1976 5657 2094 5694 ven-

504 5719 578 5762 tre
604 5712 713 5775 eius
737 5712 899 5780 ﬂuent
935 5726 1078 5779 aqua:
1108 5711 1233 5763 view
1258 5713 1277 5781 (
1298 5710 1455 5763 Joan.
1486 5710 1536 5762 7.
1570 5708 1640 5762 58
1665 5712 1703 5778 ).
1750 5711 1903 5764 Dicas
1930 5712 2093 5765 etiam

501 5781 715 5852 sensilia
760 5780 979 5852 flumina
1029 5780 1288 5847 plausisse
1332 5797 1488 5834 manu
1530 5790 1586 5852 et
1625 5781 1852 5836 choreas
1894 5782 2087 5852 egisse,

499 5849 715 5919 quando
772 5850 1043 5906 Christum
1094 5853 1356 5922 baptisma
1416 5851 1796 5921 suscipientem
1844 5849 2093 5907 Jordanis

1997 360 2243 418 SPURIA
2256 406 2265 416 .
2768 436 2771 439 Α
3685 377 3780 432 730

2209 478 2435 547 excepit.
2466 478 2762 536 Commune
2785 480 3049 553 siquidem
3072 484 3173 539 hoc
3200 494 3316 539 erat
3340 486 3585 553 gaudium
3615 489 3784 544 lintei-

2207 563 2334 628 num
2375 559 2429 604 et
2470 564 2758 628 aquarutn._
2797 550 3083 628 9.)!0ntes
3125 550 3445 612 exsultabant
3472 577 3501 610 α
3528 560 3658 628 facie
3680 561 3783 615 Do-

2206 619 2618 695 ηιίηἱκφιοηξαυι
2650 622 2800 695 uenit.
2830 622 3034 677 Montes
3066 628 3239 678 vorari
3269 619 3550 695 prophetas
3573 630 3642 684 ob
3666 648 3783 685 Cult-

2209 690 2968 765 tcmplati‘onissublimitatem
2988 734 3001 754 ,
3030 695 3140 763 jam
3167 690 3323 765 supra
3349 690 3595 754 diximus.
3637 702 3696 755 lli
3721 704 3784 757 de

2207 761 2488 839 praesentia
2520 761 2717 839 Christi
2746 763 2936 839 ψει-ιιι»
2978 761 3354 839 exsultabant,
3386 771 3508 837 quia
3555 773 3782 839 ipsorum

2207 831 2483 899 prophetia
2529 833 2579 885 in
2611 848 2745 902 opus
2770 834 2932 887 exivit
2961 853 2974 887 :
3008 852 3130 889 nam
3153 837 3195 889 si
3218 831 3488 894 sensibilis:
3516 831 3784 897 intellexe-

2205 903 2299 979 ris,
2322 902 2637 979 _jnre_etiam
2666 904 2766 979 hoc
2796 905 2953 979 modo
2981 907 3340 979 exsultahunt,
3372 912 3621 979 quoniam
3648 915 3780 967 sole-

2204 971 2563 1046 batAJndaicus
2595 976 2818 1043 populus
2851 976 3004 1029 idolis
3043 976 3319 1033 inunolare
3356 971 3411 1034 in
3440 983 3694 1046 excelsis,
3730 994 3783 1038 ut

2205 1041 2255 1113 iii
2304 1044 2440 1096 ltbro
2484 1041 2684 1113 Regum
2731 1056 2977 1100 narratur
3008 1065 3019 1098 :
3054 1048 3245 1103 deinde
3289 1066 3418 1105 vero
3461 1052 3513 1105 in
3556 1041 3782 1109 adventu

2202 1111 2411 1191 Christi
2432 1114 2539 1191 hoc
2567 1111 2835 1191 :cessavit.
2869 1117 3280 1191 Quoniamvenit
3313 1122 3551 1191 judicare
3579 1134 3779 1177 terram.

2201 1181 2461 1264 Jitdicrtbit
2499 1186 2671 1264 orbem
2697 1196 2842 1240 terrae
2881 1188 2933 1241 in
2964 1189 3167 1264 _justit_ia_
3190 1231 3205 1253 ,
3237 1181 3523 1264 etpopulos
3553 1195 3605 1247 in
3634 1197 3785 1264 (equi-

2203 1265 2322 1306 tate.
2356 1256 2633 1321 Quomodo
2660 1257 2829 1333 ipsum
2847 1258 3039 1333 _venire
3066 1259 3212 1321 dicit,
3248 1256 3500 1333 nisiquia
3532 1256 3781 1333 preplicta

2203 1340 2323 1377 cum
2352 1338 2529 1391 esset,
2571 1328 2711 1405 quod
2756 1342 2804 1405 ut
2827 1329 3071 1405 futurum
3106 1328 3613 1405 prarnuntiabat,'id
3634 1328 3783 1405 quasi

2205 1411 2438 1468 pra-scus
2481 1399 2779 1452 cernebat?
2823 1398 2927 1453 Sed
2974 1401 3143 1468 primo
3171 1402 3238 1456 de
3282 1403 3510 1459 adventu
3543 1405 3597 1459 in
3629 1398 3784 1462 carne

2204 1464 2454 1545 loquitur,
2488 1469 2578 1537 qui
2622 1471 2767 1545 prior
2798 1469 2932 1545 fuit;
2958 1464 3209 1545 secundo
3248 1482 3427 1528 autem
3465 1475 3532 1529 de
3557 1478 3784 1531 secundo

2201 1538 2317 1617 ejus
2343 1538 2604 1617 adventu,
2635 1540 2686 1593 in
2729 1558 2835 1617 quo
2874 1541 3039 1609 judex
3070 1554 3324 1597 venturus
3360 1555 3463 1599 est.
3501 1545 3691 1600 Verum
3734 1548 3782 1600 in

2202 1609 2374 1685 primo
2400 1609 2514 1677 ejus
2539 1611 2772 1685 adventu
2804 1613 2936 1664 bona
2967 1628 3028 1666 ex
3052 1627 3132 1685 eo
3145 1626 3293 1685 parta
3318 1616 3577 1685 suscipit;
3608 1633 3783 1671 secun-

2199 1681 2323 1757 dum
2351 1689 2527 1757 autem
2556 1681 2841 1757 adventum
2877 1683 3224 1757 metujudicii
3251 1684 3362 1754 jam
3386 1681 3587 1757 Aadesse
3623 1698 3779 1757 putat.

2206 1747 2348 1828 Utile
2380 1751 2673 1828 admodum
2699 1761 2782 1807 est
2828 1747 3085 1828 terribilia
3130 1747 3448 1828 prm'oculis
3484 1747 3703 1823 habere,
3735 1768 3786 1814 et

2199 1821 2350 1897 quasi
2380 1820 2710 1897 imminentia
2740 1825 3028 1897 respicere,
3060 1832 3118 1897 ut
3132 1820 3267 1879 hinc
3293 1840 3504 1895 peccata
3535 1820 3783 1897 prmscin-

2200 1891 2408 1945 damus.
2441 1891 2571 1958 Quae
2602 1903 2685 1947 est
2711 1904 2887 1947 autem
2915 1894 3098 1961 jndicii
3129 1891 3424 1951 mconomia
3448 1897 3471 1951 ξ’
3494 1891 3708 1954 Justitia
3736 1909 3786 1954 et

2200 1964 2443 2036 aquilas.
2488 1961 2669 2031 Itaque
2713 1964 3026 2031 injustitiam
3071 1965 3333 2036 fugiamus
3358 2010 3373 2031 ,
3402 1977 3454 2021 et
3483 1984 3510 2021 a
3540 1970 3787 2024 tortuosis

2199 2030 2533 2086 declinemus
2561 2030 2665 2089 :ne
2686 2030 2823 2090 dolis
2845 2036 3090 2100 fidamus,
3115 2030 3390 2093 avaritiam
3414 2055 3478 2092 ne
3499 2050 3782 2094 sectemur.

2201 2101 2326 2181 ll:_e_c
2351 2104 2549 2181 quippe
2578 2116 2702 2181 sunt
2730 2106 2819 2159 Dei
2842 2107 3045 2181 judicio
3070 2109 3337 2181 contraria
3359 2151 3373 2173 ,
3401 2117 3458 2163 et
3482 2125 3577 2165 eos
3599 2112 3685 2180 qui
3711 2112 3786 2165 his

2200 2172 2397 2227 addicti
2423 2184 2548 2228 sunt
2576 2175 2630 2229 in
2659 2175 3061 2232 damnationem
3089 2172 3380 2233 deducunt.

2347 2288 2395 2342 1.
2438 2286 2625 2341 Davidi
2641 2304 2662 2353 ;
2691 2289 2804 2361 sine
2832 2290 3174 2361 inscriptiooe
3203 2291 3341 2361 apud
3373 2291 3652 2350 Hebrzeos.

2773 2359 3010 2416 Psalmus
3050 2378 3232 2417 XCVIII.

2276 2449 2324 2525 1.
2367 2450 2471 2504 Alii
2511 2452 2723 2525 quidem
2764 2469 2952 2508 onmes
2984 2457 3099 2509 sine
3139 2456 3484 2525 inscriptione
3524 2458 3785 2513 Psalmnm

2202 2520 2483 2575 ediderunt
2510 2520 2872 2598 :_scd_D_avidi_
2900 2526 3285 2598 inscripserunt
3307 2520 3673 2598 Septuaginta
3714 2531 3787 2583 in-

2203 2600 2489 2668 terpretes,
2514 2594 2775 2668 quasi‘de_
2796 2594 3076 2668 spirituali
3092 2598 3285 2652 Davide
3310 2594 3785 2668 Christo'prophe-

2201 2663 2328 2738 tiam
2350 2666 2641 2718 contineat.
2669 2666 2720 2738 1.
2739 2663 2989 2738 Dominus
3016 2669 3257 2737 regnavit,
3285 2663 3574 2723 irascantur
3598 2663 3782 2738 populi.

2199 2732 2506 2809 .lndzeorum
2537 2736 2773 2809 populos
2814 2737 2940 2789 dicit
2977 2754 2991 2790 :
3030 2732 3126 2791 hos
3156 2741 3300 2793 enim
3332 2756 3556 2809 regnum
3591 2732 3782 2795 Christi

2203 2804 2255 2857 itt
2287 2805 2418 2857 iram
2448 2814 2502 2859 et
2530 2807 2763 2861 furorem
2794 2809 3099 2873 concitavit,
3133 2810 3201 2862 ita
3233 2821 3287 2863 ιιι
3318 2804 3490 2865 Pilato
3518 2812 3782 2866 dicerent:

2204 2874 2330 2928 Noli
2360 2876 2689 2952 dicere__quod_
2722 2894 2811 2952 rex
2835 2879 2899 2929 sit
2934 2877 3230 2933 Judceorum
3259 2879 3434 2952 (Joan.
3467 2882 3555 2936 l9.
3578 2883 3702 2951 21);
3728 2896 3787 2936 ac

2202 2962 2413 3019 rursum
2447 2964 2471 3019 τί
2506 2944 2628 3000 Non
2650 2947 2909 3019 habemus
2929 2966 3140 3019 _reyem,
3189 2944 3288 3004 nisi
3328 2951 3580 3006 Cazsarem
3611 2944 3780 3017 (ibid.

2202 3034 2249 3089 o.
2281 3017 2403 3087 15).
2441 3018 2542 3083 Qui
2568 3018 2704 3073 sedet
2732 3036 2884 3089 super
2911 3017 3197 3081 Clterubim,
3223 3033 3476 3076 moveatur
3501 3033 3655 3075 terra.
3694 3023 3785 3077 Ju—

2203 3088 2373 3142 daeam
2417 3104 2600 3141 rursus
2639 3090 2955 3161 subindicat.
3001 3090 3136 3145 Cum
3164 3094 3304 3145 enim
3348 3092 3485 3161 Magi
3506 3107 3575 3144 ea:
3593 3090 3786 3147 Oriente

2203 3171 2442 3211 venerunt
2471 3160 2711 3224 dicentes,
2742 3160 2840 3215 Ubi
2865 3170 2937 3215 est
2962 3163 3045 3228 qui
3073 3173 3220 3214 natus
3245 3172 3314 3216 est
3338 3180 3428 3217 rex
3444 3160 3786 3217 dudworum.’

2212 3228 2442 3282 Vidimus
2468 3231 2599 3284 enim
2630 3233 2827 3285 stellam
2857 3233 2966 3299 ejus
3004 3232 3056 3285 in
3091 3232 3325 3299 Oriente,
3353 3246 3396 3288 et
3442 3236 3666 3287 venimus
3695 3236 3784 3286 ad~

2204 3317 2351 3354 orare
2376 3317 2488 3353 eum
2507 3317 2525 3353 :
2546 3301 2759 3354 audiens
2782 3301 3009 3354 Herodes
3030 3304 3254 3356 turbatus
3279 3315 3370 3367 est,
3395 3315 3440 3358 et
3463 3306 3628 3359 omnis
3644 3305 3786 3359 Jero—

2205 3371 2542 3445 solyntacum
2586 3371 2675 3426 illo
2709 3375 2725 3440 (
2744 3373 2925 3445 Matth.
2951 3371 3005 3424 9..
3033 3372 3193 3445 1-5).
3235 3374 3370 3441 Quid
3401 3386 3584 3445 autem
3610 3376 3783 3430 fecerit

2206 3440 2412 3514 illeiqni
2451 3444 2602 3497 sedet
2650 3460 2812 3514 super
2852 3440 3173 3509 Cherubin),
3216 3440 3487 3514 sequentia
3539 3447 3779 3501 indicant.

2202 3513 2257 3567 2.
2291 3513 2534 3567 Dominus
2573 3516 2623 3567 in
2671 3512 2800 3569 Sion
2847 3531 3061 3584 magnus
3100 3525 3144 3567 et
3182 3512 3402 3569 excelsus
3442 3533 3597 3584 super
3625 3533 3783 3571 omnes

2204 3584 2437 3654 populos.
2488 3584 2542 3637 lu
2575 3586 2702 3640 Sion
2730 3586 2872 3639 enim
2901 3586 3078 3651 jannis
3105 3586 3299 3640 clausis
3329 3587 3601 3656 ingressus
3624 3630 3640 3653 ,
3677 3602 3783 3640 ma-

2203 3655 2535 3723 gnitudinem
2563 3671 2714 3709 suam
2742 3656 2975 3709 ostendit
3000 3672 3012 3719 ;
3046 3668 3204 3724 atque
3232 3673 3324 3724 per
3350 3655 3448 3712 hec
3475 3658 3781 3713 miraculum

2203 3726 2348 3779 clare
2389 3725 2797 3791 demonstravit,
2844 3743 2903 3779 se
2946 3741 3068 3781 esse
3114 3727 3262 3781 illum
3304 3742 3465 3796 super
3502 3728 3780 3783 Cbcrubim

2204 3797 2500 3850 sedentem.
2527 3796 2593 3850 Et
2621 3796 2741 3851 ideo
2761 3812 3110 3867 quaecumque
3130 3795 3253 3851 facit
3274 3798 3362 3851 ille
3375 3795 3643 3853 creatura:
3665 3814 3784 3852 eon-

2204 3868 2377 3932 ditor,
2409 3877 2596 3921 natura
2630 3878 2808 3922 nostra
2855 3868 3220 3936 pnestautiora
3250 3879 3395 3924 sunt.
3437 3868 3587 3923 Tunc
3616 3882 3783 3923 osuru-

2207 3953 2298 4010 sns
2327 3945 2409 3991 est
2436 3937 2683 4010 excelsus
2713 3935 2872 4006 super
2898 3954 3085 3993 omnes
3115 3940 3360 4010 populos,
3386 3954 3511 4003 cum
3537 3940 3780 4010 apostolis

2204 4008 2403 4061 donum
2428 4007 2658 4077 Spiritus
2690 4010 2854 4064 sancti
2898 4007 3231 4079 tribuit,qui
3260 4009 3373 4076 ejus
3400 4007 3779 4075 celsitudinem,

2205 4094 2309 4132 non
2341 4081 2428 4132 uni
2474 4082 2697 4148 populi»,
2740 4080 2834 4135 sed
2865 4080 3115 4133 omnibus
3159 4080 3352 4149 ubique
3393 4083 3777 4135 annuntiarnnt.

2205 4149 2257 4203 5.
2285 4149 2637 4219 Conﬁteantur
2675 4152 2864 4204 nomini
2892 4161 2977 4204 tuo
3007 4167 3210 4221 magno,
3240 4151 3477 4220 quoniam
3504 4152 3717 4206 terribile
3738 4158 3780 4203 et

2204 4232 2436 4274 sanctum
2454 4232 2549 4275 est.
2574 4222 2743 4275 Oinne
2766 4221 2861 4275 Dei
2890 4238 3083 4275 nomen
3106 4237 3353 4291 magnum
3378 4232 3496 4276 est:
3529 4238 3649 4276 nam
3674 4236 3781 4276 mo-

2204 4292 2273 4344 do
2297 4291 2362 4343 ad
2390 4292 2506 4363 ejus
2526 4292 2750 4362 gloriam
2776 4292 3503 4363 consentaneaintelligenda
3530 4302 3652 4347 sunt
3676 4292 3779 4359 ejus

2205 4362 2440 4418 nomina.
2472 4362 2742 4435 Siquidem
2774 4364 2817 4435 si
2848 4364 3101 4435 Dominus
3128 4362 3353 4435 dicatur,
3387 4379 3487 4417 non
3522 4364 3654 4432 pari.
3686 4376 3777 4431 qua

2205 4436 2343 4503 apud
2372 4451 2489 4498 nos,
2534 4433 2738 4490 ratione
2775 4434 3010 4498 dicitur;
3054 4434 3097 4487 si
3128 4433 3262 4499 Rex,
3292 4434 3500 4489 diverse
3534 4435 3587 4488 in
3614 4449 3678 4488 eo
3705 4436 3777 4503 ine

2206 4502 2461 4576 telligitur
2502 4509 2648 4578 regni
2681 4508 2930 4577 dignitas.
2973 4509 3237 4561 (hc-terum
3284 4522 3531 4578 magnum
3578 4515 3659 4578 est
3695 4502 3777 4556 Dei

2209 4593 2427 4648 nomen,
2450 4594 2556 4648 quo
2574 4576 2810 4648 seipsutn
2840 4579 3149 4641 noniinavn,
3174 4577 3385 4648 quando
3411 4577 3589 4645 Moyse
3610 4576 3778 4648 dicen-

2208 4659 2299 4720 te:
2328 4645 2793 4720 Ecce—cgoipenimn
2815 4650 2882 4702 ad
2907 4648 3041 4716 ﬁlios
3062 4645 3249 4712 Israel,
3280 4657 3326 4701 et
3352 4647 3520 4702 dicam
3550 4648 3619 4720 eis
3641 4662 3658 4699 :
3682 4645 3778 4697 Do-

2206 4719 2373 4771 minus
2401 4718 2540 4774 Deus
2566 4718 2894 4773 Hebrazorutu
2920 4721 3051 4773 misit
3087 4735 3165 4773 me
3189 4720 3256 4772 ad
3283 4736 3366 4774 vos
3390 4737 3407 4773 :
3434 4730 3481 4774 et
3505 4720 3551 4772 si
3572 4719 3775 4773 interro-

2203 4801 2319 4860 gent
2342 4807 2439 4854 nte,
2468 4791 2617 4855 Quod
2640 4808 2820 4843 nomen
2845 4801 2917 4844 est
2940 4789 3036 4859 ipsi
3056 4807 3075 4845 :
3094 4790 3216 4859 quid
3242 4791 3405 4844 dicam
3432 4791 3501 4843 eis
3526 4792 3550 4843 ?
3582 4805 3776 4860 respono

2205 4858 2277 4913 dit
2298 4861 2343 4913 ei
2365 4876 2382 4913 .'
2408 4859 2553 4914 Dices
2573 4862 2694 4929 ﬁliis
2715 4860 2899 4925 Israel,
2926 4858 3027 4927 Qui
3051 4858 3121 4915 est
3144 4863 3277 4915 misit
3300 4879 3377 4916 me
3396 4862 3464 4915 ad
3485 4879 3568 4916 vos
3591 4858 3773 4928 (Exod.

2206 4932 2374 4986 5.15.
2420 4931 2547 5000 li).
2594 4932 2725 4985 lluic
2766 4932 2985 4986 terribili
3025 4941 3078 4986 et
3113 4943 3298 4987 sancto
3339 4944 3394 4986 ut
3438 4934 3776 4986 confitetur-ur

2207 5001 2462 5070 propheta
2487 5001 2753 5071 pra~ccpit.
2787 5002 2916 5056 Nam
2940 5002 3028 5071 qui
3052 5012 3426 5072 temporaneus
3450 5013 3552 5066 est,
3578 5001 3771 5057 etiamsi

2209 5083 2396 5142 potens
2419 5076 2520 5134 sit,
2553 5088 2657 5126 non
2688 5083 2863 5127 tamen
2888 5074 3173 5128 admodum
3204 5075 3478 5140 terribilis,
3509 5075 3626 5142 quia
3652 5088 3772 5140 qttu—

2204 5144 2327 5198 dam
2349 5143 2575 5197 decurso
2604 5154 2840 5213 tempore
2870 5144 2984 5211 ejus
3014 5144 3305 5198 dominatio
3334 5155 3508 5200 cessat
3536 5162 3547 5196 :
3577 5145 3661 5213 qui
3685 5155 3770 5213 au-

2206 5223 2311 5268 tem
2338 5230 2550 5283 semper
2579 5226 2659 5268 est
2690 5212 2745 5268 et
2771 5225 3028 5279 teternus,
3057 5214 3175 5282 jure
3202 5215 3453 5269 terribilis
3482 5224 3561 5270 est
3583 5212 3604 5277 ;⁷
3640 5212 3768 5266 nulla

2203 5286 2398 5354 quippe
2426 5300 2549 5353 spes
2578 5295 2660 5339 est
2688 5287 2856 5353 ipsmn
2882 5296 2975 5339 aut
3000 5286 3312 5339 tantumdem
3336 5296 3425 5339 aut
3454 5294 3768 5339 cessaturum

2203 5371 2343 5410 esse.
2371 5355 2503 5421 Quia
2536 5371 2666 5411 vero
2684 5366 2937 5411 sanctum
2965 5367 3017 5410 ct
3045 5356 3280 5410 terribile
3318 5355 3419 5411 hoc
3449 5372 3633 5408 noinen
3660 5364 3768 5407 esse

2202 5427 2349 5487 dicit.
2385 5426 2622 5481 terribile
2642 5442 2764 5481 esse
2791 5428 3051 5495 intelligas
3083 5427 3333 5486 inimicis.
3358 5428 3558 5482 scilicet
3577 5424 3766 5478 dmino-

2203 5497 2361 5551 nibus
2384 5540 2399 5561 ,
2442 5498 2531 5565 qui
2561 5499 2643 5554 vel
2672 5498 3063 5553 invocationem
3112 5499 3226 5564 ejus
3272 5497 3508 5567 fugiunt;
3542 5503 3764 5549 sanetum

2202 5578 2396 5651 alitem.
2411 5569 2674 5651 fidelibus,
2700 5569 2788 5651 qui
2819 5586 2923 5622 non
2940 5568 3057 5651 alio
3083 5568 3443 5651 inodo,_qnatu
3472 5583 3562 5637 per
3587 5575 3762 5645 neuneu

2200 5638 2399 5692 Christi
2428 5634 2907 5694 Sanctificationem
2939 5639 3155 5693 habent.
3185 5640 3237 5693 4.
3267 5634 3332 5693 Et
3353 5634 3513 5692 honor
3541 5637 3663 5704 regis
3677 5634 3761 5703 ju-

2202 5710 2391 5765 dicimn
2430 5710 2615 5780 diligit.
2659 5710 2810 5780 Quod
2837 5711 2978 5764 enim
3007 5719 3088 5763 est
3111 5710 3296 5779 judicii
3326 5710 3503 5778 opus?
3536 5708 3764 5781 insonti?

2201 5781 2502 5846 absolvere,
2525 5772 2717 5836 noxios
2742 5782 3019 5837 declarare
3044 5796 3057 5832 :
3088 5772 3414 5850 quapropter
3435 5772 3763 5850 ju.lir_iun_t.tli-

2205 5851 2317 5921 ligit
2342 5840 2503 5922 Regis
2527 5851 2718 5918 honor,
2764 5852 2814 5908 id
2853 5863 2956 5918 est,
2987 5840 3268 5925 imperium
3297 5840 3352 5906 et
3383 5840 3635 5918 potentia.
3655 5840 3762 5891 ltlcu
