3928 6276
451 325 523 381 t9
1050 272 1053 275 Δ
1991 317 2380 372 ranarum.
3657 326 3728 383 ρο

447 437 735 523 inanibus
785 438 1029 523 relicto,
1062 436 1253 498 alium
1307 435 2719 523 extrqordinemintroducamus,transmisso
2755 440 3044 523 auditore
3089 442 3286 523 adfea
3325 461 3458 523 qute
3487 443 3557 504 de
3611 444 3725 506 illo

448 518 620 605 dicta
648 525 814 605 sunt,
840 516 922 577 ad
944 535 1014 576 ea
1037 534 1171 605 quae
1197 526 1344 576 sunt
1364 512 1543 605 nobis
1561 515 1902 605 proposita
1926 515 2306 605 accedamus.
2338 516 2455 575 Hic
2487 533 2615 605 n_on
2651 518 2839 605 modo
2870 512 3627 605 indicat_Chrysos_tomus
3657 542 3725 605 se

444 597 523 657 de
554 597 805 679 Psalmo
825 593 1229 679 sexagesimo
1254 593 1534 679 secundo
1552 593 1684 672 jam
1709 594 1972 679 dixisse,
1996 595 2103 679 sed
2122 594 2501 679 dixissesuo
2526 595 2668 656 loco
2696 603 2757 657 et
2784 598 2847 657 in
2870 599 3036 659 serie
3065 593 3367 661 aliorum.
3387 601 3728 679 Expositio

444 682 666 738 autem
700 672 808 737 illa
842 672 1077 736 Psalmi
1102 673 1489 753 sexagesimi
1517 672 1779 753 secundi
1810 692 1955 733 cum
1990 674 2135 753 aliis
2167 674 2428 735 interiit.

523 755 1081 836 ILPhotiusjtem
1115 752 1485 836 patriarcha
1510 752 1575 811 in
1608 760 1760 836 nota
1790 769 1942 814 mox
1991 752 2230 813 edenda
2253 798 2269 825 ,
2300 771 2443 830 qua:
2458 759 2636 836 _nota
2682 771 3038 836 numquam
3071 758 3348 820 antehac
3375 804 3390 828 ,
3422 765 3494 819 ut
3520 765 3681 836 puto
3705 805 3720 827 ,

441 835 722 912 prodiit,
752 831 1133 915 testificatur
1165 851 1235 894 se
1288 832 1578 893 scholion
1614 831 1847 915 vidisse
1900 836 2297 915 excerptum
2320 832 2930 915 equommentario
2958 834 3396 915 Chrysostomi
3442 831 3725 899 in'Psal-

447 911 623 974 mum
650 913 1548 992 quinquagesimumnonum
1569 930 1598 992 _:
1633 911 1815 992 locus
1842 917 2057 992 autem
2092 911 2200 992 ille
2234 911 2438 971 Photii
2461 991 2470 992 ί
2492 911 2760 992 affertur
2790 915 2852 973 in
2900 911 3129 976 Codice
3161 915 3283 976 ΧΠ
3309 917 3723 978 Bibliothccm

438 989 876 1073 Coisliniante,
907 989 1017 1052 fol.
1047 990 1165 1073 52,
1180 991 1291 1073 qui
1313 990 1529 1051 Codex
1550 990 1777 1073 decimi
1809 989 2258 1073 te_rtii_cir_citer
2285 991 2502 1050 saeculi
2528 991 2832 1054 Catenam
2861 993 2933 1073 in
2951 995 3238 1056 Psalmos
3269 997 3722 1073 complectitur

446 1072 564 1132 etsi
594 1087 723 1132 non
759 1072 1098 1150 integram.
1130 1070 1247 1131 Sed
1276 1069 1836 1150 interpretationes
1865 1070 1931 1128 in
1964 1069 2249 1150 Psalmos
2277 1074 2520 1150 septem
2541 1089 2769 1148 nempe
2798 1072 3200 1133 Psalmorum
3225 1120 3240 1147 ,
3274 1069 3478 1136 solius
3507 1075 3721 1135 Theo--

438 1150 579 1234 d_ori
628 1148 1023 1234 Heracleotte
1058 1168 1199 1234 esse
1229 1153 1557 1234 notantur.
1584 1149 1747 1234 Nota
1774 1148 1991 1224 itaque
2020 1148 2223 1234 Photii
2274 1150 2365 1209 sic
2408 1149 2601 1234 habet
2632 1170 2647 1208 :
2677 1151 2989 1234 A_decimo
3022 1154 3208 1213 tertio
3234 1172 3423 1234 usque
3450 1153 3531 1214 ad
3554 1173 3721 1234 quae

444 1230 857 1311 dragesimum
903 1229 1236 1311 secundum
1278 1228 1602 1311 Psalmum_
1638 1227 2683 1311 g‘hrysostomiinterpretationem
2727 1230 3023 1311 hactenus
3048 1250 3179 1291 non
3205 1227 3583 1311 repErimus:
3610 1233 3720 1293 sed

438 1305 635 1389 neque
663 1330 701 1370 a
727 1309 1234 1389 quinquagesimo
1261 1325 1493 1389 qusque
1521 1305 1602 1389 ad
1626 1305 1908 1389 Psalmos
1935 1306 2264 1389 graduum.
2314 1307 2541 1368 Inveni
2566 1317 2764 1389 tamen
2800 1310 2869 1370 in
2893 1309 3149 1372 scholiis
3177 1312 3247 1372 in
3269 1305 3536 1389 primam
3596 1331 3718 1371 ca—

443 1385 1028 1469 thélieam'Joannis
1053 1385 1387 1469 epistolam
1403 1385 2025 1469 Scholioneregiolte
2069 1386 2351 1464 positum
2376 1432 2390 1452 .
2422 1388 2602 1469 quasi
2643 1407 2722 1447 ex
2749 1385 3716 1469 interpretatione'Chrysostomi

438 1473 508 1531 in
535 1468 851 1529 Psalmum
874 1466 972 1535 59,
1004 1463 1303 1546 nimirum
1332 1466 1401 1527 in
1426 1464 1662 1546 dictum
1692 1463 1853 1546 illud
1885 1484 1899 1522 :
1929 1465 2047 1546 ‘Est
2073 1463 2406 1546 peccatum
2430 1463 2515 1526 ad
2549 1475 2817 1527 mortem
2838 1511 2853 1538 ,
2884 1463 2947 1527 et
2978 1474 3076 1529 est
3103 1463 3435 1546 peccatum
3464 1487 3597 1528 non
3632 1471 3713 1530 ad

436 1551 728 1610 mortem.
763 1546 936 1608 Unde
958 1545 1444 1607 animadvertere
1469 1543 1614 1605 licet
1640 1591 1655 1611 ,
1702 1543 1940 1605 etiamsi
1968 1562 2083 1603 nos
2106 1561 2237 1603 non
2262 1545 2673 1605 invenerimus
2695 1592 2709 1612 ,
2742 1546 3028 1607 divinum
3068 1543 3267 1608 tamen
3293 1550 3473 1611 illum
3504 1550 3716 1609 virum

439 1621 640 1706 ipsum
678 1626 1152 1706 interpretatum
1187 1644 1341 1706 esse.
1360 1624 1448 1706 Et
1475 1629 1696 1701 postea
1749 1622 2129 1706 subjicitur;
2153 1622 2429 1706 _Photius
2457 1624 2819 1706 patriarcha
2844 1624 3241 1706 hieckscribit.

514 1702 1075 1767 Observes—autem
1106 1704 1328 1772 velim,
1352 1704 1520 1764 hanc
1549 1707 1764 1763 notam
1792 1702 2084 1780 posuisse
2100 1702 2393 1762 Photium
2429 1708 2579 1764 ante
2616 1704 2939 1765 Psalmum
2966 1704 3284 1767 decimum
3316 1706 3574 1766 tertium
3595 1752 3613 1774 ,
3646 1712 3733 1766 ut‘

436 1783 826 1861 signiﬁcaret
878 1785 945 1844 in
996 1783 1417 1861 sequentibus
1468 1780 1734 1843 Psalmis
1780 1798 1911 1841 non
1962 1781 2768 1862 suppetereChrysostomi
2822 1783 3428 1861 interpretationes,
3460 1803 3608 1862 qua:
3649 1789 3715 1844 in

434 1862 945 2001 praecedentibus
976 1863 1245 1925 Psalmis
1276 1862 1641 1940 frequentes
1668 1866 2086 1953 apponuntur
2111 1862 2177 1920 in
2207 1861 2431 1952 eadem
2476 1861 2737 1954 Catena.
2771 1862 2948 1923 Unde
2995 1864 3186 1955 etiam
3241 1865 3425 1941 argui
3458 1861 3717 1952 videtur

485 1940 733 2001 hotlum
766 1942 1034 2001 huiusce
1063 1941 1318 2001 Catenae
1360 1959 1501 2001 esse
1552 1945 1881 2001 auctorem
1904 1985 1920 2001 .
1952 1958 2064 2001 aut
2114 1940 2492 2001 testificatur
2520 1959 2586 2001 se
2633 1961 2697 2001 In
2731 1942 3235 2001 praecedentibus
3262 1944 3708 2001 Chrvsostotm

485 1940 733 2022 hotium
766 1941 1034 2021 hujusce
1063 1941 1318 2022 Catenae
1360 1959 1501 2022 esse
1552 1945 1881 2022 auctorem
1904 1985 1920 2011 ,
1952 1941 2064 2017 qui
2114 1940 2492 2022 testificatur
2520 1959 2586 2001 se
2633 1942 3235 2022 inipraacedentibus
3262 1940 3708 2022 Chrysostomi

478 2020 580 2080 lus
615 2037 811 2098 quam
837 2019 1115 2082 aliorum
1137 2020 1423 2081 omnium
1453 2019 2015 2097 interpretationes
2037 2019 2350 2089 attulisse,
2376 2038 2503 2080 non
2536 2023 2682 2080 item
2710 2021 2774 2080 in
2807 2022 3075 2083 Psalmis
3106 2019 3524 2099 sequentibus
3563 2022 3711 2082 illas

432 2036 610 2163 fusas
645 2099 882 2162 habere
916 2117 1078 2163 uuas
1110 2099 1429 2163 proferat.
1458 2099 1613 2163 auia
1646 2117 1874 2163 nempe
1921 2098 2059 2163 eius
2091 2099 2545 2163 Exnositiones
2580 2101 2739 2160 bene
2774 2101 3026 2163 multae.
3053 2118 3216 2163 quas
3248 2102 3385 2163 ipse
3421 2100 3662 2161 indicat
3691 2147 3708 2163 .

459 2115 610 2176 psas
645 2099 882 2162 habere
916 2117 1078 2178 quas
1110 2099 1429 2177 proferat,
1458 2099 1613 2176 quia
1646 2117 1874 2176 nempe
1921 2098 2059 2177 ejus
2091 2099 2545 2175 Expositiones
2580 2101 2739 2160 bene
2774 2101 3026 2168 multae,
3053 2118 3216 2178 quas
3248 2102 3385 2178 ipse
3421 2100 3662 2161 indicat
3691 2147 3708 2169 ,

430 2178 688 2240 amissaa
739 2177 1014 2240 fuerant.
1053 2180 1270 2240 Patres
1318 2184 1535 2241 autem
1587 2197 1672 2238 ex
1701 2195 1980 2255 quorum
2032 2177 2670 2255 interpretationibus
2724 2178 3031 2240 Catenam
3076 2180 3241 2241 hanc
3277 2177 3712 2240 concinnavit

432 2256 697 2318 l’hotius
724 2301 740 2329 ,
773 2257 838 2317 hi
864 2263 1018 2318 sunt
1055 2277 1070 2316 :
1105 2258 1531 2328 Athanasius,
1558 2256 1833 2317 Basilius
1860 2300 1875 2321 .
1912 2256 2431 2334 Chrysostomus,
2464 2262 2527 2318 et
2573 2257 2952 2318 Theodorus
2982 2259 3382 2320 Heracleota.
3415 2257 3575 2319 Cum
3602 2258 3711 2316 de-

428 2335 697 2415 ficerent
719 2353 873 2415 ergo
905 2336 1342 2415 Chrysostomi
1369 2337 1436 2395 in
1458 2341 1811 2415 sequentes
1838 2335 2124 2415 Psalmos
2155 2335 2743 2415 interpretationes,
2777 2336 2838 2395 id
2870 2337 3106 2398 indicat
3129 2337 3414 2407 Photius,
3446 2355 3526 2396 ne
3557 2338 3710 2413 quis

431 2414 705 2494 miretur
751 2412 1632 2494 Joannem-Chrysostomum
1661 2458 1676 2482 ,
1704 2413 1815 2490 qui
1872 2412 2059 2494 modo
2110 2413 2347 2494 passim
2390 2415 2843 2489 adhibebatur,
2903 2434 3031 2476 non
3082 2417 3253 2478 ultra
3300 2412 3705 2493 comparere.

440 2493 615 2554 Unde
642 2500 812 2555 certe
833 2494 1129 2573 arguitur
1157 2511 1197 2555 a
1228 2491 1455 2554 Photio
1481 2492 1789 2573 Catenam
1813 2491 2189 2573 adornatam
2223 2492 2443 2573 fuisse.

507 2573 730 2652 Neque
780 2571 980 2652 uuam
1025 2573 1195 2634 hanc
1223 2576 1474 2652 tantum
1499 2571 1708 2652 Photii
1755 2575 1975 2652 notam
2027 2571 2094 2630 in
2124 2571 2489 2652 hujusmodi
2534 2572 2775 2634 Catena
2805 2573 3342 2652 deprehendimus
3379 2595 3392 2632 :
3432 2574 3711 2635 alteram

428 2651 604 2731 enim
623 2649 917 2729 ejusdem
947 2652 1283 2720 habemus,
1321 2651 1387 2731 in
1417 2649 1545 2710 ﬁne
1569 2650 1803 2731 Psalmi
1834 2650 2000 2731 8,‘in_
2033 2652 2227 2711 verba
2252 2649 2689 2730 Chrysostomi
2718 2649 2986 2731 paulum
3035 2659 3279 2714 mutata
3306 2698 3321 2723 ,
3355 2671 3501 2729 quae
3548 2660 3706 2713 nota

431 2731 528 2810 sic
565 2728 759 2810 habet
788 2750 805 2790 :
835 2731 1290 2810 Interrogatio.
1328 2730 1559 2806 Quare,
1591 2730 1820 2810 inquit,
1854 2728 2166 2796 Christus,
2203 2749 2339 2790 cum
2366 2728 2447 2792 sit
2473 2728 2737 2809 aequalis
2751 2732 2957 2800 Patri,
2987 2732 3248 2793 humilia
3277 2728 3477 2792 tamen
3503 2735 3711 2793 multa

426 2809 744 2890 loquitur?
776 2807 1141 2889 Responsio.
1172 2811 1255 2890 Ut
1280 2807 1690 2890 humilitatem
1711 2807 1959 2876 doceat,
1988 2810 2219 2890 etquia
2247 2827 2430 2890 carne
2461 2807 2723 2890 amictus
2753 2819 2922 2879 erat,
2957 2831 3030 2871 ac
3044 2820 3311 2890 propter
3336 2810 3708 2872 Judteorwn

426 2888 856 2969 stupiditatem
885 2888 1290 2969 Equiaietiam
1316 2888 1650 2949 humanum
1682 2905 1872 2966 genus
1916 2888 2224 2969 paulatim
2271 2888 2353 2969 ad
2400 2889 2820 2969 cognitionem
2857 2888 3188 2969 procedere
3217 2889 3417 2957 debet,
3442 2891 3709 2967 itemque

429 2964 507 3048 ob
528 2964 1357 3048 imperfectum—audientium
1379 2975 1625 3046 captum
1652 2964 1864 3027 {certe
1888 2964 2083 3028 inulta
2117 2966 2449 3028 secundum
2475 2964 2835 3048 auditorum
2857 2964 3220 3047 opinionem
3249 2970 3549 3048 loquitur.
3577 2964 3707 3031 Hic

427 3046 807 3186 cirealpnem
834 3055 1055 3106 contra
1082 3046 1350 3108 Paulum
1376 3048 1842 3108 Samosatenum
1868 3053 1923 3105 et
1964 3054 2183 3106 contra
2212 3047 2483 3107 Arianos
2510 3046 2694 3108 verba
2712 3046 2959 3127 dirigit.
3000 3046 3596 3127 occasione‘sumpta
3626 3069 3708 3108 ea:

427 3124 541 3186 hoe
649 3125 831 3186 salmi
862 3125 1029 3186 dicto
1062 3146 1082 3183 :
1106 3126 1426 3186 Ouoniam
1456 3125 1682 3186 videbo
1728 3125 1916 3186 caelos
1958 3130 2101 3186 tuos
2128 3170 2142 3186 .
2171 3142 2368 3186 onera
2416 3126 2764 3186 dieitorum
2788 3132 3072 3186 tuorum.
3104 3128 3260 3186 Haec
3290 3127 3708 3186 diversimode

425 3124 543 3205 hoe
593 3124 831 3187 Psalmi
862 3125 1082 3205 dicto”:
1106 3126 1426 3205 Quoniam
1456 3125 1682 3186 videbo
1728 3125 1916 3205 caelos
1958 3130 2101 3187 tuos
2128 3170 2142 3197 ,
2171 3142 2368 3202 opera
2416 3126 2764 3205 digitorum
2788 3124 3072 3188 tuorum.
3104 3128 3260 3188 Haec
3290 3124 3708 3188 diversimode

426 3205 496 3264 in
517 3204 635 3265 hoc
668 3222 943 3286 sermone
974 3204 1388 3270 adumbraoit,
1417 3212 1636 3286 utpote
1662 3205 1772 3284 qui
1804 3203 2080 3286 nomilia:
2116 3222 2285 3286 more
2327 3203 2645 3285 loquatur.
2665 3205 3082 3267 Pulchritudo
3110 3224 3254 3286 sane
3286 3206 3708 3286 splendorque

424 3300 775 3365 sermonum
794 3329 809 3351 ,
834 3284 1053 3365 eisque
1103 3282 1710 3365 argumentationum
1750 3282 1861 3345 ubi
1884 3285 2316 3365 acrimoniaet
2352 3282 2750 3365 céntentione
2775 3304 2931 3365 opus
2960 3294 3047 3346 est
3070 3331 3085 3353 ,
3116 3282 3329 3365 major
3352 3287 3563 3365 utique
3602 3282 3705 3345 ἐει

425 3380 607 3441 quam
630 3370 702 3424 ut
732 3364 801 3441 in
826 3362 1083 3424 homilia
1107 3362 1311 3425 locum
1337 3363 1574 3424 habeat.
1606 3364 1718 3423 His
1752 3363 2094 3441 subjicitur
2126 3383 2140 3421 :
2176 3362 2441 3425 Photius
2470 3363 2711 3425 scribit.

505 3441 655 3503 Haec
684 3440 773 3502 ait
802 3442 1089 3516 Photius,
1117 3451 1460 3520 postquam
1490 3440 1926 3521 Chrysostomi
1959 3443 2169 3503 locum
2224 3443 2560 3512 attulerat,
2593 3450 2787 3521 atque
2834 3443 2937 3504 hic
2970 3443 3046 3504 de
3091 3443 3374 3521 ejusdem
3420 3444 3485 3503 in
3516 3445 3708 3504 Psal-

429 3538 605 3580 mum
633 3525 930 3581 octavum
961 3522 1382 3597 Expositione
1418 3520 1794 3583 verba’facit
1828 3541 1842 3580 :
1878 3522 1984 3581 ubi
2014 3521 2121 3582 ille
2160 3521 2428 3582 Paulum
2455 3520 2946 3583 Samos-alenqu
2977 3520 3355 3582 nominatim
3384 3523 3705 3589 confutat,

426 3606 490 3658 et
535 3604 758 3679 contra
791 3600 1570 3679 AnommosArianosque
1622 3603 1818 3661 verba
1870 3600 2039 3679 facit.
2073 3601 2249 3661 Unde
2298 3600 2488 3660 etiam
2532 3600 2952 3661 confirmatur
2998 3602 3217 3679 opinio
3266 3607 3519 3674 nostra,
3577 3620 3710 3678 qua

426 3677 817 3753 eonjeeimus
846 3696 1045 3756 supra
1068 3724 1084 3753 ,
1111 3678 1416 3742 Catenam
1446 3680 1621 3740 illam
1647 3679 1893 3740 Codicis
1923 3678 2300 3741 Coisliniaui
2322 3679 2443 3739 ΧΠ
2474 3679 2669 3740 fuisse
2699 3697 2739 3740 a
2766 3681 2990 3740 Photio
3011 3677 3487 3742 concinnatam.

533 3806 560 3879 ᾗ
597 3803 727 3863 Vll.
760 3804 985 3865 Utrum
1010 3822 1089 3865 ete
1118 3822 1323 3864 omnes
1344 3804 1735 3885 Psatmorum
1758 3804 2220 3885 ΔΙῖαῖρ-οςςὶιἰοηρε
2242 3805 2685 3883 Chrysostomi,
2709 3824 2860 3884 quas
2890 3825 2967 3867 ea:
2993 3814 3337 3885 temporum
3382 3805 3628 3884 injuria

1364 3883 1710 3949 amisimus,
1729 3882 1865 3962 jam
1894 3883 2110 3945 Photii
2142 3903 2268 3945 α’υο
2297 3882 2530 3946 amissa:
2563 3882 2781 3945 essent.

503 4002 826 4082 Quaeritur
857 4009 1073 4066 utrum
1128 4023 1204 4067 ea
1257 4004 1475 4063 omnia
1504 4020 1649 4080 qua:
1690 4002 2140 4064 desiderantur
2193 4004 2259 4063 in
2286 4004 2818 4082 Expositionibus
2850 4003 3252 4065 Psalmorum
3277 4047 3292 4075 ,
3332 4003 3526 4065 etiam
3557 4021 3705 4064 tero

430 4083 634 4143 Photii
666 4081 982 4146 deessent.
1014 4084 1077 4144 Si
1123 4084 1381 4162 quidem
1413 4083 1620 4145 verbis
1648 4082 1852 4141 Photii
1879 4127 1895 4153 ,
1926 4082 1990 4141 in
2040 4088 2189 4144 nota
2221 4081 2437 4160 priore
2466 4100 2665 4160 supra
2708 4084 2906 4144 allata
2951 4084 3172 4162 positis
3207 4126 3222 4154 ,
3253 4082 3550 4143 standum
3579 4085 3704 4153 sit,

422 4163 616 4222 trium
663 4162 950 4240 priorum
997 4164 1399 4225 Psalmorum
1443 4162 1893 4238 Expositioncs
1948 4162 2148 4238 ipsius
2204 4167 2493 4238 tempore
2535 4169 2957 4239 supererant,
3019 4179 3162 4239 quae
3227 4162 3359 4239 jam
3411 4163 3702 4222 absunt:

428 4257 575 4301 nam
599 4241 764 4300 tertii
794 4243 1023 4303 Psalmi
1056 4241 1528 4320 Interpretatio,
1554 4259 1696 4319 quae
1728 4241 1793 4299 in
1827 4241 2032 4301 fronte
2063 4241 2450 4320 librihposita
2480 4246 2600 4312 est,
2645 4242 2723 4302 ad
2758 4243 2923 4302 hanc
2954 4242 3185 4303 seriem
3216 4257 3345 4299 non
3372 4240 3706 4320 pertinere

425 4320 726 4398 creditur,
749 4324 823 4379 ut
850 4322 981 4398 jam
1012 4319 1249 4382 dictum
1280 4326 1397 4383 est.
1443 4321 1897 4398 Expositiones
1945 4325 2161 4380 autem
2204 4319 2348 4379 illas
2384 4337 2528 4396 quae
2579 4320 3025 4382 desiderantur
3051 4322 3145 4380 sic
3174 4324 3354 4380 notat
3382 4319 3649 4381 Photius
3688 4341 3702 4377 :

424 4402 476 4459 Α
504 4396 737 4480 decimo
770 4396 954 4460 tertio
1009 4401 1254 4462 Psalmo
1304 4418 1495 4480 usque
1521 4399 1604 4480 ad
1647 4397 2541 4480 quadragesimumsecundum
2578 4399 2872 4480 hactenus
2903 4399 3464 4480 Interpretationes
3491 4398 3708 4477 Chry—

424 4475 683 4557 sostomi
702 4494 832 4536 non
861 4480 1218 4557 reperimus.
1250 4475 1822 4552 Quo-innuitnihil
1857 4494 1895 4537 a
1932 4476 2246 4554 principio
2291 4496 2499 4557 usque
2546 4479 2622 4538 ad
2649 4479 2966 4539 decimum
2999 4475 3255 4539 tertium
3306 4475 3702 4538 deficere—Si

425 4555 642 4617 Codex
666 4562 888 4635 autem
918 4556 1353 4618 Coislinianus
1381 4575 1509 4616 non
1540 4557 1801 4618 mutilus
1845 4565 2047 4626 esset,
2093 4557 2307 4616 statim
2336 4555 2717 4618 vidissemus
2750 4563 2966 4617 utrum
2994 4557 3446 4635 Expositiones
3469 4557 3593 4616 illa;
3637 4559 3704 4618 in

423 4643 553 4696 tres
582 4633 823 4713 primos
868 4636 1150 4698 Psalmos
1186 4636 1483 4698 adhibitae
1525 4634 1792 4695 fuissent
1821 4653 1856 4697 a
1888 4635 2132 4708 Photio,
2165 4637 2274 4712 qui
2306 4636 2610 4697 Catenam
2636 4637 2799 4696 hanc
2830 4633 3183 4699 adornasse
3215 4636 3494 4697 creditur
3522 4655 3538 4702 ;
3581 4654 3707 4697 ve—
3748 4636 3753 4643 ’

423 4732 569 4775 rum
598 4714 704 4774 ille
734 4714 973 4787 Codex,
1004 4716 1186 4775 initio
1212 4716 1498 4779 mutilus,
1528 4730 1565 4773 a
1602 4715 1869 4789 septimo
1901 4722 2148 4775 tantum
2182 4716 2430 4775 Psalmo
2462 4716 2701 4792 incipit.
2730 4716 2951 4792 Neque
2990 4720 3201 4776 tamen
3235 4715 3379 4774 inde.
3413 4714 3708 4775 inferen-

422 4793 571 4854 dum
604 4795 817 4855 statim
841 4800 978 4864 est,
1006 4795 1458 4873 Expositiones
1482 4794 1624 4853 illas
1673 4794 1895 4873 intres
1928 4795 2172 4870 priores
2214 4795 2498 4855 Psalmos
2529 4795 2917 4872 superfuisse
2948 4796 3152 4855 Photii
3182 4801 3489 4872 tempore.
3525 4794 3708 4855 Licet

422 4873 595 4953 enim
626 4874 762 4953 ipse
793 4875 861 4934 in
890 4874 1273 4937 lacunarum
1321 4873 1699 4953 recensione
1737 4872 1915 4953 illam
1945 4874 2137 4932 trium
2166 4874 2663 4951 Expositionum
2717 4874 3003 4953 priorum
3049 4891 3176 4953 non
3208 4880 3703 4953 commemoret,

420 4952 632 5029 potuit
677 4952 820 5013 ideo
850 4953 1027 5014 illam
1058 4957 1269 5014 tacere
1297 4953 1449 5030 quia
1496 4952 1630 5030 jam
1661 4951 1842 5010 initio
1871 4951 2126 5013 Catenae
2166 4953 2245 5012 de
2284 4954 2536 5014 amissis
2586 4951 2735 5013 illis?
2768 4953 3080 5030 loquutus
3123 4952 3370 5023 fuerat;
3416 4952 3482 5011 in
3527 4951 3707 5012 hanc

420 5040 577 5093 Vero
623 5037 869 5109 partem
921 5037 1092 5093 totus
1147 5032 1550 5111 propendeo;
1585 5047 1793 5106 neque
1825 5032 1995 5092 enim
2042 5032 2275 5110 Opinor
2335 5037 2463 5094 tres
2521 5032 2664 5094 illas
2719 5033 2966 5111 priores
2986 5032 3440 5108 Expositiones
3488 5030 3705 5091 Photii

420 5117 706 5189 tempore
731 5111 1150 5191 superfuisse.
1614 5190 1625 5191 ί
1836 5189 1843 5191 Α
3238 5190 3252 5191 7
3341 5158 3355 5191 _.

501 5188 773 5253 .{tertia
815 5188 1062 5252 decima
1089 5194 1304 5253 autem
1333 5191 1411 5252 ad
1460 5189 2025 5269 quadragesimam
2071 5192 2417 5253 secundam
2464 5191 2918 5269 Expositiones
2961 5207 3185 5251 omnes
3220 5188 3702 5269 desiderantur,

418 5269 634 5346 inquit
681 5270 970 5343 Photius;
994 5271 1079 5332 ita
1121 5276 1193 5331 ut
1241 5268 1497 5331 tertiam
1528 5271 1839 5331 decimam
1869 5271 2173 5332 excludas
2201 5315 2217 5341 ,
2251 5276 2313 5331 et
2347 5268 2908 5349 quadragesimum
2951 5269 3296 5331 secundam
3344 5268 3646 5329 similiter
3686 5289 3701 5327 :

421 5350 628 5409 amba:
656 5349 828 5410 enim
856 5367 1002 5412 eum
1032 5350 1177 5412 aliis
1208 5349 1461 5412 desunt.
1490 5349 2001 5427 Qu‘adragesima
2030 5356 2244 5411 autem
2277 5352 2505 5428 prima,
2536 5368 2682 5426 qua:
2717 5350 2819 5410 hic
2846 5349 3197 5410 secundum
3229 5349 3462 5408 Psalmi
3495 5365 3704 5425 expo-

420 5428 522 5508 siti
574 5445 917 5508 numerum
954 5431 1240 5508 ponitur,
1300 5439 1485 5491 extra
1529 5430 1761 5490 seriem
1805 5429 2034 5489 harum
2083 5430 2148 5489 in
2189 5431 2472 5490 Psalmos
2529 5430 3024 5504 Expositionum
3072 5429 3224 5508 olim
3267 5434 3405 5489 erat
3429 5472 3456 5508 ,ί
3476 5432 3539 5508 et
3569 5428 3705 5508 huc

418 5505 687 5588 advecta
717 5507 865 5581 fuit,
898 5505 1110 5588 neque
1145 5509 1346 5571 ullam
1378 5509 1567 5570 habet
1597 5527 1741 5569 cum
1775 5508 1947 5569 hisce
1992 5509 2521 5586 Expositionibus
2552 5509 2951 5577 afﬁnitatem,
2980 5514 3050 5567 ut
3079 5507 3314 5588 ibidem
3351 5508 3416 5564 in
3445 5506 3701 5588 Monito

416 5586 711 5667 pluribus
744 5586 1182 5666 probavimus.
1223 5588 1407 5664 Quod
1447 5588 1661 5667 adjicit
1689 5589 1949 5648 Photius
1976 5632 1991 5658 ,
2024 5606 2061 5649 a
2090 5589 2611 5666 quinquagesimi
2660 5589 2891 5649 Psalmi
2928 5587 3347 5665 Expositione
3375 5603 3584 5667 usque
3613 5586 3703 5647 ad

416 5665 705 5747 Psalmos
755 5665 1072 5746 graduum
1124 5687 1346 5729 omnes
1405 5665 1857 5747 Expositiones
1913 5665 2295 5734 desiderari,
2345 5665 2551 5745 putuit
2602 5686 2821 5728 verum
2869 5685 3044 5737 esse,
3085 5673 3406 5743 quatenus
3439 5665 3501 5724 in
3556 5681 3698 5725 suis

415 5746 903 5827 exemplaribus
958 5751 1184 5811 catera
1236 5746 1810 5811 desiderabantur:
1846 5765 2068 5807 verum
2116 5747 2566 5825 Expositioncs
2628 5765 2852 5815 sanas,
2916 5747 3245 5825 genuinas,
3289 5755 3348 5806 et
3407 5746 3697 5824 integras
