4032 6284
315 348 373 405 εί
1850 344 2237 401 ΡΙὶτΕῐθΑΤΙΟ.
3530 352 3599 406 22

319 465 636 524 habemus
689 476 728 522 a
778 458 1031 521 Psalmo
1085 458 1436 538 centesimo
1489 459 1758 537 septimo
1781 502 1796 529 ,
1829 460 1941 535 qui
1990 459 2201 531 deest,
2232 460 2308 520 ad
2361 449 3008 538 usquc'Psalmornm
3040 460 3229 522 linem
3258 506 3272 533 ,
3306 480 3437 524 uno
3471 484 3587 526 ex-

317 552 501 634 cepto
529 541 649 679 1‘18
836 539 1015 599 hisce
1045 555 1196 599 vero
1231 536 1500 599 Psalmis
1550 536 2181 615 comprehenduntur
2226 536 2476 601 Psalmi
2515 538 2831 618 graduum
2879 538 3244 616 quindecim
3272 585 3287 614 ,
3318 545 3429 619 qui
3481 546 3580 604 in—

316 638 533 698 clplun
591 636 631 681 a
794 663 809 677 .
1000 654 1007 661 ε
3072 682 3077 689 .

398 724 427 795 ς
465 719 630 780 VIII.
658 752 729 763 —
757 719 980 780 Utrum
1010 716 1363 856 L'xgositio
1392 716 1461 777 in
1488 717 1801 808 Psalnium
1826 721 2103 810 tertium,
2134 737 2268 811 quia
2294 737 2512 798 agmen
2541 718 2716 780 ducit
2741 729 2796 779 et
2819 718 3027 810 prima
3055 721 3322 789 locatur,
3354 721 3453 782 hic
3482 743 3518 782 a

1067 798 1115 856 (Ι
1162 803 1511 856 rusostomo
1547 804 1756 856 posita
1780 805 1903 856 sit:
1931 806 1987 856 et
2016 816 2098 856 an
2126 807 2208 856 sit
2239 815 2379 856 vere
2403 798 2854 856 Chrysostomi.

1067 798 1511 876 Chrysostomo
1541 798 1756 875 posita
1780 798 1903 864 sit;
1931 806 1987 858 et
2016 816 2098 858 an
2126 801 2208 861 sit
2239 815 2379 857 vere
2403 798 2854 877 Chrysostomi.

396 919 738 999 Expositio
763 919 830 979 in
876 918 1203 999 Psalmumﬁ
1222 918 1517 999 tertium,
1552 934 1699 994 que
1726 917 1934 999 prima
1962 922 2059 999 est
2088 917 2309 999 inhoc
2337 935 2530 995 opere
2553 923 2617 978 et
2649 934 2877 997 agmen
2908 918 3082 980 ducit
3116 920 3181 980 in
3218 920 3342 981 hoc
3368 922 3587 994 Tomo,

313 1001 384 1061 in
438 997 830 1077 quibusdam
880 998 1338 1078 Manuscriptis
1396 997 1605 1078 prima
1640 998 1928 1078 ponitur,
1959 998 2043 1057 ab
2088 997 2233 1059 aliis
2264 1014 2418 1058 vero
2474 1015 2746 1078 prorsus
2791 999 2995 1078 abest.
3029 999 3098 1058 In
3130 1000 3327 1078 Regio
3377 1002 3595 1064 codice

313 1076 500 1139 num.
531 1078 694 1139 1962
743 1078 1038 1149 habetur;
1070 1076 1137 1135 in
1166 1076 1537 1138 Colbertino
1568 1093 1745 1135 num.
1778 1076 1855 1135 10
1882 1094 2014 1155 non
2053 1080 2413 1153 comparet,
2464 1076 2572 1136 sed
2604 1077 2688 1135 ibi
2733 1076 3038 1153 incipitur
3065 1080 3148 1139 ab
3176 1076 3594 1155 Ekpositione

311 1159 385 1218 in
416 1159 743 1219 Psalmum
772 1162 1100 1233 quartum;
1133 1156 1555 1231 similiterque
1583 1156 1767 1233 abest
1816 1172 1853 1216 a
1893 1154 2202 1233 Catalogo
2230 1155 2342 1216 illo
2371 1155 2862 1231 Expositionum
2892 1156 3114 1217 Graeco
3143 1158 3253 1233 qui
3282 1154 3350 1218 in
3394 1159 3593 1221 Editis

313 1238 620 1307 habetur,
649 1232 975 1314 quemque
1002 1234 1076 1314 in,
1103 1233 1230 1294 ﬁne
1257 1234 1530 1313 hujusce
1557 1232 1953 1295 Prtefationis
1982 1232 2266 1314 edemus.
2300 1234 2372 1294 ln
2400 1234 2571 1295 edito
2608 1241 2820 1314 tamen
2850 1232 3196 1297 Frontonis
3230 1238 3444 1298 Ducaai
3488 1240 3593 1299 le—

310 1316 513 1395 gitur;
545 1312 931 1395 ideoqueex
972 1313 1138 1395 sede
1150 1314 1328 1395 illam
1352 1312 1725 1395 expungere
1748 1330 1875 1395 non
1908 1312 2050 1373 ausi
2081 1330 2304 1395 sumus
2327 1356 2342 1383 ,
2373 1314 2625 1374 etiamsi
2676 1312 2756 1395 ad
2784 1313 2953 1395 hanc
3004 1315 3234 1395 seriem
3265 1318 3583 1393 pertinere

312 1390 448 1455 non
474 1390 787 1456 videatur.
819 1392 978 1453 Nam
1002 1390 1069 1451 in
1088 1390 1622 1472 Expositionibus
1646 1391 2047 1472 Psalmorum
2075 1391 2569 1472 Chrysostomus
2599 1397 2674 1472 et,
2690 1392 2909 1472 titulos
2944 1398 3009 1453 et
3040 1390 3329 1472 singulos
3360 1414 3584 1458 versus

310 1474 397 1535 ad
463 1490 674 1553 usque
714 1470 1237 1553 tinem_expl_icat
1264 1491 1284 1553 _:
1316 1471 1420 1533 hic
1469 1473 1685 1553 autem
1729 1470 1806 1553 de
1835 1471 2018 1553 titulo
2066 1470 2314 1532 tantum
2344 1471 2558 1549 agitur
2590 1470 2924 1553 rfsalnius
2946 1470 3171 1553 David'
3187 1492 3321 1533 cum
3346 1475 3587 1553 fugeret

310 1573 352 1612 α
379 1552 542 1632 [acie
566 1549 840 1613 Absalon
860 1549 980 1629 ﬁlii
1006 1550 1127 1632 sui.
1159 1550 1233 1610 In
1253 1550 1385 1632 hac
1413 1551 1551 1611 sola
1569 1549 2001 1632 inscriptione
2026 1554 2317 1611 moratur
2341 1556 2568 1632 auctor
2595 1551 2907 1632 Homiliai
2935 1552 3159 1632 primae
3177 1596 3192 1621 ,
3221 1549 3586 1632 quinetiam

313 1628 449 1692 non
479 1632 753 1709 integra,
785 1628 903 1709 nec
931 1628 1077 1709 suis
1093 1629 1390 1709 omnibus
1420 1628 1709 1709 partibus
1736 1629 2031 1709 absoluta
2050 1634 2309 1705 putatur
2327 1629 2444 1690 :ita
2473 1647 2751 1709 namque
2778 1628 3035 1701 desinit,
3066 1638 3138 1689 ut
3156 1631 3397 1707 aliquid
3420 1633 3588 1694 ultra

312 1705 667 1771 desiderari
697 1708 1013 1787 videatur.
1042 1707 1288 1781 Quibus
1317 1705 1649 1785 perpensis
1675 1705 1998 1787 omnibus,
2029 1725 2157 1767 non
2182 1714 2337 1787 puto
2367 1709 2532 1770 hanc
2556 1705 3041 1787 Eipositionem
3061 1709 3141 1771 ad
3166 1705 3397 1771 seriem
3428 1712 3587 1774 alia-

315 1808 464 1850 rum
494 1789 838 1867 pertinere;
871 1786 979 1847 sed
1007 1788 1091 1847 ab
1119 1787 1336 1846 nescio
1364 1804 1495 1863 quo
1517 1787 1649 1867 huc
1679 1791 1915 1867 temere
1944 1786 2259 1848 invectam
2289 1786 2508 1867 fuisse.

396 1865 655 1929 Ad'haec
689 1868 815 1928 alia
868 1882 1130 1946 quoque
1173 1867 1465 1946 exsurgit
1496 1865 1825 1946 dubitandi
1856 1883 2052 1946 causa
2079 1909 2093 1937 ,
2131 1882 2215 1926 an
2248 1866 2538 1927 videlicet
2563 1866 2697 1946 base
2731 1866 2865 1928 sive
2894 1866 3175 1929 Humilia
3207 1885 3326 1946 seu
3356 1869 3586 1946 Expo-

316 1947 466 2007 sitio
490 1945 929 2026 Chrysostogni
957 1961 1105 2005 vere
1133 1943 1215 2004 sit
1235 1987 1258 2026 ,_
1286 1962 1510 2026 necne.
1543 1944 1724 2026 Certe
1751 1943 1803 2002 si
1833 1962 1934 2004 res
1991 1945 2164 2026 ipsas
2196 1946 2533 2026 explores,
2577 1945 2631 2004 si
2662 1962 2855 2026 sensa
2875 1989 2896 2026 ,ί
2935 1947 2988 2007 si
3017 1945 3244 2026 orandi
3285 1943 3541 2008 modum
3568 1993 3584 2017 ,

317 2044 451 2086 non
483 2022 793 2087 videtura
825 2023 1262 2104 Chrysostomi
1296 2022 1721 2104 concionandi
1757 2041 1993 2104 genere
2023 2023 2276 2094 aliena;
2310 2025 2362 2083 si
2395 2025 2634 2102 stylum
2665 2030 2728 2083 et
2755 2024 3096 2104 dictionem
3130 2024 3415 2104 Griecam
3444 2041 3586 2104 per-

316 2104 559 2182 pendas
586 2149 603 2176 ,
648 2101 895 2181 aliquid
935 2100 1346 2181 peregrinum
1398 2102 1557 2173 olet;
1593 2119 1777 2160 voces
1814 2100 2769 2182 Chrysostomonon'usitatai,
2830 2103 3057 2163 saltem
3102 2103 3244 2173 illo,
3299 2100 3587 2180 quo'hic

314 2180 742 2261 usurpantur,
764 2180 967 2241 sensu
994 2180 1365 2261 occurrunt,
1383 2186 1453 2261 ut
1469 2185 1689 2261 -κᾷγδυλος
1718 2184 1779 2261 et
1806 2185 1906 2261 nova

1990 2190 2154 2261 ζουσα,
2186 2186 2248 2240 et
2274 2180 2562 2261 fortassis
2593 2182 2756 2250 alite,
2776 2199 2930 2261 qua:
2956 2182 3057 2261 vel
3088 2199 3216 2240 non
3240 2198 3360 2241 usu
3397 2182 3582 2249 tritae.

321 2262 416 2323 vel
447 2258 677 2324 alienis
707 2261 946 2336 junctze
967 2260 1229 2319 vocibus
1259 2258 1555 2319 nonnihil
1578 2258 1965 2334 suspicionis
1998 2260 2320 2335 ingerunt.
2353 2259 2525 2319 Licet
2552 2276 2745 2336 porro
2776 2258 3015 2318 Fronto
3039 2260 3304 2320 Ducaaus
3329 2261 3393 2319 in
3420 2263 3585 2320 serie

314 2341 594 2402 aliarum
639 2337 1010 2417 reliquerit,
1070 2339 1182 2415 qui
1240 2344 1451 2399 tamen
1497 2337 1721 2417 spuria
1757 2342 1817 2397 et
1848 2337 2188 2398 admodum
2216 2338 2408 2398 dubia
2454 2338 2583 2397 alio
2609 2337 2961 2399 amandare
2989 2338 3193 2402 solet.
3252 2344 3423 2399 certe
3452 2340 3587 2401 haec

318 2421 533 2481 multis
561 2420 763 2481 doctis
784 2416 947 2478 ’viris
976 2421 1274 2495 suspecta
1306 2422 1447 2489 est;
1480 2416 1776 2477 Halesius
1814 2434 1965 2478 vero
1991 2418 2056 2476 in
2086 2418 2261 2477 Notis
2293 2417 2509 2477 Savilii
2560 2417 2823 2476 omnino
2880 2418 3167 2494 spuriam
3211 2424 3391 2494 putat
3421 2437 3579 2480 esse.

315 2500 596 2560 Savilius
663 2504 878 2560 autem
915 2499 1123 2574 primo
1163 2496 1404 2557 haerere
1434 2495 1705 2563 videtur,
1735 2495 1844 2556 sed
1902 2504 2122 2571 postea
2166 2496 2228 2556 in
2275 2495 2516 2558 Halesii
2571 2496 2955 2556 sententiam
2992 2495 3286 2557 deﬂectit.
3346 2497 3583 2558 Verum

316 2587 594 2654 uterque
624 2576 1002 2640 audiendus.
1036 2575 1138 2637 Sic
1172 2576 1239 2635 in
1274 2575 1450 2635 Notis
1484 2574 1703 2654 Savilii
1733 2594 1794 2652 p.
1832 2574 1950 2635 932
1982 2595 1996 2634 :

402 2682 431 2712 α
460 2653 645 2719 Hanc
676 2655 1162 2734 Expositionem
1190 2654 1357 2716 tertii
1386 2653 1618 2715 Psalmi
1637 2698 1653 2726 ,
1692 2676 1719 2734 ξ)
1752 2654 1963 2734 inquit
1985 2654 2261 2715 Savilius
2284 2699 2300 2726 ,
2334 2678 2361 2710 ε(
2387 2655 2481 2734 ab
2500 2654 2610 2714 illo
2631 2661 2906 2734 amatore
2927 2655 3044 2715 Dei
3069 2663 3124 2715 et
3156 2653 3390 2716 Christi
3421 2656 3580 2728 viro,

315 2738 429 2813 qui
461 2754 546 2798 τῆς
575 2732 840 2803 «mm.
866 2735 931 2794 in
957 2734 1243 2796 Psalmos
1267 2778 1284 2805 ,
1316 2750 1514 2811 quam
1554 2751 1636 2793 ex
1677 2732 1962 2812 Collegio
2005 2734 2306 2811 Corporis
2338 2733 2569 2813 Christi
2614 2733 2851 2813 Oxonii
2882 2735 3310 2811 sumpsimus,
3359 2742 3586 2795 auctor

318 2811 476 2885 fuit,
506 2816 609 2877 vel
636 2833 764 2876 non
797 2815 998 2875 visam
1016 2858 1033 2885 ,
1069 2813 1167 2873 vel
1189 2813 1591 2889 repudiatam
1614 2857 1630 2883 ,
1667 2814 1835 2873 misit
1863 2811 1943 2873 ad
1970 2832 2070 2873 me
2099 2812 2508 2873 doctissimus
2539 2811 2779 2873 Fronto
2803 2812 3074 2874 Ducaeus
3097 2857 3114 2881 ,
3141 2831 3224 2873 ex
3249 2813 3582 2884 Vaticana,

315 2903 389 2954 ut
419 2896 556 2972 ipse
585 2895 842 2961 aiebat,
887 2893 1272 2972 descriptam
1302 2911 1325 2972 εξ
1351 2910 1496 2969 qua:
1535 2898 1746 2952 exstat
1783 2892 2012 2972 etiam,
2059 2896 2219 2952 teste
2249 2892 2315 2951 in
2369 2892 2538 2972 notis
2570 2891 2645 2952 ad
2683 2890 3211 2972 Chrysostomum
3239 2892 3582 2972 Flaminio

315 2970 610 3046 Nobilio,
649 2974 713 3033 in
751 2972 1147 3033 Bibliotheca
1176 2970 1560 3031 clericorum
1617 2971 2013 3048 regularium
2058 2973 2296 3031 Romus.
2341 2970 2548 3048 Hujus
2597 2970 2980 3047 principium
3025 2976 3087 3029 et
3140 2970 3394 3046 quidem
3454 2990 3581 3032 non

318 3052 651 3130 inelegans
704 3058 820 3113 aut
863 3051 1194 3130 indignum
1246 3048 1704 3130 Chrysostomo
1746 3050 1898 3111 citat
1938 3051 2375 3130 Damascenus
2424 3048 2734 3130 Oratione
2792 3050 2977 3110 tertia
3029 3049 3106 3109 de
3161 3049 3578 3130 Imaginibus.

320 3128 526 3192 Vertit
549 3131 774 3193 Latine
800 3136 980 3191 vetus
1001 3128 1324 3206 lnterpres
1346 3173 1361 3199 ,
1386 3128 1488 3189 uti
1524 3134 1585 3189 et
1616 3145 1732 3188 nos
1766 3147 2026 3206 quoque
2058 3129 2273 3190 Graece
2303 3129 2563 3201 damus,
2594 3128 2720 3188 fine
2754 3132 3135 3188 truncatam.
3169 3129 3324 3200 Qum
3371 3136 3580 3189 tamen

317 3211 538 3272 omnia
567 3229 695 3272 non
723 3227 866 3270 eam
903 3208 1075 3286 apud
1106 3226 1205 3268 me
1240 3207 1365 3266 vim
1399 3207 1713 3278 habeant,
1770 3215 1842 3267 ut
1874 3226 2001 3267 non
2030 3209 2217 3285 plane
2245 3208 2654 3285 acquiescam
2703 3207 2946 3267 Halesii
2998 3209 3120 3266 mei
3152 3207 3225 3266 de
3275 3209 3581 3285 spuritate

314 3289 592 3368 judicio,
616 3290 728 3366 qui
762 3289 839 3349 de
871 3287 1431 3368 Expositioneista
1453 3288 1545 3346 sic
1570 3286 1647 3346 ad
1668 3289 1938 3368 verbum
1972 3287 2222 3368 censuit
2254 3307 2268 3345 :

399 3393 429 3424 α
461 3369 552 3429 De
593 3364 929 3447 fragmenti
976 3364 1171 3447 hujus
1197 3371 1460 3447 auctore
1495 3383 1621 3424 non
1659 3366 1842 3447 facile
1886 3367 2256 3439 statuerim;
2310 3365 2735 3447 certissimum
2797 3370 3010 3426 tamen
3055 3365 3262 3447 habeo
3311 3364 3585 3447 Chryso-

320 3448 509 3507 stomi
540 3465 669 3507 non
696 3442 864 3508 csse.
904 3442 1115 3507 Primo
1144 3445 1315 3505 enim
1340 3446 1542 3523 stylus
1571 3451 1667 3504 est
1700 3463 1734 3505 a
1768 3446 2223 3522 Chrysostomo
2253 3445 2517 3504 omnino
2552 3444 2835 3515 alienus,
2875 3450 3091 3520 utpote
3128 3442 3482 3504 all‘ectatio'r
3524 3451 3586 3506 et

320 3526 760 3602 frequentibus
796 3525 1478 3603 argumentatiunculis
1509 3529 1570 3584 et
1602 3524 2043 3601 h0m(BOpl0l.lS
2067 3525 2689 3600 interstinctus,qua3
2721 3527 2957 3600 passim
2989 3529 3329 3582 occurrent
3363 3524 3585 3582 editio-

320 3623 464 3665 nem
488 3606 774 3666 Graecam
822 3604 1332 3682 inspicientibus,
1361 3608 1422 3662 et
1446 3603 1667 3681 qualia
1688 3609 1872 3663 sunt:
1902 3629 1912 3655 τ

1993 3629 2007 3662 ;
2035 3607 2265 3671 δραπέτας
2292 3610 2561 3673 γράμμασιν
2587 3608 2833 3667 ἰξεὺουςινν
2861 3607 2942 3655 οὐκ
2969 3608 3294 3671 ἐπιγράμμασι
3322 3609 3585 3669 θαυμάζω-

320 3702 410 3735 σιν·
448 3695 523 3747 et,
553 3692 651 3737 ὅθεν
677 3693 705 3743 ἡ
735 3698 861 3749 πηγὴ
902 3701 984 3744 τῆς
1012 3688 1247 3753 ἁμαρτίας
1271 3724 1283 3743 ,
1315 3688 1480 3753 ᾐεὶθεν
1532 3692 1559 3741 ἡ
1606 3692 1758 3747 πληγὴ
1808 3699 1889 3743 τῆς
1933 3692 2161 3750 τιμωρίας
2187 3699 2199 3711 ⁸
2227 3691 2299 3747 et,
2332 3693 2553 3753 xpsirrms
2592 3697 2674 3741 τῆς
2717 3691 2808 3753 rei”);
2841 3690 3043 3753 πολέμου
3070 3687 3341 3753 ᾼέξηγήςεῳς
3369 3690 3396 3737 ἠ
3444 3692 3583 3735 αἰτία

320 3771 403 3814 τῆς
449 3766 534 3808 τοῦ
589 3748 1126 3823 πολέμουίῦποθέσεὼςξ
1192 3758 1255 3812 et
1313 3752 1440 3812 alia
1510 3753 1607 3812 his
1686 3753 1912 3811 consili

1990 3748 2285 3829 ia‘usque
2316 3748 2393 3813 ad
2450 3751 2673 3810 vitium
2720 3748 3036 3811 affectata.
3063 3750 3352 3810 Secundo
3380 3757 3580 3811 totum

320 3833 713 3893 inventionis
766 3831 944 3892 filum
989 3831 1341 3909 juvenilius
1394 3836 1509 3890 est.
1559 3834 1768 3907 Atque
1827 3832 1974 3890 hinc
2025 3831 2173 3890 belli
2220 3831 2308 3890 illi
2363 3830 2440 3889 de
2486 3830 2808 3891 Absalone
2858 3831 2921 3889 in
2983 3848 3227 3906 quercu
3267 3848 3583 3907 suspenso

320 3911 659 3983 sensiculi,
692 3920 749 3971 et
782 3931 820 3970 a
842 3908 1061 3989 planta
1090 3908 1480 3989 detinebatur
1516 3911 1624 3988 qui
1652 3930 1786 3969 cum
1815 3910 2022 3969 radice
2060 3909 2419 3988 pug-nabat;
2450 3909 2699 3969 vinctus
2740 3917 2871 3968 erat
2902 3928 2939 3967 a
2964 3926 3415 3989 ramoramus,
3461 3916 3579 3989 etc.

323 3989 563 4051 Deinde
596 3987 897 4069 perholla:
930 3989 1311 4050 ratiunculae
1341 3988 1465 4069 illae
1488 4032 1503 4059 ,
1531 3987 2075 4069 icurrAbsaloneni
2098 3994 2158 4047 et
2179 3989 2400 4049 caelum
2432 3988 2750 4065 respuerit
2774 3994 2835 4048 et
2866 3992 3067 4069 terra;
3100 3987 3359 4069 aliaque
3389 3988 3580 4069 hujus

320 4066 921 4147 generis,quorum
961 4070 1273 4129 immensa
1313 4068 1404 4127 vis
1431 4070 1495 4126 in
1532 4066 1738 4126 dubiis
1782 4076 1835 4126 et
1863 4067 2122 4145 spuriis.
2156 4070 2485 4147 Postremo
2512 4068 2961 4147 prosopopmia
3002 4067 3109 4147 illa
3141 4067 3207 4125 in
3242 4083 3372 4142 qua
3419 4066 3586 4147 desi-

323 4145 447 4219 nit,
480 4148 585 4209 cui
610 4193 627 4221 ,
660 4145 732 4207 ut
771 4153 960 4225 puto,
991 4149 1177 4225 plura
1208 4148 1480 4209 attexuit
1523 4152 1771 4217 auctor,
1801 4147 1908 4205 sed
1956 4162 2031 4225 ea
2063 4146 2246 4205 nobis
2278 4151 2565 4225 tempora
2594 4146 2863 4206 feliciter
2891 4145 3282 4225 inviderunt.
3316 4146 3494 4217 Quod
3529 4147 3582 4205 si

323 4244 466 4304 qua:
506 4227 612 4287 hic
636 4226 713 4288 de
763 4223 1085 4288 Absalone
1115 4227 1602 4297 dicuntur,cum
1635 4226 1747 4296 iis,
1796 4242 1939 4303 quae
1969 4223 2461 4303 Chrysostomus
2500 4224 2576 4284 de
2625 4231 3007 4304 argumento
3055 4224 3177 4282 isto
3223 4225 3582 4304 sexcenties

316 4302 638 4384 disputat,
661 4306 1098 4375 conferantur,
1131 4306 1395 4364 omnino
1432 4306 1591 4363 nihil
1621 4302 1831 4365 simile
1855 4310 1969 4365 aut
2001 4302 2123 4384 par
2152 4304 2391 4363 habere
2433 4303 2855 4384 reperientur.
2904 4303 3042 4384 Huc
3059 4302 3381 4384 accedunt
3409 4303 3585 4363 locu-

320 4380 529 4445 tiones
564 4386 803 4463 populo
833 4384 1124 4446 duriores
1147 4429 1163 4455 ,
1202 4384 1505 4463 fugitivos
1534 4384 1791 4461 scriptis
1838 4383 2040 4443 literis
2062 4390 2521 4463 persequuntur
2567 4380 2770 4461 (locus
2803 4381 2989 4440 modo
3020 4381 3444 4463 sitsinccrns)
3470 4413 3496 4449 ,ς
3523 4389 3585 4463 et

320 4482 493 4523 uxor
518 4461 680 4525 ninia
709 4466 1026 4542 peccatori
1055 4461 1349 4542 colaphus
1390 4471 1510 4530 est,
1542 4467 1604 4523 et
1630 4465 1859 4533 ἀντάρτου
1890 4479 2017 4524 vox
2047 4478 2251 4540 grzeca
2288 4461 2861 4542 smpiusiusurpata
2884 4507 2916 4542 ,Α
2936 4478 3080 4537 quae
3120 4461 3277 4542 licet
3299 4462 3585 4542 fortassis

321 4544 478 4603 satis
518 4545 602 4604 sit
627 4539 853 4620 proba,
902 4542 1073 4621 apud
1116 4539 1641 4621 Clirysostomum
1695 4546 1904 4621 tamen
1956 4539 2309 4618 numquam
2339 4541 2677 4621 reperitur.
2722 4539 2960 4600 Deinde
3012 4540 3417 4621 particularis
3474 4540 3586 4602 illa

321 4621 552 4682 Psalmi
578 4619 906 4683 céntesimi
937 4619 1149 4699 quarti
1179 4619 1435 4682 citatio:
1466 4621 1589 4681 hoc
1615 4637 1763 4681 vero
1789 4620 2246 4699 Chrysostomo
2276 4635 2627 4699 numquam
2653 4619 2715 4679 in
2752 4637 2929 4679 more
2957 4620 3258 4699 positum,
3284 4624 3589 4679 contento

324 4702 519 4762 verba
544 4706 793 4763 tantum
814 4746 829 4773 ,
856 4698 1067 4762 locum
1098 4719 1250 4762 vero
1285 4700 1567 4760 indicare
1598 4698 1947 4775 numquam
1986 4699 2281 4759 sollicito.
2312 4698 2463 4759 Haec
2492 4699 2785 4776 pluribus
2818 4699 2916 4776 egi
2948 4702 3210 4775 propter
3236 4698 3586 4758 Damasce-

321 4797 512 4851 num,
543 4799 621 4841 ne
650 4781 797 4858 quis
825 4799 926 4840 me
963 4781 1311 4840 arbitretur
1338 4796 1373 4840 a
1406 4779 1565 4840 tanti
1601 4779 1718 4839 viri
1758 4778 2137 4858 auctoritate
2176 4784 2415 4838 temere
2445 4779 2618 4858 Avelle
2651 4776 2995 4837 discedere.
3028 4776 3587 4858 Dicendumenim

321 4855 721 4932 necessario,
768 4864 881 4920 aut
910 4859 1066 4921 tanti
1101 4859 1218 4918 viri
1261 4858 1575 4937 judicium
1610 4875 1649 4918 a
1675 4875 1828 4937 vero
1879 4856 2215 4937 deﬂexisse
2240 4903 2256 4931 ,
2290 4862 2402 4918 aut
2430 4855 3113 4937 Chrysostomumsibi
3157 4855 3585 4916 dissimillima

320 4938 688 5015 scripsisse,
722 4944 837 4999 aut
864 4932 1299 5015 Expositionis
1349 4937 1539 5016 hujus
1570 4935 1800 5014 capiti,
1846 4935 2018 5016 quod
2063 4952 2102 4996 a
2131 4932 2588 5014 Chrysostomo
2618 4936 2894 4996 multum
2922 4932 3228 4996 abludere
3275 4951 3402 4994 non
3434 4950 3589 4994 con-

319 5016 630 5077 tenderim
656 5061 673 5089 ,
711 5018 1137 5079 recentiorem
1164 5015 1448 5094 aliquem
1482 5034 1714 5094 corpus
1751 5021 1813 5076 et
1835 5015 2121 5075 membra
2150 5016 2521 5075 attexuisse.
2560 5038 2589 5070 »

397 5097 547 5158 Haec
571 5097 729 5158 scite
771 5098 1112 5175 observata
1142 5091 1325 5167 sunt,
1359 5091 1615 5157 tametsi
1655 5095 1819 5175 stylo
1849 5111 1978 5175 non
2008 5094 2099 5175 ita
2128 5095 2532 5175 congruenti.
2585 5093 2804 5169 Neque
2844 5091 3239 5175 difﬁteo_r,_si
3273 5092 3406 5175 hinc
3436 5110 3592 5175 vere

318 5174 757 5256 Chrysostomi
794 5180 993 5246 esset,
1034 5174 1565 5256 Chjrysostomum
1614 5191 1653 5237 a
1685 5170 1946 5256 proprio
1976 5173 2106 5256 sibi
2138 5170 2723 5256 seri—bendigenere
2750 5173 3021 5256 multum
3062 5170 3418 5256 deflexisse.
3467 5170 3589 5229 Sed

316 5251 650 5317 homiliam
676 5255 852 5316 illam
875 5299 891 5328 ,
938 5261 1009 5315 ut
1037 5271 1075 5316 a
1120 5251 1445 5315 Frontone
1474 5251 1706 5315 Ducaeo
1732 5253 1941 5330 posita
1969 5252 2118 5321 fuit,
2152 5253 2319 5313 inter
2346 5251 2718 5314 auth’entica
2762 5253 3130 5329 posuimus;
3161 5251 3248 5309 ita
3281 5254 3492 5311 tamen
3522 5256 3590 5312 ut

319 5333 657 5405 fateamur,
691 5352 868 5407 eam,
899 5334 950 5394 si
982 5352 1111 5394 non
1138 5339 1356 5412 aperte
1386 5334 1795 5411 supposititia
1829 5334 1946 5407 sit,
1982 5332 2322 5393 admodum
2349 5339 2560 5393 tamen
2587 5350 2726 5392 esse
2749 5334 3133 5408 suspectam.

318 5442 349 5511 §
390 5437 504 5495 IX.
539 5470 613 5479 --
642 5437 844 5511 ριιαηι
880 5436 1085 5495 multa:
1112 5435 1181 5495 in
1226 5434 1508 5495 Psalmos
1540 5433 1834 5495 llomiliw
1877 5441 1931 5492 et
1980 5433 2317 5494 Orationes
2345 5432 2590 5493 Joanni
2623 5431 3071 5512 iChrysostomo
3127 5430 3461 5512 adscripta:
3510 5451 3589 5491 ea:

394 5509 958 5594 aliorum—Patrum
985 5522 1041 5574 et
1069 5514 1469 5594 Scriptorum
1511 5513 2071 5574 ecclesiasticarum
2116 5512 2572 5573 commentariis
2617 5509 2961 5572 homiliisvc
3011 5509 3083 5570 in
3116 5509 3398 5572 Psalmos
3429 5530 3591 5571 con-

392 5595 723 5655 sarcinata:
745 5593 1007 5673 fuerint.

391 5695 644 5756 Novum
670 5698 841 5753 certe
872 5692 1306 5770 spectaculum
1329 5690 1680 5763 oﬂ‘erimus,
1712 5710 1855 5753 cum
1885 5691 2118 5772 Spuria
2149 5693 2213 5754 in
2230 5693 2561 5772 Psalmos,
2594 5694 2657 5751 et
2684 5691 2916 5772 Joanni
2936 5691 3396 5772 Chrysostomo
3424 5690 3586 5772 falso

318 5774 640 5853 adscripta
667 5772 857 5834 simul
885 5768 1151 5835 edimus.
1186 5772 1279 5834 lbi
1305 5773 1478 5834 enim
1508 5774 1690 5837 varia
1738 5768 2033 5834 fraudum
2075 5791 2313 5852 genera
2348 5771 2882 5850 deprehendimus
2904 5816 2920 5846 ,
2952 5768 3100 5833 dum
3145 5772 3253 5834 alii
3300 5786 3451 5832 suas
3482 5768 3586 5831 vel
