4032 6284
276 341 359 398 .53
1712 329 2096 394 summo.
3480 357 3548 412 δι

273 466 431 536 plen
460 449 529 509 in
558 445 728 536 serie
762 460 1220 536 gerrae-inaruit)
1248 444 1329 536 in_
1352 445 1643 536 Eltlitione
1666 446 2025 536 Nivelliana
2048 445 2604 536 deprehendimus.
2640 448 2880 536 listun
2912 453 3131 536 eadem
3178 458 3320 536 Ipsa,
3358 475 3549 536 qua...

274 528 454 590 inter
479 528 705 605 spuria
731 523 852 586 nos
874 523 1185 585 edidimus
1212 524 1360 605 _col.
1389 524 1528 583 (375.
1564 527 1714 585 Post
1743 525 1917 605 illam
1948 523 2147 589 cxvui
2179 525 2473 605 sequitur
2502 523 2923 590 Oratiuncula
2952 532 3012 589 in
3045 523 3219 590 illud'
3245 552 3259 591 :
3289 523 3557 596 Βοήιεη-

277 617 398 666 lem
425 603 802 688 fecistigcum
828 622 1002 688 servo
1034 611 1172 688 tuo:
1204 603 1477 688 Domine.
1528 604 1753 688 Nescio
1781 603 1971 688 unde
2002 611 2270 688 excepta
2306 604 2534 688 fuerit,
2584 606 2754 688 quod
2788 607 3001 688 ipsum
3045 610 3185 668 dico
3234 611 3311 671 de
3341 615 3557 687 simili,

275 682 590 764 quae'post
613 684 1101 768 Expositionem
1135 683 1365 742 Psalmi
1397 683 1723 743 centesimi
1755 682 1924 743 tertii
1953 682 2229 744 habetur
2252 684 2319 743 in
2350 684 2483 745 haec
2517 686 2735 757 verba,
2773 682 2922 748 Non
2950 689 3141 748 intres
3164 690 3231 749 in
3246 682 3561 768 judicium

279 783 418 824 cum
445 762 625 826 servo
659 773 765 824 tuo
797 810 810 830 ,
854 762 1137 822 Domine.

359 843 729 904 Secundum
760 843 890 902 hm
918 841 1199 900 occurrit
1225 841 1501 901 Homilia
1535 841 1598 899 in
1630 840 1808 911 illud,
1852 840 2115 901 Adstitit
2143 843 2362 920 regina
2402 862 2440 901 a
2481 842 2724 904 dextris
2756 845 2911 911 tuis,
2949 863 3093 920 quae
3142 849 3235 906 est
3278 848 3560 910 secunda

275 921 357 981 de
384 920 1068 1000 EutroploiEunucho,
1094 937 1291 1000 quam
1323 920 1631 1000 edidimus
1674 922 1875 980 Tomo
1928 922 2136 980 tertio.
2195 921 2433 982 Deinde
2473 922 2751 983 Homilia
2790 923 2853 982 in
2902 924 3081 994 illud,
3133 926 3558 985 Verumtamen

273 1019 435 1061 vane
469 998 892 1061 conturbatur
919 1001 1114 1060 omnis
1138 998 1342 1064 homo,
1373 1017 1569 1076 quam
1608 999 1776 1059 inter
1804 1000 2022 1077 spuria
2052 1001 2518 1078 ablegavimus.
2550 1002 2778 1063 Postea
2806 1002 3086 1065 Humilia
3128 1005 3197 1062 in
3231 1004 3421 1077 illud,
3462 1006 3560 1067 Ne

278 1080 570 1140 timueris
600 1098 739 1140 cum
768 1078 936 1139 dives
963 1080 1168 1156 factus
1197 1078 1389 1156 fuerit
1417 1078 1619 1144 homo,
1666 1078 1831 1138 inter
1859 1079 2175 1156 genuinas
2205 1080 2399 1149 edita,

278 1165 309 1234 ς
338 1158 544 1220 XVI].
570 1194 647 1203 ——
669 1157 988 1237 Opuscula
1016 1157 1083 1217 in
1116 1157 1394 1240 Psatmos
1421 1176 1553 1235 qum
1582 1156 1997 1240 Chrysostomi
2027 1159 2273 1240 nomine
2302 1160 2369 1220 in
2390 1159 2852 1240 Monuscriptis
2889 1160 3257 1240 quibusdam
3293 1164 3554 1224 circum-

1237 1237 1552 1315 feruntur,
1585 1237 1869 1296 consutto
1900 1256 1937 1296 a
1962 1236 2141 1297 nobis
2160 1239 2598 1315 preetermissa.

357 1317 527 1390 Quid
556 1333 770 1377 causae
795 1315 878 1396 sit
904 1313 1083 1396 quod
1102 1313 1533 1396 tot__tantaque
1561 1315 1829 1375 Joannis
1865 1316 2061 1375 nostri
2114 1313 2373 1396 nomine
2403 1318 2707 1396 insignita
2737 1319 3052 1396 opuscula
3102 1326 3445 1381 occurrant
3486 1321 3550 1380 in

274 1395 784 1473 Manuseriptis,
827 1394 996 1455 haud
1016 1393 1279 1473 difﬁcile
1307 1400 1404 1455 est
1431 1396 1740 1472 augurari
1786 1414 1800 1451 :
1834 1412 1966 1470 quo
2008 1394 2214 1473 major
2261 1396 2430 1454 enim
2472 1393 2611 1455 erat
2638 1393 2799 1457 tanti
2846 1398 2961 1458 viri
3015 1400 3431 1471 existimatio,
3481 1417 3557 1459 eo

275 1476 512 1555 majori
545 1472 758 1555 studio
789 1473 969 1555 multi
1000 1472 1437 1555 Chrysostomi
1470 1473 1731 1555 nomine
1761 1473 2072 1555 Opuseula
2104 1472 2376 1555 quaeque
2408 1476 2858 1546 venditabant;
2906 1479 3316 1555 maximeque
3358 1479 3552 1538 libra-

276 1552 530 1631 rii,‘qui
570 1552 937 1631 hujusmodi
968 1558 1217 1632 quaestu
1248 1552 1485 1612 victum
1515 1554 1852 1629 parabant.
1886 1552 1953 1612 In
1986 1553 2270 1612 Psalmos
2301 1561 2515 1614 autem
2553 1556 2833 1616 maxime
2869 1552 3375 1632 Explanationes
3410 1559 3553 1616 Ho-

275 1633 605 1710 miliaeque
628 1636 1004 1715 comparent
1034 1631 1297 1715 ubique,
1333 1648 1480 1715 qua:
1527 1648 1866 1715 germanas
1912 1632 2328 1715 sincerasque
2373 1633 2542 1715 mole
2581 1639 2777 1715 atque
2826 1631 3098 1694 numero
3137 1636 3326 1715 longe
3345 1654 3552 1715 supc-

273 1718 468 1770 rant:
499 1708 733 1789 praeter
764 1708 1841 1790 illamenimSpuriorum'sylvam,
1879 1727 2073 1786 quam
2120 1710 2220 1790 hic
2245 1708 2824 1787 proferimusfalia
2871 1730 2998 1772 non
3044 1708 3554 1790 paucavoll'entli-

275 1808 449 1862 mus,
479 1788 626 1867 quae
656 1788 1231 1868 supposititia‘sine
1255 1788 1457 1868 dubio
1487 1794 1660 1857 sunt,
1685 1806 1959 1865 quaeque
2001 1789 2295 1849 consulto
2326 1791 2894 1866 praetermittimus,
2934 1810 3014 1851 ne
3046 1788 3180 1868 jam
3225 1793 3389 1851 male
3438 1810 3552 1852 au-

273 1876 451 1929 ctum
479 1866 541 1929 S.
575 1870 901 1929 doctorem
935 1866 1118 1948 novis
1154 1867 1521 1948 quisquiliis
1554 1885 1919 1948 oneremus.
1946 1867 2023 1948 In
2051 1868 2490 1946 Manuscripto
2521 1874 2694 1930 certe
2724 1871 2921 1948 Regio
2943 1866 3099 1929 1962
3126 1889 3239 1930 seu
3261 1871 3554 1931 Homilizo

275 1966 395 2008 seu
426 1949 655 2009 breves
683 1946 1191 2027 Explanationes
1222 1947 1572 2027 habentur,
1594 1946 1909 2027 indignae
1930 1946 2411 2025 Chrysostomo,
2445 1965 2521 2009 ac
2555 1949 2656 2009 vel
2694 1946 2845 2027 ipsa
2868 1950 3176 2010 brevitate
3217 1958 3553 2027 suspectae.

273 2043 558 2103 quarum
590 2027 695 2086 hic
721 2025 1085 2103 catalogum
1119 2041 1247 2083 non
1276 2024 1726 2101 proferendum
1756 2024 2083 2084 duximus.

360 2105 521 2165 Cum
560 2107 776 2165 Romae
806 2122 1013 2164 essem
1045 2104 1231 2182 annis
1262 2105 1343 2164 ab
1374 2103 1523 2163 hinc
1553 2103 1773 2181 viginti
1810 2104 2125 2182 quinque,
2172 2104 2436 2165 schedas
2481 2105 2794 2182 quasdam
2825 2109 3052 2168 nactus
3096 2124 3264 2180 sum,
3296 2107 3406 2166 ubi
3435 2125 3553 2167 ex-

277 2185 533 2261 scripta:
564 2202 644 2244 ex
674 2183 1071 2243 Bibliotheca
1100 2181 1669 2262 Scorialensipene
1698 2181 1935 2242 eadem
1961 2199 2105 2258 quae
2137 2182 2198 2241 in
2226 2181 2667 2262 Manuscripto
2696 2185 2894 2262 Regio
2918 2184 3232 2244 Homiliaa.

355 2260 505 2324 Haec
533 2269 594 2323 et
623 2263 823 2324 multa
864 2262 992 2323 alia
1040 2262 1263 2338 spuria
1310 2260 1671 2339 rejecimus,
1703 2266 2127 2337 auctoresque
2157 2278 2378 2321 sumus
2413 2261 2489 2320 iis
2516 2262 2625 2338 qui
2653 2260 2950 2325 emendis
2986 2268 3273 2323 veterum
3299 2262 3550 2338 scriptis

272 2342 429 2403 dant
460 2358 747 2419 operam,
780 2346 851 2401 ut
880 2341 933 2402 si
963 2341 1028 2398 in
1055 2357 1169 2419 eas
1193 2340 1562 2417 similesque
1590 2357 1832 2400 merces
1858 2339 2163 2419 incidant,
2191 2355 2279 2419 ne
2305 2356 2414 2400 eas
2443 2341 2679 2417 publici
2706 2340 2869 2418 juris
2900 2340 3155 2401 faciant.
3188 2341 3351 2414 Quid
3382 2342 3551 2401 enim

272 2418 691 2482 emolumenti
711 2437 794 2479 ex
813 2418 1173 2499 hujusmodi
1193 2419 1557 2496 quisquiliis
1577 2419 1941 2499 reipublicae
1963 2418 2260 2499 literariae
2276 2419 2568 2499 accedat?
2582 2419 2764 2480 Certe
2778 2420 3051 2480 Savilius
3071 2420 3347 2499 plurima
3371 2437 3553 2496 spon-

273 2505 339 2559 te
364 2499 607 2578 rejecit,
636 2496 915 2576 quorum
937 2497 1122 2578 initia
1145 2501 1395 2558 tantum
1423 2497 1717 2578 protulit;
1738 2503 1930 2578 atque
1951 2497 2245 2578 consulto
2265 2496 2536 2578 fecisset,
2555 2499 2605 2559 si
2623 2499 2823 2561 multa
2845 2499 3002 2571 alia,
3024 2496 3167 2578 qua;
3185 2498 3349 2577 typis
3376 2514 3552 2558 mth

271 2575 467 2648 davit,
498 2579 563 2638 in
595 2575 873 2638 tenebris
896 2576 1294 2656 reliquisset,
1316 2581 1387 2635 ut
1418 2576 1552 2656 ipse
1582 2575 1932 2656 aliquando
1978 2575 2185 2636 fassus
2214 2581 2330 2656 est.
2361 2577 2557 2638 Nobis
2593 2583 2807 2639 autem
2858 2575 3086 2656 religio
3128 2575 3245 2637 fuit
3287 2593 3366 2656 ea
3409 2594 3551 2637 om—

274 2658 383 2718 nia
429 2658 763 2734 publicare
797 2655 1076 2734 qum_vel
1106 2654 1381 2734 Savilius
1426 2655 1525 2715 vel
1572 2656 1813 2714 Fronto
1854 2655 2125 2715 Ducaaus
2156 2654 2534 2734 ediderunt:
2569 2658 2651 2716 ab
2685 2656 2828 2716 aliis
2873 2654 3089 2717 autem
3132 2655 3346 2715 multis
3385 2672 3550 2732 epu-

270 2731 468 2827 scalis
500 2736 744 2797 nullius
774 2731 988 2813 pretii,
1021 2734 1141 2795 etsi
1175 2733 1615 2813 Chrysostomi
1642 2750 1876 2794 nomen
1907 2750 2037 2810 pra!
2067 2752 2136 2795 se
2170 2732 2414 2807 ferant,
2460 2734 2862 2812 publicandis
2909 2735 3356 2797 abstinendum
3397 2731 3549 2795 ceu-

272 2833 550 2875 sunmus.

283 3051 367 3063 .—

1509 3194 2107 3339 Qtottectio
2187 3181 2252 3253 “"

269 3620 586 3681 Divinitus
617 3617 1083 3696 inspiratorum
1142 3614 1541 3677 Psalmorum
1598 3613 1775 3696 beati
1812 3628 1889 3674 ac
1934 3610 2147 3696 sancti
2206 3610 2492 3696 Davillis,
2520 3626 2697 3696 quos
2743 3612 3006 3696 sanctus
3035 3616 3218 3689 pater
3280 3619 3525 3696 noster,

349 3715 624 3777 magnus
666 3689 949 3756 Joannes
977 3695 1473 3777 Chrysostomus
1505 3693 1807 3777 exposuit
1838 3696 1900 3752 et
1932 3691 2402 3777 interpretatus
2439 3694 2582 3777 es_t_,_
2600 3689 2946 3777 occultavit
2999 3696 3214 3777 autem
3248 3692 3366 3777 vel
3391 3712 3537 3777 per—

342 3768 503 3837 didit
527 3781 980 3852 cum'tempus
1023 3768 1276 3852 ipsum,
1317 3777 1453 3852 tum
1507 3768 1951 3852 imperitorum
2000 3768 2631 3852 hominum‘invidia
2678 3768 2834 3827 :sed
2887 3769 3249 3832 novissimis
3308 3768 3535 3852 diebus

345 3875 495 3917 cum
528 3854 624 3913 vir
648 3847 912 3931 quidam
944 3847 1087 3931 pius
1117 3859 1178 3913 et
1203 3851 1438 3913 Christi
1471 3847 1951 3931 amantissimus
2000 3849 2114 3907 hos
2133 3847 2649 3931 perquisivisset,
2676 3852 2737 3906 et
2767 3853 3096 3931 tamquam
3127 3850 3539 3911 emendieas—

346 3942 465 4004 set,
492 3927 686 3994 antea
708 3927 1060 4010 dispersos,
1090 3935 1441 4010 praesentes
1486 3930 1659 4010 solos
1705 3927 2194 4010 collegit,_et_in
2242 3944 2450 4010 unum
2495 3927 2732 4010 librum
2781 3928 3135 4010 compegit__:
3169 3946 3332 4005 quos
3365 3947 3539 4010 nunc

351 4014 523 4074 velut
557 4012 621 4071 in
648 4004 972 4072 communi
1004 4004 1229 4071 mensa
1265 4008 1701 4086 spiritualium
1729 4004 1975 4087 ejus'ac
2001 4005 2367 4066 divinorum
2395 4004 2806 4084 eloquiorum
2830 4004 3227 4067 amatoribus
3252 4008 3537 4084 apponit,

348 4099 406 4153 et
430 4090 685 4164 invitat,
722 4096 796 4152 ut
824 4090 902 4151 iis
934 4087 1175 4152 affatim
1204 4106 1274 4149 se
1303 4088 1646 4149 oblectent.

267 4280 512 4336 I’salmus
538 4287 775 4349 quartus.
1065 4274 1207 4329 Psal.
1247 4272 1477 4328 XLVIII.
1934 4271 2072 4325 Psal.
2114 4269 2320 4326 CXXII.
2743 4270 2885 4325 Psal.
2925 4269 3231 4326 CXXXVII.

269 4373 512 4428 Psalmus
550 4371 781 4441 quintus.
1071 4367 1210 4422 Psal.
1251 4364 1437 4422 XLIX.
1930 4363 2068 4418 Psal.
2110 4362 2343 4418 CXXIII.
2741 4361 2886 4415 Psal.
2928 4361 3255 4419 CXXXVIII.

268 4465 411 4519 Psal.
458 4461 542 4517 VI.
1072 4460 1213 4515 Psal.
1245 4458 1426 4512 CVIII.
1926 4453 2065 4508 Psal.
2105 4451 2337 4507 CXXIV.
2734 4449 2876 4504 PsaI.
2917 4450 3202 4506 CXXXIX.

268 4555 412 4610 Psal.
457 4552 568 4609 VII.
1069 4549 1211 4605 Psal.
1252 4548 1385 4604 CIX.
1923 4544 2059 4599 Psal.
2107 4543 2315 4599 CXXV.
2736 4541 2877 4596 Psal.
2918 4542 3075 4596 CXL.

268 4647 411 4700 Psal.
455 4644 586 4699 VIII.
1068 4641 1208 4696 Psal.
1249 4639 1365 4693 CX.
1921 4636 2061 4690 Psal.
2102 4634 2334 4690 CXXVI.
2729 4632 2873 4687 Psal.
2915 4632 3094 4687 CXLI.

269 4743 413 4797 Pszil.
458 4740 550 4794 IX.
1068 4736 1209 4792 Psal.
1248 4733 1384 4788 CXI.
1921 4727 2062 4782 Psal.
2103 4724 2356 4781 CXXVII.
2735 4723 2876 4778 Psal.
2918 4723 3121 4778 CXLII.

271 4833 412 4887 I’sal.
462 4831 532 4885 X.
1072 4828 1214 4883 PsaI.
1251 4824 1415 4879 CXII.
1922 4820 2061 4874 Psal.
2105 4817 2381 4873 CXXVIII.
2732 4816 2872 4870 Psal.
2912 4813 3136 4869 CXLIII.

268 4924 413 4978 Psal.
456 4921 548 4975 XI.
1070 4918 1206 4973 Psal.
1241 4914 1423 4971 CXIII.
1922 4912 2062 4966 Psal.
2100 4910 2337 4966 CXXIX.
2733 4909 2873 4964 Psal.
2915 4906 3146 4963 CXLIV.

270 5013 411 5068 l‘snl.
454 5011 572 5066 XII.
1072 5010 1212 5065 Psal.
1246 5007 1429 5063 CXIV.
1921 5001 2062 5057 Psal.
2104 5002 2321 5057 CXXX.
2737 5001 2878 5055 Psnl.
2919 4999 3121 5054 CXLV.

272 5104 416 5159 I’sal.
455 5103 605 5159 XLI-
924 5092 939 5103 ’
1069 5103 1209 5158 Psal.
1251 5104 1410 5158 CXV.
1920 5094 2063 5149 Psal.
2104 5093 2339 5149 CXXXI.
2736 5090 2878 5145 I‘sal.
2917 5091 3148 5161 CXLVI.

274 5198 414 5252 l’sal.
454 5195 640 5254 XLIII.
1071 5196 1212 5251 Psal.
1254 5195 1437 5251 CXVI.
1920 5187 2062 5242 Psal.
2104 5186 2368 5241 CXXXII.
2734 5183 2873 5238 Psal.
2916 5183 3168 5237 CXLVII.

275 5288 413 5341 Paul.
454 5286 636 5342 XLIV.
1071 5285 1213 5340 Psal.
1254 5285 1463 5341 CXVII.
1920 5278 2057 5333 Psal.
2100 5276 2384 5332 CXXXIII.
2735 5273 2875 5326 Psul.
2915 5271 3190 5327 CXLVIII.

275 5380 421 5434 l’sal.
462 5380 621 5435 XLV.
1073 5378 1214 5433 Psal.
1258 5378 1442 5433 CXIX.
1922 5370 2062 5424 Psal.
2104 5366 2388 5421 CXXXIV.
2729 5364 2871 5418 Psal.
2913 5361 3146 5415 CXLIX.

276 5473 415 5527 Psal.
454 5472 638 5527 XLVI.
1070 5471 1212 5526 Psal.
1253 5471 1416 5527 CXX.
1922 5463 2062 5517 I’sal.
2104 5458 2364 5514 CXXXV.
2730 5454 2868 5508 Psal.
2912 5452 3019 5507 CL.

278 5563 415 5618 I‘sal.
450 5563 652 5619 XLVII.
1070 5562 1212 5618 Psal.
1253 5561 1440 5617 CXXI.
1924 5556 2066 5610 Psal.
2106 5551 2390 5608 CXXXVI.

345 5742 421 5814 (η)
454 5743 577 5797 IImC
603 5741 998 5813 prtemittuntur
1023 5740 1079 5795 in
1105 5738 1271 5795 Edilis
1293 5737 1460 5794 Savil.
1488 5747 1539 5794 et
1566 5734 1746 5791 Morel.
1775 5742 2005 5804 suntun
2031 5745 2058 5784 ει
2081 5729 2309 5800 quodam
2342 5745 2444 5783 nnn
2478 5726 2692 5781 indocto
2720 5727 2832 5781 viro
2860 5725 3153 5784 observata.
