4032 6284
506 329 3743 387 m

1399 505 1808 596 SANCTI
1906 506 2323 599 PATRIS
2396 511 2835 604 NOSTBI

878 703 1746 862 JOANNIS
1890 710 3355 875 CHRYSOSTOM]

1287 959 1382 1013 AR
1404 958 1921 1015 ClllEPISCOPl
1984 960 2958 1022 CONSTANTINOPOLITANI

1627 1121 2055 1225 ΟΡΕΡιΑ
2131 1123 2586 1230 ΟΜΝΙΑ.

1959 1317 2260 1332 .__,._.._____

912 1480 998 1535 IN
1042 1478 1398 1536 PSALMUM
1440 1476 1537 1532 lll
1568 1478 1665 1549 (a).

483 1572 714 1626 Paulinus
754 1572 945 1635 David,
991 1588 1105 1624 cum
1134 1573 1324 1641 {ngeret
1354 1587 1384 1622 a
1405 1570 1537 1641 [acie
1564 1568 1804 1623 Absalom
1832 1569 1926 1637 ﬁlii
1958 1570 2054 1622 sui.

551 1665 779 1731 Domine,
809 1664 928 1735 quid
953 1663 1270 1732 multiplicati
1294 1670 1407 1715 sunt
1430 1661 1515 1728 qui
1542 1660 1780 1714 tribulam
1804 1677 1882 1714 me
1913 1660 1983 1730 (υ.
2008 1662 2056 1714 Ι.

542 1754 667 1825 2;?

545 1867 776 1920 Ducibus
838 1865 1116 1919 victoriam
1156 1864 1459 1933 assequutis
1506 1878 1660 1933 reges
1714 1861 2059 1931 triumphales

472 1965 677 2025 ponunt
703 1964 904 2009 statuas
936 1973 949 2007 :
977 1953 1175 2023 aurigis
1204 1969 1329 2007 vero
1355 1963 1407 2007 et
1433 1952 1647 2007 athletis
1670 1953 1686 1983 ¹
1721 1951 1976 2020 imagines
2004 1961 2057 2005 et

471 2046 747 2100 columnas
797 2060 982 2099 eorum
1008 2045 1243 2098 victoria:
1276 2051 1438 2097 testes
1476 2043 1709 2097 excitant
1750 2041 2015 2111 principes
2039 2081 2054 2106 ,

470 2144 525 2190 et
574 2136 917 2206 inscriptione
963 2145 1228 2206 tamquam
1267 2150 1361 2188 ore
1408 2134 1678 2199 efficiunt,
1734 2142 1793 2187 ut
1836 2135 2055 2187 materia

467 2228 742 2282 victoriam
791 2226 1068 2296 pratdicet.
1116 2224 1221 2279 Alii
1264 2239 1449 2280 rursus
1478 2225 1530 2277 in
1583 2223 1730 2278 libris
1759 2231 1815 2278 et
1842 2224 2054 2293 scriptis

470 2322 730 2377 victorum
761 2321 970 2376 laudem
999 2320 1342 2385 describunt,
1375 2334 1497 2374 suas
1529 2319 1583 2373 in
1626 2317 1889 2373 laudando
1913 2319 2055 2372 vires

468 2415 566 2480 iis,
593 2414 681 2485 qui
726 2413 1032 2477 laudantur,
1068 2412 1298 2480 majores
1325 2410 1566 2464 volentes
1610 2408 1914 2464 ostendere.
1963 2408 2054 2462 Pi-

465 2518 642 2559 ctores
670 2514 837 2570 certe,
869 2502 1128 2565 statuarii,
1162 2501 1490 2570 sculptores,
1521 2502 1731 2570 populi,
1764 2500 2050 2571 principes,

468 2595 708 2649 civitates
727 2636 740 2659 ,
772 2602 826 2649 et
853 2595 972 2664 pagi
1001 2593 1233 2648 victores
1275 2592 1605 2646 admirantur
1634 2609 1647 2645 :
1690 2606 1848 2647 nemo
1876 2601 2053 2646 autem

469 2686 746 2757 fugientis,
792 2686 1011 2755 ejusque
1038 2684 1129 2755 qui
1176 2698 1279 2738 non
1309 2683 1503 2738 bellum
1546 2683 1742 2753 gessit,
1771 2683 2054 2753 descripsit

467 2777 767 2846 imaginem,
793 2786 848 2829 ut
872 2791 1012 2829 nunc
1033 2774 1213 2828 David.
1242 2774 1336 2829 Est
1353 2780 1495 2829 enim
1526 2776 1570 2828 I.
1598 2773 1837 2829 Psnlmus
1860 2774 2050 2841 Dauid,

465 2867 584 2920 dum
611 2870 800 2936 fugeret
827 2883 860 2919 a
887 2866 1016 2934 facie
1042 2865 1304 2918 Absalonis
1333 2866 1431 2932 ﬁlii
1458 2865 1557 2918 sui.
1606 2866 1667 2917 Et
1695 2865 1906 2934 quando
1932 2866 2050 2919 lau-

464 2958 532 3011 de
557 2967 745 3028 dlgnus
770 2968 852 3012 est
878 2960 966 3026 qui
986 2955 1115 3026 fugit
1140 2957 1165 3009 ?
1227 2956 1440 3025 quando
1482 2956 1673 3025 dignus
1711 2966 1796 3012 est
1842 2958 2054 3013 habitus

465 3059 654 3111 exsul,
681 3060 833 3115 cujus
863 3061 1058 3099 nomen
1086 3045 1501 3099 inscriberetur?
1543 3045 1814 3116 Fugitivos
1843 3048 2053 3117 scriptis

466 3135 635 3190 literis
670 3144 1087 3204 persequuntur,
1139 3149 1245 3187 non
1291 3133 1554 3187 honorant
1595 3135 2047 3204 inscriptionibus.

465 3225 572 3281 Sed
621 3225 859 3290 disce,o
912 3223 1110 3290 frater,
1141 3238 1361 3278 causam
1411 3223 1884 3293 inscriptionis,et
1934 3228 2052 3281 ani-

464 3332 602 3370 mam
636 3327 775 3371 tuam
801 3315 854 3368 in
886 3322 999 3368 tuto
1022 3315 1263 3379 colloca;
1316 3314 1385 3367 sit
1412 3313 1505 3368 tibi
1538 3314 1772 3370 historiae
1815 3310 2052 3373 narratio

462 3408 583 3461 vita:
613 3418 718 3460 tum.
760 3406 1021 3461 correctio
1049 3422 1064 3471 ;
1098 3407 1165 3459 sit
1187 3405 1311 3474 justi
1343 3407 1688 3476 persequutio
1717 3406 1911 3463 mentis
1942 3417 2050 3464 sta-

464 3498 814 3551 bilimcntum.
843 3496 998 3550 Disce
1022 3511 1118 3549 cur
1149 3495 1399 3550 Davidem
1427 3509 1846 3567 persequeretur
1874 3498 2047 3554 Ahsa—

465 3592 594 3648 lum,
619 3594 814 3639 utcnm
836 3600 935 3640 ceu
961 3587 1037 3641 rei
1055 3586 1467 3648 fundamentum
1502 3592 1769 3650 inveneris
1794 3635 1812 3662 ,
1859 3590 2050 3651 timore

460 3681 671 3736 Domini
691 3681 993 3736 tediliceris.
1020 3680 1480 3750 Quemadmodum
1521 3683 1663 3737 enim
1692 3683 1892 3754 absque
1917 3685 2040 3740 fun-

461 3776 716 3827 damento
762 3771 994 3827 invalida
1041 3781 1097 3827 et
1135 3773 1397 3829 imbecilla
1439 3782 1526 3830 est
1577 3776 1899 3832 mdilicatio:
1941 3779 2042 3843 ita,

462 3868 561 3921 nisi
592 3867 805 3921 invento
830 3880 993 3935 scopo
1020 3881 1083 3920 ac
1109 3865 1379 3929 instituto,
1422 3865 1694 3936 Scriptura
1718 3878 1799 3923 est
1827 3869 2044 3925 inutilis.

532 3956 789 4010 Probatur
813 3957 965 4009 variis
992 3955 1275 4025 Scriptura:
1320 3973 1480 4012 sacra:
1508 3960 1763 4013 sententiis
1787 3968 1837 4015 et
1877 3978 2047 4015 exem-

461 4052 558 4120 plis
583 4049 742 4104 Deum
771 4049 992 4102 dissidiis
1013 4048 1300 4101 domesticis
1317 4088 1334 4115 ,
1365 4049 1636 4106 rebellione
1657 4061 2001 4106 creaturarum
2027 4094 2041 4119 ,

458 4155 505 4196 et
539 4143 768 4197 omnibus
808 4141 957 4194 malis
984 4140 1056 4193 uti
1079 4140 1132 4194 in
1159 4155 1357 4210 plenam
1381 4144 1587 4207 peccati.
1607 4142 1836 4199 ——Beati
1877 4145 2040 4200 David

460 4234 547 4287 hic
574 4248 765 4303 scopus
790 4231 889 4287 fuit
918 4248 1012 4302 per
1036 4233 1365 4302 propositum
1408 4232 1673 4288 Psalmum
1700 4236 1861 4290 vitam
1890 4236 2043 4291 insti-

463 4336 613 4378 tuere
642 4333 696 4378 et
723 4323 984 4392 castigare
1007 4365 1022 4389 ,
1052 4333 1110 4378 ut
1133 4322 1261 4377 nihil
1291 4339 1525 4395 unquam
1554 4326 1680 4380 mali
1718 4325 1905 4395 faciat,
1946 4344 2045 4383 nec

459 4414 604 4482 leges
634 4413 724 4468 Dei
751 4422 1088 4479 contemnat,
1123 4429 1221 4469 nec
1248 4416 1514 4484 peccatori
1538 4431 1599 4470 ea
1621 4417 1898 4482 eveniant,
1926 4433 2045 4489 qua:

457 4505 556 4560 sibi
580 4513 887 4560 evenerunt.
913 4503 1170 4575 Fugiebat
1196 4505 1360 4560 lilium
1387 4521 1541 4561 suum
1568 4507 1733 4563 David
1750 4548 1767 4575 ,
1791 4510 2041 4578 quoniam

457 4598 754 4653 castitatem
782 4597 1019 4668 fugerat;
1052 4597 1286 4667 fugiebat
1329 4599 1492 4653 filium
1513 4642 1529 4662 ,
1572 4602 1823 4671 quoniam
1856 4602 2044 4658 matri-

456 4691 691 4745 monium
738 4688 983 4759 pudicum
1032 4690 1358 4756 violaverat;
1402 4691 1634 4761 fugiebat
1662 4694 1860 4761 filium,
1907 4711 2041 4765 quo-

458 4785 599 4837 niam
631 4783 802 4852 legem
834 4782 927 4837 Dei
956 4797 1075 4852 quze
1105 4781 1257 4848 dicit,
1301 4781 1423 4836 Non
1453 4784 1649 4838 occides
1670 4826 1685 4851 ,
1714 4801 1816 4839 non
1840 4788 2041 4842 adulte-

453 4875 586 4928 rabis
629 4873 930 4945 (Exod.20.
966 4873 1054 4928 l3.
1109 4874 1235 4945 i4),
1278 4873 1498 4943 fugerat.
1544 4876 1679 4941 Quia
1721 4876 1862 4931 enim
1908 4878 2037 4934 alie-

455 4983 576 5021 nam
634 4981 824 5036 agnam
892 4966 943 5018 in
1016 4964 1233 5019 domum
1298 4980 1448 5020 suam
1526 4967 1920 5052 introduxerat,
1988 4978 2045 5026 et

452 5058 570 5125 rjns
620 5065 887 5127 pastorem
933 5054 1302 5122 interfecerat,
1354 5057 1446 5127 qui
1491 5065 1607 5112 erat
1625 5072 1692 5113 ex
1736 5057 1896 5113 domo
1945 5075 2040 5116 sua

451 5163 619 5219 agnus
639 5189 654 5216 ,
684 5158 949 5218 pastorem
972 5162 1139 5203 cornu
1166 5147 1397 5217 petebat.
1424 5148 1625 5203 Aliente
1642 5147 1820 5203 domui
1841 5149 2038 5206 bellum

454 5240 656 5304 intulit,
693 5248 745 5295 et
771 5254 832 5293 ex
862 5237 1024 5294 domo
1072 5252 1164 5291 sua
1214 5238 1316 5309 ipsi
1364 5238 1560 5293 bellum
1607 5240 1892 5294 excitatum
1934 5250 2035 5297 est.

450 5331 567 5387 Non
615 5339 698 5386 est
745 5346 923 5385 meum
985 5330 1298 5400 cogitatum,
1357 5330 1521 5399 ipsius
1568 5329 1661 5386 Dei
1689 5330 1886 5386 dictum
1914 5340 2035 5388 est:

516 5427 531 5493 ξ
567 5422 623 5493 _In
643 5428 778 5493 ne_g.,
800 5420 1171 5493 militibus,pro,
1190 5419 1396 5493 athletis.
1440 5482 1467 5493 __

513 5484 586 5545 (α)
619 5482 780 5532 collati
823 5482 1160 5545 Commentarii
1206 5496 1314 5545 cuin
1359 5482 1532 5545 Codice
1578 5489 1694 5545 Reg.
1736 5483 1856 5533 1962
1891 5485 2039 5545 [nunc

447 5543 691 5617 (ἰλέηἷαυί
727 5543 1188 5617 φβὲῖθθέΤδδἯοξ
1207 5544 1257 5602 δ’
1282 5544 1331 5602 *ν
1357 5545 1403 5617 ἓν
1427 5544 1475 5616 62
1501 5545 1554 5617 72
1574 5543 1718 5617 θεῶν
1744 5545 1823 5617 μ’
1849 5543 2035 5617 ⁴δκ⁴δν

448 5604 745 5671 47;_'et'culn
764 5604 1038 5671 (zolbertino
1077 5605 1136 5653 10
1172 5606 1319 5671 [nunc
1358 5606 1506 5668 Regio
1535 5605 1677 5668 145],
1716 5608 1798 5671 qui
1836 5604 2037 5658 eosdem

449 5668 657 5731 Psalmos
680 5675 889 5731 excepto
912 5669 1065 5728 primo
1096 5668 1334 5731 continet,
1370 5679 1427 5717 ac
1466 5675 1707 5729 praeterea
1734 5668 1812 5731 19,
1854 5671 1932 5731 lt),
1958 5671 2034 5731 ll,

452 5731 550 5793 l2],
578 5729 635 5779 ιε
652 5738 701 5780 ει
730 5726 824 5776 l9.)

2176 1488 2261 1544 ubi
2288 1501 2464 1603 autem
2507 1498 2647 1556 Deus
2670 1512 2752 1558 est
2776 1506 2865 1576 qui
2910 1508 3314 1587 interpretatur,
3363 1536 3520 1581 nemo
3544 1537 3630 1584 est
3671 1535 3767 1603 qui

2169 1585 2516 1681 contradicat.
2562 1591 2712 1658 Quod
2739 1598 2880 1652 enim
2921 1602 3175 1661 adversus
3222 1585 3382 1667 David
3442 1615 3582 1674 ﬁlius
3626 1585 3769 1681 su'ns

2170 1669 2289 1725 ideo
2318 1675 2699 1753 insnrrcxerit,
2723 1692 2971 1758 quoniam
3005 1696 3183 1752 Uriam
3208 1701 3506 1776 interfecit,
3539 1723 3596 1766 et
3628 1732 3769 1770 uxo-

2169 1767 2424 1865 r‘e‘nrejus
2453 1776 2687 1845 accepit,
2720 1781 2841 1835 audi
2888 1784 3052 1840 Deum
3080 1805 3175 1857 per
3202 1767 3513 1865 prophetam
3544 1767 3763 1862 Natllan

2167 1851 2348 1957 Davidi
2370 1858 2653 1920 dicentem:
2676 1866 2788 1940 Ego
2813 1876 2942 1928 anxi
2958 1885 3002 1929 te
3021 1851 3187 1949 regem
3371 1851 3563 1957 Israel,

2166 1945 2296 2046 tede
2320 1964 2475 2003 manu
2516 1952 2714 2012 Saulis.
2756 1960 2871 2031 Ego
2901 1964 3019 2020 dedi
3050 1945 3141 2023 tibi
3161 1945 3331 2029 omnia
3357 1993 3471 2046 quia
3487 1945 3634 2038 erant

2163 2037 2289 2090 mini
2308 2041 2400 2107 tui,
2413 2052 2462 2096 et
2481 2045 2686 2101 domum
2711 2050 2884 2108 Saulis
2902 2065 2948 2110 et
2965 2057 2998 2111 J
3005 2060 3139 2116 uda:
3167 2071 3215 2117 et
3235 2066 3282 2119 si
3299 2037 3455 2137 parva
3475 2037 3602 2127 sunt
3621 2037 3758 2144 Illuc,

2161 2128 2401 2199 adjiciam
2417 2134 2508 2188 tibi
2520 2137 2600 2191 Iris
2615 2142 2777 2208 paria.
2789 2144 2959 2211 Quare
2967 2164 3084 2221 ergo
3097 2128 3439 2226 contempsisti
3455 2128 3757 2231 Dominum:

2164 2230 2220 2271 ut
2267 2225 2459 2290 faceres
2494 2229 2684 2284 malum
2727 2233 2781 2287 in
2809 2249 3076 2309 conspectu
3102 2259 3215 2299 meo
3236 2247 3261 2299 ?
3289 2225 3467 2304 Uriam
3495 2251 3759 2310 Heltwum

2161 2315 2446 2380 percussisti
2478 2318 2687 2390 gladio,
2714 2335 2762 2377 et
2787 2342 2993 2384 uxorem
3018 2332 3158 2389 illius
3185 2341 3423 2410 accepisti
3458 2344 3510 2398 in
3540 2362 3759 2403 uxorem

2160 2401 2266 2454 tibi.
2303 2403 2366 2457 Et
2400 2423 2534 2464 nunc
2564 2428 2665 2466 non
2693 2417 2888 2472 recedet
2913 2421 3115 2491 gladius
3140 2426 3203 2481 de
3228 2401 3378 2485 domo
3404 2442 3491 2487 tua
3517 2436 3570 2490 in
3599 2449 3759 2494 arter-

2161 2508 2282 2595 nuln
2315 2497 2406 2597 l2.
2441 2500 2570 2598 βαρ.
2603 2506 2690 2560 12.
2724 2509 2895 2581 7-H).
2935 2514 3174 2572 Alienam
3202 2520 3417 2580 domum
3454 2528 3639 2598 gladio
3668 2533 3756 2588 di-

2161 2584 2327 2679 visisti
2363 2606 2375 2640 :
2406 2591 2638 2661 gladium
2667 2598 2926 2659 adversus
2956 2614 3006 2660 te
3034 2606 3335 2669 fabricahor
3363 2616 3416 2670 in
3446 2584 3749 2679 domovtua.

2158 2672 2293 2730 Ecce
2319 2694 2410 2748 ego
2434 2686 2685 2742 suscitabo
2713 2690 2952 2750 adversus
2980 2706 3027 2752 te
3055 2702 3191 2754 mala
3215 2720 3278 2758 ea;
3300 2706 3450 2761 domo
3479 2719 3567 2764 tua
3595 2728 3614 2765 :
3641 2731 3751 2770 non

2157 2767 2370 2826 aliunde
2392 2814 2409 2837 ,
2448 2791 2547 2831 nec
2588 2778 2715 2834 foris
2737 2824 2753 2848 ,
2784 2786 2878 2840 sed
2913 2788 2992 2843 Ea:
3018 2791 3168 2847 domo
3196 2804 3301 2849 tua.
3334 2798 3485 2856 Unde
3513 2815 3594 2858 est
3630 2767 3753 2861 fons

2159 2862 2381 2965 peccati,
2415 2864 2559 2921 illinc
2585 2881 2667 2924 est
2694 2874 2847 2945 plaga
2875 2881 3139 2949 supplicii.
3168 2887 3298 2951 Quia
3328 2905 3454 2961 ergo
3482 2909 3511 2947 a
3543 2911 3751 2965 pra-ce-

2156 2958 2249 3050 pte
2274 2951 2480 3010 Domini
2510 2958 2756 3030 fugitivus
2780 2970 3035 3040 exsulque
3056 2973 3244 3043 fuerat,
3270 2951 3557 3050 propterea.
3576 2989 3749 3046 lilium

2156 3040 2681 3143 big-iebatLPsalmus
2721 3053 2889 3112 David
2924 3063 3045 3117 dum
3083 3040 3282 3137 fugeret.
3299 3088 3332 3125 a
3360 3040 3490 3143 facie
3516 3040 3748 3135 Absaio;

2156 3133 2253 3200 ﬁlii
2278 3136 2377 3188 sui.
2409 3137 2538 3193 Belli
2571 3147 2872 3204 narratione
2899 3133 3089 3209 melior
3115 3133 3198 3211 est
3223 3133 3379 3217 causa
3409 3165 3531 3220 belli
3558 3184 3747 3227 susce-

2157 3225 2251 3292 pti,
2286 3238 2343 3282 ut
2371 3243 2489 3284 cum
2511 3232 2639 3302 justi
2666 3236 2869 3306 lapsum
2901 3244 3208 3314 viderimus,
3238 3267 3518 3312 caveamus
3548 3275 3613 3315 ne
3643 3278 3742 3318 ca-

2152 3317 2361 3411 damus,
2395 3331 2450 3376 et
2478 3325 2739 3393 ejusmodi
2769 3336 3083 3403 supplicium
3114 3341 3390 3411 fugiamus.
3421 3348 3564 3405 Multi
3593 3317 3744 3409 enirn

2154 3408 2233 3461 vel
2263 3409 2314 3462 in
2347 3410 2658 3472 hodiernum
2687 3436 2853 3491 usque
2880 3424 3022 3481 diem
3053 3408 3185 3486 bella
3216 3433 3409 3492 habent
3435 3440 3485 3494 in
3511 3443 3741 3512 redihus,

2152 3508 2205 3552 et
2231 3498 2318 3555 hie
2341 3503 2554 3570 quidem
2585 3523 2921 3582 oppugnatur
2945 3518 3012 3571 ab
3043 3536 3226 3591 uxore,
3255 3525 3342 3581 ille
3370 3544 3495 3583 vero
3520 3498 3743 3590 obside:

2155 3598 2239 3643 tur
2267 3606 2295 3645 a
2338 3594 2447 3650 lilio
2477 3615 2490 3650 :
2519 3599 2651 3655 alius
2692 3612 2868 3660 autem
2898 3621 2927 3659 a
2958 3607 3153 3679 fratre,
3180 3622 3235 3669 et
3270 3618 3402 3675 alius
3432 3620 3680 3682 domatur
3707 3643 3740 3683 a

2150 3679 2368 3756 famulo,
2397 3696 2452 3741 et
2480 3692 2840 3764 unusquisque
2865 3698 3076 3768 angitur
3101 3711 3157 3758 et
3183 3704 3485 3779 afﬂictatur,
3517 3679 3736 3785 pugnat,

2151 3775 2347 3833 bellum
2376 3779 2532 3850 gerit,
2560 3789 2615 3837 et
2641 3782 2782 3840 bello
2807 3797 3060 3859 vexatur;
3091 3808 3154 3849 ac
3181 3812 3341 3853 nemo
3369 3775 3624 3860 subducta
3653 3775 3739 3863 ra;

2151 3868 2293 3924 tione
2318 3873 2457 3940 apud
2483 3890 2543 3930 se
2567 3876 2796 3948 cogitat,
2830 3880 2930 3937 nisi
2959 3896 3175 3954 peccata
3200 3892 3548 3961 seminasset,
3576 3914 3737 3956 nume

2150 3975 2306 4029 quam
2336 3962 2449 4021 fore
2477 3978 2532 4023 ut
2561 3969 2612 4024 in
2640 3971 2800 4030 domo
2823 3988 2917 4031 sua
2949 3978 3117 4047 spina:
3139 3991 3192 4036 et
3221 3983 3396 4041 tribuli
3423 3989 3734 4048 orirentur:

2150 4069 2248 4110 nec
2291 4057 2392 4112 nisi
2436 4071 2770 4129 peccatorum
2819 4068 3075 4126 scintillas
3131 4075 3481 4146 occultasset,
3513 4081 3737 4141 domum

2149 4147 2587 4219 conﬂagraturam
2612 4155 2793 4213 fuisse.
2824 4160 2974 4227 Quod
2999 4163 3142 4220 enim
3170 4175 3502 4235 peccatorum
3529 4173 3738 4235 fructus

2149 4235 2254 4291 sint
2281 4240 2417 4295 mala
2444 4246 2677 4314 propria,
2700 4257 2754 4303 et
2776 4248 3096 4311 domesticos
3120 4255 3335 4315 lictores
3360 4260 3500 4318 Deus
3526 4264 3581 4320 in
3607 4281 3737 4337 pec-

2148 4339 2356 4387 eatores
2381 4333 2634 4406 elegerit,
2668 4342 2816 4398 testis
2848 4351 2931 4399 est
2964 4345 3235 4418 Scriptura
3254 4391 3268 4415 ,
3293 4365 3401 4421 qua
3431 4354 3497 4409 ad
3527 4333 3733 4414 facien-

2148 4419 2270 4475 dam
2296 4422 2453 4479 fidem
2479 4427 2608 4482 nihil
2637 4439 2720 4485 est
2744 4432 2988 4493 validius.
3015 4435 3161 4494 Uxor
3186 4419 3362 4498 tecum
3401 4442 3595 4501 bellum
3633 4464 3728 4517 εε-

2146 4513 2237 4578 rit,
2261 4515 2499 4585 ingresso
2515 4526 2782 4588 tamquam
2805 4522 2913 4578 fera
2933 4529 3183 4596 occurrit,
3206 4531 3435 4602 linguam
3461 4513 3731 4608 tamquam

2147 4604 2377 4673 gladium
2402 4610 2582 4663 acuit?
2608 4611 2713 4667 Res
2735 4614 2949 4682 quidem
2988 4618 3142 4674 valde
3175 4623 3397 4678 molesta
3418 4667 3432 4689 ,
3461 4604 3605 4697 quod
3630 4643 3732 4683 au—

2147 4694 2375 4750 xiliatrix
2400 4698 2702 4756 adversaria
2725 4702 2858 4758 facta
2881 4706 2985 4760 sit:
3011 4710 3234 4778 teipsum
3264 4722 3436 4770 tamen
3461 4694 3732 4782 examina,

2147 4788 2399 4857 numquid
2430 4791 2481 4844 in
2507 4790 2786 4861 jnventute
2816 4797 2867 4851 in
2896 4801 3173 4856 mulierem
3199 4805 3322 4872 quid
3352 4810 3647 4875 attentaris,
3678 4819 3735 4864 et

2145 4878 2285 4947 quod
2330 4881 2536 4938 mulieri
2578 4900 2608 4940 a
2650 4895 2702 4942 te
2744 4888 2936 4944 vulnus
2967 4890 3220 4949 indictum
3248 4907 3360 4963 est,
3390 4910 3607 4955 curetur
3639 4917 3735 4971 per

2145 4969 2423 5027 mulierem
2445 5014 2460 5039 ,
2502 4983 2559 5030 et
2593 4976 2826 5033 alienum
2862 4980 3013 5037 ulcus
3060 4986 3270 5055 propria
3309 5004 3461 5058 uxor,
3492 4993 3732 5065 chirurgi

2145 5059 2319 5117 officio
2335 5062 2577 5135 fungens,
2601 5067 2913 5126 medicetur.
2943 5071 2998 5127 Id
3018 5078 3258 5144 quamvis
3275 5093 3394 5148 quae
3412 5090 3558 5135 secat
3581 5059 3732 5151 igno-

2143 5162 2258 5219 ret,
2296 5156 2443 5211 novit
2482 5166 2658 5214 tamen
2691 5160 2833 5215 Deus
2865 5162 3123 5219 medicus.
3153 5166 3273 5236 Ipse
3306 5170 3447 5225 enim
3485 5186 3546 5226 ea
3592 5181 3731 5227 tam-

2143 5259 2300 5313 quam
2336 5245 2480 5302 ferro
2518 5247 2772 5305 adversus
2801 5261 2852 5307 te
2880 5268 3005 5309 usus
3031 5262 3115 5310 est
3151 5274 3164 5311 :
3195 5266 3249 5311 et
3280 5259 3729 5327 quemadmodum

2143 5334 2343 5392 ferrum
2381 5338 2550 5394 nescit
2586 5340 2711 5409 quid
2740 5351 2887 5413 agat,
2920 5343 3149 5399 futuram
3185 5357 3359 5401 autem
3406 5365 3498 5418 per
3530 5350 3726 5407 ferrum

2142 5427 2404 5483 medelam
2434 5431 2580 5484 novit
2608 5432 2846 5489 medicus
2874 5453 2887 5490 :
2913 5436 2982 5489 ita
3011 5438 3173 5491 etiam
3197 5437 3320 5493 licet
3349 5439 3554 5512 ignoret
3587 5459 3730 5517 uxor

2142 5534 2260 5588 quae
2289 5518 2430 5587 ferit,
2462 5530 2517 5576 et
2545 5522 2764 5578 maritus
2790 5525 2878 5595 qui
2909 5524 3119 5594 feritur,
3150 5543 3365 5584 causam
3399 5531 3550 5601 ictus,
3586 5533 3727 5588 Deus

2144 5619 2320 5666 tamen
2360 5622 2416 5666 ut
2453 5612 2690 5669 medicus
2728 5616 2873 5669 novit
2905 5617 3032 5687 quid
3073 5617 3332 5675 conferat.
3356 5622 3515 5695 Quod
3547 5634 3724 5679 autem

2143 5702 2334 5757 mulier
2357 5703 2493 5758 mala
2522 5704 2591 5758 sit
2618 5714 2954 5775 peccatorum
2979 5708 3255 5781 colaphus,
3288 5715 3437 5772 testis
3462 5724 3543 5771 est
3574 5729 3724 5772 sacra
